1951 3071
135 181 188 213 889

553 183 754 214 SYNTAGMA
772 183 967 216 CANONUM.
979 196 1013 203 -
1027 185 1102 216 TIT.
1119 185 1204 222 XIII,
1220 185 1298 215 CAP.
1317 184 1344 215 Ι.

1720 181 1774 213 890

174 236 299 264 ΚΕΦΑΛ.
315 235 374 270 ις’.
390 251 426 258 -—
437 237 508 272 Περι
521 239 676 274 αιρετικῶν
688 242 924 276 μετανοούντων.

1013 242 1090 270 CAP.
1108 242 1179 270 XVI.
1196 256 1231 265 -—
1247 243 1286 270 De
1299 241 1431 270 htereticis
1444 241 1544 269 errori:
1563 240 1605 269 sui
1623 240 1773 275 ρωηίιεπιξ·

367 328 528 356 Βασίλειον
544 329 645 357 κανὼν
662 334 692 358 ε’.

172 371 203 400 ι’.
218 373 288 405 Τοὺς
302 373 331 401 δὲ
345 373 392 401 ἐπὶ
408 374 489 411 ἐξόδῳ
504 376 713 410 μετανοοῦντας,
730 386 759 406 κ.
777 387 803 406 τ.
818 378 845 406 λ.

176 466 324 501 ’ἀνάγνωθι
341 468 376 495 τὰ
392 469 650 505 παραγεγραμμένα
672 470 702 498 ὲν
723 470 762 507 τῷ
783 470 822 498 λα’
840 470 887 498 τοῦ
900 471 925 499 θ’

133 510 186 538 τίτ.
202 511 249 537 τοῦ
265 511 398 547 παρόντος
413 513 613 548 συντάγματος.

169 556 294 584 ΚΕΦΑΛ.
313 558 362 584 ΙΖ’.
380 573 415 579 ——
435 558 502 591 Πῶς
519 559 695 587 ἐκδικοῦσιν
716 560 744 588 ol
764 561 926 588 ἐπίσκοποι

132 601 204 635 τοὺς
223 602 403 637 ἁρμόζοντας
419 604 532 638 αὐτοῖς,
547 606 660 639 τόπους
678 606 758 641 παρὰ
771 607 926 641 αἱρετικῶν

132 648 363 683 κατεχομένους.
413 679 420 686 ,

202 695 337 722 Συνόδου
354 696 563 731 Καρθατέννης
576 705 676 724 κανων
698 697 759 733 ριθ’,
780 698 851 733 ρκα’.

166 739 236 774 Περὶ
248 740 304 768 τοῦ
316 740 370 768 ἐάν
383 750 452 768 τινα
469 741 622 775 διοίκησιν
634 743 669 775 ἐξ
683 743 825 777 αἰρέσεως
837 744 923 772 ἐλευ-

131 785 248 820 θερώσῃ
269 786 448 820 ἐπίσκοπος,
478 787 528 814 καὶ
549 788 600 815 ἐπὶ
621 789 752 824 τριετίαν
770 789 921 825 κατάσχῃ,

128 831 246 865 μηδένα
265 832 377 866 ταύτην
390 832 558 868 ἀναζητεῖν.

166 877 228 912 ριθ¹.
254 877 370 912 Ὁμοίως
392 878 500 914 ἤρεσεν,
521 879 565 906 ἵνα
581 879 629 907 ἐάν
647 889 689 912 τις
706 881 775 916 μετὰ
798 882 862 913 τοὺς
876 881 922 908 νό-

979 287 1039 316 bus.

1250 331 1348 360 Basilii
1365 339 1450 359 canon
1469 331 1497 359 5.

1012 378 1039 405 5.
1074 377 1221 405 Harretieos
1249 377 1278 404 in
1304 377 1380 404 exitu
1404 375 1623 412 paenitentiam,
1640 379 1705 406 etc.,
1740 378 1771 400 ut

975 429 1038 457 pag.
1054 421 1118 449 803.

1010 467 1080 503 Lege
1095 475 1157 502 quae
1169 467 1196 495 in
1212 468 1354 503 praesentis
1377 467 1468 502 operis
1481 474 1542 502 cap.
1557 467 1604 500 59,
1617 466 1659 493 tit.
1676 465 1703 498 9,
1719 464 1770 492 ad-

975 517 1068 540 notata
1086 516 1160 540 sunt.

1010 557 1091 592 ω2
1115 556 1192 584 CAP.
1213 555 1296 584 XVII.
1311 572 1347 577 —
1362 557 1500 590 Quomodo
1534 556 1650 591 episcopi
1682 554 1770 582 vindi-

975 608 1032 631 cent
1045 602 1203 638 pertinentia
1216 603 1250 629 ad
1271 611 1299 630 se
1320 603 1389 636 loca,
1404 611 1463 638 qua:
1488 602 1606 630 luerett'ci
1624 608 1767 636 occupaue-

975 650 1040 677 rint.

1061 693 1175 723 Concilii
1189 694 1407 730 Cartltaginemit
1419 701 1531 720 canones
1549 691 1613 724 H9,
1632 691 1695 718 HI.

1011 738 1045 766 Ut
1068 740 1092 766 si
1113 748 1193 775 quam
1213 740 1345 767 diwcesim
1369 739 1517 773 episcopus,
1535 737 1567 764 ab
1585 737 1678 764 literati
1702 735 1766 763 libe-

973 793 1047 818 rans,
1064 787 1177 814 triennio
1192 786 1348 822 possederit,
1368 784 1456 812 nullus
1473 792 1533 811 eam
1548 787 1659 818 repetat.

1009 880 1070 908 119.
1097 881 1163 908 Item
1178 881 1189 897 ⁸
1204 880 1314 915 placuit,
1338 883 1371 906 ut
1402 878 1508 906 etiamsi
1533 878 1678 913 quisquam
1703 880 1766 912 post

129 931 208 958 μους,
224 923 306 950 τόπον
317 923 380 951 τινὰ
393 925 462 961 πρὸς
478 925 527 962 τὴν
542 926 690 961 καθολικὴν
705 927 820 962 ἑνότητα
837 936 920 963 μετα-

983 934 1044 960 eges
1067 927 1185 961 aliquem
1205 926 1295 953 locum
1311 926 1344 953 ad
1360 925 1524 953 catholicam
1550 923 1681 950 unitatem
1697 929 1766 949 con-

129 968 244 1005 στρέψῃ,
263 970 310 996 καὶ
326 970 406 998 τοῦτο
425 971 472 998 ἐπὶ
489 972 609 1008 τριετίαν
624 972 738 1009 μηδενὸς
751 973 918 1009 ἀναζητοῦν-

126 1024 174 1047 τος
188 1015 331 1050 κατάσχοι,
344 1016 392 1043 τοῦ
408 1017 501 1044 λοιποῦ
517 1019 582 1054 παρ’
598 1018 681 1045 αὐτοῦ
697 1019 735 1055 μὴ
749 1019 918 1055 ἀναζητηοῇ,

126 1059 176 1086 ἐὰν
193 1060 286 1095 μέντοι
309 1060 385 1094 ὲντδς
404 1062 454 1097 τῆς
477 1063 562 1098 αὐτῆς
585 1063 706 1099 τριετίας
720 1064 843 1100 ὑπῆρχεν
857 1065 918 1092 ὲπί-

127 1113 230 1138 σκοπος
252 1107 266 1133 ό
280 1107 397 1141 ὀφείλων
413 1108 584 1144 ἀναζητῆσαι
599 1110 646 1137 καὶ
661 1110 798 1146 ἡσύχασεν
810 1119 817 1126 ·
844 1111 869 1138 εὶ
889 1111 919 1138 δὲ

127 1152 166 1188 μὴ
180 1151 225 1188 ἦν,
238 1155 457 1189 προκριματισθῇ
472 1155 501 1181 ὲν
513 1156 546 1190 τῇ
563 1155 676 1191 μάτρικι
686 1165 692 1172 ·
707 1156 765 1184 ἀλλ’
780 1157 825 1184 ὅτε
840 1157 854 1183 ό
868 1166 918 1192 χη-

126 1198 216 1235 ρεύων
232 1199 313 1229 τόπος
328 1199 398 1236 λάϐῃ
417 1200 575 1234 ἐπίσκοπον,
592 1202 651 1235 ἐξὸν
664 1203 706 1238 εῐη
721 1203 796 1238 αὐτῷ
811 1204 859 1230 ἀπ’
872 1204 918 1230 αὐ-

123 1245 175 1280 τῆς
188 1245 238 1280 τῆς
252 1245 358 1282 ἡμέρας
371 1245 446 1277 ἐντὸς
463 1247 583 1282 τριετίας
598 1248 781 1283 ἀναζητῆσαι,
801 1248 916 1284 Ὁμοίως

123 1290 153 1318 δὲ
164 1290 211 1318 καὶ
221 1290 270 1318 ἐὰν
281 1291 427 1324 ἐπίσκοπος
442 1293 474 1319 ὲκ
487 1293 542 1320 τῶν
555 1293 601 1320 τοῦ
614 1294 729 1321 Δονάτου
746 1294 837 1329 μερῶν
847 1294 916 1329 πρὸς

122 1335 174 1371 τὴν
188 1336 335 1371 καθολικὴν
353 1337 516 1374 ἐπιστρέψῃ,
540 1338 577 1373 μὴ
602 1339 823 1375 προκριματισθῇ
850 1339 915 1376 περὶ

121 1382 170 1408 τοῦ
187 1383 396 1418 προορισθέντος
412 1385 506 1420 χρόνου
518 1401 526 1414 ,
557 1384 615 1411 ἀλλ’
632 1384 661 1417 ἐξ
681 1382 716 1420 ἧς
731 1385 836 1421 ἡμέρας
863 1387 913 1412 ὲπ-

121 1427 263 1463 ἔστρεψεν,
279 1428 364 1464 ἐχέτω
376 1428 500 1461 ἐξουσίαν
522 1429 598 1461 ἐντὸς
622 1429 743 1465 τριετίας
767 1429 913 1465 ἀναζητεῖν

119 1473 184 1505 τοὺς
199 1473 297 1506 τόπους
316 1474 380 1506 τοὺς
395 1475 428 1509 τῇ
446 1474 529 1501 αὑτοῦ
543 1475 694 1510 ἀνήκοντας
710 1475 841 1510 καθέδρᾳ.

156 1518 226 1552 Περὶ
242 1517 302 1545 τῶν
322 1518 517 1553 ἀμελούντων
534 1518 595 1547 τῶν
615 1519 717 1552 αὺτοῖς
737 1519 913 1554 ἀνηκόντων

119 1564 215 1592 ⁸θιαῶν.

972 974 1094 1004 vorterit.
1113 980 1230 1007 eumque
1255 980 1304 1008 per
1330 971 1478 999 triennium
1504 970 1612 997 nemine
1626 972 1765 1003 repetente

971 1019 1125 1056 retinuerit,
1141 1019 1255 1046 ulterius
1275 1018 1310 1046 ab
1323 1025 1356 1045 eo
1379 1025 1434 1044 non
1455 1020 1603 1051 repetatur.
1628 1014 1656 1042 Si
1673 1019 1764 1041 tamen

970 1072 1020 1100 per
1033 1065 1121 1099 ipsum
1135 1065 1282 1092 triennium
1298 1063 1350 1091 fuit
1359 1063 1503 1097 episcopus
1517 1061 1563 1096 qui
1580 1064 1671 1095 posset
1686 1067 1764 1094 repe-

971 1115 1044 1143 tere,
1068 1114 1095 1138 et
1125 1110 1223 1142 tacuit,
1249 1109 1438 1144 pra-judicium
1464 1108 1596 1142 patietur.
1623 1106 1650 1133 Si
1671 1110 1762 1132 autem

969 1163 1024 1183 non
1040 1155 1104 1188 fuit,
1119 1163 1173 1183 non
1186 1155 1380 1190 praajudicetur
1395 1153 1514 1185 matrici,
1531 1152 1578 1180 sed
1595 1152 1686 1182 liceat,
1699 1157 1762 1177 cum

968 1203 1046 1231 locus
1067 1203 1202 1237 acceperit
1223 1201 1381 1236 episcopum
1407 1207 1489 1235 quem
1510 1207 1566 1225 non
1586 1197 1711 1228 habebat,
1728 1203 1763 1224 ex

970 1249 1030 1283 ipso
1043 1247 1087 1275 die
1102 1248 1172 1275 intra
1195 1247 1339 1274 triennium
1358 1250 1489 1281 repetere.
1509 1244 1630 1278 Itemque
1644 1242 1667 1270 si
1683 1241 1765 1269 fuerit

967 1294 1112 1329 episcopus
1135 1293 1168 1321 ad
1195 1292 1358 1320 catholicam
1377 1299 1409 1318 ex
1429 1290 1524 1317 Donati
1550 1292 1628 1324 parte
1647 1295 1763 1315 conver-

968 1347 1026 1372 sus,
1050 1347 1104 1366 non
1127 1339 1151 1366 ei
1169 1338 1328 1374 praejudicet
1341 1336 1506 1372 praeﬁnitum
1523 1339 1642 1369 tempus,
1663 1334 1710 1361 sed
1728 1340 1760 1360 ex

966 1392 1022 1420 quo
1037 1385 1080 1412 die
1093 1392 1241 1412 conversus
1255 1389 1308 1415 est.
1336 1383 1433 1410 habeat
1448 1389 1496 1417 per
1521 1381 1667 1424 triennium
1685 1383 1761 1414 pote-

966 1434 1066 1459 statem
1091 1430 1228 1465 repetendi
1254 1430 1329 1463 loca,
1352 1428 1457 1464 quaead
1476 1428 1562 1462 ipsam
1585 1426 1758 1462 pertinebant

966 1476 1134 1503 cathedram.

1000 1520 1040 1548 De
1055 1520 1097 1548 his
1114 1520 1159 1556 qui
1170 1520 1256 1556 plebes
1273 1520 1308 1548 ad
1324 1528 1351 1548 se
1367 1521 1527 1555 pertinentes
1547 1518 1694 1555 negligant.

156 1612 226 1646 pxa’.
244 1609 360 1645 Ὁμοίως
371 1609 481 1646 ἤρεσεν,
509 1609 554 1637 ἵνα
564 1610 662 1643 οἵτινες
673 1610 771 1646 δήποτε
782 1611 913 1646 ἀμελοῦσι

1005 1611 1067 1639 121.
1085 1612 1150 1639 Item
1165 1611 1266 1646 placuit
1282 1615 1311 1638 ut
1325 1611 1480 1647 quicunque
1493 1611 1632 1646 negligant
1645 1610 1706 1638 loca
1724 1609 1759 1636 ad

118 1655 176 1683 τῶν
206 1656 298 1683 τόπων
326 1655 381 1684 τῶν
407 1656 565 1692 ἀνηκόντων
592 1658 626 1693 τῇ
655 1657 746 1685 αὐτῶν
774 1657 909 1694 καθέδρᾳ,

117 1711 147 1731 κ.
161 1711 186 1728 τ.
203 1701 228 1730 λ.

160 1747 353 1787 Ἀναγνωθι-τὰ
365 1749 623 1787 παραγςγραμμένα
633 1749 662 1777 ἐν
674 1750 713 1786 τῷ
726 1753 742 1777 ι’
751 1758 815 1785 κεφ.
826 1750 873 1777 τοῦ
884 1754 910 1787 η’

116 1783 171 1810 τιτ.
185 1784 233 1809 τοῦ
246 1785 379 1820 παρόντος
394 1783 595 1820 συντάγματος.

154 1828 280 1858 ΚΕΦΛΛ.
298 1829 350 1858 1Η¹.
370 1845 406 1851 --
428 1830 497 1865 Περὶ
510 1829 570 1858 τῶν
587 1831 776 1866 πειρωμένων
793 1831 910 1860 ἀθετεῖν

116 1875 155 1903 τὰ
170 1875 205 1903 ἐν
224 1876 338 1911 Ἐφέσῳ
357 1876 537 1911 πραχθέντα.

285 1922 420 1949 Συνόῦου
438 1921 570 1956 Ἐφέσου
583 1921 684 1949 κανὼν
700 1921 737 1954 ς’.

154 1966 192 1999 ς’.
219 1966 335 2002 Ὁμοίως
357 1966 386 1993 δὲ
409 1967 458 1993 καὶ
482 1966 510 1993 εἴ
532 1975 604 1999 τινες
618 1966 774 2002 βουληθεῖεν
792 1967 827 1995 τὰ
844 1968 909 2003 περὶ

115 2013 233 2039 ἑκάστου
246 2012 430 2047 πεπραγμένα
442 2014 471 2039 ὲν
480 2014 514 2048 τῇ
529 2012 595 2048 ἁγίᾳ
606 2013 706 2047 συνόδῳ
715 2015 748 2048 τῇ
759 2014 790 2040 ἐν
802 2013 908 2049 Ἐφέσῳ

113 2057 266 2092 οἱῳδήποτε
278 2057 372 2093 τρόπῳ
388 2057 600 2093 παρασαλεύειν,
615 2058 632 2092 ή
644 2058 708 2092 ἁγία
721 2058 829 2090 σύνοδος
843 2058 908 2095 ὥρι-

115 2112 174 2135 σεν,
199 2104 224 2130 εἰ
245 2103 295 2138 μὲν
316 2104 460 2131 ἐπίσκοποι
479 2102 534 2132 εἷεν
549 2104 566 2140 ἢ
584 2105 722 2140 κληρικοὶ,
741 2105 789 2132 τοῦ
804 2106 906 2133 οἰκείου

114 2149 257 2187 παντελῶς
279 2150 442 2178 ἀποπίπτειν
464 2150 588 2186 βαθμοῦ·
617 2152 642 2178 εἰ
663 2151 692 2178 δὲ
710 2152 811 2185 λαῖκοὶ,
829 2153 907 2179 ἀκοι-

113 2195 251 2230 νωνήτους
265 2196 420 2231 τυγχάνειν.

111 2241 305 2308 όηὲνῗῖτνοώι
319 2243 354 2269 τὰ
369 2245 625 2280 παραγεγραμμένα
637 2246 667 2272 ὲν
681 2245 719 2281 τῷ
733 2249 756 2280 γ’
771 2245 818 2272 τοῦ
834 2253 905 2282 παρ-

964 1666 1042 1687 suam
1059 1658 1216 1686 cathedram
1233 1657 1407 1694 pertinentia,
1421 1663 1485 1692 etc.,
1499 1662 1530 1685 ut
1545 1666 1606 1693 pag.
1620 1655 1684 1685 6'19.

1000 1749 1071 1790 Lege
1083 1757 1142 1790 quae
1159 1749 1285 1777 adnotata
1301 1753 1367 1777 sunt
1385 1749 1411 1776 in
1429 1748 1463 1776 10
1481 1756 1542 1784 cap.
1558 1747 1652 1776 tit..8i
1688 1755 1759 1783 prm-

965 1791 1052 1814 sentls
1061 1792 1162 1819 operis.

999 1829 1080 1866 503
1102 1829 1179 1858 CAP.
1197 1829 1290 1857 XVIII.
1303 1845 1339 1850 —
1354 1829 1392 1856 De
1416 1829 1450 1856 iis
1467 1836 1525 1864 qute
1543 1833 1604 1856 acta
1623 1828 1764 1863 Ep/tesina.

965 1876 1072 1904 abolere
1087 1877 1218 1902 nituntur.

1150 1921 1263 1950 Concilii
1285 1921 1412 1957 Ep/test'm'
1431 1930 1517 1950 canon
1541 1921 1569 1949 6.

1001 1968 1029 1996 6.
1050 1967 1300 2003 Similiterjautem
1318 1973 1346 1996 et
1365 1969 1388 1996 si
1410 1970 1455 2004 qui
1479 1969 1563 1995 velint
1587 1975 1629 2000 ea,
1646 1974 1707 2003 quae
1723 1967 1757 1994 de

965 2013 1081 2049 singulis
1112 2021 1160 2048 per
1189 2019 1313 2041 sanctam
1342 2014 1660 2049 synodumIﬂphesinam
1680 2018 1755 2048 gesta

964 2064 1039 2091 sunt,
1064 2067 1230 2094 quocunque
1250 2059 1332 2087 modo
1350 2067 1461 2086 movere
1485 2068 1492 2086 :
1510 2064 1605 2087 sancta
1634 2059 1756 2094 synodus

963 2104 1023 2139 ipsa
1034 2104 1167 2138 decrevit,
1180 2105 1203 2132 si
1218 2105 1328 2140 quidem
1340 2105 1459 2140 episcopi
1478 2105 1626 2132 aut-clerici
1642 2104 1753 2136 fuerint,

961 2158 1010 2178 eos
1028 2151 1142 2179 omnino
1164 2159 1178 2178 a
1194 2152 1306 2187 proprio
1321 2152 1419 2179 cadere
1434 2152 1519 2187 gradu
1535 2160 1543 2178 :
1558 2151 1581 2179 si
1598 2159 1662 2179 vero
1679 2151 1753 2184 laici,

964 2198 1219 2226 excommunicatos
1233 2207 1305 2227 esse.

997 2243 1069 2280 Lege
1081 2252 1142 2279 quae
1159 2244 1187 2272 in
1204 2252 1265 2280 cap.
1276 2245 1292 2272 5
1304 2245 1447 2280 praesentis
1456 2245 1527 2273 tituli
1540 2245 1750 2274 suntaduotnta.

113 2340 1734 2359 _______.________—______

763 2401 964 2444 ΤΙΤΛΟΣ
1002 2398 1069 2444 ΙΓ¹
1077 2432 1087 2442 .

815 2471 895 2497 ΠΕΡΙ
914 2471 1057 2499 ΛΑΙΚΩΝ.

743 2567 978 2609 TITULUS
1015 2570 1129 2610 XIII.

835 2637 877 2665 DE
903 2638 1024 2668 LAICIS.

148 2699 275 2728 ΚΕΦΛΛ.
293 2700 332 2728 A'.
350 2716 384 2722 —
397 2702 466 2736 Περὶ
478 2701 532 2729 τοῦ
546 2702 753 2731 ἀποχινεῖσθαι
768 2705 822 2733 τὸν
836 2708 903 2734 λαῖ-

111 2745 169 2771 κὸν
184 2745 238 2778 τῆς
256 2746 342 2781 ἁγίας
357 2747 527 2780 κοινωνίας,
544 2747 593 2774 ἐπὶ
605 2749 683 2783 τρεῖς
699 2751 848 2786 Κυριακὰς
868 2753 904 2780 ἐν

111 2790 205 2863 πόλεέ
226 2791 384 2827 διάγοντα,
410 2793 460 2820 καὶ
492 2793 536 2829 μὴ
564 2796 754 2824 συνελθόντα
779 2797 816 2832 τῇ
852 2799 902 2826 ἐκ·

112 2837 193 2863 itan
205 2845 234 2863 α.

112 2837 234 2870 uincla.

146 2891 157 2908 ⁸
169 2892 252 2922 Cone.
270 2894 353 2923 Afric.
372 2903 395 2923 c.
413 2895 458 2924 86.

992 2707 1070 2736 CAP.
1088 2707 1110 2736 I.
1127 2723 1162 2729 —
1192 2708 1226 2736 Ut
1251 2709 1336 2737 laicus
1362 2709 1408 2745 qui
1427 2709 1455 2736 in
1482 2709 1544 2736 urbe
1567 2715 1684 2740 versans,
1700 2715 1745 2742 pe!

957 2759 1009 2782 tres
1030 2754 1206 2783 hebdomadas
1233 2756 1267 2782 att
1289 2755 1427 2783 ecclesiam
1454 2763 1506 2782 non
1533 2754 1695 2787 convenerit,
1727 2761 1744 2781 ο

957 2803 1049 2826 sancta
1064 2801 1245 2828 communione
1257 2805 1432 2828 removeatur.
