1951 3071
234 147 284 182 δθί
814 161 949 192 ΡΗΟΤιΙ
961 161 1004 190 PA

1086 160 1218 192 ARCH/E
1230 162 1285 193 (ΞΡ.
1808 162 1856 197 892

409 216 523 244 Concilii
539 217 711 245 Sardiunsis
724 225 809 245 canon
824 217 870 246 Η.
1044 216 1071 247 Α

1044 216 1071 247 Α
1242 215 1378 245 Συνόδου
1389 214 1541 250 Σαώικῆς
1554 215 1656 242 κανὼν
1672 213 1713 243 ια’.

269 261 314 289 Η.
331 261 414 290 Osius
433 262 578 297 episcopus
595 263 662 290 dixit
678 272 685 290 :
703 262 759 290 Hoc
785 270 895 298 quoque
917 262 1031 290 deﬁnire

1116 261 1161 290 ια’.
1183 262 1277 294 Ὄσιος
1294 261 1443 292 ἐπίσκοπος
1468 258 1546 288 εἵπε’
1565 261 1621 288 Καὶ
1641 259 1720 287 τοῦτο
1734 261 1760 288 δὲ
1777 262 1856 297 ὁρίσαι

233 306 373 340 debemus,
388 312 454 340 etc.,
469 313 496 334 ut
509 316 570 342 pag.
585 307 647 336 606.

587 307 647 336 606.
1080 307 1235 343 ὀφείλομεν,
1252 315 1280 334 κ.
1294 315 1320 334 τ.
1332 307 1357 333 λ.

398 353 668 379 ϐοηιὶίὶἰαψιιιηεηὶοί
680 361 706 380 vi
717 360 802 379 canon
817 352 862 380 80.
1159 352 1298 381 Συνόδου
1310 351 1521 387 οὶκουμενικῆς
1536 351 1628 384 ἕκτης
1641 350 1739 379 κανὼν
1753 351 1788 378 π’.

269 397 314 426 80.
332 398 360 425 Si
376 397 438 432 quis
450 397 605 433 episcopus,
620 398 661 425 vel
673 398 821 434 presbyter,
834 398 1028 432 veldiaconus,

1116 397 1154 425 π’.
1175 399 1208 425 EI'.’
1225 407 1268 431 τις
1284 398 1443 431 ἐπίσκοπος,
1458 398 1475 434 ἢ
1492 397 1689 433 πρεσϐύτερος,
1705 396 1721 432 ἢ
1737 397 1857 431 διάκονος,

233 447 301 474 etc.,
317 448 346 469 ut
359 451 419 478 pag.
439 443 503 470 606.

1079 452 1108 472 κ.
1126 453 1152 471 τ.
1167 445 1194 471 λ.
1450 461 1453 465 τ

267 484 349 525 ἦ,οᾷ
368 489 445 517 CAP.
467 489 497 518 II.
512 507 546 514 -
565 490 605 518 De
622 490 698 518 laicis
725 491 839 518 secundo
865 490 904 518 vel
927 491 1027 526 pluria:

1115 491 1240 518 ΚΕΦΑΛ.
1256 491 1296 518 B’.
1311 505 1346 511 -
1360 489 1430 525 Περὶ
1440 489 1554 518 λαῑκῶν
1567 489 1859 524 δευτερογτιμούγτων,

233 532 402 566 nubentibus,
413 533 479 561 etde
496 533 601 561 illicitis
616 535 716 569 nuptiis
730 539 755 561 et
768 534 874 568 copula.

1089 536 1100 570 ἦ
1113 537 1381 572 πολυγαμούντων,
1407 536 1457 564 καὶ
1474 535 1691 570 κεκωλυμένων
1702 536 1806 570 γάμων,
1817 536 1859 563 καὶ

1078 582 1199 618 μίξεως.

408 625 598 659 Apostolorum
615 633 728 653 canones
756 625 799 658 i9,
819 626 864 653 48.

1257 628 1447 656 Ἀποστόλων
1463 627 1564 655 κανὼν
1580 627 1623 661 ιο’,
1641 626 1697 663 μη’.

264 667 297 695 19
310 667 377 705 [I8].
393 668 445 702 Qui
460 670 529 697 ditas
540 677 650 698 sorores
665 670 753 704 duxit,
765 671 1019 705 velconsobrinam,

1113 672 1156 700 ιϐ’.
1190 673 1219 699 '0
1241 673 1288 700 δύο
1315 673 1431 707 ἀδελφὰς
1455 673 1591 707 ἀγόμενος
1615 671 1632 707 ἢ
1658 671 1810 707 ἀδελφιδᾶς,
1833 673 1860 700 οὐ

232 721 287 741 non
309 714 398 754 p'ntest
414 723 475 743 esse
500 716 628 743 clericus.

1077 719 1190 746 δύναται
1205 716 1276 746 εἶναι
1292 718 1343 754 κλη
1349 719 1434 753 ρικός.

268 760 303 788 48
320 751 388 796 [λη.
402 760 429 788 Si
453 762 514 796 quis
534 761 621 790 laicus
648 769 698 790 sua
724 762 810 797 ejecta
829 770 915 790 uxore
942 763 1024 791 aliam

1115 765 1170 802 μη’.
1192 767 1226 792 Et
1246 774 1288 797 τις
1313 751 1406 797 malim;
1421 765 1471 800 τὴν
1495 764 1594 792 ἑαυτοῦ
1610 765 1726 799 γυναῖκα
1748 764 1862 791 ἐκϐαλὼν

232 807 420 842 acceperitch
441 807 474 834 ab
502 808 556 835 alio
577 809 712 840 solutam,
730 812 904 843 segregetur.

1093 811 1172 847 τέραν
1187 811 1276 844 λάϐοι,
1292 811 1308 847 ἢ
1325 811 1401 847 παρὰ
1434 810 1514 838 ἄλλου
1540 810 1754 847 ἀπολελυμένην,
1775 811 1863 846 ἁφορμ

1076 857 1177 889 ζέσθω.

374 898 488 926 Concilii
502 897 635 934 Ancyrani
646 906 760 926 canones
781 899 826 932 16,
840 899 884 926 17.
1042 907 1064 936 Β

1042 907 1064 936 Β
1206 902 1343 931 Συνόδου
1361 903 1503 938 Ἀγκύρας
1519 902 1621 930 κανὼν
1634 905 1686 935 ις’,
1703 902 1745 936 ιζ’.

269 943 312 972 16.
330 944 367 971 De
384 945 436 977 iis,
464 945 511 980 qui
527 945 641 973 rationis
662 946 783 978 expertia
809 946 937 974 animalia
957 947 1024 975 inie-

1115 948 1164 982 ις’.
1177 949 1246 984 Περὶ
1258 948 1313 976 τῶν
1325 948 1551 984 ἀλογευσαμένων
1564 948 1580 983 ἢ
1598 948 1645 975 καὶ¹
1656 947 1863 982 ἀλογευομένων,

233 994 318 1021 runt,
340 990 381 1017 vel
400 991 495 1018 ineunt
531 991 598 1027 (50).
621 990 781 1026 Quicunque
803 992 961 1026 priusquam
981 993 1003 1020 vi

1096 1002 1137 1021 σοι
1162 994 1228 1030 πρὶν
1250 994 1418 1025 εἰκοσαετεὶξ
1434 991 1562 1027 γενέσθαι
1575 991 1712 1027 ἥμαρτον,
1732 991 1866 1018 πεντεκαί-

223 1033 299 1068 'ginti
313 1034 421 1069 quidem
436 1043 524 1063 annos
547 1037 602 1064 nati
621 1041 714 1064 essent
726 1057 734 1069 .
758 1042 923 1072 peccarunt,
943 1047 993 1074 pos

1095 1049 1145 1067 εκα
1164 1040 1253 1068 ἐτεσιν
1279 1039 1474 1071 ὑποπεσόντες,
1497 1039 1639 1070 κοινωνίας
1666 1037 1865 1072 τυγχανέτωσαν

232 1088 314 1115 ιιιιιιιιι
332 1081 487 1116 quindecim
502 1083 582 1110 annis
596 1083 730 1111 substrati
750 1092 783 1112 ac
805 1085 940 1121 supplices
962 1085 1002 1113 fut

1095 1086 1128 1121 ἧς
1153 1087 1191 1118 εἰς
1209 1086 1258 1117 τὰς
1280 1085 1453 1122 προσευχάς·
1480 1081 1540 1111 εἷτα
1565 1084 1594 1110 ὲν
1616 1084 1650 1119 τῇ
1669 1083 1798 1119 κοινωνίᾳ
1813 1082 1865 1109 δια-

231 1127 288 1153 rint
299 1147 307 1160 ,
318 1128 538 1156 communionem
554 1129 587 1155 ad
604 1137 699 1164 preces
712 1136 907 1165 assequamur.
921 1131 1001 1159 Deind

1095 1131 1242 1163 τελέσαντες
1256 1131 1304 1166 ἔτη
1321 1130 1413 1160 πέντε.
1428 1130 1489 1157 τότε
1521 1129 1570 1156 καὶ
1587 1129 1636 1164 τῆς
1653 1129 1810 1164 προσφορᾶς
1824 1128 1865 1162 ἑφ-

226 1174 261 1197 νθι
275 1179 336 1198 cum
354 1172 380 1199 in
396 1173 589 1201 communione
599 1175 722 1209 quinque
737 1175 817 1202 annis
831 1183 996 1210 perseverem

1094 1177 1278 1205 ιπτέσθωσαν·
1295 1176 1465 1210 ἐξεταζέσθω
1479 1175 1508 1202 δὲ
1522 1174 1612 1202 αὐτῶν
1625 1175 1676 1202 καὶ
1688 1176 1702 1202 ὁ
1716 1175 1746 1201 ὲν
1759 1175 1790 1210 τῇ
1806 1175 1864 1200 ὑπο-

233 1217 304 1250 rint,
329 1218 495 1246 oblationem
513 1219 658 1255 attingant.
684 1220 862 1249 Examinetur
882 1227 972 1250 autem
996 1232 1003 1250 ι

1096 1222 1181 1250 πτώσει
1195 1223 1261 1258 βίος,
1275 1223 1324 1250 καὶ
1337 1222 1423 1254 οὕτως
1434 1222 1644 1257 τυγχανέτωσαν
1658 1221 1711 1254 τῆς
1724 1218 1866 1254 φιλανθρω-

233 1269 329 1290 eorum
352 1263 379 1290 in
402 1264 588 1292 substratione
607 1266 682 1299 vita,
709 1271 737 1294 et
761 1267 797 1294 ita
825 1269 1003 1304 humanitate:

1096 1269 1145 1301 πίας
1159 1277 1166 1285 ·
1194 1270 1218 1296 εί
1243 1268 1272 1295 δέ
1296 1277 1370 1301 τινες
1394 1268 1556 1302 κατακόρως
1575 1268 1603 1294 ὲν
1619 1267 1678 1299 τοῖς
1695 1265 1866 1302 ἁμαρτήμασι

233 1313 449 1344 consequantur.
467 1310 496 1337 Si
513 1311 559 1345 qui
581 1315 672 1338 autem
698 1311 822 1347 improbe
851 1321 884 1341 ac
906 1314 1003 1350 malign

1096 1314 1220 1348 εγὸνασι,
1235 1313 1286 1349 τὴν
1303 1313 1414 1350 μακρὰν
1425 1313 1562 1348 ἐχέτωσαν
1577 1312 1740 1339 ὔπόπτωσιν
1750 1319 1757 1326 ·
1775 1311 1828 1337 ὅσοι
1842 1309 1866 1336 δὲ

234 1354 261 1381 in
278 1355 397 1389 peccatis
416 1355 539 1389 fuerunt,
563 1356 645 1392 longe
665 1358 877 1386 substrationem
894 1359 1004 1388 habeam

1098 1368 1130 1386 πε
1135 1359 1247 1395 ρϐάντες
1257 1360 1306 1394 τὴν
1318 1359 1426 1394 ἡλικίαν
1437 1357 1550 1394 ταύτην,
1563 1357 1611 1384 καὶ
1621 1358 1759 1391 γυναῖκας
1770 1356 1867 1391 ἔχοντες

233 1399 397 1436 Quicunque
411 1406 501 1429 autem
535 1402 606 1431 hanc
624 1407 730 1431 aetatem
745 1405 917 1440 transgressi,
928 1411 955 1433 et
973 1407 1003 1434 ha

1097 1405 1306 1442 ςεριπεπτώκασι
1331 1404 1369 1440 τῷ
1392 1404 1591 1439 ἁμαρτήματι,
1617 1404 1702 1430 πέντε
1725 1403 1771 1429 καὶ
1788 1401 1867 1427 εῐκοσι

233 1445 328 1474 bentes
342 1455 442 1475 uxores
457 1468 465 1480 ,
482 1448 509 1474 in
526 1448 579 1476 hoc
594 1454 734 1484 peccatqu
750 1450 914 1484 inciderunt,
929 1451 1001 1487 vigin

1097 1460 1168 1478 τεσιν
1183 1451 1377 1482 ὑποπεσόντες.
1393 1449 1536 1481 κοινωνίας
1549 1449 1762 1483 τυγχανέτωσαν
1775 1448 1822 1482 τῆς
1833 1446 1867 1476 είς

233 1492 312 1519 annis
324 1492 466 1525 substrati,
483 1495 707 1523 communionem
717 1496 749 1523 ad
764 1504 858 1531 preces
871 1505 1003 1532 assequan

1098 1496 1129 1528 ὰς
1146 1496 1301 1531 προσευχάς
1315 1504 1323 1512 ·
1349 1494 1410 1522 εἷτα
1429 1494 1619 1526 ἐκτελέσαντες
1636 1494 1721 1521 πέντε
1735 1492 1783 1527 ἔτη
1796 1492 1823 1518 ὲν
1838 1491 1868 1525 τῇ

235 1543 290 1565 tur.
317 1538 421 1566 Deinde
432 1547 494 1567 cum
516 1540 542 1567 in
562 1548 673 1575 precum
688 1543 881 1570 eummunione
902 1544 1005 1579 quinqu

1099 1541 1209 1577 οινωνιᾳ
1222 1541 1277 1568 τῶν
1291 1540 1390 1577 εὐχῶν,
1407 1539 1618 1576 τυγχανέτωσαν
1632 1540 1685 1574 τῆς
1700 1537 1868 1575 προσφορᾶς·

234 1586 510 1627 ιιιιιιοεδιετθεετὶηῑ.
528 1573 694 1614 oblationem
716 1573 918 1623 assequamur.-
931 1589 961 1617 Si
977 1573 1004 1625 qi

1101 1590 1105 1616 ί
1118 1588 1146 1616 δέ
1161 1573 1234 1620 τινες
1247 1589 1295 1615 καὶ
1310 1573 1572 1623 γυναῖκαςνέχοντες,
1588 1587 1638 1613 καὶ
1649 1573 1820 1622 ὗπερόάντες
1830 1584 1871 1610 τὸν

234 1634 326 1658 autem
345 1635 373 1658 et
397 1632 526 1660 mulieres
547 1633 677 1660 habentes
690 1654 698 1666 ,
719 1638 747 1660 et
767 1634 1004 1670 quinquagesimul

1101 1635 1300 1670 λεντηκονταετῆ
1317 1633 1413 1669 χρόνον
1429 1633 1566 1669 ἥμαρτον,
1591 1633 1640 1659 ἒπὶ
1663 1633 1699 1668 τῇ
1725 1631 1808 1667 ἐξόδῳ
1828 1629 1871 1657 τοῦ

235 1683 339 1703 annum
369 1678 558 1712 transgressi,
587 1684 784 1713 peccaverunt,
808 1679 836 1706 in
861 1680 924 1708 vita:
949 1680 1004 1709 exit

828 1687 836 1706 ι
861 1680 924 1708 vita:
949 1680 1026 1709 exitu
1082 1681 1141 1717 βίου
1155 1680 1365 1716 τυγχανέτωσαν
1379 1680 1429 1715 τῆς
1445 1679 1598 1711 κοινωνίας.

234 1723 455 1751 communionem
478 1730 671 1759 assequamur.

270 1768 314 1795 17.
336 1767 388 1796 Eos
400 1769 446 1803 qui
466 1770 580 1796 rationis
594 1769 716 1804 expertia
728 1770 878 1799 animantia
894 1771 1024 1806 inierunt,

1117 1775 1160 1808 ιζ’.
1180 1774 1250 1807 τοὺς
1267 1773 1504 1808 ἀλογευσαμένους
1517 1772 1564 1799 καὶ
1578 1772 1703 1808 λεπροὺς
1717 1771 1808 1802 ὂντας,
1821 1770 1874 1806 ἦτοι

235 1816 263 1839 et
278 1807 324 1846 qui
338 1812 437 1847 leprosi
455 1819 519 1841 sunt
534 1813 575 1840 vel
595 1814 707 1842 fuerunt
718 1834 725 1847 ,
744 1815 827 1850 jussit
839 1821 933 1844 sancta
945 1825 1005 1853 sym

1104 1807 1273 1858 ιπρώσαντας
1287 1807 1411 1852 τοῦτους,
1423 1819 1590 1855 προσέταξεν
1604 1819 1621 1854 ἡ
1636 1807 1707 1854 αγία
1721 1817 1829 1849 σύνοδος
1838 1817 1874 1847 εὶς

235 1859 287 1886 dus
302 1858 373 1885 inter
391 1859 541 1886 hiemantes
556 1867 644 1887 orare.

1079 1868 1142 1899 τοὺς
1159 1866 1377 1902 χειμαζομένους
1397 1865 1534 1901 εὔχεσθαι.

261 1904 343 1941 405
360 1905 472 1932 Concilii
491 1905 726 1939 Neocwsariensis,
739 1915 850 1935 canones
862 1908 889 1942 Ξ,
901 1909 928 1941 5,
940 1909 966 1942 4,
981 1911 1007 1937 7.

1124 1912 1263 1940 Συνόδου
1277 1911 1510 1946 Νεοκιιισαρείας
1528 1911 1631 1938 κανὼν
1653 1911 1688 1947 β’,
1704 1914 1742 1945 γ’,
1757 1909 1790 1943 δ’,
1803 1908 1833 1943 ζ’.

269 1951 297 1978 2.
314 1950 425 1978 Femina
448 1951 471 1979 si
491 1952 599 1980 duobus
615 1952 747 1981 fratribus
768 1955 901 1989 nupserit,
913 1961 978 1989 etc.,
995 1961 1025 1984 ut

1003 1961 1025 1984 tt
1115 1958 1147 1995 β’,
1167 1958 1238 1994 Γυνὴ
1252 1959 1299 1985 ἐὰν
1313 1958 1438 1993 γήμηται
1453 1957 1500 1984 δύο
1513 1957 1652 1992 ἀδελφοῖς,
1669 1967 1698 1985 κ.
1709 1966 1736 1985 τ.
1748 1957 1773 1985 λ.

235 2005 296 2032 pag.
314 1997 379 2025 802.

269 2042 296 2069 5.
324 2041 360 2069 De
376 2041 409 2069 iis
434 2041 480 2077 qui
504 2041 532 2069 in
554 2042 671 2078 plurima
694 2043 869 2072 matrimonia
888 2045 1023 2078 incidunt,

1113 2048 1147 2084 γ’.
1164 2048 1290 2084 Περὶτῶν
1299 2048 1436 2080 πλείστοις
1444 2047 1545 2083 γάμοις
1554 2048 1797 2082 περιπιπτόντων,
1808 2047 1822 2073 ὁ
1833 2045 1879 2080 μὲν

235 2093 342 2123 tempus
358 2088 467 2123 quidem
487 2089 669 2124 praestitutum
689 2097 750 2118 esse
775 2091 950 2118 manifestum
970 2099 1005 2119 εει

1108 2095 1173 2126 μόνος
1187 2094 1276 2130 σαφὴς
1296 2095 1310 2121 ὁ
1329 2094 1482 2129 ὡρισμένος
1494 2101 1501 2108 ·
1527 2094 1543 2128 ἠ
1560 2093 1588 2120 δὲ
1607 2092 1775 2129 ἀναστροφὴ
1799 2091 1845 2119 καὶ
1863 2091 1878 2126 ἡ

237 2133 289 2161 Sed
316 2135 460 2162 conversio
480 2138 507 2162 et
527 2136 687 2170 pmnitentia
709 2139 805 2164 eorum
829 2141 937 2172 tempus
959 2145 1007 2164 con

853 2144 937 2172 tmpus
959 2145 1026 2164 COII-
1080 2142 1171 2173 πίστις
1185 2141 1274 2168 αὐτῶν
1300 2140 1443 2176 συντέμνει
1456 2140 1502 2167 τὸν
1515 2139 1623 2175 χρόνον.

236 2180 329 2208 trahit.

270 2227 297 2254 4.
317 2226 346 2254 Si
360 2227 424 2262 quis
439 2227 615 2263 proposuerit
625 2229 820 2264 concupiscere
835 2229 976 2257 mulierem
990 2229 1023 2256 ad

1111 2231 1142 2259 δ’.
1163 2232 1227 2259 Ἐὰν
1244 2232 1380 2268 πρόθηταί
1394 2241 1436 2264 τις
1453 2232 1632 2268 ἐπιθυμήσας
1648 2232 1796 2267 γυναικὸς,
1816 2239 1877 2264 συγ-

234 2272 424 2301 dormiendum
442 2281 506 2301 cum
520 2274 591 2310 ipsa,
614 2274 675 2310 ejus
696 2279 787 2302 autem
809 2275 974 2303 desiderium
992 2283 1004 2302 a

1109 2278 1243 2313 ιθευδῆσαι
1257 2279 1337 2313 αὐτῇ,
1364 2279 1401 2314 μὴ
1418 2278 1482 2313 ἔλθῃ
1501 2277 1530 2304 δὲ
1547 2279 1587 2309 εις
1600 2277 1687 2313 ἔργον
1702 2277 1789 2305 αὐτοῦ
1806 2277 1822 2312 ὴ
1837 2277 1879 2302 ὲν-

234 2325 305 2352 opus
319 2325 373 2345 non
390 2319 503 2352 venerit,
520 2319 628 2347 videtur
642 2327 703 2348 esse
715 2327 730 2347 a
744 2320 830 2355 gratia
848 2320 991 2348 liberatus.

1077 2324 1205 2360 θὺμησις,
1220 2325 1344 2359 φαίνεται
1360 2326 1400 2351 ὅτι
1414 2325 1465 2351 ὑπὸ
1478 2325 1528 2359 τῆς
1543 2324 1661 2360 χάριτος
1676 2323 1812 2360 ὲρῤύσθη.

270 2364 297 2391 7.
315 2363 461 2401 Presbyter
476 2366 503 2393 in
524 2367 627 2401 nuptiis
643 2366 704 2402 ejus
714 2368 760 2402 qui
772 2368 841 2396 duas
863 2375 965 2396 uxores
976 2368 1029 2396 du-

1113 2370 1146 2403 C'.
1168 2370 1359 2406 Πρεσϐύτερον
1374 2371 1414 2402 εἰς
1439 2370 1528 2406 γάμον
1541 2370 1733 2405 διγαμοῦντος
1747 2370 1786 2406 μὴ
1798 2368 1881 2396 ἐστιᾶ-

234 2409 282 2444 cit,
299 2417 334 2438 ne
342 2411 511 2444 convivetur,
522 2417 587 2445 etc.,
604 2417 632 2440 ut
650 2421 713 2448 pag.
733 2413 796 2441 69L

504 2432 511 2444 ,
522 2417 587 2445 etc.,
604 2417 632 2440 ut
650 2421 713 2448 pag.
733 2413 796 2441 69L
1080 2414 1153 2448 σθαι,
1167 2423 1195 2442 κ.
1209 2423 1235 2442 τ.
1249 2416 1273 2442 λ.

348 2464 462 2492 Consilii
476 2464 621 2493 Laudiceni
632 2474 745 2493 canones
759 2467 783 2500 i,
802 2467 846 2499 10,
859 2467 905 2494 5i.

1174 2469 1309 2497 Συνόδου
1324 2469 1499 2503 Λαοδικείας
1513 2470 1617 2498 κανὼν
1631 2470 1670 2502 α’,
1687 2470 1717 2504 ι’,
1732 2470 1787 2498 λα’.

271 2510 297 2538 Ι.
313 2509 446 2546 Oportcre
480 2519 513 2539 ex
554 2513 742 2540 ecclesiastico
773 2521 879 2541 canone
904 2521 953 2542 eos
977 2514 1024 2550 qui

1114 2514 1149 2543 α’.
1164 2515 1233 2551 Περὶ
1247 2516 1294 2542 τοῦ
1309 2516 1364 2542 δεῖν
1379 2516 1450 2543 κατὰ
1462 2516 1508 2543 τὺν
1518 2516 1760 2552 ἐκκλησιαστικὸν
1772 2516 1878 2544 κανόνα.

234 2557 319 2585 libere
342 2562 369 2585 et
398 2558 517 2594 legitime
541 2559 661 2586 secundo
685 2560 863 2587 matrimonio
884 2561 1003 2595 conjunc

1109 2561 1140 2592 ὺς
1152 2555 1314 2596 ἐλευθερίως
1330 2561 1378 2588 καὶ
1390 2561 1514 2596 νομίμως
1529 2562 1729 2597 συναφθέντας
1745 2562 1878 2598 δευτέροις

234 2607 308 2634 sunt.
320 2607 348 2631 et
362 2611 416 2631 non
430 2605 500 2631 clam
523 2612 624 2632 uxores
645 2605 785 2632 duxerunt
808 2613 870 2633 cum
894 2608 1004 2642 exigqu

1109 2616 1185 2643 μοις,
1206 2608 1243 2643 μὴ
1266 2607 1453 2643 λαϐρογαμίαν
1469 2608 1649 2644 ποιήσαντες,
1666 2609 1764 2643 ὀλίγου
1787 2609 1879 2643 χρόνου

235 2653 343 2685 tempus
357 2649 530 2685 praeterierit,
557 2654 584 2677 et
603 2650 775 2677 orationibus
800 2655 827 2677 et
843 2650 957 2686 jejuniis
976 2659 1005 2679 va

1107 2652 1257 2688 ιρελθόντος
1275 2653 1463 2688 σχολασάντων
1486 2654 1548 2685 ταῖς
1568 2656 1747 2690 προσευχαῖς
1769 2656 1816 2681 καὶ
1833 2661 1877 2688 νη-

234 2696 366 2728 caverint,
380 2696 421 2723 eis
432 2702 464 2723 ex
481 2696 560 2723 venia
576 2695 635 2723 dari
650 2696 885 2724 communionem.

1110 2699 1196 2732 είαις,
1220 2699 1290 2726 κατὰ
1318 2699 1484 2735 συγγνώμην
1507 2699 1689 2727 ἀποδίδοσθαι
1713 2701 1808 2732 αὐτοῖς
1832 2699 1878 2733 τὴν

1076 2744 1219 2771 κοινωνίαν
1231 2744 1383 2781 ὡρίσαμεν.

270 2829 326 2868 (30)
349 2829 406 2857 Hoc
421 2829 534 2866 intelligi
558 2834 646 2866 potest
666 2830 700 2859 dc
718 2829 760 2858 his
775 2830 822 2865 qui
839 2831 879 2858 vel
897 2838 959 2859 cum
973 2833 1179 2867 pecoribus,ch
1204 2842 1278 2862 more
1310 2835 1444 2870 pecudum
1475 2842 1537 2864 cum
1571 2836 1737 2872 propinquo
1747 2834 1877 2870 sanguine

237 2869 308 2890 ιιιιδυ
325 2870 398 2891 ευιιῑ.

245 2871 308 2890 ιιιδυ
325 2871 398 2892 ευιιι.
