1951 3071
135 162 191 195 893

564 165 762 196 SYNTAGMA
780 166 974 196 CANONUM.
991 167 1111 198 -TlT.
1128 169 1214 206 XIII,
1234 170 1314 201 CAP.
1335 170 1376 201 II.

1719 172 1771 204 894

173 218 200 246 t'.
221 219 289 255 Περὶ
311 220 359 246 τοῦ
378 219 415 256 μὴ
430 219 486 246 δεῖν
509 220 572 252 τοὺς
593 221 643 257 τῆς
666 219 832 258 Ἐκκλησίας
853 223 931 250 ἀδια-

1019 224 1063 251 10.
1081 224 1141 252 Non
1155 230 1286 260 oportere
1296 232 1344 252 eos
1359 225 1404 260 qui
1419 230 1483 253 sunt
1493 225 1631 258 Ecclesia),
1644 227 1771 254 indiscri-

137 265 229 300 φόρως
243 265 310 300 πρὸς
328 265 418 300 γάμου
434 267 576 294 κοινωνίαν
592 267 740 296 συνάπτειν
762 269 797 296 τὰ
822 269 927 296 ἑαυτῶν

138 311 233 338 παιδία
247 312 408 347 αίρετικοῖς.

172 358 224 387 λα’.
245 358 307 384 Ὀτι
321 358 352 384 οὺ
367 357 406 384 δεῖ
423 358 492 394 πρὸς
506 360 610 392 πάντας
629 361 793 397 αίρετικοὺς.
811 370 840 389 κ.
856 370 881 389 τ.
900 362 926 390 λ.

269 449 405 477 Συνόδου
419 451 614 486 Χαλκηδόνος
629 452 730 479 κανὼν
745 452 794 484 ις’.

174 495 223 529 ις’.
244 496 382 532 Παρθένον
395 497 494 533 ἑαυτὴν
510 497 667 532 ἀναθεῖσαν,
681 507 710 527 κ.
721 507 748 526 τ.
760 498 786 525 λ.

171 589 308 618 Συνόδου
321 589 531 659 οιιωυμενικές
540 589 634 658 ιῗιιτης
655 590 756 618 κανὼν
775 590 826 626 νγ’,
846 591 893 623 νᾶ,

470 633 484 651 ο
512 644 520 657 ,
561 628 595 659 η’.

470 628 520 652 οβ’.
540 628 595 652 Ln'.

470 635 484 651 ο
579 635 595 652 ἰ

174 669 226 705 νγ’.
253 670 362 706 Ἐπειδὴ
377 670 478 706 μείζων
486 635 594 706 z’xﬂa
607 671 717 706 πνεῦμα
731 671 865 707 οίκειότης
880 673 930 707 τῆς

137 717 194 744 τῶν
211 716 345 750 σωμάτων
361 716 519 751 συναφείας,
536 716 659 750 ἔγνωμεν
673 717 702 743 δὲ
715 717 744 744 ἕν
757 726 812 744 τισι
836 717 931 747 τόποις

138 763 216 795 τινὰς
240 763 272 789 ὲκ
294 761 343 789 τοῦ
366 762 445 797 ἁγίου
468 764 516 789 καὶ
538 763 728 798 σωτηριώδους
743 763 932 799 βαπτίσματος

139 809 239 840 παῖδας
254 808 478 843 ἀναδεχομένους,
495 809 564 844 μετά
579 809 656 836 τοῦτο
669 811 729 842 ταῖς
750 810 863 836 ἐκείνων
880 818 932 845 μηη

138 854 219 891 τράσι
232 853 411 890 χηρευούσαις
424 854 544 890 γαμικὸν
560 855 792 888 συναλλάσσοντας
810 856 931 883 συνοικέ-

978 269 1101 297 minatim
1118 277 1184 298 suos
1199 270 1268 298 ﬁlios
1291 271 1428 299 haereticis
1453 271 1629 300 matrimonio
1655 272 1772 307 conjun-

978 323 1051 350 gere.

1013 362 1059 389 51.
1079 361 1156 395 Quod
1173 370 1226 390 non
1242 367 1351 398 oportet
1378 370 1441 390 cum
1459 362 1533 391 omni
1548 363 1688 396 hatretico,
1705 367 1771 395 εις..

977 413 1007 435 ut
1018 417 1079 443 pag.
1097 409 1161 436 885.

1114 452 1227 480 Concilii
1241 452 1466 481 Chalcedonensis
1481 461 1567 480 canon
1589 453 1634 480 16.

1015 498 1059 526 16.
1075 498 1215 534 Virginem
1231 507 1293 535 quae
1306 507 1336 528 se
1351 499 1467 527 Domino
1479 499 1535 528 Deo
1548 499 1693 531 dedicavit,
1706 504 1773 529 εις..

980 550 1010 573 ut
1028 554 1089 581 pag.
1106 546 1169 574 75L

1023 592 1137 620 Concilii
1155 592 1308 620 tecumenict
1320 599 1347 620 vt
1363 600 1475 620 canones
1492 592 1537 625 53,
1553 591 1601 625 54,
1621 591 1666 624 72,
1681 591 1728 619 98.

1019 683 1064 710 55.
1085 682 1221 716 Quoniam
1236 681 1369 717 spiritalis
1387 681 1561 710 necessitudo
1579 688 1627 708 seu
1657 679 1775 708 aﬂinilas

982 734 1130 762 corporum
1162 726 1359 761 conjunctione
1383 725 1471 760 major
1495 729 1554 756 est.
1582 725 1610 752 in
1635 724 1774 752 nonnullis

982 779 1072 807 autem
1088 773 1157 801 lor-is
1173 772 1354 807 cognovimus
1366 771 1513 806 quosdam,
1529 771 1576 806 qui
1589 778 1620 798 ex
1638 774 1735 797 sancto
1748 774 1776 797 et

982 819 1096 847 salutari
1130 818 1293 853 baptismate
1326 817 1449 844 infantes
1481 817 1651 852 suscipiunt,
1682 820 1775 851 postea

984 872 1095 900 qttoqtte
1112 872 1174 891 cum
1189 864 1325 891 matribus
1338 864 1447 890 illorutn
1463 863 1553 890 viduis
1569 862 1774 890 matrimonium

140 909 210 932 σιον,
237 900 365 935 ὁρίζομεν
391 900 446 926 ἀπὸ
471 900 518 927 τοῦ
542 900 676 936 παρόντος
702 901 786 936 μηδὲν
811 901 933 928 τοιοῦτον

992 895 1159 942 cont-rabere,
1191 910 1338 937 statuimus
1362 913 1393 936 ιιι
1420 910 1448 936 in
1473 913 1612 944 posterum
1638 907 1704 934 nihil
1729 908 1776 934 llat

140 946 311 983 πραχθῆναι.
343 945 377 972 Ei
390 945 418 973 δέ
434 954 507 978 τινες
523 946 592 981 μετά
615 947 660 973 τὸν
684 947 807 982 παρόντα
830 947 932 974 κανόνα

140 992 292 1028 φωραθεῖεν
318 991 400 1019 τοῦτο
423 991 580 1026 ποιοῦντες,
610 993 796 1027 πρωτοτύπως
828 993 877 1028 μὲν
906 994 932 1020 oi

140 1037 256 1065 τοιοῦτοι
279 1037 491 1072 ἀφιστάσθωσαν
514 1037 560 1063 τοῦ
585 1038 743 1073 παρανόμου
756 1038 851 1066 τούτου
867 1048 931 1066 συν-

140 1083 271 1117 οικεσίου,
287 1083 384 1110 ἔπειτα
399 1083 427 1110 δὲ
440 1082 486 1110 καὶ
503 1084 560 1115 τοῖς
572 1083 628 1110 τῶν
643 1084 829 1119 πορνευόντων
843 1084 931 1111 ἐπιτι-

141 1130 214 1166 μίοις
230 1129 471 1165 ὑποδληθήτωσαν.

178 1175 224 1204 νδ’.
245 1177 302 1212 Τῆς
325 1175 401 1207 θείας
428 1176 503 1211 ἡμᾶς
525 1175 598 1203 οὕτω
619 1173 932 1212 σαφῶςὲκδιδασκούσης

140 1223 263 1260 Γραφῆς·
274 1223 335 1249 Οὐκ
344 1222 507 1256 εὶσελεύσῃ
513 1221 588 1256 πρὸς
597 1221 695 1249 πάντα
701 1222 813 1249 οἰκεῖον
818 1224 929 1257 σαρκός

140 1269 412 1303 σουβποκαλύψαι
423 1268 647 1303 ἀσχημοσύνην
660 1269 765 1301 αὑτοῦ,
779 1270 793 1295 ὀ
805 1269 932 1304 θεοφιλὴς

141 1315 282 1351 Βασίλειος
289 1314 349 1342 τινὰ
362 1314 417 1341 τῶν
434 1314 666 1350 ἀπηγορευμένων
677 1315 775 1350 γάμων
786 1315 815 1341 ὲν
823 1316 879 1347 τοῖς
891 1316 932 1342 oi-

140 1361 226 1393 κείοις
249 1361 359 1388 κανόσιν
389 1360 619 1396 ἀπηριθμήσατο,
645 1362 734 1396 σιωπῇ
754 1361 789 1388 τὰ
817 1361 932 1388 πλεῖστα

141 1407 343 1444 παραδραμὼν.
358 1407 405 1434 καὶ
420 1407 480 1434 κατ’
492 1406 636 1442 ἀμφότερα
648 1407 856 1438 κατασκευάσας
867 1408 933 1442 ἡμῖν

140 1453 172 1480 τὸ
184 1453 336 1488 ὠφέλιμον.
344 1450 383 1479 Τὸ
394 1452 449 1487 γὰρ
461 1452 516 1479 τῶν
530 1452 650 1488 αἰσχρῶν
663 1453 816 1487 ὀνομασιῶν
830 1453 932 1487 πλῆθος

141 1498 391 1534 παραιτησάμενος,
405 1498 443 1530 ὥς
458 1498 491 1525 ἂν
508 1499 546 1534 μὴ
558 1498 603 1524 τὸν
615 1498 693 1532 λόγον
703 1499 932 1535 καταρῤυπαίνοι,

987 955 1135 991 ejusmodi.
1152 954 1180 983 Si
1197 955 1242 990 qtti
1260 960 1352 982 autem
1376 960 1437 990 post
1453 958 1615 989 praesentem
1642 960 1776 980 canone-ut

989 1004 1040 1030 hoc
1054 1002 1143 1029 facere
1161 1001 1323 1036 deprehensi
1340 1001 1455 1032 fuerint,
1469 1000 1486 1027 ii
1500 1000 1611 1035 quidem
1627 999 1709 1035 5.06
1719 999 1777 1033 pri-

988 1055 1033 1075 mo
1046 1048 1080 1075 ab
1095 1048 1145 1075 hoc
1166 1047 1260 1074 illicito
1280 1047 1457 1074 matritnonio
1476 1047 1622 1079 desistant,
1638 1046 1736 1073 deinde
1749 1050 1778 1073 et

987 1094 1185 1122 fornicatorum
1200 1093 1289 1128 poenis
1304 1093 1499 1129 subjiciantur.

1024 1187 1068 1215 54.
1088 1186 1156 1214 Cum
1182 1186 1274 1214 divina
1297 1186 1437 1221 Scriptura
1460 1194 1511 1214 nos
1533 1190 1627 1222 aperte
1650 1186 1747 1214 doceat
1768 1195 1778 1214 :

987 1233 1050 1260 Non
1074 1232 1231 1268 ingrediaris
1257 1232 1292 1258 ad
1318 1240 1420 1259 munem
1443 1233 1664 1267 consanguineam
1691 1233 1779 1260 carnis

993 1284 1046 1306 tua:
1063 1279 1098 1305 ad
1127 1277 1296 1306 revelandam
1323 1278 1381 1309 eius
1409 1278 1602 1312 turpitudinem
1623 1277 1644 1309 ⁸,
1669 1277 1780 1305 divinus

988 1323 1108 1351 Basilius
1121 1323 1133 1339 ⁵
1153 1323 1301 1350 nonnullas
1329 1322 1480 1357 proltihitas
1495 1323 1606 1357 nuptias
1619 1323 1645 1349 in
1660 1323 1718 1350 suis
1733 1330 1781 1350 ca-

987 1368 1107 1396 nonibtts
1120 1368 1306 1399 enumeravit,
1322 1367 1416 1395 multis
1441 1367 1552 1394 silentio
1577 1369 1735 1402 praeteritis,
1753 1373 1781 1396 et

989 1413 1032 1440 his
1049 1413 1172 1447 utrisque
1186 1413 1266 1439 nobis
1276 1412 1422 1439 utilitatem
1439 1412 1540 1439 attulit.
1553 1411 1687 1447 anpinm
1704 1412 1779 1439 enim

989 1459 1132 1486 nominum
1148 1458 1326 1485 multitudine
1340 1458 1456 1489 evitata.
1471 1465 1505 1485 ne
1518 1458 1608 1485 verbis
1626 1458 1778 1485 orationem

988 1505 1132 1539 pollueret,
1149 1504 1323 1539 generalibus
1341 1503 1500 1531 nominibus
1516 1504 1689 1538 impuritatvs
1702 1511 1780 1531 com-

139 1545 198 1576 τοῖς
213 1545 318 1580 ῥήμασι
332 1545 449 1579 γενικοῖς
465 1544 551 1578 ὄνομα
566 1543 616 1576 τῆς
627 1544 797 1579 ἀκαθαρσίας
812 1544 931 1574 διέλαὸε.

992 1551 1084 1586 plexus
1102 1555 1153 1581 est.
1172 1557 1223 1585 per
1236 1557 1306 1584 quas
1328 1550 1434 1585 legibus
1450 1550 1552 1576 vetitas
1573 1550 1684 1584 nttptias
1701 1550 1781 1577 nobis

140 1591 175 1617 δι’
195 1587 233 1618 ὧν
257 1591 440 1626 περιεκτικῶς
461 1591 528 1625 ἡμῖν
550 1590 613 1621 τοὺς
639 1591 814 1625 παρανόμους
830 1591 933 1626 γάμους

992 1598 1016 1624 ἱιι
1028 1604 1133 1624 summa
1147 1596 1276 1623 osleudil.
1285 1596 1420 1629 Quoniam
1428 1600 1519 1623 autem
1528 1600 1637 1630 propter
1645 1596 1780 1630 ejusmodi

141 1636 295 1669 ὑπέδειξεν”
317 1636 411 1672 ἐπειδὴ
432 1637 465 1671 τῇ
482 1635 595 1671 τοιαύτῃ
615 1637 717 1671 σιωπῇ,
739 1636 786 1663 καὶ
802 1636 842 1672 τῷ
858 1637 935 1663 ἀδια-

140 1682 255 1718 γνώστῳ
277 1682 329 1716 τῆς
352 1682 407 1708 τῶν
434 1681 563 1717 ἀθέσμων
590 1681 688 1716 γάμων
721 1682 935 1717 ἀπαγορεύσεως

141 1727 243 1762 ἑαυτὴν
258 1727 275 1762 ἡ
290 1726 370 1761 φύσις
386 1726 507 1762 συνέχεε,
531 1726 690 1761 συνείδομεν
712 1728 879 1762 γυμνότερον
900 1728 934 1754 τὰ

142 1774 208 1809 περὶ
220 1773 316 1800 τούτου
333 1772 474 1805 ἐκθέσθαι,
495 1771 632 1808 ὁρίζοντες
648 1773 702 1800 ἀπὸ
717 1772 763 1799 τοῦ
779 1771 827 1799 νῦν
843 1772 888 1799 τὸν
901 1774 933 1808 τῇ

140 1819 232 1856 οἰκείᾳ
256 1818 391 1854 ὲξαδέλφῃ
420 1819 489 1854 πρὸς
515 1819 606 1854 γάμου
634 1819 778 1845 κοινωνίαν
798 1819 935 1846 συναπτό-

142 1874 236 1902 μενον,
260 1865 277 1901 ἢ
299 1865 406 1900 πατέρα
422 1865 470 1891 καὶ
486 1865 542 1892 υἱὸν
558 1864 642 1900 μητρὶ
654 1865 701 1891 καὶ
715 1865 840 1899 θυγατρὶ,
857 1864 873 1900 ἢ
888 1865 935 1891 δύο

140 1913 238 1948 κόραις
257 1911 383 1946 ἀδελφαῖς
408 1911 514 1945 πατέρα
534 1911 582 1937 καὶ
602 1910 670 1941 υίὺν,
691 1911 708 1945 ἦ
730 1910 851 1944 ἀδελφοῖς
873 1910 935 1937 δυσὶ

142 1959 250 1995 μητέρα
267 1958 316 1985 καὶ
340 1958 489 1993 θυγατέρα,
509 1957 525 1992 ῆ
549 1957 680 1992 ἀδελφοὺς
700 1957 747 1983 δύο
763 1957 839 1984 δυσὶν
856 1957 934 1984 ἀδελ-

141 2007 216 2041 φαῖς,
232 2006 285 2032 ὑπὸ
296 2006 340 2032 τὸν
355 2006 404 2040 τῆς
416 2004 564 2036 ἑπταετίας
577 2003 687 2030 πίπτειν
698 2004 809 2035 κανόνα,
821 2005 937 2038 ἀφιστα-

144 2052 235 2088 μένων
261 2051 351 2079 αὺτῶν
380 2050 522 2086 προδήλως
548 2049 596 2076 τοῦ
621 2049 782 2085 παρανόμου
812 2058 935 2077 συνοικε-

141 2097 213 2124 σίου.

177 2143 227 2178 οβ’.
247 2143 293 2178 Μὴ
314 2142 417 2175 δξέστω
441 2141 582 2178 ὁρθόδοξον
606 2141 702 2177 ἄνδρα,
726 2142 851 2176 αῑρετικῇ
868 2148 933 2167 συν-

140 2191 277 2219 άπτεσθαι
293 2191 412 2225 γυναικὶ,
427 2199 455 2217 κ.
468 2198 494 2217 τ.
509 2189 534 2217 λ.

988 1643 1140 1674 silentium,
1155 1646 1183 1669 et
1201 1642 1272 1676 qttod
1290 1649 1345 1668 non
1369 1641 1487 1669 discerni
1512 1646 1605 1676 posset
1622 1642 1780 1669 illicitarum

988 1689 1147 1723 nuptiarum
1163 1686 1320 1722 prohibitio,
1334 1686 1451 1721 seipsam
1460 1691 1558 1714 natura
1573 1687 1696 1715 confudit
1709 1695 1716 1714 τ
1730 1695 1782 1714 no-

986 1735 1028 1762 bis
1045 1734 1133 1761 visum
1149 1737 1189 1761 cst
1209 1741 1240 1760 ea
1260 1734 1341 1767 paulo
1357 1733 1480 1768 apertius
1495 1740 1645 1768 exponere.
1668 1733 1703 1760 ab
1725 1735 1779 1761 hoc

987 1781 1116 1815 deincops
1129 1784 1251 1814 tempore
1268 1780 1460 1809 decernentes.
1477 1783 1507 1806 ut
1526 1779 1572 1814 qui
1596 1787 1662 1813 cum
1688 1780 1780 1814 patrui

987 1827 1030 1855 sui
1047 1827 1100 1854 lilia
1123 1826 1291 1853 matrimonii
1318 1825 1477 1853 societatem
1504 1825 1596 1852 inierit
1606 1833 1620 1858 ;'
1636 1821 1677 1852 vei
1704 1830 1782 1860 pater

987 1878 1014 1901 et
1028 1873 1111 1905 ﬁlius,
1125 1873 1172 1907 qui
1190 1880 1252 1899 cum
1270 1876 1358 1899 matre
1377 1875 1404 1898 et
1419 1872 1490 1904 ﬁlia;
1513 1871 1555 1898 vel
1583 1879 1646 1899 cum
1672 1872 1781 1899 duabus

988 1920 1086 1955 puellis
1112 1919 1255 1947 sororibus
1278 1923 1354 1954 pater
1370 1922 1397 1946 et
1420 1918 1507 1952 ﬁlius;
1525 1918 1567 1946 vel
1590 1927 1652 1945 cttm
1675 1918 1783 1946 duobus

989 1965 1121 1993 fratribus
1134 1968 1221 1991 mater
1234 1969 1261 1991 et
1277 1964 1343 1995 ﬁlia.
1358 1964 1400 1990 vel
1415 1963 1514 1992 fratres
1527 1964 1582 1991 duo
1594 1971 1657 1992 cum
1674 1964 1782 1992 duabus

989 2010 1143 2042 sororibus,
1161 2009 1188 2036 in
1207 2009 1344 2044 septennii
1361 2017 1494 2036 canonem
1516 2009 1646 2039 incidant.
1670 2010 1703 2037 iis
1720 2018 1783 2045 pro-

987 2056 1032 2082 cul
1043 2055 1127 2082 dubio
1139 2055 1272 2089 separatis
1286 2061 1301 2081 a
1319 2053 1425 2082 nefario
1441 2054 1621 2082 contubernio
1634 2055 1655 2082 ⁸.

1025 2148 1070 2176 '72.
1085 2146 1145 2174 Non
1169 2146 1252 2174 licere
1273 2146 1362 2173 virum
1386 2145 1569 2173 orthodoxam
1589 2152 1651 2173 cum
1669 2144 1782 2173 muliere

989 2193 1116 2222 haeretica
1129 2192 1270 2228 conjungi,
1285 2197 1350 2224 etc.,
1366 2196 1396 2219 ut
1408 2200 1469 2227 pag.
1486 2192 1552 2220 885.

178 2237 235 2272 tm’.
260 2237 290 2265 '0
313 2237 398 2272 ἑτέρῳ
425 2236 640 2272 μνηστευθεῖσαν
662 2236 799 2270 γυναῖκα,
823 2235 864 2262 ἔτι
887 2234 933 2262 τοῦ

1023 2241 1067 2268 98.
1081 2239 1134 2273 Qui
1141 2239 1219 2267 alteri
1228 2239 1420 2274 desponsatam
1429 2238 1569 2265 mulierem
1579 2245 1611 2265 eo
1620 2236 1710 2265 adhuc
1720 2237 1783 2264 vivo

143 2282 386 2321 μνηστευσαμένου
401 2282 512 2314 ζῶντος,
525 2282 594 2317 πρὸς
608 2281 698 2317 γάμου
714 2281 858 2308 κοινωνίαν
870 2281 936 2317 ἀγό-

142 2338 236 2368 μενος,
253 2329 292 2364 τῷ
306 2328 355 2363 τῆς
369 2328 492 2363 μοιχείας
504 2328 658 2354 ὑποκείσθω
672 2327 837 2363 ἐγκλήματι.

224 2375 360 2403 Συνόδου
379 2373 434 2408 τῆς
450 2373 585 2406 ἑνώσεως
597 2373 699 2401 κανὼν
716 2372 752 2406 α’,
769 2372 803 2409 β’,
820 2373 856 2407 γ’.

178 2421 214 2449 α’.
234 2421 369 2457 Τέταρτον
391 2420 480 2455 γάμον
497 2420 591 2455 μηδενὶ
608 2420 771 2455 τολμᾶσθαι,
791 2418 850 2447 ἀλλ’
866 2416 936 2446 εἶναι

141 2468 298 2503 ἀπόϐλητον
313 2467 462 2500 παντελῶς,
485 2467 512 2494 εἴ
523 2475 565 2498 τις
580 2467 628 2493 ἐπὶ
638 2466 760 2494 τοιοῦτον
772 2466 860 2493 ἐλθεῖν
873 2474 936 2492 συν-

142 2515 262 2542 οικέσιον
284 2514 487 2550 προθυμηθείη,
512 2514 602 2548 πάσης
623 2512 846 2548 ἀπεστερημένον
865 2509 936 2539 εἶναι

144 2561 284 2593 συνάξεως
300 2561 539 2596 ὲκκλησιαστικῆς,
564 2560 612 2586 καὶ
631 2559 716 2593 αὐτῆς
739 2560 789 2594 τῆς
809 2559 877 2595 πρὸς
891 2558 938 2585 τὸν

144 2608 224 2642 ἅγιον
241 2607 305 2634 ναδν
320 2607 424 2634 εἰσόδου
438 2607 588 2641 ἀλλότριον,
607 2605 702 2641 μέχρις
717 2605 750 2632 ἂν
763 2605 886 2640 ἐπιμένοι
899 2604 939 2639 τῷ

147 2653 321 2688 συνοικεσίῳ.
346 2651 433 2679 Τοῦτο
459 2653 513 2687 γὰρ
536 2652 584 2678 καὶ
607 2653 664 2683 τοῖς
680 2652 734 2687 πρὸ
748 2651 828 2687 ἡμῶν
850 2650 938 2685 ἁγίοις

144 2699 219 2732 ἔδοξε
237 2700 368 2735 Πατράσι,
379 2699 427 2726 καὶ
442 2699 522 2734 ἡμεῖς
532 2699 561 2725 δὲ
575 2698 624 2734 τὴν
636 2697 749 2733 γνώμην
761 2697 937 2733 ὲνδηλοτέραν

146 2746 297 2779 πηιοῡντες,
315 2747 352 2778 ὡς
366 2746 505 2781 ἀλλότριον
516 2745 596 2772 αὑτὸν
612 2746 662 2779 τῆς
676 2744 870 2780 Χριστιανικῆς
886 2752 937 2769 πο-

989 2287 1032 2315 cui
1057 2287 1220 2321 desponsata
1238 2290 1288 2317 est,
1308 2284 1335 2311 in
1354 2285 1510 2319 nuptiarum
1526 2284 1600 2311 ducit
1613 2283 1781 2316 societatem,

990 2332 1117 2360 adulterii
1135 2330 1244 2358 crimini
1256 2330 1429 2364 subjiciatur.

1145 2375 1257 2404 Concilii
1270 2375 1374 2402 umonis
1387 2382 1500 2402 canones
1517 2374 1543 2407 ἰ,
1565 2373 1593 2405 Ξ,
1608 2374 1636 2402 3.

1025 2422 1149 2459 4071.
1163 2421 1264 2448 Tribus
1294 2420 1397 2456 nuptiis
1428 2425 1540 2455 quartas
1558 2419 1675 2455 adjicere
1702 2427 1783 2447 nemo

990 2473 1147 2504 pmsumat,
1166 2468 1213 2495 sed
1226 2475 1340 2502 prorsus
1356 2466 1391 2494 ab
1404 2467 1438 2494 iis
1452 2467 1597 2497 abstineat.
1611 2473 1643 2494 ac
1658 2466 1778 2494 recorde-

991 2520 1035 2543 tur
1045 2523 1075 2542 se
1092 2522 1140 2550 per
1154 2514 1207 2542 tale
1219 2513 1325 2540 facinus
1347 2513 1381 2540 ab
1400 2513 1474 2540 omni
1495 2513 1634 2540 communi
1650 2512 1782 2540 ecclesia-

989 2561 1068 2592 stica.
1085 2560 1141 2587 imo
1153 2560 1187 2587 ah
1199 2558 1273 2586 omni
1289 2559 1362 2586 aditu
1375 2559 1473 2586 domus
1486 2566 1572 2586 sacne
1584 2558 1727 2585 exclusum
1741 2557 1778 2584 iri

989 2615 1038 2642 per
1053 2613 1135 2634 omne
1148 2609 1256 2639 tempus
1267 2611 1322 2638 quo
1340 2604 1396 2631 isto
1417 2604 1480 2631 vitae
1496 2611 1595 2638 genere
1617 2607 1720 2629 utatur.
1736 2601 1783 2629 Sic

986 2652 1060 2678 enim
1095 2650 1198 2678 sanctis
1222 2650 1298 2684 prius
1326 2649 1406 2676 etiam
1434 2656 1517 2684 quatn
1548 2648 1638 2681 nobis,
1669 2647 1782 2682 placuit.

987 2697 1074 2730 Quam
1085 2696 1195 2731 quidem
1219 2695 1381 2723 sententiam
1398 2694 1573 2722 dilucidaturi
1588 2693 1784 2721 conﬁrmamus

986 2743 1120 2777 ejusmodi
1134 2742 1242 2778 nuptias
1256 2741 1378 2769 moribus
1388 2739 1554 2769 Christianis
1567 2745 1729 2774 repugnare.

147 2795 250 2826 λιτείας
265 2793 508 2830 ἀποκηρύττομεν
533 2793 591 2820 ἀλλ’
604 2792 675 2820 οὓτω
691 2792 741 2828 μὲν
756 2793 819 2828 περὶ
833 2791 881 2819 τοῦ
898 2792 1030 2827 τετάρτου
1047 2791 1148 2827 γάμου.

184 2874 195 2889 ⁸
215 2874 292 2901 chit
316 2881 392 2906 ιινιιι,
407 2874 452 2901 06.
490 2873 500 2888 ⁵
516 2873 584 2899 Can.
609 2872 642 2899 88
663 2875 690 2900 et
713 2871 757 2899 68.
796 2872 806 2888 θ
828 2871 891 2899 Vide
906 2879 967 2899 can.
983 2871 1018 2898 2'5
1039 2870 1130 2897 Basilii
1146 2870 1178 2897 ad
1197 2869 1368 2901 Amphiloch.
