1959 3060
209 168 262 201 895

780 141 909 191 rnom
927 159 1178 192 PATRIARCIL‘E
1198 164 1252 196 cr.
1782 174 1828 205 ago

243 224 271 251 2.
279 222 330 251 Sed
337 220 517 251 secundarum
524 215 987 255 quoquetertiarumquenuptiarun

1084 215 1116 251 β’.
1137 217 1194 244 Ἵνα
1210 219 1238 245 δὲ
1254 219 1301 246 καί
1317 220 1350 247 τὰ
1368 220 1422 247 τῶν
1438 221 1525 249 ἄλλων
1545 223 1643 259 γάμων
1666 224 1828 261 εὐσχημονέ-

210 269 381 297 conditiones
408 266 583 294 excusatione
607 271 675 299 opus
692 263 791 290 habent
806 267 899 297 utpote
910 262 993 289 Chri-

208 316 359 343 stianorum
390 312 513 339 moribus
538 311 630 338 minus
651 313 843 343 congruentes.
861 308 893 335 Et
907 308 994 335 tertiae

207 361 318 396 quidem
337 367 351 386 a
365 358 492 385 Patribus
519 357 585 391 ipsis
609 355 701 382 minus
722 355 790 381 bene
808 359 836 381 et
860 361 915 380 non
933 354 994 381 sine

208 411 270 433 nota
298 404 436 432 sorditatis
464 401 735 429 commendabantur.
769 398 837 426 Cum
863 399 936 426 enim
957 399 992 426 ob

207 451 337 486 majorem
354 448 545 476 verecundiam
557 454 588 474 ea
606 453 649 473 res
674 446 778 479 pudore
797 453 851 472 non
867 445 991 476 vacabat,

207 504 266 529 nec,
294 499 324 522 ut
351 501 424 521 nunc
448 492 569 528 quidem,
595 492 623 518 in
638 498 728 518 mores
745 490 818 524 ipsos
833 490 990 517 transierat.

209 541 287 573 Quod
313 540 384 568 enim
403 538 500 566 accidit
516 538 541 565 ei
556 537 603 572 qui
627 544 684 564 rem
708 536 854 563 obscenam
876 535 903 562 in
917 538 992 569 parte

205 587 303 614 domus
322 583 463 612 recondita
479 583 586 614 viderit,
605 586 634 609 ut
658 581 736 609 ﬂocci
747 581 839 613 faciat,
855 581 911 608 imo
927 587 991 607 cum

206 631 329 658 libertate
340 630 374 657 de
383 637 414 657 ea
430 628 514 656 verba
527 627 620 660 faciat,
635 627 675 655 sic
685 631 712 654 et
727 634 776 654 nos
791 625 922 661 quidquid
935 633 991 653 sor-

205 677 261 704 didi
290 676 439 709 inbaescrit,
455 675 578 710 ejicimus
596 681 628 701 ac
650 673 741 701 minus
760 673 885 700 odiosum
900 672 991 699 reddi-

206 729 279 748 mus.
308 720 393 756 lgitur
420 720 571 748 debilitatis
594 719 720 746 humanae
739 718 847 745 ratione
862 718 951 745 habita
964 722 991 745 et

203 775 235 794 ea
252 774 313 802 quae
324 766 496 794 Christianos
508 766 596 797 decet,
612 764 775 792 verecundia
787 765 841 797 usi,
856 764 990 798 ejusmodi

205 811 308 846 nuptiis
336 811 529 839 abstinendum
548 817 610 838 esse
634 810 834 837 existimamus.
857 809 925 836 Nam
942 809 988 844 qui

203 857 444 892 quadragesimum
469 855 589 891 attigerit
615 863 731 887 annum,
755 859 782 882 et
797 855 871 882 nullo
885 859 989 884 natura:

1046 270 1140 298 στερον
1167 265 1297 301 τυπωθῇ,
1325 266 1371 293 καὶ
1391 267 1439 293 τοῦ
1454 267 1508 296 τῶν
1522 269 1695 304 Χριστιανῶν
1719 272 1776 307 βίου
1794 273 1828 308 μὴ

1045 309 1154 341 ἀνάξιον
1168 309 1216 346 ἔχῃ
1232 311 1281 347 τὴν
1305 313 1497 348 προσαγωγὴν,
1522 316 1569 341 καὶ
1592 317 1656 351 περὶ
1678 318 1725 344 τοῦ
1740 319 1827 353 τρίτοι.

1023 369 1030 374 -
1044 354 1171 389 ὁρίζομεν
1184 356 1274 390 γάμου
1290 356 1359 383 ὥστε
1376 358 1412 392 μὴ
1427 359 1520 390 ἁπλῶς
1535 360 1603 396 μηδέ
1614 362 1652 394 ὡς
1664 363 1758 398 ἔτυχεν
1773 365 1829 390 ἑπι-

1043 399 1180 427 τελεῖσθαι
1193 401 1275 427 αὐτόν
1285 409 1293 417 ο
1313 402 1361 429 καὶ
1375 404 1430 438 γὰρ
1445 405 1654 441 συγκεχώρηται
1670 408 1719 442 μὲν
1733 409 1771 439 ὡς
1786 409 1828 445 ῥύ-

1044 452 1141 478 πασμα
1166 446 1223 477 τοῖς
1243 446 1390 482 Πατράσιν,
1419 448 1561 476 οὐπώποτε
1581 450 1671 482 καθὼς
1687 451 1734 478 νῦν
1753 461 1828 486 γινο-

1045 490 1126 524 μένου
1150 491 1197 517 τοῦ
1227 492 1389 526 πράγματος
1416 494 1692 530 ἀπηρυθριασμένου,
1715 497 1770 524 οὐδ’
1792 499 1829 530 είς

1043 534 1143 568 πλάτος
1173 536 1375 572 ὲξηπλωμένου,
1401 538 1459 565 ἀλλ’
1481 539 1576 576 ὥσπερ
1598 541 1626 566 εῐ
1649 549 1692 573 τις
1713 543 1742 569 ἐν
1766 543 1829 579 οἴκῳ

1042 583 1264 616 παραπεπτωκὺς
1279 584 1308 609 ἐν
1321 583 1408 619 γωνίᾳ
1429 584 1537 620 παρίδοι
1559 585 1688 618 πολλάκις
1706 587 1830 622 κείμενον

1042 627 1176 662 ῥύπασμα
1190 635 1196 642 ·
1214 627 1261 654 νῦν
1278 628 1318 654 ὅτι
1335 628 1426 664 χώραν
1445 629 1525 656 ἔλαϐε
1543 631 1708 666 παρρησίας,
1727 633 1773 658 καὶ
1794 633 1829 665 ὡς

1041 672 1117 698 οὐδὲν
1130 672 1191 707 ἔχον
1204 673 1243 704 είς
1259 673 1452 708 ἀσχημοσύνην
1463 675 1523 702 οὐδὲ
1539 676 1669 710 ρυπαίνον
1682 676 1827 711 λογίζεται.

1041 718 1074 743 ἐκ
1088 717 1135 743 τοῦ
1157 718 1290 753 προϐῆναι
1303 719 1343 750 είς
1358 719 1527 754 πληθυσμὺν,
1551 720 1640 752 καλῶς
1661 721 1750 754 ἔδοξεν
1766 724 1829 750 ἀνα-

1042 759 1182 795 καθαίρειν
1197 761 1264 788 αὐτὸ
1277 761 1371 798 ὥσπερ
1385 764 1431 789 καὶ.
1447 762 1542 799 αἶσχος
1551 764 1601 790 οὐκ
1615 766 1644 792 ἐν
1659 766 1745 802 γωνίᾳ
1760 773 1829 803 παρ-

1041 805 1209 841 ερῤιμμένον
1226 806 1284 833 ἀλλ’
1301 807 1492 842 ἐξηπλωμένον
1512 810 1558 836 ἐπὶ
1571 810 1620 845 τῆς
1635 810 1733 844 οἰκίας,
1751 812 1829 838 οὐδα-

1043 851 1102 885 μῶς
1113 851 1212 887 ἐῶμεν,
1227 853 1295 879 ἀλλὰ
1308 854 1485 889 καθαίρομεν,
1500 855 1547 882 καὶ
1558 856 1587 882 τὺ
1601 857 1634 882 ἐκ
1647 857 1741 883 τούτου
1750 858 1830 893 ἀηδὲς

204 889 232 930 ct
246 889 337 929 decori
351 902 424 936 quod
439 909 455 929 a
470 889 626 928 Christiana
650 907 791 934 nunquam
817 899 916 927 abesse
934 899 986 927 vita

1040 895 1228 931 ἀποϐάλλομεν
1238 904 1244 911 ·
1266 898 1312 923 καὶ
1329 899 1362 933 τῇ
1377 899 1534 934 ἀνθρωπίνῃ
1548 899 1637 926 τοίνυν
1654 889 1830 928 συνυπείκονι

204 951 304 982 potest,
323 951 449 981 respectu
475 946 509 974 ad
531 946 638 973 tertiam
660 950 753 972 curret
781 952 904 977 uxorem,
929 944 989 972 solo

205 992 351 1028 voluptatis
364 992 476 1020 stimulo
483 992 628 1023 excitatus,
640 999 701 1018 cum
714 998 761 1026 per
771 990 987 1025 quinquennium

202 1041 437 1065 sacramentorum
478 1037 687 1072 participatione
726 1036 827 1071 privari
861 1035 989 1071 jubemus

202 1091 264 1111 cum
288 1084 362 1110 omni
390 1083 545 1110 severitate.
576 1081 627 1114 Qui
654 1081 726 1108 enim
755 1087 808 1107 non
835 1080 943 1106 erubuit
959 1080 986 1106 in

202 1127 304 1155 Christi
322 1127 441 1154 Ecclesia
456 1126 573 1154 hominis
591 1125 691 1160 impuri
716 1129 807 1159 partes
822 1132 851 1151 re
868 1131 893 1152 et
905 1125 987 1151 verbo

202 1181 293 1209 agere.
307 1181 409 1208 parum-
422 1173 521 1207 dignus
545 1177 588 1199 est
602 1173 649 1206 qui
663 1170 805 1198 clementia
826 1170 932 1197 fruatur
948 1169 988 1197 fa-

201 1223 364 1253 ctorumque
387 1217 583 1253 indulgentiam
611 1219 800 1251 persequatur.
826 1214 901 1242 Licet
913 1215 986 1242 enim

202 1265 229 1293 in
243 1272 351 1292 sacrum
365 1268 465 1292 coetum
483 1267 609 1298 receptus
630 1262 714 1289 fuerit
727 1269 776 1296 per
788 1262 914 1296 gratiam,
934 1261 986 1288 ista

202 1315 292 1338 tamen
304 1310 422 1346 receptio
436 1309 556 1344 perfecta
571 1316 626 1336 non
641 1309 694 1336 erit
708 1308 768 1336 sine
778 1307 986 1336 resurrectionis

202 1356 353 1384 Salvatoris
372 1355 458 1383 nostri
479 1360 506 1382 et
522 1354 567 1382 Dei
588 1354 735 1385 beneficio;
751 1361 837 1388 quare
848 1353 988 1380 absunen-

201 1403 246 1431 tia:
257 1400 577 1437 continentiaquem
587 1407 697 1434 operam
714 1400 804 1426 dando
819 1399 852 1426 ad
862 1398 988 1434 puritatis

199 1451 302 1477 statum
311 1452 481 1480 revertetur;
499 1451 562 1481 puta
588 1445 634 1472 ubi
653 1452 669 1472 e
686 1445 823 1480 prioribus
842 1443 988 1471 eonnubiis

200 1494 278 1522 liberi
298 1492 432 1529 procreati
455 1500 509 1519 non
530 1491 637 1524 adsunt,
665 1495 726 1525 post
747 1491 986 1525 quadragesimum

199 1540 262 1567 vitae
280 1546 381 1566 annum
394 1537 429 1566 ad
444 1537 538 1565 tertias
556 1537 701 1564 convolare
725 1536 842 1571 nuptias,
857 1534 899 1562 fas
913 1542 986 1567 esse,

199 1584 272 1620 quod
291 1584 381 1612 facere
393 1582 469 1610 nefas
496 1582 549 1610 erit
574 1582 620 1609 ubi
644 1581 702 1609 nati
718 1580 879 1616 superstites
898 1581 987 1615 priora

199 1630 335 1658 connubia
360 1629 534 1658 annuntiant.
564 1627 635 1660 Quid
657 1627 730 1654 enim
761 1625 891 1661 iniustius
905 1633 986 1659 quam

199 1674 303 1703 libidini
329 1674 518 1709 inopportuute
548 1672 680 1704 deditum,
706 1670 805 1697 liberos
821 1669 986 1709 aprioribus

199 1724 340 1754 susceptos
363 1719 494 1747 uxoribus
512 1717 646 1752 negligere
674 1720 804 1750 tanquam
826 1722 907 1747 onus.
926 1721 986 1742 mo-

199 1766 316 1798 lestiam.
331 1765 480 1800 presertim
500 1764 546 1791 ubi
568 1763 717 1790 liberarunt
741 1761 906 1788 abundantia
923 1760 986 1788 est?

199 1810 252 1844 Qui
279 1810 361 1846 igitur
385 1809 494 1845 triginta
515 1815 603 1836 annos
619 1810 699 1834 natus
712 1810 774 1842 post
798 1810 939 1841 susceptos
952 1813 985 1833 ex

199 1855 330 1883 uxoribus
344 1855 444 1882 liberos
458 1854 552 1882 tertias
570 1852 663 1880 inierit
677 1852 797 1887 nuptias,
809 1859 858 1887 per
867 1856 985 1887 quatuor

198 1908 286 1928 annos
311 1907 453 1928 sacrorum
479 1899 615 1934 particeps
639 1905 674 1925 ue
701 1902 760 1925 esto
779 1897 983 1932 mysteriorum,

199 1947 300 1982 quippe
321 1953 401 1981 quem
418 1945 485 1972 nihil
498 1943 581 1977 aliud,
608 1948 637 1971 ut
662 1943 766 1971 clarum
780 1947 831 1974 est,
844 1942 896 1970 nisi
920 1950 987 1970 con-

200 1991 367 2027 cupiscentia
388 1995 415 2018 et
430 1990 560 2018 effrenata
574 1989 656 2017 libido
672 1989 706 2016 ad
719 1989 828 2023 nuptias
843 1988 984 2024 compulit.

198 2037 276 2070 Quod
303 2037 325 2065 si
349 2041 441 2072 postea
464 2036 602 2071 mysteriis
623 2035 647 2063 ei
675 2035 727 2062 frui
753 2035 927 2067 concedetur,
944 2039 985 2062 ter

198 2090 245 2118 per
257 2090 357 2110 annum
373 2082 406 2110 ad
413 2082 606 2110 eucharistiam
621 2082 740 2113 accedet,
750 2080 851 2116 primo,
863 2084 984 2115 tempore

197 2129 326 2157 salutaris
342 2127 553 2156 resurrectionis
564 2127 629 2155 Jesu
654 2127 754 2155 Christi
766 2130 793 2154 et
814 2125 862 2153 Dei
876 2134 883 2159 ;
898 2125 982 2153 altera

197 2174 255 2201 vice
269 2174 297 2201 in
328 2173 516 2208 assumptione
539 2172 721 2200 immaculata:
744 2171 886 2207 Deiparaa;
903 2171 983 2199 tertia

1042 948 1088 972 τες
1103 940 1240 978 ἀσθενείᾳ,
1256 943 1304 969 καὶ
1320 943 1369 978 τῆς
1386 943 1544 979 πρεπούσης
1559 945 1688 981 αἰσχύνης
1703 947 1830 982 φροντίδα

1044 985 1201 1021 ποιούμενοι
1215 988 1247 1021 τῇ
1270 988 1441 1022 Χριστιανῶν
1464 987 1531 1024 ζωῇ,
1554 989 1633 1016 τοῦτο
1646 991 1691 1018 ἐπὶ
1706 991 1760 1017 τῶν
1773 1000 1830 1028 τρι-

1043 1032 1139 1066 γάμων
1165 1033 1425 1068 παραφυλάττεσθαι
1452 1034 1621 1070 διορίζομεν,
1647 1036 1718 1062 ὥστε
1739 1037 1767 1063 εἴ
1789 1045 1830 1068 τις

1041 1077 1111 1112 πρὸς
1123 1079 1339 1113 τεσσαρακοστὸν
1355 1079 1536 1115 ἀναϐεὸηκὼς
1550 1080 1619 1112 Ετος,
1634 1081 1682 1107 καὶ
1697 1082 1765 1117 μήτε
1781 1082 1830 1117 τὴν

1042 1122 1124 1157 φύσιν
1137 1123 1305 1158 αἰδούμενος.
1322 1125 1391 1160 μήτε
1405 1126 1454 1160 τῆς
1466 1125 1643 1161 ὀφειλομένης
1658 1127 1829 1161 Χριστιανοίς

1041 1167 1176 1202 εὐκόσμου
1188 1168 1261 1203 ζωῆς
1271 1169 1399 1204 φροντίδα
1418 1171 1588 1206 ποιούμενος,
1602 1171 1668 1198 ἀλλὰ
1687 1173 1771 1207 μόνης
1781 1173 1829 1208 τῆς

1042 1213 1184 1248 ἐμπαθοῦς
1199 1214 1347 1248 ἐπιθυμίας
1369 1216 1525 1250 γενόμενος,
1547 1217 1615 1251 πρὸς
1630 1218 1719 1253 τρίτον
1734 1218 1829 1245 ἑαυτὸν

1042 1258 1198 1293 ἐπιρῤίπτοι
1215 1260 1314 1295 γάμον,
1330 1260 1425 1287 τοῦτον
1439 1262 1507 1296 μετὰ
1525 1263 1615 1297 πάσης
1628 1263 1771 1298 ἀκριϐείας
1783 1265 1829 1290 καὶ

1042 1304 1270 1339 παρατηρήσεως,
1284 1305 1366 1340 μέχρι
1381 1307 1541 1339 πενταετίας
1556 1307 1688 1343 ἀμέτοχον
1701 1306 1770 1336 εῐναι
1781 1310 1829 1344 τῆς

1040 1347 1087 1375 τοῦ
1105 1349 1241 1384 ἀγιασμοῦ
1258 1351 1445 1385 μετιιλήιίιεως⁹
1467 1352 1515 1378 καὶ
1541 1352 1673 1388 μηδαμῶς
1695 1353 1738 1380 ἐπ’
1755 1354 1830 1389 αὺτῷ

1042 1394 1238 1429 συντέμνεσοαι
1254 1395 1300 1422 τὸν
1312 1398 1417 1432 χρόνον.
1434 1398 1484 1428 ’ος
1502 1397 1556 1432 γὰρ
1575 1399 1644 1433 μετὰ
1663 1407 1830 1435 τεσσαρακο-

1042 1439 1103 1466 στὸν
1117 1440 1176 1472 Ero;
1190 1441 1219 1467 τὸ
1233 1441 1365 1476 ρύπασμα
1379 1443 1409 1468 ἐν
1422 1444 1454 1477 τῇ
1472 1443 1518 1468 τοῦ
1540 1443 1659 1478 Χριστοῦ
1682 1445 1829 1480 Ἐκκλησία

1041 1483 1111 1512 εἶναι
1129 1485 1177 1512 καὶ
1190 1486 1318 1521 λέγεσθαι
1333 1487 1472 1522 ἠγάπησε,
1495 1488 1555 1515 τίνα
1568 1489 1680 1526 παρέξει
1694 1491 1830 1526 πληροφο-

1041 1531 1102 1566 ρίαν
1113 1531 1164 1566 τῆς
1182 1532 1246 1566 περὶ
1259 1532 1305 1558 τὸν
1321 1532 1378 1567 βίον
1394 1533 1477 1560 αὑτοῦ
1496 1535 1626 1569 σπουδῆς,
1645 1535 1678 1561 δι’
1693 1535 1726 1570 ἢν
1741 1538 1755 1562 ό
1767 1537 1830 1572 χρόα

1040 1585 1085 1608 νος
1101 1577 1150 1612 τῆς
1167 1577 1344 1612 μεταλήψεως
1360 1579 1415 1605 τῶν
1430 1580 1609 1615 ἀγιασμάτων
1623 1581 1696 1616 αὐτῷ
1711 1590 1831 1617 συντμη-

1041 1621 1171 1656 θήσεται;
1206 1623 1286 1650 Ἀλλά
1308 1625 1361 1659 γὰρ
1387 1625 1434 1651 καὶ
1461 1626 1530 1660 μετά
1550 1626 1581 1652 τὸ
1604 1627 1755 1663 ἀξιωθῆναι
1780 1629 1830 1662 τῆς

1040 1668 1175 1703 ἀχράντου
1201 1670 1397 1705 μεταλήψεως,
1423 1671 1473 1698 οὐκ
1490 1671 1566 1698 ἔσται
1584 1674 1830 1708 συγκεχωρημένον

1040 1714 1116 1749 αὺτῷ
1129 1715 1158 1741 ἐν
1175 1714 1247 1750 ἄλλῳ
1270 1716 1359 1752 καιρῷ
1372 1718 1406 1752 τῇ
1428 1717 1577 1753 μεταλήψει
1596 1720 1745 1754 προσιέναι,
1764 1720 1780 1755 ἢ
1800 1721 1830 1746 ἐν

1042 1760 1110 1796 μόνῃ
1125 1761 1158 1796 τῇ
1172 1761 1218 1787 τοῦ
1233 1762 1359 1796 Σωτῆρος
1375 1763 1423 1789 καὶ⁸
1437 1762 1503 1789 Θεοῦ
1517 1764 1596 1799 ἡμῶν
1610 1765 1766 1796 ἀναστάσει,
1785 1765 1830 1792 δια

1039 1805 1088 1841 τὴν
1101 1807 1134 1833 ἐκ
1146 1806 1197 1842 τῆς
1210 1809 1420 1844 προηγουμένης
1439 1810 1603 1844 ἐγκρατείας
1624 1811 1679 1837 τῶν
1696 1811 1830 1846 νηστειῶν

1038 1850 1100 1878 ὅσον
1113 1851 1225 1879 δυνατδν
1236 1853 1436 1890 ἀνακάθαρσιν.
1445 1854 1537 1881 Ταῦτα
1547 1855 1575 1882 δέ
1590 1864 1691 1890 φαμεν,
1709 1856 1774 1882 ὃταν
1790 1857 1830 1891 μὴ

1038 1896 1121 1923 τέκνα
1135 1899 1212 1934 παρῇ
1227 1898 1259 1924 ἐκ
1271 1898 1326 1926 τῶν
1342 1900 1481 1935 προτέρων
1497 1900 1604 1936 γάμων,
1620 1902 1676 1933 τοῖς
1693 1901 1743 1936 ἤδη
1759 1903 1831 1936 μετά

1038 1944 1068 1969 τὸ
1077 1945 1297 1980 τεσσαρακοστὸν
1311 1945 1381 1979 ἔτος,
1392 1946 1487 1981 τρίτην
1500 1947 1614 1980 άγεσθαι
1626 1949 1829 1983 προῃρημένοις

1038 1990 1174 2023 γυναῖκα’
1189 1991 1250 2018 ἐπεὶ
1264 1991 1312 2018 ἐὰν
1325 1991 1409 2019 τέκνα
1423 1995 1510 2029 παρῇ,
1526 1993 1718 2029 ἀσυγχώρητος
1735 1995 1830 2026 αὐτοῖς

1038 2036 1055 2070 ἡ
1069 2036 1203 2071 τριγαμία
1214 2044 1222 2051 ·
1243 2035 1305 2063 λίαν
1320 2037 1373 2073 γάρ
1388 2038 1460 2064 ἐστιν
1474 2039 1576 2070 ἄδικον,
1593 2040 1639 2065 τὸν
1654 2039 1704 2074 μὲν
1719 2039 1832 2074 χαρίζε-

1038 2081 1101 2107 σθαι
1118 2082 1151 2117 τῇ
1175 2081 1269 2117 ὲξὼρῳ
1285 2082 1428 2118 ἐπιθυμίᾳ,
1448 2085 1504 2114 τοῖς
1520 2084 1549 2110 δὲ
1563 2084 1643 2110 παισὶ
1659 2084 1714 2110 τῶν
1727 2085 1830 2120 προτέ-

1039 2135 1094 2162 ρων
1105 2127 1202 2162 γάμων
1215 2128 1253 2163 μὴ
1265 2129 1438 2164 προνοεῖσθαι
1450 2130 1480 2156 τὸ
1492 2129 1612 2164 ἀσφαλὲς
1623 2130 1669 2156 καὶ
1682 2130 1712 2157 τὸ
1725 2130 1832 2157 ἄλυπον

1037 2173 1084 2200 καὶ
1106 2173 1254 2209 ἀτάραχον,
1278 2175 1326 2201 καὶ
1347 2175 1409 2201 ὅσον
1433 2173 1486 2202 οἶδε
1502 2175 1532 2202 τὸ
1556 2175 1724 2211 ἀνθρώπινον
1743 2185 1832 2204 κατα-

197 2220 256 2248 vice
269 2220 298 2247 in
314 2218 384 2247 festo
401 2218 464 2247 Jcsu
478 2219 580 2247 Christi
597 2218 700 2253 Deique
716 2217 860 2251 natalitio;
886 2218 986 2252 quibus

1040 2219 1188 2255 λαμϐάνειν
1203 2221 1236 2247 ἐκ
1249 2220 1301 2255 τῆς
1314 2221 1485 2257 πολυσπόρου
1498 2221 1671 2254 τεκνώσεως.
1682 2222 1736 2249 Καὶ
1750 2223 1777 2249 cf
1786 2232 1831 2255 τις

197 2264 291 2292 diebus
316 2263 451 2299 jejunium
477 2264 531 2292 erit
557 2262 752 2291 exercendum.
788 2261 984 2290 Deficientibus

1040 2266 1068 2292 δὲ
1082 2266 1295 2302 τριακονταετὴς
1308 2266 1357 2300 ὣν,
1371 2267 1418 2294 καὶ
1433 2268 1515 2294 τέκνα
1531 2267 1599 2303 ἔχων
1614 2269 1646 2295 ἐκ
1659 2268 1713 2296 τῶν
1727 2269 1833 2304 προλα-

197 2314 288 2337 autem
307 2309 399 2338 liberis
414 2310 509 2337 tertias
521 2309 592 2337 inire
605 2308 714 2344 nuptias
728 2308 829 2335 nemini
841 2308 981 2342 probrum,

1040 2311 1139 2338 δόντων
1153 2311 1260 2347 γάμων,
1279 2313 1359 2350 τρίτῃ
1374 2314 1536 2340 συνάπτοιτο
1551 2314 1671 2348 γυναικὶ,
1687 2315 1735 2341 καὶ
1750 2311 1834 2347 οὗτος

198 2356 332 2390 siquidem
355 2357 527 2391 paternitatis
547 2356 608 2392 jura
637 2363 766 2384 exercere
794 2356 937 2383 honestum
953 2363 985 2383 ac

1040 2357 1234 2394 ἀσυγχώρητος
1262 2358 1343 2394 μέχρι
1365 2359 1496 2395 τετάρτου
1523 2359 1600 2392 ἔτους
1619 2360 1668 2395 τῆς
1684 2361 1834 2392 κοινωνίας

198 2402 413 2437 reprehensione
430 2403 501 2430 haud
518 2402 715 2438 dignumJIaac
725 2403 760 2430 de
776 2402 865 2429 tertiis
884 2401 985 2437 nuptiis

1040 2403 1091 2429 τῶν
1116 2403 1303 2438 ἁγιασμάτων,
1320 2404 1368 2431 καὶ
1390 2404 1524 2440 ἀμέτοχος
1547 2404 1634 2432 ἔστω·
1660 2405 1728 2432 διότι
1749 2405 1834 2440 δῆλός

197 2448 361 2477 disseruisse
376 2447 502 2477 sufﬁciat.

1040 2449 1113 2476 ἐστιν
1127 2449 1156 2482 ἐξ
1171 2449 1276 2482 οὐδενὸς
1292 2449 1398 2485 ἐτέρου,
1413 2451 1471 2477 ἀλλ’
1487 2451 1540 2477 ὑπὸ
1554 2451 1690 2486 ἀκρασίας
1702 2451 1835 2486 κινούμε-

199 2505 253 2530 νος,
281 2497 328 2523 καὶ
346 2497 393 2524 τοῦ
408 2497 500 2528 δοῦλος
523 2493 593 2523 εἶναι
610 2497 743 2532 σαρκικῆς
763 2495 922 2532 ἐπιθυμίας⁹
943 2496 988 2524 ἐπὶ
1007 2497 1053 2523 τὸν
1066 2497 1185 2524 τοιοῦτον
1198 2497 1285 2532 γάμον
1300 2497 1385 2524 ἐλθών
1397 2506 1403 2512 ·
1438 2498 1486 2525 καὶ
1499 2498 1568 2534 μετὰ
1583 2499 1613 2525 τὺ
1633 2500 1724 2533 τυχεῖν
1735 2499 1763 2525 δέ
1776 2499 1832 2534 τῆς

202 2541 379 2578 μεταλήψεως
389 2543 444 2569 τῶν
457 2542 624 2578 μυστηρίων,
637 2542 696 2578 τρὶς
709 2542 756 2569 τοῦ
772 2543 896 2570 ἐνιαυτοῦ
909 2543 990 2579 μόνον
1009 2543 1191 2578 ἀξιωθήσεται
1222 2543 1376 2570 ἀπολαῦσαι
1386 2551 1393 2559 ⁸
1415 2543 1490 2575 ἅπαξ
1521 2544 1580 2579 μὲν,
1596 2544 1626 2571 ἐν
1640 2544 1766 2579 σωτηρίῳ
1781 2544 1833 2571 τοῦ

197 2590 316 2626 Χριστοῦ
332 2591 381 2618 καὶ
394 2590 461 2618 Θεοῦ
476 2590 555 2626 ἡμῶν
571 2591 719 2619 ἀναστάσει
730 2598 737 2607 ο
752 2590 890 2626 δεύτερον,
920 2592 950 2618 ἐν
965 2593 997 2627 τῇ
1020 2592 1147 2627 κοιμήσει
1171 2591 1220 2625 τῆς
1244 2590 1379 2626 ἀχράντου
1409 2591 1558 2626 Δεσποίνης
1582 2591 1661 2626 ἡμῶν
1676 2591 1809 2617 Θεοτόκου
1824 2598 1833 2606 ·

199 2638 247 2666 καὶ
261 2638 364 2674 τρίτον,
380 2639 409 2665 ἐν
430 2640 463 2674 τῇ
481 2637 611 2674 γενεθλίῳ
627 2638 720 2674 ἡμέρᾳ
737 2637 784 2665 τοῦ
807 2638 927 2673 Χριστοῦ
941 2640 992 2665 καὶ
1008 2639 1076 2666 Θεοῦ
1091 2638 1184 2674 ἡμῶν·
1208 2638 1252 2665 διὰ
1281 2638 1312 2664 τὸ
1344 2638 1392 2665 καὶ
1413 2639 1441 2665 ἐν
1456 2639 1569 2670 ταύταις
1581 2638 1761 2674 προηγεῖσθαι
1784 2646 1837 2672 νη-

206 2684 308 2717 στείαν,
333 2685 382 2711 καὶ
394 2683 426 2711 τὸ
440 2684 473 2711 ἐκ
485 2684 587 2718 ταύτης
609 2683 715 2718 ὄφελος.
745 2684 777 2710 El
799 2683 827 2710 δὲ
842 2683 938 2716 παῖδες
969 2684 1006 2720 μὴ
1039 2683 1209 2720 παρείησαν,
1234 2684 1328 2720 ἐπειδὴ
1353 2685 1383 2710 τὸ
1410 2684 1584 2718 τεκνογονίας
1610 2685 1753 2720 ἐπιθυμεῖν
1779 2684 1836 2710 οὐκ

205 2729 408 2764 ἀσύγγνωστον,
424 2729 454 2756 τὸ
468 2729 619 2764 τηνικαῦτα
633 2729 797 2765 συγγνώμης
811 2729 994 2766 ἀξιωθήσεται
1013 2732 1027 2757 ὁ
1042 2731 1161 2762 τοιοῦτος
1193 2730 1292 2765 γάμος,
1315 2731 1363 2757 καὶ
1381 2731 1454 2766 μόνῳ
1466 2731 1505 2765 τῷ
1531 2730 1560 2763 ἐξ
1582 2731 1670 2766 ἀρχῆς
1687 2731 1734 2758 καὶ
1749 2730 1837 2766 μέχρι

206 2775 253 2803 τοῦ
263 2775 311 2803 νῦν
322 2775 490 2810 κρατήσαντι
501 2774 631 2810 ἐπιτιμίῳ
643 2773 876 2810 θεραπευθήσεται
889 2783 896 2790 ·
910 2775 996 2803 ταῦτα
1016 2776 1065 2810 μὲν
1082 2776 1129 2802 καὶ
1145 2774 1210 2811 περὶ
1225 2774 1272 2802 τοῦ
1288 2774 1379 2810 τρίτου
1392 2775 1492 2810 γάμου.

244 2825 272 2852 3.
287 2823 342 2851 Nec
372 2823 477 2858 primus
492 2830 542 2850 nec
562 2822 697 2858 secundus
711 2826 788 2850 torus
803 2823 931 2857 periculis
944 2830 987 2850 ca-

1081 2825 1116 2856 γ¹.
1137 2822 1174 2849 Οὐ
1191 2822 1244 2857 μὴν
1256 2821 1317 2848 οὐδὲ
1331 2821 1376 2848 τὸν
1391 2821 1517 2856 δεύτερον
1529 2821 1588 2848 οὐδὲ
1603 2822 1648 2848 τὸν
1663 2820 1772 2856 πρῶτον
1783 2821 1837 2848 ἐκ-

209 2874 250 2898 ret
258 2869 315 2897 suis
327 2877 334 2902 ;
344 2869 473 2897 alteruter
485 2868 556 2896 cnim
571 2867 606 2895 ita
618 2872 793 2903 comparatus
801 2875 861 2896 esse
871 2867 950 2896 debet
962 2872 987 2895 ul

1043 2868 1088 2900 τὸς
1099 2868 1250 2902 ἀσφαλείας
1260 2868 1359 2903 ἐῶμεν,
1374 2867 1442 2894 ἀλλὰ
1454 2868 1596 2899 κάκείνους
1606 2867 1735 2903 ὁρίζομεν
1744 2867 1839 2900 οὕτως
