1951 3071
138 187 192 220 897

547 186 746 217 SYNTAGMA
765 185 961 217 CANONUM.
974 197 1009 203 -
1022 185 1100 216 ΤΙΤ.
1118 185 1204 222 XIII,
1221 185 1300 215 CAP.
1322 185 1363 215 II.

1715 184 1769 216 898

141 243 328 276 συνίστασθαι,
353 242 423 269 ὥστε
445 243 579 278 μηδεμίαν
594 243 667 277 ἔχειν
689 243 810 277 πονηρὰν
827 242 927 274 αίτίαν,

982 248 1062 268 causa
1074 247 1156 276 prava
1168 240 1313 276 nonm
1324 239 1424 271 subsit,
1432 242 1562 274 utraptus
1575 241 1768 275 autcon-uptio

140 291 157 326 ἢ
173 290 202 323 ἐξ
216 289 355 325 ἁρπαγῆς,
373 289 389 323 ἦ
410 290 441 315 ὲκ
465 288 699 323 προηγησαμένης
717 287 848 323 λαθραίου
864 286 929 322 φθο-

143 336 203 371 ρᾶς,
222 335 291 362 ἀλλὰ
309 334 433 369 νομίμως
448 334 496 360 καὶ
512 333 715 369 καθαρεύοντας
730 332 784 359 τῶν
801 331 928 358 τοιούτων

142 379 324 415 μολυσμάτων
345 380 392 406 καὶ
413 379 464 412 τῆς
485 379 619 414 πορνικῆς
641 377 828 412 ἀκαθαρσίας·
846 376 874 402 st
887 384 929 407 τις

139 423 187 452 οὖν
201 425 255 452 τῶν
275 425 427 460 είρημένων
443 424 653 459 καταφρονήσας
672 423 777 456 τύπων,
793 422 861 458 πρὸς
876 430 928 456 γαο

141 470 226 506 μικὴν
246 469 355 505 ὁμιλίαν
372 469 484 503 πρώτην
499 468 515 503 ἢ
531 468 661 503 δευτέραν
683 467 814 499 συνέλθοι,
835 467 928 493 τοῦτον

139 516 157 551 ἡ
172 515 218 542 τοῦ
233 514 352 550 Χριστοῦ
373 513 520 549 Ἐκκλησία
532 514 548 548 ἡ
560 512 678 548 καθαρὰ,
693 512 741 540 καὶ
754 512 855 548 μηδένα
867 513 928 538 σπῖ-

139 560 185 586 λον
210 559 309 594 ἓχουσα
331 559 348 594 ἢ
364 559 468 594 ῥυτίδα,
485 560 542 590 τοῖς
569 559 714 594 σωτηρίοις
741 557 929 584 ὑποϐάλλουσα

139 604 280 639 ἑτασμοϊς,
297 605 326 631 οὺ
341 605 405 640 πρὶν
417 605 457 635 είς
469 604 619 639 μετάληψιν
632 603 813 639 παραδέξεται
827 610 930 638 μυστη-

141 650 216 685 ρίων,
234 650 250 685 ἢ
265 650 310 677 τὸν
326 650 479 685 ὡρισμένον
498 650 545 676 ἐπὶ
566 650 599 684 τῇ
614 649 728 684 πορνείᾳ
741 649 836 683 χρόνον
850 649 929 684 ἀκρι-

139 695 196 727 ϐῶς
220 694 404 731 ἐκπληρώσγγ
432 695 457 721 εί
472 694 509 730 μὴ
533 694 620 730 ἄραή
644 693 692 720 τοῦ
716 694 775 729 βίου
792 693 929 728 ἀναγκαία

139 742 299 776 κατεπείγει
311 740 495 776 ἀναχώρησις,
509 740 633 767 τουτέστι
649 741 746 776 μέχρις
760 740 794 767 ἂν
807 740 838 766 τὸ
852 739 928 766 £680-

140 794 191 820 μον
211 786 377 822 ἐκπληρωθῇ
396 785 471 817 ἔτος·
493 786 508 812 ό
523 785 551 812 δὲ
565 785 672 820 τολμῶν
686 785 777 820 ἱερεὺς
791 784 868 820 παρὰ
883 784 928 811 τδν

138 832 374 866 διατετυπωμένον
389 832 452 866 ὅρον
469 831 646 866 μεταλήψεως
665 830 740 862 θείας
751 830 812 857 τινὰ
825 830 929 857 τούτων

138 875 264 909 ἀξιῶσαι,
279 877 343 911 περὶ
355 876 400 902 τὸν
417 876 481 903 [διον
494 875 662 902 κινδυνεύσει
679 873 794 910 βαθμὸν,
808 875 928 910 δηλονότι

981 294 1028 321 per
1052 286 1253 314 seductionem.
1276 286 1411 320 Suprema
1422 292 1542 320 namque
1560 285 1602 312 lex
1619 285 1726 320 puritas
1740 291 1769 314 et

979 331 1078 359 artium
1102 331 1318 358 meretriciarum
1349 331 1485 358 absentia.
1512 329 1541 357 Si
1559 330 1621 364 quis
1640 331 1722 365 igitur
1735 332 1770 359 iis

979 385 1039 412 qua:
1050 378 1243 412 praemisimus,
1260 377 1359 412 spretis
1372 377 1474 411 primas
1486 381 1532 404 aut
1545 378 1681 405 secundas
1697 377 1770 404 cele-

979 423 1040 450 brat
1055 424 1174 458 nuptias,
1193 431 1254 450 cum
1282 422 1403 450 Ecclesia
1419 422 1520 450 Christi
1536 425 1615 457 'pura
1630 426 1657 449 et
1671 422 1770 450 imma-

978 469 1067 497 culata
1079 469 1235 496 salutariter
1247 469 1413 503 experietur,
1432 475 1482 496 nec
1495 468 1570 503 prius
1584 468 1619 495 ad
1638 469 1768 502 mysteria

979 514 1115 546 admittet,
1141 522 1223 549 quam
1249 513 1457 542 fornicationem
1479 521 1557 541 suam
1580 514 1708 548 expiarit,
1736 513 1771 541 ad

979 560 1127 594 septimum
1160 567 1273 587 annum.
1305 559 1453 594 Presbyter
1483 564 1574 586 autem
1600 559 1647 594 qui
1673 563 1770 586 contra

978 605 1125 632 terminum
1151 604 1391 640 redintegrationis
1410 605 1527 640 aliquem
1549 606 1575 632 in
1591 609 1692 632 coetum
1706 604 1768 638 pio-

979 658 1039 677 rum
1071 651 1214 686 receperit,
1241 658 1303 677 cum
1313 657 1364 677 suo
1387 650 1473 684 ipsius
1496 650 1618 685 periculo
1641 650 1668 677 id
1693 649 1769 678 facit.

977 695 1046 722 Nam
1069 696 1151 723 homo
1174 696 1211 723 ita
1228 700 1354 730 receptus
1374 695 1407 722 de
1417 699 1488 722 statu
1508 695 1602 730 gratiae
1628 695 1771 729 dejicietur

979 749 1026 776 per
1047 741 1228 776 septennium.
1256 741 1319 768 Haec
1341 748 1426 776 porro
1449 741 1577 769 scandala
1597 749 1693 769 eorum
1717 741 1765 776 qui

979 787 1131 821 antiquitus
1141 787 1218 822 regni
1231 787 1353 814 habenas
1365 787 1503 818 tenebant,
1512 794 1581 821 opus
1593 792 1681 814 erant.
1690 786 1766 814 Nunc

978 837 1068 859 autem
1080 831 1180 864 Patris,
1189 836 1217 859 et
1226 831 1298 864 Filii,
1309 836 1338 859 et
1350 831 1469 866 Spiritus
1479 832 1566 859 sancti
1581 832 1769 860 benevolentia

978 882 1006 904 et
1019 877 1116 912 gratia,
1144 884 1252 904 necnon
1276 877 1458 905 sanctissimae
1472 877 1594 912 Deiparaa
1619 882 1647 905 et
1674 879 1765 913 magni

138 921 187 948 τοῦ
201 921 363 954 ἀξιωθέντος
378 922 454 957 παρά
467 921 512 949 τὸν
526 921 679 956 ὡρισμένον
693 921 778 948 τύπον
793 921 841 955 τῆς
853 920 926 953 θείας

982 921 1147 948 exercituum
1162 921 1240 949 ducis
1255 921 1359 949 auxilio
1377 922 1534 950 sacerdotes
1552 922 1690 950 solitarius
1707 923 1771 951 inde

139 968 281 999 κοινωνίας
296 967 377 994 πάλιν
391 968 430 999 είς
449 967 478 994 τὸ
494 966 676 1002 ἀκοινώνητον
702 966 929 1002 περιισταμένου,

140 1011 224 1046 μέχρι
242 1012 291 1047 τῆς
307 1011 530 1047 συμπληρώσεως
544 1011 590 1039 τοῦ
617 1010 733 1047 ἑϐδόμου
751 1011 827 1043 ἔτους
839 1020 846 1027 ·
862 1011 930 1038 ἀλλὰ

139 1056 175 1082 τὰ
190 1057 324 1084 σκάνδαλα
336 1057 413 1093 δῆλον
427 1057 513 1084 ταῦτα
530 1057 579 1093 μὲν
594 1057 631 1089 ὡς
645 1057 794 1093 δεδήλωται
809 1057 862 1083 ὑπὸ
875 1056 930 1083 τῶν

139 1100 226 1127 πάλαι
248 1101 465 1136 βασιλευσάντων
490 1101 676 1137 ἐπράχθησαν.
696 1100 754 1128 Νῦν
778 1101 807 1128 δὲ
827 1102 861 1136 τῇ
880 1100 928 1127 τοῦ

138 1147 247 1182 Πατρὸς
269 1148 316 1174 καὶ
331 1147 397 1174 Υίοῦ
418 1148 466 1174 καὶ
480 1148 559 1181 ἁγίου
576 1146 735 1181 Πνεύματος
754 1145 863 1181 εὐδοκία
881 1147 928 1173 καὶ

138 1194 241 1229 χάριτι,
256 1194 303 1220 καὶ
316 1195 376 1225 ταῖς
397 1194 445 1228 τῆς
461 1193 600 1227 πανάγνου
615 1192 662 1219 καὶ
682 1191 857 1227 θεομήτορος,
882 1193 930 1220 καὶ

987 973 1002 993 a
1013 967 1160 1001 nonaginta
1175 967 1255 994 annis
1268 967 1304 994 ob
1318 974 1429 994 causam
1445 974 1527 1002 quam
1542 969 1771 996 commemoravi.

979 1019 1043 1039 mus
1067 1019 1180 1047 regnum
1212 1011 1348 1046 placidum
1379 1012 1574 1046 imperatorum
1612 1017 1770 1041 nostrorum

978 1054 1071 1083 Basilii
1083 1061 1109 1083 et
1118 1055 1291 1084 Constantini
1308 1057 1452 1092 conjunxit
1474 1057 1501 1084 in
1521 1065 1660 1092 unamque
1675 1059 1770 1085 catho-

981 1101 1060 1128 licam
1072 1105 1100 1128 et
1110 1101 1287 1136 apostolicam
1299 1102 1449 1130 Ecclesiam
1464 1104 1641 1131 coadunavit.
1656 1103 1770 1139 Oportet

982 1146 1065 1181 igitur
1088 1147 1217 1175 maximis
1234 1148 1372 1183 {laudibus
1397 1149 1487 1177 ell‘erri
1512 1158 1559 1178 eos
1574 1151 1621 1185 qui
1634 1151 1686 1178 hoc
1702 1158 1772 1186 opus

982 1193 1103 1221 divinum
1116 1198 1143 1221 et
1156 1195 1295 1222 excelsum
1311 1199 1513 1230 perpetrarunt.
1720 1209 1728 1214 ν

137 1241 199 1271 ταῖς
219 1239 266 1266 τοῦ
294 1240 412 1275 μεγάλου
432 1238 651 1274 ἀρχιστρατήγου
671 1237 842 1274 πρεσϐείαις,
860 1239 922 1271 τοὺς
939 1239 990 1274 ἤδη
1010 1240 1063 1275 πρὸ
1077 1240 1239 1275 ἐνενήκοντα
1266 1241 1370 1276 χρόνων
1402 1242 1496 1269 ἕνεκεν
1525 1243 1574 1278 τῆς
1591 1243 1773 1279 προδηλωθεί-

139 1294 190 1321 σης
214 1285 302 1317 αίτίας
327 1286 374 1312 καὶ
399 1285 525 1321 ἀφορμῆς
547 1285 754 1320 ὰπορῥαγέντας
790 1284 875 1320 ἱερεῖς
894 1286 940 1312 καὶ
961 1285 1142 1320 μονάζοντας,
1160 1287 1177 1321 ἡ
1211 1287 1386 1321 παγγάληνος
1406 1288 1528 1323 βασιλεία
1547 1289 1602 1316 τῶν
1619 1289 1773 1324 θεοστεφῶν

139 1330 274 1367 βασιλέων
287 1331 367 1367 ὴμῶν
383 1330 522 1357 Βασιλείιω
537 1331 585 1357 καὶ
598 1329 805 1357 Κωνσταντίνου
821 1330 922 1365 συνῆψέ
943 1339 972 1357 τε
988 1332 1035 1358 καὶ
1051 1331 1201 1367 συνήνωσε,
1220 1332 1268 1358 καὶ
1301 1331 1366 1367 μίαν
1398 1332 1545 1368 καθολικὴν
1560 1334 1608 1360 καὶ
1630 1334 1774 1361 ἀποστολι-

139 1377 192 1412 κὴν
213 1376 376 1412 Ἐκκλησίαν
386 1375 549 1411 εἱργάσατο”
565 1375 625 1402 ὃθεν
638 1374 727 1410 χρεὼν
740 1374 979 1410 ἀνακηρύττεσθαί
1010 1384 1039 1402 τε
1054 1376 1101 1402 καὶ
1133 1375 1333 1411 μεγαλύνεσθαι
1364 1377 1428 1410 τοὺς
1456 1377 1576 1405 τοιοῦτον
1587 1378 1773 1413 θεοφιλὲς-καὶ

138 1423 279 1457 ἀξιόλογον
290 1422 371 1458 ἔργον
384 1421 610 1457 πεπληρωκότας.

139 1481 302 1510 Βασίλειον
318 1479 418 1506 κανὼν
432 1478 464 1510 δ’,
478 1481 522 1513 ιη’,
538 1481 591 1511 κγ’.
609 1477 657 1510 κδ’,
684 1479 739 1513 μα’,
755 1480 787 1510 ν’,
805 1479 856 1511 νγ’,
876 1475 926 1510 ξξ,

352 1515 403 1550 ξη’,
419 1517 464 1546 os’,
480 1512 533 1546 οξ,
549 1516 600 1548 οη’,
615 1513 664 1545 00',
680 1512 716 1540 π’.

985 1478 1084 1505 Basilii
1107 1487 1232 1515 canones?
1247 1479 1275 1512 4,
1286 1479 1334 1515 718,
1351 1479 1396 1512 25,
1407 1479 1463 1515 724,
1479 1479 1524 1513 ﬂ,
1543 1479 1588 1515 50,
1603 1481 1648 1515 55,
1663 1482 1709 1514 67,
1725 1483 1770 1514 68,

1226 1514 1269 1547 75,
1285 1514 1329 1547 76,
1343 1515 1388 1547 78,
1406 1514 1449 1548 79,
1466 1515 1511 1543 80.

175 1562 208 1588 δ’.
223 1561 291 1596 Περὶ
302 1560 445 1596 τριγάμων
459 1559 506 1585 καὶ
519 1558 695 1593 πολυγάμων,
713 1557 759 1584 τὸν
774 1557 854 1584 αὐτὸν
864 1556 926 1592 ὥρι-

1011 1558 1094 1594 410
1104 1560 1131 1587 4.
1140 1559 1177 1586 De
1187 1560 1309 1594 trigamis
1320 1564 1347 1588 et
1354 1560 1504 1595 polygamis
1511 1561 1771 1590 deliniereeumdem

140 1617 192 1635 σαν
221 1607 333 1639 κανόνα,
360 1606 390 1632 ὃν
416 1606 462 1632 καὶ
487 1605 534 1632 ἐπὶ
558 1604 612 1630 τῶν
631 1604 754 1639 διγάμων
773 1602 927 1637 ἀναλόγως’

139 1653 262 1681 ἐνιαυτὸν
279 1653 328 1688 μὲν
340 1653 394 1687 γὰρ
409 1651 456 1678 ἐπὶ
467 1650 522 1677 τῶν
533 1651 668 1686 διγάμων,
681 1649 756 1676 ἄλλοι
770 1649 798 1675 δὲ
812 1648 859 1675 δύο
869 1648 927 1683 ἔτηο

139 1700 204 1730 τοὺς
225 1698 253 1724 δὲ
277 1697 446 1734 τριγάμους,
465 1698 494 1723 ὲν
512 1696 586 1731 τρισὶ
606 1695 654 1722 καὶ
671 1696 784 1729 τέτρασι
800 1693 929 1724 πολλάκις

140 1744 229 1770 ἐτεσιν
251 1744 439 1779 ἀφορίζουσιν.
455 1741 632 1776 Ὀνομάςουσι
652 1741 682 1767 δὲ
701 1740 732 1767 τὸ
746 1739 866 1766 τοιοῦτον
881 1739 928 1765 ού-

140 1790 202 1817 κέτι
217 1791 316 1824 γάμον,
341 1788 409 1816 ἀλλὰ
433 1787 615 1822 πολυγαμίαν,
634 1787 734 1822 μᾶλλον
754 1786 783 1813 δὲ
799 1785 928 1820 πορνείαν

140 1835 348 1871 κεκολασμένην
356 1843 363 1850 ·
372 1835 411 1862 διδ
421 1835 492 1861 καὶὸ
501 1834 602 1869 Κύριος
613 1835 645 1868 τῇ
658 1833 833 1868 Σαμαρείτιδι
847 1833 928 1859 πέντε

139 1882 241 1917 ἄνδρας
254 1882 432 1918 διαμειψάσῃ.
447 1881 498 1908 Ὃν
508 1879 577 1912 νῦν,
595 1880 688 1914 φησὶν,
700 1880 789 1913 ἔχεις,
802 1880 857 1906 οὐκ
867 1878 928 1905 ἐστι

138 1936 201 1956 σου
211 1928 302 1962 ἀνήρ’
314 1928 351 1960 ὡς
365 1928 457 1954 οὐκέτι
470 1926 551 1959 ἀξίων
566 1925 650 1952 ὄντων
660 1925 715 1951 τῶν
726 1924 929 1960 ὑπερεκπεσόν-

139 1984 196 2001 των
210 1974 257 2001 τοῦ
276 1975 377 2010 μέτρου
398 1973 448 2008 τῆς
460 1971 600 2007 διγαμίας,
616 1971 654 2006 τῷ
669 1970 716 1998 τοῦ
734 1970 857 2006 mpr
874 1971 925 2006 τῆς

140 2020 270 2055 γυναικὸς
283 2019 422 2046 καλεῖσθαι
438 2018 631 2054 προσρήματι·
653 2016 799 2051 συνήθειαν
813 2016 842 2042 δὲ
861 2023 927 2042 κατ-

140 2066 276 2101 ελάϐομεν
293 2066 339 2093 ἐπὶ
354 2065 408 2092 τῶν
417 2064 570 2100 τριγάμων,
586 2062 747 2094 πενταετίας
763 2060 926 2097 ἁφορισμδν,

139 2113 191 2140 οὐκ
213 2113 267 2139 ἀπὸ
288 2110 479 2144 κανόνος,αλλ’
505 2110 558 2136 ἀπὸ
574 2109 623 2144 τῆς
650 2108 703 2134 τῶν
725 2106 927 2142 προειληφότων

139 2158 303 2187 ἀκόλουθον.
322 2158 366 2184 Δεῖ
391 2157 420 2183 δὲ
443 2156 481 2192 μὴ
502 2155 591 2190 πάντη
607 2154 704 2185 αὐτοὺς
717 2153 860 2188 ἀπείργειν
877 2153 929 2186 τῆς

146 2203 328 2238 Ἐκκλησίας,
354 2202 411 2229 ἀλλ’
433 2202 591 2236 ἀκροάσεως
611 2200 711 2231 αὐτοὺς
733 2198 826 2231 ἀξιοῦν
839 2199 868 2225 ὲν
881 2197 928 2225 δύο

139 2259 194 2277 που
208 2249 298 2276 ἐτεσιν
314 2249 330 2284 ἢ
347 2248 421 2284 τρισί
435 2255 442 2263 ·
457 2247 504 2274 καὶ
529 2246 598 2282 μετὰ
611 2245 698 2272 ταῦτα
712 2244 870 2280 ἐπιτρέπειν
882 2253 928 2270 συ-

141 2295 254 2330 στήκειν
278 2294 339 2329 μὲν,
357 2295 407 2328 τῆς
429 2292 457 2318 δὲ
477 2291 621 2318 κοινωνίας
635 2289 682 2317 τοῦ
699 2288 801 2324 ἀγαθοῦ
825 2289 927 2324 ἀπέχε-

140 2340 222 2367 σθαι’
239 2340 286 2366 καὶ
299 2337 383 2369 οὕτως
400 2337 620 2371 ἐπιδειξαμένους
639 2335 745 2370 καρπόν
767 2342 828 2360 τινα
844 2342 926 2369 μετα-

138 2385 226 2416 νοίας,
238 2383 424 2418 ἅποκαθιστᾷν
437 2382 476 2417 τῷ
487 2382 562 2416 τόπῳ
573 2381 621 2416 τῆς
636 2380 787 2411 κοινωνίας.

177 2434 223 2466 ιη’.
239 2431 307 2465 Περὶ
321 2429 375 2456 τῶν
387 2428 560 2455 ἐκπεσουσῶν
573 2427 726 2462 παρθένων,
740 2435 768 2453 κ.
782 2434 807 2453 τ.
825 2425 851 2453 λ.

176 2479 231 2511 κγ’,
249 2477 317 2512 Περὶ
334 2475 362 2502 δὲ
378 2475 433 2501 τῶν
448 2474 494 2501 δύο
508 2473 625 2507 ἀδελφὰς
639 2472 800 2507 γαμούντων
815 2472 831 2507 ἢ
850 2471 928 2498 ἀδελ-

139 2525 201 2559 φοῖς
211 2522 272 2549 δυσὶ
292 2521 484 2557 γαμουμένων,
494 2519 669 2546 ὲπιστολίδιον
685 2519 751 2555 ἡμῖν
766 2517 928 2553 ἐκπεφώνη-

139 2579 199 2602 ται,
209 2566 239 2596 οὗ
252 2569 283 2596 τὶ,
292 2569 459 2603 ἀντίγραφον
473 2565 671 2601 ἀπεστείλαμέν
684 2573 731 2592 σου
744 2566 777 2600 τῇ
789 2564 926 2600 εὐλαῦείᾳε

137 2617 154 2643 ὁ
169 2616 197 2642 δὲ
215 2615 330 2650 ἀδελφοῦ
357 2615 423 2641 ἰδίου
438 2614 554 2648 γυναῖκα
571 2611 672 2645 λαϐὼν,
686 2612 716 2638 οὐ
738 2610 871 2646 πρότερον
884 2610 928 2636 δε-

139 2662 272 2698 χθήσεται
289 2661 355 2696 πρὶν
365 2660 517 2695 ἀποστῆναι
531 2659 627 2693 αὐτῆς.

176 2708 226 2734 κδ’.
244 2708 339 2742 Χήραν
351 2707 401 2740 τὴν
413 2705 609 2739 καταλεγεῖσαν
624 2704 664 2734 είς
680 2705 726 2730 τὸν
742 2703 858 2738 ἀριθμὸν
873 2703 927 2729 τῶν

141 2754 245 2789 χηρῶν,
261 2753 384 2779 τουτέστι
398 2751 447 2786 τὴν
457 2749 667 2785 διακονουμένην
679 2749 731 2776 ὑπὸ
747 2750 794 2785 τῆς
813 2749 927 2784 Ἐκκλη-

143 2800 214 2833 ςζας,
226 2799 333 2835 ἔκρινεν
347 2800 362 2826 ὁ
379 2797 541 2829 ’Δπόστολος
550 2797 727 2832 γαμουμένην
736 2796 924 2831 παρορᾶσθαι·

177 2889 187 2904 ⁷
200 2887 280 2917 Joan.
294 2896 331 2922 IV,
345 2888 389 2916 l8.
428 2887 438 2904 '
453 2887 462 2914 l
479 2886 550 2914 Tim.
567 2895 593 2920 v,
609 2886 652 2921 ll,
673 2885 716 2913 l2.

984 1611 1127 1634 cationem.
1140 1611 1221 1638 quem
1234 1609 1261 1631 et
1270 1605 1304 1632 de
1314 1604 1441 1640 digamis,
1455 1609 1562 1633 servata
1576 1607 1769 1641 proportione:

983 1657 1085 1677 annum
1107 1650 1232 1678 videlicet
1247 1650 1274 1678 in
1290 1651 1415 1686 digamis,
1437 1652 1483 1678 alii
1500 1659 1565 1679 vero
1580 1653 1650 1680 duos
1668 1661 1765 1682 annos.

985 1695 1129 1731 Trigamos
1146 1702 1237 1724 autem
1259 1698 1356 1731 tribus,
1371 1703 1399 1725 et
1415 1706 1486 1733 saape
1501 1704 1619 1734 quatuor
1636 1701 1715 1727 annis
1731 1707 1771 1728 se-

984 1747 1107 1777 gregant.
1125 1742 1153 1770 ld
1170 1747 1261 1770 autem
1274 1751 1328 1771 non
1342 1744 1460 1779 amplius
1475 1745 1644 1780 conjugimn,
1662 1746 1709 1774 sed
1722 1754 1771 1781 po-

983 1789 1127 1824 lygamiam
1140 1789 1289 1824 appellant,
1309 1790 1350 1817 vel
1374 1790 1465 1825 potius
1488 1791 1656 1818 moderatam
1683 1791 1770 1819 forni-

982 1835 1128 1862 cationem.
1154 1836 1325 1871 Quapropter
1360 1841 1387 1863 et
1419 1835 1552 1864 Dominus
1578 1836 1767 1871 Samaritanae,

982 1888 1043 1916 quae
1067 1881 1179 1908 maritos
1204 1881 1324 1916 quinque
1350 1889 1397 1916 per
1419 1883 1493 1909 vices
1517 1882 1658 1915 habuerant,
1685 1882 1768 1915 Quem

983 1933 1062 1955 nunc.
1088 1925 1186 1960 inquit,
1211 1925 1299 1959 habes,
1334 1927 1447 1953 maritus
1474 1934 1526 1953 non
1551 1932 1589 1954 est
1604 1927 1613 1943 "
1637 1936 1644 1954 :
1667 1930 1769 1963 quippe

982 1973 1055 2008 quod
1069 1973 1087 2000 ii
1101 1974 1147 2008 qui
1160 1974 1284 2008 digamize
1297 1982 1423 2001 mensura
1438 1975 1608 2008 exciderunt,
1623 1975 1698 2011 digni
1711 1985 1765 2004 non

982 2020 1038 2046 sint
1055 2019 1102 2054 qui
1117 2019 1157 2046 vel
1175 2020 1265 2046 mariti
1286 2020 1327 2047 vel
1346 2021 1438 2048 uxoris
1454 2021 1565 2048 nomine
1586 2022 1767 2055 appellentur.

982 2063 1042 2091 Jam
1076 2073 1141 2092 vero
1172 2066 1370 2093 consuetudine
1402 2068 1559 2100 accepimus
1587 2067 1614 2093 in
1645 2068 1769 2102 trigamis

982 2108 1162 2144 quinquennii
1180 2111 1408 2145 segregatiouem,
1430 2118 1484 2138 non
1504 2118 1518 2138 a
1534 2111 1696 2143 canonibus.
1720 2113 1768 2140 scd

982 2161 1029 2182 eos
1046 2154 1092 2189 qui
1108 2155 1466 2190 praecesseruntsequendo.
1484 2155 1596 2190 Oportet
1612 2163 1703 2183 autem
1720 2165 1769 2186 eos

983 2208 1036 2228 non
1055 2201 1167 2228 omnino
1181 2208 1276 2228 arcere
1296 2201 1330 2228 ab
1345 2200 1476 2233 Ecclesia,
1498 2201 1546 2229 sed
1568 2201 1708 2229 auditione
1726 2202 1768 2229 di-

980 2245 1058 2280 gnari
1079 2244 1186 2272 duobus
1204 2245 1246 2271 vel
1272 2245 1359 2272 tribus
1378 2245 1474 2272 annis:
1507 2252 1538 2273 ac
1566 2245 1680 2279 posthac
1701 2246 1767 2280 ipsis

981 2290 1148 2324 permittere,
1171 2294 1200 2317 ut
1221 2290 1372 2317 consistant
1389 2290 1509 2324 quidem,
1533 2290 1687 2318 abstineant
1702 2299 1767 2318 vero

981 2341 996 2361 a
1020 2334 1083 2361 boni
1100 2335 1303 2367 communione.
1325 2340 1352 2362 et
1378 2336 1428 2368 sic,
1452 2335 1573 2363 exhibito
1599 2337 1767 2370 paenitentiae

981 2379 1073 2414 aliquo
1085 2379 1185 2413 fructu,
1199 2380 1403 2408 communionis
1415 2381 1475 2408 loco
1491 2382 1645 2409 restituere.

1018 2425 1062 2453 l8.
1082 2425 1119 2453 De
1133 2426 1216 2461 lapsis
1228 2426 1390 2462 virginibus,
1402 2430 1468 2460 etc.,
1485 2431 1513 2453 ιιι
1525 2435 1587 2462 pag.
1603 2427 1665 2455 858.

1017 2471 1061 2499 23.
1079 2471 1115 2499 De
1131 2473 1164 2499 iis
1186 2476 1276 2499 autem
1300 2473 1346 2507 qui
1371 2473 1439 2500 duas
1464 2480 1573 2500 sorores
1596 2480 1696 2501 uxores
1718 2473 1767 2500 du-

981 2522 1058 2550 cunt,
1074 2518 1115 2545 vel
1135 2518 1169 2545 de
1182 2518 1229 2552 {iis
1251 2526 1310 2553 qua:
1331 2518 1439 2546 duobus
1455 2517 1586 2546 fratribus
1611 2519 1726 2552 nubunt,
1749 2527 1766 2547 a

981 2563 1060 2590 nobis
1084 2563 1155 2591 edita
1175 2568 1218 2591 est
1238 2564 1366 2599 epistola,
1390 2563 1470 2599 cujus
1487 2564 1612 2592 misimus
1627 2565 1766 2599 exemplar

981 2613 1033 2636 tua:
1047 2609 1150 2643 pietati.
1164 2610 1215 2643 Qui
1227 2615 1317 2637 autem
1331 2610 1374 2638 sui
1387 2609 1480 2637 fratris
1493 2618 1604 2637 uxorem
1617 2611 1763 2644 acceperit,

980 2662 1033 2682 non
1050 2656 1125 2689 prius
1138 2656 1305 2689 admittetur,
1321 2664 1402 2691 quam
1419 2656 1454 2684 ab
1468 2664 1498 2683 ea
1521 2656 1674 2683 recesserit.

1013 2700 1092 2736 41],
1108 2701 1153 2729 ‘24.
1180 2701 1304 2734 Viduam,
1329 2710 1390 2736 qua:
1408 2702 1435 2729 in
1462 2703 1604 2729 viduarum
1621 2709 1763 2728 numerum

980 2747 1064 2774 relata
1078 2753 1129 2780 est,
1157 2748 1209 2775 hoc
1224 2753 1275 2781 est,
1294 2757 1354 2783 qua:
1368 2748 1402 2776 ab
1420 2748 1541 2775 Ecclesia
1557 2747 1646 2780 alitur,
1661 2746 1764 2782 judica-

981 2794 1017 2820 vit
1041 2794 1187 2829 Apostolus
1212 2796 1357 2823 nubentem
1385 2794 1522 2822 conteumi
1548 2793 1647 2822 debere
1660 2797 1682 2821 ⁸.
1702 2792 1765 2821 Viro
