1951 3071
221 154 274 187 899

785 155 915 186 PHOTII
933 155 1185 188 PATRIARCHE
1203 156 1258 188 (ΞΡ.

1791 166 1838 198 9οη

221 211 316 236 autem
337 207 422 236 viduo
443 214 486 235 rex
505 207 630 243 imposita
653 215 706 235 non
723 213 774 241 est,
789 209 836 236 sed
853 208 899 236 tali
915 209 1011 237 suilicit

1076 209 1143 245 ινδρὶ
1166 210 1195 236 δὲ
1213 209 1392 246 χηρεὺσαντι,
1408 211 1495 244 οὐδεὶς
1517 212 1655 241 ἐπίκειται
1679 215 1765 250 νόμος.
1787 219 1831 246 ἀλλ

223 261 303 288 poena
328 254 511 289 digalnoruin.
532 255 617 282 Porro
643 254 724 282 vidua
748 255 890 289 sexaginta
922 262 1011 282 annos

223 304 298 331 nata,
320 299 344 326 si
368 307 466 327 rursus
489 307 542 326 una
564 307 627 327 cum
654 300 714 327 viro
739 299 862 327 habitare
886 299 1012 331 voluerit,

223 343 288 371 boni
312 345 508 372 communione
534 352 588 372 non
611 345 778 380 dignabitur,
797 346 884 373 donec
904 346 938 373 ah
960 346 1014 373 im-

221 389 349 425 pun-italis
365 390 431 418 vitio
448 390 595 418 destiterit.
623 391 676 418 Sed
691 391 714 419 si
729 396 793 418 ante
810 391 955 427 sexaginta
968 399 1014 419 an-

223 442 274 463 nos
291 443 352 463 eam
384 436 605 471 ascripserimus,
620 441 714 464 nostra
735 441 787 468 est,
811 444 864 464 non
891 438 1014 466 mulieris

221 480 314 514 culpa.

256 525 303 552 M.
323 524 390 558 Quae
403 525 431 552 in
449 525 580 553 viduitate
595 526 676 553 habet
700 527 742 554 sui
763 531 935 562 potestatem,
958 534 1012 554 una

222 577 287 599 cum
312 571 372 598 viro
403 571 528 598 habitare
550 577 640 606 potest
664 572 725 599 siue
745 573 966 607 reprehensione,
988 573 1013 600 si

223 624 303 645 ueino
315 621 357 644 est
378 617 425 652 qui
447 618 606 652 conjugium
635 618 755 651 divellat,
781 626 842 646 cum
866 620 1013 653 Apostolus

220 662 312 689 dicat:
329 661 360 689 Si
380 668 499 689 mortuus
519 663 554 690 ait
583 664 707 697 maritus,
733 664 816 691 libera
834 669 872 691 est
887 669 915 691 ut
931 664 1013 691 nubat

221 708 266 734 cui
280 707 362 739 velit;
378 712 483 735 tantum
496 709 523 735 in
541 708 653 735 Domino
666 710 688 736 ⁸.

256 753 302 781 50.
320 753 466 788 Ττὶειιιιιίιε
481 754 524 782 lex
541 763 596 782 non
610 759 662 782 est.
683 755 774 788 Quare
798 755 855 790 lege
870 756 1014 783 matrimo-

221 798 299 826 nium
317 799 429 827 tertium
444 807 499 827 non
515 801 698 828 contrahitur.
711 801 752 828 Ac
766 802 829 829 talia
844 802 966 836 quidem.
983 807 1013 829 ut

222 843 353 873 Ecclesiae
367 845 586 881 inquinamenta,
610 847 753 875 habemus.
770 847 822 875 Sed
843 848 1010 875 condemna-

1067 255 1158 282 ικανὺν
1167 255 1206 290 τῷ
1215 255 1330 292 τοιούτῳ
1345 257 1376 284 τὸ
1388 256 1442 284 τῶν
1456 258 1579 293 διγάμων
1591 259 1734 295 ἐπιτίμιον.
1742 263 1771 291 Ἦ
1779 264 1837 297 μέν.

1064 308 1106 326 τοι
1130 301 1203 336 χήρα
1225 301 1421 338 ἐξηκονταετὴς
1437 305 1577 337 γεγονυῖα,
1592 305 1640 332 ἐὰν
1655 305 1746 341 ἕληται
1765 308 1840 335 πάλιν

1064 345 1144 382 ἀνδρὶ
1161 349 1307 381 συνοικεῖν,
1321 348 1352 374 οὐ
1375 349 1611 385 καταξιωθήσεται
1627 353 1677 386 τῆς
1688 353 1733 380 τοῦ
1747 347 1839 388 ἀγαθοῦ

1064 391 1220 424 κοινωνίας,
1238 393 1290 425 ἕως
1305 393 1339 421 ἂν
1353 394 1401 421 τοῦ
1415 395 1520 427 πάθους
1534 397 1584 430 τῆς
1597 397 1767 433 ἀκαθαρσίας
1777 400 1841 427 παύ-

1065 445 1162 472 σηται’
1175 438 1223 465 ἐὰν
1238 439 1330 474 μέντοι
1356 440 1409 475 πρὸ
1422 441 1555 477 ἐξήκοντα
1569 442 1638 469 ἑτῶν
1653 444 1839 481 ἁριθμήσωμεν

1064 483 1160 520 αὐτὴν,
1180 485 1316 520 ἡμέτερον
1329 485 1359 512 τὺ
1374 485 1457 522 ἔγκλη
1462 496 1500 522 μα
1516 488 1546 514 οὐ
1558 488 1605 515 τοῦ
1615 489 1738 521 γυναίου.

1101 528 1157 563 μα’.
1177 529 1210 556 Ἡ
1227 530 1256 556 ἐν
1268 531 1302 566 τῇ
1314 531 1412 567 χηρείᾳ
1425 532 1551 565 ἐξουσίαν
1565 533 1666 570 ἑαυτῆς
1679 534 1774 571 ἔχουσα
1785 545 1842 564 συν-

1063 574 1149 599 οικεῖν
1159 574 1235 609 ἀνδρὶ
1248 575 1425 612 ἀνέγκλητος,
1436 578 1462 604 εἰ
1474 578 1568 613 μηδείς
1581 580 1655 607 ἐστιν
1666 581 1808 609 ό-διασπῶν
1816 582 1845 610 τὸ

1065 618 1250 646 συνοικέσιον·
1263 619 1310 647 τοῦ
1329 621 1488 649 Ἀποστόλου
1500 624 1633 656 εἰπόντος·
1652 625 1721 653 Ἐὰν
1734 627 1768 654 δὲ
1780 628 1844 655 ἁπο-

1064 665 1141 700 θάνη
1156 667 1172 693 ὀ
1191 667 1280 701 ἀνὴρ,
1295 667 1438 704 ἐλευθέρα
1451 667 1571 704 ἐστὶν-ᾦ
1583 671 1662 699 θέλει
1676 674 1844 710 γαμηθῆναι.

1060 712 1158 746 μόνον
1172 711 1208 738 ἐν·
1221 714 1328 747 Κυρίῳ.

1098 761 1131 786 ν’.
1148 759 1303 795 Τριγαμίας
1317 760 1399 796 νόμος
1413 761 1464 788 οὐκ
1484 762 1570 795 ἔστιν,
1588 763 1661 791 ὥστε
1676 764 1752 800 νόμῳ
1762 765 1846 801 τρίτος

1063 804 1154 839 γάμος
1167 805 1217 831 οὐκ
1229 805 1335 839 ἄγεται·
1347 807 1381 833 τὰ
1393 807 1485 842 μέντοι
1498 809 1622 842 τοιαῦτα,
1635 810 1674 841 ὡς
1687 811 1846 846 ῥυπάσματα

1063 849 1114 884 τῆς
1141 850 1303 885 Ἑκκλησίας
1327 851 1450 888 ὁρῶμεν·
1475 854 1621 890 δημοσίαις
1641 856 1672 883 δὲ
1696 858 1847 890 καταδίκαις

221 889 343 918 tionibus
359 891 477 925 publicis
494 899 550 919 non
562 893 726 928 subjicinius
745 899 774 921 ut
784 894 874 921 soluta
888 894 1007 921 fornica-

1076 897 1107 931 ὑχ
1122 896 1319 933 ὑποδάλλομεν,
1341 899 1380 931 ὡς
1408 901 1457 935 τῆς
1471 901 1616 938 ἀνειμένης
1638 903 1765 938 πορνείας
1776 889 1849 941 alpes

223 935 296 963 tione
309 937 396 971 magis
409 937 543 973 eligenda.

257 980 303 1008 53.
336 980 423 1009 Vidua
449 983 548 1010 ancilla
570 983 688 1012 fortasse
718 991 772 1012 non
795 984 911 1012 multum
935 985 1012 1020 lapsa

221 1032 274 1060 est,
291 1035 353 1062 quae
367 1029 502 1055 secundas
517 1029 627 1063 nuptias
642 1036 690 1064 per
709 1035 803 1065 raptus
819 1030 938 1065 speciem
953 1031 1011 1057 ele-

220 1073 268 1107 git.
293 1072 476 1105 Quamobrem
503 1074 538 1101 ob
563 1075 587 1101 id
611 1074 762 1102 incusanda
793 1083 846 1102 non
875 1080 928 1103 est.
953 1075 1013 1103 Non

224 1119 297 1145 enim
313 1124 461 1154 prastextus
474 1120 643 1154 judicantur,
668 1120 716 1148 sed
728 1121 866 1148 voluntas.
881 1120 956 1148 Illam
968 1129 1014 1148 au-

221 1168 287 1196 tem,
303 1167 333 1190 ut
346 1164 519 1199 perspicuum
533 1169 586 1196 est,
600 1169 691 1192 manet
705 1165 830 1200 digamiae
847 1173 940 1200 poena.

260 1210 306 1236 67.
326 1209 394 1236 Cum
413 1217 507 1238 sorore
517 1212 618 1245 coitus,
637 1211 779 1239 homicidae
795 1217 902 1248 tempus
916 1214 944 1240 in
959 1220 1015 1248 pm-

221 1255 336 1282 niteutia
353 1255 481 1290 explebit.

256 1301 300 1328 68.
325 1300 503 1335 Cognationis
527 1303 554 1328 ln
575 1301 705 1330 humanis
737 1303 841 1338 nuptiis
869 1303 1013 1338 prohibita:

219 1347 387 1382 coniunctio,
405 1348 426 1375 si
443 1349 469 1375 in
485 1349 604 1383 peccatis
618 1349 847 1384 deprehendatur,
870 1350 1010 1378 adultero-

220 1400 281 1419 rum
296 1400 391 1426 pueuas
407 1393 518 1420 subibit.

254 1437 336 1473 ,412
347 1438 390 1464 75.
410 1439 461 1471 Qui
475 1446 538 1466 cum
559 1446 608 1466 sua
620 1447 652 1466 ex
670 1445 746 1474 patre
758 1440 800 1467 vel
810 1448 842 1467 ex
859 1445 945 1468 matre
968 1449 1014 1469 so-

219 1491 282 1511 rore
298 1485 418 1518 pollutus
432 1489 484 1518 est,
504 1490 569 1517 etc.,
584 1491 613 1512 ut
629 1494 690 1521 pag.
711 1486 772 1514 806.

255 1529 300 1557 76.
321 1529 421 1557 Eadem
440 1535 482 1558 est
495 1531 564 1559 ratio
579 1532 612 1559 de
635 1533 667 1560 iis
690 1540 799 1568 quoque
811 1534 858 1568 qui
875 1542 942 1562 suas
959 1543 1012 1562 nu-

219 1583 268 1604 rus
286 1577 436 1611 accipiunt.

256 1622 300 1650 78.
319 1621 420 1650 Eadem
435 1629 526 1651 autem
544 1624 630 1652 forma
646 1624 806 1652 observetur
820 1626 887 1653 etin
901 1634 948 1654 eos
959 1627 1006 1662 qui

219 1675 332 1696 sorores
348 1669 416 1696 duas
433 1670 459 1696 in
477 1670 687 1698 matrimonium
699 1670 814 1705 ducunt,
830 1673 881 1699 etsi
894 1672 1009 1700 diversis

218 1713 399 1747 temporibus.

255 1770 302 1798 79.
318 1771 369 1803 Qui
386 1775 476 1798 autem
498 1772 524 1798 in
545 1780 611 1800 suas
628 1780 761 1800 novercas
776 1774 926 1807 insaniunt,
946 1781 1011 1803 sunt

217 1817 308 1844 eidem
330 1818 429 1844 cauoni
447 1818 570 1850 obnoxii,
596 1818 641 1846 cui
659 1824 686 1846 el.
704 1819 733 1853 ii,
750 1821 797 1855 qui
823 1821 963 1850 insaniunt
980 1823 1009 1850 in

217 1870 284 1890 SllaS
299 1869 416 1890 SOI'OI'CS.

255 1909 300 1936 δο.
334 1908 520 1944 Polygamiam
544 1909 640 1938 Patres
658 1911 767 1939 silentio
794 1913 1008 1947 praetermisere,
1050 1936 1052 1940 .

217 1959 250 1982 ut
262 1955 423 1988 belluiuam,
440 1962 609 1991 prorsusque
626 1957 661 1984 ab
674 1958 814 1986 hominum
828 1967 927 1994 genere
941 1961 1009 1989 alie-

220 2009 295 2029 nam.
315 2000 351 2028 Ea
374 2006 465 2028 autem
483 2002 562 2029 nobis
584 2003 691 2030 videtur
710 2009 851 2039 peccatum
869 2013 930 2033 esse
952 2007 1008 2034 tor-

218 2048 358 2076 nicatione
395 2048 495 2083 majus.
525 2048 696 2084 Quapropter
719 2056 934 2079 consentaneum
964 2058 1007 2080 est

215 2103 267 2123 eos
285 2094 382 2128 subjici
407 2095 571 2127 canonihus,
596 2100 625 2123 ut
648 2097 751 2124 scilicet
769 2102 912 2132 pustquam
935 2104 1008 2124 anno

216 2139 352 2174 ﬂeverint,
365 2146 391 2168 et
408 2141 496 2169 tribus
510 2142 642 2170 substrati
658 2142 770 2176 fuerint,
786 2143 826 2171 sic
846 2143 1004 2177 suscipian-

219 2191 274 2214 tur.

217 2231 345 2266 Ejusdem
361 2239 393 2258 ex
411 2231 523 2265 epistola
539 2232 573 2258 ad
593 2232 740 2259 Diodorum
758 2232 912 2261 Tarsensem
928 2235 960 2262 de
974 2236 1007 2262 iis

252 2268 296 2300 qui
308 2268 375 2293 duas
391 2276 501 2305 sorores
519 2268 628 2305 ducunt,
644 2267 682 2294 vel
696 2268 734 2305 gde
751 2269 854 2302 feminis
872 2278 930 2305 qum
948 2273 1013 2297 duo-

253 2303 300 2327 bus
316 2303 444 2336 [ralribus
455 2303 625 2329 matrimonio
640 2303 848 2338 canjuuguntur.

253 2346 393 2375 V'i-ncrunt
408 2349 486 2387 nobis
500 2349 597 2376 littera:
610 2349 720 2376 nomine
735 2349 846 2377 Diodori
865 2351 1013 2387 inscripta),

216 2386 287 2415 elc.,
301 2391 329 2409 ιιι
345 2391 405 2418 pag.
427 2384 491 2412 455.

256 2428 391 2464 Theophili
421 2430 612 2465 archiepiscopi
637 2430 816 2458 Alexandrini
832 2432 868 2458 ud
894 2432 1015 2468 Agatho-

217 2473 288 2491 116111.

253 2510 388 2538 Maximus
406 2511 505 2539 asserit
529 2519 558 2539 sc
581 2511 709 2539 Ecclesia:
732 2512 803 2548 leges
838 2513 1009 2547 ignorantem

217 2555 313 2584 illicito
337 2557 512 2584 matrimonio
531 2557 707 2592 conjuucium
723 2566 802 2591 esse,
824 2564 852 2586 et
872 2560 935 2594 quia
958 2561 1010 2589 hoc

216 2610 279 2630 cum
300 2603 370 2630 male
386 2604 466 2631 habet
483 2605 555 2639 quod
569 2612 622 2631 non
641 2609 714 2632 recte
730 2611 756 2632 ct
770 2613 803 2632 ex
820 2606 916 2633 ordine
929 2613 1007 2642 agat,

215 2649 362 2677 allirntavit
374 2669 382 2682 ,
405 2649 451 2684 qui
466 2655 561 2677 contra
580 2650 650 2686 leges
671 2650 733 2678 fecit
749 2659 796 2686 por
813 2651 1009 2687 iguoraulimu,

217 2705 246 2724 se
262 2697 295 2724 ab
313 2697 404 2724 illicita
423 2697 483 2725 vita:
506 2697 637 2725 societate
654 2706 687 2725 ex
710 2706 845 2726 consensu
869 2700 1010 2727 abstcntu~

218 2751 276 2770 rum
291 2764 299 2777 ,
325 2744 370 2770 illa
391 2744 473 2771 etiam
495 2744 547 2772 hoc
563 2744 679 2771 volente.
704 2744 732 2771 Si
747 2754 812 2780 ergo
832 2747 1008 2780 probaveris.

217 2791 289 2824 quod
306 2789 357 2817 hoc
371 2798 402 2816 ex
420 2797 556 2817 consensu
573 2789 683 2823 faciant,
703 2795 729 2818 et
746 2799 799 2818 non
821 2791 927 2824 fallant,
944 2792 1009 2826 quia

253 2867 264 2881 '
280 2865 363 2894 lCor.
377 2874 426 2900 νυ,
442 2867 486 2895 59.

1063 952 1181 979 τωτερα.

1100 993 1150 1023 νγ’.
1172 990 1204 1016 Ἦ
1220 990 1294 1026 χήρα
1313 990 1393 1027 δούλη
1413 993 1444 1019 οὐ
1457 993 1529 1029 μέγα
1545 1001 1571 1020 τι
1589 993 1729 1029 ἔπταισεν,
1742 995 1850 1031 ἑλομένη

1063 1033 1189 1071 δεύτερον
1208 1037 1298 1071 γάμον
1319 1036 1348 1063 ὲν
1374 1039 1493 1073 σχήματι
1520 1040 1668 1075 ἁρπαγῆς·
1690 1041 1759 1068 ὥστε
1781 1042 1851 1069 οὐδὲν

1063 1079 1160 1107 τούτου
1176 1081 1270 1108 ἕνεκεν
1285 1083 1462 1117 ἐγκαλεῖσθαι
1478 1085 1548 1120 χρή·
1563 1086 1593 1112 οὺ
1612 1087 1666 1122 γὰρ
1678 1088 1713 1114 τὰ
1730 1088 1849 1124 σχήματα

1065 1126 1188 1160 κρίνεται
1199 1148 1205 1159 ,
1222 1128 1280 1154 ἀλλ’
1297 1131 1312 1163 ἡ
1328 1130 1505 1165 προαίρεσιςο
1517 1130 1597 1166 δῆλον
1614 1133 1645 1159 δὲ
1658 1134 1700 1160 ὅτι
1713 1134 1742 1160 τὸ
1754 1134 1802 1169 τῆς
1814 1134 1851 1160 δι-

1065 1173 1168 1207 γαμίας
1185 1174 1277 1206 μένειν
1291 1175 1376 1210 αὐτὴν
1387 1176 1535 1211 ἐπιτίμιον.

1102 1217 1150 1250 ξζ¹.
1179 1219 1211 1246 'ﬂ
1226 1220 1404 1256 ἀδελφομιξία
1419 1222 1465 1249 τὸν
1477 1222 1524 1249 τοῦ
1536 1224 1642 1258 φονέως
1656 1225 1752 1261 χρόνον
1763 1225 1853 1261 ἐξομο*

1065 1263 1131 1299 λογή
1137 1273 1223 1291 σεται.

1102 1308 1152 1345 En’.
1176 1310 1207 1337 'H
1219 1311 1270 1346 τῆς
1285 1312 1475 1349 ἀπειρημένης
1489 1315 1652 1348 συγγενείας
1662 1316 1703 1347 εἰς
1717 1316 1803 1351 γάμον
1812 1316 1853 1343 ἀν-

1065 1353 1183 1389 θρώπων
1202 1356 1342 1391 σύστασις,
1363 1360 1388 1385 εί
1406 1359 1544 1396 φωραθείη
1568 1362 1597 1387 ὲν
1613 1361 1797 1397 ἁμαρτήμασι
1811 1370 1854 1396 γι-

1065 1401 1213 1437 γενημένη,
1228 1403 1261 1429 τὰ
1274 1403 1328 1429 τῶν
1343 1405 1446 1440 μοιχῶν
1461 1406 1584 1441 ἐπιτίμια
1597 1406 1718 1440 δέξεται.

1102 1446 1149 1474 οε’.
1174 1447 1203 1474 ⁸0
1223 1449 1326 1485 ἀδελφῇ
1344 1449 1398 1486 ἰδίᾳ
1413 1451 1445 1478 ὲκ
1466 1452 1600 1488 πατρὸςῆ
1617 1454 1652 1480 ὲκ
1667 1453 1772 1489 μητρὸς
1789 1461 1856 1489 συμ-

1067 1491 1202 1527 μιανθεὶς,
1217 1502 1245 1520 κ.
1258 1502 1284 1521 τ.
1298 1494 1324 1521 λ.

1101 1540 1155 1569 ος¹.
1182 1537 1211 1564 Ὁ
1227 1539 1309 1571 αὐτὸς
1330 1539 1415 1574 τύπος
1436 1542 1484 1569 καὶ
1504 1543 1568 1579 περὶ
1593 1543 1651 1571 τῶν
1676 1543 1729 1576 τὰς
1752 1543 1855 1579 νύμφας

1025 1571 1047 1600 c
1065 1582 1171 1609 ἑαυτῶν
1189 1583 1222 1610 λα
1226 1584 1393 1620 μϐανόντων.

1101 1628 1150 1664 οη’.
1179 1629 1208 1656 '0
1223 1631 1304 1663 αὐτὸς
1317 1631 1345 1658 δὲ
1357 1633 1493 1668 κρατείτω
1506 1634 1592 1667 τύπος
1614 1637 1665 1664 καὶ
1679 1637 1727 1664 ἐπὶ
1743 1637 1798 1664 ⁴τῶν
1814 1636 1858 1664 δύο

1065 1674 1185 1709 ἀδελφὰς
1206 1676 1400 1712 λαμϐανόντων
1421 1680 1462 1712 είς
1486 1681 1667 1715 συνοικέσιον,
1686 1683 1712 1709 ει
1725 1683 1773 1710 καὶ
1791 1682 1857 1709 κατὰ

1065 1721 1211 1758 διαφόρους
1223 1724 1318 1758 χρόνου
1323 1733 1346 1756 ς.

1102 1768 1149 1795 οϐ’.
1171 1769 1203 1795 Ol
1214 1769 1241 1795 δὲ
1252 1771 1313 1801 ταῖς
1325 1772 1460 1806 μητρυαῖς
1470 1771 1575 1807 ἑαυτῶν
1587 1774 1808 1810 ἐπιμαινόμενοι,
1821 1773 1858 1809 τῷ

1065 1812 1140 1846 αὐτῷ
1153 1814 1312 1842 ὑπόκεινται
1326 1817 1430 1850 κανόνι,
1448 1814 1471 1852 ᾧ
1485 1819 1532 1845 καὶ
1545 1819 1570 1845 oi
1585 1821 1651 1853 ταῖς
1664 1821 1774 1848 ἑαυτῶι
1787 1820 1859 1848 ἁδελ-

1066 1861 1132 1894 φαῖς
1149 1860 1368 1896 ὲπιμαινόμενοι.

1101 1908 1138 1932 π’.
1159 1906 1215 1942 Τὴν
1229 1907 1258 1933 δὲ
1277 1907 1451 1944 πολυγαμίαν
1463 1910 1489 1937 οἱ
1505 1911 1631 1948 Πατέρες
1651 1910 1859 1948 ἀπεσιώπησαν.

1064 1948 1103 1981 ὡς
1115 1949 1249 1986 κτηνώδη,
1262 1952 1309 1977 καὶ
1323 1953 1463 1985 παντελῶς
1477 1954 1625 1990 ἀλλοτρίαν
1637 1956 1687 1983 τοῦ
1701 1957 1797 1991 γένους
1808 1956 1859 1983 τῶν

1065 1995 1231 2031 ἀνθρώπων·
1256 1998 1322 2033 ἡμῖν
1341 1998 1369 2024 δὲ
1391 1999 1567 2034 παρίσταται,
1584 2002 1673 2029 πλέον
1691 2011 1719 2029 τι
1737 2003 1859 2038 πορνείας

1064 2038 1136 2067 εἶναι
1149 2041 1181 2068 τὸ
1192 2042 1345 2078 ἁμάρτημα
1353 2052 1359 2059 ·
1370 2044 1492 2080 δηλονότι
1504 2047 1632 2075 ἐνιαυτὸν
1650 2048 1858 2084 προσκλαύσαν-

1065 2095 1130 2118 τας,
1149 2088 1196 2114 καὶ
1220 2089 1249 2114 ὲν
1271 2089 1362 2124 τρισὶν
1382 2092 1621 2127 ἀκροασαμένους,
1647 2095 1698 2122 καὶ
1722 2096 1752 2122 ὲν
1776 2094 1861 2131 τρισὶν

1065 2133 1264 2168 ὑποπεσόντας,
1277 2135 1349 2163 οὕτω
1363 2137 1475 2170 δεκτοὺς
1488 2137 1570 2166 εἶναι.

1069 2225 1126 2267 1³οὲ
1138 2226 1232 2267 αὐτοῦ
1246 2227 1280 2254 ὲκ
1293 2227 1349 2267 τῆς
1364 2228 1449 2267 πρὸς.
1461 2230 1610 2267 Διόδωρον
1627 2231 1800 2267 ἐπιστολῆς
1812 2232 1863 2258 τὸν

1105 2262 1230 2303 Rapum):
1250 2264 1326 2303 x_art’t_
1340 2262 1400 2290 nbi-
1415 2262 1621 2303 6uo‘dé‘elspdc
1638 2262 1828 2303 πτιμούνίὼν,
1843 2267 1860 2301 ἡ

1100 2295 1241 2331 ἀδελφοῖς
1257 2298 1329 2325 δυσὶ
1346 2299 1553 2335 γαμουμένων.

1106 2342 1234 2377 Ἀφίχετο
1248 2344 1326 2379 ἡμῖν]
1345 2346 1508 2381 γράμματα,
1524 2346 1575 2382 τὴν
1588 2348 1756 2384 ἐπιγραφὴν
1770 2348 1863 2384 ἔχοντα

1064 2387 1209 2422 Διοδώρου,
1225 2397 1253 2415 κ.
1268 2397 1294 2415 τ.
1313 2389 1339 2417 λ.

1065 2434 1212 2468 Θεοφίλου
1226 2435 1466 2473 ἁρχιεπισκᾴπου
1486 2437 1726 2473 Ἀλεξανδρείας
1737 2459 1745 2472 ,
1761 2439 1796 2466 ἐκ
1812 2437 1864 2472 τῆς

1245 2471 1320 2505 πρὸς
1340 2471 1477 2506 ’Λγιὶθιον
1491 2471 1678 2509 ἐπιστολῆς,

1106 2515 1224 2549 Ἀγνοῶν
1244 2516 1307 2548 τοὺς
1330 2517 1381 2551 τῆς
1416 2518 1581 2553 Ἐκκλησίας
1597 2521 1703 2555 νόμους
1729 2521 1863 2555 Μάξιμος,

1063 2562 1249 2599 διισχυρίσατο
1268 2565 1419 2601 παρανόμῳ
1445 2567 1599 2602 συμϐιώσει
1632 2569 1790 2604 συνῆφθαι·
1820 2568 1863 2595 καὶ

1064 2609 1158 2644 ἐπειδὴ
1171 2609 1281 2646 θορυϐεῖ
1297 2611 1379 2638 αὑτὸν
1391 2612 1422 2638 τὸ
1437 2613 1592 2640 ἁσύνακτον
1607 2613 1694 2648 εἶναι,
1707 2615 1863 2641 διεῦεθαιώ-

1064 2650 1139 2687 σατο,
1151 2656 1244 2692 ἐπειδὴ
1257 2657 1352 2692 ἀγνοίᾳ
1373 2658 1403 2684 τὸ
1419 2659 1579 2694 παράνομον
1593 2659 1725 2695 ἔδρασεν,
1746 2662 1780 2688 ὲκ
1798 2670 1863 2695 συμ-

1064 2702 1164 2735 φωνίας
1183 2703 1334 2738 ἀπέχεσθαι
1349 2704 1400 2738 τῆς
1412 2705 1573 2740 παρανόμου
1597 2707 1784 2741 συμϐιώσεως
1795 2707 1862 2732 ἑκεί-

1063 2756 1111 2781 νης
1125 2748 1276 2783 ἀγαπώσης
1298 2750 1346 2776 καὶ
1360 2750 1455 2777 τοῦτο·
1480 2751 1527 2777 ἐὰν
1542 2751 1639 2779 τοίνυν
1653 2752 1810 2790 δοκιμάσειε
1825 2752 1862 2779 δτι

1063 2795 1142 2820 τοῦτο
1165 2794 1287 2822 ποιοῦσιν
1313 2797 1345 2822 ἐκ
1370 2797 1539 2832 συμφωνίας,
1563 2798 1616 2824 καὶ
1643 2800 1683 2835 μὴ
1710 2800 1859 2830 ἀπατῶσιν,
