1959 3060
115 158 166 192 901

523 161 725 191 SYNTAGMA
743 161 935 193 CANONUM.
950 175 985 180 —
997 163 1074 195 TIT.
1091 164 1162 202 XII,
1181 165 1260 196 CAP.
1281 160 1340 197 ΪΙΙ.

1693 168 1746 201 902

115 215 210 251 ἐπειδὴ
226 214 359 250 δεκαέτης
379 213 438 242 ἐστὶ
451 215 557 249 χρόνος,
581 216 606 242 εἰ
624 217 736 248 σκοπεῖς
753 217 822 252 μετὰ
835 225 904 244 κατι

961 223 996 245 3st
1019 223 1126 253 tempus
1151 219 1321 253 decennale;
1346 220 1370 248 si
1400 220 1557 249 consideres
1581 228 1631 250 eos
1649 222 1747 252 debere

115 261 274 297 ηχουμένων
289 260 387 292 αὐτοὺς
414 260 579 294 συνάγεσθαι
600 262 681 294 τέως,
696 261 784 294 οὕτως
804 262 908 298 διοίκη-

116 315 177 333 σον-
198 307 224 333 εἰ
242 306 270 332 δὲ
289 306 406 342 συνορᾷς
426 306 467 333 ὅτι
488 307 628 342 ἀπατῆσαι
650 307 839 343 βεβούληνται,
857 309 907 335 καὶ

114 352 200 379 δεῖται
211 352 246 378 τὰ
258 353 320 378 κατ’
335 353 434 384 αὐτοὺς
450 352 490 379 ἔτι
508 353 642 387 στύψεως,
654 353 724 389 ὅπερ
742 355 829 387 ὀΘεὸς
842 354 908 381 ὐπο-

115 397 209 424 δάλλει
227 405 280 430 σοι,
295 397 375 424 τοῦτο
392 398 518 433 ποίησον,
534 398 673 434 πανταχοῦ
688 399 756 436 πρὸς
769 400 800 426 τὸ
810 401 907 435 ἐπέχον

114 444 315 480 ὸδηγούμενος·
341 445 388 471 ἐπὶ
409 444 464 481 γὰρ
491 445 546 472 τῶν
566 445 657 472 τόπων
685 446 837 481 τυγχάνων,
857 445 908 478 τὰς

114 489 229 525 γνώμας
245 490 335 517 αὐτῶν
352 490 452 525 μᾶλλον
467 490 568 518 εἰδέναι
584 490 711 518 δύνασαι.

157 535 188 562 '0
203 535 343 567 πολιτικὸς
361 535 442 571 νόμος
458 536 488 562 οὐ
502 535 611 568 κολάζει
626 536 676 571 τὴν
693 536 908 571 δευτερογαμίαν

113 580 131 616 ἢ
146 580 333 616 πολυγαμίαν,
353 580 491 608 ἔκπτωσιν
504 581 534 608 δὲ
552 581 656 617 κερδῶν
672 582 770 616 ἐπάγει
786 583 843 614 τοῖς
858 590 906 616 γο-

113 626 191 652 νεῦσι
211 625 472 661 δευτερογαμοῦσιν,
499 626 621 653 ὑπόντων
642 626 735 658 αὐτοῖς
754 626 858 653 παίδων
875 627 908 653 ὲκ

113 672 163 699 τοῦ
181 673 316 708 προτέρου
332 673 499 700 συνοικεσίου
509 681 516 689 ·
529 674 595 708 περὶ
605 673 635 700 δὶ
648 669 686 699 ὧν
700 673 730 699 ὲν
743 672 840 700 πλάτει
851 673 908 700 δια-

113 718 250 754 λαμϐάνει
266 720 281 746 6
295 717 317 746 0’
331 719 385 747 τίτ.
409 719 456 746 τοῦ
471 717 492 746 ε’
511 718 583 755 βιὸλ.
599 719 646 746 τοῦ
662 718 729 747 κώδ.
747 719 796 746 καὶ¹
808 719 825 754 ἠ
843 719 908 754 περὶ

113 765 213 800 γάμων
226 765 337 801 Νεαρά”
350 763 418 792 Ἡδὲ
432 765 502 802 γυνὴ
518 765 587 801 πρὸς
602 765 708 797 τούτοις
721 765 908 799 ἀναγκάζεται

116 811 208 846 μεῖναι
222 811 268 838 τὸν
287 810 422 846 πένθιμον
435 810 543 847 χρόνον,
560 812 700 838 τουτέστιν
713 811 846 843 ἐνιαυτὸν,
863 810 908 838 διὰ

113 855 164 890 τὴν
190 856 321 891 σύγχυσιν
346 856 396 892 τῆς
409 856 508 892 γονῆς·
529 857 598 892 ὅπερ
613 856 660 883 ἐπὶ
678 857 726 883 τοῦ
747 856 844 892 ἀνδρὸς
858 857 908 883 οὑκ

114 900 333 938 ἑστι.ᾸΓαμοῦσα
347 902 438 929 τοίνυν
450 902 503 938 πρὸ
519 911 550 929 συ
556 901 746 938 μπληρώσεως
757 902 804 928 τοῦ
817 902 907 929 ἐνιαυ·

113 947 163 975 τοῦ
183 949 254 983 μετὰ
272 948 388 976 θάνατον
402 947 451 975 τοῦ
465 948 572 985 ἀνδρὸς,
583 948 742 983 ἀτιμοῦται,
757 948 804 975 καὶ
814 948 845 974 οὐ
860 947 906 974 δύ-

113 1002 194 1020 ναται
209 993 291 1020 πλέον
302 992 349 1020 τοῦ
365 993 457 1028 τρίτου
470 993 521 1028 τῆς
533 993 626 1024 οὐσίας
642 993 727 1028 αὐτῆς
742 993 845 1021 διδόναι
866 992 905 1028 τῷ

112 1039 233 1075 δευτέρῳ
248 1039 335 1075 ἀνδρὶ,
357 1039 374 1075 ἢ
389 1040 419 1066 ὲν
430 1039 547 1075 διαθήκῃ
568 1039 748 1066 καταλιπεῖν·
769 1040 816 1066 καὶ
835 1039 904 1074 αὐτὴ

113 1085 192 1112 οὐδὲν
212 1085 268 1117 ἔξει
291 1084 345 1111 ἀπὸ
371 1084 554 1120 κληρονομίας
577 1084 594 1119 ἥ
614 1084 745 1119 ληγάτου,
766 1084 783 1120 ἢ
809 1086 903 1111 mortis

114 1138 198 1157 causa
210 1130 315 1165 δωρεᾶς
325 1137 332 1144 ·
353 1129 421 1157 ἀλλὰ
437 1130 524 1157 ταῦτα
537 1129 724 1165 λαμὸάνουσιν
735 1131 761 1156 οι
777 1130 906 1166 κληρονό-

115 1184 163 1210 μοι
179 1175 228 1202 τοῦ
251 1175 464 1207 καταλιπόντος·
485 1175 534 1203 καὶ
550 1176 577 1202 εξ
595 1184 623 1202 τι
639 1176 787 1202 κατέλιπεν
805 1177 875 1211 αὐτῇ
892 1177 907 1203 ό

114 1220 225 1257 πρῶτος
249 1222 330 1258 ἀνὴρ,
356 1222 527 1258 λαμσάνουσι
557 1222 628 1248 κατὰ
653 1221 757 1257 βαθμὸν
781 1223 816 1249 τὰ
840 1222 907 1249 δέκα

114 1268 262 1303 πρόσωπα,
288 1268 410 1299 ἀνιόντες
432 1268 479 1294 καὶ
503 1267 645 1298 κατιόντες
659 1267 707 1294 καὶ
729 1267 761 1293 ἐκ
777 1268 905 1302 πλαγίου,

115 1313 197 1349 μέχρι
211 1313 340 1349 δευτέρου
351 1313 468 1349 βαθμοῦ·
479 1313 510 1346 ἐξ
523 1312 663 1339 ἀδιαθέτου
676 1313 839 1349 κληρονομεῖ
851 1312 906 1340 τῶν

115 1359 257 1393 συγγενῶν
271 1360 357 1394 αὐτῆς
368 1359 450 1394 μέχρι
462 1359 545 1394 μόνου
556 1359 650 1394 τρίτου
664 1358 780 1394 βαθμοῦ,
794 1359 842 1386 καὶ
856 1359 906 1386 πά·

113 1413 166 1440 σης
177 1404 257 1437 ἀξίας
271 1406 418 1441 στερεῖται,
433 1405 482 1431 καὶ
493 1404 547 1431 τῶν
560 1404 615 1431 ἀπὸ
626 1403 796 1441 τοῦ¹πρώτου
810 1405 906 1440 ἀνδρδς

115 1451 156 1482 εἰς
170 1450 256 1486 αὐτὴν
275 1450 407 1477 ἐλθόντων
424 1450 560 1486 προφάσει
581 1458 706 1485 sponson,
720 1450 737 1486 ἢ
754 1450 826 1477 κατὰ
845 1450 906 1485 βού-

114 1497 195 1531 λησιν
207 1496 256 1523 τοῦ
281 1497 508 1532 τελευτήσαντος·
531 1495 645 1531 μηδενὸς
671 1495 727 1522 τῶν
754 1496 906 1531 εἰρημένων

113 1541 182 1568 δέκα
194 1541 350 1576 προσώπων
359 1541 568 1576 εὑρισκομένου,
583 1541 660 1576 χώρα
674 1541 713 1576 τῷ
724 1541 814 1576 φίσκῳ
822 1550 829 1557 -
844 1541 906 1568 οὔτε

113 1586 166 1621 τῆς
182 1586 251 1622 πρὸς
263 1587 354 1622 γάμου
371 1587 476 1622 δωρεᾶς
491 1586 635 1614 ἀπολαύει.
651 1586 683 1613 El
695 1587 724 1613 δὲ
743 1587 792 1614 κα)⁸
807 1587 908 1623 κληρο-

113 1632 198 1667 νόμος
210 1633 336 1668 ἐγράφη,
356 1633 381 1659 ει
397 1632 446 1668 μὲν
461 1632 573 1668 μερικὴ,
593 1631 624 1659 τὸ
639 1633 721 1668 μέρος
735 1632 821 1668 αὐτῆς
833 1633 910 1669 παρὰ

111 1680 172 1711 τοῖς
188 1679 427 1715 συγκληρονόμοις
443 1679 519 1714 μένει
530 1686 537 1694 ·
557 1679 582 1705 εἰ
595 1678 624 1705 δὲ
643 1678 710 1714 μόνη
725 1679 833 1714 ἐγράφη
843 1699 850 1711 ,
867 1679 908 1711 είς

112 1723 179 1756 τοὺς
205 1723 237 1756 ἑξ
258 1723 402 1750 ἀδιαθέτου
422 1724 437 1750 ὁ
460 1722 562 1759 κλῆρος
577 1722 705 1758 ἔρχεται·
722 1723 739 1758 ὴ
757 1723 786 1750 δὲ
809 1723 908 1758 ἀτιμία

112 1768 220 1802 λύεται,
237 1769 359 1804 δεήσεως
374 1768 441 1803 παρ’
458 1769 544 1804 αὐτῆς
557 1768 596 1804 τῷ
612 1768 717 1804 βασιλεῖ
731 1769 909 1804 προσαγομέ-

113 1823 175 1851 νης,
191 1816 240 1843 καὶ
257 1815 486 1851 φιλοτιμουμένου
501 1815 597 1842 τοῦτο’
618 1815 722 1842 παίδων
741 1815 770 1842 δὲ
791 1816 859 1851 αὐτῇ
875 1815 908 1842 ὲκ

113 1860 163 1887 τοῦ
186 1861 321 1896 προτέρου
342 1859 513 1887 συνοικεσίου
531 1859 666 1894 ὑπόντων,
684 1861 734 1887 οὐκ
750 1860 838 1892 ἄλλως
856 1861 908 1895 τῆς

113 1905 245 1942 τοιαύτης
259 1905 385 1940 τεύξεται
398 1905 565 1942 φιλοτιμίας,
578 1905 626 1932 καὶ
639 1905 694 1933 τῶν
707 1905 796 1933 ἄλλων
806 1906 907 1933 ποινῶν

113 1951 164 1979 καὶ
185 1951 237 1986 τῆς
254 1951 369 1986 ἀτιμίας
389 1951 631 1987 ἀπαλλαγήσεται,
654 1952 680 1978 ει
699 1951 738 1988 μὴ
753 1951 804 1986 τῆς
824 1951 908 1987 οὔσης

115 1996 186 2033 αὐτῇ
200 1997 296 2029 οὐσίας
309 1997 339 2023 έν
359 1996 399 2032 τῷ
412 1997 635 2032 δευτερογαμεῖν,
648 1998 706 2029 τοῖς
719 1996 800 2024 παισὶ
817 1997 909 2034 δωρη-

117 2050 196 2068 σεται
210 2043 282 2069 κατὰ
303 2041 403 2078 χρῆσιν
421 2042 469 2069 καὶ
492 2042 662 2076 δεσποτείαν,
679 2042 717 2075 ὡς
736 2042 808 2078 βιὸλ.
824 2046 845 2069 ε’
858 2044 906 2071 τοῦ

114 2087 196 2120 κώδ.,
208 2088 262 2114 τίτ.
284 2087 317 2119 θ’,
333 2088 403 2115 διάτ.
421 2086 446 2114 α’
460 2088 508 2115 καὶ
524 2087 557 2123 β’,
580 2088 629 2116 καὶ
640 2088 670 2115 ὲν
684 2090 717 2124 τῇ
733 2090 797 2125 περὶ
810 2089 908 2125 γάμων

113 2133 316 2169 Νεαρᾷ·Ἔστι
328 2134 358 2161 δὲ
378 2134 427 2161 καὶ
451 2134 601 2167 ἀκινδύνως
617 2135 666 2162 καὶ
689 2135 815 2171 ἀζημίως
830 2136 908 2168 ἐντὸς

112 2180 163 2207 τοῦ
180 2179 313 2215 πενθίμου
332 2180 430 2216 χρόνου
451 2182 562 2216 γαμεῖν,
583 2181 724 2208 τουτέστιν
739 2181 794 2209 ἀπὸ
809 2182 905 2209 κελεύ-

114 2232 201 2257 σεως·
217 2226 264 2252 καὶ
285 2226 330 2252 ὅτε
351 2227 379 2252 ὲν
393 2226 432 2261 τῷ
448 2227 573 2262 πενθίμῳ
586 2227 675 2263 χρόνῳ
687 2228 765 2264 τέκῃ,
779 2228 818 2260 ὼς
833 2228 904 2264 βιὸλ.
918 2238 946 2268 1)

115 2269 140 2304 τ’
153 2270 208 2296 τῶν
229 2271 315 2303 διατ.,
336 2271 391 2299 τίτ.
408 2271 441 2307 β’,
458 2272 527 2299 διάτ.
543 2271 569 2306 ι’,
583 2275 634 2299 ια’·
648 2273 712 2308 περὶ
728 2273 757 2300 δὲ
772 2274 911 2310 ἀθεμίτων

113 2315 164 2342 καὶ
181 2316 380 2352 κεκωλυμένων
406 2318 514 2352 γάμων,
540 2318 722 2353 διαλαμϐάνει
743 2320 757 2346 ό
779 2318 800 2346 ε’
815 2321 863 2347 καὶ
883 2321 910 2352 ς’

114 2363 164 2389 καὶ
181 2362 196 2387 ὁ
208 2361 234 2393 ζ’.
246 2362 300 2390 τίτ.
315 2363 362 2390 τοῦ
378 2361 399 2389 ε’
410 2363 480 2398 βιὸλ.
490 2363 538 2390 τοῦ
548 2363 626 2399 κώδ.,
641 2365 688 2392 καὶ
702 2364 773 2400 βισλ.
790 2364 844 2401 κγ’,
855 2367 908 2394 τίτ.

114 2407 150 2444 β’,
164 2408 236 2436 διάη.
250 2407 302 2444 λη’,
318 2408 368 2443 να⁷,
384 2408 431 2442 ve’,
447 2408 495 2442 ξζ’.

152 2455 277 2483 ΚΕΦιιΛ.
299 2456 336 2483 Γ¹.
351 2470 387 2477 —-
401 2457 472 2490 Περὶ
488 2456 550 2484 τῶν
573 2457 775 2485 ύπονοουσῶν
794 2458 906 2486 ἀποθα-

113 2500 182 2529 νεῖν
196 2501 267 2535 τοὺς
286 2502 399 2536 ἄνδρας
413 2501 512 2530 αὐτῶν
523 2503 838 2538 ἀπολιμπανομένους,
858 2504 908 2531 καὶ

113 2547 288 2583 remoram
756 2548 759 2549 ⁷

188 2594 324 2622 Συνόΰου
337 2595 546 2630 οὶκουμενικῆς
560 2594 651 2629 ἕκτης
664 2595 765 2622 κανὼν
780 2594 833 2630 κγ’.

153 2639 208 2675 ια’.
236 2641 269 2668 Ἦ
288 2641 514 2676 ἀναχωρήσαντος
532 2641 579 2668 τοῦ
605 2642 701 2676 ἀνδρὸς
712 2642 760 2669 καὶ
786 2642 907 2677 ἀφανοῦς

115 2686 205 2719 ὄντος,
221 2686 275 2722 πρὸ
291 2685 339 2713 τοῦ
362 2686 507 2722 πεισθῆναι
531 2687 596 2722 περὶ
612 2687 658 2713 τοῦ
680 2686 794 2714 θανάτου
808 2688 905 2721 αὑτοῦ,

117 2733 206 2768 ἑτέρῳ
218 2733 380 2760 συνοικοῦσα
400 2734 543 2768 μοιχᾶται·
562 2733 693 2766 ὡσαύτως
711 2735 758 2760 καὶ
774 2733 907 2769 στρατιώ-

115 2779 189 2812 τιδες
204 2780 233 2806 αἱ
253 2780 305 2807 τῶν
320 2779 426 2815 ἀνδρῶν
442 2779 555 2813 ἀφανῶν
571 2779 656 2805 ὅντων
675 2780 853 2815 γαμηθεῖσαι,
869 2780 907 2814 τῷ

155 2869 177 2886 ¹⁰
196 2867 237 2896 Ex
249 2867 333 2897 Basil.
349 2876 410 2896 can.
425 2868 470 2903 5i,
488 2867 532 2902 56,
551 2868 591 2896 46.

921 1566 942 1595 C

958 264 1061 291 versari
1078 271 1139 291 cunt
1155 266 1375 298 catecbuntcnis,
1392 274 1466 294 nunc
1488 274 1536 295 eos
1550 267 1590 295 sic
1607 269 1746 303 dispensa.

960 308 1007 336 Sin
1024 314 1116 336 autem
1136 311 1211 338 vides
1226 312 1297 346 quod
1312 312 1439 347 decipere
1452 313 1517 340 velit
1527 333 1535 345 ,
1558 318 1585 341 et
1600 315 1747 343 acerbitate

959 354 1049 381 adhuc
1066 355 1093 381 in
1109 363 1142 382 eo
1157 363 1226 390 opus
1250 356 1295 388 sit,
1324 356 1367 384 fac
1388 358 1414 386 id
1433 359 1505 393 quod
1528 359 1599 387 Deus
1613 360 1660 387 tibi
1680 368 1746 396 sug-

957 399 1091 434 gesserit;
1113 400 1139 427 id
1155 409 1262 436 semper
1277 409 1395 436 sequens
1416 403 1490 438 quod
1511 405 1539 432 in
1559 412 1611 432 usu
1624 410 1666 432 est
1677 406 1747 434 vim-

959 452 1014 479 que
1036 445 1150 473 obtinet.
1171 446 1238 473 Nam
1268 454 1331 474 cum
1363 448 1398 476 iis
1433 449 1472 477 sis
1494 449 1521 476 in
1549 450 1634 483 locis,
1653 459 1747 479 eorum

958 497 1063 520 mentes
1078 493 1175 520 melius
1190 494 1265 521 nullo
1277 502 1443 529 cognoscere
1456 500 1545 531 potes.
1626 529 1629 532 ,

995 537 1103 566 Teztus.
1116 539 1197 575 413
1224 539 1318 568 Civilis
1333 541 1376 569 lex
1392 542 1491 570 iterum
1516 544 1650 579 sapiusve
1667 552 1747 580 repe-

959 582 1021 610 titas
1030 591 1085 611 non
1106 585 1184 618 punit
1197 586 1317 621 nuptias.
1327 586 1464 624 [Interim]
1483 593 1573 616 tamen
1586 590 1746 624 parentibus

957 629 1005 664 qui
1020 631 1213 665 superstitibus
1229 638 1262 658 ex
1274 632 1366 666 priore
1387 633 1507 668 conjuge
1530 635 1624 663 liberis
1637 637 1748 670 nuptias

958 678 1058 706 terant,
1083 674 1223 703 lucrorum
1242 677 1418 705 amissionem
1444 679 1558 707 inducit.
1588 680 1625 708 De
1640 682 1742 714 quibus

959 719 1012 747 late
1026 724 1124 748 tractat
1138 721 1213 754 tit.9,
1229 721 1276 749 lib.
1290 722 1317 752 5.
1333 722 1412 756 Cod.,
1429 729 1456 751 et
1466 724 1575 753 Novella
1585 725 1619 754 de
1633 728 1747 762 nuptiis.

958 765 999 793 Ad
1019 766 1075 793 haec
1084 774 1148 794 vero
1162 768 1261 796 mulier
1275 773 1388 804 propter
1402 771 1619 799 comtnistionem
1633 774 1747 808 sangui-

959 811 1013 844 nis,
1044 820 1147 840 annum
1178 813 1321 849 lugubrem
1337 820 1496 851 exspectare
1521 818 1628 852 cogitur
1649 827 1656 845 :
1675 820 1746 853 quod

959 856 986 884 in
998 857 1064 885 viris
1077 859 1166 886 locum
1182 867 1236 888 non
1251 861 1343 888 habet.
1355 861 1423 895 Quae
1437 862 1529 898 itaque
1552 869 1613 898 post
1630 870 1746 892 mortem

960 901 1008 928 viri
1024 907 1088 930 ante
1101 904 1266 938 completum
1292 911 1392 932 annum
1419 906 1508 940 nubit,
1525 907 1635 936 infamis
1659 910 1749 937 reddi-

958 952 1003 974 tur
1018 956 1024 974 :
1042 948 1129 983 deque
1140 950 1258 985 amplius
1275 951 1374 979 triente
1389 952 1549 980 substantia;
1558 960 1614 980 sua:
1625 955 1748 982 secundo

958 993 1057 1020 marito
1065 994 1254 1027 donare,antin
1263 1001 1423 1024 testamento
1428 998 1579 1032 relinquere
1586 1005 1639 1025 non
1647 1003 1747 1034 potest.

959 1037 1029 1070 Quin
1044 1039 1101 1073 ipsa
1112 1039 1194 1066 etiam
1209 1047 1242 1067 ex
1260 1039 1428 1073 haereditate,
1444 1042 1599 1078 autlegato,
1616 1048 1664 1071 aut
1674 1051 1748 1071 mor-

961 1083 996 1110 tis
1012 1090 1096 1111 causa
1109 1085 1257 1113 donatione
1274 1085 1311 1112 nil
1326 1087 1505 1121 consequitur
1520 1096 1527 1114 :
1542 1089 1589 1115 sed
1613 1089 1671 1117 haec
1686 1089 1747 1124 ejus

959 1128 1006 1162 qui
1021 1129 1130 1164 reliquit
1151 1129 1272 1158 baeredes
1283 1130 1405 1165 capiunt.
1431 1131 1464 1159 Et
1480 1132 1503 1159 si
1517 1133 1583 1168 quid
1597 1133 1648 1168 ipsi
1673 1135 1748 1169 prior

960 1173 1076 1202 maritus
1098 1174 1255 1214 _reliquerit,
1272 1177 1383 1210 capiunt
1396 1176 1486 1213 [illud]
1503 1178 1636 1213 gradatim
1651 1180 1745 1207 decem

960 1226 1093 1253 persona,
1122 1220 1175 1247 hoc
1201 1225 1243 1248 est
1258 1222 1436 1250 ascendentes
1450 1229 1478 1250 et
1487 1224 1695 1259 descendentes;
1719 1230 1748 1253 et

959 1271 993 1291 ex
1010 1269 1164 1293 transverso
1178 1274 1264 1301 usque
1277 1267 1311 1294 ad
1328 1269 1478 1295 secundum
1494 1271 1621 1304 gradum.
1636 1270 1678 1298 Ab
1704 1271 1748 1298 in-

959 1315 1060 1338 testato
1083 1319 1148 1339 vcro
1169 1313 1293 1346 cognatis
1318 1313 1404 1348 ipsius
1434 1314 1467 1341 ad
1487 1315 1595 1342 tertium
1619 1316 1750 1343 duntaxat

961 1365 1048 1392 usque
1061 1357 1176 1393 gradum
1192 1358 1324 1386 succedit.
1349 1358 1494 1395 [Denique]
1512 1360 1593 1387 etiam
1605 1361 1680 1388 omni
1707 1362 1749 1388 di-

959 1403 1071 1438 gnitate,
1093 1409 1206 1437 quaeque
1234 1410 1250 1429 a
1270 1402 1362 1440 priore
1386 1404 1484 1430 marito
1517 1403 1583 1440 [vel]
1603 1405 1749 1433 occasione

961 1448 1132 1484 sponsalintn
1160 1439 1317 1482 munerum,
1342 1439 1674 1485 rellipsiuslmorientis
1700 1459 1749 1479 vo—

963 1494 1068 1521 luntate
1079 1494 1112 1521 ad
1122 1493 1197 1520 illam
1213 1494 1397 1529 pervenerint,
1411 1495 1544 1530 privatur.
1558 1495 1634 1528 Quod
1649 1497 1672 1524 si
1686 1497 1749 1524 nul-

961 1539 1002 1566 lus
1015 1539 1150 1566 dictarum
1164 1540 1258 1567 decem
1280 1547 1460 1575 personarum
1476 1540 1643 1574 inveniatur,
1671 1541 1749 1570 locus

962 1584 1014 1621 [lit]
1035 1585 1111 1612 ﬁsco.
1124 1584 1218 1620 Neque
1235 1585 1323 1622 [vero]
1338 1586 1485 1614 donatione
1501 1591 1611 1622 propter
1636 1588 1749 1623 nuptias

959 1630 1071 1657 fruitur.
1081 1630 1170 1665 Atque
1184 1630 1208 1657 si
1223 1630 1310 1657 haeres
1326 1631 1409 1657 etiam
1424 1631 1525 1665 scripta
1540 1630 1636 1665 fuerit,
1648 1633 1670 1660 si
1684 1632 1749 1667 qui-

961 1676 1022 1703 dem
1038 1683 1071 1703 ex
1082 1681 1169 1711 parte,
1186 1676 1246 1711 ejus
1269 1677 1358 1711 portio
1378 1677 1450 1712 apttd
1466 1678 1621 1706 cobaarcdes
1637 1682 1748 1706 manet:

960 1722 1005 1749 sin
1017 1729 1050 1749 ex
1065 1729 1138 1755 asse,
1151 1722 1185 1749 ad
1203 1722 1401 1758 [successores]
1414 1723 1449 1750 ab
1463 1722 1592 1751 intestato
1605 1724 1750 1752 hereditas

960 1765 1032 1793 abit.
1043 1765 1179 1793 Caeterum
1195 1765 1307 1792 infamia
1320 1766 1455 1799 aboletur,
1469 1767 1492 1794 si
1514 1766 1572 1801 ipsa
1591 1765 1750 1802 imperatori

961 1820 1057 1848 preces
1068 1812 1178 1846 oﬂ‘erat,
1207 1813 1308 1847 illeque
1334 1812 1407 1840 istud
1425 1813 1567 1848 largiatur.
1597 1813 1632 1840 At
1646 1814 1668 1841 si
1698 1813 1751 1848 ipsi

961 1861 1040 1888 liberi
1052 1868 1086 1888 ex
1099 1860 1191 1896 priore
1207 1861 1383 1888 matrimonio
1393 1861 1544 1896 supersint,
1555 1868 1609 1888 non
1625 1861 1705 1888 aliter
1719 1868 1750 1888 ea

961 1905 1129 1940 benignitate
1158 1905 1288 1940 potietttr,
1315 1913 1365 1933 nec
1390 1905 1451 1933 aliis
1467 1906 1555 1941 pinnis
1570 1910 1617 1933 aut
1637 1905 1749 1933 infamia

960 1950 1132 1985 liberabitur,
1163 1959 1244 1986 quam
1276 1952 1299 1979 si
1323 1952 1466 1979 semissem
1495 1951 1657 1978 substantiae
1682 1959 1749 1984 sure,

961 2005 1025 2025 nam
1044 2006 1107 2025 cum
1131 1998 1242 2032 nuptias
1263 1997 1373 2025 itcraret
1389 1997 1494 2030 habuit,
1518 1996 1567 2033 [et]
1590 1997 1750 2024 ususfructu

960 2047 987 2071 et
1002 2043 1116 2070 dominii
1132 2041 1216 2079 [iure]
1230 2042 1284 2070 illis
1299 2042 1382 2070 donet
1395 2051 1402 2070 :
1419 2042 1503 2078 414
1517 2043 1748 2077 quemadmodum

960 2089 1007 2116 lib.
1018 2088 1122 2116 5.Cod.
1139 2089 1180 2116 tit.
1192 2089 1218 2121 9,
1233 2089 1345 2116 c0nst.l
1361 2087 1426 2121 et2,
1443 2092 1470 2115 et
1479 2088 1585 2115 novella
1597 2088 1630 2115 de
1645 2088 1749 2123 nuptiis

960 2133 1099 2170 traditur.]
1116 2135 1251 2161 interdum
1269 2138 1358 2161 tamen
1376 2133 1448 2161 citra
1462 2133 1611 2167 periculum
1624 2137 1652 2160 et
1671 2133 1749 2160 dam-

958 2189 1024 2209 num
1047 2181 1117 2208 intra
1136 2188 1239 2208 annum
1263 2180 1405 2215 lugubrem
1421 2179 1505 2207 ‘nubit
1521 2188 1528 2207 :
1557 2187 1600 2207 ex*
1616 2178 1748 2214 principis

958 2226 1187 2261 videlicetjussu,
1205 2230 1231 2254 et
1241 2226 1351 2262 quando
1368 2226 1394 2252 in
1408 2225 1516 2261 lugubri
1533 2233 1606 2253 anno
1625 2225 1746 2260 peperit:

960 2276 990 2299 ut
1005 2272 1053 2299 lib.
1069 2272 1095 2299 '5.
1113 2272 1185 2307 Dig.,
1199 2272 1240 2299 tit.
1268 2271 1295 2304 2,
1310 2272 1409 2306 digest.
1429 2270 1471 2303 l0,
1495 2270 1515 2298 ll
1536 2269 1684 2307 [docetun]
1711 2270 1748 2297 De

959 2318 1062 2346 illicitis
1080 2325 1162 2353 porro
1177 2322 1206 2345 et
1231 2318 1384 2345 interdictis
1397 2318 1500 2352 nuptiis
1521 2321 1638 2345 tractant
1658 2317 1701 2344 tit.
1719 2317 1746 2350 ὅ,

958 2365 986 2397 6,
1002 2364 1029 2397 7,
1046 2364 1092 2391 lib.
1115 2363 1134 2391 V
1148 2363 1229 2398 Cod.,
1250 2369 1278 2392 et
1292 2364 1339 2391 lib.
1359 2364 1406 2397 23,
1425 2363 1504 2396 ιὶι.2,
1518 2364 1616 2400 digest.
1639 2363 1686 2397 58,
1701 2363 1746 2396 51,

958 2411 1003 2444 55,
1021 2410 1066 2438 67.

994 2457 1071 2486 CAP.
1089 2457 1134 2485 Ill.
1154 2473 1189 2478 —
1202 2458 1241 2485 de
1256 2457 1378 2493 feminis,
1394 2465 1453 2492 qua:
1466 2457 1536 2484 viros
1549 2465 1611 2484 suos
1629 2457 1748 2484 absentes

958 2503 1054 2531 abiisse
1065 2508 1187 2539 putantes
1201 2503 1313 2530 nubunt.

1099 2595 1212 2624 Concilii
1236 2596 1389 2623 φεμινιεηίιὶ
1408 2603 1434 2623 \'I
1455 2604 1539 2623 canon
1561 2596 1606 2624 95.

996 2641 1042 2669 95.
1063 2641 1138 2670 Uxor
1151 2644 1172 2662 ³ο
1187 2642 1237 2669 viri
1254 2643 1300 2677 qui
1317 2642 1431 2670 secessit
1444 2648 1470 2670 et
1487 2650 1540 2670 non
1562 2645 1683 2677 apparet,
1699 2649 1747 2668 an-

961 2692 1070 2722 tequam
1085 2688 1118 2714 de
1133 2688 1193 2722 ejus
1207 2693 1294 2715 morte
1306 2688 1407 2715 certior
1423 2688 1493 2716 facta
1509 2688 1553 2720 sit,
1572 2688 1650 2714 alteri
1666 2687 1749 2714 coha-

961 2734 1051 2761 bitans
1076 2734 1256 2762 adulteratur.
1279 2735 1414 2762 Similiter
1438 2741 1466 2762 et
1495 2735 1610 2762 militum
1637 2740 1747 2763 uxores,

960 2787 1021 2814 quze
1036 2787 1090 2807 non
1106 2781 1299 2815 apparentibus
1315 2781 1420 2809 maritis
1437 2785 1602 2816 nupserunt,
1623 2779 1650 2807 in
1672 2786 1748 2806 ean.-
