1959 3060
212 165 267 197 903

798 159 930 190 PHOTII
949 159 1062 189 PATRI
1066 159 1168 190 ΑΒοΗ
1171 159 1204 189 1E
1221 159 1277 190 ΟΡ.

1794 158 1849 191 9M

212 220 275 247 dem
301 217 440 246 rationem
466 216 610 250 incidunt;
634 215 866 252 quemadmodum
896 218 924 241 et
948 221 1003 249 qua

1061 214 1135 249 αὐτῷ
1153 214 1312 241 ὑπόκεινται
1325 214 1407 251 λόγῳ,
1424 211 1502 251 ᾧπερ
1519 214 1566 241 καὶ
1583 215 1611 242 αι
1626 215 1672 242 διὰ
1685 214 1734 250 τὴν
1748 216 1848 250 ἀποδη-

213 268 324 299 propter
343 261 436 289 mariti
457 260 715 296 peregrinationem,
742 259 859 287 reditum
882 266 937 286 non
961 266 1009 285 ex—

212 311 347 343 spectant.
371 307 424 334 Sed
446 314 490 333 res
516 306 560 339 hic
573 305 682 340 quidem
706 305 827 339 aliquam
838 303 944 331 veniam
963 303 1011 330 ba-

213 354 268 386 bet,
287 353 360 388 quod
375 353 411 380 sit
424 351 513 386 major
528 351 587 386 ejus
603 351 698 378 mortis
708 350 842 386 suspicio.
856 349 894 376 Ea
907 355 1009 382 autem,

211 407 273 434 qua:
300 399 338 426 illi
364 398 410 433 qui
437 399 472 425 ad
501 401 607 432 tempus
629 401 688 424 erat
715 396 749 424 ab
772 403 858 423 uxore
885 396 1008 428 relictus,

211 446 304 481 nupsit
326 453 375 480 per
389 445 573 481 ignorantiam
587 464 595 476 ,
620 443 718 470 deinde
738 443 852 470 dimissa
874 447 917 470 est
936 443 1007 477 quod

211 493 286 526 prior
302 491 336 518 ad
355 491 442 525 ipsum
456 490 582 522 redierit,
601 494 644 516 est
658 488 770 524 quidem
791 487 941 520 fornicata,
960 488 1008 516 sed

211 545 259 573 per
276 537 482 573 ignorantiam;
507 543 523 563 a
543 535 721 562 matrimonio
744 541 810 569 ergo
829 541 884 561 non
906 534 1010 561 arcebi-

211 587 265 616 tur,
283 582 386 610 rectius
401 587 504 615 autem,
526 581 549 609 si
564 581 606 608 sic
621 580 766 608 manserit.
788 579 836 607 Sin
849 584 940 607 autem
952 580 1006 606 mi-

210 629 250 656 les
272 628 413 663 aliquanto
439 631 501 662 post
531 631 653 662 tempore
681 626 804 658 redierit,
833 626 912 660 cujus
939 633 1008 652 uxor

209 679 321 710 propter
334 674 444 709 longam
460 672 534 700 illius
548 671 701 700 absentiam
718 671 796 699 alteri
812 671 872 698 viro
890 671 1006 706 conjun-

208 725 253 746 cta
267 723 320 751 est,
350 719 373 746 is
387 719 409 746 si
427 719 502 750 velit,
519 717 658 752 propriam
680 724 794 744 uxorem
813 716 938 751 recipiat,
954 715 1005 752 ipsi

210 765 289 792 venia
306 769 416 799 propter
436 763 619 799 ign0rantiam
634 763 707 795 data,
725 762 807 798 eique
823 762 869 798 qui
886 762 959 789 illam
977 762 1004 790 in

209 810 337 838 secundis
351 810 453 844 nuptiis
469 810 581 836 domutn
599 809 687 836 duxit.

358 855 440 892 415
460 854 557 882 Basilii
571 862 683 882 canones
695 854 741 887 51,
756 853 801 886 56,
814 853 860 881 46.

1061 260 1126 295 μίαν
1143 261 1189 287 τοῦ
1203 261 1298 297 ἀνδρὸς
1312 263 1349 296 μὴ
1364 261 1547 296 ἀναμείνασαι
1561 261 1611 296 τὴν
1625 261 1765 288 ἐπάνοδον·
1781 261 1850 297 πλὴν

1059 305 1116 341 ἔχει
1139 306 1200 333 τινὰ
1222 306 1388 342 συγγνώμην
1408 306 1439 332 τὸ
1465 306 1582 341 πρᾶγμα
1608 306 1737 338 ἐνταῦθα,
1762 306 1808 333 διὰ
1821 306 1850 333 τί)

1060 351 1161 388 μᾶλλον
1183 352 1251 388 πρὸς
1273 352 1387 380 θάνατον
1405 349 1476 379 εἶναι
1493 352 1542 388 τὴν
1564 353 1693 379 ὑπόνοιαν
1704 361 1711 369 ·
1734 354 1751 387 ἡ
1769 352 1798 379 δὲ
1811 352 1850 388 τῷ

1059 398 1264 432 καταλειφθέντι
1280 398 1349 434 πρὸς
1364 398 1459 434 καιρὸν
1476 398 1551 433 παρὰ
1562 399 1612 433 τῆς
1629 398 1761 432 γυναικὸς
1777 399 1849 425 κατά

1058 443 1170 478 ἄγνοιαν
1183 446 1344 480 γημαμένη,
1357 442 1416 471 εἶτα
1428 445 1571 479 ἀφεθεῖσα,
1589 445 1633 471 διά
1647 445 1678 471 τὺ
1693 445 1850 473 ἐπανελθεῖν

1058 491 1126 526 πρὸς
1142 491 1223 517 αὐτὸν
1237 491 1285 526 τὴν
1301 492 1448 527 προτέραν,
1466 491 1617 527 ἑπόρνευσε
1633 491 1692 526 μὲν,
1707 491 1736 517 ὲν
1753 491 1850 527 ἀγνοίᾳ

1057 535 1103 568 δὲ,
1128 536 1220 571 γάμου
1243 535 1308 571 γοῦν
1332 537 1383 564 οὐκ
1406 537 1597 572 εἱρχθήσεταν
1623 536 1735 564 κάλλιον
1753 536 1781 563 δὲ
1801 537 1849 564 ἐὰν

1059 581 1138 617 μείνῃ
1155 581 1250 614 οὕτως.
1263 582 1294 609 Εί
1308 582 1336 609 δέ
1349 591 1381 616 γε
1392 583 1406 608 ό
1419 583 1589 618 στρατιώτης
1603 581 1747 609 ἐπανέλθοι
1757 582 1847 618 χρόνῳ

1057 627 1134 660 ποτε,
1152 625 1182 655 οὗ
1202 629 1219 663 ἠ
1238 628 1307 664 γυνὴ
1323 628 1367 655 διὰ
1379 628 1429 664 τὴν
1443 628 1489 655 ἐπὶ
1502 629 1569 656 πολὺ
1582 629 1689 655 ἐκείνου
1707 628 1850 664 ἀπόλειψιν

1057 673 1143 709 ἑτέρῳ
1157 674 1282 709 συνήφθη
1302 674 1390 710 ἀνδρὶ,
1406 671 1484 707 οὗτος
1503 675 1527 702 ει
1541 675 1727 710 προαιρεῖται,
1742 674 1793 710 τὴν
1808 675 1849 701 ol-

1056 720 1134 745 κείαν
1157 719 1237 751 αὖθις
1259 720 1421 747 ἀπολαῦέτω
1437 722 1566 756 γυναῖκα,
1590 720 1758 755 συγγνώμης
1777 719 1848 756 αὐτῇ

1055 764 1103 790 ὲπὶ
1123 765 1157 800 τῇ
1173 764 1269 800 ἀγνοίᾳ
1287 765 1441 802 διδομένης,
1459 766 1508 792 καὶ¹
1524 765 1564 801 τῷ
1577 765 1681 801 ταύτην
1696 766 1849 792 εἰσοικισα-

1058 809 1130 844 μένῳ
1143 810 1215 837 κατὰ
1231 810 1358 846 δεύτερον
1372 812 1460 846 γάμον
1476 812 1564 847 ἀνδρί.

1203 858 1368 884 Βασίλειον
1383 858 1483 884 κανὼν
1497 857 1549 891 λα’,
1566 857 1622 890 λς’,
1643 857 1702 893 μςί

243 901 289 930 51.
305 902 389 936 Cujus
407 901 449 928 vir
472 901 611 934 discessit,
636 908 687 928 nec
705 905 856 935 comparet,
872 907 905 927 ea
923 904 993 926 ante-

1090 900 1142 929 λα’.
1168 901 1200 929 Ἦ
1216 903 1447 938 ἀναχωρήσαντος
1470 903 1517 930 τοῦ
1534 887 1703 938 ἁνδρδξᾌὶαι
1727 901 1848 936 ἀφανοῦς

206 955 290 982 quam
304 947 338 975 de
351 947 412 982 ejus
430 951 518 974 morte
531 947 634 974 certior
648 946 721 974 facta
735 946 780 978 sit,
795 953 850 973 una
861 953 923 973 eum
940 945 996 972 alio

207 993 336 1020 habitans
351 992 513 1019 mmchatur.

241 1038 288 1067 36.
307 1037 425 1065 Militum
442 1044 553 1069 uxores,
569 1044 632 1072 quae
652 1036 762 1065 maritis
778 1036 837 1065 suis
853 1043 907 1064 non
923 1043 1000 1064 com-

207 1084 378 1120 parantibus,
395 1087 561 1118 nupserunt,
577 1083 676 1110 rationi
695 1083 784 1110 eidem
801 1083 998 1118 subjiciuntur,

207 1131 251 1158 cui
274 1136 301 1158 et
324 1131 387 1161 illae,
413 1137 475 1165 qua:
498 1130 533 1156 ob
554 1129 804 1164 peregrinationem
827 1130 1002 1162 maritorum,

208 1177 326 1204 reditum
356 1183 411 1203 non
437 1180 651 1211 exspectavere:
676 1175 725 1203 sed
756 1179 847 1202 tamen
874 1182 919 1202 res
930 1182 1001 1202 nou-

208 1222 311 1249 nullam
335 1222 380 1249 hic
397 1221 506 1249 veniam
524 1221 654 1254 admittit,
671 1221 744 1256 quod
754 1221 844 1257 major
857 1221 893 1249 sit
908 1221 1004 1249 mortis

207 1266 342 1302 suspicio.

244 1318 289 1346 46.
310 1318 376 1351 Qua:
393 1317 453 1345 viro
477 1317 512 1345 ad
529 1321 637 1352 tempus
653 1316 688 1344 ab
711 1324 799 1344 uxore
811 1316 943 1345 derelicto
956 1316 1000 1344 in-

208 1365 298 1392 sciens
314 1365 415 1399 nupsit,
432 1365 455 1391 si
470 1364 568 1391 deinde
593 1363 706 1390 dimissa
722 1367 774 1395 est,
789 1362 861 1397 quod
875 1362 950 1398 prior
967 1363 1001 1390 ad

211 1410 302 1444 ipsum
318 1417 431 1437 reversa
452 1409 499 1442 sit,
528 1409 663 1436 fornicata
677 1408 788 1443 quidem
803 1413 854 1440 est,
877 1409 925 1436 sed
947 1409 1000 1435 im-

207 1456 339 1491 prudens.
359 1456 381 1482 A
403 1455 579 1482 matrimonio
603 1461 669 1489 ergo
693 1461 748 1481 non
767 1454 917 1488 arcebitur,
948 1455 995 1483 sed

208 1502 307 1530 melius
326 1505 368 1528 est
381 1500 405 1529 si
418 1502 459 1529 sic
474 1504 646 1536 permaneat.

261 1552 327 1585 Quae
351 1552 385 1579 de
419 1551 541 1586 repudiis
555 1551 666 1578 disserit
678 1551 782 1578 novella
798 1551 859 1582 ll'l.
887 1551 926 1578 ait
944 1560 951 1578 :
969 1551 997 1578 Si
1014 1555 1036 1584 c

209 1598 300 1630 miles,
340 1596 486 1628 scholaris,
522 1596 681 1629 foederatus,
711 1597 817 1624 aliusve
842 1595 1002 1632 [quispiam]

208 1643 364 1671 armattlsiu
373 1642 592 1677 expeditionibus
607 1642 697 1677 degat,
728 1646 906 1677 quotcunque
921 1643 1003 1669 annis

210 1687 365 1725 [:tbfuerit,]
399 1688 486 1723 ipsum
504 1688 564 1722 ejus
593 1695 662 1715 uxor
696 1691 863 1722 exspectato,
895 1688 1003 1716 tametsi

210 1735 300 1762 nullas
326 1735 361 1761 ab
387 1734 448 1768 ipso
472 1732 578 1760 litteras
607 1733 732 1767 accipiat.
757 1732 835 1765 Quod
858 1733 880 1760 si
913 1733 1002 1768 ipsum

212 1779 365 1806 decessisse
393 1779 523 1812 audierit,
547 1785 581 1805 ne
607 1778 709 1813 [adhuc
736 1778 858 1814 quidem]
885 1779 1001 1813 nubito,

213 1823 265 1850 nisi
292 1823 368 1858 prius
395 1821 462 1858 [vel]
489 1830 536 1857 per
557 1830 597 1856 se,
618 1823 662 1850 vel
692 1830 740 1858 per
769 1827 895 1857 parentes
911 1830 999 1856 suos,

209 1869 328 1896 aliumve
364 1869 415 1896 lide
443 1869 554 1903 dignum
591 1869 727 1904 primores
750 1873 778 1896 et
818 1868 1001 1897 chartularios

212 1914 331 1947 numeri,
355 1913 383 1941 in
396 1922 451 1949 quo
481 1913 537 1951 ille]
557 1915 673 1942 militare
685 1914 789 1951 [solet],
823 1919 849 1942 et
859 1915 999 1942 tribunum

210 1960 393 1996 interrogarit,
411 1968 446 1987 an
476 1968 570 1988 revera
591 1965 716 1988 mortuus
731 1960 778 1992 sit,
797 1965 824 1988 et
841 1961 879 1987 illi
900 1968 1001 1996 propo-

208 2006 270 2035 sitis
295 2005 479 2034 sacrosanctis
498 2004 652 2040 Evangeliis
678 2005 767 2040 ipsutn
783 2010 920 2032 mortuum
940 2013 1002 2033 esse

209 2052 236 2079 in
279 2052 462 2079 instrumento
500 2051 688 2086 deposuerint.
717 2050 779 2086 [Ea]
814 2055 909 2078 autem
940 2055 1004 2078 acta

209 2098 308 2125 mulier
324 2097 423 2132 capilo,
441 2104 473 2124 ac
494 2097 556 2124 dein
574 2096 688 2133 [adhuc]
706 2104 808 2124 annum
832 2101 1001 2131 exspectato,

209 2151 323 2179 tumque
338 2141 483 2180 [denique]
500 2143 619 2178 legitime
642 2143 747 2170 nubilo.
765 2141 792 2169 Si
816 2149 882 2169 vero
904 2148 1002 2169 contra

1054 945 1142 980 ὄντος,
1169 947 1222 982 πρὸ
1239 947 1287 974 τοῦ
1311 948 1459 983 πεισθῆναι
1479 949 1544 984 περὶ
1566 948 1613 976 τοῦ
1628 948 1744 976 θανάτου
1761 947 1848 975 αὑτοῦ

1055 991 1142 1027 ἑτέρῳ
1159 993 1354 1026 συνοικήσασα,
1370 994 1509 1028 μοιχᾶται.

1090 1036 1146 1070 λς’.
1168 1037 1366 1073 Στρατιώτιδες
1387 1039 1483 1066 αἰτῶν
1504 1039 1610 1074 ἀνδρῶν
1628 1038 1740 1073 ἀφανῶν
1761 1037 1848 1065 ὄντων

1053 1081 1233 1117 γαμηθεῖσαι,
1246 1082 1285 1118 τῷ
1298 1083 1374 1118 αὐτῷ
1391 1083 1552 1110 ὑπόκεινται
1568 1083 1652 1119 λόγῳ.
1667 1079 1745 1118 ᾧπερ
1759 1082 1806 1109 καὶ
1817 1082 1847 1108 αι

1053 1127 1100 1155 διὰ
1114 1127 1163 1163 τὴν
1182 1128 1339 1164 ἀποδημίαν
1357 1128 1410 1155 τῶν
1428 1128 1533 1164 ἀνδρῶν
1549 1128 1587 1163 μὴ
1604 1127 1785 1162 ἀναμείνασαι
1798 1126 1848 1162 τὴν

1055 1173 1184 1200 ἐπάνοδον
1194 1181 1201 1188 ·
1217 1173 1288 1209 πλὴν
1305 1172 1362 1208 ἔχει
1375 1173 1438 1200 τινὰ
1451 1173 1618 1209 συγγνώμην
1631 1173 1663 1200 τὸ
1672 1174 1790 1209 πρᾶγμα
1802 1173 1848 1200 ὲν-

1054 1218 1159 1252 ταῦθα,
1184 1219 1229 1246 διὰ
1242 1219 1273 1246 τὺ
1288 1219 1390 1254 μᾶλλον
1408 1219 1476 1254 πρὸς
1490 1219 1604 1247 θάνατον
1626 1217 1697 1247 εἶναι
1713 1220 1763 1255 τὴν
1777 1218 1847 1246 ὑπό-

1055 1271 1141 1290 νοιαν.

1095 1308 1156 1344 μς’.
1183 1309 1216 1336 Ἦ
1236 1310 1265 1337 δὲ
1287 1310 1328 1346 τῷ
1347 1311 1557 1346 καταλειφθέντι
1576 1310 1645 1346 πρὸς
1661 1310 1757 1347 καιρὸν
1772 1310 1850 1346 παρὰ

1055 1355 1246 1390 τῆςίγυναικὸς
1259 1357 1330 1383 κατά
1344 1357 1456 1391 ἄγνοιαν
1468 1357 1627 1393 γημαμένη,
1642 1355 1702 1384 εἶτα
1717 1356 1850 1391 ἀφεθεῖσα

1054 1400 1100 1428 διὰ
1120 1401 1152 1428 τὸ
1168 1401 1326 1430 ἐπανελθεῖν
1347 1403 1416 1439 πρὸς
1433 1404 1515 1430 αὑτὸν
1530 1403 1580 1438 τὴν
1599 1403 1746 1438 προτέραν,
1764 1401 1852 1437 ἐπόρ-

1056 1455 1134 1474 νευσε
1151 1448 1210 1483 μὲν,
1226 1449 1255 1475 ὲν
1266 1449 1362 1483 ἀγνοία
1371 1449 1415 1476 δέ·
1431 1450 1522 1485 γάμου
1537 1447 1584 1477 οὖν
1598 1450 1650 1477 οὐκ
1660 1449 1847 1485 είρχθήσεται·

1056 1493 1167 1520 κάλλιον
1181 1493 1209 1520 δὲ
1225 1495 1273 1521 ἐὰν
1289 1496 1368 1531 μείνῃ
1381 1495 1478 1527 οὓτως.

1095 1538 1127 1564 Ἦ
1144 1539 1207 1574 περὶ
1220 1540 1369 1574 ρεπουδίων
1383 1540 1564 1576 διαλεγομένη
1588 1540 1626 1577 ρδ’
1642 1540 1738 1576 Νεαρά
1752 1538 1849 1575 φησὶν.

1059 1583 1096 1614 ὡς
1114 1585 1161 1610 ἐὰν
1181 1586 1362 1622 στρατιώτης,
1386 1587 1403 1622 ἢ
1423 1587 1576 1623 σχολάριος,
1601 1588 1617 1623 ἢ
1637 1586 1812 1622 φοιδεράτος,
1831 1585 1850 1621 ἢ

1056 1627 1143 1661 ἄλλως
1151 1628 1273 1662 ἔνοπλος,
1282 1631 1310 1657 ἐν
1323 1631 1455 1668 ἐξπεδίτῳ
1466 1632 1555 1666 διάγει
1563 1632 1745 1667 ὁσουσδήποτε
1760 1632 1852 1670 ἑνιαυτ

1059 1673 1133 1706 τοὺς,
1161 1675 1335 1710 περιμενέτω
1353 1677 1436 1704 αὑτὸν
1458 1678 1474 1713 ἡ
1501 1677 1583 1704 αὐτοῦ
1600 1677 1718 1712 γαμετὴ,
1736 1675 1787 1703 κᾶν
1810 1675 1850 1710 μὴ

1057 1718 1210 1754 γράμματα
1235 1720 1252 1754 ἢ
1273 1721 1421 1756 ἀπόκρισιν
1446 1721 1556 1754 ἐδέξατο
1578 1722 1644 1756 παρ’
1659 1721 1759 1748 αὑτοῦ·
1778 1721 1803 1747 εἱ
1821 1720 1850 1746 δὲ

1058 1764 1170 1791 ἀκούσει
1187 1765 1269 1792 αὑτὸν
1284 1767 1458 1802 τελευτῆσαι,
1478 1768 1515 1803 μὴ
1532 1768 1667 1804 γαμείτω,
1683 1768 1708 1794 ει
1724 1766 1762 1802 μὴ
1782 1765 1851 1800 πρό-

1056 1818 1135 1845 τερον
1163 1811 1197 1838 δι’
1225 1811 1337 1847 ἑαυτῆς,
1363 1813 1380 1848 ἢ
1406 1813 1462 1840 τῶν
1475 1814 1578 1848 γονέων
1602 1813 1699 1849 αὐτῆς,
1721 1811 1849 1848 ἢὲτέρου

1057 1856 1216 1889 ἀξιοπίστου
1229 1859 1292 1890 τοὺς
1307 1859 1423 1894 πριόρας
1434 1859 1481 1885 τοῦ
1494 1859 1623 1895 ἀριθμοῦ,
1640 1860 1687 1886 καὶ
1701 1859 1764 1889 τοὺς
1777 1865 1848 1893 χαρ-

1056 1900 1216 1936 τουλαρίους
1230 1903 1259 1928 ὲν
1273 1899 1296 1936 ᾧ
1307 1903 1495 1938 στρατεύεται,
1509 1904 1555 1930 καὶ
1567 1903 1709 1938 τριὸοὖνον
1721 1903 1851 1938 ἐρωτήσῃ

1056 1946 1080 1971 εί
1091 1947 1124 1981 τῇ
1141 1947 1254 1983 ἀληθείᾳ
1266 1948 1427 1985 ἐτελεύτησε
1437 1958 1446 1966 η
1460 1950 1582 1976 κάκεῖνοι
1595 1949 1650 1976 τῶν
1661 1949 1746 1982 ἁγίων
1759 1947 1851 1981 Εὐαγ-

1056 1991 1155 2024 γελίων
1173 1993 1364 2028 προκειμένων
1380 1995 1553 2022 κατάθωνται
1569 1996 1650 2022 αὑτὸν
1666 1993 1847 2028 τελευτῆσαι·

1056 2037 1103 2063 καὶ
1116 2037 1166 2072 τὴν
1181 2039 1282 2074 πρᾶξιν
1297 2041 1313 2075 ἡ
1329 2041 1397 2076 γυνὴ
1411 2041 1586 2075 λαμϐανέτω,
1604 2041 1650 2067 καὶ
1666 2039 1736 2075 μετά
1749 2038 1780 2065 τὺ
1796 2038 1849 2065 λαο

1049 2083 1114 2111 ιβεῖν
1130 2085 1235 2119 μενέτω
1252 2087 1388 2120 ἐνιαυτὸν,
1414 2087 1462 2113 καὶ
1479 2088 1539 2114 τότε
1562 2087 1686 2121 νομίμως
1703 2085 1845 2121 γαμείτω·

1050 2130 1080 2157 ,εί
1095 2129 1124 2155 δὲ
1142 2132 1218 2166 παρὰ
1235 2132 1340 2167 ταύτην
1354 2132 1402 2167 τὴν
1418 2133 1551 2166 διάστιξιν
1566 2132 1698 2167 γαμήσει,
1714 2132 1762 2158 καὶ
1774 2131 1845 2164 αὑτὴ

208 2190 261 2217 hoc
278 2176 482 2224 praescriptum
492 2176 626 2223 nupserit,
640 2193 667 2215 et
694 2188 762 2222 ipsa,
789 2191 816 2214 et
842 2187 888 2222 qui
913 2188 1000 2222 ipsam

1059 2176 1102 2202 καὶ
1120 2177 1233 2204 ὸλαὸὼν
1252 2178 1346 2213 αὐτὴν,
1361 2179 1399 2210 ώς
1416 2179 1505 2213 μοιχοὶ
1518 2177 1713 2213 τιμωροῦνται.
1729 2177 1762 2203 El
1776 2176 1805 2203 δὲ
1819 2177 1846 2202 οἱ

206 2221 295 2266 duxit.
306 2240 335 2262 ut
349 2221 477 2267 adulteri,
491 2221 651 2269 puniuntur.
671 2221 710 2260 At?
718 2234 740 2260 si
756 2233 802 2268 qui
816 2221 1002 2268 deposuerunt

1059 2223 1236 2258 καταθέμενοι
1249 2223 1376 2259 δειχθῶσι
1388 2224 1566 2259 ψευσάμενοι,
1583 2222 1845 2258 ἁποστρατεύονται.

209 2281 314 2309 mentiti
334 2288 394 2309 esse
416 2280 581 2315 probentur,
592 2279 687 2306 militia
697 2280 850 2314 privamur,
865 2283 892 2306 et
905 2279 998 2306 decem

209 2328 342 2355 librarum
359 2325 443 2362 [auri]
462 2326 574 2353 multam
594 2326 660 2353 dant
672 2325 733 2362 [illi]
765 2333 845 2360 quem
861 2330 999 2352 mortuum

206 2382 268 2402 esse
294 2374 433 2406 dixerunt,
461 2377 544 2408 atqtte
563 2371 612 2408 [is]
639 2373 661 2400 si
687 2373 762 2405 velit,
787 2372 871 2408 416
888 2379 999 2400 uxorem

206 2427 285 2448 suam
301 2419 448 2454 recipiendi
462 2418 619 2446 facultatem
635 2417 725 2445 habet.
744 2417 772 2444 Si
788 2417 922 2444 scholaris
930 2421 998 2449 erat,

206 2474 221 2493 a
243 2465 409 2500 primoribus
435 2464 536 2492 scholae
559 2468 587 2491 et
616 2463 741 2491 actuario
764 2463 837 2490 dicta
862 2461 999 2498 depositio

206 2513 253 2541 liat
277 2522 284 2539 :
313 2513 355 2540 sin
380 2511 543 2543 fmderatus,
559 2511 689 2546 abipsius
715 2510 837 2545 optione.

240 2558 317 2587 CAP.
329 2558 375 2586 IV.
389 2572 425 2579 —
436 2558 474 2585 De
491 2558 525 2584 iis
536 2558 580 2592 qui
596 2557 740 2584 divortium
755 2556 867 2590 faciunt.

438 2601 626 2636 Apostolorum
639 2609 723 2628 canon
740 2600 767 2627 5.

240 2647 267 2674 5.
292 2646 456 2682 Episcopus,
472 2645 513 2673 vel
525 2645 668 2680 presbyter
682 2645 724 2672 vel
738 2644 878 2677 diaconus,
887 2648 954 2676 ctc.,
969 2648 998 2670 ut

205 2703 266 2729 pag.
282 2693 344 2721 738.

382 2739 495 2767 Conrilii
513 2738 675 2774 Gangrensis
691 2745 776 2764 canon
794 2736 837 2763 14.

240 2786 286 2814 14.
298 2785 326 2813 Si
339 2793 393 2821 qua
409 2785 507 2812 mulier
525 2785 656 2820 relinquit
676 2784 819 2816 maritum,
834 2788 862 2810 et
873 2781 933 2810 vult
955 2788 998 2809 rc-

205 2832 311 2865 cedcre,
327 2832 534 2860 matrimonium
544 2831 708 2865 abhorrens,
725 2831 762 2859 sit
774 2829 933 2858 anathema.

1052 2268 1101 2296 καὶ
1114 2269 1181 2296 δέκα
1194 2269 1294 2304 λιτρῶν
1309 2270 1404 2306 ποινὴν
1419 2270 1536 2296 διδόασιν
1551 2267 1573 2304 ᾦ
1587 2266 1663 2296 εἷπον
1680 2269 1843 2296 ἀποθανεῖν’

1051 2315 1099 2341 καὶ
1115 2315 1172 2350 ἔχει
1187 2316 1293 2348 ἄδειαν,
1309 2317 1333 2342 εί
1347 2316 1479 2350 βούλοιτο,
1494 2316 1544 2351 τὴν
1555 2315 1622 2342 ίδίαν
1635 2314 1780 2341 ἀναλαϐεῖν
1790 2322 1847 2347 γα-

1053 2362 1152 2396 μετήν.
1165 2360 1196 2388 Ει
1219 2361 1247 2388 δὲ
1268 2362 1411 2397 σχολᾶριος
1437 2359 1483 2397 ἦν,
1499 2362 1575 2396 παρὰ
1591 2361 1646 2387 τῶν
1662 2360 1778 2396 πρώτων
1793 2361 1848 2394 τῆς

1052 2406 1151 2442 σχολῆς
1164 2408 1210 2434 καὶ
1223 2407 1270 2434 τοῦ
1283 2408 1447 2443 ἀκτουαρίου
1458 2409 1475 2444 ή
1490 2408 1618 2443 λεχθεῖσα
1628 2406 1744 2441 γινέσθω
1757 2406 1848 2433 κατά-

1053 2453 1146 2485 θεσις’
1162 2454 1186 2480 ει
1200 2454 1229 2481 δὲ
1247 2454 1420 2489 φοιδεράτος,
1439 2454 1514 2490 παρὰ
1525 2453 1571 2480 τοῦ
1586 2453 1709 2484 ὁπτίονος
1727 2451 1824 2478 αὑτοῦ.

1086 2545 1212 2572 ΚΕΦΔΛ.
1228 2546 1266 2573 Δ’.
1283 2559 1318 2566 -
1332 2545 1401 2580 Περὶ
1415 2544 1475 2571 τῶν
1488 2543 1753 2578 διαζευτννμένων.

1268 2592 1462 2619 Ἀποστόλων
1474 2591 1575 2618 κανὼν
1588 2594 1620 2617 ε’.

1085 2637 1117 2666 ε’.
1135 2636 1312 2670 Ἐπίσκοπος,
1324 2637 1341 2672 ἢ
1355 2637 1550 2673 πρεσϐύτερος,
1563 2636 1580 2670 ἦ
1592 2635 1726 2667 διάκονος,
1735 2642 1763 2660 κ.
1778 2642 1803 2660 τ.
1816 2632 1842 2660 λ.

1218 2729 1354 2757 Συνόὸου
1370 2729 1506 2765 Γάγπρας
1523 2727 1624 2756 κανὼν
1640 2727 1681 2754 ιδ’.

1087 2776 1129 2802 ιδ.
1150 2775 1184 2802 Εἴ
1207 2784 1249 2807 τις
1275 2777 1344 2812 γυνὴ
1375 2776 1577 2809 καταλιμπάνει
1605 2774 1650 2800 τὸν
1672 2772 1768 2807 ἀνδρα,
1795 2773 1843 2799 καὶ

1050 2822 1203 2857 ἀναχωρεῖν
1219 2822 1307 2849 ἐθέλοι
1323 2821 1521 2859 βδελυττομένη
1538 2821 1584 2848 τὸν
1599 2821 1697 2856 γάμον,
1715 2818 1843 2855 ἀνάθεμα

1051 2869 1132 2897 ἔστω.
