1959 3060
259 222 395 251 Συνόδου
412 223 621 258 Καρθαγέννης
635 223 736 251 κανὼν·
754 221 805 259 ρβ’.

172 267 244 302 Περι
260 266 321 294 τῶν
342 265 415 300 τοὺς
437 266 549 301 ἄνδρας
564 268 584 302 ἢ
608 268 662 301 τὰς
686 268 830 304 γυναῖκας
852 268 928 296 ἁπο-

137 315 277 342 λυόντων
294 313 345 340 ἵνα
356 313 452 346 οὕτως
462 313 615 348 μείνωσιν.

175 358 226 394 ρβ¹.
244 359 362 394 Ἔρεσον
376 358 450 386 ὥστε
462 359 534 386 κατὰ
545 359 596 395 τὴν
607 359 791 395 εὐαγγελικὴν
804 359 851 386 καὶ
862 359 931 386 ἀπο-

140 405 268 440 στολικὴν
281 404 449 440 ἐπιστήμην,
473 405 543 440 μήτε
564 405 579 432 ὸ
600 405 655 432 ἀπὸ
676 405 805 440 γυναικὸς
827 405 930 438 ὲαθεὶς,

141 451 212 486 μήτε
230 451 247 486 ὴ
264 450 320 478 ἀπὺ
333 451 431 486 ἀνδρὸς
446 451 659 486 καταλειφθεῖσα
673 451 760 487 ἑτέρῳ
777 450 930 486 συζευχθῇ,

100 491 103 494 ⁴
138 497 198 524 ἀλλ’
212 497 230 533 ἢ
257 495 343 528 οὕτως
369 497 508 532 μείνωσιν,
533 497 550 532 ἢ
570 497 677 528 ἑαυτοῖς
701 495 910 531 καταλλαγῶσιν
923 504 930 511 ·

140 540 227 578 οὗπερ
242 542 290 569 ἐὰν
309 543 550 578 καταφρονήσωσι,
566 543 636 579 πρὸς
652 543 796 578 μετάνοιαν
809 551 931 569 κατανα-

139 586 312 621 γχασθῶσιν·
329 587 358 613 ὲν
377 582 400 621 ᾧ
417 587 578 622 πράγματι,
599 587 682 622 νόμον
697 587 838 622 βασιλικὸν
852 588 933 615 ἐκτε-

141 632 222 668 θῆναι
239 632 328 668 χρεών
340 633 417 660 ἔστιν
430 632 553 667 αἰτῆσαι.

211 678 347 706 Συνόδου
360 677 575 714 οίκουμενικῆς
587 677 678 713 ἕκτης
693 677 794 705 κανὼν
806 677 862 711 xC.

176 722 231 756 πῖ.
256 724 288 751 Ἡ
301 725 346 750 τὸν
361 724 448 760 ἄνδρα
463 723 650 752 καταλιποῦσα
669 724 793 760 μοιχαλίς
808 725 892 758 ἐστιν,
908 725 933 751 εἰ

141 770 185 797 ἐπ’
204 769 283 797 ἄλλον
296 767 374 806 ἦλθε,
389 770 461 798 κατὰ
480 770 527 798 τὸν
543 770 616 806 ἱερὸν
629 769 678 797 καὶ
692 770 764 797 θεῖον
781 770 932 805 Βασίλειον,

141 817 176 843 ὲκ
187 816 237 851 τῆς
255 815 389 851 Ἰερεμίου
403 816 575 852 προφητείας
588 816 688 852 ἄριστα
701 816 781 844 τοῦτο
800 816 933 850 ἀναλεξάε

142 869 235 896 μενον,
247 861 288 888 ὅτι
299 860 363 888 Ed?
376 860 497 896 γένηται
508 861 584 896 γυνὴ
595 861 684 896 ἀνδρὶ
695 861 795 896 ἑτέρῳ.
805 863 860 890 οὐκ
870 862 934 889 ἐπι-

141 907 267 942 στρέψει
277 907 354 941 πρὸς
362 907 416 935 τὸν
431 907 526 943 ἄνδρα
541 907 648 942 αὐτῆς,
666 907 747 936 ἀλλὰ
754 908 933 943 μιαινομένη

138 951 338 988 μιανθήσετιιι
348 960 355 967 ·
366 951 414 979 καὶ
424 951 515 980 πάλιν⁴
528 951 558 978 '0
567 951 646 987 ἔχων
653 951 934 987 μοιχαλίδα,ᾱφρων

143 997 193 1024 καὶ
208 997 323 1035 ἀσεϐής
332 1005 339 1013 ·
349 998 374 1025 εί
387 996 435 1025 οὖν
449 999 521 1034 φανῇ
535 998 581 1025 τοῦ
595 998 691 1034 ἀνδρὸς
705 999 810 1032 ἀλόγως
825 999 934 1033 ἀναχω-

144 1043 262 1080 ρήσασα,
287 1043 301 1070 ὁ
321 1043 371 1078 μὲν
384 1043 550 1079 συγγνώμης
575 1043 649 1077 ἄξιός
665 1044 750 1077 ἐστιν,
768 1044 826 1080 ἠδὲ
843 1045 932 1072 ἐπιτι-

143 1089 232 1125 μίων
259 1089 276 1125 ὴ
294 1089 322 1117 δὲ
340 1089 488 1125 συγγνώμη
510 1089 598 1126 τούτῳ
612 1090 680 1126 πρὸς
700 1091 732 1118 τὸ
743 1091 884 1118 κοινωνεῖν
898 1090 932 1126 τῇ

148 1134 299 1171 Ἐκκλησία
320 1135 481 1171 δοθήσεται·
503 1136 517 1162 ὁ
534 1136 630 1171 μέντοι
647 1135 863 1172 καταλιμπάνων
883 1136 933 1172 τὴν

141 1183 267 1218 νομίμως
293 1183 477 1218 συναφθεϊσαν
499 1183 574 1219 αὐτῷ
599 1184 735 1218 γυναῖκα,
761 1184 809 1211 καὶ
835 1183 933 1220 ἑτέραν

141 1229 287 1264 ἀγόμενος,
310 1229 382 1256 κατὰ
401 1228 450 1265 τὴν
461 1229 509 1256 τοῦ
524 1229 628 1265 Κυρίου
647 1230 795 1265 ἀπόφασιν,
821 1230 860 1266 τῷ
883 1231 934 1267 τῆς

140 1274 267 1310 μοιχείας
295 1275 440 1303 ὑπόκειται
452 1275 585 1311 κρίματι·
598 1276 788 1304 κεκανόνισται
812 1276 841 1304 δὲ
857 1277 935 1313 παρὰ

141 1319 197 1346 τῶν
217 1319 346 1354 Πατάρων
367 1319 456 1355 ὴμῶν,
473 1321 536 1352 τοὺς
554 1320 693 1352 τοιούτους
709 1321 833 1348 ἐνιαυτὸν
847 1330 934 1358 προσ-

128 1365 258 1397 ,κλει-ίαν,
284 1365 385 1393 διετίαν
400 1362 602 1402 ἐπακροᾶσθαι,
617 1367 739 1402 τριετίαν
755 1368 933 1401 ὑποπίπτειν,

140 1412 189 1438 καὶ
200 1411 240 1447 τῷ
262 1412 369 1447 ὲὸδόμῳ
390 1404 569 1439 συνίστασθαι
583 1413 640 1445 τοῖς
656 1414 774 1446 πιστοῖς,
799 1413 848 1440 καὶ
858 1412 933 1440 οὕτω

140 1460 191 1494 τῆς
218 1460 376 1495 προσφορᾶς
403 1458 610 1493 καταξιοῦσθαι,
635 1460 683 1488 ἐὰν
708 1459 779 1495 μετὰ
803 1459 932 1496 δακρύων

142 1505 361 1540 μετανοήσωσιν.

270 1550 431 1578 Batnle
449 1550 551 1578 κανὼν
567 1551 601 1584 θ’,
618 1550 666 1584 λε’,
684 1555 742 1588 pa",
757 1551 806 1586 οξ.

176 1595 210 1624 θ’.
231 1595 263 1623 Ἦ
277 1596 306 1623 δὲ
318 1596 366 1624 τοῦ
379 1597 483 1633 Κυρίου
496 1598 645 1632 ἀπόφασις,
661 1599 731 1626 κατὰ
748 1599 800 1635 μὲν
815 1598 867 1635 τὴν
880 1599 931 1634 τῆς

140 1642 248 1674 ἑννοίας
261 1641 432 1676 ἀκολουθίαν,
448 1643 479 1676 ἐξ
493 1644 550 1671 ίσου
563 1645 610 1672 καὶ
624 1644 737 1680 ἀνδράσι
749 1645 797 1672 καὶ
806 1645 932 1680 γυναιξὶν

139 1688 257 1724 ἁρμόζει
268 1689 334 1725 περὶ
344 1689 392 1716 τοῦ
413 1690 450 1726 μὴ
466 1690 567 1723 ἐξεῖναι
582 1691 672 1725 γάμου
688 1691 845 1725 ἐξίστασθαι
859 1700 931 1727 παρ-

140 1735 220 1767 εκτὸς
242 1736 323 1770 λόγου
352 1737 498 1770 πορνείας·
522 1738 539 1772 ἡ
565 1737 594 1764 δὲ
616 1738 747 1772 συνήθεια
770 1738 820 1774 οὐχ
842 1738 931 1770 οὕτως

141 1781 214 1816 εχει·
226 1781 283 1808 ἀλλ’
293 1782 341 1809 ἐπὶ
354 1783 405 1817 μὲν
418 1782 473 1809 τῶν
485 1783 634 1817 γυναικῶν,
650 1784 751 1818 πολλὴν
765 1784 931 1820 εὑρίσκομεν

139 1828 192 1862 τὴν
206 1827 409 1862 ἀκριϐολογίαν,
424 1827 472 1854 τοῦ
489 1828 540 1863 μὲν
561 1828 724 1856 Ἀποστόλου
735 1828 874 1864 λέγοντος,
887 1830 931 1858 ὅτι

148 1872 181 1899 '0
189 1873 380 1908 κολλώμενος
385 1873 423 1908 τῇ
434 1875 529 1908 πόρνῃ
536 1873 572 1901 ἓν
581 1873 668 1909 σῶμά
675 1875 753 1902 ἐστι’
763 1875 809 1903 τοῦ
815 1876 843 1902 δὲ
850 1875 932 1912 Ἰερε-

143 1917 218 1952 μίου,
230 1919 272 1945 ὃτι
287 1918 354 1946 Ἐὰν
364 1918 484 1954 γένηται
498 1919 577 1953 γυνὴ
588 1919 674 1954 ἀνδρὶ
688 1919 788 1954 ἑτέρῳ,
804 1921 930 1948 adustu-

141 1963 267 1998 στρέψει
286 1963 362 1998 πρὸς
375 1964 429 1992 τὸν
439 1964 536 1998 ἀνδρα
546 1963 653 2000 αὐτῆς,
664 1965 746 1992 ἀλλὰ
752 1967 930 2002 μαινομένη

137 2010 346 2044 μιανθήσεται·
358 2011 405 2038 καὶ
412 2011 506 2038 πάλιν·
517 2010 548 2038 '0
559 2010 638 2046 ἔχων
644 2011 817 2046 μοιχαλίδα,
829 2013 930 2047 ἄφρων

140 2055 315 2090 καὶάσεσής
325 2065 332 2072 ·
345 2057 363 2092 ἠ
383 2057 412 2084 δὲ
427 2057 557 2092 συνήθεια
567 2076 576 2090 ,
592 2057 640 2085 καὶ
663 2057 860 2093 μοιχεύσαντας
884 2059 931 2086 ἄν-

140 2101 219 2137 δρας,
233 2103 280 2128 καὶ
295 2103 326 2129 ἐν
339 2102 477 2138 πορνείαις
488 2102 578 2136 ὄντας,
590 2104 752 2138 κατέχεσθαι
767 2103 819 2130 ὑπὸ
833 2112 930 2139 γυναι-

140 2147 199 2174 κῶν
217 2148 400 2183 προστάσσει·
417 2147 489 2175 ὥστε
506 2149 523 2183 ἡ
535 2147 573 2184 τῷ
585 2148 726 2185 ἀφειμένφ
743 2150 821 2186 ἀνδρὶ
842 2158 931 2177 συνοι-

141 2192 228 2219 ιιοὺσα
237 2212 244 2225 ,
257 2193 307 2220 οὐκ
320 2191 379 2220 οἴδα
388 2194 413 2220 εί
425 2193 537 2221 δύναται
548 2194 673 2230 μοιχαλὶς
686 2195 867 2231 χρηματίζειν
876 2203 883 2211 ·
898 2196 929 2223 τὸ

532 167 734 202 SYNTAGMA
753 169 950 201 CANONUM.
962 182 997 189 -
1009 169 1086 201 TIT.
1102 167 1190 207 XIII,
1210 167 1289 199 CAP.
1309 166 1360 198 IV.

1711 165 1766 199 906

1109 221 1223 251 Concilii
1242 219 1460 256 Carthaginemis
1470 227 1556 248 canon
1573 219 1634 249 162.

1018 268 1058 297 De
1072 269 1112 295 his
1136 269 1182 303 qui
1208 275 1315 302 uxores,
1329 272 1377 295 aut
1400 275 1459 303 qua
1477 267 1548 295 viros
1564 267 1716 302 dimittunt,
1739 272 1770 295 ιιι

980 314 1019 340 εἰσ
1034 316 1170 339 maneant.

1018 357 1078 384 lu2.
1097 358 1203 386 Placuit
1214 358 1251 391 “,
1266 362 1296 386 ut
1307 357 1458 386 secundum
1469 358 1654 394 evangelicam
1666 362 1694 386 et
1705 366 1772 393 apo-

982 402 1108 431 stolicam
1135 402 1321 438 disciplinam,
1343 410 1432 438 neque
1460 403 1591 431 dimissus
1615 405 1650 430 ab
1674 411 1772 436 uxore.

983 455 1072 484 neque
1095 449 1208 478 dimissa
1234 456 1249 476 a
1272 449 1383 482 marito,
1408 449 1487 476 alteri
1502 449 1705 484 coniungatur;
1725 449 1773 477 sed

981 495 1020 522 ita
1036 499 1174 528 maneant,
1193 499 1241 522 aut
1264 495 1374 523 sibimet
1398 495 1630 523 reconcilientur:
1657 495 1731 531 quod
1747 495 1772 523 si

982 540 1208 575 contempserint,
1231 536 1266 567 ad
1283 541 1472 576 pmnitentiam
1499 540 1659 576 redigantur
1682 540 1715 568 υ.
1741 539 1773 568 ιιι

984 592 1038 620 qua
1063 591 1147 612 causa
1171 584 1258 620 legem
1277 584 1447 620 imperiaiem
1479 585 1537 621 (51)
1554 585 1702 621 petendum
1731 590 1773 614 est

983 630 1164 665 promulgari.

1134 674 1247 702 Concilii
1260 675 1411 703 tecumenici
1429 682 1455 703 Vl
1474 683 1559 703 canon
1572 675 1619 705 87.

1019 721 1064 749 87.
1081 720 1149 755 Quae
1162 721 1185 738 ¹³
1202 721 1331 749 maritum
1344 721 1465 757 reliquit,
1489 727 1531 750 est
1543 722 1678 756 adultera,
1691 723 1715 750 si
1726 730 1773 751 ve-

985 767 1055 795 nerit
1067 767 1102 795 ad
1119 767 1214 800 alium,
1229 772 1261 795 ut
1282 768 1342 796 vult
1356 775 1434 796 sacer
1459 772 1486 796 et
1508 768 1617 796 divinus
1642 768 1772 802 Basilius,

984 812 1032 847 qui
1064 820 1099 840 ex
1121 812 1238 841 Ieremia
1266 813 1398 849 propheta
1422 813 1476 842 hoc
1503 815 1606 849 Optime
1639 815 1774 851 collegit:

986 857 1063 890 Quod
1074 858 1097 884 si
1113 857 1162 885 alii
1173 858 1228 885 viro
1241 866 1309 886 uxor
1322 859 1414 893 fuerit,
1436 860 1471 886 ad
1484 860 1611 887 maritum
1626 869 1704 888 suum
1720 870 1776 888 ιιοιι

984 909 1158 936 εοιιιιενιειιιιπ,
1186 903 1236 932 sed
1254 905 1358 940 polluta
1385 905 1518 940 polluetur
1534 907 1567 934 “.
1593 907 1628 934 Et
1658 915 1773 936 rursus:

986 949 1039 982 Qui
1059 954 1147 977 autem
1169 951 1266 978 detinet
1294 951 1456 984 adulteram,
1483 956 1522 979 est
1539 953 1664 987 insipiens
1682 958 1706 980 et
1723 954 1775 980 im-

983 996 1044 1030 pius
1061 995 1093 1023 ".
1123 995 1152 1024 Si
1177 1003 1243 1032 ergo
1261 1001 1358 1031 praeter
1384 997 1518 1024 rationem
1539 1005 1555 1024 a
1577 999 1676 1026 marito
1690 998 1775 1035 417

984 1042 1133 1070 recessisse
1154 1042 1214 1070 visa
1237 1042 1284 1075 sit,
1310 1042 1355 1070 ille
1368 1043 1478 1079 quidem
1505 1044 1585 1072 venia
1605 1045 1704 1081 dignus
1719 1050 1773 1078 est,

984 1088 1043 1116 hac
1065 1095 1129 1116 vero
1158 1095 1248 1124 poena.
1267 1089 1306 1117 Illi
1333 1095 1423 1118 autem
1437 1090 1515 1118 venia
1537 1091 1657 1123 dabitur.
1676 1095 1708 1118 ut
1721 1091 1774 1119 Ec-

984 1135 1074 1163 clesia:
1093 1136 1287 1163 communicet.
1302 1134 1355 1163 Sed
1367 1136 1392 1163 ei
1408 1136 1456 1170 qui
1480 1135 1601 1172 legitime
1615 1135 1668 1165 sibi
1682 1136 1776 1165 datam

985 1189 1099 1210 uxorem
1124 1181 1267 1217 relinquit,
1293 1186 1320 1209 et
1334 1182 1416 1210 aliam
1436 1182 1522 1216 ducit,
1550 1191 1566 1212 e
1586 1182 1694 1211 Domini
1710 1191 1776 1212 sen-

989 1227 1075 1255 tentia
1092 1227 1115 1243 “
1128 1231 1169 1255 est
1183 1227 1309 1255 adulterii
1327 1227 1433 1260 iudicio
1446 1228 1592 1257 obnoxius.
1608 1230 1629 1257 A
1647 1229 1776 1258 Patribus

985 1273 1058 1300 enim
1075 1274 1176 1301 nostris
1189 1278 1322 1301 statutum
1337 1279 1389 1308 est,
1405 1279 1436 1302 ut
1449 1275 1497 1310 qui
1514 1279 1579 1303 sunt
1589 1275 1727 1310 ejusmodi
1741 1276 1774 1310 ",

985 1327 1088 1348 annum
1107 1319 1236 1352 deﬂeant,
1250 1320 1362 1348 biennio
1379 1321 1504 1355 audiant,
1522 1322 1641 1350 triennio
1652 1322 1777 1350 subster-

985 1368 1098 1397 nantur,
1116 1369 1143 1392 et
1158 1364 1275 1400 septimo
1288 1372 1351 1392 cum
1373 1364 1501 1393 ﬁdelibus
1517 1365 1682 1400 consistant,
1697 1370 1725 1394 et
1735 1365 1775 1394 sic

985 1409 1123 1438 oblatione
1136 1409 1212 1446 digni
1230 1410 1393 1439 habeantur.

1156 1551 1252 1579 Basilii
1263 1559 1375 1580 canones
1387 1552 1413 1586 9,
1429 1553 1474 1586 55,
1485 1552 1530 1587 48,
1551 1552 1597 1581 77.

1021 1596 1048 1625 9.
1068 1596 1158 1632 Eque
1173 1597 1240 1625 viris
1253 1602 1281 1626 et
1296 1598 1460 1626 mulieribus
1476 1599 1606 1626 convenit
1621 1600 1774 1627 secundum

986 1643 1128 1671 sententiae
1144 1643 1367 1672 consecutionem
1381 1644 1456 1679 quod
1475 1652 1491 1672 a
1508 1643 1624 1672 Domino
1648 1652 1773 1679 pronun—

986 1690 1084 1717 tiatum
1103 1694 1155 1723 est,
1182 1697 1239 1718 non
1261 1689 1346 1718 licere
1378 1698 1393 1718 ιι
1419 1691 1598 1719 matrimonio
1622 1691 1775 1724 discedere,

988 1735 1041 1764 nisi
1061 1735 1098 1764 ob
1123 1735 1347 1764 fornicationem.
1365 1736 1543 1765 Consuetudo
1557 1742 1648 1765 autem
1665 1745 1718 1765 non
1735 1738 1776 1765 sic

987 1789 1017 1810 se
1038 1782 1129 1815 habet,
1153 1782 1200 1810 sed
1222 1782 1384 1810 mulieribus
1408 1782 1520 1817 quidem
1541 1783 1625 1810 multa
1649 1788 1776 1810 accurate

986 1827 1127 1856 observari
1147 1828 1388 1863 deprehendimus,
1411 1836 1473 1856 cum
1498 1828 1646 1864 Apostolus
1663 1829 1775 1864 quidem

986 1873 1079 1901 dicat:
1098 1873 1176 1906 Quod
1199 1874 1244 1908 qui
1265 1873 1381 1901 adliceret
1404 1874 1547 1908 meretrici,
1565 1874 1596 1910 ﬁt
1612 1882 1694 1901 unum
1716 1881 1776 1901 cor-

987 1926 1036 1952 pus
1054 1918 1095 1951 ¹³;
1113 1917 1247 1946 Jeremias
1258 1925 1340 1946 vero:
1358 1917 1435 1951 Quod
1458 1919 1482 1946 si
1500 1918 1580 1953 fuerit
1597 1919 1692 1946 mulier
1703 1927 1775 1951 cum,

986 1965 1042 1992 alio
1054 1965 1122 1997 uiro.
1144 1972 1198 1992 non
1207 1969 1351 1992 revertetur
1365 1964 1400 1991 ad
1413 1964 1499 1991 virum
1510 1972 1600 1995 suum,
1615 1964 1660 1991 sed
1671 1964 1775 1999 polluta

984 2010 1117 2044 polluetur
1133 2010 1171 2043 ¹⁹;
1188 2015 1215 2037 et
1232 2009 1350 2037 iterum:
1370 2009 1422 2042 Qui
1434 2008 1512 2036 habet
1527 2009 1688 2041 adulteram,
1706 2009 1775 2036 stul-

986 2060 1028 2083 tus
1042 2061 1082 2084 est
1095 2061 1119 2083 et
1135 2056 1232 2090 impius
1247 2055 1282 2082 ³⁸.
1299 2055 1478 2083 Consuetudo
1492 2060 1584 2082 autem
1598 2055 1680 2082 etiam
1696 2054 1774 2082 adul-

985 2106 1060 2131 teros
1077 2103 1150 2130 viros
1169 2106 1196 2130 et
1212 2102 1239 2129 in
1258 2101 1487 2129 iornicationibus
1506 2101 1738 2135 versantesjubet
1757 2108 1773 2128 ιι
1795 2099 1797 2103 ’

985 2148 1148 2177 mulieribus
1166 2148 1289 2176 retineri.
1314 2147 1406 2181 Quare
1427 2155 1489 2182 quae
1504 2154 1558 2174 una
1573 2154 1635 2174 cum
1654 2146 1713 2173 viro
1733 2146 1775 2173 di-

987 2194 1073 2223 misso
1086 2194 1202 2226 habitat.
1225 2193 1319 2222 nescio
1337 2201 1372 2222 au
1389 2193 1478 2228 possit
1493 2193 1619 2220 adultera
1633 2192 1774 2227 appellari.

141 2239 196 2273 γὰρ
219 2238 345 2274 ἔγκλημα
370 2239 497 2272 ἐνταῦθα,
521 2239 571 2275 τῆς
586 2240 762 2276 ἀπολυτάβης
781 2241 827 2268 τὸν
847 2242 931 2277 ἄνδρα

987 2240 1093 2268 Crimen
1115 2239 1190 2267 enim
1221 2239 1266 2267 hic
1290 2240 1400 2274 attingit
1423 2238 1576 2271 mulierem,
1600 2245 1661 2273 qua:
1684 2238 1775 2265 virum

140 2284 269 2317 ἅπτεται,
285 2284 356 2312 κατὰ
373 2285 453 2312 ποίαν
469 2287 560 2314 αἰτίαν
574 2286 681 2322 ἀπέστη
695 2287 742 2313 τοῦ
758 2287 858 2323 γάμου·
874 2286 929 2314 εἴτε

140 2331 196 2364 γὰρ
209 2330 366 2365 τυπτομένη
385 2331 424 2366 μὴ
443 2332 564 2367 φέρουσα
579 2332 629 2364 τὰς
649 2332 767 2368 πληγὰς,
785 2332 930 2367 ὑπομένειν

139 2374 225 2409 ἐχρῆν
238 2375 349 2410 μᾶλλον,
364 2375 380 2411 ἤ
394 2375 586 2412 διαζευχθῆναι
601 2377 648 2404 τοῦ
659 2377 858 2411 συνοικοῦντος·
874 2378 930 2405 εἴτε

138 2422 190 2453 τὴν
201 2422 241 2452 εις
254 2421 289 2448 τὰ
305 2421 436 2461 χρήματα
449 2421 552 2458 ζημίαν
568 2423 606 2458 μὴ
623 2423 742 2460 φέρουσα
752 2443 760 2456 ,
780 2424 841 2451 οὐδὲ
859 2423 928 2460 αὕτη

140 2467 157 2501 ἡ
174 2466 309 2500 πρόφασις
320 2467 460 2501 ἀξιόλογος
470 2476 477 2483 ·
493 2469 519 2495 ει
530 2468 560 2496 δὲ
573 2469 619 2498 διὰ
630 2469 662 2497 τὸ
675 2470 705 2496 ὲν
719 2471 833 2506 πορνείᾳ
848 2470 930 2497 αὑτὸν

140 2511 201 2546 ζῇν,
218 2511 268 2538 οὐχ
278 2511 394 2547 ἔσχομεν
409 2512 490 2540 τοῦτο
500 2514 530 2540 ὲν
544 2514 576 2549 τῇ
594 2514 724 2550 συνηθείᾳ
739 2516 771 2549 τῇ
787 2515 933 2551 ὲκκλησια·

140 2558 222 2592 στικῇ
247 2558 277 2583 τὸ
304 2558 509 2594 παρατήρημα·
539 2559 608 2586 ἀλλὰ
632 2559 680 2586 καὶ
702 2558 817 2586 ἀπίστου
834 2560 932 2595 ἀνδρὸς

139 2602 307 2637 χωρίζεσθαι
328 2604 359 2630 οὐ
377 2604 552 2639 προσετάχθη
569 2605 650 2640 γυνὴ,
667 2604 735 2632 ἀλλὰ
763 2606 933 2640 παραμένειν

137 2648 184 2675 διὰ
207 2649 238 2675 τδ
257 2649 356 2684 ἄδηλον
378 2651 429 2686 τῆς
451 2651 592 2683 ἐκϐάσεως
603 2659 610 2667 ’
622 2652 653 2679 Τί
661 2651 716 2686 γὰρ
726 2650 820 2685 οἶδας,
833 2652 931 2686 γύναι,

139 2694 165 2720 el
176 2693 229 2720 τὸν
240 2694 336 2729 ἄνδρα
347 2694 458 2729 σώσεις
463 2704 474 2728 ;
484 2695 554 2723 ὥστε
567 2698 584 2733 ἡ
600 2696 798 2729 καταλιποῦσα,
808 2696 931 2732 μοιχαλὶς

178 2751 197 2787 ‘_'
214 2751 289 2778 Cone
303 2751 414 2780 Milevit.
437 2760 467 2784 ιι,
500 2759 561 2787 cap.
580 2752 618 2786 7.;
642 2753 727 2781 Afric.
757 2754 792 2781 69
827 2762 853 2782 c.

141 2785 164 2821 ff
179 2785 284 2821 derum.
305 2795 346 2818 ιιι,
361 2788 388 2814 1.
428 2787 449 2802 ¹⁶
465 2785 546 2814 Ριονῖ
561 2795 638 2821 xvut,
658 2789 694 2815 22

905 2754 926 2770 “
943 2753 1036 2783 lihtth.
1061 2761 1086 2786 ν,
1107 2753 1160 2788 52;
1181 2753 1269 2783 lCor.
1287 2761 1336 2785 vn,
1361 2754 1404 2783 10,
1431 2754 1474 2781 ll.

767 2790 790 2805 ¹⁶
808 2789 902 2816 Matth.
916 2798 941 2821 v,
958 2790 1003 2816 32.
1048 2790 1068 2805 "
1099 2789 1166 2817 Can.
1192 2788 1236 2816 57.
1267 2789 1469 2825 Basiliililngui.

141 2820 163 2836 υ
173 2819 275 2848 Jeretn.
292 2829 334 2854 ιιι,
348 2822 374 2849 ί.
413 2822 437 2839 ’⁸
448 2821 528 2849 Prov.
544 2830 622 2855 xvut,
633 2819 682 2851 '22.
721 2825 742 2840 "
761 2824 768 2852 Ι
783 2825 847 2852 Cur.
864 2832 912 2858 vn,
930 2819 973 2852 l6.

983 2286 1099 2318 dimisit,
1115 2292 1234 2320 quanam
1249 2284 1283 2313 de
1303 2292 1388 2312 causa
1412 2292 1428 2312 a
1453 2284 1581 2320 coniugio
1604 2283 1773 2311 discesserit.

985 2332 1050 2360 Sive
1069 2332 1143 2359 enim
1162 2338 1293 2367 percussa
1307 2331 1402 2366 plagas
1422 2337 1476 2358 non
1495 2330 1578 2363 ferat,
1597 2330 1668 2358 ferre
1684 2330 1774 2358 satius

983 2383 1044 2406 erat
1069 2385 1152 2413 quam
1177 2385 1194 2405 a
1211 2376 1328 2412 conjuge
1342 2376 1486 2411 separari:
1509 2376 1567 2404 sive
1589 2376 1720 2403 damnum
1746 2376 1774 2402 in

985 2424 1110 2459 pecuniis
1123 2430 1176 2451 non
1189 2423 1270 2455 ierat.
1287 2430 1322 2450 ne
1333 2423 1391 2451 haec
1401 2423 1511 2458 quidem
1526 2423 1601 2457 iusta
1614 2423 1773 2450 excusatio:

984 2469 1030 2497 sin
1045 2473 1149 2502 autem,
1170 2468 1303 2504 quoniam
1315 2468 1376 2504 ipse
1390 2469 1457 2496 vivit
1468 2469 1495 2495 in
1511 2468 1700 2499 fornicatione.
1720 2476 1775 2496 ιιοιι

985 2515 1118 2543 habemus
1130 2516 1200 2542 hanc
1213 2515 1240 2542 in
1254 2515 1442 2543 ecclesiastica
1462 2515 1662 2543 consuetudine
1681 2514 1777 2542 obser-

985 2562 1135 2594 vulionem,
1154 2561 1210 2588 imo
1226 2568 1292 2588 vero
1315 2561 1349 2588 ab
1373 2560 1475 2589 inlideli
1495 2560 1555 2588 viro
1570 2568 1624 2588 non
1638 2561 1716 2597 jussa
1732 2565 1776 2589 est

987 2607 1085 2633 mulier
1095 2606 1229 2640 separari,
1248 2606 1295 2633 sed
1315 2613 1425 2641 propter
1435 2612 1563 2634 eventum
1581 2607 1715 2634 incertum
1732 2614 1776 2633 re-

986 2658 1106 2678 manere.
1123 2649 1193 2682 Quid
1204 2650 1274 2677 enim
1285 2650 1335 2682 sic.
1349 2651 1453 2684 mulier,
1470 2659 1504 2677 an
1520 2650 1605 2678 virum
1621 2650 1723 2677 salvum
1737 2651 1774 2677 sis

985 2699 1090 2733 factura
1101 2698 1122 2713 "
1135 2696 1147 2724 ’Ξ
1168 2695 1270 2730 Quare,
1283 2704 1344 2732 quae
1359 2697 1482 2732 reliquit,
1498 2702 1541 2724 est
1551 2697 1684 2728 adultera,
1701 2696 1724 2724 si
1739 2696 1774 2724 ad

1539 2755 1560 2770 ¹²
1583 2752 1650 2781 Can.
1677 2753 1704 2785 9,
1727 2750 1772 2778 21-

1532 2790 1553 2805 ”
1567 2788 1575 2816 Ι
1591 2788 1653 2816 Cor.
1675 2796 1712 2822 vi,
1729 2787 1772 2814 16.

178 2877 240 2912 (51)
261 2876 326 2910 Quae
342 2885 396 2905 non
413 2877 512 2912 legitur
526 2881 593 2906 tunc
614 2879 766 2915 impetrata.
787 2881 853 2909 Vide
875 2882 990 2917 August.
1006 2890 1090 2910 scrin.
1106 2882 1151 2915 ιθ,
1167 2882 1237 2910 inter
1251 2880 1286 2910 50
1313 2880 1389 2909 hom.

291 2923 429 2954 PA'I'ROL.
456 2924 515 2955 ῦιι.
533 2927 612 2958 Cli’.

1555 2927 1596 2958 29
