1951 3071
153 209 206 243 909

551 212 751 243 SYNTAGMA
771 211 964 244 CANONUM.
977 223 1012 229 --
1025 209 1098 241 TIT.
1118 207 1204 239 XIII.
1224 205 1303 235 CAP.
1323 203 1372 234 IV.

1728 208 1780 241 910

155 265 237 293 αὐτοῦ
247 264 336 300 γάμου
343 265 453 298 παισὶν,
470 264 549 301 εἴπερ
561 267 640 300 εἰσὶν,
652 267 699 294 ἐάν
710 276 735 294 τι
750 268 820 297 κατᾶ
834 267 884 303 τῆς
895 267 943 303 βα-

1005 265 1098 292 :ratur,
1117 259 1139 286 si
1157 264 1252 289 contra
1277 260 1446 295 majestatem
1464 259 1669 295 imperatoriam
1686 261 1781 298 [ineri-

155 312 257 343 τιλείας
272 311 468 347 βουλεύσηταν
491 312 508 347 ἢ
528 313 607 339 τοῦτο
628 313 755 345 συνειδὼς
773 314 886 351 ἑτέροις,
904 313 942 349 μὴ

155 357 301 393 φανερώσει
319 358 351 393 τῇ
368 357 492 394 βασιλείᾳ
508 359 541 385 δι’
565 359 662 386 ἑαυτοῦ
679 359 695 395 ἢ
717 359 752 387 δι’
768 360 877 394 ἑτέρου*
894 359 942 386 ἐὰν

154 404 303 438 ιὶῳδήποτε
316 404 410 439 τρόπῳ
419 405 451 440 τῇ
466 404 522 439 ζωῇ
535 404 619 440 αὐτῆς
629 405 822 441 ὲπιῦουλεύση,
834 404 850 440 ἢ
863 404 943 431 τοῦτο

156 448 284 479 συνειδὼς
305 448 420 483 ἑτέροις,
446 448 483 483 μὴ
499 449 644 485 φανερώσῃ
661 450 729 485 αὐτῇ
745 450 791 476 καὶ¹
804 449 942 484 σπουδάσῃ

156 493 227 520 κατὰ
242 493 305 526 τοὺς
321 494 419 529 νόμους
434 494 577 529 ἐκδικῆσαι
589 503 596 510 ·
610 494 659 521 ἐὰν
674 496 708 530 τῇ
724 494 886 530 σωφροσύνῃ
897 495 944 521 αύ-

154 539 205 573 τῆς
220 539 259 569 εις
276 538 307 565 τὺ
324 539 498 575 μοιχευθῆναι
519 540 659 576 σπουδάσῃ
670 539 874 567 ὲπιὸουλεῦσαιι
895 538 944 565 ἐὰν

156 584 350 619 κατηγορήσας
367 585 453 620 αὐτῆς
468 586 482 611 ὁ
497 585 566 621 ἀνὴρ
583 585 647 620 περὶ
662 585 784 620 μοιχείας
794 604 802 617 ,
820 584 858 620 μὴ
872 584 942 613 ἀπο·

155 630 229 666 δείξῃ
238 640 244 646 ·
262 632 308 658 ἐπὶ.
320 631 415 658 τούτου
427 631 456 658 δὲ
468 632 499 658 οὐ
513 632 594 667 μόνον
604 632 654 667 τὴν
668 631 722 668 πρὸ
738 631 826 666 γάμου
838 629 943 666 δωρεὰν

155 677 170 702 ό
184 677 253 712 ἀνὴρ
282 676 427 713 ζημιοῦται
438 698 445 710 ,
466 677 534 707 ἀλλὰ
559 677 607 705 καὶ
624 677 718 713 ἕτερον
738 677 829 712 τρίτον
846 675 942 710 αὐτῆς,

158 724 189 751 ὲκ
211 722 259 757 τῆς
276 722 359 756 ἄλλης
381 723 464 749 αὐτοῦ
481 723 656 758 περιουσίας·
675 723 721 750 καὶ
744 721 794 754 τὰς
808 720 944 757 τιμωρίας

161 767 193 801 ιφ
199 767 314 799 ίσταται,
323 766 356 798 ἃς
365 766 475 802 ἔμελλεν
482 767 498 802 ἡ
505 767 573 801 γυνὴ
581 766 818 801 καταδικαζομένη
831 766 945 800 ὑφίστα-

161 813 239 841 σθαι·
269 812 317 839 ἐὰν
345 812 427 848 ἑτέρᾳ
446 814 556 849 συνοικῇ
579 814 609 839 ὲν
630 813 668 848 τῷ
694 812 770 848 αὐτῷ
787 812 854 847 οῐκῳ
874 811 890 847 ἢ
910 813 943 849 τῇ

160 859 228 894 αὐτῇ
241 859 327 892 πόλει,
340 859 388 886 καὶ
399 859 465 895 παρ’
481 859 576 894 αὐτῆς,
585 860 602 895 ἢ
612 859 645 886 δι’
653 860 746 894 ἐτέρου
756 858 941 894 ὑπομνησθεὶς

158 904 197 940 μὴ
212 904 357 939 ἀπόσχοιτο
368 911 376 919 ⁶
400 905 447 931 καὶ
461 905 507 931 ἐπὶ
521 904 616 933 τούτου
632 906 661 932 δὲ
685 904 779 939 ἕτερον
798 904 879 939 μέρος
895 904 944 939 τῆς

996 302 1050 339 tus]
1064 303 1207 332 consilium
1227 303 1387 338 captaverit,
1399 304 1442 331 vel
1462 304 1523 338 ejus
1544 306 1680 338 consoius,
1696 307 1782 342 maje-

996 349 1062 378 διοιί
1081 357 1136 376 non
1152 349 1370 378 manifestaverit
1390 357 1437 385 per
1457 350 1545 385 ipsum
1559 351 1599 380 vel
1615 358 1662 386 per
1675 352 1757 380 alium
1774 362 1782 380 :

996 396 1079 432 m
1090 396 1114 424 si
1125 396 1247 431 quolibet
1264 396 1346 423 modo
1360 397 1475 424 maritus
1489 397 1582 424 uxoris
1593 397 1656 424 vitae
1669 399 1784 426 insidias

997 443 1130 477 posuerit,
1142 448 1190 472 aut
1200 443 1261 471 aliis
1272 443 1307 470 de
1318 443 1370 471 hoc
1383 444 1603 471 consultantibus
1616 445 1706 472 sciens
1719 453 1785 479 pru-

998 490 1121 525 densque
1134 497 1188 518 non
1203 490 1419 518 manifestaverit
1436 490 1499 526 ipsi,
1518 499 1567 518 nec
1579 492 1730 519 secundum
1747 492 1786 518 le—

998 543 1046 571 ges
1061 535 1201 564 vindicare
1215 535 1350 563 studuerit
1369 544 1376 562 :
1393 536 1416 563 si
1440 537 1560 564 castitati
1579 537 1676 572 ipsius,
1691 543 1719 563 ut
1737 538 1783 563 ad-

998 581 1097 609 ulterio
1113 581 1260 617 polluatur,
1285 582 1410 609 insidiari
1433 582 1577 609 tentaverit
1596 590 1603 608 :
1621 582 1644 610 si
1659 583 1786 616 maritus,

998 627 1046 655 ubi
1063 635 1174 655 uxorem
1188 628 1222 655 de
1236 627 1373 655 adulterio
1392 628 1571 661 accusaverit,
1588 627 1717 665 [crimen]
1731 636 1786 656 non

998 673 1165 709 probaverit.
1180 673 1229 701 His
1242 681 1308 702 vero
1324 674 1358 702 de
1370 673 1485 710 [causis]
1498 675 1612 702 maritus
1628 681 1683 701 non
1698 675 1787 701 solum

999 719 1148 748 donatione
1171 725 1281 755 propter
1297 721 1408 755 nuptias
1430 720 1573 753 multatur,
1589 728 1683 748 verum
1705 720 1787 748 etiam

999 765 1116 792 alterum
1129 765 1190 800 ejus
1204 765 1331 792 trientem
1345 773 1377 793 ex
1390 765 1452 793 aliis
1471 765 1529 793 suis
1545 765 1624 793 bonis
1640 765 1751 801 [amittit
1767 764 1787 800 :]

1002 810 1087 847 [cum]
1103 816 1130 839 et
1147 818 1244 846 pmnas
1259 811 1384 844 sustinet,
1399 818 1468 846 quas
1481 811 1581 839 mulier
1596 812 1725 838 damnata
1740 818 1788 838 su-

1001 862 1126 885 stentura
1143 857 1251 884 fuisset.
1268 856 1297 884 Si
1315 856 1453 893 [maritus]
1465 857 1543 884 alteri
1557 858 1584 884 in
1601 857 1695 885 eadem
1710 858 1790 884 domo

1000 903 1131 931 eademve
1145 903 1254 930 civitate
1268 903 1418 936 cobabitet,
1429 907 1456 930 et
1473 903 1507 930 ab
1522 910 1606 931 uxore
1620 908 1667 930 aut
1686 903 1720 931 ab
1736 903 1790 930 alio

156 950 212 985 πρὸ
232 950 321 986 γάμου
341 951 445 986 δωρεᾶς
463 951 612 986 κερδαίνει,
627 952 675 978 καὶ
693 950 776 978 αὐτοῦ
789 951 838 986 τὴν
851 950 945 976 Stem-

1005 949 1158 977 admonitus
1179 957 1234 976 non
1257 949 1393 977 abstineat
1416 957 1424 976 :
1449 950 1529 977 etiam
1558 949 1593 977 de
1612 949 1664 976 hac
1683 947 1790 986 [causa]

156 995 234 1022 τείαν
254 995 425 1030 φυλάττουσα
446 997 503 1028 τοῖς
524 997 572 1023 ἐπὶ
589 997 678 1032 γάμου
700 996 812 1022 παισίν·
831 996 879 1022 ἐὰν
897 993 945 1023 οὖν

158 1042 235 1077 παρὰ
244 1042 344 1074 ταύτας
353 1042 403 1074 τὰς
410 1042 500 1074 αἰτίας
511 1043 581 1078 ἀνὴρ
592 1042 685 1079 οτείλῃ
698 1042 849 1078 ρεπούδιον,
862 1042 946 1069 ἀπόλ-

158 1087 199 1114 λει
221 1087 269 1123 τὴν
284 1088 388 1123 δωρεὰν
408 1089 454 1115 καὶ
470 1088 533 1116 ἄλλο
545 1088 637 1124 τρίτον
651 1088 746 1123 αὐτῆς·
763 1088 787 1114 εί
803 1088 832 1115 δὲ
848 1088 946 1124 η’γυνὴ

161 1132 256 1168 στείλῃ
279 1132 376 1166 ἄλογον
399 1132 549 1166 ῥεπούδιον,
570 1132 681 1160 ἀπόλλει
702 1133 753 1168 τὴν
768 1133 884 1168 προῖκα,
900 1134 948 1160 καὶ

160 1178 231 1214 πρὸς
255 1177 360 1210 τούτοις
390 1179 561 1214 μοναστηρίῳ
590 1178 753 1214 ἐμϐάλλεται
784 1179 875 1205 πᾶσαν
897 1179 948 1214 τὴν

159 1223 234 1260 ζωὴν
255 1224 351 1259 αὐτῆς,
367 1226 414 1252 καὶ
435 1225 472 1252 τὰ
494 1226 646 1261 πράγματα
660 1226 746 1260 αὐτῆς
763 1225 946 1261 διαιροῦνται·

159 1270 207 1296 καὶ
220 1269 245 1295 οἱ
275 1269 324 1303 μὶν
352 1269 445 1301 παῖδας
473 1270 656 1305 λαμὸάνουσιν
670 1270 783 1305 ούγγίας
807 1269 842 1306 η’,
867 1270 898 1296 τὸ
915 1269 945 1296 δὲ

161 1314 343 1350 μοναστὴριον
364 1314 478 1348 ούγγίας
488 1313 509 1341 δ’
520 1322 527 1329 ⁸
546 1315 570 1340 εί
586 1314 614 1341 δὲ
630 1315 680 1341 οὐκ
694 1315 748 1340 εἰσὶ
769 1314 863 1345 παῖδες
879 1313 948 1340 ἀλλὰ

160 1360 249 1392 γονεῖς
273 1359 312 1394 μὴ
338 1359 546 1390 ουναινέσαντες
569 1359 609 1394 τῷ
629 1358 774 1394 ρεπουδίῳ.
802 1358 880 1385 αὐτοὶ
899 1358 949 1394 μὲν

160 1403 342 1440 λαμϐάνουσιν
364 1405 477 1439 οὺγγίας
491 1403 522 1437 δ’,
540 1404 570 1431 τὸ
589 1404 618 1431 δὲ
641 1405 822 1440 μοναστήριον
836 1404 950 1439 οὐγγίας

159 1449 185 1486 η’
194 1460 201 1466 ·
218 1452 244 1477 ei
257 1450 284 1477 δὲ
303 1451 461 1487 συνῄνεσαν,
478 1451 542 1486 ὅλην
554 1450 604 1487 τὴν
617 1451 710 1478 οὐσίαν
725 1450 755 1477 τὸ
767 1450 949 1486 μοναστήριον

160 1496 293 1532 λαμϐάνει
303 1490 431 1524 ’δυνατὸν
441 1497 469 1523 δὲ
478 1495 564 1524 ταῦτα
574 1496 662 1531 λέγειν
671 1496 716 1523 καὶ
724 1496 771 1522 ἐπὶ
779 1495 876 1531 ἀνδρὸς
886 1495 949 1522 ἀλό-

161 1552 219 1577 γως
238 1543 490 1579 ρεπουδιατεύοντος
505 1543 537 1569 ἐκ
555 1542 606 1576 τῆς
620 1541 670 1578 ριξ
682 1541 801 1577 Νεαρᾶς,
816 1540 951 1576 λεγούσης

163 1590 225 1621 ῐσας
238 1587 308 1616 εῖναι
317 1589 366 1621 τὰς
375 1589 470 1621 ποινὰς
480 1589 534 1615 τῶν
547 1589 652 1623 ἀλόγων
667 1588 816 1624 ῥεπουδίων
825 1596 833 1604 ·
844 1587 893 1614 καὶ⁸
905 1587 951 1614 τὸν

162 1635 247 1669 ἄνδρα
269 1634 370 1669 ὁμοίως
391 1634 552 1661 ὑποκεῖσθαι
574 1635 632 1664 τοῖς
653 1634 724 1660 κατὰ
747 1633 876 1667 γυναικὸς
890 1633 949 1667 ὁρι-

164 1682 266 1708 σθεῐσιν
277 1689 285 1697 ”
308 1681 433 1717 ἀζημίως
446 1680 585 1708 διαλύεται
600 1680 698 1716 γάμος,
724 1680 772 1707 ἐὰν
786 1681 800 1707 ὁ
817 1679 885 1715 ἀνὴρ
902 1679 950 1705 ἐπὶ

163 1727 284 1762 τριετίαν
302 1727 371 1762 μετὰ
391 1726 442 1762 τὴν
458 1726 545 1762 ἀρχὴν
568 1726 616 1753 τοῦ
630 1727 720 1762 γάμου
746 1726 784 1762 μὴ
800 1725 900 1761 δυνηθῇ
913 1726 951 1761 τῇ

164 1775 271 1809 γαμετῇ
286 1774 475 1808 συγγενέσθαι,
497 1773 544 1800 καὶ
555 1773 600 1800 διὰ
618 1773 649 1800 τδ
667 1773 794 1808 μονάσαι,
811 1771 858 1798 καὶ
871 1771 920 1798 ἐὰν
937 1771 952 1797 ὁ

164 1818 235 1853 ἀνὴρ
258 1818 430 1853 αἰχμάλωτος
454 1818 575 1853 γένηται,
600 1818 648 1845 καὶ
670 1817 768 1853 ἄδηλον
797 1818 878 1853 μείνῃ
904 1816 952 1843 ἐπὶ

164 1864 327 1890 πενταετίαν
342 1863 366 1890 εί
381 1863 428 1899 ζῇ.

202 1998 240 2026 Τὸ
260 1999 289 2026 δὲ
313 1999 384 2028 κατὰ
401 2000 556 2028 σαναίνεσιν
576 2001 645 2036 πρὸς
664 2001 694 2027 τδ
723 2000 954 2036 συμφωνούμενον

166 2045 241 2072 λύειν
253 2046 300 2074 τὸν
317 2046 417 2082 γάμον,
432 2047 525 2082 εἴρητο
543 2047 593 2082 μὲν
611 2046 724 2082 πρώην·
741 2046 861 2082 ἀνῃρέθη
875 2047 903 2073 δὲ
918 2046 953 2073 ὲκ

166 2092 217 2126 τῆς
231 2092 378 2127 εἰρημένης
392 2091 443 2128 ριζ¹
456 2092 574 2128 Νεαρᾶς,
584 2092 661 2123 αὖθις
673 2092 702 2119 δὲ
716 2092 890 2126 ἀνεκαινίσθη
901 2092 954 2119 ὑπὸ

172 2138 361 2164 Ίουστινιανοῦ
379 2138 426 2165 τοῦ
442 2138 591 2174 βασιλέως·
613 2139 661 2165 καὶ
678 2138 726 2173 τὴν
742 2137 875 2174 ἄπροικον
901 2147 951 2172 γα-

168 2183 254 2218 μετὴν
267 2184 281 2209 ὁ
295 2183 364 2218 ἀνὴρ
379 2183 482 2218 ἀλόγως
508 2183 773 2218 ὲκϐάλλωνλδίδωσιν
781 2183 849 2219 αὐτῇ
866 2182 897 2209 τὺ
907 2183 954 2210 τέ-

165 2237 266 2264 ταρτον
287 2229 338 2263 τῆς
359 2229 441 2256 αὑτοῦ
460 2229 618 2264 περιουσίας
641 2228 691 2263 τῆς
718 2228 854 2264 καθαρᾶς·
876 2230 900 2255 εί
925 2228 954 2256 δὲ

167 2274 259 2310 συμϐῇ
285 2275 381 2306 παῖδας
405 2272 475 2302 εἶναι
498 2274 624 2306 πλείονας
636 2275 691 2302 τῶν
704 2274 799 2310 τριῶν,
817 2274 847 2301 οὗ
864 2275 894 2301 τὸ
908 2274 952 2301 τέ·
969 2289 991 2317 D

166 2325 267 2357 ταρτον
289 2321 356 2348 ἀλλὰ
379 2322 474 2354 παιδὸς
496 2322 555 2353 ἑνὸς
579 2321 724 2356 ἀναλογίαν
748 2320 899 2355 λαμϐάνειν
922 2321 953 2347 οὐ

166 2366 280 2392 δύναται
301 2365 329 2392 δὲ
354 2366 385 2392 τὸ
405 2366 543 2400 διδόμενον
567 2367 646 2401 αὐτῇ,
671 2365 846 2401 ὑπερϐαίνειν
860 2366 910 2397 τὰς
931 2364 953 2401 ρ’

167 2411 216 2438 τοῦ
233 2411 333 2446 χρυσοῦ
346 2411 456 2447 λίτρας·
467 2411 516 2446 οὑχ
529 2412 670 2438 ὑπόκειται
678 2410 707 2438 δὲ
719 2411 823 2442 τούτοις
834 2411 851 2446 ἠ
863 2410 956 2445 ἄπροι-

167 2466 216 2488 κο;
249 2459 336 2492 γυνὴ,
363 2457 468 2492 ἀλόγως
490 2457 537 2484 τοῦ
551 2457 647 2493 ἀνδρὸς
664 2457 860 2492 ἀναχωροῦσα,
877 2457 915 2488 ὡς
938 2457 954 2492 ἠ

167 2504 237 2540 αὐτὴ
254 2502 303 2539 ριζ¹
319 2503 422 2539 Νεαρά.

206 2591 378 2619 Τοσοῦτονδὲ
388 2592 526 2625 ἀκώλυτός
546 2593 620 2620 ἐστιν
633 2593 650 2629 ὴ
668 2593 722 2620 τῶν
750 2593 848 2628 γάμων
863 2592 956 2620 διάλυ-

168 2645 223 2670 σις,
244 2638 284 2664 ὅτι
299 2638 404 2674 εἴρηται
427 2639 499 2673 βιῆλ.
518 2639 570 2674 με’,
586 2639 639 2666 τίτ.
656 2642 697 2673 α’,
709 2639 779 2666 διάτ.
795 2642 825 2665 ιε’
837 2659 844 2672 ,
860 2639 898 2671 ὡς
909 2639 956 2666 ἐάν

167 2690 211 2713 τις
223 2681 278 2708 τῶν
293 2682 487 2709 συνοικούντων
513 2683 631 2719 ὁμολογῇ
659 2683 764 2720 ποινὴν,
779 2684 811 2710 ἐκ
824 2684 870 2710 τοῦ
890 2684 956 2719 παρ’

168 2730 260 2756 αἰτίαν
293 2729 375 2757 αὑτοῦ
404 2730 517 2764 λυθῆναι
545 2730 592 2756 τὸν
617 2729 715 2764 γάμον,
732 2730 782 2756 οὐκ
811 2729 928 2764 ἔρρωται
947 2736 954 2744 ·

167 2775 248 2810 ἀρκεῖ
262 2776 317 2809 γὰρ
328 2776 345 2810 ἡ
364 2775 402 2811 τῷ
413 2776 489 2811 νόμῳ
511 2776 557 2802 ἐπὶ
573 2775 628 2801 τῶν
653 2775 783 2802 τοιούτων
816 2775 955 2810 ὡρισμένη

168 2821 248 2856 ποινή
264 2829 272 2836 ’
290 2821 314 2848 εί
338 2820 375 2856 μὴ
390 2821 444 2856 ἄρα
462 2821 536 2856 καὶὴ
559 2821 727 2856 ἐπερώτησις
745 2821 881 2856 τοσαύτην
910 2830 957 2848 πε-

172 2867 257 2902 ριέχει
269 2874 277 2882 ·
290 2867 337 2893 καὶ
351 2867 421 2894 διάτ.
449 2866 500 2902 ρλδ’
515 2867 562 2894 τοῦ
582 2866 665 2894 αὑτοῦ
687 2868 741 2894 τίτ.
759 2867 799 2894 ὅτι
822 2867 852 2894 οὐ
868 2868 957 2900 καλῶς

172 2913 303 2943 ἐπερωτῶ
328 2922 390 2941 τινα
416 2913 511 2949 ποινὴν
524 2914 555 2941 ὲκ
571 2913 617 2940 τοῦ
640 2913 678 2950 μὴ
693 2913 851 2949 γαμηθῆναί
886 2923 931 2950 μοι
948 2922 955 2930 ·

1000 996 1128 1024 trientem
1154 995 1311 1023 donationis
1336 999 1400 1023 ante
1425 995 1535 1030 nuptias
1561 995 1676 1022 alterum
1698 994 1791 1031 [uxor]

1001 1043 1136 1075 lucratur,
1147 1041 1320 1070 donationem
1331 1041 1392 1077 ejus
1404 1042 1572 1069 matrimonii
1587 1041 1682 1069 liberis
1697 1049 1792 1069 serva-

1001 1093 1075 1116 tura.
1090 1088 1118 1115 Si
1141 1087 1227 1124 igitur
1241 1092 1318 1116 extra
1331 1089 1381 1116 bas
1396 1095 1495 1115 causas
1517 1087 1634 1124 maritus
1649 1087 1797 1122 repudium

1003 1134 1121 1167 miserit,
1132 1133 1308 1161 donationem
1325 1133 1448 1170 [propter
1461 1132 1583 1168 nuptias]
1596 1132 1711 1168 ejusque
1724 1132 1794 1159 alte-

1003 1187 1065 1209 rum
1076 1181 1202 1208 trientem
1213 1180 1312 1216 perdit.
1325 1180 1374 1208 Sin
1385 1179 1483 1208 mulier
1494 1180 1562 1207 citra
1571 1180 1705 1206 rationem
1718 1186 1782 1213 repu

1002 1228 1077 1255 dium
1091 1228 1191 1258 mittat.
1203 1228 1294 1255 dotem
1321 1228 1411 1263 perdit
1425 1231 1453 1254 et
1476 1226 1589 1262 insuper
1606 1234 1655 1262 per
1680 1234 1788 1254 onmem

1005 1274 1088 1301 vitam
1105 1281 1181 1300 suam
1199 1273 1226 1300 in
1250 1273 1447 1301 monasterium
1475 1273 1635 1308 conjicitur,
1661 1272 1789 1307 bonaque

1003 1319 1062 1354 ejus
1077 1318 1138 1355 [ita]
1160 1318 1329 1349 dividuntur,
1356 1323 1384 1345 ut
1406 1317 1483 1345 liberi
1502 1322 1567 1345 octo
1596 1317 1702 1350 uncias,
1731 1325 1791 1345 mo-

1002 1365 1153 1392 nasterium
1171 1371 1236 1391 vero
1263 1368 1382 1399 quatuor
1404 1363 1503 1398 capiat.
1524 1363 1560 1390 At
1582 1363 1607 1390 si
1630 1363 1706 1391 liberi
1736 1371 1791 1391 non

1001 1410 1114 1443 fuerint,
1131 1415 1257 1445 parentes
1283 1414 1375 1437 autem
1399 1409 1489 1446 [sint,j
1516 1409 1562 1445 qui
1592 1410 1707 1444 repudio
1735 1418 1791 1437 non

1003 1456 1205 1488 consenserint,
1235 1455 1273 1483 illi
1305 1455 1403 1483 uncias
1433 1460 1561 1490 quatuor,
1591 1455 1791 1483 monasterium

1006 1507 1067 1530 octo
1090 1502 1172 1536 capit.
1203 1501 1252 1528 Sin
1268 1508 1333 1529 vero
1359 1501 1562 1532 consenserint,
1592 1501 1792 1533 monasterium

1006 1549 1160 1576 universam
1186 1548 1370 1576 substantiam
1403 1547 1529 1582 percipit.
1551 1547 1671 1575 Possunt
1699 1552 1792 1575 autem

966 1610 989 1640 ο
1005 1595 1063 1621 haec
1078 1594 1161 1622 etiam
1179 1594 1211 1621 de
1233 1594 1291 1620 viro
1314 1593 1381 1621 citra
1407 1601 1517 1620 causam
1543 1593 1703 1628 repudiante
1726 1595 1792 1624 diei.

1007 1639 1113 1677 [idque]
1128 1647 1161 1667 ex
1184 1638 1296 1666 Novella
1313 1638 1375 1671 11Ἷ,
1393 1645 1454 1674 qua:
1475 1646 1570 1674 poenas
1587 1638 1792 1666 temerat-iorum

1007 1686 1185 1721 repudiorum
1199 1685 1329 1720 aequales,
1345 1684 1470 1712 etvirum
1483 1686 1594 1712 statutis
1607 1684 1634 1711 in
1649 1684 1792 1712 mulierem

1002 1727 1121 1766 [poenis]
1137 1736 1169 1756 ex
1181 1735 1261 1763 aequo
1278 1728 1428 1756 obnoxium
1440 1736 1512 1760 esse,
1539 1729 1616 1756 dicit.
1644 1728 1791 1758 Caeterum.

1007 1775 1067 1802 sine
1081 1775 1182 1802 damno
1199 1774 1316 1803 solvitur
1330 1775 1537 1802 matrimonium
1553 1795 1560 1807 ,
1576 1775 1598 1802 si
1614 1775 1729 1802 maritus
1746 1783 1794 1810 per

1007 1821 1155 1848 triennium
1191 1821 1359 1855 postinitum
1393 1820 1598 1847 matrimonium
1625 1828 1686 1847 cum
1708 1829 1792 1847 uxom

1007 1866 1081 1893 coire
1092 1873 1145 1893 non
1153 1865 1281 1900 potuerit,
1298 1870 1407 1901 propter
1418 1866 1498 1892 vitam
1508 1865 1687 1893 monasticam
1698 1866 1793 1898 etiam,

1007 1918 1033 1939 et
1046 1912 1068 1939 si
1080 1911 1194 1938 maritus
1202 1911 1235 1938 ab
1254 1911 1487 1945 hostibus'captus
1503 1911 1596 1943 fuerit,
1624 1918 1655 1937 ac
1669 1916 1705 1935 an
1718 1907 1791 1934 vivat

1008 1957 1041 1984 ad
1056 1957 1274 1992 quinquennium
1288 1957 1439 1992 ignoretur.

1035 2002 1153 2030 J‘extus.
1166 2002 1243 2036 Quod
1255 2010 1335 2037 porro
1347 2009 1482 2029 consensu
1493 2000 1572 2037 42],
1585 2001 1714 2036 conjuges
1725 2001 1795 2028 inter

1010 2055 1039 2075 se
1049 2048 1253 2075 matrimonium
1265 2048 1392 2074 dirimere
1401 2045 1529 2082 [possint]
1540 2047 1642 2073 dictum
1654 2046 1704 2073 fuit
1716 2046 1793 2079 olim,

1008 2094 1168 2128 abrogatum
1193 2097 1285 2120 autem
1304 2096 1346 2120 est
1370 2100 1419 2127 per
1440 2091 1540 2119 dictam
1570 2092 1620 2118 117
1643 2091 1794 2123 Novellum,

1009 2139 1057 2167 sed
1072 2138 1244 2174 postmodum
1262 2143 1421 2166 renovatum
1438 2139 1472 2165 ab
1494 2138 1660 2172 imperatore
1673 2137 1795 2166 Justiuo.

1009 2184 1094 2212 Plane
1111 2184 1158 2220 qui
1173 2185 1289 2212 maritus
1309 2184 1458 2211 indotatam
1483 2190 1595 2210 uxorem
1617 2183 1686 2210 citra
1713 2183 1796 2210 ratio-

1010 2238 1072 2258 nem
1086 2230 1171 2265 ejicit,
1189 2230 1237 2258 dat
1256 2229 1294 2257 illi
1315 2237 1390 2265 purae
1406 2229 1567 2257 substantia:
1583 2236 1639 2256 sua:
1659 2229 1797 2263 quadran-

1010 2281 1073 2303 tem.
1086 2275 1121 2303 At
1137 2275 1160 2303 si
1178 2275 1249 2302 forte
1265 2275 1356 2310 plures
1369 2274 1456 2311 tribus
1475 2273 1553 2301 liberi
1574 2274 1638 2304 sint,
1654 2282 1708 2301 non
1730 2282 1798 2309 qua-

1008 2321 1144 2353 drantem,
1157 2321 1204 2348 sed
1232 2321 1312 2348 unius
1329 2320 1476 2348 liberorum
1492 2319 1645 2355 portionem
1663 2318 1734 2356 [illa]
1750 2327 1796 2347 ac-

1005 2368 1081 2402 cipit.
1104 2367 1164 2395 Non
1187 2372 1276 2402 potest
1294 2363 1397 2399 autem,
1414 2366 1487 2402 quod
1511 2366 1548 2393 illi
1574 2366 1664 2399 datur,
1683 2371 1794 2394 centun.

1006 2414 1065 2440 auri
1078 2413 1161 2440 libras
1176 2413 1317 2440 excedere.
1334 2411 1404 2439 Huic
1421 2411 1548 2448 [dationi]
1567 2417 1658 2439 tamen
1674 2419 1735 2447 qua:
1745 2412 1794 2439 do-

1006 2463 1060 2485 tem
1076 2466 1128 2485 non
1149 2458 1241 2485 intulit
1260 2458 1366 2489 mulier,
1386 2457 1408 2484 si
1421 2457 1489 2485 citra
1509 2458 1643 2485 rationem
1660 2466 1675 2485 a
1688 2466 1730 2484 ma
1741 2457 1796 2485 rito

1006 2503 1123 2530 divertat
1138 2503 1286 2538 (quomodo
1301 2503 1395 2531 eadem
1407 2503 1457 2529 H7
1472 2502 1582 2531 Novella
1602 2502 1721 2540 [tradit])
1735 2512 1789 2530 non

1006 2553 1048 2576 est
1064 2548 1191 2575 obnoxia.

1045 2594 1153 2621 Toxlus.
1168 2593 1264 2629 Usque
1281 2594 1350 2622 adeo
1368 2599 1459 2622 autem
1481 2596 1716 2623 matrimoniorum
1740 2596 1794 2623 dis-

1007 2640 1109 2668 solutio
1129 2640 1255 2675 impediri
1279 2641 1384 2675 nequit,
1412 2647 1442 2668 ut
1470 2641 1517 2670 lib.
1544 2649 1606 2674 XLV,
1635 2643 1676 2669 tit.
1699 2642 1712 2668 1
1729 2661 1737 2673 ,
1755 2642 1796 2668 di-

1007 2686 1120 2722 gest.i9
1138 2686 1245 2714 dicatur
1266 2695 1273 2714 ε
1291 2686 1367 2720 Quod
1386 2688 1409 2715 si
1422 2688 1484 2723 quis
1513 2689 1658 2726 conjugum
1684 2696 1792 2723 ptenam

1007 2733 1196 2767 spoponderit,
1210 2733 1231 2760 si
1241 2733 1319 2768 culpa
1328 2741 1376 2762 sua
1387 2734 1534 2761 divertium
1550 2735 1607 2766 ﬁat,
1622 2733 1796 2770 [promissio]

1008 2787 1061 2806 non
1090 2779 1168 2806 valet.
1185 2774 1289 2807 Suﬂic‘it
1306 2781 1379 2808 enim
1395 2782 1422 2808 in
1433 2781 1532 2808 talibus
1546 2789 1560 2807 a
1575 2781 1590 2807 ι.
1602 2789 1633 2815 ge
1647 2781 1795 2808 constituta

1008 2831 1087 2858 paena
1107 2824 1174 2851 :nisi
1196 2825 1216 2852 si
1240 2825 1382 2860 stipulatio
1401 2826 1568 2853 tantumdem
1585 2827 1797 2861 comprehendat

1008 2873 1034 2896 et
1045 2869 1167 2904 ejusdem
1192 2870 1233 2897 tit.
1260 2870 1360 2905 digest.
1377 2871 1440 2898 154.
1451 2870 1509 2897 Non
1537 2875 1610 2898 recte
1633 2871 1742 2906 stipulol
1763 2874 1797 2899 ab

1009 2915 1099 2949 aliqua
1118 2923 1237 2950 poenam,
1255 2915 1354 2943 simihi
1369 2923 1424 2943 non
1445 2916 1539 2948 nubat,
1556 2923 1643 2950 neque
1655 2917 1718 2944 item
1738 2925 1797 2953 qua;
