1959 3060
202 179 249 213 9H

778 181 910 211 ΡΗΟΤῙΙ
924 180 1174 212 ΡΑΤΒΙΑΒΟΗᾹΞ
1193 181 1246 211 CP.

1775 179 1825 212 919

203 234 270 262 mihi
284 233 340 269 jam
354 236 436 268 nupta
444 236 496 267 est,
510 232 544 261 ab
557 241 588 261 ea
603 240 711 269 poenam
725 233 848 268 stipulari
864 241 988 268 possum,

1051 233 1102 261 ιῦτε
1118 234 1171 270 μὴν
1181 235 1231 270 τὴν
1246 233 1296 269 ἤδη
1312 233 1483 269 γαμηθετσάν
1502 242 1558 269 μοι,
1571 232 1666 268 ποινὴν
1681 233 1823 271 ἐπερωτᾷν

204 279 228 307 si
254 278 402 308 divortium
431 278 536 306 fecerit.
556 279 656 306 Eadem
671 279 754 306 etiam
768 279 802 306 de
831 279 945 306 muliere
971 286 987 306 a

204 325 303 351 marito
333 324 480 358 stipulante
507 323 691 360 [intelligenda
709 324 782 360 sunt]
801 329 828 352 et
851 325 899 352 lib.
928 332 986 357 VIII,

203 370 266 396 cod.
284 370 325 397 tit.
341 370 386 401 38,
403 374 490 397 const.
510 370 537 397 2.
560 370 680 397 Invalide
692 370 753 405 quis
778 371 936 405 paciscitur,
954 378 989 398 ne

205 415 258 442 sibi
283 415 431 443 divortium
449 415 539 442 facere
557 423 611 442 non
629 416 707 443 liceat
724 424 730 442 :
745 420 771 443 et
783 423 844 451 qua:
866 423 945 451 paena
959 416 987 443 in

206 461 258 488 hac
272 461 448 496 stipulatione
464 461 611 489 constituta
623 466 674 494 est,
692 462 769 489 irrita
784 466 837 490 est.
857 481 861 485 .

240 505 316 533 CAP.
335 505 367 532 V.
381 521 415 526 —
433 506 470 533 De
484 506 669 541 fornicatione,
692 507 831 540 adulterio,
847 512 937 541 stupro
965 510 990 534 et

205 550 383 577 masculorum
395 551 543 578 concubitu.

432 595 616 630 Apostolorum
628 604 711 623 canon
726 596 770 624 6|.

240 642 284 670 60.
315 641 342 669 Si
362 641 492 668 adversus
510 641 616 669 ﬁdelem
636 641 726 676 aliqua
741 642 880 670 accusatio
892 641 988 670 inten-

204 688 293 722 datur,
317 692 348 715 ut
377 687 576 720 fornicationis,
607 687 647 714 vel
660 687 796 720 adulterii,
813 688 856 715 vel
876 687 992 723 alicujus

204 734 275 761 alius
290 733 432 768 prohibita:
445 732 572 767 actionis,
584 737 611 761 et
623 732 765 762 convictus
779 733 872 766 fuerit,
889 734 923 762 ad
938 734 994 762 cle-

204 787 265 806 rum
276 783 331 805 non
347 775 524 811 provehatur.

344 823 425 859 £22
443 824 552 851 Concilii
567 824 698 860 Ancyrani
711 833 794 852 canon
805 825 850 853 20.

242 869 287 898 20.
308 869 337 896 Si
361 870 477 904 alicujus
495 877 565 897 uxor
581 871 733 898 adulterata
753 870 854 904 fuerit,
872 870 913 898 vel
926 870 989 906 quis

207 921 265 941 eam
282 914 492 947 adulteraverit,
509 919 615 949 oportet
641 923 702 943 eum
726 916 753 943 in
777 920 879 951 septem
909 915 988 943 annis

205 958 278 994 quod
290 958 439 995 perfectum
454 962 494 986 est
506 960 624 994 assequi,
637 967 684 995 per
695 959 796 995 gradus
803 959 850 995 qui
858 967 892 988 eo
902 959 989 988 dedu-

206 1009 283 1032 cunt.

358 1049 472 1076 Concilii
482 1048 706 1078 Neocwsarienais
712 1057 796 1076 canon
810 1048 837 1076 8.

240 1092 266 1120 8.
286 1092 315 1120 Si
333 1093 450 1127 alicujus
470 1100 550 1124 uxor,
571 1097 637 1124 etc.,
654 1097 682 1118 ut
699 1100 760 1127 pag.
781 1092 849 1120 555.

286 1138 398 1166 Concilii
412 1138 564 1165 mcument’ci
580 1145 604 1165 vl
624 1146 735 1164 canones
750 1137 795 1171 86,
809 1137 854 1170 87,
868 1137 912 1165 98.

241 1184 286 1210 8U.
297 1185 349 1211 Eos
359 1184 404 1218 qui
417 1184 450 1211 ad
461 1183 612 1210 animarum
625 1183 728 1217 lapsus,
741 1187 806 1215 etc.,
819 1187 847 1209 ut
863 1183 991 1217 pag.751.

242 1230 286 1256 87.
312 1229 378 1262 Quae
408 1229 536 1256 maritum
552 1228 663 1263 reliquit
684 1232 726 1256 est
745 1227 869 1255 adultera
883 1234 949 1259 αις..
962 1232 994 1254 ut

205 1284 266 1311 pag.
279 1275 341 1303 906.

241 1322 285 1350 98.
320 1321 371 1354 Qui
401 1321 478 1349 alteri
507 1320 670 1356 desponsam
704 1321 935 1354 mulierem,etc.,
960 1327 989 1350 ut

205 1377 266 1404 pag.
285 1367 348 1395 894.

205 1424 302 1452 Basilii
318 1431 429 1451 canones
445 1422 580 1457 7,18,2l,
597 1423 642 1455 22,
652 1423 697 1458 25,
716 1423 762 1455 26,
776 1423 821 1456 50,
831 1422 875 1456 δι,
886 1423 931 1456 57,
946 1422 990 1455 59,

463 1459 509 1490 69,
524 1459 568 1491 58,
583 1459 627 1490 59,
640 1458 685 1492 62,
700 1459 744 1486 77.

1038 278 1165 313 δύναμαι,
1195 278 1244 304 ἐὰν
1257 277 1325 314 λύσῃ
1352 278 1398 305 τὸν
1421 279 1511 314 γάμον
1528 286 1535 294 ·
1553 279 1588 305 τὰ
1599 279 1670 306 αὐτὰ
1684 279 1732 306 καὶ
1762 281 1824 316 περὶ

1039 323 1166 358 γυναικὸς
1179 324 1360 360 ἑπερωτώσης
1380 324 1426 351 τὸν
1445 324 1530 360 ἄνδρα
1543 332 1550 339 ·
1569 325 1617 351 καὶ
1645 324 1715 360 βιϐλ.
1727 329 1751 361 η’
1777 327 1823 353 τοῦ

1039 369 1117 402 κώδ.,
1131 370 1186 397 τὶτ.
1201 371 1258 405 λη’,
1274 370 1343 397 διάτ.
1359 369 1383 404 β’
1395 390 1402 402 ,
1419 371 1460 397 ὅτι
1479 370 1629 405 άνισχύρως
1645 379 1684 402 τις
1696 371 1825 398 πακτεύει

1041 415 1079 451 μὴ
1094 415 1193 447 ἐξεῖναι
1208 415 1283 450 αὐτῷ
1293 415 1372 442 λῦσαι
1393 415 1439 442 τὸν
1458 415 1558 450 γάμον,
1575 416 1621 442 καὶ
1635 415 1689 442 οὐκ
1709 416 1825 452 ἔρρωται

1041 462 1058 497 ἡ
1077 462 1124 488 ἐπὶ
1142 461 1230 496 τούτῳ
1249 462 1453 497 ὲπερωτηθείσα
1470 462 1560 496 ποινή.

1077 507 1209 534 ΚΕΦΑΝ.
1228 507 1258 534 E.
1270 523 1306 527 —
1315 507 1384 541 Περὶ
1404 507 1556 540 πορνείας,
1567 508 1617 535 καὶ
1623 509 1768 543 μοιχείας,
1778 509 1825 536 ual

1041 552 1164 588 φθορᾶς,
1179 553 1228 580 καὶ
1241 552 1474 587 ἁῤῥενοκοιτιας.

1248 598 1436 625 Ἀποστὼῑων
1449 597 1549 624 κανὼν
1563 597 1613 630 ξα¹.

1080 644 1102 675 ς’
1113 643 1147 670 El
1157 651 1200 675 τις
1210 643 1360 679 κατηγορία
1368 643 1480 680 γένηται
1486 644 1556 671 κατὰ
1568 643 1664 671 πιστοῦ
1671 645 1797 679 πορνεὲας
1809 645 1825 681 ἦ

1043 690 1166 725 μοιχείας
1179 689 1196 725 ἢ
1212 689 1295 725 ἄλλης
1309 690 1382 722 τινὸς
1397 691 1625 726 ἀπηγορευμένης
1637 691 1772 726 πράξεως,
1783 692 1826 718 καὶ

1043 734 1196 770 ιλεγχθείη,
1216 735 1256 766 είς
1270 735 1371 771 κλῆρον
1385 735 1423 771 μὴ
1434 735 1606 771 προαγέσθω.

1203 823 1338 851 Zur-6801)
1357 824 1502 858 Ἀγκύρας
1512 824 1614 852 κανὼν
1629 827 1664 851 κ’.

1080 873 1114 898 κ’.
1142 870 1204 897 Ἐάν
1220 878 1293 900 τινος
1305 869 1373 905 γυνὴ
1392 869 1530 905 μοιχευθῇ,
1552 871 1568 906 ἢ
1589 870 1719 906 μοιχεύσῃ
1733 879 1784 903 τις,
1799 871 1827 897 ὲν

1042 914 1113 942 ἑπτὰ
1132 915 1205 942 ἔτεσι
1220 915 1261 941 δεῖ
1274 915 1355 942 αὑτὸν
1376 913 1423 942 τοῦ
1445 914 1548 942 τελείου
1563 917 1664 951 τυχιῖν,
1680 916 1751 943 κατὰ
1765 917 1827 948 τοὺς

1043 959 1165 994 βαθμοὺς
1180 960 1242 991 τοὺς
1257 959 1439 994 προάγοντας.

1157 1049 1293 1077 Συνόδου
1305 1050 1539 1085 Νεοκαισαρείας
1563 1050 1665 1078 κανὼν
1676 1050 1714 1087 η’.

1080 1100 1117 1132 η’.
1128 1096 1199 1132 Γυνή
1213 1105 1284 1129 τινος
1296 1097 1468 1132 μοιχευθεῖσα
1483 1097 1577 1124 λαῖκοῦ
1592 1098 1678 1131 ὄντος,
1690 1106 1716 1126 κ,
1731 1106 1757 1126 τ.
1768 1098 1794 1126 λ.

1044 1141 1178 1169 Συνόδου
1187 1141 1396 1176 οικουμενικῆς
1407 1142 1498 1176 ἕκτης
1511 1143 1610 1170 κανὼν
1618 1146 1683 1176 σις’,
1696 1144 1741 1176 ut,"
1750 1163 1757 1175 ,
1773 1146 1826 1180 L_q'.

1081 1190 1141 1219 πς’.
1154 1187 1223 1218 Τοὺς
1236 1187 1282 1213 ἐπὶ
1298 1186 1391 1222 ψυχῶν
1399 1187 1505 1223 ὀλίσθῳ,
1527 1197 1555 1216 κ.
1570 1197 1596 1215 τ.
1607 1189 1634 1218 λ.

1084 1232 1141 1302 πῇ.
1161 1233 1195 1259 ῚῙ
1221 1232 1267 1259 τὸν
1287 1232 1374 1268 ἄνδρα
1396 1233 1581 1261 καταλιποῦσα
1597 1234 1719 1270 μοιχαλίς
1745 1235 1828 1262 ἔστιν.

1086 1285 1113 1302 τ.
1137 1295 1145 1302 .

1045 1285 1072 1303 κ.
1086 1285 1113 1303 τ.
1121 1285 1145 1304 Λ.

1082 1324 1126 1358 ιιη’
1146 1321 1177 1350 '0
1190 1321 1276 1358 ἑτέρῳ
1292 1321 1507 1358 μνηστευθεῖσαν
1521 1323 1650 1357 γυναῖκα,
1669 1332 1698 1351 κ.
1710 1331 1736 1351 τ.
1750 1323 1777 1350 λ.

1047 1425 1208 1461 Βασίλειον
1231 1425 1332 1461 κανὼν
1356 1424 1395 1457 ζ’.
1407 1429 1460 1461 ιη’,
1479 1425 1539 1458 ια’,
1557 1425 1617 1460 κβ’,
1641 1424 1698 1457 κε’,
1715 1428 1778 1458 κς’,
1790 1425 1830 1458 λ’,

1164 1460 1201 1487 λδ⁷
1211 1481 1219 1493 ,
1232 1460 1271 1492 λζ’
1280 1480 1287 1493 ,
1298 1461 1352 1493 λθ¹,
1367 1460 1411 1496 μθ¹
1424 1460 1436 1492 ,7
1453 1461 1495 1496 νη¹
1509 1481 1517 1494 ,
1533 1461 1572 1488 νϐ’
1581 1480 1589 1493 ,
1605 1461 1658 1496 ξβ’,
1670 1461 1719 1492 οζ’.

243 1506 271 1533 7.
285 1504 466 1533 Masculorum
481 1509 507 1533 et
520 1504 678 1532 animalium
695 1508 879 1540 corruptores,
897 1508 924 1531 et
945 1503 992 1531 lto-

1081 1507 1117 1538 ζ’.
1133 1505 1351 1542 Ἀῥρενοςρθόροι,
1367 1495 1416 1534 καὶ
1430 1506 1588 1540 ζωοφθόροι,
1604 1495 1651 1533 καὶ
1667 1507 1767 1540 φονεῖς,
1784 1506 1832 1533 καὶ

208 1549 324 1581 micidze,
339 1554 365 1576 et
380 1549 503 1582 venetlci,
530 1553 557 1576 et
570 1549 696 1582 adulteri,
713 1553 741 1576 et
760 1549 921 1581 idololatrte,
945 1556 990 1575 ea-

208 1596 268 1622 dem
280 1595 506 1622 condemnatione
516 1595 590 1630 digni
607 1595 751 1622 habentur.
765 1593 855 1627 Quare
868 1601 950 1629 quam
964 1594 990 1620 in

210 1641 270 1668 aliis
284 1641 367 1668 habes
384 1640 511 1673 formam,
530 1640 557 1667 in
573 1640 606 1667 iis
623 1648 733 1675 quoque
752 1647 841 1667 serva.
862 1640 882 1666 li
900 1645 990 1666 autem

208 1687 255 1721 qui
290 1686 399 1719 triginta
422 1694 509 1713 annos
537 1686 724 1721 pmnitentiam
746 1690 856 1721 egerunt
883 1690 994 1720 propter

208 1733 421 1764 immunditiam,
436 1739 518 1767 quam
544 1733 571 1759 in
594 1732 747 1768 ignorantia
771 1731 903 1764 fecerunt,
926 1731 992 1766 quin

209 1778 358 1813 recipiendi
382 1779 447 1811 sint,
467 1785 500 1805 ne
522 1777 647 1805 dubitare
668 1778 777 1812 quidem
799 1785 850 1806 nos
875 1781 991 1812 oportet.

208 1824 276 1852 Nam
295 1831 343 1851 eos
356 1825 436 1851 venia
458 1824 554 1858 dignos
569 1824 649 1851 efﬁcit
662 1829 689 1851 et
704 1824 848 1859 ignoratio,
863 1829 890 1852 et
909 1831 993 1858 spon-

209 1876 289 1897 Ianca
307 1869 455 1902 confessio,
471 1874 498 1896 et
510 1871 641 1904 temporis
651 1876 723 1897 tanta
738 1869 912 1897 diuturnitas.
925 1869 994 1896 Fere

208 1914 282 1940 enim
303 1918 387 1940 totam
415 1913 535 1941 hominis
555 1919 661 1941 aetatem
687 1914 794 1942 Satanae
809 1914 898 1942 traditi
916 1919 992 1945 stitit,

210 1964 239 1985 ut
256 1958 363 1985 discant
378 1966 431 1986 non
442 1966 536 1994 gerere
550 1966 580 1986 se
592 1960 718 1993 turpiter.
735 1959 917 1992 Quamobrem
928 1959 994 1993 jube

209 2014 256 2033 eos
273 2005 376 2040 absque
396 2005 526 2032 dilatione
542 2006 654 2040 suscipi,
678 2006 796 2033 maxime
818 2005 841 2032 si
860 2005 994 2040 lacrymas

209 2051 321 2084 habent,
335 2058 396 2085 quae
419 2055 493 2078 tuam
516 2052 687 2078 clementiam
710 2051 832 2084 ﬂectant,
856 2055 883 2078 et
910 2051 993 2077 vitam

208 2096 358 2124 ostendunt
369 2096 608 2124 commiseratiOne
621 2096 741 2132 dignam.

244 2188 325 2225 423
340 2188 384 2216 18.
402 2188 439 2215 De
452 2188 604 2223 virginibus
617 2187 710 2222 lapsis,
726 2191 791 2218 etc.,
807 2191 836 2213 ut
854 2194 915 2221 pag.
931 2185 994 2212 858.

245 2236 290 2262 2|.
314 2235 341 2261 Si
354 2235 395 2261 vir
413 2242 468 2262 una
491 2242 554 2262 cum
569 2241 654 2261 uxore
675 2233 813 2265 habitans,
830 2237 923 2267 postea
939 2239 996 2258 ma-

210 2281 342 2308 trimonio
364 2288 417 2307 non
439 2284 596 2312 contentus,
617 2281 643 2307 in
667 2279 874 2306 fornicationem
893 2277 996 2304 incide-

210 2327 263 2357 rit;
284 2326 476 2354 fornicatorem
503 2334 565 2353 eum
587 2325 754 2360 judicamus,
779 2325 923 2359 ipsumque
938 2323 997 2349 lon-

212 2370 273 2406 gius
298 2370 477 2405 producimus
499 2370 526 2396 in
549 2369 684 2404 impositis
705 2369 814 2404 poenis:
840 2368 887 2395 sed
905 2371 995 2393 tamen

211 2423 342 2443 canonem
365 2423 419 2442 non
446 2415 591 2447 habemus,
604 2415 651 2449 qui
665 2422 728 2442 eum
749 2412 875 2440 adulterii
889 2411 997 2439 crimini

210 2461 351 2495 subjiciat,
378 2461 400 2487 si
423 2461 449 2488 in
475 2461 591 2488 solutam
615 2468 632 2487 a
656 2459 832 2486 matrimonio
855 2462 997 2493 peccatum

212 2507 388 2533 commissum
413 2506 466 2533 sit:
483 2510 624 2540 propterea
638 2505 712 2540 quod
733 2504 855 2531 adultera
875 2502 996 2538 quidem,

210 2552 314 2587 inquit,
337 2551 447 2579 Polluta
471 2551 605 2587 polluetur
621 2555 649 2578 et
676 2550 710 2577 ad
726 2551 814 2578 virum
833 2557 914 2577 suum
943 2555 998 2575 non

211 2602 361 2625 revertetur
377 2598 420 2631 ";
435 2602 472 2630 et,
492 2598 543 2631 Qui
558 2598 706 2624 adulteram
721 2596 830 2626 detinet,
844 2595 942 2622 stultus
956 2598 995 2621 est

209 2650 234 2670 et
250 2644 346 2676 impius
363 2643 386 2658 "
401 2652 408 2670 :
429 2643 474 2670 sed
490 2643 536 2678 qui
559 2642 710 2669 fornicatus
725 2646 777 2674 est,
795 2648 849 2667 non
865 2639 996 2668 exclude-

211 2695 255 2718 tur
274 2690 422 2725 quominus
437 2697 499 2717 cum
516 2697 602 2716 uxore
617 2689 730 2715 habitet.
743 2688 834 2720 Quare
851 2694 920 2714 uxor
936 2687 998 2721 qui-

211 2738 274 2766 dem
290 2745 305 2765 a
323 2737 505 2765 fornicatione
522 2741 700 2764 revertentem
724 2737 812 2763 virum
826 2743 906 2762 suum
922 2735 998 2761 exci—

212 2784 283 2818 piet:
301 2784 343 2811 vir
357 2791 422 2811 vero
433 2783 563 2818 pollutam
579 2791 594 2809 e
611 2783 670 2809 suis
679 2782 784 2809 aedibus
796 2782 895 2816 ejiciet.
908 2780 997 2815 Atque

245 2859 268 2875 “
282 2858 382 2887 Jerem.
401 2868 440 2893 nt,
460 2861 484 2887 l.
532 2861 555 2876 ”
570 2859 696 2886 Prm‘orb.
716 2867 791 2891 xvut,
807 2858 851 2885 ‘22.

1046 1552 1199 1586 φαρμακοὶ,
1214 1551 1262 1578 καὶ
1282 1552 1382 1586 μοιχοὶ,
1400 1552 1447 1578 καὶ
1468 1551 1671 1586 εἰδωλολάτραι,
1682 1552 1731 1586 τῆς
1747 1552 1833 1585 αὐτῆς

1045 1596 1195 1631 καταδίκης
1212 1597 1281 1622 εἰσιν
1291 1597 1436 1632 ἠξιωμένοι
1448 1605 1456 1613 ⁸
1474 1596 1544 1624 ὥστε
1574 1597 1603 1623 ὃν
1618 1597 1691 1632 ἔχεις
1706 1597 1752 1623 ἐπὶ
1777 1597 1833 1622 τῶν

1045 1642 1133 1670 ἄλλων
1143 1642 1239 1675 τύπον,
1253 1643 1301 1669 καὶ
1314 1643 1361 1669 ἐπὶ
1371 1643 1474 1670 τούτων
1499 1643 1618 1677 φύλαξον
1633 1651 1641 1660 ν
1659 1644 1722 1675 τοὺς
1747 1643 1776 1670 δὲ
1803 1645 1834 1669 ἐν

1047 1689 1193 1724 τριάκοντα
1217 1688 1289 1715 ἔτεσι
1304 1690 1523 1724 μετανοήσαντας
1538 1690 1584 1716 ἐπὶ
1611 1690 1645 1725 τῇ
1673 1689 1832 1724 ἀκαθαρσίᾳ

1047 1735 1080 1768 ἢν
1093 1735 1121 1761 ὲν
1135 1734 1231 1769 ἀγνοίᾳ
1244 1733 1375 1769 ἔπραξαν,
1386 1735 1440 1761 οὐδ’
1453 1734 1634 1770 ἁμφιὸάλλειν
1658 1733 1731 1768 ἡμᾶς
1748 1741 1835 1767 προσ-

1047 1779 1114 1814 ῆκεν
1127 1780 1166 1810 είς
1179 1779 1210 1805 τὸ
1227 1779 1431 1814 παραδέξασθαι
1443 1790 1450 1797 -
1461 1780 1479 1815 ἠ
1489 1788 1519 1806 τε
1535 1780 1590 1814 γὰρ
1601 1779 1695 1813 ἄγνοια
1711 1777 1835 1812 συγγνώ-

1050 1833 1104 1860 μης
1120 1824 1218 1856 αὐτοὺς
1247 1824 1339 1857 ἀξίους
1357 1825 1439 1856 ποιεῖ,
1462 1824 1553 1851 καὶτὸ
1568 1824 1691 1851 ἑκούσιον
1715 1823 1763 1858 τῆς
1786 1822 1833 1854 ἐξ-

1049 1870 1232 1906 αγορεύσεως,
1262 1871 1309 1897 καὶ
1321 1872 1337 1905 ἡ
1363 1870 1516 1906 παράτασις
1532 1871 1547 1904 ἠ
1563 1872 1591 1896 ἑν
1612 1869 1732 1905 τοσούτῳ
1743 1870 1834 1905 χρόνῳ

1046 1916 1178 1951 γενομένη
1191 1924 1200 1933 ·
1224 1916 1317 1951 σχεδὸν
1331 1916 1385 1952 γὰρ
1415 1916 1478 1951 ὅλην
1493 1916 1589 1950 γενεὰν
1601 1915 1743 1951 ἀνθρώπου
1761 1924 1833 1950 παρ-

1047 1961 1176 1996 εδόθησαν
1204 1961 1243 1996 τῷ
1270 1961 1387 1997 Σατανᾷ,
1414 1961 1458 1988 ἵνα
1487 1961 1652 1988 παιδευθῶσι
1682 1961 1720 1996 μὴ
1746 1961 1833 1995 ἀσχη-

1049 2008 1139 2042 μονεῖν
1153 2014 1161 2022 ·
1197 2006 1268 2033 ὥστε
1293 2007 1420 2034 κέλευσον
1445 2007 1543 2038 αὐτοὺς
1566 2007 1618 2042 ήδη
1640 2005 1834 2042 ἀνυπερθὲτως

1047 2052 1186 2087 δεχθῆναι,
1221 2052 1336 2088 μάλιστα
1359 2053 1384 2079 ει
1412 2052 1459 2078 καὶ
1492 2052 1598 2087 δάκρυα
1628 2052 1719 2086 ἔχουσι
1745 2051 1835 2077 δυσωο

1050 2097 1153 2124 ποῠντά
1166 2105 1212 2123 σου
1227 2096 1277 2131 τὴν
1290 2096 1501 2132 εὐσπλαγχνίαν,
1525 2097 1573 2124 καὶ
1589 2096 1646 2132 βίον
1661 2095 1835 2123 ἐπιδείκνυν-

1011 2152 1034 2180 D
1047 2151 1092 2169 ται
1107 2143 1182 2176 ἄξιον
1195 2141 1376 2177 συμπαθείας.

1086 2191 1130 2223 ιη’.
1150 2189 1217 2223 Περὶ
1232 2187 1286 2214 τῶν
1297 2188 1470 2214 ἐκπεσουσῶν
1481 2187 1631 2223 παρθένων,
1648 2195 1676 2214 κ.
1689 2195 1715 2214 τ.
1734 2187 1761 2214 λ.

1079 2236 1132 2261 κα¹.
1141 2233 1172 2259 Εἰ
1182 2232 1251 2268 ἀνὴρ
1260 2232 1368 2266 γυναικὶ
1377 2232 1519 2265 συνοικῶν,
1527 2232 1635 2258 ἐπειδὰν
1646 2231 1683 2266 μὴ
1691 2230 1837 2266 ἀρκεσθεὶς

1046 2278 1085 2313 τῷ
1100 2278 1182 2312 γάμῳ
1199 2278 1239 2309 εις
1250 2277 1378 2313 πορνείαν
1397 2277 1515 2313 ἐμπέσῃ,
1533 2278 1630 2312 πόρνον
1643 2277 1772 2312 κρίνομεν
1786 2276 1836 2302 τὸν

1047 2322 1168 2349 τοιοῦτον
1186 2330 1193 2338 ο
1219 2324 1267 2348 καὶ
1283 2321 1374 2348 πλεῖον
1398 2322 1479 2348 αὑτὸν
1506 2321 1707 2357 παρατείνομεν
1729 2322 1758 2347 ὲν
1777 2322 1838 2352 τοῖς

1047 2369 1195 2402 ἐπιτιμίοις
1234 2368 1285 2394 ὀὐ
1326 2368 1416 2403 μέντοι
1452 2367 1549 2402 ἔχομεν
1584 2368 1684 2394 κανόνα
1715 2366 1755 2402 τῷ
1784 2366 1838 2400 τῆς

1050 2414 1174 2448 μοιχείας
1209 2413 1290 2440 αὐτὸν
1323 2414 1475 2447 ὑπαγαγεῖν
1510 2413 1684 2448 ἐγκλήματι,
1716 2414 1763 2439 ἐὰν
1795 2413 1840 2443 εἰς

1048 2459 1193 2494 ἐλευθέραν
1205 2459 1295 2493 γάμου
1309 2460 1325 2494 ὴ
1344 2459 1466 2494 ἁμαρτία
1480 2460 1592 2494 γένηται
1609 2468 1614 2473 ·
1630 2459 1840 2493 ῶότιὴμοιχαο

1048 2505 1099 2538 λίς
1106 2504 1356 2540 μέ-νμιαινομένη,
1377 2506 1443 2540 φησὶ
1457 2505 1641 2537 ιανθήσεται,
1652 2504 1700 2531 καὶ
1707 2505 1757 2531 οὐκ
1770 2505 1842 2530 ἁνα-

1024 2581 1027 2584 ν
1050 2551 1159 2586 στρέψει
1187 2551 1254 2586 πρὸς
1278 2552 1323 2577 τὸν
1353 2550 1438 2586 ἄνδρα
1464 2551 1562 2585 αὐτῆς,
1590 2551 1637 2578 καὶ
1652 2550 1684 2577 ’0
1701 2550 1842 2583 κατέχων

1046 2596 1208 2633 μοιχαλίδα
1218 2597 1321 2631 ἀέρων
1332 2596 1382 2623 καὶ
1395 2596 1523 2630 ἀσεϐής·
1539 2598 1553 2623 ὁ
1568 2597 1658 2632 μέντοι
1676 2597 1842 2631 πορνεύσας,

1052 2643 1102 2669 οὐκ
1126 2642 1370 2677 ἀποκλεισθήσεται
1390 2643 1439 2677 τῆς
1453 2642 1520 2676 πρὸς
1531 2642 1580 2677 τὴν
1607 2643 1725 2676 γυναῖκα
1755 2641 1844 2667 αὑτοῦ

1054 2689 1341 2724 συνοικήσεως-ὣστε
1359 2689 1376 2723 ὴ
1403 2679 1532 2723 μὲνῄγυνὴ
1561 2688 1614 2714 ἀπὸ
1642 2687 1769 2722 πορνείας
1795 2687 1847 2712 E1:-

1052 2734 1160 2761 ανιόντα
1175 2733 1220 2760 τὸν
1235 2732 1319 2768 ἄνδρα
1331 2732 1416 2768 αὐτῆς
1429 2731 1622 2768 παραδέξεται,
1635 2732 1649 2758 ὁ
1661 2732 1690 2757 δὲ
1705 2731 1773 2767 ἀνὴρ
1788 2731 1844 2766 τὴν

1053 2778 1228 2814 μιανθεῖσαν,
1255 2778 1309 2804 τῶν
1333 2778 1415 2813 οἴκων
1441 2777 1539 2804 ἑαυτοῦ
1574 2775 1732 2812 ἀποπέμψει
1747 2783 1755 2791 ·
1790 2776 1844 2802 καὶ
