1959 3060
166 128 218 162 913

571 134 770 166 SYNTAGMA
789 135 981 167 CANONUM.
995 147 1029 153 -
1044 136 1118 166 ΤΙΤ.
1138 135 1223 173 XIII,
1236 136 1315 167 CAP.
1331 137 1364 167 V.

1732 134 1786 168 914

165 187 270 214 τούτων
295 185 323 213 δὲ
348 187 363 214 ὀ
377 186 456 222 λόγος
471 188 501 215 οὒ
534 188 637 225 ῥᾴδιος,
656 192 674 225 ἡ
688 190 718 218 δὲ
739 191 867 227 συνήθεια
883 191 953 218 οὕτω

1012 198 1102 218 morum
1115 191 1225 225 quidem
1242 191 1314 218 ratio
1327 197 1382 218 non
1395 189 1494 223 facilis,
1507 189 1554 218 sed
1567 191 1734 219 consuetudo
1746 193 1787 220 sic

165 235 339 268 κεκράτηκεν

199 278 252 313 κβ’.
262 278 366 311 Τοὺςὲξ
375 279 501 316 ἁρπαγῆς
508 281 765 317 έχονταςγυναίκας,
772 282 796 309 εἰ
804 282 853 317 μὲν
864 282 954 313 ἄλλοις

164 327 464 362 προμεμνηστευμένας
485 325 541 354 εἷεν
563 329 747 365 ἀφῃρημένοι,
769 329 799 355 οὺ
823 329 953 365 πρότερον

164 370 218 405 χρὴ
235 371 446 406 παραδέχεσθαι,
465 374 558 410 πρὶνῆ
584 375 732 409 ἀφελέσθαι
746 374 832 406 αὑτὰς
852 374 952 405 αὐτῶν.

165 415 213 442 καὶ¹
239 416 282 442 ἐπ’
309 416 420 452 ἐξουσίᾳ
448 418 502 444 τῶν
526 418 557 451 ἐξ
583 419 672 455 ἀρχῆς
706 419 954 455 μνηστευσαμένων

165 463 288 497 ποιῆσαι,
304 463 361 490 εἴτε
375 464 515 499 βούλοιντο
526 466 618 493 λαϐεῖν
628 467 724 500 αὐτὰς,
749 468 805 495 εττε
832 469 954 504 ἀποστῆ-

164 516 210 534 ναι
225 515 233 523 ·
251 509 275 534 εί
289 508 318 535 δὲ
335 510 519 544 σχολάζουσάν
529 520 571 544 τις
593 512 682 545 λάῦοι,
710 514 888 549 ἀφαιρεῖσθαι
906 514 955 549 μὲν

163 553 204 580 δεῖ
228 555 276 580 καὶ
303 556 359 586 τοῖς
374 556 485 588 οἰκείοις
505 557 694 594 ἀποκαθιστᾷν
709 567 716 574 ·
735 560 895 595 ἐπιτρέπειν
926 560 955 586 δὲ

163 600 197 634 τῇ
213 598 311 634 γνώμῃ
328 600 383 628 τῶν
396 601 517 635 οίκείων,
536 603 591 629 εἴτε
611 605 702 638 γονεῖς
725 603 791 637 εἶεν,
809 605 865 632 εἴτε
879 605 956 632 ἀδελ-

165 644 222 678 φοὶ,
249 644 305 678 εῐτε
330 646 478 674 οῐτινεσοῦν
520 649 693 683 προεστῶτες
712 649 762 685 τῆς
780 651 865 686 κόρης
879 657 888 665 ⁸
904 650 956 677 κᾶν

166 690 216 725 μὲν
229 690 344 718 ἕλωνται
374 692 448 728 αὐτῷ
466 695 645 729 παραδοῦναι,
660 696 787 723 ῐστασθαι
812 697 844 723 τὸ
870 705 956 724 συνοι-

165 737 256 765 κέσιον
276 746 284 753 ·
308 738 357 766 ἐὰν
370 739 398 766 δὲ
414 740 577 775 ἀνανεύωσι,
597 743 634 778 μὴ
646 742 790 778 βιάζεσθαι
805 751 813 760 ⁸
832 744 878 770 τδν
892 744 956 779 μέν-

163 791 205 810 τοι
239 785 272 811 ἐκ
302 784 436 821 διαφορᾶς
464 787 519 813 εἴτε
544 787 677 823 λαθραίας
711 789 767 816 εἴτε
802 789 955 825 βιαιοτέρας

164 829 284 862 γυναῖκα.
297 829 407 865 ἔχοντα,
420 831 528 867 ἀνάγκη
543 833 573 859 τὸ
598 833 649 868 τῆς
661 834 790 869 πορνείας
804 835 955 869 ἐπιγνῶναι

163 874 321 910 ἐπιτίμιον·
354 876 412 903 ἔστι
437 877 465 904 δὲ
497 879 527 905 ἐν
551 878 698 914 τέσσαρσιν
732 880 872 916 ὡρισμένη
896 883 954 914 τοῖς

164 921 344 956 πορνεύουσιν
358 923 375 958 ἡ
391 923 551 959 ἐπιτίμησις
564 933 571 940 ·
593 925 646 961 χρὴ
660 925 699 961 τῷ
726 926 828 962 πρώτῳ
851 927 950 955 ἐκϐάλ-

162 965 256 993 λεσθαι
267 966 323 994 τῶν
339 969 509 1004 προσευχῶν,
529 970 576 996 καὶ
591 971 758 1005 προσκλαίεν
787 973 885 1005 αὐτοὺς
917 975 951 1009 τῇ

163 1011 235 1048 θύρᾳ
258 1013 308 1047 τῆς
331 1013 502 1049 ἐκκλησίας·
535 1015 575 1051 τῷ
607 1016 725 1052 δευτέρῳ
751 1017 880 1053 δεχθῆναι
912 1020 952 1051 εἰς

162 1057 302 1094 ἀκρόασιν
315 1067 323 1074 ⁸
335 1059 374 1095 τῷ
390 1060 476 1096 τρίτῳ
491 1061 532 1093 εις
544 1062 688 1096 μετάνοιαν
704 1070 711 1077 ·
725 1063 765 1098 τῷ
773 1064 895 1100 τετάρτῳ
912 1065 953 1097 εἰς

163 1103 294 1130 σύστασιν
306 1105 376 1139 μετὰ
395 1105 441 1132 τοῦ
457 1106 534 1139 λαοῦ,
549 1108 737 1142 ἀπεχομένους
757 1109 808 1144 τῆς
832 1118 952 1145 προσφο-

162 1149 224 1183 ρᾶς,
255 1147 315 1184 εἶτα
338 1150 437 1183 αὐτοὺς
460 1151 659 1187 ἐπιτρέπεσθαι
673 1152 723 1189 τὴν
735 1154 879 1182 κοινωνίαν
903 1154 952 1182 τοῦ

160 1193 276 1227 ἀγαθοῦ.

197 1244 247 1268 κε’.
271 1241 301 1268 '0
320 1242 371 1277 τὴν
381 1241 583 1281 διεφθαρμένην
593 1238 750 1280 ὑφ’έαυτοῦ
770 1246 811 1279 εῑς
834 1247 952 1281 γυναῖκα

160 1286 293 1321 κατέχων,
302 1287 333 1314 τδ
344 1287 393 1323 μὲν
405 1289 453 1316 ἐπὶ
462 1291 495 1325 τῇ
505 1290 593 1326 φθορᾷ
605 1291 744 1327 ἐπιτίμιον
756 1292 950 1328 ὑποστήσεται,

159 1335 210 1370 τὴν
225 1335 253 1362 δὲ
267 1337 384 1369 γυναῖκα
396 1336 469 1372 ἔχειν
483 1339 738 1375 συγχωρηθήσεται.

196 1381 256 1412 σις’.
277 1381 311 1408 Ἦ
322 1382 436 1418 πορνεία
447 1383 536 1418 γάμος
549 1385 599 1411 οὐκ
611 1385 696 1417 ἔστιν,
711 1385 769 1413 ἀλλ’
782 1386 842 1413 οὐδὲ
859 1387 951 1423 γάμου

161 1425 232 1460 ἀρχή
250 1432 257 1439 ·
286 1425 357 1453 ὥστε
380 1428 428 1454 ὲὰν
493 1428 607 1455 δυνατὸν
639 1431 704 1462 τοὺς
727 1431 798 1458 κατὰ
821 1433 950 1468 πορνείαν

161 1472 382 1508 συναπτομένους
407 1475 586 1510 χωρίζεσθαι,
605 1476 685 1503 τοῦτο
712 1478 860 1513 κράτιστον
874 1487 882 1496 ⁸
902 1479 950 1506 ἐὰν

159 1518 188 1545 δὲ
202 1520 355 1554 στέργωσιν
379 1521 412 1548 ἐκ
429 1522 531 1554 παντὸς
547 1524 650 1558 τρόπου
665 1524 696 1551 τὺ
715 1526 892 1559 συνοικέσιον,
919 1527 950 1553 τὺ
964 1532 986 1561 c

162 1563 212 1597 μὲν
238 1565 288 1600 τῆς
317 1567 446 1602 πορνείας
474 1569 612 1604 ἐπιτίμιον
641 1571 865 1607 γνωριζέτωσαν,
883 1572 949 1608 ἀφι-

160 1609 283 1638 έσθωσαν
300 1611 329 1638 δὲ
341 1611 384 1639 ἵνα
399 1612 437 1649 μὴ
450 1613 541 1649 χεῖρόν
557 1623 585 1641 τι
595 1615 719 1651 γένηται.

195 1702 231 1731 λ’.
246 1703 282 1730 [Ie
288 1703 314 1739 ρὶ
328 1704 383 1730 τῶν
399 1705 588 1740 ἁρπαζόντων,
602 1707 701 1734 κανόνα
717 1708 767 1743 μὲν
775 1709 888 1737 παλαιὸν
900 1710 951 1738 οὒκ

160 1748 269 1783 ἔχομεν,
288 1749 356 1776 ἰδίαν
365 1749 393 1777 δὲ
406 1751 519 1787 γνώμην
536 1752 738 1788 ἐποιησάμεθα,
751 1754 814 1789 τρία
825 1754 874 1790 ἔτη
902 1756 950 1783 καλ⁸

160 1795 261 1827 αὐτοὺς
277 1797 324 1823 καὶ
340 1797 405 1829 τοὺς
429 1797 655 1832 συναρπάζοντας
678 1799 782 1833 αὐτοῖς,
811 1800 864 1834 ἔξω
895 1803 951 1830 τῶν

161 1840 249 1875 εὐχῶν
281 1841 407 1876 γίνεσθαι
427 1851 435 1859 ν
474 1843 504 1869 τὺ
532 1843 560 1870 δὲ
597 1844 634 1880 μὴ
666 1844 760 1879 βιαίως
791 1847 949 1882 γενόμενον,

160 1885 306 1914 ἀνεύθυνόν
333 1888 408 1914 ἐστιν
438 1888 504 1915 ὅταν
531 1889 569 1924 μὴ
590 1889 678 1924 φθορὰ
706 1889 735 1926 ᾗ,
766 1892 834 1927 μηδὲ
861 1893 949 1930 κλοπὴ

159 1932 300 1967 ἡγουμένη
327 1932 374 1959 τοῦ
400 1934 564 1969 πράγματος
581 1942 588 1950 ”
613 1936 777 1968 αὑτεξουσία
803 1937 831 1964 δὲ
846 1939 863 1974 ἡ
878 1940 949 1974 χήρα

159 1979 207 2005 καὶ
220 1979 265 2006 ἐπ’
280 1980 350 2016 αὐτῇ
366 1982 397 2007 τὸ
419 1981 622 2017 ἀκολουθῆσαι·
636 1982 708 2009 ὥστε
728 1984 784 2010 τῶν
800 1986 949 2020 σχημάτων

161 2023 224 2058 ἡμῖν
240 2024 270 2051 οὗ
287 2025 470 2060 φροντιστέον.

193 2114 242 2142 λδι.
259 2115 315 2148 Τὰς
332 2116 518 2152 μοιχευθείσας
531 2119 577 2145 καὶ
587 2118 818 2154 έξαγορευούσας,
835 2130 862 2149 κ,
878 2130 904 2149 τ.
923 2122 948 2149 λ.

193 2160 244 2192 λζ’.
253 2162 331 2190 Μετὰ
345 2163 374 2189 τὸ
388 2163 568 2200 ἀφαιρεθῆναι
578 2164 627 2201 τὴν
637 2166 779 2201 ἀλλοτρίαν
789 2168 803 2193 ό
813 2168 950 2203 γαμήσας,

159 2207 206 2233 ἐπὶ
224 2207 275 2242 μὲν
288 2209 322 2243 τῇ
336 2208 433 2245 πρώτῃ
450 2210 567 2245 μοιχείᾳ,
594 2211 795 2247 ὲγκληθήσεται
807 2222 814 2228 υ
845 2214 893 2240 ἐπὶ
920 2214 949 2241 δὲ

163 2254 192 2287 τῇ
209 2253 335 2289 δευτέρᾳ..
350 2254 497 2287 ἀνεύθυνος
513 2255 601 2284 ἔσται.

194 2297 244 2326 λθ’.
265 2299 300 2326 Ἠ
310 2299 349 2336 τῷ
361 2300 447 2336 μοιχῷ
461 2301 582 2335 συζῶσα,
599 2302 722 2338 μοιχαλίς
735 2304 792 2331 ἐστι
806 2305 894 2332 πάντα
908 2304 954 2332 τὸν

160 2343 267 2378 χρόνον.

196 2389 251 2425 μθ’.
267 2391 300 2417 At
317 2391 386 2426 πρὸς
400 2392 524 2428 ἀνάγκην
532 2394 676 2429 γενόμεναι
687 2394 797 2429 φθοραὶ,
812 2395 953 2422 ἁνεύθυνοι

160 2435 283 2464 εστωσαν
301 2446 308 2453 ’
335 2438 407 2465 ὥστε
422 2440 471 2466 καὶ
490 2441 506 2476 η
533 2441 614 2475 δούλη
630 2442 654 2467 εἰ
678 2441 794 2476 ὲὸιάσθη
806 2441 882 2476 παρὰ
906 2441 952 2467 τοῦ

160 2483 261 2509 οἰκείου
276 2483 418 2517 δεσπότου,
432 2486 579 2518 ἀνεύθυνός
594 2487 678 2513 ἐστιν.

192 2530 243 2563 νη’.
265 2528 294 2555 '0
306 2529 463 2564 μοιχεύσας,
475 2531 504 2557 ὲν
518 2531 584 2557 δέκα
592 2531 640 2558 καὶ
653 2531 732 2558 πέντε
742 2531 829 2558 ἔτεσιν
841 2532 955 2560 ἀκοινώ-

161 2580 239 2607 νητος
255 2572 331 2599 ἔσται
348 2574 403 2601 τῶν
415 2575 604 2609 άγιασμάτων,
615 2575 644 2602 ὲν
659 2576 791 2611 τέσσαρσι
806 2577 856 2612 μὲν
871 2585 952 2612 προσ-

160 2619 264 2646 κλαίων
281 2619 381 2653 ἐτεσιν,
397 2622 426 2647 ὲν
441 2622 522 2648 πέντε
537 2621 565 2647 δὲ
593 2622 780 2657 ἀκροώμενος,
796 2623 825 2648 ὲν
835 2622 953 2658 τέσσαρ-

160 2673 204 2692 σιν
221 2666 395 2698 ὑποπίπτων,
410 2668 438 2694 ὲν
463 2667 523 2694 δυσὶ
547 2667 693 2699 συνεστὼς,
709 2668 773 2694 ἄνευ
798 2667 952 2699 κοινωνίας.

193 2711 243 2740 νθ⁴.
252 2712 280 2739 ’0
292 2713 391 2748 πόρνος
399 2714 428 2740 ὲν
445 2713 514 2740 ἑπτὰ
526 2713 614 2740 ἐτεσιν
624 2713 803 2749 ἀκοινώνητος
815 2713 890 2741 ἔσται
900 2714 955 2740 τῶν

161 2757 353 2793 ἀγιασμάτων,
369 2759 416 2786 δύο
433 2760 617 2796 προσκλαίων,
635 2761 682 2786 καὶ
697 2760 745 2787 δύο
766 2760 953 2796 ἀκροώμενος,

161 2804 210 2830 καὶ
234 2804 282 2831 δύο
307 2805 481 2838 ὑποπίπτων,
499 2805 546 2832 καὶ
569 2805 610 2831 ἐνὶ
630 2805 766 2839 συνεστώς
784 2814 790 2821 “
812 2807 891 2841 μόνον
916 2806 954 2842 τῷ

161 2849 248 2885 ὀγδόῳ
259 2851 419 2886 δεχθήσεται
430 2852 471 2884 εἰς
481 2851 634 2880 κοινωνίαν.

1003 234 1128 262 invaluit.

1037 277 1082 305 ‘22.
1103 277 1155 311 Qui
1170 286 1203 306 ex
1219 283 1297 314 raptu
1313 279 1442 307 mulieres
1455 279 1566 313 habent,
1579 280 1712 314 siquidem
1727 281 1788 309 aliis

1002 323 1057 358 jam
1081 322 1232 358 desponsas
1257 324 1438 359 abripuerint,
1459 329 1523 353 ante
1545 325 1706 353 admittendi
1733 334 1788 354 non

1003 371 1078 400 sunt,
1095 375 1177 402 quam
1197 368 1232 395 ab
1246 368 1286 396 eis
1301 369 1398 396 ablatae
1413 369 1469 396 sint
1488 374 1515 397 et
1529 377 1625 397 eorum
1639 370 1740 404 quibus
1754 371 1789 398 ab

1004 412 1083 440 initio
1098 413 1238 448 desponsae
1253 418 1341 446 erant,
1360 414 1488 450 potestati
1500 415 1623 448 redditae,
1639 422 1730 443 utrum
1743 423 1791 443 eas

1005 458 1089 485 velint
1102 459 1226 493 accipere
1251 466 1286 486 au
1300 459 1443 487 desistere.
1465 460 1494 487 Si
1508 462 1568 495 quis
1583 465 1674 488 autem
1690 469 1791 488 vacan—

1006 507 1058 530 tem
1084 505 1229 540 acceperit,
1256 505 1365 533 auferre
1387 506 1498 540 quidem
1537 510 1656 541 oportet,
1677 508 1792 542 suisque

1006 549 1158 582 restituere,
1186 555 1213 577 et
1237 550 1360 585 ipsorum
1383 551 1516 579 voluntati
1535 552 1704 586 permittere,
1735 553 1792 579 sive

1006 594 1061 621 sint
1078 599 1213 629 parentes,
1235 596 1292 623 sive
1313 595 1422 629 fratres,
1447 597 1504 624 sive
1527 597 1617 631 quivis
1631 597 1676 624 alii
1697 598 1793 632 puella:

1006 640 1209 668 moderatores:
1224 649 1256 668 ac
1273 641 1297 669 si
1313 642 1338 669 ei
1354 642 1462 677 quidem
1477 642 1584 670 tradere
1598 643 1690 674 velint,
1712 650 1792 677 opor‘

1006 690 1044 712 tet
1071 686 1273 714 InatrimOnium
1295 687 1459 715 constituere
1483 697 1489 714 :
1516 688 1558 715 sin
1577 692 1668 715 autent
1695 696 1793 715 renue-

1005 731 1070 764 rint,
1094 739 1266 766 nequaquam
1283 733 1338 759 vim
1362 732 1472 760 inferre.
1491 732 1558 760 Eum
1583 738 1674 760 autem
1692 733 1738 766 qui
1760 741 1793 759 ex

1005 782 1113 812 stupro,
1135 778 1193 806 sive
1215 778 1312 806 latenti
1326 778 1384 806 sive
1405 779 1535 811 violento,
1561 786 1675 806 uxorem
1701 778 1793 808 habet.

1006 822 1117 851 necesse
1142 828 1183 851 est
1209 823 1398 853 fornicationis
1424 832 1532 859 poenam
1559 831 1720 859 agnoscere.
1745 822 1793 850 Est

1007 874 1097 897 autem
1127 870 1153 896 in
1176 875 1295 905 quatuor
1324 871 1404 898 annis
1432 870 1564 905 praeﬁnita
1593 868 1793 898 fornicantibus

1007 922 1097 949 prima.
1112 913 1224 949 Oportet
1246 922 1295 943 eos
1310 922 1384 944 anno
1399 915 1487 950 primo
1505 923 1522 944 a
1534 915 1661 950 precibus
1681 913 1791 948 expelli,

1007 965 1034 986 cl
1048 959 1113 987 flere
1127 959 1162 987 ad
1179 959 1254 987 fores
1269 960 1393 988 ecclesiae
1408 969 1415 987 :
1429 960 1550 990 secundo
1568 961 1601 988 ad
1624 959 1793 988 auditionem

1005 1006 1122 1039 admitti,
1146 1007 1226 1032 tertio
1249 1005 1284 1033 ad
1309 1006 1498 1042 paenitentiam
1513 1015 1519 1032 :
1534 1005 1617 1042 424
1633 1011 1732 1041 quarto
1758 1005 1793 1034 ad

1006 1051 1133 1078 standum
1146 1059 1200 1078 una
1212 1058 1274 1078 cum
1286 1052 1396 1086 populo,
1409 1051 1577 1079 abstinentes
1592 1052 1626 1079 ab
1637 1051 1791 1079 oblatione:

1006 1096 1105 1124 deinde
1119 1097 1160 1126 eis
1174 1097 1293 1132 permitti
1311 1097 1376 1125 boni
1390 1097 1624 1127 communionem.

1040 1247 1085 1275 ‘25.
1100 1246 1152 1280 Qui
1169 1254 1184 1274 a
1200 1253 1230 1275 se
1239 1250 1389 1281 stupratam
1418 1252 1467 1281 pro
1493 1252 1580 1273 uxore
1594 1245 1710 1277 detinet,
1732 1249 1791 1273 stu-

1005 1294 1046 1329 pri
1061 1293 1170 1328 quidem
1186 1300 1295 1328 paanam
1313 1291 1429 1324 subibit,
1444 1291 1491 1320 sed
1505 1292 1531 1319 ei
1544 1291 1637 1320 licebit
1649 1298 1708 1319 eam
1722 1299 1791 1319 uro-

1005 1347 1062 1366 rem
1075 1339 1185 1372 habere.

1040 1384 1085 1411 26.
1110 1376 1268 1411 ft'ornicatio
1294 1383 1501 1411 matrimonium
1528 1390 1581 1410 non
1604 1384 1662 1415 ’est,
1687 1383 1734 1410 sed
1758 1390 1792 1410 ne

1005 1429 1174 1457 matrimonii
1196 1428 1306 1464 quidem
1328 1428 1450 1456 initium.
1472 1427 1564 1461 Quare
1578 1428 1600 1455 si
1616 1427 1673 1455 fieri
1691 1433 1791 1463 potest,

1006 1479 1036 1502 ut
1047 1475 1092 1510 qui
1105 1482 1152 1509 per
1164 1474 1373 1502 fornicationem
1386 1473 1526 1509 conjuncti
1536 1477 1791 1508 sunt,separentur,

1005 1520 1031 1547 id
1057 1519 1166 1555 quidem
1193 1520 1326 1555 optimum
1351 1523 1402 1547 est.
1429 1519 1478 1546 Sin
1501 1523 1591 1546 autem
1614 1519 1654 1546 eis
1679 1519 1792 1546 omnino

1006 1566 1112 1601 placeat
1136 1565 1301 1600 etmjugium,
1328 1564 1516 1592 fornicationis
1544 1564 1654 1599 quidem
1683 1571 1791 1598 poenam

1006 1616 1177 1648 agnoscant;
1201 1611 1247 1639 sed
1265 1611 1378 1638 minime
1397 1614 1570 1645 separentur,
1586 1617 1620 1637 ne
1640 1609 1704 1644 quid
1717 1609 1792 1636 (lele-

1006 1659 1064 1687 rius
1079 1657 1196 1686 accidat.

1042 1704 1086 1732 50.
1104 1703 1141 1731 De
1165 1703 1202 1731 iis
1225 1702 1276 1738 qui
1295 1702 1414 1737 rapiunt,
1437 1708 1570 1729 eanoncm
1593 1701 1703 1737 quidem
1720 1700 1792 1728 anti-

1006 1757 1091 1785 quum
1112 1757 1165 1776 non
1182 1749 1322 1782 habemus,
1340 1749 1386 1776 sed
1404 1748 1541 1782 propriam
1554 1748 1717 1775 sententiam
1731 1754 1794 1781 pro-

1007 1796 1133 1827 ferimus,
1158 1799 1188 1822 ut
1200 1799 1227 1821 et
1247 1795 1298 1829 ipsi
1321 1799 1347 1822 ct
1361 1794 1408 1829 qui
1425 1801 1478 1821 una
1502 1801 1564 1821 cum
1581 1793 1648 1828 ipsis
1673 1793 1792 1827 rapiunt,

1006 1842 1093 1870 tribus
1105 1841 1185 1869 annis
1195 1841 1251 1868 sint
1261 1845 1339 1867 extra
1350 1847 1454 1875 preces.
1467 1839 1546 1872 Quod
1558 1844 1648 1866 autem
1662 1839 1794 1866 violenter

1007 1897 1061 1916 non
1081 1889 1127 1921 sit,
1147 1894 1235 1922 putare
1251 1886 1318 1913 nulli
1334 1885 1483 1913 obnoxium
1497 1889 1548 1918 est,
1564 1885 1586 1912 si
1600 1893 1650 1912 nec
1666 1889 1791 1919 stuprum

1006 1943 1057 1963 nec
1079 1935 1185 1962 furtum
1208 1941 1266 1961 rem
1282 1932 1462 1967 praecesserit.
1484 1932 1534 1958 Est
1545 1938 1634 1959 autem
1651 1931 1732 1958 vidua
1752 1930 1795 1957 sui

1004 1981 1085 2016 juris,
1098 1985 1125 2008 et
1144 1979 1275 2015 sequendi
1294 1983 1415 2013 potestas
1430 1985 1512 2012 penes
1530 1977 1616 2012 ipsam
1634 1981 1687 2004 est.
1703 1975 1793 2009 Quare

1005 2024 1213 2052 simulationum
1234 2029 1267 2050 ac
1283 2026 1465 2054 praetextuum
1481 2029 1547 2048 cura
1563 2021 1637 2048 nulla
1651 2021 1730 2047 nobis
1745 2020 1795 2046 ha-

1005 2071 1092 2099 benda
1107 2074 1160 2098 est.

1039 2118 1084 2146 54.
1103 2116 1227 2144 Mulieres
1239 2115 1374 2143 adulterio
1394 2114 1598 2149 pollutas,etc.,
1613 2117 1642 2139 ut
1655 2120 1715 2147 pag.
1729 2111 1792 2139 806.

1041 2164 1085 2190 57.
1099 2162 1150 2196 Qui
1165 2162 1253 2189 aliena
1265 2161 1316 2189 sibi
1332 2160 1421 2188 ablata
1434 2166 1546 2186 uxorem
1558 2158 1647 2190 duxit,
1665 2157 1693 2184 in
1707 2157 1794 2191 prima

1005 2210 1115 2246 quidem
1129 2208 1256 2236 adulterii
1269 2208 1373 2236 crimen
1386 2205 1541 2238 sustinebit,
1558 2205 1584 2232 in
1595 2204 1716 2232 seetmda
1731 2211 1794 2230 vero

1004 2264 1068 2284 reus
1086 2264 1139 2283 non
1160 2260 1266 2290 agetur.

1038 2302 1084 2330 '59.
1101 2302 1167 2335 Quae
1189 2301 1254 2328 vivit
1279 2307 1341 2328 cum
1367 2300 1501 2331 adultero,
1519 2298 1641 2325 adultera
1657 2301 1699 2323 est
1717 2296 1793 2322 omni

1005 2353 1137 2383 tempore.

1039 2395 1084 2422 49.
1106 2394 1207 2428 Stupra
1237 2401 1298 2428 qua:
1323 2400 1372 2427 per
1388 2392 1442 2418 vim
1477 2389 1643 2421 inferuntur,
1670 2396 1724 2415 non
1740 2389 1794 2414 sint

1004 2440 1172 2468 accusationi
1189 2439 1319 2466 obnoxia.
1335 2438 1425 2471 Quare
1440 2437 1523 2464 etiam
1541 2444 1632 2470 serva,
1644 2436 1666 2463 si
1685 2436 1725 2462 vis
1737 2435 1760 2461 ei
1777 2443 1791 2460 ιι

1005 2486 1118 2522 proprio
1130 2485 1198 2513 hero
1212 2485 1287 2512 illata
1303 2484 1348 2517 sit,
1365 2484 1450 2512 libera
1467 2488 1509 2511 est
1523 2491 1539 2510 a
1554 2483 1644 2517 culpa.

1040 2533 1085 2560 58.
1105 2531 1157 2565 Qui
1176 2531 1329 2559 moechatus
1345 2534 1396 2562 est,
1412 2537 1460 2565 per
1472 2529 1630 2564 quindecim
1645 2535 1732 2555 annos
1749 2535 1793 2554 sa-

1004 2581 1210 2604 cramentorum
1232 2582 1285 2601 non
1311 2575 1364 2601 erit
1394 2574 1555 2609 particeps:
1574 2578 1691 2607 qumnor
1714 2573 1793 2598 annis

1005 2622 1084 2655 flens,
1107 2622 1230 2656 quinque
1252 2620 1378 2652 audiens,
1406 2624 1525 2654 quatuor
1555 2618 1719 2650 substratus,
1747 2622 1797 2651 [ιι-ι’

1005 2668 1074 2695 duos
1093 2666 1246 2694 consistens
1263 2666 1322 2693 sine
1336 2665 1538 2693 communione.

1040 2713 1121 2749 425
1133 2713 1177 2741 59.
1188 2713 1348 2739 For-uicator
1356 2717 1458 2747 septem
1470 2711 1548 2738 annis
1558 2713 1792 2738 sacramentorum

1007 2767 1061 2785 non
1073 2759 1125 2785 erit
1140 2758 1286 2793 particeps,
1300 2758 1409 2784 duobus
1420 2757 1499 2789 tiens,
1512 2755 1656 2783 etduobus
1669 2754 1794 2785 audiens,

1006 2811 1031 2831 t‘l
1059 2803 1166 2831 duobus
1193 2803 1358 2834 substratus,
1381 2806 1408 2829 ct
1423 2808 1478 2828 uno
1492 2801 1647 2828 consistens
1663 2806 1670 2825 :
1687 2801 1792 2824 tantum

1007 2855 1102 2878 octavo
1117 2849 1151 2877 ad
1166 2849 1387 2877 communionem
1403 2847 1574 2876 admittetur.
