1951 3071
173 146 225 178 915

730 141 862 171 PHO’l‘ll
881 139 1133 171 PATRIABCILE
1139 140 1202 171 (ΖΡ.

1745 138 1798 170 916

203 197 248 224 6%.
269 195 321 230 Qui
343 196 538 232 turpitudinem
554 197 580 224 in
601 196 723 224 maribus
741 197 867 230 patravit,
884 201 952 224 tem-

1040 195 1088 231 ξβ’.
1116 196 1145 224 ’0
1161 196 1212 232 τὴν
1231 195 1426 232 ἀσχημοσύνην
1438 196 1468 223 ὲν
1481 196 1538 229 τοῖς
1564 194 1677 232 ἇρῤεσιν
1699 196 1799 223 ἐπιδει-

169 249 218 278 pus
233 243 306 271 illius
321 244 367 279 qui
391 243 518 272 adulterii
537 243 627 271 scelus
641 243 760 275 admisit,
775 243 800 270 ei
813 243 954 278 dispensa-

168 289 251 318 bitur.

202 336 247 363 77.
268 335 320 369 Qui
338 335 477 370 relinquit,
487 340 554 368 etc.,
566 340 596 362 st
607 343 670 371 pug.
686 334 749 362 907.

373 381 495 416 Gregorii
515 381 542 408 Ν
543 381 630 416 yuem’
640 389 698 415 cap.
715 381 742 408 3.

202 426 304 454 Eorum
320 431 412 455 autem
426 434 487 462 quae
502 427 535 454 ad
550 427 726 462 cupiditatem
742 431 771 454 et
779 426 952 461 voluptatem

167 473 236 501 ﬁunt
251 478 436 509 peccatorum,
454 478 508 502 etc.
519 494 527 507 ,
542 479 571 501 ut
587 480 648 510 pag.
661 473 724 502 807.

203 519 311 546 Textus.
335 519 372 546 De
384 523 490 554 stupro,
503 519 646 551 adulterio,
663 524 745 554 atque
765 519 949 554 'ptedicatione

167 568 265 592 tractat
290 564 332 592 lex
359 564 386 592 in
405 565 453 593 lib.
475 573 502 592 ix
528 565 589 592 cod.
621 566 662 592 tit.
691 566 718 596 9,
737 569 763 593 et
779 565 826 595 lib.
850 574 952 600 xum,

169 611 248 638 titulo
259 611 286 643 5,
307 610 372 638 talia
391 611 615 647 delinquentibus
626 618 736 646 pmnam
754 612 888 640 inducens
905 620 954 640 ca-

167 656 288 690 pitalem.
308 656 360 685 Ubi
375 655 482 693 [etiam]
495 657 608 689 dicitur,
632 657 704 692 quod
714 657 841 685 adulterii
871 665 954 685 accu~

166 702 239 729 satio
255 709 311 729 non
323 702 412 730 solum
424 703 459 729 ob
469 705 619 737 stupratam
635 702 783 736 legitimam
796 702 952 737 coniugem,

165 754 260 774 verum
269 748 350 775 etiam
360 747 394 775 de
406 747 524 774 instabili
535 752 618 781 atque
631 747 769 782 illcgitimo
780 747 954 775 matrimonio

166 797 193 819 et
215 793 401 827 sponsalibus,
415 795 442 819 ot
457 792 491 819 de
508 792 689 819 concubinam
706 792 875 820 instituatur.

203 837 312 865 Textur.
328 837 447 865 Proinde
462 838 608 865 fornicatio
622 845 677 865 uou
702 838 828 866 laudatur
841 838 951 874 quidem

167 888 182 911 ο
197 884 271 911 civili
289 883 365 919 lege,
381 889 469 919 neque
484 888 575 912 tamen
599 885 770 919 prohibetur.
788 885 894 913 Etenim
908 886 950 913 di-

166 930 239 957 citur
250 929 299 957 lib.
311 937 361 962 xu,
377 931 420 957 tit.
434 930 462 963 5,
475 929 530 965 dig.
546 929 583 958 4ι
599 929 677 963 Quod
694 930 830 958 meretrici
859 931 950 965 datur,

166 982 220 1003 nou
238 975 369 1003 redditur.
392 975 460 1003 Cum
486 975 559 1003 enim
579 975 710 1003 meretrix
732 975 778 1009 sit,
806 981 858 1004 non
876 979 953 1011 turpe

165 1026 207 1048 est
221 1021 306 1056 ipsam
319 1021 454 1056 accipere,
476 1019 583 1048 tametsi
608 1021 779 1048 meretricem
794 1028 856 1049 esse
869 1024 949 1056 turpe

167 1065 214 1092 sit.
229 1064 263 1092 Et
275 1064 323 1092 lib.
339 1070 435 1098 xxxix,
454 1065 496 1092 tit.
511 1065 538 1096 5,
554 1065 652 1100 digest.
677 1063 705 1098 ϐ,
722 1065 795 1099 quod
816 1065 899 1093 etiam
917 1066 953 1093 ob

166 1111 340 1139 inhonestam
355 1117 467 1139 causam
478 1116 553 1139 recte
564 1112 693 1145 donetur,
708 1112 790 1140 veluti
806 1111 854 1149 [si]
865 1120 953 1140 mere-

165 1157 228 1184 trici
247 1156 398 1193 [quippiam
420 1156 512 1193 detur]
531 1161 633 1192 :atque
659 1156 712 1193 [id]
740 1162 830 1185 ratum
851 1158 898 1186 sit.
921 1157 954 1186 Et

166 1203 215 1230 lib.
232 1210 317 1235 xuii,
333 1204 375 1229 tit.
386 1202 414 1235 2,
427 1202 526 1237 digest.
549 1202 593 1230 59.
615 1202 667 1235 Qui
689 1203 806 1230 alienam
826 1204 953 1232 ancillam

167 1248 339 1276 meretricem
367 1248 468 1282 rapuit,
486 1252 533 1275 aut
557 1247 676 1281 celavit,
713 1255 803 1282 neque
822 1252 953 1284 tanquam

167 1293 327 1329 plagiarios,
340 1301 430 1329 neque
447 1297 578 1329 tauquam
598 1293 642 1321 iur
663 1298 784 1321 tenetur.
798 1293 859 1322 Non
879 1295 952 1322 enim

168 1339 244 1373 furti,
266 1339 314 1367 sed
335 1339 456 1367 libidinis
484 1347 566 1367 causa
590 1338 617 1366 id
642 1338 716 1366 fecit.
748 1337 817 1367 Nam
842 1341 866 1368 si
890 1340 953 1375 quis

168 1386 240 1413 fores
266 1384 418 1412 meretricis
443 1383 590 1420 effregerit,
607 1388 635 1412 et
655 1384 702 1412 alii
725 1383 843 1420 ingressi
859 1407 867 1419 ,
898 1393 952 1413 non

167 1428 283 1466 [autem]
305 1429 340 1457 ab
366 1429 426 1464 ipso
450 1428 566 1462 inducti,
584 1436 629 1456 res
644 1429 705 1464 ejus
721 1427 804 1456 furati
824 1428 927 1457 fuerint
945 1439 951 1457 :

167 1474 214 1511 [is]
238 1482 294 1502 non
316 1478 423 1502 tenetur
442 1478 572 1510 tanquam
594 1473 650 1501 l‘ur.

203 1520 313 1548 Textus.
335 1520 405 1548 Dicit
425 1527 491 1547 vero
514 1520 595 1548 etiam
615 1520 664 1547 lib.
681 1527 785 1548 xxxvnt
823 1520 895 1548 tituli
926 1521 942 1548 8

167 1567 238 1602 quod
256 1567 339 1603 426
354 1567 436 1601 vulgo
451 1567 559 1602 quaesiti
583 1573 638 1594 non
668 1567 750 1594 modo
777 1567 879 1599 matri,
906 1567 954 1594 sed

166 1614 248 1642 etiam
266 1613 390 1649 cognatis
400 1613 517 1640 materni
531 1613 637 1649 generis
645 1613 807 1645 succedant,
821 1618 848 1640 et
864 1612 954 1649 [ipsis]

166 1660 201 1688 ab
218 1660 262 1687 bis
274 1659 447 1687 succedatur.
464 1658 581 1686 lllustris
597 1663 688 1686 autem
711 1657 832 1695 [mulier]
848 1667 908 1694 qua:
924 1660 955 1685 li-

167 1707 249 1734 beros
268 1705 405 1741 legitimos
422 1710 449 1733 et
462 1705 572 1740 spurios
586 1704 688 1732 habet:
704 1713 757 1731 non
782 1709 870 1740 potest
891 1713 956 1740 spu-

165 1751 226 1784 riis,
246 1759 334 1785 neque
355 1750 426 1778 inter
446 1749 534 1782 vivos,
554 1757 642 1784 neque
656 1757 718 1777 cum
735 1750 860 1783 maritur,
877 1751 955 1785 quid-

166 1804 249 1832 quam
275 1795 448 1831 suppeditare
465 1804 472 1822 :
487 1795 626 1830 quomodo
646 1795 695 1822 lib.
726 1803 761 1827 vt,
785 1795 817 1823 (ἒ.
843 1796 886 1823 tit.
909 1797 955 1829 57,

166 1847 257 1870 const.
272 1842 299 1870 5.
326 1840 462 1877 [tradit.]
485 1841 568 1868 Plane
589 1841 671 1876 vulgo
695 1846 844 1875 conceptus
868 1849 956 1876 neque

167 1893 273 1923 patrem
289 1887 388 1914 habere
405 1887 505 1914 dicitur
518 1887 765 1922 :quemadmodum
777 1887 824 1914 lib.
837 1895 856 1919 t,
872 1887 912 1914 tit.
928 1888 955 1919 5,

167 1935 222 1969 ιΙὶε.
238 1933 283 1960 25.
311 1933 395 1960 Porro
419 1932 620 1961 concubinatus
643 1933 782 1968 legitimus
796 1939 854 1966 est,
869 1938 896 1961 et
908 1941 955 1962 eas

167 1981 228 2008 sine
241 1980 357 2008 crimine
369 1979 537 2007 concubinas
558 1979 658 2007 habere
670 1987 828 2014 possumus,
846 1980 872 2007 in
887 1988 955 2015 quas

168 2028 260 2055 illicita
276 2033 330 2055 non
350 2026 580 2054 committuntur:
596 2026 677 2054 veluti
693 2025 746 2063 [iit]
762 2027 789 2054 in
802 2027 954 2055 concubina

168 2075 263 2108 patris,
278 2073 320 2100 vel
331 2073 374 2100 avi
387 2076 435 2100 aut
449 2073 476 2100 in
490 2072 545 2100 ﬁlia
560 2073 679 2100 sororis:
689 2077 719 2099 ut
731 2073 777 2100 lib.
795 2080 857 2105 xxv,
874 2073 917 2100 Iit.
928 2073 954 2104 Ἰ.

167 2126 191 2148 et
209 2121 258 2147 lib.
272 2127 350 2152 um,
369 2120 412 2147 tit.
427 2119 455 2152 2,
471 2119 568 2154 digest.
586 2119 631 2152 55,
649 2124 676 2146 et
691 2119 738 2146 lib.
754 2127 848 2151 xum,
866 2119 908 2146 tit.
926 2119 954 2152 5,

167 2166 265 2201 digest.
290 2166 320 2192 ll
352 2164 486 2202 [docenL]
514 2164 542 2192 In
569 2166 754 2193 concubinatu
779 2171 869 2192 alitem
893 2173 954 2193 esse

1005 242 1148 276 κνύμενος,
1162 242 1208 269 τὸν
1218 242 1313 278 χρόνον
1325 242 1373 269 τοῦ
1383 243 1412 270 ὲν
1423 243 1455 279 τῇ
1468 242 1799 279 μοιχείᾳπαρανομοῦντος

1005 289 1264 325 οίκονομηθήσεται.
1510 320 1515 325 ,

1039 333 1089 367 οξ.
1111 333 1142 362 '0
1157 334 1251 370 μέντοι
1274 334 1498 370 καταλιμπάνων,
1515 343 1543 362 κ.
1561 343 1586 362 τ.
1597 335 1623 362 λ.

1183 380 1350 416 Γρηγορίου
1365 380 1495 414 Νύσσης
1509 389 1575 416 my.
1587 381 1622 415 γ’.

1042 426 1103 454 Τῶν
1116 426 1146 454 δὲ
1167 425 1201 453 δι’
1214 426 1363 461 ἐπιθυμίαν
1385 435 1416 452 τι
1449 427 1498 453 καὶ
1520 427 1617 462 ἡδονὴν
1649 427 1799 462 γινομένων

1004 473 1213 510 ἁμαρτημάτων
1229 472 1341 508 τοιαύτη
1361 472 1464 507 ἐστὶ·ιή
1482 472 1626 508 διαίρεσις.
1640 480 1669 500 κ.
1690 481 1717 500 τ.
1736 472 1761 501 λ.

1040 521 1195 555 Halyn-or.
1204 518 1273 554 Περὶ
1283 518 1387 554 φθορᾶς
1401 519 1448 546 καὶ
1456 520 1579 554 μοιχείας
1587 520 1633 546 καὶ
1640 519 1800 556 ἀρῤενοκοι-

1003 567 1065 599 θείας
1074 566 1272 602 διαλαμϐάνειὸ
1283 566 1374 602 νόμος,
1388 566 1458 602 βιδλ.
1469 566 1493 592 0’
1502 566 1549 593 τοῦ
1562 567 1641 600 nos,
1652 566 1743 598 τίτ.θ’,
1754 566 1801 593 καὶ

1005 613 1076 649 piat.
1094 612 1151 648 μη’,
1162 612 1218 640 τίτ.
1235 615 1259 639 ε’
1269 633 1276 645 ,
1290 612 1442 648 κεφαλικὴν
1453 612 1508 644 τοῖς
1520 611 1607 639 ταῦτα
1621 611 1800 647 πλημμελοῦ-

1005 667 1048 686 σιν
1060 658 1171 692 ἐπάγων
1184 657 1329 693 τιμωρίαν·
1348 656 1415 684 ἔνθα
1428 657 1536 692 εἴρηται
1560 657 1602 684 δτι
1616 657 1646 683 τὸ
1665 657 1798 692 μοιχικὸν,

1004 704 1035 732 οὐ
1053 704 1133 740 μόνον
1152 703 1198 730 ἐπὶ
1209 703 1296 738 φθορᾷ
1314 703 1430 738 νομίμου
1445 703 1568 738 γαμετῆς
1583 703 1714 734 κινεῖται,
1731 701 1800 728 ἀλλὰ

1004 750 1052 777 καὶ
1067 750 1114 776 ἐπὶ
1144 749 1295 776 ἀσυστάτου
1314 749 1362 776 καὶ
1392 748 1524 783 ἀθεμίτου
1548 748 1638 784 γάμου
1665 748 1714 775 καὶ
1736 757 1801 784 μνη.

1004 795 1096 827 στείας
1111 794 1159 822 καὶ
1171 793 1362 829 παλλακιομοῦ

1036 842 1189 876 Κειμεγον.
1210 840 1243 867 Ἡ
1257 840 1348 875 μέντοι
1373 839 1487 875 πορνεία
1508 840 1558 866 οὐκ
1571 839 1722 866 ἐπαινεῖται
1750 839 1800 874 μὲν

1009 888 1085 923 παρὰ
1093 887 1133 923 τῷ
1147 885 1278 921 πολιτικῷ
1288 886 1375 921 νόμῳ,
1386 886 1438 912 οὐκ
1447 885 1634 921 ἀπηγόρευται
1649 885 1688 911 δέ·
1703 885 1802 920 ἀμέλει

1008 934 1119 970 εἴρηται
1143 932 1216 968 ﬁtﬁt.
1229 932 1273 967 ιβ’,
1293 931 1347 960 τίτ.
1359 935 1391 965 ε’,
1413 931 1483 958 διάτ.
1500 932 1520 958 δ’
1532 951 1541 964 ,
1562 931 1604 958 ὅτι
1620 932 1651 957 τὸ
1663 930 1802 966 διδόμενον

1008 981 1107 1017 πόρνῃ,
1133 979 1183 1006 οὐκ
1208 978 1364 1006 ἀποδίδοται
1380 985 1388 994 ⁸
1419 977 1515 1012 ἐπειδὴ
1541 977 1596 1012 γάρ
1617 978 1674 1004 ὲστι
1700 977 1800 1013 πόρνη,

1008 1027 1060 1054 οὐκ
1075 1026 1150 1053 [ww
1165 1024 1279 1060 αἰσχρὸν
1292 1024 1322 1050 τὸ
1335 1023 1428 1050 λαϐεῖν
1453 1023 1549 1057 αὐτὴν,
1567 1023 1592 1049 εί
1616 1023 1664 1049 καὶ
1687 1021 1801 1057 αίεχρόν

1010 1073 1069 1099 ἐστι
1087 1070 1118 1098 τὺ
1130 1067 1201 1098 εῖναι
1214 1069 1300 1105 αὐτὴν
1312 1068 1415 1105 πόρνην
1432 1075 1440 1083 ⁸
1470 1068 1516 1094 καὶ
1534 1067 1603 1103 βιὸλ.
1618 1067 1669 1098 λθ’,
1688 1067 1740 1094 τίτ.
1756 1067 1777 1094 ε’
1791 1087 1800 1099 ,

1009 1117 1081 1145 διὰτ.
1099 1116 1127 1149 ς’
1142 1137 1150 1149 ,
1166 1116 1207 1142 ὅτι
1220 1115 1268 1142 καὶ
1284 1114 1329 1141 διὰ
1344 1113 1462 1148 ἄσεμνον
1475 1113 1565 1140 αἰτίαν
1577 1112 1681 1147 γίνεται
1709 1112 1800 1143 καλῶς

1008 1162 1109 1200 δωρεὰ,
1122 1159 1178 1189 οἶον
1191 1162 1231 1193 είς
1243 1160 1357 1196 πόρνην,
1375 1160 1423 1186 καὶ
1436 1158 1564 1194 ἐρῤωταιι
1580 1159 1628 1186 καὶ
1644 1157 1715 1193 βλιϐλ.
1740 1158 1796 1194 μζ,

1009 1211 1062 1239 τίτ.
1079 1210 1101 1246 β’
1115 1209 1185 1236 διάτ.
1197 1207 1235 1235 λθ¹
1255 1228 1263 1240 ,
1282 1208 1323 1233 ὅτι
1348 1207 1362 1234 ὁ
1377 1205 1510 1242 ἁρπάζων
1525 1205 1541 1241 ἢ
1559 1205 1744 1240 ἀποκρύπτων
1755 1204 1802 1231 ἀλ-

1009 1255 1120 1292 λοτρίαν
1145 1253 1242 1289 δούλην
1259 1252 1363 1288 πόρνην
1376 1251 1469 1282 οὖσαν,
1494 1249 1557 1277 οὔτε
1573 1250 1612 1281 ὡς
1639 1248 1800 1284 ἀνδραποδι-

1009 1302 1085 1337 στὴς,
1113 1299 1176 1327 οὗτε
1191 1298 1229 1330 ὡς
1250 1297 1372 1332 κλέπτης
1397 1295 1520 1330 ἰνὲχεται
1540 1301 1548 1309 '
1569 1294 1600 1321 οὐ
1614 1294 1673 1329 γὰρ
1684 1293 1799 1328 κλοπῆς,

1011 1347 1069 1374 ἀλλ’
1084 1345 1182 1382 ἡδονῆς
1200 1343 1281 1380 χάριν
1299 1342 1412 1378 ἐποίησε
1428 1340 1508 1368 τοῦτο
1520 1348 1529 1357 ·
1555 1341 1580 1367 εί
1595 1340 1650 1376 γὰρ
1665 1340 1711 1367 καὶ
1725 1339 1801 1374 θυρί-

1009 1394 1058 1424 δας
1068 1401 1110 1424 τις
1121 1391 1226 1422 κλάσει,
1238 1390 1285 1416 καὶ
1300 1387 1467 1418 εἰσελθόντες
1481 1388 1571 1422 ἕτεροι
1587 1386 1626 1421 μὴ
1637 1386 1702 1421 παρ’
1715 1385 1799 1412 αὑτοῦ

1010 1438 1186 1474 εἰσαχθέντες
1216 1436 1345 1470 κλέψουσι
1377 1434 1414 1462 τὰ
1437 1433 1591 1470 πράγματα
1622 1432 1721 1467 αὐτῆς,
1750 1431 1802 1458 οὐκ

1010 1483 1135 1518 ἐνέχεται
1149 1481 1188 1514 ὼς
1200 1480 1331 1515 κλέπτης.

948 1541 954 1571 ξ
970 1542 991 1571 C
1046 1531 1200 1564 Κειμενον.
1214 1527 1296 1571 Λέγει
1312 1526 1341 1553 δὲ
1357 1526 1404 1553 καὶ
1421 1525 1490 1571 βιὸλ.
1507 1526 1569 1571 λη’,
1584 1523 1702 1571 rit-1]",
1720 1523 1761 1550 ὅτι
1776 1523 1802 1571 οι

1011 1572 1200 1608 πορνογεννετς
1209 1572 1241 1598 οὐ
1255 1570 1335 1605 μόνον
1345 1571 1394 1605 τῆς
1404 1569 1518 1605 μητρὸς,
1529 1570 1597 1597 ἀλλὰ
1605 1569 1652 1596 καὶ
1664 1568 1719 1595 τῶν
1730 1567 1802 1594 κατὰ

1014 1618 1120 1654 μητέρα
1133 1616 1270 1652 συγγενῶν
1289 1615 1498 1651 κληρονομοῦσι,
1516 1616 1563 1642 καὶ
1574 1615 1619 1641 ὑπ’
1633 1613 1722 1641 αὐτῶν
1735 1613 1802 1647 κλη-

1015 1664 1182 1700 ρονομοῦντα
1190 1670 1208 1690 ι·
1223 1664 1240 1698 ἡ
1250 1663 1279 1690 δὲ
1295 1662 1449 1697 ίλλουοτρία
1457 1661 1588 1696 νομίμους
1598 1660 1695 1696 ἔχουσα
1704 1660 1802 1690 παῖδας

1013 1710 1211 1745 πορνογεννείς,
1239 1708 1315 1734 οὐδὲν
1337 1707 1448 1734 δύναται
1463 1707 1616 1741 παρασχεῖν
1633 1706 1690 1736 τοῖς
1703 1712 1802 1739 πορνο-

1011 1755 1146 1790 γεννέσιν,
1163 1754 1226 1781 οὔτε
1249 1754 1334 1786 ζῶσα,
1355 1752 1418 1779 οὔτε
1436 1751 1601 1784 τελευτῶσα,
1615 1750 1653 1783 ὡς
1681 1750 1751 1786 βιὸλ.
1774 1747 1803 1781 g’

1012 1800 1059 1828 τοῦ
1076 1799 1154 1833 κώδ.,
1170 1799 1224 1826 τίτ.
1241 1799 1290 1832 νζ,
1306 1799 1377 1826 διάτ.
1387 1797 1408 1824 ε’
1422 1806 1430 1813 ·
1450 1799 1464 1824 6
1475 1798 1504 1824 δὲ
1515 1797 1569 1825 ἀπὸ
1584 1797 1726 1832 πορνείας,
1737 1796 1803 1823 οὕτε

1011 1847 1121 1882 λέγεται
1135 1846 1208 1881 ἔχειν
1222 1845 1340 1880 πατέρα,
1355 1844 1394 1876 ὡς
1406 1843 1477 1879 βιϐλ.
1492 1842 1528 1875 α’,
1547 1843 1600 1870 τίτ.
1619 1841 1672 1876 κγ’·
1693 1843 1708 1868 6
1729 1841 1798 1876 μέν-

1012 1902 1053 1921 τοι
1068 1891 1258 1927 παλλακισμδς
1276 1889 1392 1926 νόμιμός
1403 1891 1473 1921 ἐστι,
1490 1889 1621 1920 κάκείνας
1633 1888 1706 1923 ἔχειν
1718 1887 1802 1914 δυνά-

1014 1938 1084 1975 μεθα
1098 1937 1239 1968 παλλακὰς
1251 1936 1316 1963 ἄνευ
1337 1934 1510 1970 ἐγκλήματος
1523 1953 1531 1966 ,
1544 1934 1611 1968 πρὸς
1623 1933 1657 1965 ἃς
1669 1933 1700 1960 οὺ
1709 1933 1802 1967 πλημ-

1014 1985 1136 2020 μελεῖται
1165 1982 1306 2017 ἀθέμιτον,
1332 1979 1390 2008 οἷον
1411 1981 1463 2015 τὴν
1489 1979 1630 2014 παλλακὴν
1658 1978 1705 2005 τοῦ
1733 1978 1801 2004 ἰδίου

1013 2027 1117 2062 πατρὸς
1132 2025 1149 2061 ἢ
1167 2025 1292 2056 πάππου,
1309 2024 1326 2060 ἢ
1344 2024 1394 2058 τὴν
1410 2023 1548 2058 θυγατέρα
1571 2023 1620 2058 τῆς
1636 2022 1704 2054 ιδίας
1723 2022 1799 2048 ἀδελ·

1014 2073 1078 2108 φῆς,
1089 2072 1126 2104 ὼς
1142 2071 1212 2106 eis).
1229 2073 1268 2097 κε’
1284 2090 1292 2103 ,
1312 2070 1366 2097 τίτ.
1381 2070 1402 2102 ζ’
1415 2089 1424 2102 ,
1439 2069 1487 2096 καὶ
1506 2069 1576 2104 βιὸλ.
1605 2067 1648 2102 κγ’
1662 2088 1669 2100 ,
1686 2067 1739 2095 τίτ.
1757 2066 1780 2102 β’
1795 2087 1803 2099 ,

1012 2119 1084 2146 διάτ.
1098 2121 1134 2144 νεν
1148 2137 1156 2151 ,
1171 2116 1218 2143 καὶ
1237 2115 1307 2151 pisi.
1327 2118 1386 2150 μη’,
1402 2115 1456 2141 τίτ.
1479 2115 1515 2147 α’,
1543 2114 1612 2142 διάτ.
1630 2117 1663 2140 ια’
1674 2122 1682 2130 ·
1700 2113 1805 2140 παλλα-

1013 2163 1140 2191 κεύονται
1154 2162 1183 2189 δὲ
1200 2162 1229 2188 αἱ
1244 2160 1422 2196 ἀπελεύθεροι
1447 2161 1495 2187 καὶ
1512 2161 1634 2195 εὐγενεῖς
1648 2159 1751 2195 ἄσημοι
1764 2168 1772 2173 ·
1790 2161 1806 2186 ὁ

168 2217 283 2246 possunt
299 2212 449 2244 libertinis,
471 2216 499 2239 et
514 2212 639 2247 ingenuae
654 2212 771 2239 obscuro
789 2212 849 2239 loco
872 2217 953 2239 naue.

1011 2210 1065 2246 γὰρ
1097 2207 1198 2243 εὐγενῆ
1226 2207 1274 2234 καὶ
1295 2207 1399 2242 σεμνὴν
1430 2206 1678 2242 παλλακευόμενος,
1707 2205 1805 2241 χρῄζει

167 2259 218 2291 Qui
242 2266 306 2286 vero
330 2259 475 2293 ingenuam
496 2257 661 2293 [eamdem]
685 2258 884 2292 honestamque
928 2257 955 2284 in

167 2303 352 2331 concubinam
369 2303 460 2335 habet,
469 2304 699 2332 contestationcm
714 2311 795 2338 super
806 2304 857 2330 hoc
868 2302 958 2329 facere

167 2349 266 2376 debet:
282 2349 403 2383 alioquin
429 2357 542 2376 uxorem
558 2349 647 2384 ipsam
664 2349 745 2376 habet
757 2345 775 2381 ;“
791 2348 833 2375 vel
859 2349 881 2376 si
906 2348 958 2376 hoc

169 2398 287 2427 recusat,
308 2400 434 2429 stuprum
449 2403 511 2422 cum
529 2403 561 2422 ea
574 2394 732 2427 committit,
753 2401 815 2420 nam
828 2393 959 2421 concubi.

170 2445 249 2468 natus
269 2446 368 2468 nouten
377 2448 392 2468 a
404 2441 510 2477 legibus
519 2441 689 2476 agnoscitur;
702 2439 773 2467 unde
782 2439 831 2468 lib.
844 2447 882 2472 νι,
895 2440 956 2467 cod.

169 2486 210 2513 tit.
223 2486 268 2519 57,
285 2489 374 2514 const.
389 2486 416 2518 5,
433 2487 546 2518 dicitur,
560 2486 632 2521 quod
648 2485 769 2522 [mulier]
788 2485 882 2518 libera,
898 2493 959 2520 quite

170 2533 290 2568 legitime
305 2540 367 2560 cum
388 2533 500 2560 homine
529 2533 616 2560 libcro
648 2533 676 2559 in
702 2532 886 2560 concubinam
904 2535 958 2562 est.

170 2578 294 2616 [liberos]
313 2587 347 2607 ex
365 2579 411 2607 illa
427 2579 628 2608 consuetudine
640 2583 732 2611 natos,
748 2586 811 2606 cum
832 2578 959 2612 legitimis

170 2625 264 2652 liberis
284 2625 406 2653 ltazredcs
435 2625 562 2652 habitura
583 2625 628 2652 sit.
658 2624 802 2656 Breviter,
824 2625 959 2659 permulta

172 2670 227 2707 [de]
244 2672 462 2700 concubinarum
481 2672 585 2703 liberis.
603 2671 661 2699 sive
677 2671 826 2706 illegitimis
838 2674 865 2698 et
881 2676 960 2697 natu-

170 2717 273 2744 ralibus
287 2717 328 2744 lex
346 2717 373 2744 in
381 2717 443 2744 cod.
457 2721 485 2745 et
496 2716 616 2744 Novellis
631 2716 835 2751 complectitur,
849 2716 959 2748 docens,

170 2763 282 2797 quinam
297 2763 360 2799 [illi]
375 2764 442 2798 sint,
467 2769 494 2792 et
513 2763 652 2798 quomodo
669 2763 739 2798 patri
757 2762 869 2797 legitimi
891 2762 959 2794 lic-ri,

170 2815 196 2836 ct
211 2810 322 2844 quando
338 2817 369 2838 ac
386 2815 519 2846 quantum
539 2818 572 2837 ex
590 2810 711 2845 paternis
727 2809 807 2837 bouis
821 2809 961 2844 percipere

172 2861 287 2889 possunt.

1010 2257 1075 2292 περὶ
1093 2254 1188 2282 τούτου
1202 2255 1290 2280 ποιεῖν
1314 2252 1509 2288 ὲκμαρτύριον,
1529 2253 1591 2278 ἐπεὶ
1618 2252 1741 2287 γαμετὴν
1755 2252 1806 2278 αὺο

1010 2303 1060 2339 τὴν
1073 2301 1131 2337 ἔχει
1147 2308 1154 2316 ·
1188 2300 1235 2327 καὶ
1259 2300 1276 2334 ἦ
1306 2299 1386 2327 τοῦτο
1410 2298 1640 2334 παραιτούμενος,
1674 2298 1805 2333 ἀθέμιτον

1009 2350 1078 2385 πρὸς
1092 2349 1177 2384 αὐτὴν
1192 2348 1358 2383 πλημμελεῖ,
1371 2347 1402 2374 οὺ
1425 2346 1479 2382 μὴν
1492 2347 1539 2373 καὶ
1553 2347 1688 2382 μοιχείαν,
1708 2346 1804 2381 ἐπειδὴ

1009 2395 1040 2422 τὸ
1051 2394 1102 2430 τῆς
1116 2393 1259 2428 παλλακῆς
1273 2393 1357 2427 ὄνομα
1375 2392 1432 2423 τοῖς
1447 2391 1541 2426 νόμοις
1566 2391 1700 2425 ἔγνωσται
1715 2398 1723 2406 ·
1740 2390 1804 2417 ὅθεν

1010 2441 1118 2477 εἴρηται
1135 2439 1205 2475 βισλ.
1223 2442 1250 2472 ς’
1265 2438 1313 2465 τοῦ
1331 2437 1412 2471 κώδ..
1430 2438 1484 2465 τίτ.
1498 2435 1537 2470 νζ¹
1548 2458 1556 2471 ,
1583 2437 1652 2464 διάτ.
1669 2439 1689 2463 ε’
1702 2457 1710 2470 ,
1723 2436 1764 2463 ὅτι
1786 2437 1804 2471 ἡ

1010 2487 1141 2522 ἐλευθέρα
1156 2486 1281 2521 νομίμως
1298 2485 1435 2520 ἐλευθέρῳ
1446 2483 1678 2517 παλλακευθείσα,
1695 2483 1759 2515 τοὺς
1770 2483 1804 2510 ὲκ

1010 2534 1059 2569 τῆς
1073 2532 1202 2567 τοιαύτης
1215 2531 1364 2566 συναφείας
1379 2530 1537 2566 τεχθέντας,
1546 2529 1602 2562 ἕξει
1616 2528 1804 2564 κληρονόμους

1013 2580 1082 2616 μετὰ
1093 2579 1148 2606 τῶν
1164 2578 1288 2614 νομίμων
1303 2577 1408 2604 παίδων
1425 2585 1432 2593 ·
1447 2577 1496 2604 καὶ
1508 2576 1602 2607 ἁπλῶς
1617 2576 1705 2602 εἰπεῖν
1718 2574 1804 2601 πολλὰ

1011 2625 1146 2661 περὶτῶν
1164 2624 1219 2651 ἀπὸ
1231 2623 1379 2651 παλλακῶν
1403 2623 1584 2657 τικτομένων,
1606 2621 1691 2657 ἠγουν
1718 2620 1804 2647 νόθων

1012 2671 1059 2698 καὶ
1083 2670 1218 2706 φυσικῶν,
1233 2670 1248 2696 ὁ
1277 2669 1358 2705 νόμος
1373 2670 1402 2696 ἐν
1416 2669 1455 2704 τῷ
1467 2668 1533 2696 κώδ.
1548 2668 1596 2694 καὶ
1607 2668 1669 2699 ταῖς
1682 2666 1804 2702 Νεαραῖς

1010 2716 1201 2752 διαλαμϐάνει,
1211 2716 1347 2743 διδάσκων
1362 2715 1436 2747 τίνες
1451 2714 1516 2748 εἰσὶ,
1534 2714 1653 2746 καὶπῶς
1676 2713 1805 2740 δύνανται

1011 2763 1138 2798 γενέσθαι
1166 2762 1206 2798 τῷ
1232 2763 1317 2798 πατρὶ
1336 2762 1454 2797 γνήσιοι,
1485 2761 1533 2788 καὶ
1560 2761 1627 2787 πότε
1654 2760 1702 2787 καὶ
1719 2759 1805 2786 πόσον

1011 2810 1140 2838 δύνανται
1154 2809 1246 2837 λαὸεἴν
1259 2809 1313 2837 τῶν
1326 2808 1375 2836 τοῦ
1393 2808 1498 2845 πατρὸς
1514 2807 1696 2844 πραγμάτων.
