1959 3060
194 133 246 166 919

777 135 906 166 PHOTlI
931 135 1027 166 ΡΑΤΒ
1033 136 1184 167 IARCll/E
1199 136 1254 166 ΟΡ.

1771 135 1825 167 920

229 192 275 220 50.
294 192 331 221 De
345 193 378 222 iis
390 193 437 229 qui
448 194 558 229 rapiunt
571 200 705 221 eanonem
717 194 827 229 quidem
843 193 986 229 antiquum

1074 192 1106 220 λ’.
1119 193 1187 229 Περὶ
1197 194 1251 221 τῶν
1266 193 1458 228 ἁρπαζόντων,
1474 191 1575 220 κανόνα
1588 190 1638 228 μὲν
1651 191 1767 219 παλαιὸν
1778 192 1828 219 οὐκ

193 246 248 267 non
264 239 407 274 habemus,
428 244 494 273 etc.,
510 245 539 267 ut
551 248 612 276 pag.
630 240 693 268 9M.

228 284 273 312 55.
283 283 370 312 Vidua
388 285 487 312 ancilla
503 285 631 318 fortasse,
650 290 714 318 ctc.,
727 290 756 312 ut
771 293 833 320 pag.
853 284 916 312 899.

232 330 303 366 Lege
326 338 388 366 quae
415 335 547 359 annotata
560 335 625 359 sunt
652 331 679 359 in
694 331 804 359 «10.32
833 331 893 358 titi
919 337 990 366 pra-

195 377 282 404 sentis
297 377 400 412 operis.

229 421 313 458 529
329 422 405 450 CAP.
420 422 466 450 IX.
482 438 518 443 —
552 423 591 451 De
618 424 652 451 iis
681 424 728 459 qui
744 427 840 459 praeter
850 427 990 459 parentum

195 473 242 508 aut
257 468 424 495 dominorum
436 470 592 496 sententiam
610 470 721 497 nubunt.

388 513 486 542 Basilii
500 522 612 542 canones
627 515 673 548 58,
691 515 736 547 40,
748 515 794 542 42.

231 559 277 588 38.
295 559 404 593 Puellae,
421 567 482 595 quae
504 565 603 595 praeter
618 561 702 595 patris
717 561 883 588 sententiam
906 567 990 588 secu-

196 607 232 630 tae
252 608 328 636 sunt,
351 603 543 632 fornicamur:
571 606 755 633 reconciliatis
779 610 871 633 autem
890 613 991 641 paren-

197 647 272 675 tibus
288 648 395 676 videtur
416 656 459 675 res
474 649 625 677 remedium
648 650 792 684 accipere;
823 656 880 677 non
897 653 991 677 tamen

197 695 291 722 statim
308 694 336 721 in
352 694 574 722 communionem
599 695 794 729 restituuntur,
809 695 857 723 sed
872 695 992 723 triennio

197 739 359 775 punientur.

234 783 280 811 40.
299 784 366 818 Quae
392 790 490 819 praeter
503 785 563 813 heri
586 785 750 814 sententiam
770 793 799 814 se
818 787 878 815 viro
899 787 992 820 tradit,

199 828 335 858 fornicata
350 835 408 864 est;
430 839 491 866 quae
508 839 571 859 vero
596 836 690 867 postea
707 832 884 861 matrimonio
904 833 992 861 libero

200 882 251 903 usa
264 880 317 908 est,
330 877 442 911 nupsit:
459 884 544 912 quare
561 877 627 904 illud
646 877 758 912 quidem
773 878 921 906 fornicatio
931 882 992 906 est:
1009 868 1030 896 Β

201 922 255 950 hoc
276 930 341 950 vero
367 923 586 951 matrimonium.
609 923 678 951 Nam
704 929 783 960 pacta
805 931 914 958 eorum,
942 925 991 960 qui

200 972 267 996 sunt
285 968 313 996 in
325 968 439 996 alterius
451 973 596 1003 potestate,
611 969 680 996 nihil
697 970 798 998 habent
814 969 895 998 ﬁrmi.

239 1015 286 1043 42.
301 1015 475 1043 Matrimonia
497 1015 557 1043 sine
572 1015 607 1044 iis
631 1015 679 1051 qui
695 1020 858 1052 potestatem
880 1016 993 1049 habent,

172 1065 182 1069 ’
201 1060 404 1089 fornicationes
424 1065 498 1089 sunt.
516 1061 611 1096 Neque
622 1069 688 1096 ergo
708 1062 817 1089 vivente
837 1067 924 1097 patre,
945 1069 994 1090 ne-

202 1114 259 1143 que
282 1107 362 1140 hero,
382 1107 430 1142 qui
455 1107 626 1135 conveniunt
648 1111 726 1135 extra
750 1108 992 1142 reprehensionem

203 1158 278 1186 sunt,
308 1154 540 1189 quemadmodum
573 1154 596 1182 si
623 1159 749 1182 annuant
782 1155 992 1188 cohabitalioni.

203 1208 274 1235 quos
289 1207 373 1234 penes
388 1200 468 1233 hujus
483 1200 523 1227 rei
536 1205 579 1228 est
592 1199 748 1234 arbitrium,
761 1203 826 1228 tunc
835 1201 992 1229 ﬁrmitatem

204 1246 326 1282 conjugii
341 1246 440 1281 accipit
455 1246 633 1274 cohabitatio.

241 1289 350 1318 Tenus.
369 1289 436 1324 Quae
458 1290 541 1326 quive
570 1291 597 1318 in
625 1290 737 1319 alterius
763 1295 898 1327 potestate
917 1296 995 1324 sunt,

205 1345 261 1365 non
276 1342 391 1373 possunt
403 1337 522 1373 legitime
535 1337 740 1365 matrimonium
751 1338 924 1370 contrahere,
940 1346 994 1367 non

204 1383 396 1411 consentiente
421 1391 454 1411 eo
469 1384 516 1419 qui
544 1383 608 1412 illos
632 1383 660 1411 in
683 1387 820 1418 potestate
847 1384 949 1412 habet:
966 1389 996 1413 ut

205 1428 253 1457 lib.
271 1429 363 1457 vcod.
381 1429 423 1458 tit.
445 1429 473 1461 ι.
489 1434 516 1457 et
543 1429 592 1457 lib.
612 1436 693 1460 um.
715 1429 756 1456 tit.
782 1429 799 1457 2
824 1428 995 1466 [traditur]:

206 1479 284 1502 extra
309 1482 391 1510 quam
408 1475 432 1503 si
447 1474 532 1511 [quis]
549 1475 632 1503 ﬁliam
651 1475 748 1511 viginti
763 1475 886 1511 quinque
909 1483 997 1505 annos

207 1524 299 1546 natam
332 1519 373 1556 [in
399 1519 619 1556 matrimonium]
645 1520 754 1548 elocare
780 1520 895 1548 differat.
922 1520 1033 1561 Tuncc

206 1566 282 1593 enim
301 1564 370 1602 [illa]
386 1566 478 1595 libera:
489 1566 658 1595 conditionis
673 1565 777 1594 homini
794 1566 913 1601 scipsum
926 1566 996 1602 [ma-

1039 239 1149 276 ἕχομεν,
1167 249 1195 267 ιι.
1211 249 1238 267 τ,
1254 239 1280 266 λ.

1075 289 1126 321 νγ¹.
1149 287 1181 313 Ἡ
1191 287 1263 322 χήρα
1272 285 1364 322 δούλη,
1380 294 1410 313 κ.
1423 294 1448 314 τ.
1466 285 1493 314 λ.

1076 332 1224 367 Ἀνάγθωθι
1255 331 1289 359 τὰ
1314 331 1573 367 παραγεγραμμένα
1595 329 1694 371 ἔνντῷ
1719 329 1743 357 λ’
1766 337 1828 364 κεφ.

1039 378 1087 405 τοῦ
1099 379 1121 405 θ’
1140 378 1193 406 τίτ.
1212 377 1309 405 τούτου
1327 376 1374 404 τοῦ
1392 377 1594 413 συντάγματος.

1075 423 1202 451 ΚΕΦΑΛ.
1219 423 1259 452 Θ¹.
1276 437 1310 443 -
1337 422 1408 457 Περὶ
1440 421 1500 449 τῶν
1527 421 1608 456 παρὰ
1619 420 1741 457 γνώμην
1771 420 1831 447 τῶν

1041 469 1158 497 οίκείων
1171 468 1282 504 γονέων
1300 468 1319 502 ἢ
1336 467 1494 495 δεσποτῶν
1507 468 1692 503 γαμούντων.

1203 515 1368 542 Βασίλειον
1383 514 1485 542 κανὼν
1498 513 1550 549 λη’,
1563 516 1601 548 μ’,
1616 512 1671 548 μβ’.

1076 561 1128 596 λη’.
1140 560 1173 588 Δί
1191 560 1271 596 κόραι
1286 561 1315 588 αἱ
1338 560 1415 596 παρὰ
1430 559 1546 596 γνώμην
1560 558 1668 595 Πατρὸς
1682 557 1830 592 ἀκολουθή-

1042 615 1134 640 σασαι,
1163 606 1327 642 πορνεύουοι
1340 614 1348 622 ⁸
1364 605 1563 639 διαλλαγέντων
1586 604 1616 631 δὲ
1642 604 1697 631 τῶν
1718 603 1830 638 γονέων,

1041 654 1115 682 δοκεῖ
1134 653 1283 689 θεραπείαν
1308 653 1457 689 λαμϐάνειν
1476 651 1506 679 ea
1521 651 1638 686 γεγονός
1650 658 1658 667 ο
1676 650 1726 677 οὐκ
1749 649 1831 682 εὐθὺς

1043 699 1070 726 δὲ
1081 700 1121 732 εἰς
1135 699 1185 736 τὴν
1202 699 1344 727 κοινωνίαν
1369 697 1614 730 ἁποκαθίστανται,
1625 696 1683 724 ἀλλ’
1698 697 1831 732 ἐπιτιμη-

1043 745 1171 781 θήσονται
1189 746 1253 782 τρία
1275 745 1335 781 ἐτη.

1081 795 1118 827 μ’.
1143 793 1176 818 Ἦ
1191 793 1266 828 παρὰ
1283 791 1396 828 γνώμην
1417 791 1464 818 τοῦ
1476 790 1608 818 δεσπότου
1624 789 1702 824 ἀνδρὶ
1729 787 1830 822 ἑαυτὴν

1044 838 1197 872 ἐκδιδοῦσα,
1217 839 1382 874 ὲπόρνευσεν
1398 845 1405 852 “
1419 838 1474 874 ἡδὲ
1489 837 1560 872 μετὰ
1572 836 1660 864 ταῦτα
1684 835 1832 870 πεπαρρη-

1046 885 1185 919 σιασμένῳ
1201 885 1282 920 γάμῳ
1296 885 1469 920 χρησαμένη,
1484 884 1609 919 ἐγήματο
1620 891 1627 898 ⁸
1646 882 1716 909 ὥστε
1744 882 1834 908 ἐκεῖνο

1047 929 1098 964 μὲν
1112 930 1234 964 πορνεία,
1248 928 1328 956 τοῦτο
1342 929 1370 956 δὲ
1387 930 1476 964 γάμος
1493 937 1500 944 ·
1516 929 1544 956 αι
1555 929 1608 964 γὰρ
1633 927 1763 963 συνθῆκαι
1778 926 1834 953 τῶν

1045 975 1226 1008 ὑπεξουσιων,
1244 975 1321 1002 οὐδὲν
1336 975 1429 1010 έχουσι
1449 974 1568 1010 βέϐαιον.

1083 1021 1138 1057 μβ¹.
1162 1022 1193 1048 Οί
1221 1020 1287 1048 ἄνευ
1313 1021 1367 1048 τῶν
1391 1020 1565 1057 κρατούντων
1587 1019 1683 1055 γάμοι,
1711 1017 1836 1053 πορνεῖαι

1046 1067 1116 1094 εἰσιν
1132 1074 1139 1081 ·
1171 1065 1234 1093 οὔτε
1256 1063 1302 1093 οὖν
1329 1065 1433 1102 πατρὸς
1462 1065 1573 1098 ζῶντος,
1605 1065 1668 1092 οὔτε
1693 1065 1835 1096 δεσπότου,

1046 1112 1073 1140 οι
1097 1112 1232 1144 συνιόντες
1257 1111 1398 1140 ὰνεύθυνοί
1414 1112 1483 1139 εἰσιν
1499 1120 1506 1128 ο
1521 1111 1593 1139 ὥστε
1615 1111 1663 1138 ἐὰν
1686 1109 1836 1137 ὲπινεύσω-

1049 1167 1091 1185 σιν
1122 1158 1148 1186 οἱ
1174 1158 1264 1193 κύριοι
1288 1158 1337 1194 τὴν
1361 1158 1540 1193 συνοίκησιν,
1569 1157 1631 1185 τότε
1663 1156 1797 1191 λαμϐάνει
1822 1155 1837 1182 6

1048 1204 1137 1240 γάμος
1152 1203 1182 1230 τδ
1197 1204 1318 1240 βέϐαιον.

1090 1293 1122 1321 Ἦ
1134 1293 1280 1326 ὑπεεουσία
1291 1293 1308 1329 ἢ
1318 1295 1332 1321 6
1342 1293 1512 1327 ὑπεξούσιος,
1526 1293 1556 1320 οὐ
1573 1292 1701 1320 δύνανται
1716 1291 1838 1326 νομίμως

1050 1340 1161 1375 γαμεῖν,
1197 1339 1234 1375 μὴ
1259 1339 1446 1372 ωναινοῦντος
1467 1339 1514 1367 τοῦ
1531 1339 1639 1375 ἔχοντος
1662 1337 1760 1368 αὐτοὺς
1786 1337 1839 1363 ὑπ-

1049 1384 1198 1418 ιξουσίους.
1208 1385 1246 1417 ὠς
1263 1385 1334 1421 βισλ.
1346 1385 1367 1412 ε’
1379 1384 1426 1412 τοῦ
1440 1385 1580 1418 κὼδ.,τίτ.
1594 1384 1626 1418 δ’,
1644 1385 1692 1411 καὶ
1705 1383 1775 1418 βισλ.
1785 1380 1840 1415 κγ’,

1049 1431 1104 1457 τίτ.
1118 1429 1141 1465 β’
1157 1438 1164 1445 ’
1182 1431 1207 1457 εί
1222 1429 1259 1465 μὴ
1271 1430 1414 1464 γεγονυῖαν
1429 1429 1478 1465 τὴν
1499 1429 1638 1464 θυγατέρα
1653 1431 1692 1454 κε’
1708 1426 1842 1454 ἐνιαυτῶν

1052 1475 1202 1511 ὑπερέθετο
1226 1474 1339 1508 ζεῦξαι·
1359 1475 1420 1502 τότε
1436 1475 1492 1510 γὰρ
1507 1474 1607 1509 ἑαυτὴν
1620 1473 1755 1507 ἐλευθέρῳ
1780 1471 1842 1503 ζεῦ-

1051 1521 1094 1554 ξαι
1113 1521 1236 1554 δύναται,
1268 1521 1306 1552 ὡς
1336 1520 1353 1556 ἡ
1381 1521 1447 1557 περὶ
1468 1521 1524 1548 τῶν
1544 1521 1592 1547 ἐπὶ
1626 1519 1720 1554 κλήρῳ
1745 1518 1843 1552 ἀχαρι-

1050 1567 1132 1596 στιῶν
1145 1567 1197 1604 ρβ¹.

207 1610 349 1647 trimonioj
364 1611 479 1647 iungere
504 1616 594 1648 potest
611 1620 618 1640 :
635 1611 867 1648 quemadmodum
882 1619 943 1648 quae
961 1612 995 1641 de
1028 1613 1222 1649 ingratitudine
1247 1613 1388 1641 heredum
1419 1610 1548 1649 [spectat]
1576 1610 1687 1638 Novella
1713 1609 1766 1637 112
1781 1607 1845 1645 [do-

207 1656 274 1693 cet].

243 1711 322 1740 CAP.
340 1712 362 1740 Χ
374 1727 409 1733 -
419 1712 457 1740 De
472 1713 578 1748 feminis
597 1721 656 1748 quae
668 1717 760 1748 partus
774 1720 836 1741 suos
851 1713 1004 1741 interimam

210 1765 244 1785 ea:
261 1758 439 1792 fornicatione
451 1763 597 1793 conceptos.

391 1813 503 1842 Concilii
524 1813 660 1849 Ancyrani
675 1821 761 1840 canon
780 1813 825 1841 21.

246 1861 292 1888 21.
313 1860 349 1888 De
365 1860 537 1892 mulieribus,
555 1866 616 1894 quae
633 1865 697 1886 sunt
713 1858 874 1891 fornicata,
888 1863 916 1886 et
931 1858 1003 1886 fetus

211 1908 239 1936 in
260 1911 337 1933 utero
359 1906 514 1940 perimunt,
535 1909 564 1932 et
590 1904 694 1932 fetuum
716 1905 863 1932 necatoriis
882 1905 1004 1932 medica-

211 1953 313 1981 mentis
328 1951 460 1979 faciendis
476 1951 541 1979 dant
568 1959 693 1986 operam,
712 1951 786 1986 prior
801 1950 910 1986 quidem
924 1951 1006 1987 430

212 1998 335 2026 definitio
357 2005 445 2032 usque
467 1997 502 2025 ad
524 1997 586 2024 vitae
602 1997 706 2024 exitum
729 1996 909 2031 prohibebat.
936 2003 964 2024 et
981 1997 1006 2024 ei

213 2045 324 2080 quidam
341 2044 540 2071 assentiuntur.
559 2042 612 2070 Sed
628 2043 797 2070 humanitate
816 2047 906 2070 tamen
926 2047 1004 2070 uten-

213 2096 271 2124 tes,
296 2090 469 2118 decrevimus
481 2108 488 2122 ,
507 2094 537 2121 ut
556 2089 720 2118 decennium
739 2096 787 2124 per
800 2089 901 2124 gradus
916 2087 1005 2124 praeﬁ-

214 2138 287 2166 nitos
297 2137 437 2172 impleant.

373 2190 487 2219 Concilii
505 2191 656 2219 acumenici
672 2199 697 2218 vr
707 2190 848 2219 canan91.

248 2238 294 2266 9|.
312 2237 366 2268 Eas
384 2245 446 2274 qua:
471 2238 539 2267 dant
553 2238 726 2265 abortionem
743 2237 873 2265 facientia
888 2236 1008 2264 medica-

215 2290 318 2317 menta,
345 2292 371 2312 et
402 2291 461 2320 qua
492 2283 564 2312 fetus
584 2283 711 2311 necantia
741 2290 846 2311 venena
859 2283 1008 2318 accipiunt,

218 2331 362 2360 homicidae
374 2331 466 2367 pmnis
482 2330 656 2365 subjicimus.

426 2385 522 2413 Basilii
531 2393 644 2412 canones
666 2384 695 2418 2,
711 2385 738 2418 8,
757 2384 801 2412 5'2.

253 2432 281 2460 2.
300 2431 409 2465 Quaado
420 2431 555 2459 industria
570 2430 653 2458 fetum
669 2429 803 2464 corrupit,
824 2429 906 2457 caedis
917 2436 1011 2463 pmnas

221 2478 283 2505 luit.
306 2477 345 2504 De
362 2476 480 2504 formato
494 2481 586 2503 autem
604 2480 653 2503 aut
671 2474 784 2502 informi
808 2475 937 2503 subtilius
955 2484 1011 2503 non

223 2523 399 2558 inquirimus.
417 2521 467 2549 Hic
482 2521 555 2549 enim
578 2529 632 2548 non
653 2521 680 2547 id
695 2520 776 2547 modo
792 2520 866 2554 quod
890 2521 1012 2549 nascitu-

223 2578 284 2597 rum
300 2573 369 2601 erat,
391 2568 555 2600 vindicatur,
574 2566 624 2595 sed
641 2566 722 2594 etiam
746 2566 792 2593 illa
805 2566 945 2601 ipsa,quae
959 2567 1012 2594 sibi

223 2616 338 2644 insidias
360 2615 477 2650 paravit,
493 2613 624 2655 quoniam
648 2618 678 2639 ut
697 2612 847 2648 plurimum
876 2613 1014 2641 intereunt

223 2664 252 2690 in
265 2661 402 2697 ejusmodi
417 2659 533 2694 inceptis
557 2658 697 2685 mulieres.
718 2656 777 2684 lluc
793 2663 885 2685 autent
909 2659 1014 2686 accedit

223 2714 251 2737 et
267 2709 337 2736 fetus
363 2706 502 2741 interitus.
513 2705 602 2741 caedes
627 2704 723 2739 altera,
747 2703 844 2731 saltem
870 2704 893 2732 si
908 2704 1014 2732 consilii

224 2763 319 2783 eorum
334 2754 381 2790 qui
397 2754 454 2781 haec
467 2752 578 2791 audent,
592 2751 663 2779 ratio
676 2751 820 2778 habeatur.
839 2750 950 2786 Oportet
966 2759 1017 2778 au-

226 2805 280 2828 tem
299 2808 352 2828 non
368 2800 402 2827 ad
420 2799 527 2827 obitum
543 2804 631 2832 usque
654 2796 842 2831 pceniteutiam
860 2805 954 2824 earum
968 2804 1016 2824 ex-

227 2847 352 2881 tendere,
375 2845 423 2875 sed
446 2845 542 2873 decent
565 2842 675 2879 quidem
698 2850 832 2871 annorum
858 2849 1015 2871 mensuram

1024 2193 1047 2222 D

1091 1713 1360 1750 ΚΕΦΔΔ.ι1¹.-11ερι
1370 1712 1584 1749 πορνευουσῶν
1594 1711 1643 1739 καὶ
1654 1707 1846 1745 ἀναιρουσῶν

1054 1760 1092 1789 τὰ
1103 1761 1272 1797 τικτόμενα.

1196 1818 1334 1846 Συνόόου
1364 1817 1512 1852 Ἀγκύρας
1533 1816 1634 1844 κανὼν
1648 1818 1702 1843 xa'.

1088 1867 1142 1891 κα’.
1151 1865 1187 1891 II:
1191 1863 1219 1899 ρὶ
1224 1863 1278 1890 τῶν
1284 1863 1422 1898 γυναικῶν
1430 1862 1484 1890 τῶν
1492 1864 1656 1898 ὲκπορνευου
1660 1861 1713 1888 σῶν
1718 1860 1766 1887 καὶ
1774 1859 1850 1886 ἀναι-

1055 1910 1159 1947 ρουσῶν
1184 1909 1220 1936 τὰ
1248 1909 1416 1944 γεννώμενα,
1433 1909 1482 1936 καὶ
1507 1907 1718 1939 σπουδαζουσῶν
1745 1905 1848 1940 φθόρια

1055 1957 1154 1990 ποιεῖν,
1172 1956 1187 1983 ό
1213 1955 1264 1990 μὲν
1283 1955 1416 1990 πρότερος
1431 1955 1491 1990 ὄρος
1508 1954 1604 1990 μέχρις
1615 1953 1704 1986 ἐξόδου
1731 1950 1847 1983 ἐκώλυε,

1056 2001 1104 2028 καὶ
1118 1999 1206 2035 τούτῳ
1230 1999 1399 2027 συντίθενται
1411 2007 1420 2015 ⁸
1434 1998 1690 2033 φιλανθρωπότερον
1707 1997 1736 2023 δέ
1758 2004 1786 2022 τι
1802 1995 1850 2021 εὑ-

1059 2045 1161 2081 ρόντες,
1175 2044 1315 2080 ὡρίσαμεν
1339 2044 1454 2079 δεκαετῆ
1481 2044 1578 2080 χρόνον
1601 2042 1674 2070 κατὰ
1695 2042 1759 2074 τοὺς
1801 2041 1850 2076 βα-

1059 2092 1145 2128 θμοὺς
1158 2091 1221 2124 τοὺς
1236 2090 1406 2127 ὡρισμένους
1424 2089 1581 2125 πληρῶσαι.

1113 2191 1248 2220 Συνόδου
1274 2189 1485 2226 οὶκουμενικῆς
1508 2189 1599 2224 ἕκτης
1613 2186 1713 2216 κανὼν
1732 2189 1776 2220 [ια’

1096 2240 1151 2272 μα’.
1168 2237 1224 2269 Τὰς
1239 2236 1273 2264 τὰ
1289 2236 1478 2272 ἀμϐλωθρίδια
1493 2235 1617 2266 διδούσας
1635 2234 1781 2269 φάρμακα.
1804 2231 1855 2258 καὶ

1059 2282 1109 2314 τὰς
1127 2281 1276 2317 δεχομένας
1298 2281 1335 2308 τὰ
1363 2280 1552 2316 ὲμὸρυοκτόνα
1573 2279 1736 2315 δηλητήρια,
1749 2277 1789 2312 τῷ
1804 2276 1854 2303 τοῦ

1061 2328 1165 2363 φονέως
1181 2328 1312 2362 ἐπιτιμίῳ
1325 2326 1580 2361 καθυποὸάλλομεν.

1236 2381 1399 2409 Βασιλείου
1420 2380 1521 2409 κανὼν
1528 2379 1562 2416 β’,
1574 2379 1609 2415 η’,
1624 2379 1672 2414 νβ’.

1098 2429 1131 2464 β’.
1159 2429 1193 2456 Ἦ
1219 2429 1354 2464 φθείρασα
1379 2429 1438 2455 κατ’
1465 2427 1648 2462 ἐπιτήδευσιν,
1663 2425 1743 2460 φόνου
1774 2424 1856 2459 δίκην

1063 2476 1159 2511 ὑπέχει
1175 2483 1183 2492 ·
1195 2474 1372 2510 ἀκριϐολογία
1393 2474 1448 2509 γὰρ
1465 2472 1716 2509 ὲκμεμορφωμένου
1734 2471 1782 2498 καὶ
1806 2472 1858 2497 ἀν-

1067 2521 1249 2554 εξεικονίστον
1264 2520 1329 2555 παρ’
1344 2520 1409 2554 ἡμῖν
1423 2518 1472 2545 οὐκ
1483 2518 1567 2545 ἔστιν’
1584 2517 1701 2545 ἐνταῦθα
1712 2516 1766 2551 γὰρ
1783 2515 1858 2541 ἐκδι-

1065 2569 1152 2595 κεῖται
1163 2567 1194 2594 οὐ
1215 2566 1295 2602 μόνον
1308 2566 1338 2593 τδ
1353 2564 1562 2600 γεννησόμινον,
1584 2563 1653 2590 ἀλλὰ
1678 2562 1726 2590 καὶ
1748 2560 1819 2596 αὑτὴ
1839 2561 1856 2595 ἠ

1066 2615 1150 2649 ἑαυτῇ
1166 2611 1399 2640 ἐπιϐουλεύσασα·
1417 2610 1484 2638 διότι
1494 2609 1532 2642 ὡς
1550 2609 1597 2636 ἐπὶ
1614 2609 1681 2636 πολὺ
1704 2606 1859 2642 ἐναποθνή-

1067 2668 1162 2686 σκουσι
1177 2659 1237 2690 ταῖς
1256 2657 1396 2689 τοιαύταις
1422 2656 1626 2691 ὲπιχειρήσεσιν
1653 2654 1680 2681 αἱ
1705 2654 1836 2687 γυναῖκες
1850 2660 1858 2667 ·

1066 2707 1196 2742 πρόσεστι
1217 2704 1246 2731 δὲ
1266 2704 1353 2739 τούτῳ
1373 2703 1420 2730 καὶ
1443 2704 1461 2738 ἡ
1489 2701 1577 2737 φθορὰ
1589 2700 1636 2727 τοῦ
1656 2698 1785 2735 ὲμΰρύου,
1799 2698 1863 2724 ἓτε-

1067 2761 1113 2786 ρος
1133 2752 1212 2787 φόνος
1227 2751 1298 2778 κατά
1314 2759 1346 2785 γε
1354 2750 1403 2786 τὴν
1417 2748 1540 2775 ἐπίνοιαν
1554 2747 1608 2774 τῶν
1625 2745 1709 2772 ταῦτα
1732 2742 1861 2778 τολμών-

1067 2806 1121 2825 των
1139 2807 1146 2814 ·
1163 2798 1204 2824 δεῖ
1219 2797 1312 2833 μέντοι
1339 2795 1377 2830 μὴ
1397 2794 1478 2830 μέχρι
1499 2793 1548 2828 τῆς
1567 2792 1657 2825 ἐξόδου
1684 2789 1865 2825 παρατείνειν

1068 2844 1158 2872 αὐτῶν
1176 2843 1226 2880 τὴν
1254 2841 1459 2878 ἐξομολόγησιν,
1476 2839 1544 2868 ἀλλὰ
1573 2836 1701 2873 δέχεσθαι
1729 2835 1779 2872 μὲν
1802 2834 1863 2862 τῶν
