1959 3060
113 151 164 190 921

500 150 702 183 SYNTAGMA
719 151 912 184 CANONUM.
927 166 962 172 -
973 150 1048 184 ΤΙΤ.
1067 152 1150 192 XIII,
1170 153 1249 184 CAP.
1267 153 1320 191 1X,
1332 152 1369 183 Χ.

1689 151 1742 185 922

114 210 180 238 δέκα
204 207 274 236 ιτῶν
291 206 322 235 τδ
344 206 444 244 μέτρον
456 215 464 224 ·
479 208 582 244 ὁρίζειν
601 209 631 235 δὲ
646 208 689 245 ,μὴ
712 209 810 245 χρόνῳ,
833 208 902 237 ἀλλά

964 209 1110 245 iccipiant,
1133 210 1281 237 deliniatur
1296 214 1386 237 autem
1407 208 1516 237 curatio
1537 216 1591 237 non
1609 213 1741 245 tempore.

115 254 210 292 τρόπῳ
220 254 271 289 τῆς
286 254 432 290 μετανοίας
445 253 494 289 τὴν
510 253 669 289 θεραπείαν.

150 304 186 337 η’.
196 301 225 328 '0
237 299 315 336 ἀξίνῃ
326 301 401 335 παρὰ
410 300 455 327 τὸν
468 299 553 335 θυμὸν
568 301 638 327 κατὰ
646 300 696 335 τῆς
707 299 805 327 ἑαυτοῦ
819 308 906 335 γαμε-

115 346 166 382 τῆς
187 345 369 382 χρησάμενος,
383 344 479 380 φονεύς
494 345 567 371 ἐστιν
582 353 590 360 ·
603 344 693 377 καλῶς
728 345 757 371 δέ
780 353 814 379 με
845 345 899 372 ὐπ-

118 392 239 428 μένησας
248 392 295 418 καὶ
315 390 398 423 ἀξίως
410 391 461 425 τῆς
476 389 573 417 ἑαυτοῦ
586 390 729 424 συνέσεως,
740 391 826 417 εἰπεῖν
843 391 907 426 περὶ

115 438 218 465 τούτων
235 438 403 474 πλατύτερον
420 445 428 454 ’
445 437 513 464 διότι
537 437 635 465 πολλαὶ
649 437 678 464 ὲν
691 439 747 469 τοῖς
772 437 907 469 ἑκουσίοις

116 485 164 512 καὶ
177 485 234 516 τοῖς
249 484 386 515 ἀκουσίοις
403 483 530 519 διαφοραί
539 492 547 500 ⁸
563 482 693 510 ἀκούσιον
717 483 767 518 μὲν
783 483 837 519 γάρ
849 484 907 510 ἐστι

117 530 257 563 παντελῶς
272 529 320 557 καὶ
339 530 435 566 πόρρω
448 530 496 556 τοῦ
513 529 710 564 κατάρξαντος,
722 529 752 556 16
767 529 907 556 ἀκοντίσαι

116 575 190 602 λίθον
215 575 262 602 ἐπὶ
289 575 391 611 κύναῆ
415 575 535 610 δένδρον,
550 575 597 602 καὶ
624 574 769 610 ἀνθρώπου
789 576 880 610 τυχεῖν
897 583 906 591 ·

116 622 134 657 ὴ
147 621 197 656 μὲν
211 622 265 657 γὰρ
278 621 350 657 ὁρμὴ
367 618 440 656 ἦντὸ
454 620 548 656 θηρίον
561 620 727 656 ἀμύνασθαι,
739 620 756 656 ἢ
770 621 815 647 16v
832 629 903 656 καρ-

117 667 168 694 πὸν
198 668 377 694 κατασεῐσαι·
402 666 491 702 ὑπέϐη
518 666 547 693 δὲ
571 666 733 701 αὐτομάτως
754 667 788 702 τῇ
815 667 906 702 πληγῇ

117 712 188 740 κατὰ
219 712 335 747 πάροδον
371 713 385 739 6
418 712 588 748 παραπεσὼν
601 721 609 728 ·
639 712 711 738 ὥστε
737 712 768 739 τὸ
787 712 908 739 τοιοῦτον

117 758 244 785 ἀκούσιον
260 757 408 785 ’ἀκούσιον
429 759 532 794 μέντοι,
563 758 611 785 καὶ
633 758 660 785 εῐ
673 767 716 790 τις
746 758 908 794 βουλόμενος

117 804 277 839 ἑπιστρέψαι
289 805 360 837 τινὰ,
370 805 463 840 ίμάντι
475 805 492 841 ἦ
506 805 596 840 ῥάϐδῳ
612 806 649 840 μὴ
660 805 786 841 σκληρῶς
799 803 906 838 τύπτοι,

116 850 247 878 ἀποθάνοι
268 850 297 877 δὲ
325 852 340 877 6
364 851 534 886 τυπτόμενος
554 860 562 867 ·
590 852 606 884 ἡ
627 852 683 886 γὰρ
705 851 836 887 πρόθεσις
864 852 907 877 ὲν-

115 896 202 923 ταῦθα
217 897 368 929 σκοπεῖται,
381 897 421 924 ὅτι
436 896 583 931 βελτιῶσαι
600 897 731 932 ἠϐούλετο
743 897 790 924 τὸν
814 898 904 933 ἀμαρ-

115 942 239 975 τάνοντα,
262 942 312 969 οὐκ
334 942 454 969 ἀνελεῖν·
471 944 500 971 ὲν
523 943 580 975 τοῖς
604 943 741 975 ἀκουσίως
768 943 828 970 ἐστὶ
851 944 904 970 κὰ-

116 989 199 1020 κεῖνο,
218 987 249 1014 16
273 987 445 1024 ἀμυνόμενόν
467 997 530 1016 τινα
545 989 574 1016 ὲν
589 989 672 1025 μάχῃ,
693 988 803 1025 ξύλῳ,ἢ
821 989 904 1024 χειρὶ,

115 1034 234 1069 ἀφειδῶς
250 1036 297 1062 ἐπὶ
312 1035 347 1064 τὰ
366 1035 463 1073 καίρια
480 1035 531 1072 τὴν
555 1035 663 1071 πληγὴν
687 1037 810 1070 ἐνεγκεῖν
831 1036 904 1063 ὥστε

114 1081 240 1108 κακῶσαι
257 1082 350 1116 αὑτὸν,
369 1081 417 1118 οὐχ
438 1081 508 1109 ὥστε
531 1082 672 1115 παντελῶς
698 1083 822 1110 ἀνελεῖν·
836 1083 904 1110 ἀλλὰ

113 1127 194 1154 τοῦτο
206 1127 256 1163 ἤδη
273 1128 450 1163 προσεγγίζει
476 1127 516 1163 τῷ
533 1128 649 1163 ἑκουσίῳ
662 1136 669 1143 ·
687 1129 701 1155 ὁ
716 1128 770 1164 γὰρ
784 1128 905 1164 τοσούτῳ

114 1173 288 1209 χρησάμενος
298 1173 405 1208 ὀργάνῳ
421 1173 489 1209 πρὸς
505 1173 622 1209 ἄμυναν,
637 1174 653 1209 ἢ
667 1174 682 1200 6
697 1174 734 1209 μὴ
748 1173 901 1209 πεφεισμέ-

115 1227 169 1250 νως
180 1218 229 1254 τὴν
238 1219 345 1254 πληγὴν
361 1218 520 1253 ἐπαγαγὼν,
534 1219 615 1254 δῆλός
631 1220 690 1246 ἐστι
705 1219 749 1246 διὰ
762 1219 792 1245 16
803 1228 906 1254 κεκρα-

114 1263 216 1298 τῆσθαι
242 1263 295 1290 ὑπὸ
315 1263 363 1290 τοῦ
389 1263 493 1296 πάθους
518 1263 636 1298 ἀφειδῶς
663 1263 710 1290 τοῦ
733 1263 878 1298 ἀνθρώπου
897 1271 905 1279 ο

115 1309 217 1343 ὁμοίως
227 1310 274 1336 καὶ
285 1310 299 1336 6
314 1309 385 1345 ξύλῳ
405 1309 484 1345 βαρεῖ
499 1309 546 1335 καὶ
563 1310 577 1336 6
593 1308 660 1343 λίθῳ
674 1307 777 1344 μείζονι
796 1308 846 1342 τῆς
860 1308 907 1335 δυ-

115 1354 226 1390 νάμεως
240 1354 290 1389 τῆς
311 1354 486 1390 ἀνθρωπίνης
499 1354 683 1390 χρησάμενος,
695 1355 751 1386 τοῖς
769 1353 908 1386 ἀκουσίοις

115 1400 317 1437 ἐναριθμεῖται,
334 1401 398 1429 ἀλλο
427 1401 477 1437 μέν
500 1410 527 1428 τι
539 1400 732 1437 προελόμενος,
746 1400 811 1428 ἀλλο
828 1399 858 1426 δέ
880 1408 907 1427 τι

117 1449 233 1482 ποιήσας
248 1455 254 1462 ·
270 1448 322 1475 ὑπὸ
345 1447 400 1483 γὰρ
425 1447 472 1474 τοῦ
483 1447 570 1484 θυμοῦ
585 1445 713 1482 τοιαύτην
733 1447 833 1483 ἧνεγκε
857 1447 908 1481 τὴν

118 1494 243 1529 πληγήν·
260 1493 332 1521 ὥστε
358 1494 480 1522 ἀνελθεῖν
510 1494 556 1521 τὸν
584 1493 723 1530 πληγέντα
739 1513 746 1526 ,
774 1492 865 1520 καίτοι
888 1492 905 1528 ἡ

118 1540 219 1576 σπονδὴ
242 1539 277 1577 ἦν
307 1541 382 1576 αὑτῷ
411 1541 555 1576 συντρίψαι
587 1540 685 1576 τυχὸν,
716 1540 776 1575 οὐχὶ
802 1539 831 1566 δὲ
860 1539 946 1584 κα.ὶο

118 1585 258 1617 παντελῶς
283 1586 439 1613 θανατῶσαι
452 1594 459 1602 ·
476 1587 491 1612 6
509 1586 602 1621 μέντοι
627 1585 699 1620 ξίφει
719 1585 904 1620 χρησάμενος,

119 1631 137 1667 ἢ
159 1631 285 1667 ᾡτινιοῦν
307 1631 568 1667 τοιούτῳ,οὑδεμίαν
580 1630 636 1666 ἔχει
655 1630 821 1667 παραίτησιν
836 1638 845 1646 ·
863 1630 911 1657 καὶ

120 1678 238 1714 μάλιστα
252 1678 266 1704 6
284 1677 335 1714 τὴν
351 1678 445 1715 ἀξίνην
459 1677 606 1709 ἀκοντίσας
624 1685 631 1693 ·
645 1676 694 1703 καὶ
715 1676 769 1712 γὰρ
780 1676 840 1703 οὐδὲ
857 1675 911 1703 ἀπὸ

118 1724 212 1760 χειρὸς
228 1724 354 1759 φαίνεται
365 1723 478 1758 πλήξας,
491 1718 562 1751 ὥστε
579 1723 610 1750 16
625 1723 726 1758 μέτρον
741 1723 790 1758 τῆς
805 1722 912 1757 πληγῆς

120 1769 165 1797 ἐπ’
179 1770 255 1806 αὺτῷ
270 1768 351 1802 εἶναι,
365 1769 422 1796 ἀλλ’
437 1769 581 1804 ὴκόντισεν
601 1776 609 1784 ·
626 1769 697 1796 ὥστε
717 1769 764 1795 καὶ
778 1768 817 1804 τῷ
833 1768 912 1803 βάρει

119 1815 167 1843 τοῦ
181 1816 303 1851 σιδήρου,
318 1816 366 1843 καὶ
377 1817 409 1851 τῇ
422 1816 512 1850 ἀκμῇ,
523 1815 571 1842 καὶ
583 1815 616 1850 τῇ
630 1814 674 1842 διά
684 1814 813 1841 πλείστου
829 1814 910 1850 φορᾷ,

119 1861 245 1897 ὀλεθρίαν
270 1861 428 1895 ἀναγκαίως
454 1861 504 1895 τὴν
530 1859 640 1895 πληγὴν
662 1858 790 1893 γενέσθαι
807 1865 814 1873 ·
835 1858 913 1884 ἑκού-

121 1915 180 1934 σιον
195 1907 224 1934 δὲ
241 1906 322 1934 πάλιν
347 1905 500 1938 παντελῶς,
518 1906 566 1932 καὶ
591 1904 720 1939 οὐδεμίαν
747 1903 912 1938 ἀμφιὸολίαν

120 1952 194 1988 ἕχον,
207 1950 264 1979 οἷόν
274 1952 333 1978 ἐστι
346 1951 377 1978 16
388 1952 444 1978 τῶν
460 1951 566 1987 λῃστῶν
579 1950 627 1976 καὶ
639 1949 669 1976 16
686 1948 739 1976 τῶν
754 1948 912 1983 πολεμικῶν

119 1998 224 2034 ἐφόδων
240 2006 247 2013 ·
264 1995 336 2025 οὗτοι
353 1997 402 2033 μὲν
417 1997 471 2032 γάρ
492 1996 536 2023 διὰ
549 1996 682 2032 χρήματα
701 1994 856 2030 ἀναιροῦσι,
866 1994 912 2021 τὸν

119 2044 231 2079 ἔλεγχον
256 2043 458 2079 ἀποφεύγοντες
476 2051 483 2058 ·
499 2042 569 2069 οἵτε
586 2043 616 2069 ὲν
636 2042 692 2074 τοῖς
720 2041 850 2076 πολέμοις
865 2041 911 2067 ἐπὶ

119 2091 219 2125 φόνους
250 2091 386 2127 ἔρχονται,
402 2090 465 2117 οὔτε
492 2088 696 2126 φοϐῆσαι,ούτε
721 2089 910 2124 σωφρονῆσαι,

119 2136 179 2164 ἀλλ’
201 2136 306 2164 ἀνελεῖν
331 2137 394 2168 τοὺς
419 2135 640 2171 ἐναντιουμένους
662 2135 695 2161 ὲκ
722 2133 768 2161 τοῦ
793 2133 911 2169 φανεροῦ

119 2182 334 2218 προαιρούμενοι
349 2191 356 2198 ·
372 2182 420 2209 καὶ
440 2182 531 2217 μέντοι
542 2181 594 2208 κᾶν
610 2180 644 2207 δι’
658 2180 742 2216 ἄλλην
752 2180 813 2207 τινὰ
822 2179 912 2206 αίτίαν

955 255 1004 284 sed
1018 256 1185 291 pmnitentiae
1200 256 1293 284 modo.

990 301 1017 329 8.
1033 301 1084 334 Qui
1100 302 1136 329 ob
1160 301 1332 328 iracundiam
1358 301 1449 329 securi
1474 301 1607 329 adversus
1628 308 1741 328 uxorem

955 353 1034 374 suam
1048 354 1114 374 usus
1129 351 1181 379 est,
1195 350 1237 373 est
1254 346 1403 374 homicida.
1420 346 1504 374 Recte
1521 350 1613 374 autem
1630 354 1673 374 me
1693 348 1743 373 ad-

957 392 1098 425 monuisti,
1114 397 1142 419 et
1160 393 1199 420 uti
1226 396 1301 420 tuam
1318 393 1481 427 sapientiam
1499 393 1601 425 decuit,
1615 397 1644 420 ιιι
1655 392 1744 420 fusius

957 437 990 464 de
1005 437 1048 464 his
1060 437 1193 470 dicerem,
1209 441 1354 473 propterea
1370 437 1444 472 quod
1466 437 1550 464 multa
1573 438 1600 464 in
1615 437 1743 464 volunta-

957 482 1006 509 riis
1020 487 1047 509 et
1060 482 1250 511 involuntariis
1277 483 1448 510 discrimina.
1467 482 1513 511 Est
1531 484 1604 511 enitn
1620 483 1746 511 involnn-

957 528 1057 555 tarium
1071 527 1193 561 omnino,
1209 533 1236 555 et
1247 528 1327 563 longe
1339 536 1354 556 a
1366 529 1483 556 consilio
1496 529 1559 563 ejus
1573 529 1619 564 qui
1631 529 1743 563 iitCepit,

957 578 1106 605 remotum,
1120 573 1185 600 dttm
1200 573 1269 608 lapis
1281 573 1384 608 jacitur
1396 573 1423 601 in
1435 581 1531 601 canem
1547 578 1595 601 aut
1609 575 1744 607 arborem,

957 619 1096 646 hominem
1113 619 1258 654 attingere.
1281 618 1456 654 Propositum
1473 621 1547 647 enim
1565 619 1616 647 fuit
1631 619 1744 647 bestiam

956 663 1118 698 propulsare
1136 668 1183 691 aut
1204 663 1324 691 fructum
1343 669 1490 692 excutere:
1515 665 1561 693 sed
1583 666 1667 692 ictum
1690 664 1747 691 for—

957 709 1027 737 tuito
1050 709 1135 736 subiit
1156 709 1203 745 qui
1220 710 1358 738 transiens
1383 711 1514 743 occurrit,
1531 718 1616 745 quare
1635 711 1687 738 hoc
1704 710 1747 737 in-

956 754 1142 782 voluntarium
1170 759 1222 783 est.
1240 754 1274 783 Et
1297 755 1368 783 illud
1393 764 1504 791 quoque
1530 756 1746 784 involuntarium

957 804 1009 834 est,
1023 801 1045 828 si
1057 802 1120 836 quis
1133 800 1227 829 volens
1241 802 1359 837 aliquem
1375 803 1521 837 castigare,
1540 803 1599 830 loro
1613 804 1655 830 vel
1671 803 1747 836 virga

958 853 1012 873 non
1029 847 1096 873 dura
1120 854 1184 874 eum
1201 848 1347 881 percutiat,
1364 849 1500 875 moriatur
1516 853 1608 876 autem
1624 849 1669 882 qui
1685 857 1747 884 per-

959 899 1057 919 cussus
1070 895 1123 920 est.
1138 891 1218 927 43],
1245 892 1417 927 Propositum
1431 894 1503 920 enim
1522 894 1567 922 hic
1590 895 1748 921 considera-

960 939 1014 969 tur,
1036 936 1101 971 quia
1126 941 1286 971 peccantem
1309 939 1446 972 corrigere
1465 939 1563 972 voluit,
1587 947 1641 966 non
1656 939 1747 967 interi-

959 989 1045 1010 mere.
1068 982 1239 1010 Recensetur
1258 987 1286 1011 et
1303 983 1368 1011 illud
1385 984 1457 1012 inter
1473 984 1667 1016 involuntaria,
1685 992 1748 1012 cum

958 1029 1020 1063 quis
1037 1029 1064 1056 in
1085 1036 1178 1063 pugna
1198 1029 1317 1064 aliquem
1335 1029 1411 1065 ligno
1438 1029 1480 1057 vel
1501 1038 1584 1058 manu
1602 1031 1748 1066 repellens,

960 1080 1016 1100 non
1040 1080 1122 1108 parce
1137 1073 1165 1100 in
1191 1073 1344 1108 prmeipuas
1361 1077 1453 1108 partes
1477 1073 1561 1101 ictum
1584 1077 1702 1108 torquet,
1720 1079 1748 1101 ut

960 1126 1022 1146 eum
1049 1119 1139 1153 laedat,
1165 1127 1220 1146 non
1247 1124 1278 1146 ut
1303 1119 1418 1146 omnino
1445 1119 1601 1148 interﬁciat.
1615 1120 1669 1148 Sed
1696 1120 1750 1148 hoc

961 1164 1071 1199 quidem
1086 1165 1234 1193 acceditad
1246 1164 1443 1194 voluntarium.
1459 1165 1511 1199 Qui
1525 1167 1599 1194 enim
1616 1167 1750 1202 ejusmodi

960 1209 1145 1238 instrumento
1168 1211 1202 1238 ad
1218 1218 1249 1238 se
1264 1210 1466 1239 defendendum
1491 1219 1559 1240 usus
1573 1216 1625 1245 est,
1643 1212 1684 1239 Vel
1701 1212 1750 1248 qui

961 1264 1017 1284 non
1039 1264 1120 1291 parce
1139 1256 1224 1284 ictum
1247 1257 1358 1290 inﬂixit,
1381 1257 1466 1293 liquet
1484 1265 1547 1285 eum
1571 1258 1632 1287 ideo
1647 1258 1750 1286 homini

963 1308 1019 1329 non
1034 1302 1201 1339 pepercisse,
1226 1303 1299 1337 quod
1314 1303 1353 1330 ira
1367 1303 1458 1331 victus
1479 1303 1572 1331 fuerit.
1588 1303 1633 1332 Sic
1654 1309 1681 1332 et
1703 1304 1751 1339 qui

962 1346 1038 1382 gravi
1053 1346 1136 1381 ligno.
1159 1351 1187 1374 et
1203 1347 1248 1382 qui
1266 1347 1355 1382 lapide
1378 1347 1483 1382 majore
1512 1356 1594 1383 quam
1618 1357 1666 1384 pro
1683 1349 1751 1377 viri-

962 1392 1013 1420 bus
1024 1392 1151 1419 humanis
1181 1400 1247 1420 usus
1258 1397 1312 1424 est,
1327 1393 1355 1420 in
1370 1393 1563 1422 involuntariis
1579 1401 1749 1428 numeratur,

963 1442 994 1466 ut
1017 1438 1064 1473 qui
1093 1437 1166 1465 aliud
1191 1438 1322 1472 voluerit,
1341 1439 1415 1466 aliud
1435 1440 1543 1467 fecerit.
1558 1440 1627 1467 Nam
1643 1449 1698 1476 prae
1711 1441 1752 1470 ira

964 1484 1049 1512 ictum
1066 1485 1147 1512 talem
1166 1484 1269 1518 intulit,
1286 1489 1316 1514 ut
1332 1485 1414 1513 etiam
1436 1493 1598 1521 percussum
1616 1487 1754 1515 interﬁce-

961 1534 1019 1564 ret;
1033 1539 1190 1566 quanquam
1212 1530 1283 1558 i'orte
1307 1531 1335 1558 in
1356 1531 1448 1559 animo
1481 1531 1598 1560 habebat
1611 1540 1672 1560 eum
1686 1541 1754 1560 con-

963 1581 1063 1609 terere,
1089 1585 1144 1605 non
1166 1582 1257 1605 autem
1278 1577 1393 1605 omnino
1409 1577 1579 1607 interimere.
1594 1578 1647 1612 Qui
1662 1585 1753 1608 autem

965 1630 1032 1651 ense
1059 1623 1101 1650 vel
1123 1623 1220 1658 quavis
1243 1629 1274 1650 re
1288 1623 1371 1650 simili
1392 1631 1459 1651 usus
1473 1628 1526 1657 est,
1544 1625 1647 1652 nullam
1673 1626 1755 1654 habet

963 1669 1188 1697 excusationem:
1210 1672 1238 1695 et
1262 1669 1391 1701 maxime.
1413 1669 1460 1704 qui
1486 1671 1755 1705 sccurimjaculatus

965 1719 1020 1743 cst.
1038 1713 1215 1742 Manifestum
1233 1719 1276 1742 est
1288 1715 1362 1743 enim
1383 1715 1459 1742 illum
1474 1723 1554 1743 manu
1570 1725 1624 1744 non
1641 1725 1754 1752 percus-

965 1761 1045 1794 sisse,
1061 1762 1097 1789 ita
1115 1765 1146 1789 ut
1170 1762 1254 1789 ictum
1271 1762 1305 1789 ad
1331 1761 1475 1790 arbitrium
1493 1763 1628 1791 moderari
1642 1769 1754 1799 posset:

966 1807 1013 1834 sed
1040 1806 1179 1842 iaculatus
1195 1811 1249 1839 est,
1276 1807 1313 1834 ita
1327 1811 1358 1834 ut
1380 1812 1408 1835 et
1428 1808 1560 1843 gravitate
1576 1808 1640 1835 ferri
1652 1814 1679 1836 et
1698 1810 1757 1837 acie

966 1856 994 1880 et
1008 1857 1083 1880 motu
1093 1860 1107 1880 e
1121 1851 1283 1887 longinquo,
1293 1852 1366 1880 ictus
1376 1853 1533 1881 necessario
1549 1854 1658 1882 lethalis
1670 1855 1755 1882 ﬁeret.

968 1897 1075 1926 Rursus
1092 1903 1182 1926 autem
1200 1899 1314 1926 omnino
1328 1904 1371 1927 est
1389 1899 1591 1934 voluntarium,
1605 1908 1636 1928 ac
1655 1901 1756 1928 nullam

968 1944 1073 1972 habens
1097 1945 1308 1978 dubitationem,
1327 1945 1400 1979 quod
1416 1945 1446 1972 [it
1461 1953 1476 1973 a
1501 1946 1669 1980 latronibus,
1683 1952 1710 1974 et
1729 1948 1758 1974 in

966 1989 1074 2017 bellicis
1096 1989 1312 2017 incursionibus.
1336 1989 1370 2016 Hi
1392 1989 1468 2016 enim
1495 1994 1606 2024 propter
1627 1991 1758 2024 pecunias

968 2035 1141 2066 interimunt,
1164 2039 1292 2062 caventes
1315 2041 1350 2061 ne
1372 2034 1594 2061 convincantur:
1618 2040 1644 2061 et
1660 2034 1705 2069 qui
1729 2035 1756 2061 in

968 2080 1047 2109 bellis
1057 2080 1089 2107 ad
1101 2079 1202 2107 credent
1216 2078 1352 2111 feruntur,
1368 2078 1410 2105 his
1423 2085 1472 2106 nec
1485 2082 1595 2111 terrere,
1612 2087 1662 2106 nec
1675 2078 1759 2106 casti-

967 2133 1043 2162 gare,
1067 2125 1114 2153 sed
1142 2125 1317 2152 adversarios
1337 2124 1493 2152 interﬁcere
1515 2130 1609 2160 aperte
1633 2126 1758 2159 proposi-

969 2177 1025 2200 tum
1042 2176 1091 2199 est.
1108 2171 1197 2206 Atque
1212 2170 1321 2199 etiamsi
1336 2171 1397 2206 quis
1412 2174 1524 2205 propter
1541 2170 1659 2205 aliquam
1676 2170 1758 2197 aliam

119 2215 279 2265 περίεργον,
299 2215 447 2266 φάρμακόν
456 2236 497 2259 τις
514 2226 757 2262 ὲγκεράσῃ,ἀγὲλῃ
774 2225 812 2259 δὲ,
832 2225 909 2252 ἐκού-

967 2225 1078 2245 causam
1093 2217 1236 2245 curiosum
1255 2216 1434 2251 pharmaeum
1452 2215 1606 2247 miscuerit,
1624 2219 1650 2242 et
1669 2215 1755 2242 inter-

121 2284 181 2302 σιον
194 2275 324 2309 τιθέμεθα
335 2274 367 2301 16
379 2274 511 2307 τοιοῦτον,
527 2271 583 2301 οἷον
605 2272 729 2300 ποιοῦσιν
742 2273 770 2300 αί
785 2272 916 2307 γυναῖκες

120 2320 252 2352 πολλάκις
273 2320 423 2353 ἐπαοιδαῖς,
436 2329 492 2346 τισι
508 2319 557 2347 καὶ
581 2318 773 2353 καταδέσμοις,
799 2316 866 2352 πρὸς
885 2315 916 2342 τδ

120 2367 227 2394 ἑαυτῶν
241 2367 353 2403 φίλτρον
369 2367 520 2401 ἐπάγεσθαι
548 2364 730 2400 πειρώμεναι,
745 2363 793 2391 καὶ
824 2362 916 2398 προδι-

122 2413 219 2440 δοῦσαι
235 2414 328 2445 αὐτοῖς
342 2413 489 2449 φάρμακα,
507 2413 639 2439 σκότωσιν
667 2409 833 2446 ἐμποιοῦντα
856 2409 917 2439 ταῖς

122 2460 255 2491 διανοίαις
266 2468 273 2475 ·
288 2460 317 2486 al.
337 2459 462 2486 τοιαῦται
488 2458 643 2490 ἀνελοῦσαι,
658 2457 682 2483 ει
696 2456 743 2483 καὶ
760 2455 824 2482 ἄλλο
849 2463 917 2490 προ-

123 2504 268 2539 ελόμεναι,
283 2503 347 2530 ἀλλο
354 2503 498 2539 ἐποίησαν,
514 2503 590 2538 ὅμως
599 2502 644 2529 διὰ
658 2500 689 2527 τὺ
706 2499 852 2535 περίεργον
871 2497 917 2524 καὶ

123 2550 350 2586 ἀπηγορευμένον
362 2550 412 2584 τῆς
431 2548 644 2584 ἐπιτηδεύσεως,
658 2548 687 2573 ἐν
701 2547 759 2578 τοῖς
785 2543 918 2574 ἑκουσίως

124 2595 270 2630 φονεύουσι
285 2594 509 2629 καταλογίζονται
526 2600 534 2608 '
550 2593 597 2620 καὶ
612 2592 640 2619 al
655 2591 745 2618 τοίνυν
760 2590 795 2616 τά
808 2588 918 2624 ἀμῆλω-

125 2641 216 2677 θρίδια
227 2640 347 2668 διδοῦσαι
360 2641 506 2676 φάρμακα,
523 2637 680 2674 φονεύτριαί
701 2638 756 2663 είσι
777 2636 824 2662 καὶ
837 2633 920 2662 αὑταὶ

127 2687 175 2714 καὶ
184 2686 213 2713 αί
229 2686 380 2722 δεχόμεναι
393 2686 428 2713 τὰ
440 2684 611 2721 ὲμὸροκτόνα
625 2682 788 2718 δηλητήρια.

162 2777 214 2813 νβ’.
237 2777 269 2805 Ἦ
283 2777 331 2804 τοῦ
352 2777 492 2814 κυήματος
506 2776 580 2804 κατά
601 2777 651 2811 τὴν
669 2774 729 2802 666v
747 2773 920 2809 ἀμελήσασα,

128 2826 154 2852 ει
168 2824 218 2860 μὲν
225 2824 362 2860 δυναμένη
375 2822 580 2859 περισώσασθαι
596 2820 808 2856 κατεφρόνησεν,
822 2819 838 2855 ἦ
855 2827 922 2852 συγ-

131 2870 262 2906 καλύψειν
285 2870 334 2907 τὴν
360 2868 505 2906 ἁμαρτίαν
531 2867 656 2896 ἐντεῦθεν
699 2866 848 2902 νομίζουσα
862 2886 869 2898 ,
903 2865 919 2899 ἢ

966 2263 1072 2296 fecerit,
1096 2262 1123 2289 id
1147 2270 1196 2298 pro
1220 2261 1378 2290 voluntario
1401 2260 1545 2293 ducimus;
1575 2263 1604 2287 ut
1621 2267 1691 2295 saepe
1716 2260 1758 2287 fa-

966 2311 1043 2338 ciunt
1071 2308 1213 2339 mulieres,
1243 2315 1304 2343 quas
1326 2307 1491 2342 quibusdam
1523 2306 1756 2334 incantationibus

966 2361 993 2384 et
1007 2355 1134 2383 amnletis
1150 2356 1182 2382 ad
1206 2354 1249 2382 sui
1272 2361 1397 2381 amorem
1422 2354 1530 2388 aliquos
1546 2353 1685 2380 attrahere
1710 2361 1760 2380 co-

968 2406 1078 2434 nantur,
1101 2401 1224 2436 dantque
1239 2400 1321 2436 432
1337 2400 1377 2428 eis
1399 2400 1547 2435 pharmace
1568 2399 1706 2427 mentibus
1724 2404 1763 2427 te-

967 2449 1067 2476 nebras
1077 2447 1256 2475 oﬂ‘undentia.
1269 2446 1315 2474 Hae
1325 2454 1401 2481 ergo,
1411 2446 1434 2474 si
1447 2446 1645 2479 interfecerint,
1655 2446 1762 2474 etiamsi

968 2495 1039 2523 aliud
1053 2494 1188 2526 volentes,
1204 2492 1278 2521 aliud
1290 2493 1416 2526 fecerint,
1432 2497 1523 2520 tamen
1541 2497 1652 2528 propter
1671 2493 1764 2520 curio-

968 2549 1030 2570 sum
1039 2545 1066 2568 et
1075 2540 1243 2576 prohibitum
1257 2547 1326 2575 opus
1338 2539 1410 2567 inter
1422 2539 1595 2567 voluntarios
1608 2539 1764 2567 homicidas

969 2592 1139 2622 reputantur.
1153 2586 1249 2622 Itaque
1264 2591 1291 2613 et
1300 2593 1362 2621 quae
1377 2586 1500 2621 praebent
1515 2586 1667 2621 pharmaca
1683 2585 1764 2613 abor-

971 2639 1028 2661 tum
1053 2633 1166 2667 eientia,
1181 2637 1247 2661 sunt
1273 2636 1300 2660 et
1320 2632 1386 2666 ipsze
1402 2632 1557 2664 homicidzr,
1572 2632 1645 2659 sicut
1659 2637 1686 2659 et
1702 2638 1765 2666 qua:

970 2686 1075 2707 venena
1090 2678 1174 2706 letum
1193 2678 1316 2706 necantia
1333 2677 1480 2714 accipiunt.
1503 2677 1568 2706 Haec
1587 2677 1697 2713 quidem
1711 2677 1765 2704 huc

971 2733 1070 2760 usque.

1008 2771 1054 2802 5‘2,
1071 2771 1138 2804 Quae
1157 2770 1242 2798 fetum
1270 2770 1298 2797 in
1314 2771 1359 2798 via
1383 2771 1484 2798 editum
1502 2769 1632 2804 neglexit,
1648 2767 1673 2796 si
1699 2775 1763 2795 cum

973 2824 1084 2845 scrvare
1100 2822 1207 2851 posset,
1229 2816 1404 2852 contempsit,
1420 2820 1468 2843 aut
1486 2819 1629 2850 peccatum
1646 2813 1710 2841 inde
1722 2821 1765 2841 cc-

973 2864 1091 2892 laturam
1113 2868 1144 2890 sc
1157 2862 1333 2896 existimans,
1355 2866 1403 2890 aut
1425 2861 1548 2890 belluina
1567 2864 1594 2889 et
1615 2859 1764 2888 inhumana
