1959 3060
198 129 250 162 923

762 125 896 158 ΡΗΟΤΠ
908 123 1165 157 ΡΛΤΗΙΑΒΟΗᾸί
1182 123 1238 155 GP.

1770 115 1822 149 924

196 184 361 219 cogitatione
376 187 467 216 utens,
483 187 613 219 tanquam
629 182 658 210 in
670 181 821 210 homicidio
835 181 984 217 iudicetur.

1059 181 1106 211 iw;
1124 178 1250 214 θηριώδει
1266 176 1314 204 καὶ
1325 174 1501 211 ἀπανθρώπῳ
1515 173 1638 210 λογισμῷ
1652 174 1820 210 χρησαμένη,

197 231 245 258 Sin
260 235 352 257 autem
367 237 429 256 eum
447 228 543 256 fovere
564 235 618 255 non
632 228 731 263 potuit,
748 231 776 254 et
787 231 898 262 propter
917 225 984 254 soli-

197 277 318 304 tudinem
338 282 484 310 rerumque
506 274 725 302 necessariarum
755 273 875 308 inopiam
915 271 986 300 {etus

199 322 314 354 interiit,
329 321 409 348 matri
423 324 465 348 est
480 319 687 355 ignoscendum.

236 367 344 395 Tenus.
362 366 467 393 Dicitur
490 365 537 392 lib.
556 372 639 396 nvn,
661 364 702 391 tit.
721 363 766 395 ll,
788 362 845 399 dig.
863 363 890 396 4,
915 362 988 397 quod

198 420 260 448 qua:
274 412 337 439 data
360 418 444 446 opera
465 409 618 443 abortierit,
638 410 666 436 in
689 408 839 444 temporale
861 407 988 436 exsilium

201 459 288 486 detur.
307 457 379 484 Idem
393 455 476 483 etiam
490 455 537 482 lib.
551 462 644 486 xcvm,
660 454 702 481 tit.
719 453 746 486 8,
762 453 818 489 dig.
836 452 864 481 8.
886 452 916 480 In
931 452 987 488 dig.

202 512 266 531 vero
279 503 325 533 59.
343 502 383 529 tit.
398 501 441 534 l9,
458 501 506 529 lib.
518 508 613 534 mm,
627 500 738 534 dicitur,
752 499 826 534 quod
838 506 898 534 quae
911 506 991 527 acce-

201 549 256 584 ptis
275 547 399 582 pecuniis
428 551 535 582 partum
562 545 703 581 abegerit,
731 544 821 579 capite
835 544 989 579 plectatur:

200 601 263 629 qua:
273 600 338 620 vero
354 595 416 627 post
432 590 581 618 divortium
596 589 660 617 odio
681 589 771 616 mariti
792 588 818 617 id
834 588 941 621 fecerit,
957 587 992 616 ad

201 643 308 673 tempus
327 636 454 665 exsulare
471 635 594 670 iubetur.
620 634 653 661 Et
668 633 724 669 dig.
745 633 791 667 58,
809 633 933 668 ejusdem
949 633 990 662 Iit.

201 683 254 717 Qui
267 681 419 710 abortionis
432 680 559 715 poculum
575 679 688 712 dederit,
705 679 728 707 si
744 678 806 707 vilis
825 679 872 711 sit,
897 678 925 705 iu
939 685 994 706 me-

201 729 297 756 tallum
314 728 458 756 damnatur
472 735 479 753 :
492 725 515 753 si
529 725 671 756 honestus,
694 724 796 752 amissa
808 727 887 758 parte
908 723 993 750 bono-

201 781 264 802 rum
279 773 424 807 relegatur.
450 770 478 798 Si
503 770 566 806 quis
592 777 657 797 vero
676 769 740 797 inde
751 773 880 797 enecatus
901 768 993 800 fuerit,

203 825 342 847 summum
355 817 521 853 supplicium
531 814 672 851 inﬂigitur.
686 813 798 851 [Atque]
810 814 867 842 haec
876 812 994 849 [etiam],

1035 224 1073 257 ὡς
1090 225 1137 252 ἐπὶ
1153 225 1226 260 φόνῳ
1238 222 1372 258 κρινέσθω
1383 229 1390 236 ·
1405 221 1428 248 εἰ
1441 221 1469 248 δὲ
1490 221 1540 247 οὐκ
1551 219 1670 256 ἠδυνήθη
1685 220 1823 254 περιστεῖ-

1035 270 1092 302 λαι,
1113 269 1160 297 καὶ
1177 269 1222 296 διὰ
1238 268 1355 304 ἐρημίαν
1377 267 1425 294 καὶ
1448 265 1566 302 ἀπορίαν
1591 265 1644 292 τῶν
1668 264 1823 299 ἀναγκαίων

1035 315 1168 351 διεφθάρη
1181 314 1212 341 τὸ
1227 313 1368 349 γεννηθὲν,
1383 311 1545 347 συγγνωστὴ
1561 311 1578 346 ἡ
1593 311 1698 346 μήτηρ.

1073 361 1188 397 Εἴρηται
1199 359 1270 395 βιϐλ.
1286 358 1324 395 μζ
1333 379 1341 392 ,
1354 357 1408 386 τίτ.
1424 356 1468 389 ια’,
1481 356 1550 384 διάτ.
1560 357 1592 388 δ’,
1606 356 1648 383 ὅτι
1664 355 1681 390 ἡ
1697 354 1823 390 ἐπίτηδες

1037 407 1209 443 ὲκτρώσασα,
1239 405 1416 442 προσκαίρως
1442 402 1593 439 ἐξορίζεται
1607 409 1614 417 ·
1634 401 1665 428 τδ
1687 399 1753 427 αὐτὸ

1040 442 1110 489 βιϐλ.
1127 452 1183 488 μη’,
1200 452 1253 479 τίτ.
1271 450 1307 487 η’,
1325 451 1394 478 διάτ.
1406 448 1436 485 ἠ’
1448 457 1455 465 ·
1471 449 1501 476 ὲν
1525 448 1554 475 δὲ
1570 448 1604 483 τῇ
1618 445 1656 473 λθ¹
1679 446 1750 473 διατ.
1776 442 1822 470 τοῦ

1039 497 1072 526 ιθ¹
1088 498 1142 526 τίτ.
1161 497 1209 525 τοῦ
1225 495 1269 532 μη⁸
1285 495 1355 531 βιϐλ.
1372 495 1467 530 φησὶν,
1484 493 1524 520 ὃτι
1540 491 1587 519 ἐπὶ
1614 491 1754 527 χρήμασιν
1776 490 1824 515 ικ‹

1039 543 1178 579 τρώσασα,
1194 540 1352 576 κεφαλικῶς
1366 540 1528 575 τιμωρεῖται
1544 545 1552 553 ·
1574 537 1592 573 ή
1606 536 1635 563 δὲ
1649 535 1718 573 μετὰ
1734 533 1824 566 διαζύ-

1039 597 1099 624 γιον
1111 588 1179 624 πρὸς
1192 588 1269 623 μῖσος
1283 586 1330 613 τοῦ
1347 585 1444 622 ἀνδρὸς
1464 583 1544 611 τοῦτο
1566 582 1713 618 ποιήσασα,
1738 588 1824 616 προσ-

1040 635 1144 670 καίρως
1170 632 1319 668 ἑξορίζεται
1335 640 1342 647 ·
1370 631 1419 658 καὶ
1439 630 1510 657 διάτ.
1533 627 1576 663 λη’
1593 627 1641 654 τοῦ
1667 625 1751 653 αὑτοῦ
1771 625 1823 652 τίτ.

1041 669 1111 708 ὅτιό
1124 679 1200 715 πόμα
1225 676 1349 710 δεδωκὼς
1376 676 1446 713 πρὸς
1475 673 1685 710 ἀμϐλωθρίδιον,
1714 669 1825 705 εὐτελὴς

1044 725 1093 761 μὲν
1118 724 1156 751 ὢν
1181 722 1381 759 μεταλλίζεται,
1408 720 1500 756 τίμιος
1524 719 1553 746 δὲ
1572 717 1725 752 ὲξορίζεται
1757 715 1826 752 μετά

1044 770 1160 807 μερικῆς
1174 768 1331 804 δημεύσεως
1346 775 1354 783 ·
1369 765 1471 802 ἐσχάτη
1494 764 1523 792 δὲ
1547 762 1667 799 τιμωρία
1680 761 1826 807 ἐπάγεται,

1044 805 1092 843 δάν
1104 823 1146 846 τις
1159 814 1291 841 ἀπέθανεν
1308 813 1340 840 ὲκ
1362 811 1456 839 τούτου
1467 818 1475 827 ·
1488 809 1585 844 ταῦτα,
1601 808 1655 836 κάν
1670 806 1756 845 χωρὶς
1783 805 1828 833 δό-

203 863 311 891 tametsi
345 862 415 890 citra
443 860 537 889 dolum
575 859 726 887 abortionis
762 858 991 886 medicamentum

1059 870 1088 888 oo
1101 860 1132 887 τδ
1142 860 1217 896 πόμα
1226 859 1352 886 δέδωκεν.

202 909 298 937 datum
312 907 359 935 sit.

238 952 314 982 CAP.
341 952 376 979 XI
403 965 440 974 —
458 950 496 978 De
517 949 726 985 vituperantibus
751 948 868 984 nuptias,
884 955 991 976 carnem

202 998 351 1034 vinumque.

428 1041 615 1076 Apostolorum
626 1048 710 1067 canon
735 1040 765 1068 51
774 1059 781 1067 .

240 1087 273 1115 51
291 1086 350 1123 [50]
380 1086 409 1115 Si
425 1087 487 1122 quis
503 1086 648 1122 episcopus
664 1085 706 1113 vel
721 1085 873 1121 presbyter,
885 1088 940 1112 etc.
955 1087 985 1111 ut

203 1141 263 1169 pag.
279 1134 328 1161 7'5l
335 1155 342 1161 .

239 1179 320 1215 433
340 1178 452 1206 Concilii
471 1177 629 1213 Gangrenais
644 1185 754 1204 canones
771 1177 796 1210 Ι,
811 1175 838 1209 2,
854 1176 881 1208 ι,
892 1175 920 1209 9,
935 1175 980 1203 10.

241 1225 268 1252 1.
290 1224 318 1252 Si
342 1224 404 1259 quis
421 1223 626 1250 matrimonlum
647 1222 783 1257 vituperet
799 1226 826 1249 et
855 1228 915 1248 eam
934 1228 995 1256 quae

204 1278 267 1299 cum
285 1270 386 1298 marito
400 1276 450 1297 suo
464 1268 575 1299 dormit,
584 1275 645 1303 quae
657 1271 700 1294 est
714 1266 800 1294 ﬁdelis
813 1271 841 1294 et
854 1266 994 1302 religiosa,

206 1317 353 1344 abhorreat
375 1319 402 1342 et
426 1313 577 1346 insimulet,
603 1318 732 1348 tauquam
750 1320 811 1348 quae
835 1320 888 1340 non
908 1312 996 1347 possit

205 1369 320 1397 regnum
342 1360 389 1388 Dei
407 1359 526 1394 ingredi,
542 1359 579 1386 sit
594 1359 751 1386 anathema.

240 1408 269 1436 Ξ.
297 1406 326 1435 Si
346 1406 409 1441 quis
423 1412 486 1433 eum
503 1404 550 1440 qui
570 1411 681 1432 carnem
706 1407 805 1438 praeter
819 1401 993 1438 sanguinem,

206 1457 234 1481 et
258 1451 452 1488 idolothytum,
467 1454 494 1477 et
509 1448 684 1481 sutlocatum,
706 1455 767 1475 cum
786 1448 888 1484 pietate
902 1452 929 1475 et
943 1446 995 1474 lide

207 1499 338 1532 comedit,
350 1496 525 1528 condemnat,
538 1500 668 1531 tanquam
698 1501 761 1522 eum
789 1494 838 1527 qui
854 1493 927 1529 quod
949 1493 994 1520 illa

208 1548 343 1575 vescatur,
355 1550 431 1577 spem
446 1549 500 1569 non
516 1540 625 1573 habeat,
640 1540 675 1568 sit
687 1540 845 1567 anathema.

245 1591 273 1618 Δ.
309 1589 337 1616 Si
357 1589 420 1624 quis
452 1587 486 1615 de
509 1587 669 1622 presbytero
698 1585 745 1621 qui
766 1592 880 1613 uxorem
902 1585 997 1618 duxit,

210 1637 366 1669 contendat,
382 1642 436 1662 non
452 1638 588 1669 oportere,
601 1640 633 1660 eo
647 1639 725 1660 sacra
740 1631 904 1665 celebrante,
919 1631 999 1659 obla-

211 1683 278 1711 tioni
301 1680 516 1712 Communicare,
532 1679 568 1707 sit
583 1679 738 1706 anathema.

246 1727 272 1755 9.
297 1726 325 1754 Si
352 1725 415 1761 quis
429 1724 505 1760 virgo
531 1723 577 1756 sit,
592 1723 634 1750 vel
645 1723 832 1756 continens,a
857 1722 1002 1751 matrimo-

212 1773 261 1801 nio
275 1777 403 1807 tanquam
420 1770 604 1798 abominanda
622 1770 762 1803 recedens,
775 1774 802 1798 et
823 1777 876 1798 non
892 1775 1003 1805 propter

213 1818 302 1854 ipsam
332 1816 497 1852 virginitatis
516 1815 747 1852 pulchritudinem
773 1820 802 1844 et
817 1815 1002 1850 sanctitatem,

213 1866 251 1894 sit
274 1864 429 1892 anathema.

262 1910 307 1938 l0.
335 1909 364 1937 Si
393 1909 456 1945 quis
468 1915 563 1936 eorum
588 1908 635 1943 qui
664 1913 729 1936 sunt
744 1908 867 1944 virgines
893 1911 1004 1944 propter

216 1955 373 1988 Dominum,
404 1954 516 1983 insultet
544 1953 571 1981 in
589 1960 636 1981 eos
664 1953 712 1989 qui
733 1961 833 1982 uxores
846 1954 1003 1987 duxerunt,

214 2001 358 2030 anathema
369 1999 415 2027 sit.

431 2045 528 2074 Basilii
544 2053 658 2073 canones
673 2044 721 2078 28,
744 2044 792 2072 85.

249 2091 296 2119 28.
316 2091 382 2119 Illud
403 2092 514 2127 quidem
539 2091 604 2118 mihi
617 2092 707 2119 visum
727 2095 770 2118 est
785 2089 943 2123 ridiculum,
959 2096 1006 2117 vo-

215 2144 280 2164 vere
296 2137 414 2172 aliquem
442 2145 473 2165 se
500 2145 515 2164 a
542 2137 630 2165 suillis
652 2135 782 2164 carnibus
799 2135 1004 2162 abstenturum.

216 2181 401 2216 Quamobrem
413 2183 527 2218 dignare
543 2191 591 2210 eos
602 2183 700 2210 docere
731 2186 760 2210 ut
774 2181 809 2209 ab
819 2181 920 2216 ineptis
935 2180 1006 2208 votis

217 2234 244 2257 et
270 2229 414 2264 promissis
442 2229 615 2262 abstineant,
642 2228 690 2255 sed
718 2235 800 2255 usum
825 2227 1004 2254 nihilominus

218 2274 416 2302 iudiii‘erentem
441 2281 504 2302 esse
516 2274 587 2302 sine.
604 2272 684 2301 Nulla
707 2273 780 2301 enim
798 2272 844 2300 Dei
865 2276 1004 2303 creatura,

218 2327 280 2354 quae
300 2327 362 2346 cum
382 2319 532 2354 gratiarum
549 2319 657 2346 actione
673 2318 836 2353 percipitur,
857 2317 1006 2352 rejicienda

218 2369 261 2391 est
274 2363 307 2390 ’⁸.
324 2363 413 2396 Quare
428 2368 521 2391 votqu
539 2367 582 2392 est
598 2363 755 2397 ridiculum,
771 2362 937 2391 abstinentia
951 2369 1007 2390 non

219 2410 386 2437 necessaria.

256 2454 302 2482 85.
318 2454 426 2490 Lepidis
437 2459 525 2482 autem
536 2454 683 2483 Encratitis
693 2454 726 2482 ad
744 2453 902 2490 praeclaram
913 2460 1009 2480 eorum

221 2501 414 2536 quaestionem,
432 2509 481 2529 cur
492 2509 541 2529 nos
553 2501 635 2528 etiam
653 2508 705 2528 non
719 2500 847 2528 omnibus
862 2499 1010 2533 vescimur,

220 2547 274 2574 hoc
292 2546 373 2574 dctur
399 2547 535 2581 responsi,
556 2554 606 2574 nos
629 2547 710 2575 etiam
724 2550 899 2574 excrementa
913 2549 1010 2573 nostra

220 2593 353 2620 aversari.
371 2593 410 2620 Ac
424 2597 556 2628 quantum
571 2593 682 2629 quidcm
700 2593 733 2620 ad
746 2592 917 2628 dignitatem,
934 2591 1010 2619 olera

220 2638 312 2666 herba:
327 2638 407 2666 nobis
418 2644 483 2666 sunt
497 2646 614 2668 carnes:
628 2643 761 2674 quantum
774 2645 838 2666 vero
852 2637 886 2665 ad
900 2637 1008 2665 utilium

222 2683 427 2717 discretionem,
439 2683 667 2718 quemadmodum
681 2688 709 2711 et
722 2683 750 2710 in
761 2682 883 2710 oleribus
897 2682 1009 2709 noxium

222 2737 239 2758 ιι
261 2729 364 2757 salubri
393 2737 563 2765 separamus,
585 2730 622 2758 ita
645 2734 673 2758 et
687 2729 714 2758 in
731 2727 813 2766 434
827 2727 956 2757 carnibus
976 2727 1010 2756 ab

265 2818 288 2834 "
302 2818 310 2845 l
327 2818 398 2846 Tim.
415 2825 453 2851 ιν,
474 2819 500 2846 ι.

1077 951 1202 979 ΚΕΦΑΛ.
1234 949 1287 978 IA'.
1326 965 1361 972 —-
1396 948 1554 991 Περὶτῶν
1573 947 1828 983 βδελυττομένων

1044 995 1099 1025 τὸν
1107 996 1203 1032 τάμον
1217 996 1266 1023 καί
1275 995 1428 1031 κρέας-κώ
1438 994 1532 1024 οἶνον.

1239 1042 1429 1071 Ἀπυστόλων
1451 1041 1554 1069 κανὼν
1572 1039 1624 1068 να⁶.

1080 1088 1131 1118 να’.
1147 1089 1181 1116 El
1206 1096 1250 1122 τις
1277 1089 1425 1121 ἐπίσκοπος
1450 1087 1468 1124 ἢ
1490 1085 1687 1122 πρεσϐύτερος,
1713 1092 1743 1112 κ.
1762 1091 1789 1111 τ.
1805 1082 1832 1110 λ.

1120 1181 1254 1209 Συνόδου
1268 1179 1406 1216 Γάγτρας
1428 1178 1529 1206 κανὼν
1540 1175 1574 1211 α’,
1591 1177 1624 1213 β’,
1639 1175 1671 1209 δ’,
1685 1176 1718 1208 θ’,
1737 1174 1764 1203 ι’.

1084 1225 1121 1254 α’.
1133 1226 1167 1253 El!
1178 1235 1220 1257 τις
1232 1226 1278 1252 τὸν
1289 1225 1377 1260 γάμον
1397 1223 1543 1260 μέμφοιτο,
1560 1222 1609 1250 καὶ
1625 1221 1675 1256 τὴν
1690 1219 1835 1247 καθεύδου-

1048 1280 1099 1299 σαν
1114 1272 1185 1308 μετά
1210 1270 1258 1298 τοῦ
1274 1269 1371 1305 ἀνδρὸς
1398 1265 1589 1303 αὑτῆς,θῦσαν
1619 1265 1719 1301 πιστὴν
1735 1265 1781 1292 καὶ
1789 1264 1819 1291 εὖ

1046 1317 1127 1352 λαϐἦ,
1141 1316 1311 1352 βδελύσσοιτο
1323 1315 1340 1350 ἢ
1355 1315 1499 1350 μέμφοιτο,
1511 1314 1548 1345 ὡς
1561 1312 1594 1340 ἀν
1616 1312 1654 1348 μὴ
1666 1310 1832 1346 δυναμένους

1048 1363 1091 1394 είς
1105 1362 1244 1398 βασιλείαν
1260 1360 1401 1392 είσελθεῐν,
1416 1358 1541 1394 ἀνάθεμα
1558 1357 1639 1384 ἔστω.

1088 1407 1122 1443 β’.
1138 1407 1171 1435 El
1184 1415 1227 1439 τις
1241 1406 1366 1433 ἐσθίοντα
1379 1404 1459 1441 κρέα,
1473 1403 1556 1440 χωρὶς
1566 1403 1682 1437 αἵματος
1696 1400 1743 1428 καὶ
1759 1400 1837 1427 εἰδω-

1050 1453 1164 1481 λοθύτου
1193 1452 1240 1479 καὶ
1264 1450 1378 1477 πνικτοῦ
1408 1447 1624 1484 μετέὒλαϐείας
1646 1446 1694 1474 καὶ
1720 1446 1838 1477 πίστεως

1049 1496 1221 1534 κατακρίνοι,
1237 1496 1275 1528 ὡς
1291 1496 1325 1523 ἃν
1343 1495 1387 1522 διὰ
1402 1495 1434 1522 τὸ
1446 1493 1668 1531 μεταλαμϐάνειν
1683 1491 1781 1518 ἐλπίδα
1797 1490 1836 1526 μὴ

1009 1529 1032 1561 c
1050 1529 1156 1582 ἔχοντα,
1172 1529 1297 1579 ἀνάθεμα
1311 1542 1392 1570 ἔστω.

1085 1590 1116 1619 δ’.
1130 1589 1213 1622 Είτις
1227 1588 1392 1624 διακρίνοιτο
1408 1587 1484 1623 παρὰ
1504 1584 1690 1622 πρεσϐυτέρου
1713 1591 1840 1618 γεγαμη-

1051 1637 1141 1670 κότος,
1160 1636 1199 1672 μὴ
1214 1635 1316 1672 χρῆναι
1333 1633 1578 1669 λειτουργήσαντος
1599 1630 1682 1659 αὑτοῦ
1713 1638 1838 1665 προσφο-

1055 1683 1105 1719 ρᾶς
1122 1679 1353 1717 μεταλαμϐάνειν,
1364 1677 1489 1719 ἀνάθεμα
1508 1676 1589 1703 ἔστω.

1088 1713 1129 1754 θ¹.’
1153 1726 1186 1753 Et
1215 1713 1258 1756 τις
1284 1722 1447 1759 παρθενεύοι
1468 1713 1486 1757 ἦ
1512 1719 1715 1756 ἑγκρατεύοιτο,
1742 1719 1782 1751 ὡς
1808 1719 1843 1746 ἃν

1056 1770 1210 1808 βδελυκτῶν
1219 1769 1273 1797 τῶν
1289 1768 1387 1804 γάμων
1401 1766 1594 1802 ἀναχωρήσας,
1609 1765 1658 1793 καὶ
1678 1765 1716 1800 μὴ
1727 1764 1761 1791 δι’
1777 1764 1845 1791 αὐτὴ

1057 1816 1089 1844 τδ
1104 1815 1187 1843 καλὸν
1201 1814 1250 1841 καὶ
1269 1813 1348 1848 ἀγιον
1361 1812 1411 1849 τῆς
1433 1811 1594 1849 παρθενίας,
1608 1810 1733 1846 ἀνάθεμα
1761 1810 1843 1837 ἔστω.

1092 1906 1119 1936 ι’.
1135 1906 1170 1934 Et
1181 1915 1223 1939 τις
1236 1905 1292 1934 τῶν
1304 1903 1526 1941 παρθενευόντων
1534 1902 1577 1930 διὰ
1589 1901 1636 1930 τὸν
1648 1901 1763 1937 Κύριον,
1778 1908 1847 1927 κατ-

1029 1979 1031 1982 .
1058 1953 1197 1990 επαίροιτο
1211 1951 1266 1980 τῶν
1286 1949 1495 1986 γεγαμηκότων,
1508 1947 1632 1984 ἀνάθεμα
1647 1947 1729 1974 ἔστω.

1242 2040 1405 2070 Βασίλειον
1422 2039 1523 2067 κανὼν
1532 2040 1588 2074 κη’,
1607 2039 1660 2065 πε¹.

1094 2089 1149 2125 κη’.
1165 2088 1270 2116 Ἐκεῐνό
1282 2096 1313 2122 γε
1324 2087 1378 2123 μὴν
1392 2086 1497 2121 γελοῖον
1509 2084 1661 2118 κατεφάνη,
1673 2083 1705 2110 τὸ
1718 2080 1848 2114 εὔξασθαί

1058 2144 1121 2163 τινα
1145 2134 1226 2162 ὑείων
1240 2132 1391 2168 ἀπέχεσθαι
1412 2130 1502 2167 κρεῶν
1518 2138 1526 2147 ·
1539 2130 1610 2157 ὥστε
1624 2128 1793 2161 καταείωσον
1804 2126 1848 2153 δι-

1059 2182 1171 2208 δάσκειν
1196 2179 1296 2210 αὐτοὺς
1323 2177 1378 2205 τῶν
1403 2176 1574 2204 ἀπαιδεύτων
1604 2173 1764 2210 προσευχῶν
1799 2172 1849 2199 καὶ

1022 2209 1044 2238 D
1058 2225 1230 2261 ἐπαγγελιῶν
1260 2209 1411 2259 ἀπέχεσθαι
1425 2230 1433 2239 ’
1463 2222 1513 2257 τὴν
1539 2209 1634 2255 μέντοι
1646 2219 1756 2256 χρῆσιν,
1771 2217 1851 2244 ἀδιάο

1059 2280 1142 2307 φορον
1156 2270 1226 2298 εἶναι
1256 2268 1433 2304 συγχώρησον
1447 2274 1455 2283 ·
1470 2266 1548 2294 οὐδὲν
1571 2265 1626 2300 γὰρ
1651 2264 1755 2299 κτίσμα
1779 2262 1850 2289 Θεοῦ

1059 2317 1212 2352 ἀπόϐλητον
1227 2315 1288 2350 μετ’
1299 2313 1474 2350 εὐχαριστίας
1495 2311 1702 2347 λαμϐανόμενον
1714 2315 1722 2325 ⁸
1739 2309 1809 2335 ὥστε
1832 2308 1852 2343 ἡ

1061 2364 1128 2399 εὐχὴ
1143 2363 1355 2396 καταγέλαστος,
1371 2360 1421 2395 οὐχ
1450 2359 1469 2394 ἡ
1489 2357 1580 2393 ἀποχὴ
1595 2355 1744 2391 ἀναγκαία.

1097 2452 1149 2481 πε¹.
1172 2453 1236 2484 Τοῖς
1247 2451 1276 2478 δὲ
1287 2450 1406 2486 κομψοῖς
1419 2447 1611 2484 Ἐγκρατίταις
1625 2446 1695 2482 πρὸς
1705 2445 1735 2472 τδ
1753 2443 1854 2479 σεμνὸν

1062 2498 1154 2526 αὐτῶν
1168 2497 1325 2534 πρόϐλημα,
1346 2497 1390 2523 διὰ
1403 2496 1431 2523 τί
1450 2496 1498 2522 καὶ
1519 2495 1568 2530 οὐχ
1601 2493 1682 2528 ἡμεῖς
1699 2491 1788 2518 πάντα
1806 2490 1856 2516 ὲσο

1062 2544 1158 2579 θίομεν
1183 2544 1272 2570 ἐκεῖνο
1294 2542 1434 2576 λεγέσθω·
1450 2541 1492 2568 ὅτι
1522 2540 1570 2567 καὶ
1593 2539 1628 2566 τὰ
1655 2536 1856 2573 περιττώματα

1061 2590 1142 2626 ἡμῶν
1154 2588 1357 2625 βδελυσσόμεθα
1375 2595 1383 2604 ·
1399 2587 1470 2614 κατὰ
1488 2586 1538 2622 μὲν
1553 2585 1608 2620 γάρ
1620 2585 1672 2618 τὴν
1697 2582 1786 2616 ἀξίαν,
1805 2581 1857 2608 λά-

1063 2644 1133 2672 χανα
1143 2636 1240 2671 χόρτου
1249 2635 1315 2671 ἡμῖν
1323 2635 1381 2661 ἐστι
1394 2633 1429 2660 τὰ
1440 2633 1524 2668 κρὲα’
1536 2630 1641 2658 κατάᾶ
1654 2629 1704 2664 τὴν
1715 2627 1770 2654 τῶν
1783 2635 1857 2662 συμ-

1065 2671 1203 2717 φερόντων
1217 2680 1366 2715 διάκρισιν,
1382 2678 1421 2710 ὡς
1433 2678 1482 2705 καὶ
1495 2678 1525 2704 ὃν
1537 2675 1662 2710 λαχάνοις
1672 2674 1704 2701 τὸ
1721 2671 1858 2708 βλαϐερὸν

1063 2727 1111 2754 τοῦ
1124 2726 1294 2763 καταλλήλου
1305 2725 1459 2762 χωρίζομεν
1472 2731 1479 2739 ·
1493 2722 1564 2751 οὕτω
1577 2722 1624 2749 καὶ
1634 2722 1665 2749 ἐν
1682 2720 1739 2752 τοῖς
1753 2717 1858 2754 κρέασι
