1959 3060
83 138 136 172 925

404 138 605 170 SYNTAGMA
624 138 820 171 CANONUM.
835 139 954 171 ν-ΤῙΤ.
975 139 1064 176 XIII,
1085 138 1165 170 CAP.
1183 139 1226 170 XI
1244 151 1279 158 —
1295 137 1382 170 XIII.

1663 136 1715 170 926

82 194 130 222 τοῦ
146 192 284 229 χρησίμου
303 191 334 218 τδ
356 191 489 228 βλαϐερὸν
501 192 687 228 διακρίνομεν,
704 192 767 219 ἐπεὶ
788 192 873 227 λάχα-

936 192 984 220 ltili
1001 193 1112 219 noxium
1135 191 1314 220 secernimns.
1344 190 1412 219 Nam
1429 195 1502 218 cene
1513 193 1541 218 et
1551 189 1640 218 cicuta
1652 189 1716 218 olus

83 240 128 268 νόν
141 240 200 266 ἐστι
216 239 264 265 καὶ
285 238 318 264 τὸ
330 237 454 272 κώνειον,
470 238 566 274 ὥσπερ
583 238 668 274 κρέας
690 239 751 265 ιστὶ
768 239 817 265 καὶ
843 238 874 265 τὺ

81 289 195 324 γύπειον
207 295 215 302 ·
231 286 290 314 ἀλλ’
310 286 384 321 ὅμως
405 285 468 313 οὔτε
495 286 652 321 ὑοσκύαμον
677 285 760 321 φάγοι
777 285 811 313 ἄν
831 293 873 317 τις

81 335 144 362 νοῦν
176 334 246 370 ἔχων
261 341 268 349 ·
284 332 347 360 οὔτε
373 332 453 364 κυνὸς
476 332 585 367 ἅψαιτο,
602 333 640 368 μὴ
661 332 782 367 μεγάλης
804 332 872 359 ἀνά-

81 389 153 415 γκης
167 379 386 420 κατεπειγορσης
402 387 408 394 ·
423 378 461 409 ὡς
476 379 490 405 ὅ
505 387 538 413 γε
558 378 655 412 φαγὼν
670 379 719 405 οὐκ
733 379 868 413 ἠνόμησε.

118 426 245 453 ΚΕΦΑΛ.
263 425 314 453 IB'.
330 440 366 445 —
383 425 455 452 Hect
468 424 583 452 ,λαϊκῶν
591 423 718 457 ἑαυτοὺς
737 424 872 458 ἀκρωτη-

79 470 252 505 ριαζόντων.

247 517 442 544 Ἀποστόλων
458 515 560 543 κανὼν
574 515 628 550 κβ’,
652 515 703 542 κδ’.

119 561 173 597 κβ¹.
193 561 223 589 '0
238 561 451 597 ἀκρωτηριάσας
474 562 580 594 ἑαυτὸν,
597 570 625 589 κ.
640 570 666 589 τ.
687 562 713 589 λ.

119 606 169 635 κδ’.
185 607 286 639 Aci.qu
302 608 398 634 ἑαυτὸν
411 608 634 642 ἀκρωτηριάσας,
650 616 678 634 κ.
690 615 716 634 τ.
728 606 756 634 λ.

241 653 377 681 Συνύδου
407 654 532 686 Νικαίας
557 652 658 680 κανὼν
677 652 713 680 α’.

118 702 153 727 α’.
166 700 249 731 Εἰτις
261 700 290 726 ὲν
303 700 373 735 νόσῳ
383 699 434 726 ὑπὸ
444 699 544 734 ίατρῶν
555 699 765 735 ἑχειρουργήθη,
774 707 801 725 κ.
812 707 838 724 τ.
848 697 874 725 λ.

124 745 274 779 ’Δνάγνωθι
297 744 332 771 τὰ
353 744 610 780 παραγεγραμμένα
626 745 656 770 ὲν
686 743 725 779 τῷ
749 743 783 770 ιδ’
809 751 873 777 κεφ.

82 790 131 818 τοῦ
145 789 170 817 α’
182 799 236 817 τιτ.
250 789 298 817 τοῦ
314 789 447 825 παρόντος
460 789 662 824 συντάγματος.

119 836 246 864 ΚΕΦΔΔ.
256 836 306 862 II".
321 851 356 856 —
367 835 437 869 Περὶ
450 834 566 862 λαϊκῶν
575 835 739 862 ἐσθιόντων
753 833 875 861 ειδωλό-

923 244 976 271 est,
990 240 1062 266 sicut
1075 239 1157 266 etiam
1174 245 1239 266 caro
1250 242 1293 266 est
1307 237 1445 265 vulturina
1460 243 1525 264 caro
1538 245 1546 269 ;
1562 237 1609 264 sed
1624 241 1716 264 tamen

924 293 975 313 nec
995 286 1191 320 hyoscyamum
1208 292 1292 311 sanus
1321 284 1466 319 quisquam
1496 283 1633 315 comedet,
1665 291 1716 311 nec

923 338 992 359 cane
1011 334 1146 362 vescetur,
1171 329 1223 357 nisi
1249 334 1364 364 urgente
1390 335 1497 356 summa
1531 328 1714 356 necessitate:

923 376 970 412 qui
986 381 1077 403 tamen
1090 375 1219 408 comedit,
1234 383 1288 402 non
1304 378 1407 409 peccat.

963 422 1042 450 CAP.
1057 421 1105 448 XII
1118 437 1153 442 —
1169 421 1205 448 De
1217 420 1293 448 laici:
1308 424 1387 447 semet
1404 419 1602 448 "rutilantibus.

1101 467 1288 503 Apostolorum
1306 474 1419 493 canones
1434 466 1479 498 22,
1493 467 1538 499 24,

958 515 994 542 22
1008 515 1076 552 [2i].
1087 515 1138 548 Qui
1154 514 1273 548 seipsum
1288 513 1464 544 mutilaverit,
1474 516 1570 546 εις-,ιιι
1580 521 1640 547 pag.
1652 513 1714 540 502.

958 561 994 589 24
1008 560 1078 597 [23].
1098 560 1195 588 Laicns
1205 558 1251 594 qui
1269 558 1390 593 seipsum
1403 558 1582 591 mutilavcrit,
1600 562 1656 585 etc.
1687 563 1716 585 ut

923 614 984 642 pag.
999 606 1062 634 738.

1141 650 1255 679 Concilii
1273 648 1379 676 Nictrui
1394 656 1479 676 canon
1499 649 1524 675 l.

960 698 987 726 Ι.
1002 697 1029 725 Si
1041 697 1103 732 quis
1117 697 1145 724 in
1160 697 1257 724 morbo
1270 703 1285 722 a
1300 693 1414 723 medicis
1426 695 1536 722 excisus
1548 693 1642 728 fuerit,
1659 698 1713 721 etc.

960 744 1031 779 Lege
1043 751 1104 778 quae
1113 747 1244 771 annotata
1256 745 1320 769 sunt
1334 741 1361 768 in
1375 748 1437 776 cap.
1462 740 1507 773 Η,
1527 741 1569 768 tit.
1597 742 1610 767 ι
1647 747 1717 776 prm-

924 791 1012 819 sentis
1022 790 1125 826 operis.

961 836 1037 864 CAP.
1052 835 1123 863 XIII.
1137 851 1174 858 -—
1201 835 1237 862 De
1250 835 1326 862 [uicis
1340 833 1489 869 idolothyta
1502 832 1649 865 edentibus,
1677 832 1717 859 uel

83 883 167 914 θυι-α,
181 881 201 915 ἣ
217 880 306 915 κρέας
318 881 352 908 ἐν
364 881 476 915 αἵματι,
488 881 507 915 ἢ
519 881 639 913 πνικτὰ,
653 880 672 915 ἢ
685 879 858 914 θηριάλωτα

938 890 1029 910 amem
1050 891 1110 910 cum
1123 882 1261 918 sanguine.
1276 881 1316 909 vel
1339 889 1356 908 α
1372 880 1430 915 [era
1447 883 1553 914 captum
1567 878 1607 906 uel
1623 879 1716 905 morti-

84 927 104 960 ἦ
124 926 290 962 θνησιμαῒα

281 971 476 1000 Ἀποστόλων
502 972 603 1000 κανὼν
622 971 673 1007 E1".

117 1017 169 1052 Ef.
188 1018 223 1045 Εῐ
237 1027 278 1050 τις
299 1018 491 1054 ἑπίσκοπος,ἢ
522 1018 716 1054 πρεσϐύτερος,
736 1018 753 1054 ἢ
779 1018 872 1045 διάκο-

80 1073 137 1097 νος,
151 1064 168 1100 ἢ
182 1064 250 1096 ὅλως
272 1063 319 1091 τοῦ
352 1064 504 1099 καταλόγου
534 1064 582 1091 τοῦ
605 1064 763 1100 ἱερατικοῦ,
796 1064 872 1100 φάγῃ

81 1109 162 1144 κρέα,
173 1117 201 1136 κ.
221 1117 246 1136 τ.
264 1109 289 1137 λ.

220 1155 352 1182 Συνόδου
387 1156 528 1190 Ἀγκύρας
548 1155 649 1184 κανὼν
673 1157 711 1191 γ’.

117 1199 150 1236 β’.
166 1201 236 1233 Τοὺς
251 1201 402 1236 φεύγοντας
415 1202 463 1229 καὶ
477 1201 688 1238 συλληφθέντας,
704 1210 732 1229 κ.
747 1210 773 1229 τ.
791 1200 817 1229 λ.

252 1283 388 1311 Συνόδου
399 1283 536 1319 Γάγγςρας
551 1284 651 1312 κανὼν
670 1284 704 1320 β’.

118 1327 152 1363 β’.
166 1328 199 1354 Et
212 1337 253 1360 τις
265 1328 390 1356 ἐσθίοντα
403 1329 472 1365 κρέα
484 1330 569 1366 χωρὶς
580 1331 695 1365 αἵματος
705 1340 732 1358 κ.
749 1339 775 1358 τ.
790 1330 816 1359 λ.

153 1373 289 1401 Συνόὸου
300 1375 510 1409 οἱκουμενικῆς
526 1375 616 1410 ἕκτης
637 1376 739 1403 κανὼν
750 1377 798 1410 EC’.

117 1417 166 1452 ξζ.
180 1419 247 1446 Θεία
262 1420 329 1456 ἡμῖν
343 1420 439 1457 Γραφὴ
456 1421 619 1456 ἐνετείλατο,
646 1431 674 1449 κ.
691 1431 718 1452 τ,
730 1423 755 1450 λ.

81 1513 265 1551 Γρηγορίοψ
276 1514 329 1551 τοῦ
342 1515 573 1550 Θαυματουρτοῦ
595 1516 630 1543 ἐκ
648 1515 704 1551 τῆς
728 1515 795 1551 περὶ
813 1517 873 1545 τῶν

224 1549 407 1578 ειδιυλόθυτα
421 1549 577 1585 φαγόντων
591 1549 692 1578 κανὼν
702 1555 737 1579 α’.

117 1607 153 1632 α’.
170 1605 207 1631 Οὐ
222 1605 257 1631 τὰ
277 1605 410 1641 βρώματα
437 1607 510 1642 ἡμᾶς
536 1606 625 1642 βαρεῖ,
645 1608 701 1643 [sps
716 1607 826 1642 πάππα,
847 1609 872 1635 εί

81 1650 185 1686 ἔφαγον
203 1651 229 1678 οἱ
244 1652 411 1686 αίχμάλωτοι
425 1652 523 1685 ταῦτα,
543 1653 614 1688 ἅπερ
631 1654 813 1689 παρετίθεσαν
823 1655 875 1682 αὺ-

80 1698 139 1729 τοῖς
150 1697 177 1724 οἱ
191 1697 355 1733 κρατοῦντες
372 1699 462 1725 αὐτῶν
477 1706 486 1715 ⁸
504 1699 621 1734 μάλιστα
634 1700 728 1735 ἐπειδὴ
741 1698 780 1732 εἷς
796 1700 874 1735 λόγος

81 1743 160 1779 παρὰ
170 1743 290 1777 πάντων,
304 1745 369 1775 τοὺς
382 1745 607 1780 καταδραμόντας
616 1745 650 1772 τὰ
662 1746 785 1782 ἡμέτερα
802 1747 873 1782 μέρη

83 1786 250 1825 βαρϐάρους,
267 1790 387 1822 εἰδώλοις
404 1791 440 1826 μὴ
457 1791 600 1818 τεθυκέναι
614 1799 622 1806 ·
640 1792 690 1818 ὀδὲ
713 1792 874 1824 Ἀπόστολός

81 1843 177 1870 φησιν·
194 1836 232 1863 Τὰ
243 1836 387 1870 ,βρώματα
405 1836 444 1871 τῇ
459 1837 627 1871 κοιλίᾳ,καὶ
647 1839 666 1871 ἡ
686 1839 786 1866 κοιλία
810 1839 872 1873 τοῖς

78 1880 250 1913 βρώμασιν,
266 1883 283 1907 ὁ
298 1881 332 1908 δὲ
346 1882 419 1915 Θεὸς
434 1883 483 1910 καὶ
503 1883 617 1918 ταῡτην
633 1883 685 1911 καὶ
697 1884 790 1912 ταῦτα
802 1894 872 1913 κατ-

80 1925 211 1960 αργήσει
227 1934 236 1942 δ
255 1926 323 1953 ἀλλὰ.
351 1928 428 1954 καὶὸ
442 1929 536 1964 Σωτὴρ
559 1929 573 1955 ὁ
595 1929 683 1956 πάντα
717 1930 874 1966 καθαρίζων

82 1972 118 1999 τὰ
133 1972 277 2008 βρώματα,
294 1974 325 2000 οὐ
342 1974 373 2000 τὸ
383 1975 622 2010 εἰσπορευόμενον,
637 1977 714 2012 φησὶ,
731 1978 816 2004 κοινοῖ
828 1977 873 2005 τὸν

82 2019 242 2054 ἄνθρωπον,
259 2019 328 2045 ἀλλὰ
346 2019 376 2046 τὸ
394 2021 623 2056 ἐκπορευόμενον.

296 2066 458 2092 Βασίλειον
483 2066 583 2093 κανὼν
606 2066 662 2094 πα’.

118 2108 176 2137 πα’.
196 2110 306 2147 Ἐπειδὴ
320 2111 349 2137 δὲ
363 2111 457 2138 πολλοὶ
468 2112 498 2139 ὲν
512 2114 545 2148 τῇ
558 2113 612 2140 τῶν
628 2113 778 2149 Βαρϐάρων
789 2124 874 2142 καταο

79 2154 172 2190 δρομῇ
188 2156 347 2192 παρέϐησαν
376 2157 426 2191 τὴν
440 2158 481 2189 εἰς
494 2157 562 2184 Θεὸν
577 2157 679 2190 πίστιν,
693 2159 791 2194 ὅρκους
803 2161 874 2187 ἐθνι-

926 931 1026 959 vinum.

1148 973 1332 1009 Apostolorum
1343 980 1428 999 canon
1443 971 1488 999 63.

962 1021 996 1049 65
1010 1019 1079 1057 [62].
1098 1020 1126 1048 Si
1145 1022 1207 1055 quis
1218 1020 1364 1055 episcopus
1372 1019 1413 1046 vel
1430 1017 1581 1053 presbyter,
1597 1016 1640 1044 vel
1656 1016 1717 1043 dia-

926 1074 1012 1095 conus
1024 1067 1066 1094 vel
1086 1066 1200 1094 omnino
1211 1073 1244 1094 ex
1257 1064 1420 1094 sacerdotali
1431 1064 1556 1099 catalogo
1566 1063 1716 1090 comederit

925 1121 1035 1145 carnes,
1051 1117 1114 1145 etc,
1129 1117 1158 1139 ut
1173 1120 1234 1147 pag.
1254 1111 1315 1139 746.

1120 1158 1232 1185 Consilii
1251 1157 1384 1193 Ancyrani
1394 1165 1478 1184 canon
1495 1157 1521 1184 5.

962 1205 988 1232 5.
1005 1203 1060 1232 Eos
1081 1204 1128 1239 qui
1144 1203 1279 1238 fugientes
1303 1202 1492 1238 comprehensi
1515 1205 1589 1233 sunt,
1605 1204 1659 1227 etc.
1685 1203 1715 1225 ut

926 1258 987 1286 pag.
998 1250 1062 1278 758.

1111 1295 1223 1322 Coneilii
1233 1294 1392 1329 Gangrensis
1409 1301 1494 1320 canon
1508 1293 1536 1320 Ω.

962 1341 990 1369 2.
1006 1340 1035 1369 Si
1052 1341 1115 1376 quis
1128 1348 1191 1368 eum
1205 1341 1380 1374 quicarnem.
1395 1343 1498 1371 etc.,ut
1514 1347 1575 1373 pag.
1595 1338 1659 1365 925.

1034 1385 1114 1422 435
1125 1385 1238 1413 Concilii
1252 1385 1404 1412 tecunvenici
1420 1392 1444 1411 vr
1461 1392 1546 1410 canon
1562 1383 1606 1410 67.
1720 1420 1722 1422 γ

962 1432 1008 1460 67.
1033 1431 1128 1459 Divina
1156 1430 1237 1458 nobis
1263 1430 1404 1465 Scriptura
1432 1429 1583 1461 mandavit,
1599 1432 1666 1458 εις..
1686 1431 1715 1454 ut

926 1486 987 1512 pag.
1000 1475 1063 1504 758.

929 1522 1049 1558 Gregorii
1062 1520 1256 1555 Thaumaturgi
1271 1519 1426 1558 l1:_epistola
1440 1519 1471 1546 de
1482 1519 1529 1558 iis
1555 1519 1600 1554 qui
1627 1518 1715 1545 idolo-

1137 1560 1209 1591 thyta
1222 1555 1360 1582 comedunt
1376 1563 1460 1582 canon
1478 1556 1503 1582 ί.

963 1615 990 1641 I.
1001 1612 1061 1641 Non
1078 1613 1130 1641 cibi
1143 1620 1194 1640 nos
1207 1616 1332 1646 gravant,
1350 1611 1523 1638 sanctissime
1535 1617 1613 1645 papa,
1632 1610 1655 1637 si
1670 1617 1717 1636 ca-

928 1659 993 1695 ptivi
1007 1666 1040 1686 ea
1065 1658 1236 1686 comederint
1250 1665 1311 1692 qua
1327 1657 1373 1692 qui
1389 1657 1415 1684 in
1430 1664 1478 1684 eos
1494 1656 1645 1684 dominium
1666 1656 1717 1683 ob-

926 1705 1016 1733 tinent
1035 1704 1075 1732 eis
1102 1707 1305 1738 opposuerunt,
1337 1703 1457 1730 maxime
1481 1702 1591 1737 quando
1612 1710 1666 1729 una
1683 1701 1720 1729 de

927 1751 1056 1778 omnibus
1080 1749 1151 1777 fama
1166 1753 1219 1781 est,
1241 1748 1376 1776 Barbaros
1391 1749 1438 1783 qni
1460 1748 1487 1775 in
1501 1753 1609 1775 nostras
1625 1748 1716 1783 regin-

928 1804 977 1824 nes
1002 1796 1176 1823 incursiones
1201 1794 1333 1826 fecerunt,
1363 1793 1442 1821 idolis
1461 1801 1515 1820 non
1534 1794 1716 1821 sacriﬁcasse.

929 1841 997 1869 Dicit
1011 1846 1102 1868 autem
1115 1839 1260 1875 Apostolus
1276 1847 1284 1866 :
1298 1838 1374 1866 Esca:
1389 1839 1482 1871 ventri,
1495 1842 1520 1865 et
1538 1842 1624 1865 tenter
1638 1838 1717 1870 escis;

927 1888 997 1915 Deus
1011 1891 1099 1914 autem
1110 1891 1135 1913 et
1150 1889 1218 1913 hunc
1228 1893 1252 1913 et
1273 1885 1320 1913 has
1334 1885 1450 1912 destruet
1465 1885 1498 1912 ‘°.
1519 1884 1572 1912 Sed
1589 1884 1717 1911 Servatur

927 1940 1037 1969 quoque
1060 1939 1155 1960 omnes
1169 1932 1246 1959 cibos
1274 1931 1432 1958 mandans:
1462 1930 1524 1957 Non
1547 1929 1617 1965 quod
1632 1930 1716 1956 intrat

927 1978 1027 2013 inquit,
1039 1977 1192 2013 coinquinat
1206 1977 1349 2010 hominem,
1362 1976 1407 2003 sed
1419 1976 1488 2011 quod
1498 1975 1632 2011 egreditur
1647 1975 1680 2002 ".

1192 2067 1289 2095 Basilii
1302 2075 1386 2094 canon
1404 2066 1451 2094 8|.

964 2115 1009 2142 8i.
1034 2114 1170 2148 Quoniam
1203 2118 1295 2142 autem
1321 2113 1400 2140 multi
1416 2112 1443 2139 in
1466 2111 1648 2139 Barbarorum
1675 2111 1717 2139 in-

928 2161 1055 2188 cursioue
1086 2160 1165 2187 ﬁdem
1192 2159 1219 2186 in
1254 2159 1337 2185 Deum
1366 2158 1515 2189 violarunt,
1541 2161 1716 2184 sacramenta

80 2202 149 2232 κοὺς
171 2201 341 2234 τελέσαντες,
361 2202 408 2229 καὶ
431 2202 569 2238 ἀθεμίτων
594 2203 675 2230 τινῶν
697 2205 873 2240 γευσάμενοι,

936 2206 1040 2242 gentilia
1065 2206 1201 2241 jurnnles,
1221 2210 1249 2232 et
1276 2204 1393 2232 nefanda
1421 2203 1545 2238 quiedam
1562 2207 1714 2237 gustantes,

81 2246 140 2273 τῶν
153 2248 183 2273 ὲν
195 2249 251 2279 τοῖς
270 2247 389 2280 εἰδώλοις
409 2250 465 2280 τοῖς
487 2250 615 2283 μαγικοῖς
637 2251 876 2286 προσενεχθέντων

80 2292 186 2323 αὐτοῖς.
201 2289 274 2319 οὗτοι
303 2293 376 2320 κατὰ
403 2293 467 2325 τοὺς
490 2293 540 2329 ἤδη
566 2294 644 2330 παρὰ
663 2294 718 2320 τῶν
748 2295 877 2330 Πατέρων

81 2337 164 2372 ἡμῶν
188 2337 379 2373 ὲξενεχθέντας
400 2338 526 2372 κανόνας,
541 2339 565 2365 εί
588 2340 638 2375 μὲν
656 2340 779 2377 ἀνάγκην
797 2341 877 2376 χαλε-

81 2381 139 2416 πὴν
165 2383 197 2408 ὲκ
225 2383 348 2416 βασάνων
376 2383 584 2418 ὑπομείναντες,
607 2385 654 2411 καὶ
682 2384 720 2420 μὴ
749 2385 877 2420 φέροντες

80 2428 149 2458 τοὺς
173 2428 280 2460 πόνους,
293 2428 340 2455 καὶ
361 2429 530 2461 αἰκισθέντες
558 2431 625 2465 πρὸς
639 2430 689 2465 τὴν
703 2431 815 2466 ἄρνησιν
830 2429 877 2466 ἦλ-

81 2473 142 2505 θον,
160 2473 189 2499 ὲν
207 2475 297 2509 τρισὶν
312 2474 400 2500 ἔτεσιν
424 2475 553 2506 assum;
574 2473 655 2508 εἶναι,
668 2476 715 2502 καὶ
740 2477 770 2502 ἐν
796 2477 875 2503 δυσὶν

80 2519 249 2554 ἀκροᾶσθαι,
285 2520 333 2547 καὶ
350 2520 379 2548 ὲν
403 2520 493 2555 τρισὶν
519 2520 716 2553 ὑποπεσόντας,
733 2521 818 2553 οὕτως
833 2521 876 2548 δε-

81 2565 167 2596 κτοὺς
182 2564 308 2599 γενέσθαι
326 2566 365 2597 είς
380 2566 429 2600 τὴν
441 2565 583 2594 κοινωνίαν
601 2575 607 2582 ·
625 2568 650 2593 εἰ
667 2567 695 2593 δὲ
707 2567 771 2594 ἄνευ
786 2567 872 2601 ἀνάγ-

82 2620 137 2646 κης
162 2611 285 2647 μεγάλης
312 2612 458 2647 προδόντες
477 2612 527 2648 τὴν
547 2614 588 2645 είς
610 2613 677 2640 Θεὸν
706 2614 809 2648 πίστιν,
828 2615 878 2642 καὶ

83 2658 222 2693 ἁψάμενοι
236 2658 287 2692 τῆς
298 2658 438 2694 τραπέζης
449 2659 503 2686 τῶν
519 2659 677 2694 δαιμονίων,
698 2660 745 2687 καὶ
759 2660 877 2696 ὀμόσαν-

83 2711 130 2735 τες
145 2703 243 2738 ὄρκους
269 2703 453 2740 Ἑλληνικοὺς,
468 2705 648 2732 ὲκῦάλλεσθαι
665 2706 715 2741 μὲν
737 2706 766 2732 ἐν
791 2706 876 2742 τρισὶν

83 2748 171 2783 item,
184 2750 231 2777 καὶ
244 2750 274 2778 ἐν
287 2750 363 2778 δυσὶν
376 2750 466 2778 ἐτεσιν
494 2752 657 2788 ἀκροᾶσθαι,
672 2753 702 2780 ὲν
716 2752 875 2780 ὕποπτώσει

127 2838 152 2855 ³³
166 2837 175 2865 I
189 2838 251 2866 Cor.
271 2847 308 2872 vt,
328 2839 369 2867 15.
409 2841 430 2857 ²⁷
449 2840 540 2868 Matth.
562 2848 604 2874 ιν,
624 2841 666 2869 ll.

927 2258 989 2286 quae
1017 2251 1082 2285 ipsis
1106 2251 1132 2277 in
1151 2249 1266 2284 magicis
1297 2249 1433 2276 idolorum
1460 2248 1569 2282 templis
1590 2248 1716 2282 apposita

925 2296 1012 2329 fuere,
1023 2297 1057 2325 iis
1069 2295 1221 2323 secundum
1238 2303 1358 2323 canones
1372 2295 1428 2330 jam
1445 2302 1459 2321 a
1471 2294 1599 2321 Patribus
1615 2293 1718 2320 nostris

925 2342 1013 2370 editos
1029 2343 1213 2376 dispensatur.
1230 2341 1299 2368 Nam
1316 2342 1363 2376 qui
1386 2341 1439 2368 vim
1456 2348 1565 2376 gravent
1588 2348 1636 2375 per
1661 2345 1717 2367 tor-

926 2393 1019 2416 menta
1038 2389 1206 2419 sustinuere,
1233 2395 1283 2415 nec
1298 2387 1420 2415 ferentes
1444 2387 1563 2419 labores,
1586 2387 1619 2414 ad
1634 2394 1712 2421 nega-

926 2436 1028 2463 tionem
1054 2435 1132 2462 tracti
1158 2439 1232 2465 sunt.
1255 2434 1344 2461 tribus
1356 2434 1437 2461 annis
1457 2433 1708 2472 non‘recipiantur,

927 2486 956 2508 et
970 2481 1078 2508 duobus
1100 2480 1224 2512 audiant,
1248 2484 1276 2507 et
1302 2480 1348 2507 ubi
1370 2480 1454 2507 annis
1470 2480 1559 2507 tribus
1584 2479 1715 2507 substrati

927 2526 1039 2558 fuerint,
1069 2527 1110 2554 sic
1135 2526 1170 2554 ad
1192 2526 1414 2553 communionem
1444 2526 1634 2553 admittanlur.
1663 2524 1716 2558 Qui

926 2580 992 2600 vero
1002 2572 1062 2599 sine
1083 2579 1181 2607 magna
1206 2572 1231 2599 vi
1253 2572 1333 2599 Iidem
1361 2572 1386 2598 in
1408 2571 1493 2600 Deum
1522 2571 1714 2606 prodiderunt,

927 2626 1105 2653 mensamque
1125 2618 1275 2653 attigerunt
1291 2618 1501 2650 dwmoniorum,
1525 2623 1552 2644 et
1568 2617 1711 2652 gentilium

927 2669 1097 2692 sacramenta
1120 2663 1260 2698 iurarunt,
1276 2664 1422 2698 cjiciantur
1436 2663 1547 2698 quidem
1567 2663 1654 2689 tribus
1665 2669 1715 2688 au-

927 2709 982 2742 nis,
997 2708 1104 2736 duobus
1116 2709 1250 2736 audiant:
1268 2709 1314 2736 ubi
1330 2716 1395 2736 vero
1410 2709 1490 2736 annis
1505 2708 1593 2736 tribus
1611 2707 1638 2733 in
1651 2706 1714 2734 sub-

928 2754 1061 2782 stratione
1075 2753 1224 2788 orarerint,
1244 2760 1270 2782 et
1289 2762 1336 2790 per
1354 2755 1423 2782 alios
1441 2759 1495 2783 tres
1508 2761 1569 2782 cum
1585 2751 1716 2781 ﬁdelibus
