1959 3060
240 119 294 153 927

824 118 957 149 ΡΗΟΤῙΙ
972 118 1039 149 ΡΛἿ

1109 115 1231 148 λΙὶΟΗίΕ
1249 115 1304 148 CP.
1820 113 1866 146 9‘28

242 177 276 204 ait
300 176 462 203 orationem
481 175 615 208 steterint,
641 175 682 203 sic
703 174 883 203 admittantur
900 175 934 203 ad
969 174 1033 202 boni

1109 174 1119 200 ὲ
1132 173 1301 208 εὐξαμένους
1318 171 1348 199 ὲν
1360 169 1450 206 τρισὶν
1465 169 1566 203 ἐτεσιν,
1581 169 1630 196 καὶ
1643 168 1672 196 ἐν
1692 168 1776 199 ἄλλοις
1799 174 1865 204 τρισὶ

241 221 480 249 communionem.

272 320 357 356 [3.36
370 319 448 348 CAP.
465 319 536 347 XIV.
549 334 584 341 —
602 319 640 346 De
658 319 729 346 laico
745 319 791 354 qui
810 319 867 354 regi
888 318 1039 347 maledicit.

462 367 653 401 Apostolorum
669 373 754 393 canon
776 365 819 393 84.

276 413 311 441 84
328 411 398 449 [85].
412 411 543 447 Quisquis
570 419 662 447 regem
678 412 722 439 vel
746 411 909 447 principem,
928 417 996 446 etc.,
1013 417 1040 439 ιιι

240 466 302 492 pnq.
318 457 349 484 '15
355 457 382 484 9.

460 502 553 530 P/tolii
566 503 661 538 synodi
679 510 763 529 canon
781 502 808 530 3.

279 550 307 577 5.
325 549 352 578 Si
368 549 431 585 quis
447 550 535 578 laicus
547 549 593 577 Dei
608 558 640 577 ac
651 550 848 582 imperatorum
863 554 1043 578 contemnens

241 597 380 629 mandata,
396 596 608 631 tremendasque
618 595 747 622 derideus
763 595 894 622 Ecclesia:
907 596 1043 623 constitu-

242 643 330 670 tiones
354 643 491 678 legesque,
521 642 619 669 audeat
650 641 808 676 episcopum
840 641 986 677 quemdam
1001 642 1043 668 vel

241 689 344 716 c-edere
375 689 417 714 vel
448 688 474 714 in
504 695 645 715 carcerem
678 689 795 721 tradere,
812 688 872 716 sine
889 695 986 721 causa,
1000 688 1043 715 vel

246 735 309 762 licta
326 734 359 761 de
381 741 476 765 causa,
489 733 634 760 anathema
660 734 706 761 sit.

278 826 349 861 Lege
364 834 424 861 qute
449 831 514 853 sunt
538 829 667 854 annotata
688 825 716 853 in
734 833 794 862 cap.
812 825 863 858 56,
884 826 916 854 tit
929 826 956 854 9.
972 833 1042 862 pm-

242 873 328 900 sentis
341 872 442 907 operis.

278 917 319 943 CA
326 917 354 943 P.
371 916 430 943 XV.
443 931 479 936 —
494 916 533 944 De
546 915 702 943 orthodoxi:
720 915 838 951 eulogia:
853 916 1038 951 recipientibus

242 962 274 988 ab
290 963 424 989 ltwrelicis
439 967 485 990 aut
506 961 621 995 Judwis,
642 962 680 989 uel
698 961 856 989 ludo-orum
871 962 946 997 festis
966 970 1038 989 com-

242 1008 450 1036 municantibus.
479 1007 512 1035 Et
534 1009 603 1042 quod
622 1008 740 1035 Sabbalo
760 1016 812 1035 non
825 1008 859 1034 sit
876 1008 1037 1043 feriundum,

241 1053 288 1080 sed
307 1059 385 1088 prout
413 1053 471 1083 ﬁeri
494 1053 588 1087 poterit
604 1052 646 1079 die
661 1052 811 1084 Dominica,
826 1051 860 1079 Et
868 1052 900 1079 de
911 1052 944 1079 iis
956 1052 1039 1087 quiin

242 1098 428 1125 hwreticorum
442 1098 613 1125 monasteriis
630 1097 668 1124 vel
690 1097 808 1125 ecclesiis
821 1101 911 1125 orant.

417 1185 605 1220 Apostolorum
619 1193 733 1213 canones
747 1185 793 1219 65,
810 1180 861 1213 70.

278 1232 313 1260 65
327 1231 395 1268 [65].
416 1232 444 1260 Si
458 1233 519 1267 quis
535 1232 652 1261 clericus
670 1232 713 1260 vel
727 1232 815 1261 laicus
829 1232 857 1260 in
869 1230 1037 1265 Judaeomm,

241 1284 306 1311 etc.,
323 1283 350 1306 ut
364 1287 428 1313 pag.
447 1278 512 1306 758.

279 1324 312 1350 70
324 1322 393 1359 [69].
415 1323 443 1350 Si
456 1323 519 1358 quis
536 1323 680 1358 episcopus
695 1323 738 1350 vel
751 1322 904 1358 presbyter,
919 1323 960 1350 vel
975 1323 1036 1351 dia-

242 1377 332 1397 conus
362 1369 405 1396 vel
426 1369 539 1397 omnino
558 1378 591 1396 ex
606 1369 770 1397 sacerdotali
783 1370 919 1406 catalogo,
933 1369 1038 1405 ju-junet

241 1422 304 1442 cum
323 1413 434 1446 iudicis.
449 1418 492 1442 etc
506 1435 513 1447 ,
531 1420 559 1442 ut
570 1424 632 1451 pag.
649 1415 712 1444 75H.

242 1461 510 1496 ϐοησίίὶἱειοοᾱὶεεηί
525 1470 637 1490 canones
649 1463 677 1497 9,
694 1463 740 1499 29,
757 1464 803 1497 52,
815 1463 862 1496 54,
879 1463 924 1496 5⁵1,
936 1462 981 1493 '58.
991 1462 1036 1490 59.

277 1543 305 1571 9.
317 1542 376 1571 Non
391 1543 595 1572 concedendum
606 1552 677 1572 esse.
687 1551 752 1579 etc.;
770 1552 798 1574 ut
811 1553 874 1581 pag.
892 1545 957 1574 885.

278 1633 360 1670 437
374 1634 420 1662 29.
444 1634 522 1667 Quod
545 1642 600 1662 non
626 1639 736 1670 oportet
755 1634 931 1664 Christianos
947 1636 1039 1671 judui-

245 1690 317 1713 zare.
329 1687 372 1710 etc
386 1702 394 1716 ,
409 1687 502 1717 utpag.
512 1681 574 1709 645.

279 1729 323 1757 52.
338 1729 417 1762 Quod
434 1736 488 1756 non
506 1732 614 1764 oportet
627 1728 819 1757 hmreticorum
832 1729 1038 1758 benedictiones

245 1777 379 1810 accipere.
394 1779 459 1808 etc.,
473 1780 503 1802 ut
517 1783 577 1810 pag.
594 1774 657 1802 882.

281 1822 325 1851 5i.
362 1821 441 1854 Quod
478 1828 534 1848 non
572 1825 682 1856 oportet
711 1828 822 1849 omnem
849 1821 1038 1849 Christianum

245 1867 345 1894 Christi
362 1870 495 1902 martyres
511 1865 674 1901 relinquere,
689 1871 754 1899 etc.,
768 1871 798 1894 ut
813 1867 947 1902 pog.885,

282 1912 327 1939 57.
351 1911 429 1945 Quod
443 1919 496 1938 non
515 1915 623 1946 oportet
637 1919 699 1947 quae
725 1920 740 1940 a
755 1912 858 1941 Judaeis
885 1914 927 1940 vel
954 1913 1039 1941 hatre-

248 1958 308 1985 ticis
319 1958 466 1985 mittuntur
477 1957 577 1986 l‘estiva
601 1958 736 1993 accipere,
752 1966 841 1995 neque
855 1967 909 1987 una
922 1967 983 1987 cum
998 1960 1039 1988 eis

247 2003 346 2032 festum
358 2011 446 2038 agere.

281 2051 326 2078 58.
346 2051 423 2084 Quod
449 2059 502 2080 nan
521 2056 630 2088 oportet
654 2060 668 2080 a
683 2051 786 2080 Iudaeis
798 2059 894 2088 azyma
908 2052 1037 2088 accipere

246 2096 287 2124 vel
299 2105 392 2124 eorum
408 2097 596 2133 impietatibus
612 2106 722 2126 commu
729 2098 835 2126 nicare.

280 2142 325 2170 59.
341 2142 419 2176 Quod
439 2151 493 2171 non
517 2149 625 2179 oportet
641 2143 710 2171 festa
726 2151 807 2179 agere
824 2151 886 2171 cum
910 2143 1037 2180 gentibus

245 2190 273 2213 ct
286 2194 379 2213 earmu
396 2187 527 2221 impietati
544 2187 758 2215 communicare.

281 2229 392 2258 Concilii
409 2231 624 2267 Carthagiueusis
640 2241 724 2260 canon
739 2232 784 2260 60.

282 2276 320 2304 De
331 2285 495 2312 paganorum
511 2279 645 2306 conviviis.

279 2323 325 2350 60.
336 2323 402 2350 Illud
410 2323 492 2351 etiam
505 2325 686 2360 petendum“,
697 2326 858 2361 utquoniam
866 2330 961 2353 contra
973 2334 1042 2362 pra:-

245 2372 321 2403 cepta
338 2367 432 2396 divina
459 2370 586 2398 convivia
604 2370 700 2399 multis
715 2371 742 2398 in
773 2371 842 2399 locis
861 2376 1040 2405 exercentur,

244 2420 306 2448 quae
324 2412 359 2440 ab
373 2421 468 2441 errore
483 2415 578 2449 gentili
596 2418 714 2443 attracta
738 2421 813 2448 sunt,
833 2416 870 2444 ita
888 2420 919 2444 ut
933 2424 1006 2444 nunc
1025 2424 1041 2444 a

244 2459 359 2494 paganis
377 2459 527 2488 Christiani
558 2461 591 2489 ad
615 2461 674 2489 hac
698 2461 862 2490 celebranda
887 2466 1038 2498 cogantur;

244 2513 277 2533 ex
290 2513 345 2541 qua
365 2513 396 2534 re
416 2507 585 2542 temporibus
604 2508 827 2536 Christianorum
847 2509 1041 2544 imperatorum

245 2552 402 2585 persecutio
413 2553 500 2581 altera
515 2553 572 2581 ﬁeri
588 2554 695 2582 occulte
708 2555 834 2582 videatur
853 2563 860 2582 :
880 2555 965 2582 vetari
979 2555 1042 2582 talia

242 2597 368 2632 jubeant,
382 2603 409 2626 et
423 2598 456 2627 de
471 2599 630 2628 civitatibus
651 2605 679 2628 et
694 2600 727 2628 de
750 2600 974 2636 possessionibus
991 2601 1043 2628 im-

245 2643 337 2678 posita
370 2651 451 2679 pecua
481 2646 628 2680 prohibere
647 2655 654 2674 :
674 2646 794 2675 maxime
814 2654 876 2675 cum
904 2646 987 2674 etiam
1006 2648 1041 2681 .in

243 2689 386 2719 Naulibus
400 2691 624 2720 beatissimorum
643 2697 794 2729 martyrum
817 2701 865 2729 per
891 2694 1037 2722 nonnullas

243 2734 381 2771 civitates,
399 2741 427 2766 et
450 2737 479 2766 in
504 2737 573 2774 ipsis
587 2738 656 2767 locis
672 2739 761 2769 sacris
775 2739 838 2768 talia
863 2740 1037 2769 committere

280 2827 302 2844 "
316 2828 403 2857 Cone.
420 2828 505 2858 Alric.
517 2836 543 2857 c.
557 2828 601 2856 ‘27.

1094 219 1246 250 συστάντας
1260 219 1318 250 τοῖς
1330 217 1437 249 πιστοῖς
1451 216 1492 248 είς
1501 215 1551 250 τὴν
1565 215 1668 250 δέησιν,
1688 213 1755 241 οὕτω
1765 214 1864 247 δεκτοὺς

1092 262 1163 291 εἶναι
1174 266 1208 300 τῇ
1224 263 1274 291 τοῦ
1284 262 1388 297 ἀγαθοῦ
1402 262 1541 297 κοινωνίᾳ.

1092 321 1218 349 ΚΕΦΛΛ.
1234 321 1281 348 ΙΔ’.
1297 335 1334 341 -
1346 319 1415 353 Περὶ
1431 319 1539 349 λαῖκοῦ
1559 316 1730 352 ὑϐρίζοντος
1739 316 1866 349 βασιλέα.

1310 365 1503 393 Ἀποστόλων
1519 364 1620 391 κανὼν
1629 363 1682 390 τπδ’.

1127 412 1180 442 τπδ’.
1192 413 1287 445 Ὅστις
1301 411 1409 448 ὑϐρίσει
1421 411 1543 447 βασιλέα,
1563 418 1591 437 κ.
1605 418 1631 436 τ.
1643 409 1670 436 λ.

1184 503 1245 538 Τῆς
1272 503 1321 530 ἐπὶ
1347 502 1461 530 Φωτίου
1483 501 1619 529 συνόδου
1647 501 1746 530 κανὼν
1757 505 1792 536 γ’.

1128 554 1162 586 γ’.
1180 551 1214 578 Εἴ
1241 559 1283 583 τις
1308 551 1363 577 τῶν
1396 549 1498 576 λαῖκῶν
1514 548 1702 584 αὺθεντήσας,
1730 549 1775 575 καὶ
1795 556 1870 574 κατα-

1094 597 1231 633 φρονήσας
1250 596 1300 633 μὲν
1313 595 1368 622 τῶν
1380 594 1460 622 θείων
1471 594 1519 621 καὶ
1537 593 1685 629 βασιλικῶν
1711 592 1872 629 προσταγμά-

1093 652 1159 674 των,
1176 642 1365 676 καταγελάσας
1377 641 1406 668 δὲ
1423 640 1471 667 καὶ
1485 640 1539 667 τῶν
1551 639 1674 676 φρικτῶν
1688 639 1738 674 τῆς
1770 639 1874 673 Ἐκκλη-

1095 688 1156 719 aia;
1174 687 1283 722 θεσμῶν
1307 695 1337 714 τε
1367 687 1415 713 καὶ
1437 686 1541 721 νόμων,
1551 686 1714 722 τολμήσειεν
1738 685 1874 712 ἐπίσκοπόν

1093 743 1154 761 τινα
1179 733 1272 768 τύψαι,
1291 733 1308 768 ἦ
1337 731 1531 767 φυλακίσαι,ἢ
1555 732 1643 768 χωρὶς
1666 731 1766 764 αἰτίας,
1791 732 1807 766 ἢ
1833 730 1876 758 καὶ

1097 779 1328 815 συμπλασάμενος
1352 778 1452 810 αἰτίαν,
1467 778 1481 805 ό
1505 777 1626 810 τοιοῦτος
1650 777 1773 812 ἀνάθεμα
1801 777 1876 803 εστω.

1137 824 1288 860 Ἀνάγνωθι
1312 824 1346 851 τὰ
1366 824 1626 859 παραγεγραμμένα
1645 825 1675 852 ὲν
1697 824 1736 860 τῷ
1758 822 1801 856 λς’
1819 831 1877 857 κεφ.

1091 871 1138 898 τοῦ
1152 870 1174 897 θ’
1189 871 1242 898 τίτ.
1258 869 1306 897 τοῦ
1317 870 1450 905 παρόντος
1469 871 1668 905 συντάγματος.

1127 916 1252 943 ΚΕΦΑΛ.
1267 916 1318 944 IE’.
1335 931 1371 937 —
1395 916 1465 950 Περὶ
1480 915 1652 951 ὀρθοδόξων
1671 916 1880 951 λαμϐανόντων

1093 963 1233 996 εὐλογίας
1259 962 1320 989 ἀπὸ
1339 956 1495 995 αἱρετικὼν
1511 961 1530 996 ἢ
1557 960 1717 993 Ἰουδαίων,
1730 961 1749 994 ἢ
1764 968 1882 994 συνεορ-

1099 1008 1247 1039 ταζόντων
1269 1007 1422 1041 Ἰουδαίοις
1439 1016 1447 1024 ·
1464 1007 1569 1034 καὶὸτι
1585 1008 1621 1033 οὺ
1637 1006 1686 1034 δεῖ
1701 1006 1765 1039 τοῖς
1783 1006 1882 1033 Σαϐϐά-

1094 1061 1157 1086 τοις
1183 1051 1354 1087 σχολάζειν,
1370 1052 1451 1079 ἀλλὰ
1467 1052 1542 1079 κατὰ
1562 1052 1594 1078 τὸ
1617 1050 1755 1078 δυνατὸν
1780 1050 1816 1085 τῇ
1830 1052 1882 1077 Κυ-

1092 1098 1184 1134 ριακῇ
1200 1107 1206 1113 ’
1220 1099 1269 1126 καὶ
1284 1098 1422 1134 περὶτῶν
1431 1099 1605 1133 εὐχομένων
1618 1098 1656 1125 ἐν
1673 1097 1882 1133 μονασπτηριόις

1091 1144 1110 1179 ἢ
1126 1144 1311 1180 ἐκκλησίαις
1320 1144 1488 1179 αἱρετικῶν.

1287 1191 1478 1218 Ἀποστόλων
1488 1198 1588 1217 κανων
1599 1189 1649 1221 ξε¹,
1668 1192 1701 1217 ο¹.

1128 1236 1174 1269 ie’.
1188 1235 1222 1264 Et
1234 1245 1276 1268 τις
1295 1237 1426 1272 κληρικδς
1439 1236 1456 1272 ἢ
1471 1236 1564 1264 λαῖκδς
1580 1235 1703 1263 εἰσέλθοι
1714 1236 1754 1269 είς
1768 1243 1883 1268 συναγω-

1092 1282 1144 1317 γὴν
1167 1282 1313 1315 Ἰουδαίων,
1334 1291 1363 1309 κ.
1377 1291 1403 1309 τ.
1419 1282 1444 1310 λ.

1127 1326 1159 1354 o’.
1177 1328 1210 1354 Et
1224 1336 1266 1360 τις
1288 1327 1447 1360 ἐπίσκοπος,
1463 1327 1687 1365 ἧπρεσῦύτερος,
1699 1327 1851 1364 ἦδιάκονος,
1869 1324 1884 1359 ἢ

1091 1373 1159 1404 ὅλως
1173 1373 1221 1400 τοῦ
1247 1372 1399 1407 καταλόγου
1422 1373 1476 1400 τῶν
1502 1372 1657 1408 κληρικῶν,
1677 1372 1806 1408 νηστεύοι
1822 1371 1886 1406 μετὰ

1098 1418 1242 1450 Ἰουδαίων,
1256 1429 1283 1446 κ.
1297 1428 1322 1446 τ.
1342 1419 1369 1448 λ,

1092 1466 1228 1493 Συνόδου
1256 1465 1431 1532 Λαοδίκειῗέ
1457 1464 1565 1526 alarii;
1580 1465 1625 1498 θ’,
1654 1463 1696 1492 κθ’
1711 1486 1719 1498 ,
1750 1463 1809 1500 λβ⁷,
1833 1460 1867 1489 λδ¹
1880 1482 1888 1495 ,

1431 1521 1437 1532 ι
1475 1509 1511 1532 η,
1569 1520 1577 1528 .

1431 1521 1437 1533 ,
1459 1509 1577 1535 Λη,Λυ.

1051 1535 1075 1568 C
1128 1545 1164 1574 θ’.
1194 1546 1265 1581 Περὶ
1293 1545 1341 1573 τοῦ
1377 1545 1415 1581 μὴ
1442 1547 1597 1582 συγχωρεῖν
1627 1546 1670 1578 είς
1697 1545 1734 1573 τὰ
1762 1543 1892 1580 κοιμητή-

1115 1600 1154 1619 ια.
1173 1600 1201 1619 ιι.
1217 1600 1242 1618 τ.
1258 1591 1284 1617 λ.

1115 1600 1141 1619 ια
1194 1611 1201 1619 .
1217 1600 1242 1618 τ.
1259 1600 1284 1617 Α.

1096 1601 1112 1627 ρ
1201 1638 1263 1665 Ὅτι
1281 1637 1312 1664 οὐ
1327 1637 1366 1664 δεῖ
1377 1636 1557 1674 Χριστιανοὺς
1581 1637 1761 1670 Ἰουδαΐζειν,
1786 1645 1813 1663 κ.
1829 1643 1854 1662 τ.
1869 1634 1892 1661 λ.

1131 1728 1183 1764 λβ¹.
1208 1729 1271 1756 ὀτι
1294 1729 1326 1756 οὑ
1346 1728 1387 1755 δεῖ
1407 1728 1556 1764 αίρετικῶν
1575 1728 1715 1764 εὐλογίας
1732 1727 1895 1764 λαμϐάνειν,

1094 1783 1122 1803 κ.
1138 1783 1164 1803 τ.
1183 1775 1208 1802 λ.

1129 1820 1176 1848 λδ’.
1195 1821 1258 1847 Ὀτι
1274 1820 1305 1847 οὐ
1327 1821 1369 1848 δεῖ
1391 1821 1482 1848 πάντα
1503 1821 1677 1857 Χριστιανὸν
1691 1819 1898 1848 ἐγκαταλείπειν

1097 1867 1241 1903 μάρτυρας
1256 1867 1386 1902 Χριστοῦ,
1405 1876 1433 1895 κ,
1448 1876 1474 1895 τ.
1491 1867 1516 1895 λ.

1129 1913 1179 1945 λξ.
1199 1913 1260 1940 Ὅτι
1275 1913 1306 1939 οὐ
1321 1913 1361 1940 δεῖ
1375 1914 1452 1949 παρὰ
1475 1913 1530 1940 τῶν
1545 1920 1707 1948 αιρετικων
1729 1915 1748 1950 ἢ
1774 1912 1901 1941 ἰουδαίων

1093 1959 1129 1986 τὰ
1144 1959 1308 1994 πεμπόμενα
1322 1959 1488 1996 ἑορταστικὰ
1501 1959 1674 1994 λαμϐάνειν,
1706 1959 1778 1996 μηδὲ
1798 1965 1902 1991 συνεορσ

1094 2004 1187 2037 τάξειν
1198 2005 1301 2036 αὐτοῖς,

1130 2050 1181 2086 λη’.
1199 2051 1261 2077 ’Ότι
1281 2050 1311 2078 οὐ
1328 2050 1372 2077 δεῖ
1390 2051 1467 2086 παρὰ
1481 2050 1536 2078 τῶν
1555 2051 1707 2080 Ἰουδαίων
1727 2052 1824 2088 ἄζυμα
1837 2051 1902 2085 λαμ-

1095 2096 1197 2128 εάνειν,
1215 2095 1232 2131 ἦ
1250 2097 1390 2122 κοινωνεῖν
1403 2098 1463 2128 ταῖς
1478 2096 1626 2129 ἀσεϐείαις
1646 2098 1756 2125 αὐτῶν.

1130 2143 1180 2170 λθ’.
1197 2143 1258 2170 Ὅτι
1274 2144 1304 2170 οὐ
1328 2144 1369 2170 δεῖ
1381 2145 1437 2175 τοῖς
1451 2144 1542 2171 ἔθνεσι
1558 2145 1769 2180 συνεορτάςειν
1785 2145 1834 2173 καὶ
1853 2151 1904 2170 κοι-

1094 2190 1189 2222 νωνεῖν
1204 2190 1237 2225 τῇ
1252 2189 1380 2225 ἀθεότητι
1400 2190 1499 2217 αὐτῶν.

1229 2234 1365 2262 Συνόδου
1381 2235 1597 2270 Κῳθαγέννης
1615 2237 1726 2265 κανὼν
1743 2237 1776 2271 ξ’.

1126 2279 1195 2313 Περὶ
1204 2279 1256 2306 τοῦ
1265 2279 1432 2314 ἀφελέσθαι
1441 2280 1477 2307 τὰ
1487 2279 1546 2307 τῶν
1555 2281 1730 2318 Ἑλλήνων
1741 2283 1907 2318 συμπόσια.

1128 2325 1159 2358 ξ’.
1183 2326 1302 2353 Κάκεῖνο
1328 2325 1369 2353 ἔτι
1391 2325 1445 2362 μὴν
1459 2326 1501 2353 δεῖ
1515 2327 1639 2363 αἰτῆσαι
1665 2330 1750 2366 παρὰ
1768 2330 1826 2357 τῶν
1845 2330 1909 2365 Χρι-

1092 2371 1209 2399 στιανῶν
1224 2371 1368 2407 βασιλέων,
1390 2371 1485 2407 ἐπειδὴ
1507 2372 1589 2408 παρὰ
1610 2374 1648 2401 τὰ
1665 2375 1731 2402 θεῖα
1754 2374 1910 2411 παραγγέλ-

1094 2425 1166 2453 ματα
1175 2418 1206 2444 Av
1217 2417 1325 2448 πολλοῖς
1335 2416 1430 2449 τόποις
1443 2417 1588 2452 συμπόσια
1600 2419 1697 2452 οὕτως
1709 2421 1909 2449 ὲπιτελοῦνται,

1093 2463 1126 2489 ὲκ
1144 2463 1195 2497 τῆς
1215 2463 1326 2496 ἐθνικῆς
1347 2462 1451 2497 πλάνης
1467 2464 1704 2499 προενεχθέντα,
1723 2466 1763 2498 ὡς
1781 2467 1831 2493 καὶ
1847 2466 1909 2500 Χρι-

1094 2508 1221 2540 στιανοὺς
1232 2510 1289 2539 τοῖς
1306 2508 1421 2544 Ἕλλησι
1436 2507 1524 2543 λάθρα
1538 2513 1803 2547 προσ-συνάγεσθαι
1819 2513 1866 2539 ἐπὶ
1881 2511 1910 2546 τῇ

1093 2555 1196 2582 τούτων
1207 2555 1314 2591 τελετῇ,
1331 2555 1374 2582 ἵνα
1389 2555 1541 2583 κελεύσωσι
1560 2557 1600 2584 τὰ
1615 2559 1743 2587 τοιαῦτα
1757 2560 1911 2594 κωλυθῆναι

1092 2602 1140 2629 καὶ
1157 2603 1188 2628 ὲκ
1214 2601 1269 2628 τῶν
1290 2601 1396 2628 πόλεων
1418 2601 1466 2628 καὶ
1488 2601 1520 2628 ὲκ
1541 2602 1603 2630 τῶν
1623 2605 1779 2641 κτήσεων,
1798 2606 1911 2642 μάλιστα

1091 2648 1132 2674 ὅτι
1150 2647 1197 2674 καὶ
1213 2647 1242 2674 ὲν
1258 2647 1349 2679 ain-oi;
1364 2647 1421 2679 τοῖς
1438 2646 1578 2681 γενεσίοις
1596 2649 1658 2676 τῶν
1678 2651 1831 2688 μακαρίων
1846 2658 1911 2686 μαρ-

1092 2691 1183 2727 τύρων
1199 2691 1252 2719 ἀνά
1273 2700 1350 2723 τινας
1367 2691 1460 2722 πόλεις
1477 2691 1525 2717 καὶ
1548 2693 1593 2724 είς
1614 2695 1723 2727 αὐτοὺς
1740 2697 1807 2728 τοὺς
1827 2696 1911 2730 ἱεροὺς

1090 2739 1191 2771 τόπους
1209 2738 1321 2766 τοιαῦτα
1334 2737 1505 2773 πλημμελεῖν
1518 2738 1574 2774 οὐχ
1591 2740 1764 2777 ὑφορῶνται
1777 2752 1783 2759 .
1819 2744 1850 2770 εν
1871 2739 1912 2773 αῖς
