1959 3060
83 183 137 215 929

386 181 587 213 SYNTAGMA
607 180 800 211 CANONUM.
813 189 847 198 θ-
859 177 935 210 ΤῙΤ.
954 176 1042 215 XIII,
1062 176 1141 208 CAP.
1160 176 1273 208 XIV—
1289 175 1399 207 XVIII.

1662 175 1717 208 930

81 242 212 276 ἡμέραις,
227 239 242 266 ὅ
260 239 306 266 καὶ
324 238 416 274 λέγειν
437 239 552 275 αἰσχύνη
568 239 661 271 ἐστὶν,
681 239 807 273 ὀρχήσεις
823 247 874 272 μυ-

933 243 983 262 non
1002 234 1196 262 reformident.
1221 233 1328 267 Quibus
1345 233 1444 261 diebus
1461 231 1564 265 etiam,
1576 233 1649 268 quod
1666 241 1717 268 pu-

82 287 170 322 σορὰς
194 286 233 317 εις
249 285 314 316 τοὺς
335 285 438 320 ἀγροὺς
453 285 501 311 καὶ
521 285 560 316 εἰς
574 284 623 316 τὰς
646 283 778 314 πλατείας
794 284 873 309 ὲκτε‹

79 333 183 363 λοῦσιν,
200 331 270 358 ὥστε
285 332 319 366 τῇ
331 330 385 357 τῶν
401 330 610 356 οίκοδεσποινῶν
624 331 708 365 τιμῇ,
722 330 771 356 καὶ
786 329 873 356 ἄλλων

80 378 277 413 ἀναριθμήτων
292 376 429 411 γυναικῶν
444 377 478 412 τῇ
490 376 559 402 αίδοϊ
573 376 627 402 τῶν
638 375 759 407 εὐλαϐῶς
770 376 810 406 εἰς
823 374 872 410 τὴν

82 423 162 457 ἁγίαν
175 423 282 459 ἡμέραν
293 422 535 458 παραγενομένων,
546 421 658 455 λάγναις
672 420 783 457 ΰὸρεσιν
795 421 874 456 ἐφορ-

82 469 153 504 μᾷν,
175 467 213 500 ὡς
234 469 282 496 καὶ
296 469 383 502 αὐτῆς
398 469 448 503 τῆς
463 468 545 502 ἁγίας
563 467 681 499 πίστεως
694 466 790 502 σχεδὸν
806 466 873 501 φεύι

80 515 178 550 γεσθαι
191 515 241 550 τὴν
255 514 446 552 προσ-ἐλευσιν.

123 559 273 593 Ἀνάγνωθι
300 559 335 586 τὰ
361 558 620 595 παραγεγραμμένα
645 558 675 585 ὲν
693 557 733 593 τῷ
753 561 784 584 ιε’
808 566 870 592 κεφ.

80 604 130 634 τοῦ
146 606 171 641 γ’
185 606 240 634 τίτ.
260 605 307 633 τοῦ
328 607 463 641 παρόντος
479 602 686 640 συντάγματος,
703 605 751 631 καὶ
767 604 789 631 δ’
807 612 871 639 κεφ.

79 652 128 680 τοῦ
146 653 169 684 ζ’
185 652 238 680 τίτ.

115 698 243 724 ΚΕΦΔΛ.
262 696 323 731 ις]
337 713 372 720 -
398 695 468 732 Πέρῑ
484 696 600 724 λατκῶν
617 695 807 730 πειρωμένωνι
829 693 872 729 μὴ

78 742 157 771 εἶναι
172 744 244 778 τοὺς
259 743 421 778 κληρικσὺς
434 743 494 771 τῶν
507 743 720 778 por-actm:le
732 741 781 768 καὶ
796 749 869 768 πτω-

79 791 171 824 χεΙων
181 790 230 817 καὶ
243 791 440 825 μαρτυρείων,
455 790 516 818 ὑπὸ
529 790 587 824 τὴν
601 788 749 822 ἐξουσίαν
759 788 794 815 ἐν
807 787 872 820 ταῖς

79 835 210 862 πόλεσιν
227 835 412 862 ἐπισκόπων.

219 880 354 908 Συνόδου
370 880 564 915 Χαλκηδόνος
580 879 681 907 κανὼν
693 881 730 915 η’.
759 906 762 909 .

923 281 1000 308 doris
1018 285 1060 308 est
1073 280 1174 312 dicere,
1186 279 1346 307 saltationes
1366 279 1595 307 sceleratissimus
1611 286 1659 314 per
1670 280 1713 306 vi-

924 333 974 354 cos
988 330 1070 360 atque
1084 325 1190 360 plateas
1206 329 1350 352 exercemit
1363 333 1371 352 :
1389 329 1418 352 nt
1433 325 1594 352 matronalis
1620 325 1720 357 honor,

922 375 951 398 et
963 369 1203 397 innumerabilium
1231 369 1393 396 feminarum
1424 370 1522 404 pudor,
1550 370 1650 397 devote
1668 378 1716 396 Ve-

922 417 1058 445 nientium
1081 416 1114 444 ad
1141 416 1359 443 sacratissimum
1386 416 1471 448 diem,
1503 417 1612 451 injuriis
1638 417 1720 443 Insci—

922 461 1059 489 vientibus
1085 464 1246 496 appetatur;
1264 465 1293 488 ut
1320 461 1403 488 etiam
1424 461 1509 493 ipsius
1535 466 1641 488 saneta:
1655 461 1720 487 reli-

921 506 1009 541 giunis
1027 506 1083 541 ('53)
1095 514 1163 541 pene
1177 505 1299 542 fugiatur
1312 514 1454 534 accessus.

957 553 1042 589 438
1053 553 1122 588 Lege
1136 561 1198 588 quae
1216 557 1346 580 annotata
1369 557 1434 580 sunt
1454 553 1481 581 in
1495 560 1557 588 cap.
1576 552 1620 585 i5,
1634 553 1677 580 tit.
1691 553 1719 584 ὅ,

922 598 1064 632 praesentis
1076 598 1178 632 operis,
1194 602 1220 625 et
1239 605 1300 633 cap.
1314 598 1342 630 4,
1357 598 1402 625 tit.
1413 597 1439 625 7.
1606 613 1608 615 τ

957 685 1024 713 CAP
1042 685 1114 714 XVI.
1129 701 1157 706 —
1177 685 1216 713 De
1232 686 1306 713 laicis
1320 685 1365 721 qui
1381 686 1446 713 dant
1461 693 1566 720 operam
1580 686 1719 721 quominus

922 731 1014 758 rlerici
1028 731 1261 763 monasteriorum,
1277 731 1543 766 ptocltodochiorum,
1571 736 1596 758 et
1617 737 1719 765 marty-

922 777 1024 803 riorum
1039 776 1069 803 in
1082 781 1210 811 potestate
1224 776 1321 804 urbani
1339 777 1453 812 episcopi
1468 777 1534 803 sint.

1074 868 1187 896 Consilii
1203 869 1426 897 Chalcedonensis
1443 878 1528 896 cotton
1541 870 1568 897 8.

114 931 150 963 η’.
170 929 202 955 Οί
222 928 350 964 κληρικοὶ
368 927 423 954 τῶν
445 927 588 963 πτωχείων
607 927 654 955 καὶ
671 914 870 962 ιμοναστηρίων

958 915 985 942 8.
1003 914 1101 943 Clerici
1130 916 1305 951 ptoehorum,
1326 917 1573 950 monasteriorum,
1591 921 1659 950 etc.,
1691 921 1720 943 ut

78 973 128 999 καὶ
145 973 329 1008 μαρτυρείων,
345 981 373 1000 κ.
388 981 414 999 τ.
429 972 455 1001 λ.

114 1018 243 1047 ΚΕΦΔΛ.
269 1020 322 1046 ΙΖ.’
338 1035 373 1040 -
393 1018 463 1053 Περὶ
485 1017 599 1046 stath
629 1016 872 1052 προστιθεμένων

77 1063 142 1097 τοῖς
156 1063 377 1099 ἀφεριζομένοις
395 1063 415 1098 ἢ
430 1063 630 1098 ἁποσχίζουσι
646 1062 869 1097 πρεσᾶυτέροις,

77 1108 129 1134 καὶ
143 1108 234 1142 χωρίς
252 1107 312 1135 τῶν
333 1109 509 1135 ἐπισκόπων
530 1107 649 1142 αὐτῶν,
671 1106 872 1141 θυσιαστήρια

78 1153 292 1192 «mminit-91g.

79 1212 80 1215 π
290 1199 484 1229 Ἀποστόλων
500 1198 602 1228 κανὼν
615 1198 667 1228 λα’.

114 1248 167 1276 λα’.
189 1249 222 1275 Εἴ
241 1257 284 1280 τις
300 1247 487 1284 πρεσὸύτερος
503 1247 717 1283 καταφρονήσας
737 1242 786 1272 τοῦ
805 1243 871 1272 ἰδίου

79 1294 232 1321 ἐπισκόπου
242 1313 250 1326 ,
266 1302 294 1320 κ.
309 1302 336 1321 τ.
351 1295 376 1320 λ.

123 1340 273 1374 Ἀνάγνωθι
286 1339 321 1366 τὰ
337 1338 596 1375 παραγεγραμμένα
608 1337 637 1365 ἐν
650 1337 689 1372 τῷ
699 1337 730 1364 ιδ’
745 1345 806 1370 κεφ.
823 1333 872 1362 τοῦ

80 1387 105 1418 γ’
120 1385 175 1412 τίτ.
191 1384 239 1411 τοῦ
255 1384 389 1419 παρόντος
405 1384 603 1418 συντάγματος.

118 1431 245 1458 ΚΕΦΑΛ.
261 1430 316 1458 ιιιι.
332 1445 368 1451 -
388 1429 457 1464 Περὶ
475 1429 621 1463 ἐπιόρκων
632 1448 640 1462 ,
661 1427 712 1455 καὶ
728 1428 763 1456 ἐν
777 1427 874 1461 ποίοις

80 1475 131 1503 δεῖ
141 1476 212 1509 τσὺς
226 1476 393 1511 ὀμνύοντας
406 1474 449 1510 μὴ
465 1474 609 1509 εὐορκεῖν.
642 1508 645 1510 γ

121 1523 286 1550 Βασίλειον
299 1522 401 1549 κανὼν
416 1525 443 1553 ι’,
461 1521 505 1553 ιζ’,
518 1520 570 1553 κο’,
582 1519 628 1552 ξδ’,
640 1519 697 1554 πβ’.

120 1573 148 1597 ι’.
164 1569 194 1596 Οί
211 1568 358 1604 ὀμνύοντες
373 1567 410 1603 μὴ
425 1565 624 1602 καταδέχεσθαι
638 1565 688 1601 τὴν
696 1563 874 1600 χειροτονίαν,

81 1623 111 1643 κ.
132 1624 158 1642 τ.
177 1615 202 1641 λ.
313 1616 319 1622 ‘
513 1616 516 1619 '

120 1662 166 1694 ιζ’.
188 1661 348 1696 Ἠρὼτησας
361 1661 437 1696 ἡμᾶς
450 1661 514 1696 περῖ
525 1658 664 1694 Βιάνορος,
679 1667 707 1685 κ.
722 1667 748 1685 τ.
765 1657 791 1684 λ.

122 1743 176 1771 κθ’.
199 1743 356 1779 ’Δρχοντας
371 1741 464 1775 μέντοι
484 1741 595 1776 ὀμνύειν
613 1741 660 1767 ἐπὶ
669 1740 708 1775 τῷ
718 1739 875 1767 κακοποιεῖν

82 1791 149 1821 τοὺς
163 1790 340 1825 ἀρχομένους,
357 1789 404 1815 καὶ
420 1788 491 1815 πάνυ
509 1786 709 1823 θεραπεύεσθαι
724 1785 875 1821 προσῆκεν·

84 1831 124 1862 ὧν
134 1836 151 1870 ή
162 1834 294 1870 θεραπεία
301 1833 387 1868 διττὴ,
397 1832 447 1868 μία
462 1832 512 1867 μὲν
527 1832 563 1866 μὴ
576 1831 686 1866 ὀμνύειν
695 1831 792 1862 αὐτοὺς
802 1829 876 1856 διδά-

85 1879 202 1907 σκεσθαι
220 1879 372 1915 προχείρως
384 1886 391 1893 ·
408 1877 489 1912 ἑτέρα
501 1877 541 1909 δὲ,
559 1876 596 1911 μὴ
613 1876 753 1910 ἐπιμένειν
770 1876 799 1901 ὲν
816 1875 877 1906 ταῖς

84 1927 220 1961 πονηραῖς
241 1925 362 1960 κρίσεσιν
375 1931 383 1939 ·
401 1923 471 1950 ὥστε
495 1923 570 1959 ὅρκῳ
592 1921 760 1958 προληφθείς
774 1929 816 1952 τις
836 1922 877 1952 εἰς

83 1972 251 1998 κακοποιίαν
264 1971 358 2006 ἐτέρου
369 1991 376 2004 ,
392 1970 442 2006 τὴν
456 1969 503 1996 ἐπὶ
519 1969 554 2004 τῇ
569 1967 721 2003 προπετείᾳ
734 1965 781 1993 τοῦ
793 1967 875 2002 ὅρκου

85 2017 234 2052 μετάνοιαν
260 2015 475 2048 ἐπιδεικνύσθω,
507 2014 544 2049 μὴ
577 2013 669 2049 μέντοι
699 2012 876 2047 προσχήματι

83 2062 248 2094 εὐλαϐείας,
271 2063 320 2098 τὴν
346 2062 478 2097 πονηρίαι.
499 2059 596 2087 ἑαυτοῦ
622 2058 788 2094 βεϐαιούτω·
815 2057 876 2085 οὐδὲ

82 2110 140 2144 γὰρ
172 2109 280 2145 Ἡρώδῃ
311 2109 458 2144 συνέφερεν
481 2106 684 2142 εὐορκήσαντι;
706 2105 735 2136 ὃς
761 2104 806 2131 ἵνα
837 2103 875 2139 μὴ

82 2155 240 2190 ὲπιορκήσῃ
263 2154 361 2189 δῆθεν,
385 2153 482 2188 φονεὺς
503 2152 614 2187 ἐγένετο
640 2151 688 2178 τοῦ
714 2151 876 2186 προφήτου’

81 2199 158 2232 ἅπαξ
172 2199 222 2234 μὲν
234 2200 248 2226 ὁ
266 2200 346 2234 ὅρκος
361 2198 561 2234 ἀπηγόρευται,
576 2197 668 2232 πολλῷ
691 2196 720 2224 δέ
733 2204 784 2223 που
802 2195 875 2228 εἰκὸς

80 2245 129 2271 τὸν
140 2245 187 2271 ἐπὶ
204 2244 282 2280 κακῷ
296 2244 438 2279 γινόμενον
451 2242 688 2279 κατακεκρίσθαι·
705 2242 775 2269 ὥστε
792 2250 875 2277 μετα-

944 969 987 988 aa.
1003 961 1067 988 558.

1024 962 1038 976 ε

925 962 1141 1034 Ραῗίτιῗῗδῆινιι.
1156 1020 1192 1027 —-
1207 1006 1245 1034 De
1258 1007 1336 1035 laicis
1352 1008 1398 1043 qui
1412 1007 1546 1035 adhwrent
1561 1008 1718 1044 presbyteris

925 1054 1068 1088 segregalis
1080 1053 1119 1080 υεί
1130 1054 1319 1088 εεὴὶδηιαιίεἱε,
1331 1055 1377 1090 qui
1393 1055 1450 1082 sine
1460 1055 1642 1090 episcoporum
1653 1062 1702 1081 suo
1712 1069 1719 1075 ι

924 1105 985 1126 rum
1001 1099 1077 1126 venia
1093 1099 1194 1127 altaria
1207 1100 1388 1129 constituunt.

1145 1195 1342 1230 Apostolorum
1350 1203 1435 1223 canon
1450 1197 1480 1224 5|
1489 1218 1496 1224 .

963 1238 995 1267 5|
1015 1238 1073 1276 [50]
1088 1239 1116 1267 Si
1130 1240 1194 1276 quis
1203 1241 1346 1276 presbyter
1360 1247 1517 1276 contempto
1527 1242 1637 1278 proprio
1648 1243 1717 1278 epis-

926 1292 1006 1320 copo,
1021 1290 1086 1318 εις..
1098 1291 1126 1313 ut
1143 1295 1204 1322 pag.
1217 1286 1281 1314 583.

924 1335 927 1337 ’
962 1330 1033 1366 Lege
1052 1339 1114 1366 quae
1129 1335 1259 1359 annotata
1290 1335 1355 1360 sunt
1372 1332 1400 1360 in
1417 1339 1478 1368 cap.
1495 1332 1530 1360 14
1548 1333 1590 1361 tit.
1606 1333 1634 1366 9,
1652 1341 1722 1369 prae-

929 1375 1016 1403 sentis
1030 1376 1132 1409 operis.

964 1419 1042 1446 CAP.
1057 1419 1149 1448 XVIII.
1165 1419 1246 1448 —De
1258 1422 1395 1457 perjuriis,
1409 1426 1432 1449 et
1444 1422 1616 1457 quandonam
1626 1423 1724 1458 juran—

929 1471 966 1494 tes
981 1467 1115 1501 contingat
1138 1475 1189 1493 non
1202 1473 1271 1494 recte
1281 1468 1387 1502 jurare.

1062 1511 1161 1539 Basilii
1175 1520 1287 1539 canones
1303 1513 1347 1546 10,
1361 1513 1406 1545 17,
1419 1513 1464 1547 9.9,
1481 1514 1525 1547 64,
1540 1514 1584 1542 82.

966 1557 1011 1585 10,
1024 1557 1075 1591 Qui
1084 1558 1178 1592 jurant
1193 1566 1223 1586 se
1237 1559 1436 1587 ordinationem
1449 1568 1504 1588 non
1520 1565 1723 1596 acceptaturos,
1754 1578 1757 1580 -

888 1598 910 1629 α
926 1607 991 1637 etc.,
1004 1608 1033 1630 ut
1046 1612 1109 1639 pag.
1120 1604 1182 1632 505.

967 1649 1011 1677 17.
1028 1650 1203 1685 lnterrogasti
1221 1658 1272 1678 nos
1287 1650 1321 1679 de
1335 1650 1454 1680 Bianore
1470 1653 1640 1688 presbytero,
1654 1659 1721 1686 etc.,

931 1700 960 1723 ut
975 1704 1036 1731 pag.
1051 1696 1115 1723 774.

964 1743 1010 1771 29.
1023 1742 1101 1776 Quod
1115 1742 1239 1771 homines
1251 1748 1387 1778 potestate
1401 1745 1507 1780 praediti
1518 1745 1623 1781 jurant,
1639 1746 1723 1783 439

932 1797 962 1818 se
978 1789 1048 1818 male
1071 1790 1105 1817 iis
1125 1789 1226 1825 quibus
1242 1796 1362 1826 praesunt
1381 1790 1513 1825 facturos,
1536 1793 1602 1820 illud
1621 1797 1649 1821 et
1665 1802 1725 1821 ma-

932 1836 1006 1863 xime
1028 1839 1155 1862 curatum
1177 1840 1296 1870 oportet.
1316 1836 1418 1864 Medela
1445 1843 1537 1865 autem
1562 1846 1657 1866 eorum
1682 1844 1725 1867 est

932 1881 1032 1916 duplex
1047 1890 1054 1908 :
1084 1889 1138 1909 una
1155 1883 1278 1917 quidem,
1300 1888 1330 1911 ut
1345 1884 1498 1912 doceantur
1511 1892 1565 1913 non
1585 1886 1665 1914 facile
1678 1886 1725 1921 ju-

934 1935 994 1955 rarc
1008 1935 1016 1960 ;
1033 1928 1118 1955 altera
1135 1935 1211 1960 vero,
1228 1936 1261 1956 ne
1277 1929 1304 1956 in
1325 1930 1405 1957 malis
1422 1931 1546 1958 consiliis
1565 1932 1723 1966 persistaut.

933 1972 1037 2000 Idcirco
1048 1973 1094 2007 qui
1108 1973 1290 2008 jurejurando
1302 1975 1335 2002 ad
1350 1976 1463 2004 alterius
1476 1977 1638 2005 maleficium
1655 1985 1725 2012 prae-

931 2022 1083 2053 occupatus
1100 2023 1151 2051 est,
1170 2019 1194 2047 is
1215 2026 1272 2047 sua!
1289 2019 1315 2047 in
1325 2020 1444 2055 jurando
1460 2023 1622 2050 temeritatis
1637 2024 1724 2058 paeni-

931 2064 1043 2092 tentiam
1062 2065 1198 2098 ostendat,
1220 2073 1274 2093 non
1299 2071 1391 2094 autem
1420 2075 1471 2102 per
1485 2075 1597 2095 causam
1613 2068 1723 2103 pietatis

932 2109 1137 2144 improbitatem
1158 2119 1236 2139 suam
1250 2112 1406 2140 confirmet.
1423 2112 1516 2148 Neque
1533 2114 1605 2141 enim
1622 2115 1722 2142 Herodi

929 2155 1121 2191 jusjurandum
1150 2158 1311 2187 observasse
1336 2159 1449 2194 profuit,
1468 2161 1514 2196 qui
1531 2162 1665 2196 \idelieet,
1688 2171 1722 2190 ne

923 2202 1088 2240 gejeraret,
1108 2205 1269 2239 prophetam
1289 2205 1389 2233 occidit
1410 2208 1443 2234 ³⁸.
1471 2206 1589 2235 Omnino
1611 2208 1721 2243 quidem

928 2248 1123 2283 jusjurandum
1152 2251 1322 2285 prohibitum
1338 2256 1380 2279 est
1394 2252 1437 2282 "z
1455 2253 1502 2280 sed
1529 2254 1616 2281 multo
1633 2255 1721 2289 magis

81 2292 194 2327 φρονεῖν
208 2292 260 2326 χρὴ
271 2291 316 2318 τὸν
329 2290 475 2326 ὀμνύοντα,
495 2290 556 2325 οὐχὶ
571 2289 733 2322 σπουδάζειν
750 2289 874 2324 βεὸαιοῦν

933 2299 1144 2322 consentaneum
1157 2299 1209 2326 est.
1227 2300 1257 2322 ut
1271 2296 1344 2331 quod
1362 2297 1395 2324 ad
1410 2298 1513 2325 malum
1526 2285 1720 2333 interponitur,

81 2336 168 2363 αὑτοῦ
193 2336 225 2363 τὺ
254 2337 379 2363 ἀνόσιον-
410 2336 538 2369 ἐξέτασον
562 2336 617 2370 γὰρ
637 2334 805 2370 πλατύτερον
828 2335 878 2370 τὴν

80 2381 201 2408 ἀτοπίαν
212 2390 220 2397 ·
240 2381 320 2414 εἴτις
340 2382 466 2417 ὀμόσειεν
488 2380 627 2416 ὲξορύξειν
640 2382 704 2412 τοὺς
719 2380 878 2416 ὀφθαλμοὺς

79 2427 130 2454 τοῦ
147 2428 262 2462 ἀδελφοῦ
272 2449 280 2462 ,
297 2428 321 2455 el
339 2428 422 2456 καλὸν
435 2428 474 2464 τῷ
487 2427 601 2463 τοιούτῳ
614 2428 654 2459 εἰς
669 2427 750 2463 ἔργον
763 2427 877 2461 ἀγαγεῖν

81 2474 149 2501 αέτό
161 2483 168 2489 ·
185 2474 213 2500 εί
227 2483 269 2507 τις
284 2475 425 2509 φονεῦσαι,
438 2475 466 2501 εἴ
482 2483 524 2507 τις
539 2475 607 2506 ὅλως
619 2474 653 2500 δι’
667 2473 749 2509 ὅρκου
766 2473 876 2508 ἐντολήν

80 2529 144 2546 τινα
156 2520 367 2555 παραϐήσεσθαι
376 2528 384 2537 ·
397 2520 494 2556 ὤμοσα
508 2521 563 2556 γὰρ
579 2520 628 2548 καὶ
640 2519 743 2555 Εστησα
755 2519 816 2555 οὐχὶ
827 2519 878 2555 τὴν

81 2565 234 2601 ἁμαρτίαν,
250 2566 319 2593 ἀλλὰ
337 2565 386 2593 τοῦ
401 2565 573 2601 φυλάξασθαι.
591 2564 627 2592 τὰ
640 2564 763 2600 κρίματα
776 2566 826 2600 τῆς
839 2565 880 2592 δι-

82 2612 232 2647 καιοσύνης
253 2620 318 2639 σου·
340 2612 436 2648 ὥσπερ
450 2612 479 2639 δὲ
499 2612 549 2647 τὴν
568 2611 679 2647 ἐντολὴν
697 2611 877 2646 ἀμεταθέτως

82 2660 202 2694 κρίμασι
219 2661 345 2696 προσῆκε
368 2660 546 2696 βεϐαιοῦσθαι
556 2681 563 2693 ,
578 2659 651 2687 οὕτω
665 2660 715 2695 τὴν
737 2659 878 2695 ἁμαρτίαν

82 2707 219 2738 παντοίως
232 2707 348 2742 καθήκει
362 2706 532 2742 ἁκυροῦσθαι
548 2707 594 2733 καὶ
606 2706 797 2741 ἀφανίζεσθαι.

926 2339 1139 2367 condemnetur.
1154 2340 1245 2374 Quare
1258 2342 1281 2369 is
1292 2343 1339 2377 qui
1350 2343 1462 2377 juravit,
1479 2344 1641 2372 sententiam
1660 2353 1721 2372 mu-

921 2390 985 2413 tare
997 2386 1089 2420 debet,
1106 2394 1161 2414 non
1178 2387 1203 2415 id
1222 2388 1314 2415 studio
1330 2389 1430 2416 habere
1446 2390 1627 2425 utproprium
1642 2391 1722 2419 nefas

925 2431 1081 2460 continuet.
1094 2432 1153 2461 Fac
1163 2434 1237 2461 enim
1248 2434 1331 2463 latius
1341 2436 1502 2464 consideres
1512 2437 1720 2465 absurditalem.

926 2477 955 2504 Si
974 2478 1037 2512 quis
1046 2477 1120 2513 juret
1133 2478 1298 2508 ell‘ossurum
1317 2488 1348 2508 se
1366 2481 1462 2509 oculos
1474 2482 1579 2515 fratris,
1599 2491 1634 2510 an
1650 2491 1720 2519 prae-

925 2523 1032 2551 clarum
1048 2529 1092 2552 est
1113 2525 1248 2560 ejusmodi
1271 2526 1468 2561 jusjurandum
1484 2529 1518 2556 ad
1532 2537 1601 2564 opus
1620 2530 1719 2565 perdu-

925 2568 1010 2596 cere?
1032 2569 1055 2596 si
1083 2570 1146 2605 quis
1167 2578 1197 2598 se
1221 2571 1454 2600 interfecturum?
1474 2574 1498 2602 si
1525 2575 1588 2609 quis
1607 2575 1720 2602 omnino

924 2615 1087 2642 mandatum
1112 2616 1224 2651 aliquod
1250 2619 1621 2654 transgressurum71uravi
1644 2621 1718 2648 enim

923 2656 953 2688 et
969 2662 1064 2692 statui.
1092 2670 1148 2690 non
1168 2668 1313 2698 peccatum
1338 2671 1458 2700 patrare,
1483 2667 1529 2694 sed
1549 2673 1660 2694 servare
1671 2666 1718 2700 ju-

927 2707 998 2734 dicia
1021 2707 1135 2742 iustitia:
1152 2713 1206 2737 tute
1225 2710 1260 2739 ".
1290 2711 1526 2744 Quemadmodum
1552 2713 1626 2740 enim
1647 2719 1718 2747 prae:-

84 2757 193 2785 eeptum
215 2752 434 2780 immutabilibus
449 2752 576 2780 consiliis
586 2753 808 2780 confirmandum
823 2756 876 2785 est,
897 2751 934 2779 ita
948 2758 1091 2787 peccatum
1112 2755 1227 2782 omnino
1261 2756 1401 2785 inﬁrmare
1419 2763 1448 2786 et
1472 2757 1563 2785 delere
1575 2757 1716 2785 convenit.

118 2808 141 2824 ³⁹
168 2807 268 2835 Matth.
289 2815 346 2841 xw,
370 2807 413 2835 10.
453 2807 476 2823 ³⁵
497 2806 592 2835 Matth.
620 2815 646 2838 ν.
669 2807 714 2834 54.
753 2807 774 2822 ³ί
799 2805 872 2834 Psal.

933 2814 985 2839 ml,
1002 2806 1064 2835 106.

121 2865 294 2899 (55)Gr:eee,
323 2872 423 2893 saucur
438 2865 500 2900 ﬁdei
513 2885 521 2897 ,
551 2865 603 2892 hoc
634 2870 674 2892 est
691 2885 698 2897 ,
735 2864 856 2891 locorum
893 2871 1048 2898 sacrorum,
1070 2864 1096 2892 in
1113 2865 1214 2899 quibus
1229 2867 1387 2902 religiosum
1412 2870 1514 2897 cultum
1532 2869 1627 2898 ﬁdeles
1637 2877 1716 2898 exer-

83 2906 160 2935 rcent.
