1959 3060
255 178 302 210 931

819 175 952 206 ῬῙΙΟΤΙΙ
971 174 1223 208 ΡΑΤΙΠΑΒΕΠίΕ
1237 178 1291 209 CP.

1829 178 1880 211 θ’ἶὲ

288 233 334 260 64.
355 231 487 267 Perjurus
504 229 584 259 annis
599 231 692 260 decem
717 237 771 258 non
795 231 850 259 erit
869 231 1037 258 communio-

1126 231 1173 266 ξδ’.
1195 233 1225 260 'U
1239 233 1367 270 ἐπίορκος
1381 233 1412 261 ἐν
1422 233 1489 262 δέκα
1501 234 1591 262 ἐτεσιν
1603 234 1784 271 ἀκοινώνητος
1793 233 1877 268 ἐσται,

254 279 298 306 nis
312 279 466 314 particeps:
483 277 563 305 annis
581 277 691 305 duobus
707 276 786 309 ﬂens,
806 277 894 304 tribus
917 276 1041 310 audiens,

253 329 373 359 quatuor
387 325 553 356 substratus.
565 331 619 351 uno
633 323 789 351 consistens
802 326 927 356 tantum;
940 326 970 351 et
977 326 1044 351 tunc

253 370 449 397 communione
457 369 559 404 dignus
572 368 728 395 habebitur.

289 415 334 442 82.
353 415 382 442 Et
395 416 429 443 de
441 415 567 449 periuris,
581 421 645 446 etc.,
658 419 687 441 ut
701 422 761 449 pag.
780 413 846 442 806.

291 460 401 488 Toxlus.
426 460 508 496 ιω
534 459 572 487 De
594 461 711 494 perjuris
741 460 842 488 dicitur
874 460 902 487 in
923 459 961 487 lib
992 467 1042 492 xu,

255 507 296 534 tit.
306 507 334 539 2,
350 512 376 534 et
390 507 435 534 lib.
451 508 513 534 cod.
529 515 566 540 tv,
580 507 623 533 tit.
636 507 647 532 ι
660 513 668 532 :
683 506 773 541 Atque
787 506 922 541 generalis
933 505 1044 540 quidem

254 558 346 578 sermo
362 551 429 582 vult.
447 559 482 578 ne
500 550 553 587 [in]
575 550 694 585 perjuria
720 550 885 584 inquiratur.
902 548 973 577 Sunt
996 553 1045 576 la-

255 602 316 621 men
341 595 466 630 quaedam
490 594 672 628 exceptiones.
697 593 802 621 Dicitur
815 593 888 620 enim
915 593 962 620 lib.
992 600 1042 624 xu,

255 639 297 665 tit.
314 637 342 668 2,
361 638 414 673 dig.
427 638 459 665 δι
481 649 486 665 :
502 638 530 664 In
554 637 645 665 dubiis
660 636 774 673 [causis]
790 637 859 665 solet
881 636 964 672 iudex
983 636 1045 671 jus-

253 683 401 718 jurandum
439 683 554 715 deferre.
585 687 612 710 et
635 682 675 710 sic
707 681 827 718 [deinde]
849 681 981 716 judicare.
1014 680 1043 708 Si

254 729 336 764 igitur
357 736 391 756 eo
406 729 487 756 modo
503 728 701 756 condemnatus
714 748 722 761 ,
739 727 912 762 postmodum
930 726 984 762 [se]
999 726 1044 753 in-

254 779 407 803 strumenta
431 774 569 802 invenisse
594 774 678 804 dicat,
698 773 786 807 iisque
811 772 878 799 solis
905 772 943 799 uti
967 772 1042 804 velit,

253 831 286 850 ex
304 823 408 857 integro
421 829 530 849 causam
545 821 610 856 agit.
634 820 712 854 Quod
726 820 750 848 si
767 819 941 847 adversarius
954 819 1046 854 jusju-

254 868 369 895 randum
392 867 508 898 del‘erat.
523 873 578 894 non
593 870 758 894 retractatur
773 865 972 893 controversia.

291 913 398 941 Textus.
423 912 472 940 Est
486 917 575 940 tamen
591 912 638 939 lib.
656 920 694 945 Iv,
707 911 768 940 cod.
788 911 829 938 tit.
847 911 874 943 1,
892 910 1041 943 const.15,
1060 905 1082 933 Β

252 960 386 992 invenire,
401 959 592 994 jusjurandum
608 957 746 986 deferente
760 957 917 985 adversario
931 955 1039 992 praesti-

253 1011 311 1033 tum
328 1005 481 1032 retractari.
503 1005 549 1032 Ait
564 1004 659 1032 enim:
679 1003 708 1031 Si
732 1003 778 1038 qui
803 1003 922 1039 legatum
944 1003 1038 1038 exist»

251 1057 303 1083 ret.
325 1059 387 1079 cum
403 1055 594 1079 testamentum
616 1058 670 1078 non
688 1054 841 1085 appareret,
862 1049 969 1077 bierede
991 1049 1039 1077 de-

252 1098 367 1130 ferente,
396 1097 489 1125 deberi
516 1097 568 1124 sibi
595 1097 709 1132 juravit.
736 1100 764 1124 et
790 1095 954 1130 acceperit:
981 1093 1036 1130 [ac]

251 1149 317 1169 vero
329 1142 501 1175 posttnodum
522 1140 645 1176 [invento
667 1138 841 1174 testamento]
862 1139 931 1167 nihil
952 1139 977 1166 ei
991 1139 1037 1166 de-

253 1186 375 1214 relictum
394 1186 503 1213 fuisse:
523 1189 570 1212 aut
585 1184 747 1213 derelictum
768 1184 890 1219 quidem,
905 1184 953 1212 sed
972 1191 1037 1219 pro-

253 1237 313 1267 pter
331 1231 480 1258 Falcidiam
498 1237 553 1258 non
571 1234 657 1258 totum
677 1236 775 1265 capere
790 1229 928 1263 debuisse,
943 1228 1037 1265 depre-

253 1280 367 1305 hensum
383 1275 476 1308 fuerit=
492 1275 587 1303 reddit.

289 1322 399 1349 Textus.
414 1322 480 1349 ltem
496 1329 557 1356 qua:
580 1321 614 1348 de
632 1319 771 1355 iudicialis
790 1319 969 1355 jurisjurandi
984 1326 1036 1354 pu-

252 1368 333 1395 ritate
356 1371 457 1394 tractat
471 1366 585 1393 NOVella
602 1365 654 1393 124
677 1365 851 1397 retractandi,
873 1364 930 1392 sive
950 1363 1036 1399 jurati

252 1413 423 1441 mendacium
452 1412 584 1447 arguendi
612 1416 771 1446 potestatem
805 1411 880 1438 facit.
908 1411 980 1444 Quin
1009 1414 1037 1438 et

250 1459 298 1486 lib.
309 1466 359 1490 xu,
369 1458 409 1486 tit.
418 1458 446 1490 2,
455 1458 551 1494 digest.
563 1458 604 1489 l5,
613 1457 713 1484 dicitur
725 1466 731 1484 ε
742 1457 793 1490 Qui
801 1457 827 1484 in
841 1464 870 1484 re
880 1455 1036 1492 pecuniaria

251 1504 305 1541 [se]
331 1512 386 1532 non
412 1504 523 1538 debere,
537 1508 585 1531 aut
611 1502 688 1540 [sibi]
706 1503 798 1530 deberi
819 1510 867 1538 per
883 1502 1035 1537 principem

247 1551 390 1587 jnraverit.
415 1555 443 1579 et
464 1551 533 1579 forte
556 1549 740 1586 pejcraverit:
769 1549 811 1577 vel
839 1549 909 1576 intra
932 1553 1033 1576 statuat

250 1582 357 1634 iempus
373 1596 425 1633 [se]
445 1582 663 1631 daturum.‘[nec
687 1594 792 1629 fecerit]
809 1604 816 1622 :
835 1594 989 1630 instigatur.
1006 1593 1040 1621 Et
1054 1582 1076 1612 ο

251 1646 298 1672 lib.
315 1652 334 1672 II
351 1644 414 1672 cod.
432 1644 474 1671 tit.
487 1644 516 1676 ι,
526 1647 616 1670 const.
631 1642 676 1670 4|.
688 1641 741 1675 Qui
758 1641 846 1676 major
854 1641 934 1669 annis
948 1646 1038 1669 trans-

249 1692 398 1723 actionem,
416 1697 464 1724 per
480 1689 563 1716 Deum
577 1692 623 1715 aut
640 1687 790 1723 principem
813 1687 935 1723 iurando
950 1687 1035 1714 libera

250 1739 390 1765 voluntate
410 1735 574 1767 coniectam,
603 1733 754 1770 principem
783 1733 827 1761 vel
856 1733 1034 1769 magistratus

250 1781 456 1817 interpellando,
482 1785 530 1808 aut
557 1788 619 1815 quae
645 1779 796 1815 placuerint
823 1786 878 1807 non
909 1778 1035 1807 faciendo

251 1826 452 1861 transgreditur
468 1834 476 1853 :
493 1824 605 1852 infamia
628 1829 749 1858 notatur,
769 1829 796 1852 et
812 1825 918 1852 actione
946 1824 1035 1859 iisque

249 1879 312 1906 qua:
325 1879 359 1899 ex
374 1871 559 1906 transactione
571 1871 726 1898 lucraturus
742 1874 811 1902 erat,
827 1869 937 1903 excidit,
951 1873 1034 1904 atque

250 1916 386 1953 [insuper]
414 1917 591 1944 constitutam
617 1923 726 1950 pcenam
749 1915 806 1943 dat.
835 1914 897 1951 [Qui
920 1923 987 1943 vero
1005 1915 1033 1943 in

248 1962 348 1999 pactis]
364 1963 543 1997 perstiterint,
565 1961 645 1998 441
663 1961 754 1988 omnia
773 1961 895 1996 capiunt.
916 1960 949 1988 Et
967 1968 1034 1988 con-

249 2010 307 2037 stit.
336 2008 440 2037 42:8i
467 2017 499 2036 ex
532 2008 610 2035 falsis
641 2008 828 2035 instrumentis
853 2011 961 2042 pactum
987 2011 1035 2034 aut

249 2055 400 2083 transactio
420 2055 486 2083 inita
509 2053 602 2087 fuerit,
622 2053 750 2089 quamvis
771 2053 965 2088 jusjurandum
984 2053 1033 2081 ad-

249 2102 364 2129 hibitum
372 2102 420 2134 sit,
429 2100 560 2129 evertitur
579 2099 707 2136 [tamen],
719 2099 826 2128 etiamsi
845 2099 960 2128 civiliter
983 2098 1034 2127 fal-

248 2154 308 2174 smn
333 2146 524 2181 investigatum
541 2145 593 2173 sit:
618 2145 673 2173 nisi
690 2145 724 2173 de
748 2153 782 2174 eo
809 2145 869 2180 ipso
882 2145 1032 2173 transactio

246 2193 318 2221 facta
336 2192 429 2221 fuerit.

1092 278 1168 305 δυσὶν
1181 278 1255 306 ἔτεσι
1266 278 1449 314 προσκλαίων,
1464 280 1554 315 τρισὶν
1565 280 1751 316 ἀκροώμενος,
1765 279 1865 314 τέσσαρ

1092 332 1135 350 σιν
1155 323 1317 352 ὑποπίπτων
1327 333 1335 341 ·
1353 325 1477 352 ἐνιαυτὸν
1493 325 1630 357 συνεστὼς
1646 326 1744 362 μόνον,
1761 326 1809 353 καὶ
1823 325 1883 352 τότε

1091 369 1142 404 τῆς
1154 369 1298 401 κοινωνίας
1312 370 1485 406 ἀξιούμενος.

1130 413 1186 449 πβ¹.
1203 415 1259 441 Kal.
1274 415 1340 450 περὶ
1355 415 1410 443 τῶν
1425 415 1649 452 ἐπιορκησάντων
1659 436 1667 449 ,
1682 425 1710 443 κ.
1725 423 1753 445 τ.
1769 415 1795 443 λ.

1128 461 1197 497 Περὶ
1208 461 1346 498 ἐπιόρκων
1362 462 1470 500 είρηται
1482 462 1554 498 βιδλ.
1574 462 1618 499 ιβ’,
1631 463 1684 490 sit.
1699 460 1735 498 β’,
1748 462 1796 488 καὶ
1811 460 1880 496 βισλ.

1092 506 1125 541 δ’,
1140 508 1193 535 τίτ.
1213 507 1236 535 α’
1249 516 1257 522 '
1283 508 1332 536 καὶ
1352 509 1367 535 ό
1385 509 1434 544 μὲν
1457 509 1565 544 γενικὺς
1592 509 1670 543 λόγος
1689 508 1815 544 βούλεται
1843 507 1881 543 μὴ

1093 551 1233 587 ζητεῖσθαι
1247 554 1313 588 περὶ
1326 552 1470 589 ἐπιορκίας
1481 561 1489 569 ·
1505 553 1560 580 είσὶ
1578 553 1606 580 δέ
1623 562 1695 585 τινες
1714 553 1879 588 ἐξαιρέσεις*

1093 598 1203 634 εἴρηται
1221 598 1275 633 γὰρ
1289 598 1361 633 βιδλ.
1378 597 1424 633 ιβ’,
1440 598 1493 626 τίτ.
1515 597 1549 634 β’,
1565 599 1636 626 διάτ.
1653 597 1704 631 λα’,
1721 599 1763 625 ὃτι
1775 599 1805 625 ἐν
1825 598 1881 629 τοῖς

1093 644 1254 679 ἀμφιὸόλοις
1272 644 1367 671 εῐωθεν
1384 645 1398 671 ὀ
1416 644 1545 679 δικαστὴς
1561 645 1703 680 ἐπιφέρειν
1718 645 1801 679 ὅρκον
1811 664 1819 677 ,
1834 645 1881 672 καὶ

1092 690 1165 717 οὕτω
1180 690 1348 725 ψηφίζεσθαι
1359 698 1367 706 ·
1395 689 1444 717 ἐὰν
1459 687 1506 717 οὖν
1527 689 1542 716 ὁ
1558 689 1630 717 οὕτω
1652 690 1881 723 καταδικασθεὶς,

1093 734 1238 771 εὑρηκέναι
1262 734 1332 770 μετὰ
1351 734 1440 762 ταῦτα
1461 733 1634 770 δικαιώματα
1653 734 1740 770 λέγῃ,
1765 734 1813 761 καὶ
1835 734 1883 769 μό-

1094 789 1151 811 νοις
1173 781 1267 813 αὺτοϊς
1285 780 1350 817 θέλῃ
1369 781 1535 816 χρήσασθαι,
1558 780 1662 808 ἄνωθεν
1676 780 1766 808 κινεῖ·
1786 779 1852 806 είδέ
1867 780 1883 806 ὀ

1095 826 1230 858 ἀντίδικος
1248 826 1331 853 αὑτοῦ
1353 827 1451 861 ἐπάγει
1465 827 1511 855 τὸν
1531 828 1629 864 ὅρκον,
1642 825 1692 854 οὐκ
1704 824 1883 861 ἀναψιραφᾶ-

1095 880 1141 898 ται
1155 872 1172 906 ἡ
1187 871 1327 914 ιὶπόθεσις.

1133 919 1212 945 Ἔστι
1224 919 1253 946 δέ
1267 919 1357 954 εὑρεῖν
1375 918 1447 955 βιδλ.
1461 917 1483 946 δ’
1495 917 1542 945 τοῦ
1557 917 1622 945 κώδ.
1635 917 1689 945 τίς.
1704 926 1722 945 α
1732 937 1740 950 ,
1750 916 1822 944 ciae.
1837 925 1883 951 ιγ,

1096 964 1143 992 καὶ
1154 965 1235 1001 ὅρκον
1251 965 1384 1001 ὁμοθέντα
1398 965 1428 998 ἐξ
1441 964 1591 999 ἐπαγωγῆς
1601 963 1647 991 τοῦ
1662 963 1799 991 ἀντιδίκου
1816 963 1882 990 ἀνα-

1095 1010 1295 1046 ψηλαφώμενον
1306 1019 1313 1026 ·
1328 1011 1396 1047 φησὶ
1411 1011 1476 1046 γὰρ,
1489 1011 1531 1037 ὅτι
1565 1010 1628 1037 Ἐὰν
1643 1010 1658 1036 ό
1671 1009 1788 1044 ληγάτον
1801 1009 1883 1036 ἀπαι-

1095 1057 1167 1090 τῶν,
1185 1059 1236 1093 τῆς
1257 1057 1389 1093 διαθήκης
1409 1058 1448 1093 μὴ
1473 1056 1658 1093 φαινομένης,
1678 1056 1708 1089 ἐξ
1732 1055 1882 1090 ἐπαγωγῆς

1092 1103 1142 1130 τοῦ
1163 1103 1332 1139 κληρονόμου
1351 1104 1438 1140 ὀμόσῃ
1465 1101 1708 1139 κεχρεωστῆσθαι,
1723 1101 1771 1128 καὶ
1793 1101 1880 1136 λάϐῃ,

1096 1150 1166 1185 μετὰ
1188 1149 1275 1177 ταῦτα
1296 1149 1325 1176 δὲ
1344 1149 1445 1186 εὑρεθῇ
1467 1149 1504 1185 μὴ
1528 1148 1782 1184 κεχρεωστημένος,
1799 1148 1816 1182 ἢ
1833 1155 1881 1174 κε-

1094 1195 1302 1230 χρεωστημένος
1328 1196 1376 1230 μὲν
1388 1215 1397 1228 ,
1414 1195 1452 1231 μὴ
1467 1194 1583 1230 ὀφείλων
1596 1194 1626 1221 δὶ
1648 1193 1680 1220 τὸ
1696 1194 1751 1221 πᾶν
1771 1193 1879 1226 λαϐεῖν,

1094 1241 1139 1269 διὰ
1149 1242 1195 1268 τὸν
1208 1241 1348 1268 Φαλκίδιον
1360 1241 1531 1268 ἀναδίδωσιν.

1132 1334 1166 1361 Ἦ
1178 1334 1207 1362 δὲ
1217 1333 1282 1369 περὶ
1293 1333 1343 1369 τῆς
1356 1332 1542 1369 καθαρότητος
1554 1331 1608 1359 τῶν
1623 1331 1713 1368 ὅρκων
1729 1330 1784 1358 τῶν
1797 1330 1882 1359 δικῶν

1094 1379 1315 1415 διαλαμϐάνουσα
1329 1378 1370 1415 ρκ’
1382 1379 1488 1415 Νεαρὰ,
1503 1379 1609 1405 δίδωσιν
1625 1377 1718 1405 ἄδειαν
1728 1377 1805 1409 ἐντὸς
1817 1384 1880 1402 τεσ-

1094 1425 1188 1460 σάρων
1206 1424 1299 1460 μηνῶν
1318 1423 1558 1459 ἀναψηλαφᾶσθαι,
1581 1422 1665 1457 ἤγουν
1678 1421 1837 1456 ἐλέγχεσθαι
1851 1421 1881 1446 τὸ

1093 1470 1191 1505 ψεῦδος
1205 1469 1253 1497 τοῦ
1271 1469 1419 1506 ὀμόσαντος
1432 1477 1440 1486 ·
1454 1469 1563 1504 εῐρηται
1573 1467 1602 1495 δὲ
1618 1468 1666 1496 καὶ
1681 1467 1752 1503 βιὸλ.
1769 1466 1814 1502 ιβ’,
1826 1466 1879 1494 τίτ.

1094 1515 1128 1550 β’,
1154 1516 1224 1543 διάτ.
1242 1515 1287 1550 ιγ’,
1302 1516 1344 1543 ὅτι
1362 1516 1377 1543 ό
1396 1515 1442 1542 ἐπὶ
1457 1515 1580 1551 χρήμασι
1595 1513 1667 1542 κατὰ
1679 1512 1726 1540 τοῦ
1749 1513 1883 1548 βασιλέως

1093 1562 1207 1598 ὀμόσας,
1232 1562 1280 1588 καὶ
1293 1561 1462 1597 ἐπιορκήσας
1480 1561 1571 1596 τυχὸν,
1589 1561 1631 1587 ὅτι
1652 1560 1682 1586 οὺ
1701 1559 1844 1595 χρεωστεῖ,
1862 1558 1880 1593 ἢ

1092 1609 1134 1635 ὃτι
1148 1609 1291 1643 χρεωστεῑ,
1306 1608 1323 1643 ἢ
1337 1608 1379 1634 ὃτι
1392 1607 1498 1634 δίδωσιν
1513 1606 1579 1633 εἴσω
1597 1605 1779 1642 προθεσμίας,
1794 1605 1881 1638 ῥοπα-

1090 1653 1205 1686 λίζεται·
1220 1655 1249 1681 ἐν
1261 1653 1290 1681 δέ
1302 1653 1342 1689 τῷ
1355 1653 1377 1689 β’
1392 1653 1461 1688 βισλ,
1477 1652 1523 1680 τοῦ
1540 1652 1620 1685 κώδ.,
1631 1651 1684 1678 τίτ.
1699 1649 1734 1684 α’,
1746 1645 1878 1683 διάτ.,μαῖ

1092 1700 1185 1735 φησὶν,
1206 1700 1247 1727 ὅτι
1261 1701 1276 1726 ὀ
1297 1699 1400 1731 τέλειος
1413 1699 1463 1733 τὴν
1478 1698 1550 1725 κατά
1565 1697 1611 1724 τοῦ
1624 1696 1719 1732 Θεοῦῆ
1737 1695 1784 1722 τοῦ
1803 1695 1881 1730 βασι-

1091 1746 1159 1778 λέως
1175 1746 1320 1781 ἐνωμότως
1348 1745 1432 1781 χωρὶς
1445 1745 1569 1780 ἀνάγκης
1582 1743 1681 1778 γενομέ
1688 1751 1734 1778 δην
1748 1741 1814 1777 παρ’
1828 1740 1881 1767 αὑ-

1090 1791 1137 1819 τοῦ
1162 1792 1283 1819 διάλυσιν
1303 1790 1492 1827 παραὸαίνων,
1508 1791 1537 1817 ἐν
1551 1789 1590 1824 τῷ
1609 1787 1751 1823 προσιέναι
1776 1786 1882 1821 βασιλεῖ

1089 1839 1107 1873 ἢ
1122 1837 1263 1873 ἄρχουσιν,
1278 1838 1295 1874 ἢ
1318 1837 1356 1873 μὴ
1370 1838 1457 1864 ποιεῖν
1469 1836 1503 1863 τὰ
1518 1835 1645 1869 δόξαντα,
1660 1833 1815 1869 ἀτιμοῦται,
1830 1831 1881 1859 καὶ

1089 1884 1138 1919 τῆς
1159 1883 1272 1919 ἀγωγῆς
1296 1883 1435 1914 ἐκπίπτει,
1451 1882 1500 1909 καὶ
1516 1878 1554 1909 ὧν
1577 1881 1690 1916 ἔμελλεν
1705 1881 1738 1907 ἐκ
1751 1880 1800 1914 τῆς
1818 1879 1880 1905 δια-

1090 1926 1195 1959 λύσεως
1207 1926 1370 1962 κερδαίνειν,
1382 1927 1428 1953 καὶ
1441 1926 1533 1953 δίδωσι
1543 1925 1594 1961 τὴν
1604 1925 1760 1960 ὁρισθεῖσαν
1770 1923 1880 1958 ποινὴν,

1089 1972 1137 1998 καὶ
1149 1971 1239 1998 πάντα
1251 1972 1436 2007 λαμϐάνουσιν
1445 1971 1470 1998 οι
1481 1971 1646 2006 ἐμμένοντες
1656 1979 1663 1987 ⁸
1676 1971 1723 1999 καὶ
1735 1969 1805 1996 διάτ.
1819 1967 1878 2004 μβ’,

1087 2018 1129 2045 δτι
1147 2018 1195 2046 ἐὰν
1218 2017 1273 2046 ἀπὸ
1289 2017 1414 2044 πλαστῶν
1429 2017 1632 2052 δικαιωμάτων,
1658 2017 1763 2044 πάκτον
1784 2014 1801 2050 ἢ
1817 2015 1878 2042 aia-

1085 2063 1164 2096 λυσις
1180 2064 1304 2100 γένηται,
1320 2063 1369 2091 καὶ
1382 2064 1462 2098 ὅρκον
1475 2062 1534 2098 εχει
1550 2062 1740 2098 προκείμενον,
1755 2060 1877 2095 ἀνατρέ-

1087 2118 1180 2142 πεται,
1205 2110 1230 2136 εί
1255 2110 1304 2136 καὶ
1320 2109 1500 2145 χρημπικῶς
1519 2108 1640 2143 ἐζητήοη
1654 2107 1685 2134 τὸ
1699 2106 1831 2138 πλαστὸν,
1847 2107 1880 2140 ,εἰ

1088 2155 1127 2191 μὴ
1141 2155 1190 2182 καὶ
1203 2155 1247 2182 ἐπ’
1259 2155 1335 2191 αὐτῷ
1346 2155 1442 2190 γέγονε
1458 2154 1591 2186 διάλυσις.

283 2245 391 2274 Tutus.
407 2245 441 2274 Et
460 2246 508 2274 lib.
525 2253 562 2279 tv,
575 2246 638 2274 cod.
656 2246 698 2274 tit.
714 2247 740 2279 I,
753 2251 843 2274 coast.
855 2247 894 2274 Ως
913 2246 1032 2276 Tametsi

1122 2248 1177 2275 Καὶ
1190 2247 1261 2283 eis).
1277 2246 1298 2274 δ’
1315 2247 1364 2274 τοῦ
1379 2246 1457 2279 κὼδ.,
1471 2246 1524 2274 τίτ.
1538 2245 1576 2278 α’,
1589 2246 1660 2274 am.
1676 2246 1710 2282 β’,
1721 2247 1764 2274 ἅτι
1780 2247 1806 2274 εί
1828 2247 1880 2275 καὶ

246 2301 295 2328 per
308 2295 424 2321 salutem
437 2293 569 2329 principis
582 2293 673 2320 calore
685 2292 827 2329 [quodam]
845 2294 909 2328 quis
919 2294 1032 2328 iuratus

247 2338 385 2373 peierarit,
415 2346 469 2366 non
496 2339 618 2374 punitur,
631 2346 720 2373 neque
746 2339 899 2374 maiestatis
919 2339 1034 2367 crimine

246 2389 363 2412 tenetur.
387 2384 481 2417 EtJib.
497 2385 558 2413 cod.
579 2392 618 2416 ιι.
631 2385 672 2413 tit.
688 2384 714 2417 8,
728 2390 818 2413 const.
831 2385 858 2412 2.
876 2384 935 2421 [Se]
961 2393 1034 2412 sem-

246 2437 295 2462 per
311 2437 390 2458 servo
404 2437 455 2457 suo
474 2430 574 2458 iratum
598 2430 656 2458 fore
669 2429 790 2464 iuratus,
810 2430 835 2458 si
850 2430 919 2458 iram
937 2430 1033 2458 remit-

245 2478 295 2507 tat,
320 2474 472 2509 maiestatis
500 2475 616 2502 crimine
641 2482 696 2502 non
725 2478 843 2502 tenetur.
872 2473 941 2502 Dicit
967 2482 1032 2502 vero

243 2520 326 2547 etiam
340 2520 388 2547 lib.
406 2528 438 2552 ll,
455 2519 498 2548 tit.
510 2519 662 2555 M,digest.
679 2520 714 2547 7:
731 2520 870 2548 Adversus
884 2527 1033 2548 commune

234 2565 287 2599 ius
306 2565 408 2601 pacisci
425 2570 474 2593 aut
497 2565 588 2600 legare
605 2573 658 2593 non
684 2565 757 2593 licet.
777 2565 812 2593 Et
827 2565 850 2593 si
864 2565 928 2600 quis
940 2565 974 2593 dc
988 2565 1032 2594 bis

245 2610 299 2647 [se]
327 2618 382 2638 non
397 2616 522 2639 acturum
536 2611 647 2646 jurarit,
671 2616 784 2639 nonest
807 2616 908 2639 ratum.
936 2611 1029 2643 Plane.

244 2655 283 2682 De
301 2655 428 2689 scenicis,
447 2654 559 2683 Novella
573 2656 618 2688 5|,
631 2655 680 2688 ait,
693 2656 768 2691 quod
781 2657 907 2688 scenica,
922 2656 1030 2684 tametsi

243 2708 274 2728 se
289 2709 430 2736 nunquam
440 2709 455 2729 a
470 2702 652 2730 fornicatione
666 2703 815 2730 destituras
834 2703 966 2736 jurarint,
981 2703 1029 2739 [ab

243 2746 286 2781 ea]
302 2747 440 2779 recedant,
460 2748 572 2782 perjurii
598 2756 693 2782 ptenas
719 2756 774 2776 non
790 2749 925 2777 veritum.
942 2748 980 2775 'Et
1003 2749 1030 2777 iu

242 2791 343 2826 regulae
356 2793 466 2820 modum
480 2793 565 2826 addit,
581 2794 606 2820 in
627 2793 730 2831 [rebus]
754 2795 876 2830 turpibus
889 2795 1030 2831 jusjuran-

244 2835 310 2864 dum
326 2838 430 2866 servari
454 2846 508 2867 non
521 2843 657 2874 Oportere.

1083 2295 1154 2321 κατὰ
1169 2293 1220 2328 τῆς
1241 2294 1378 2329 σωτηρίας
1398 2293 1447 2320 τοῦ
1467 2293 1600 2328 βασιλέως
1625 2294 1696 2321 κατὰ
1716 2293 1880 2329 θερμότητα

1081 2348 1125 2371 τις
1139 2340 1242 2376 ὀμόσας
1262 2340 1434 2375 ἐπιορκήσει,
1450 2340 1481 2366 οὐ
1503 2339 1695 2374 βασανίζεται,
1722 2338 1785 2366 οὗτε
1809 2339 1881 2366 καο-

1082 2385 1191 2413 οσιώσει
1202 2386 1356 2413 ὑπόκειται·
1369 2386 1416 2413 καὶ
1431 2385 1502 2420 βιδλ.
1512 2386 1534 2412 θ’
1540 2385 1586 2412 τοῦ
1598 2385 1675 2417 κώδ..
1687 2385 1740 2411 τίτ.
1752 2388 1790 2420 η’.
1804 2385 1879 2413 διάτ.

1084 2431 1118 2468 β’,
1134 2432 1176 2459 ὅτι
1195 2433 1210 2458 ὀ
1224 2431 1269 2458 διὰ
1282 2432 1384 2463 παντὸς
1400 2431 1559 2466 ὀργίζεσθαι
1581 2431 1621 2467 τῷ
1635 2431 1694 2466 ίδίῳ
1705 2430 1792 2465 δούλῳ
1810 2432 1880 2466 ὀμό-

1080 2486 1133 2509 σας
1146 2497 1154 2510 ,
1183 2477 1232 2512 οὐχ
1269 2477 1412 2504 ὑπόκειται
1434 2477 1598 2504 καθοσιώσει
1624 2477 1804 2511 παυσάμενος
1825 2477 1880 2511 τῆς

1078 2523 1166 2558 ὀργῆς
1177 2531 1186 2538 ·
1203 2521 1279 2556 λέγει
1292 2522 1322 2549 δὲ
1340 2523 1387 2549 καὶ
1400 2522 1473 2558 βιδλ.
1491 2522 1525 2558 β’,
1541 2523 1595 2550 τίτ.
1622 2521 1662 2554 ιδ’,
1690 2522 1762 2549 διάτ.
1780 2521 1817 2556 ζ’,
1833 2523 1885 2550 ὅτι

1080 2569 1159 2604 παρά
1173 2568 1209 2595 τὰ
1220 2568 1300 2595 κοινὰ
1321 2569 1425 2604 νόμιμα
1441 2568 1589 2596 παιτεύειν
1607 2568 1626 2604 ἢ
1645 2568 1810 2603 ληγατεύειν
1824 2569 1879 2596 οὐκ

1080 2614 1170 2648 ἔξεστι
1182 2623 1190 2630 ⁸
1204 2615 1253 2642 καὶ
1268 2615 1317 2643 ἐάν
1330 2623 1372 2646 τις
1388 2615 1435 2641 ἐπὶ
1451 2613 1560 2646 τούτοις
1580 2613 1669 2650 ὀμόσῃ
1688 2614 1727 2649 μὴ
1744 2614 1858 2649 ἐνάγειν
1868 2635 1878 2647 ,

1080 2660 1132 2687 οὐκ
1159 2661 1279 2697 ἔρρωται
1291 2668 1299 2676 ·
1324 2661 1341 2695 ὴ
1361 2660 1391 2687 δὲ
1408 2659 1539 2695 περὶτῶν
1557 2659 1696 2695 σκηνικῶν
1712 2658 1761 2695 μς¹
1776 2659 1878 2695 Nupta

1081 2706 1173 2741 φησὶν,
1189 2707 1231 2733 ὅτι
1257 2706 1291 2732 Δί
1307 2707 1435 2740 σκηνικαὶ
1452 2704 1504 2732 κᾶν
1519 2705 1656 2739 ὀμόσωσιν
1673 2704 1712 2736 ὡς
1735 2705 1788 2731 οὺχ
1804 2705 1880 2731 ἀπο-

1082 2752 1227 2786 στήσονται
1239 2751 1289 2786 τῆς
1302 2751 1445 2786 πορνείας,
1458 2750 1641 2786 ἀναχωροῦσι,
1656 2750 1695 2785 μὴ
1704 2750 1880 2785 φοϐούμεναι

1080 2797 1130 2832 τὴν
1148 2797 1182 2823 ἐκ
1199 2797 1249 2832 τῆς
1265 2797 1407 2831 ἐπιορκίας
1424 2797 1520 2831 ποινήν
1531 2805 1538 2811 ·
1553 2796 1601 2823 καὶ
1616 2794 1766 2827 κανονικῶς
1785 2804 1881 2831 προσ-

1080 2842 1188 2877 τίθησιν
1199 2864 1207 2876 ,
1221 2843 1263 2870 ὅτι
1282 2843 1329 2870 ἐπὶ
1349 2844 1406 2876 τοῖς
1420 2843 1545 2878 αἰσχροῖς
1563 2841 1594 2869 οὐ
1609 2841 1651 2870 δεῖ
1659 2841 1705 2869 τὸν
1723 2841 1807 2877 ὅρκον
1820 2850 1879 2876 φυσ-

1081 2888 1198 2915 totum.
