1956 3049
117 114 167 146 937

508 116 709 147 SYNTAGMA
727 117 922 148 CANONUM.
936 120 1053 152 -ΤΙΤ,
1072 122 1157 160 XIII,
1177 124 1256 154 CAP.
1274 124 1339 154 XX.

1698 126 1751 157 938

118 168 221 203 Κυρίου
235 168 302 203 πρὸς
317 169 365 195 τὸν
379 168 544 204 πειράζοντα
558 170 651 202 αὑτὸν,
669 170 712 196 ἵνα
727 170 903 206 προσκυνήσῃ

964 176 1105 203 Dominum
1119 177 1203 204 Deum
1217 183 1290 205 tuum
1303 177 1437 210 adorabis,
1451 183 1475 206 et
1489 179 1529 206 illi
1544 180 1595 206 soli
1607 180 1701 206 servies

118 215 210 248 αὐτὸν,
223 215 339 250 ’Ὕπαγε
357 217 644 251 ὀπίσωμον,Σατανᾱ
655 225 663 233 ·
678 217 838 252 τέτραπται
849 219 915 253 γὰρ,
936 220 1045 253 Κύριον
1079 219 1132 246 τὸν
1156 220 1231 246 Θεόν
1249 228 1308 246 σου
1322 221 1557 254 προσκυνήσεις.
1594 222 1644 250 καὶ
1668 223 1748 256 αὐτῷ

114 261 198 294 μόνῳ
211 262 400 295 λατρεύσεις.

152 307 185 342 β’.
210 308 272 338 Τοῖς
296 307 324 333 δὲ
358 309 427 342 μετὰ
450 308 482 335 τὸ
505 309 704 345 φυλακιαθῆναι
734 310 834 345 μόνον,
863 310 910 337 καὶ

116 353 355 388 ὑπομεμενηκέναι
383 354 433 384 τὰς
455 354 485 380 ὲν
513 354 553 389 τῷ
578 354 781 391 δεσμωτηρίῳ,
812 355 850 386 ὡς
878 355 910 381 ἂν

117 399 145 423 ὲν
173 397 317 432 πολιορκίᾳ
333 418 340 430 ,
371 398 475 432 θλίψεις
501 400 601 429 τεικαὶ
626 400 768 433 δυσωδίας,
799 400 911 436 ὕστερον

116 443 143 469 ει
172 443 258 478 χωρὶς
282 443 401 478 πολέμου
429 445 553 479 βασάνων
587 446 744 481 γενομένοις
772 446 913 480 αἰχμαλώ-

115 497 181 521 τοις,
192 489 264 515 κατὰ
280 488 381 524 πολλὴν
391 490 527 524 πτωχείαν
541 490 693 525 δυνάμεως,
709 492 756 518 καὶ
770 491 840 518 κατά
848 500 908 518 τινα

115 535 269 569 τυφλότητα
284 535 505 569 τεθραυσμένοις,
521 536 670 571 ἐπαρκέσει
692 538 814 569 ἐνιαυτὸς
839 537 906 572 πρὸς

115 580 154 615 τῷ
167 580 254 616 ἑτέρῳ
267 581 365 617 χρόνῳ,
383 581 446 608 ἐπεὶ
470 581 539 613 ὅλως
554 583 602 608 καὶ
615 582 692 609 αὐτοὶ
714 582 908 609 ἑπιδεδώκασιν

114 625 227 657 ἑαυτοὺς
240 626 311 662 ὑπὲρ
320 625 368 653 τοῦ
385 627 516 661 ὀνόματος
534 627 668 662 θλιὸῆναι,
686 628 710 653 εί
722 628 768 654 καὶ
783 628 908 662 ἀπήλαυ-

115 680 165 698 σαν
177 672 205 698 ἐν
216 672 255 706 τῷ
269 672 449 708 δεσμωτηρίῳ
465 673 516 707 τῆς
533 673 608 708 παρὰ
631 673 686 699 τῶν
701 673 824 707 ἀδελφῶν
841 673 906 700 πολ-

115 717 163 752 λῆς
178 717 357 748 ἀναπαύσεως
368 737 375 750 ,
400 718 473 754 ἇπερ
489 719 708 745 πολλαπλασίονα
729 719 907 752 ἀποδώσουσι,

115 763 262 795 ποθοῦντες
284 763 454 798 λυτρωθῆναι
480 765 534 791 ἀπὸ
556 765 606 800 τῆς
635 766 804 800 πικροτάτης
825 766 908 800 αἰχμ-

993 310 1021 337 2.
1039 309 1074 337 Iis
1091 313 1180 337 autem
1195 310 1242 345 qui
1264 315 1408 346 postquam
1436 311 1461 338 in
1481 312 1633 340 custodiam
1656 315 1746 342 traditi

960 359 1035 384 sunt,
1052 354 1118 381 etin
1136 361 1257 386 carcere.
1271 360 1400 389 tanquam
1416 356 1444 382 in
1458 356 1611 390 obsidione,
1628 357 1748 386 alilictio-

961 408 1009 428 nes
1023 407 1172 435 gravesque
1185 401 1285 428 fetores
1294 402 1367 436 passi
1384 407 1464 435 sunt;
1479 407 1572 436 p05tea
1585 408 1676 431 autem
1689 405 1748 432 sine

962 446 1032 474 bello
1046 452 1244 474 tormentorum
1263 447 1362 482 captivi
1380 447 1444 474 lacti
1458 453 1530 481 sunt,
1550 449 1634 476 nimia
1649 450 1747 478 virium

962 493 1053 528 inopia
1067 498 1094 521 et
1104 493 1222 528 quadam
1234 494 1354 521 caecitate
1370 492 1514 525 confracti,
1526 501 1615 522 annus
1626 495 1659 522 ad
1673 495 1747 523 aliud

961 543 1067 573 tempus
1094 539 1233 573 iniunctus
1261 538 1376 566 sufﬁciet
1397 548 1404 566 :
1425 547 1487 567 nam
1515 541 1566 575 ipsi
1590 548 1699 577 quoque
1716 549 1748 570 se

960 585 1074 611 omnino
1102 591 1152 619 pro
1173 583 1395 614 nominelChristi
1410 584 1566 619 aﬂligendos
1584 585 1704 614 dedero:
1723 587 1746 614 si

962 630 1044 656 etiam
1059 637 1075 656 a
1091 629 1221 656 fratribus
1240 629 1266 656 in
1280 636 1391 656 carcere
1406 630 1517 657 multam
1531 631 1746 659 consolationem

961 675 1079 702 assecuti
1098 679 1172 702 sunt.
1199 675 1264 707 Quae
1283 675 1392 709 quidem
1414 676 1592 710 multiplicata
1613 677 1746 710 reddent,

959 720 1067 747 liberari
1080 720 1219 754 cupientes
1231 721 1266 747 ab
1278 721 1453 748 acerbissima
1464 722 1620 756 captivitate
1634 722 1746 757 diaboli,

957 766 1016 800 ejus
1037 766 1156 793 maxime
1180 767 1354 793 recordantes
1378 767 1424 801 qui
1443 767 1532 805 dicit“:
1551 767 1667 801 Spiritus
1693 768 1748 796 Do-

115 809 234 840 αλωσίας
255 809 302 835 τοῦ
324 809 460 842 διαὸόλου,
476 811 645 846 μεμνημένοι
663 811 780 846 μάλιστα
803 810 850 836 τοῦ
866 811 909 836 λέ-

964 811 1025 838 mini
1039 819 1116 845 super
1128 819 1177 843 me,
1197 819 1276 846 quam
1296 812 1326 837 ob
1345 819 1455 838 causam
1468 813 1544 839 unxit
1559 820 1600 839 me
1612 821 1621 839 :
1638 819 1666 840 ut
1677 821 1748 847 pau-

114 863 207 889 γοντος
219 862 226 869 ’
239 855 359 889 Πνεῦμα
370 856 480 889 Κυρίου
494 856 541 882 ἐπ’
549 855 601 890 ἐμὲ
612 854 649 884 οὗ
666 857 783 883 εἵνεκεν
802 855 905 890 ἓχρισέ

111 908 150 935 με
161 908 167 914 ·
185 915 219 920 -
241 901 502 934 Εὐαγγελίσασθαι
525 901 654 935 πτωχοῖς
670 901 844 929 ἀπέσταλκά
857 910 905 936 με,

114 945 242 979 κηρύξαι
264 947 460 980 αἰχμαλώτοις
475 947 585 981 ἄφεσιν
611 947 660 974 καὶ
682 947 809 982 τυφλοῖς
832 946 906 974 ἀνά-

114 992 233 1025 ελεψιν,
257 991 434 1018 ἀποστεῖλαι
460 991 702 1026 τεθραυσμένους
727 992 761 1019 ἐν
788 991 905 1026 ἀφέσει,

115 1037 244 1071 κηρύξαι
272 1037 414 1064 ἐνιαυτὸν
437 1038 548 1072 Kvplov
571 1037 688 1070 δεκτόν,
716 1038 766 1066 καὶ
793 1037 907 1072 ἡμέραν

114 1081 357 1115 ἀνταποδόσεως.

149 1127 185 1161 γ’.
211 1128 274 1159 Τοῖς
296 1127 325 1154 δὲ
358 1127 420 1162 μηδ’
433 1128 502 1160 ὅλως
533 1129 618 1164 μηδέν
638 1137 665 1155 τι
676 1129 795 1155 τοιοῦτον
808 1137 909 1155 πεπονι

115 1173 197 1205 θόσι,
231 1174 299 1208 μηδὲ
334 1174 532 1208 ἑνδειξαμένοις
557 1174 662 1210 καρπὸν
692 1175 821 1207 πίστεως,
851 1175 908 1202 ἀλλ’

114 1219 317 1254 αὐτομολήσασι
337 1221 406 1254 πρὸς
434 1221 483 1255 τὴν
498 1220 607 1253 κακίαν,
634 1220 840 1256 προδεδομένοις
857 1221 909 1248 ὑπὸ

113 1264 215 1296 δειλίας
245 1265 292 1290 καὶ
322 1264 415 1298 φόϐου.
444 1264 491 1292 νῦν
518 1265 546 1291 δὲ
573 1266 613 1297 εις
635 1265 779 1300 μετάνοιαν
796 1266 911 1301 ἐρχομέ-

114 1318 182 1341 νοις,
204 1309 351 1343 ἀναγκαῖόν
374 1310 431 1336 ὲστι
446 1311 493 1336 καὶ
513 1311 634 1345 ἁρμόζον
656 1311 706 1346 τὴν
720 1312 769 1347 τῆς
785 1311 909 1346 ἀκάρπου

115 1355 202 1390 συκῆς
217 1355 374 1390 παραϐολὴν
401 1356 581 1391 παραθέσθαι,
596 1356 634 1388 ὡς
657 1358 671 1383 ὸ
692 1357 794 1392 Κύριος
819 1357 908 1391 λέγει’

114 1400 220 1434 Συκῆν
246 1400 309 1435 εἶχέ
325 1410 371 1434 τις
387 1402 617 1436 πεφυτευμένην
639 1402 674 1429 ἐν
689 1402 729 1434 τῷ
754 1402 908 1436 ἀμπελῶνι

113 1446 220 1480 αὐτοῦ,
231 1446 281 1473 καὶ
294 1444 367 1481 ἦαθε
379 1446 473 1480 ζητῶν
488 1446 606 1481 καρπὸν
619 1446 654 1474 ἐν
672 1446 760 1481 αὐτῇ,
777 1448 827 1474 καὶ
851 1449 908 1482 οὐχ

957 857 1061 891 peribu:
1071 856 1277 891 euangelizarem
1289 856 1360 882 misit
1371 863 1421 887 me.
1433 860 1458 882 et
1466 857 1651 883 annuntiarem
1662 857 1748 891 capti-

958 901 996 928 uis
1019 901 1210 933 liberationem,
1227 906 1251 928 et
1275 901 1352 927 eieci:
1376 901 1446 928 uisus
1469 902 1702 935 recuperationem,
1722 907 1747 929 et

959 946 1089 972 mitterem
1102 945 1201 980 fractos
1214 946 1242 972 in
1257 945 1436 972 remissionem
1448 964 1456 977 ,
1477 945 1625 979 praedicare
1648 954 1746 973 annum

959 991 1066 1019 Domini
1085 991 1280 1026 acceptabilem,
1295 996 1320 1018 et
1331 992 1400 1019 diem
1416 991 1596 1019 retributionis
1611 991 1646 1018 ⁸³.

995 1129 1022 1155 5.
1043 1128 1079 1156 lis
1097 1132 1188 1156 autem
1201 1129 1247 1163 qui
1269 1128 1337 1155 nihil
1355 1128 1489 1163 ejusmodi
1511 1128 1585 1163 passi
1605 1133 1679 1162 sunt,
1697 1135 1750 1157 nec

962 1172 1022 1200 ﬁdei
1035 1172 1154 1200 fructum
1167 1172 1355 1205 ostenderunt,
1367 1172 1414 1200 sed
1424 1172 1457 1201 ad
1468 1173 1562 1200 vitium
1574 1172 1644 1200 ultro
1658 1178 1749 1201 trans-

960 1219 1099 1253 fugerunt,
1116 1226 1132 1246 ιι
1148 1223 1222 1246 metu
1237 1223 1265 1245 et
1277 1218 1422 1245 timiditate
1436 1219 1552 1253 proditi,
1569 1226 1642 1246 nunc
1657 1224 1747 1246 autem

962 1265 1076 1291 veniunt
1091 1264 1124 1291 ad
1142 1264 1342 1298 paenitentiam,
1363 1271 1476 1291 necesse
1490 1269 1531 1291 est
1545 1269 1571 1291 et
1581 1265 1750 1293 conveniens

963 1310 1129 1345 inlrugiiera‘.
1143 1310 1210 1337 ﬁcus
1227 1310 1384 1344 parabolam
1396 1317 1557 1344 proponere,
1574 1315 1604 1337 ut
1618 1310 1750 1338 Dominus

961 1355 1025 1383 dicit
1044 1364 1051 1382 :
1072 1354 1193 1382 Habebat
1206 1355 1263 1389 quis
1278 1355 1358 1389 ﬁcum
1371 1354 1520 1389 plantatam
1533 1356 1560 1382 in
1573 1363 1621 1382 suo
1640 1356 1748 1382 vineta:

962 1405 986 1428 et
998 1401 1066 1427 venit
1084 1408 1204 1435 quterens
1218 1401 1246 1427 in
1260 1408 1290 1426 ea
1301 1400 1428 1434 fructum,
1439 1407 1464 1427 et
1478 1408 1530 1427 non
1546 1401 1654 1428 inuenit.
1673 1401 1750 1427 Dixit

963 1452 1051 1474 autem
1071 1446 1176 1473 vinitori
1192 1454 1201 1473 :
1220 1445 1288 1472 Erae
1305 1450 1357 1472 tres
1375 1453 1475 1479 annos,
1494 1453 1526 1473 ea:
1544 1454 1595 1481 quo
1610 1454 1657 1481 ego
1675 1447 1749 1474 venia

114 1489 215 1525 εὗρεν.
237 1489 305 1518 Eine
319 1491 348 1518 δὲ
370 1492 437 1527 πρὸς
453 1492 499 1518 τὸν
513 1491 715 1528 ἀμπελουργὸν,
738 1492 815 1520 Ἰδοὺ
840 1493 907 1526 τρία

964 1499 1078 1526 quwrens
1087 1491 1202 1525 fructum
1213 1491 1241 1518 in
1256 1491 1304 1517 hac
1318 1491 1380 1525 ficu,
1394 1496 1419 1518 ct
1432 1499 1483 1518 non
1495 1491 1613 1524 invenio;
1629 1493 1750 1520 exscinde

115 1536 169 1569 ἐτη
194 1536 244 1571 ἀφ’
257 1534 294 1565 οὗ
323 1537 445 1571 ἔρχομαι
470 1537 563 1571 ζητῶν
585 1538 700 1573 καρπὸν
715 1538 750 1565 ὲν
763 1537 801 1572 τῇ
824 1538 906 1573 συκῇ

119 1583 226 1616 ταύτῃ,
242 1583 291 1610 καὶ
305 1585 362 1618 οὐχ
385 1584 516 1617 εὑρίσκω
528 1592 535 1600 ·
550 1584 685 1618 ἔκκοψον
697 1584 803 1619 αὐτὴν,
816 1585 867 1612 ἵνα
881 1585 909 1612 τι

117 1627 167 1654 καὶ
180 1628 238 1661 τὴν
244 1628 303 1663 γῆν
313 1629 467 1664 καταργεῖί
477 1631 493 1656 ό
503 1629 536 1655 δὲ
543 1629 714 1664 ἀποκριθεὶς
724 1631 804 1665 λέγω
815 1629 907 1663 αὐτῷ’

118 1675 217 1707 Κύριε,
229 1674 300 1708 ἄφες
323 1674 421 1707 αὐτὴν
437 1674 486 1701 καί
504 1675 593 1702 τοῦτο
610 1675 644 1702 τὸ
664 1675 742 1709 ἔτος,
762 1676 817 1709 ἕως
838 1676 909 1704 ὅτου

115 1719 227 1753 σκάψω
236 1719 272 1746 τὰ
286 1720 353 1753 περὶ
367 1719 465 1753 αὐτὴν
480 1721 529 1747 καί
540 1720 627 1753 ,βάλω
641 1721 749 1754 κόπρια
759 1729 766 1737 θ
782 1722 839 1749 κᾶν
855 1722 911 1756 μὲν

117 1765 233 1800 ποιήσῃ
242 1765 367 1798 καρπόν*
376 1767 401 1791 el
413 1765 447 1792 δὲ
454 1765 496 1800 μή
506 1773 548 1801 γε,
559 1768 603 1799 είς
611 1766 643 1794 τὸ
649 1767 765 1802 μέλλον
770 1767 910 1801 ἐκκόψεις

116 1809 230 1843 αὑτήν·
251 1810 283 1845 ἣν
296 1809 350 1844 πρὸ
372 1809 520 1845 ὀφθαλμῶν
536 1810 868 1847 λαϐόντεςνένδειξάμενοί
880 1820 910 1838 τε

119 1854 226 1890 καρπον
240 1855 315 1888 ἀξιον
329 1855 378 1890 τῆς
400 1855 553 1889 μετανοίας,
568 1856 597 1882 ἐν
615 1855 655 1891 τῷ
675 1857 839 1891 διαστήματι
863 1857 911 1883 τοῦ

117 1900 247 1926 τοσούτου
265 1900 361 1936 χρόνου
379 1901 478 1935 μᾶλλον
491 1901 723 1936 ὠφεληθήσονται.

155 1946 188 1973 δ’.
222 1946 283 1976 Τοῖς
318 1945 371 1982 γὰρ
401 1946 574 1973 παντάπασιν
605 1947 827 1982 ἀπεγνωσμένοις
865 1948 913 1974 καὶ

118 1991 314 2026 ἁμετανοήτοις
334 2010 342 2023 ,
379 1991 467 2026 δέρμα
502 2000 531 2018 τε
567 1991 694 2022 Αἰθίοπος
726 1992 912 2028 ἀμετάϐλητον

119 2036 323 2071 κεκτημένοις,
352 2035 400 2062 καὶ
430 2035 598 2070 ποικίλματα
622 2036 796 2071 παρδάλεως,
812 2036 912 2071 λεχθή-

119 2090 198 2109 σεται
221 2081 252 2108 τὺ
275 2081 323 2116 τῆς
349 2081 445 2116 ἑτέρας
466 2081 551 2115 συκῆς
564 2081 696 2115 ’Μηκέτι
711 2082 746 2108 ἐκ
766 2081 824 2109 σοῦ
842 2089 914 2115 καρ-

117 2128 178 2161 πὸς
191 2127 312 2162 γένηται
327 2129 371 2160 εἰς
394 2127 447 2154 τὸν
466 2126 559 2154 αἰῶνα
572 2148 580 2160 ,
608 2128 648 2154 διὸ
672 2128 719 2154 καὶ
743 2128 913 2163 παραχρῆμα

119 2173 297 2208 ξηραίνεται·
315 2172 521 2208 ἅποπληροῦται
537 2173 602 2207 γοῦν
630 2173 674 2199 ἐπ’
691 2174 791 2207 αὐτοῖς,
810 2173 857 2200 καὶ
880 2174 912 2200 τὸ
926 2164 949 2193 D

119 2221 173 2247 om
193 2219 241 2246 τοῦ
258 2219 485 2254 ἐκκλησιαστικοῦ
496 2219 655 2254 εἰρημένον·
673 2218 911 2254 Διεστραμμένον

117 2267 157 2294 σὺ
175 2264 378 2299 δυνηθήσεται
392 2263 643 2299 ἐπικοσμηθῆναι,
653 2263 703 2290 καί
713 2263 865 2298 ὑστέρημα
875 2263 911 2290 οὐ

118 2310 285 2345 δυνήσεται
293 2309 492 2344 ἀριθμηθῆναι
502 2318 510 2325 ο
522 2311 546 2336 εἰ
560 2310 598 2344 μὴ
616 2310 669 2344 γὰρ
687 2310 817 2344 πρότερον
829 2309 858 2336 τὸ
873 2310 913 2336 δι-

118 2354 312 2391 εστραμμένον
339 2355 482 2390 διοροωθῇ,
498 2354 628 2381 ἀδύνατόν
650 2354 724 2380 ἐστιν
738 2354 805 2381 αὐτὸ
818 2355 912 2381 ἐπικο-

121 2401 262 2436 σμηθῆναι
274 2407 281 2417 '
295 2401 343 2428 καὶ
360 2401 385 2427 εἰ
402 2401 438 2435 μὴ
451 2400 582 2435 πρότερον
595 2400 625 2426 τὸ
638 2400 780 2435 ὑστέρημα
792 2400 914 2435 ἀναπλη-

120 2446 209 2482 ρωθῇ⁷
238 2446 368 2472 ἀδύνατόν
393 2447 466 2471 ἐστιν
482 2445 549 2471 αὐτὸ
571 2444 755 2480 ἀριθμηθῆναι
768 2453 775 2460 ·
791 2444 852 2483 ὅθεν
867 2444 913 2471 καὶ

119 2493 167 2520 ἐπὶ
181 2492 274 2524 τέλους
288 2491 458 2526 συμόήσεται
471 2491 564 2521 αὐτοῖς
579 2490 607 2516 τί)
621 2490 782 2525 λελεγμένον
799 2490 851 2517 ὑπὸ
865 2491 912 2516 τοῦ

120 2537 263 2573 προφήτου
283 2537 394 2563 Ἦσαῖου
406 2544 413 2551 ·
438 2536 493 2563 Καί
510 2536 645 2570 ὄψονται.
663 2535 740 2570 φησὶ,
767 2535 803 2562 τὰ
830 2535 912 2562 κῶλα

119 2584 181 2611 τῶν
198 2583 361 2616 ἀνθρώπων
378 2581 438 2609 τῶν
461 2582 706 2616 παραϐεϐηκότων
719 2582 753 2607 ἐν
781 2582 847 2615 ἐμοί
859 2589 865 2597 ·
896 2583 912 2609 ό

120 2631 176 2665 γὰρ
202 2629 326 2663 σκώληξ
355 2628 454 2656 αὐτῶν
473 2630 508 2656 οὺ
522 2628 705 2661 τελευτήσει,
726 2627 774 2654 καὶ
796 2627 828 2654 τὸ
853 2627 912 2661 πῦρ

119 2675 223 2703 αὐτῶν
241 2677 276 2703 οὺ
301 2674 513 2709 σϐεσθήσεται,
529 2675 577 2701 καὶ
601 2675 722 2701 ἔσονται
742 2675 786 2706 εὶς
805 2669 912 2708 ὄρᾱσιν

119 2722 207 2756 πάσῃ
218 2722 317 2756 σαρκί·
332 2721 398 2748 ἐπεὶ
413 2720 462 2747 καὶ
473 2721 512 2754 ὡς
526 2720 721 2754 προλέλεκται
742 2720 790 2746 ὑπ’
805 2720 910 2752 αὐτοῦ,

157 2778 180 2794 ³⁸
202 2777 296 2804 Matth.
324 2786 361 2810 Iv,
382 2777 425 2804 l0.

121 2813 144 2829 "
158 2813 249 2841 Eccle.
266 2820 286 2845 ι,
300 2812 343 2839 ιδ.
382 2813 406 2828 ιο
422 2813 474 2844 isa.
488 2811 608 2843 ιινι,24.

283 2860 417 2889 Parum.
441 2860 498 2890 GR-
525 2859 604 2890 ειν.

481 2777 504 2792 ³⁶
524 2777 575 2812 ἔδει,
605 2778 752 2810 ιιι,1,2;
778 2776 844 2804 Luc.
872 2786 906 2805 tv.
938 2779 981 2812 13,
1007 2779 1049 2806 19.

646 2813 667 2827 ³¹
690 2813 740 2840 lsa.
756 2821 821 2846 Lvn,
835 2812 880 2846 20,
896 2814 940 2840 21.

960 1545 1034 1564 eam:
1049 1545 1098 1563 cur
1113 1541 1211 1563 terram
1226 1537 1341 1563 inaniter
1356 1541 1466 1571 occupat
1479 1537 1491 1564 ?
1509 1536 1559 1564 Ille
1568 1546 1626 1564 uero
1642 1546 1751 1572 respon—

961 1583 1023 1608 dens
1045 1582 1109 1609 dicit
1131 1582 1174 1609 illi
1191 1590 1200 1609 :
1219 1582 1338 1613 Domine,
1361 1582 1465 1609 dimitte
1483 1582 1558 1609 illum
1579 1583 1627 1609 hoc
1649 1591 1751 1618 quoque

961 1635 1041 1658 anno,
1055 1627 1135 1654 donec
1150 1627 1224 1654 circa
1237 1635 1295 1654 eam
1315 1626 1415 1661 fodere,
1431 1631 1456 1654 et
1477 1628 1599 1654 laetamen
1619 1628 1749 1662 injecero;

961 1672 984 1698 si
996 1672 1100 1706 quidem
1121 1672 1237 1707 fructum
1253 1672 1359 1705 fecerit;
1374 1671 1457 1707 us
1470 1672 1512 1698 sin
1530 1671 1627 1704 minus,
1644 1680 1703 1699 eam
1721 1673 1750 1699 in

962 1717 1081 1751 futurum
1096 1717 1231 1744 exscinde:
1246 1717 1268 1733 "’
1287 1726 1294 1744 :
1309 1725 1363 1751 qua
1386 1722 1449 1744 ante
1469 1717 1564 1745 oculos
1580 1721 1689 1752 accepta
1700 1737 1707 1750 ,
1722 1723 1751 1745 et

962 1767 1073 1790 ostenso
1091 1763 1173 1797 digno
1185 1762 1274 1790 fructu
1292 1762 1468 1796 poenitentiae,
1480 1762 1507 1789 in
1525 1766 1600 1790 tanto
1619 1762 1751 1798 temporis

964 1809 1105 1836 intervallo
1121 1808 1207 1843 magis
1224 1808 1403 1842 juvabuutur.

1001 1943 1026 1969 ι.
1048 1943 1084 1969 lis
1097 1943 1169 1969 enim
1185 1941 1232 1976 qui
1247 1945 1312 1969 sunt
1326 1941 1438 1968 omnino
1454 1941 1601 1976 desperati,
1617 1946 1644 1970 et
1662 1942 1751 1977 poeni-

965 1990 1077 2018 tentiam
1094 1996 1147 2016 non
1164 1992 1267 2023 agunt,
1282 1991 1311 2014 et
1325 1987 1421 2021 pellent
1441 1987 1579 2022 tEthiopis
1595 1988 1753 2016 immutabi-

964 2036 1017 2062 lem
1034 2035 1174 2069 possident
1184 2039 1211 2062 et
1224 2034 1301 2069 pardi
1314 2033 1471 2065 varietates,
1490 2034 1606 2066 dicetur,
1622 2034 1695 2069 quod
1706 2034 1752 2061 alii

965 2081 1028 2109 licui
1048 2081 1151 2108 dictum
1171 2084 1212 2107 est
1229 2089 1236 2106 :
1256 2079 1431 2113 Nequaquam
1450 2086 1482 2105 ea;
1499 2083 1522 2105 te
1540 2079 1644 2113 fructus
1660 2080 1708 2114 ﬁat
1726 2081 1754 2106 in

965 2132 1091 2154 retentum
1110 2125 1142 2159 “,
1157 2130 1184 2152 et
1200 2124 1260 2152 ideo
1274 2125 1365 2151 statim
1388 2131 1497 2158 quoque
1516 2125 1660 2151 exarescit.
1676 2125 1705 2151 In
1719 2125 1754 2152 iis

962 2172 1034 2199 enim
1062 2171 1191 2205 impletur
1219 2170 1292 2204 quod
1312 2170 1346 2197 ab
1371 2169 1535 2197 Ecclesiaste
1559 2170 1662 2197 dictum
1689 2175 1751 2198 est:

963 2217 1040 2251 Quod
1054 2225 1203 2251 perversum
1214 2221 1263 2248 est,
1281 2224 1333 2243 non
1343 2216 1437 2250 poterit
1451 2216 1586 2248 exornari,
1601 2221 1625 2242 et
1638 2216 1753 2250 defectus

964 2264 1097 2291 numerari
1112 2271 1164 2289 non
1180 2263 1277 2297 poterit
1294 2263 1326 2290 ³¹³.
1342 2262 1402 2289 Nisi
1418 2262 1491 2289 enim
1507 2261 1579 2296 quod
1595 2269 1752 2296 perversum

963 2314 1005 2337 est
1017 2310 1093 2344 prius
1110 2313 1213 2336 rectum
1235 2307 1328 2340 fuerit,
1342 2308 1400 2334 ﬁeri
1414 2315 1468 2335 non
1485 2311 1574 2342 potest
1589 2312 1619 2333 ut
1630 2307 1656 2333 id
1674 2314 1754 2333 exor-

963 2362 1061 2390 netur;
1084 2361 1112 2384 et
1130 2357 1181 2383 nisi
1206 2356 1280 2390 prior
1295 2355 1418 2383 defectus
1442 2355 1566 2389 expletus
1586 2355 1677 2386 luerit,
1696 2355 1754 2382 ﬁeri

962 2411 1016 2429 non
1032 2407 1119 2437 potest
1132 2406 1162 2429 ut
1176 2402 1199 2429 is
1217 2406 1386 2428 numeretur.
1402 2400 1477 2427 Unde
1491 2400 1556 2427 etin
1573 2400 1625 2426 ﬁne
1642 2400 1682 2427 eis
1692 2408 1754 2426 eve-

963 2448 1019 2474 niet
1033 2448 1104 2482 quod
1116 2455 1131 2474 a
1152 2447 1282 2482 propheta
1299 2446 1368 2473 lsaia
1381 2446 1483 2473 dicitur
1502 2453 1509 2472 :
1530 2445 1563 2471 Et
1584 2445 1752 2475 videbuntur,

962 2493 1061 2528 inquit,
1080 2493 1196 2519 membra
1217 2501 1307 2519 eorum
1331 2492 1375 2527 qui
1397 2492 1552 2525 transgressi
1570 2495 1631 2516 sunt
1655 2491 1682 2517 in
1702 2499 1752 2517 me.

972 2538 1070 2566 Vermis
1085 2540 1155 2566 enim
1170 2539 1287 2572 ipsorum
1303 2546 1355 2565 non
1373 2538 1515 2569 morietur,
1537 2541 1561 2563 et
1583 2536 1650 2571 ignis
1663 2545 1752 2563 eorum

963 2593 1014 2612 non
1028 2586 1254 2618 exstinguelurwt
1265 2590 1341 2611 erunt
1353 2585 1380 2610 in
1388 2589 1522 2618 aspectum
1529 2585 1612 2610 omnis
1624 2585 1749 2611 carnis“.

965 2632 1202 2666 Quandoquidem,
1213 2635 1241 2658 ιιι
1252 2636 1278 2659 ct
1290 2632 1324 2658 ab
1335 2631 1394 2665 ipso
1404 2631 1564 2666 praedictum
1578 2636 1619 2658 est
1631 2639 1637 2656 :
1650 2630 1752 2665 Ιιιίιιειι

966 2684 1053 2706 autem
1062 2678 1137 2713 quasi
1146 2687 1217 2705 mare
1227 2678 1328 2712 fervens
1339 2678 1375 2704 sic
1385 2677 1754 2713 ﬂuctuubunt,etrequiescere

967 2735 1018 2754 non
1027 2731 1157 2761 poterunt.
1173 2725 1233 2759 Non
1244 2731 1281 2752 est
1291 2727 1407 2760 gaudere
1418 2726 1515 2760 impiis,
1528 2725 1591 2751 divit
1603 2724 1673 2750 Deus
1685 2724 1718 2749 δ’.

1112 2778 1132 2793 ³⁷
1154 2776 1218 2803 Luc.
1254 2783 1314 2809 xm,
1341 2775 1400 2803 6—9.
1457 2775 1479 2790 ³⁸
1500 2773 1596 2800 Matth.
1630 2779 1686 2803 xxi,
1713 2770 1754 2797 ιε).

1565 2855 1601 2884 30
