1956 3049
210 105 262 138 939

809 104 940 135 ΡΗΟΤΙΙ
960 105 1212 136 ΡΑΤΗΙΑΒΕΗΕ
1227 106 1283 137 CP.

1793 107 1840 138 940

206 161 236 188 ot
251 159 286 188 δὲ
305 159 403 187 ἄδικοι
422 159 462 193 ὡς
488 159 629 188 θάλασσα
643 153 901 193 ὰναϐεϐρασμένη,
926 158 1002 185 οὕτω
1022 160 1336 194 κλυδωνισθήσονται,
1363 160 1413 187 καὶ
1442 161 1679 190 ἀναπαύσασθαι
1693 162 1728 189 οὐ
1743 163 1841 198 Msa-

207 205 370 240 wio'artat'
392 205 442 232 mit
462 206 518 233 οὐκ
537 205 604 232 ἔστι
622 206 738 239 χαίρειν
756 203 820 237 τοῖς
844 205 1000 237 ἀσεϐέσιν,
1020 205 1225 240 εἷπενόθεός,

243 249 270 276 5.
290 249 325 276 lis
337 253 428 276 autem
443 249 489 284 qui
502 249 667 276 simularunt
683 249 791 276 sicutet
803 248 886 276 David
899 249 933 282 δ’,
949 250 997 284 qui

1088 251 1119 280 ε’.
1144 253 1210 286 ’Τοῖς
1238 253 1266 280 δὲ
1291 254 1575 290 καθυποκριναμὲνοις
1599 255 1670 282 κατὰ
1684 255 1730 282 τὸν
1753 255 1843 291 ἐπιλη-

208 301 238 322 se
252 293 425 328 epilepticum
440 294 569 329 tingebat,
591 302 624 321 ne
640 298 804 327 moreretur,
819 294 946 329 quamvis
961 302 1002 322 re-

208 348 271 368 vera
283 340 444 375 epilepticus
459 348 514 367 non
528 344 600 367 esset
614 349 621 373 ;
638 344 666 367 et
680 347 735 367 non
747 340 820 367 nude
831 340 1001 375 negationem

207 386 426 421 inscripserunt,
451 386 498 414 sed
520 386 548 413 in
575 386 669 413 multis
692 386 845 421 angustiis,
873 390 1002 422 tanquam

208 433 284 467 pueri
299 432 415 460 consilio
431 436 458 460 et
473 431 620 467 prudentia
641 432 746 467 praediti
763 432 834 460 inter
850 439 949 467 pueros
962 433 1003 459 in-

208 479 348 513 sipientes,
363 479 539 507 inimicorum
551 479 667 507 insidias
679 479 811 507 ludiﬁcati
831 485 905 512 sunt,
922 480 963 507 vel
976 484 1004 506 ut

208 525 255 560 qui
274 525 370 552 altaria
385 525 577 560 pervaserint,
596 525 640 552 vel
656 528 785 560 tauquam
801 525 848 560 qui
861 525 1003 560 chirogra-

208 572 291 607 phum
311 571 446 605 dederint,
465 571 507 598 vel
527 575 556 598 ut
575 571 622 606 qui
637 578 686 606 pro
702 578 732 598 se
742 570 869 598 ethnicos
881 570 1004 598 immise-

208 618 282 650 rint;
297 617 405 645 etiams’i
420 617 543 644 nonnulli
562 624 657 644 eorum
681 617 727 651 qui
747 617 866 644 confessi
883 621 957 649 suut,
975 621 1004 644 ut

207 663 309 695 audivi,
327 664 464 699 aliquibus
477 671 574 691 eorum
586 664 760 698 ignoverunt,
773 664 905 698 quoniam
919 664 1004 691 maxi-

207 717 252 737 ma
270 709 353 745 447
371 709 497 737 cautione
516 709 655 741 vitaruut,
671 716 706 736 ne
728 709 778 744 ipsi
800 709 858 736 suis
876 709 1004 737 manibus

209 756 299 791 ignem
316 755 447 787 facerent,
465 760 492 782 et
508 755 647 783 daemonas
663 755 786 790 impuros
809 755 931 784 sulIirent
948 766 954 783 :
972 756 1003 783 li-

207 807 252 829 cet
267 809 330 828 vero
345 808 377 828 ex
389 801 496 836 agentis
512 801 666 836 ignorantia
685 808 734 829 eos
752 801 843 835 latuit,
861 802 1003 829 semestris

208 853 298 875 tamen
313 847 480 882 poenitentiae
495 855 576 882 poma
593 847 646 874 illis
670 847 838 882 imponetur.
861 847 907 875 Sic
929 847 1003 875 enim

208 893 260 928 ipsi
285 901 395 928 quoque
421 893 508 928 magis
519 893 713 928 ‘juvabuntur,
739 893 880 929 prophetae
900 893 1002 921 dictum

1054 297 1241 333 πτευσάμενον
1268 299 1351 326 Δαῦὶδ
1384 299 1428 326 ἶνα
1460 299 1498 335 μὴ
1524 299 1649 337 ἀποθάνῃ
1666 322 1674 334 ,
1704 301 1754 328 οὐκ
1784 301 1842 328 ὄντα

1053 343 1204 378 ἐπίληπτον
1220 351 1228 358 '
1257 345 1305 372 καὶ
1337 345 1374 380 μὴ
1404 345 1516 381 γυμνῶς
1543 346 1784 382 ἀπογραψαμένοις
1811 347 1843 373 τὰ

1054 389 1123 425 πρὸς
1139 390 1265 426 ἄρνησιν,
1279 391 1347 418 ἀλλὰ
1362 391 1520 423 διαπαίξασι
1540 392 1610 419 κατὰ
1631 392 1732 428 πολλὴν
1756 401 1841 419 στενο-

1053 434 1167 469 χωρίαν,
1182 435 1220 466 ὡς
1234 436 1268 462 ἂν
1284 436 1379 462 παιδία
1402 436 1563 470 βουλευτικὰ
1588 436 1711 471 ἔμφρονα
1738 438 1766 465 ἑν
1783 445 1841 464 παι-

1053 480 1118 512 δίοις
1141 481 1241 516 ἄφροσι
1259 481 1308 514 τὰς
1329 481 1384 509 τῶν
1407 482 1514 518 ἐχθρῶν
1540 482 1706 515 ἑπιὸουλὰς,
1732 484 1790 519 ἦτοι
1807 484 1841 515 ὡς

1053 525 1207 557 διελθόντας
1222 527 1343 562 βωμοὺς,
1372 527 1431 562 ἦτοι
1443 527 1480 559 ὡς
1493 529 1773 563 χειρογραφήσαντας,
1787 529 1841 564 ἦτοι

1053 570 1092 602 ὡς
1105 571 1163 597 ἀνθ’
1178 571 1283 598 ἑαυτῶν
1298 572 1428 606 βαλόντας
1448 572 1581 604 ἑθνικοὺς,
1602 573 1626 598 εί
1643 573 1689 600 καί
1702 581 1774 599 τισιν
1795 574 1842 600 ab.

1054 616 1108 643 τῶν
1122 617 1314 652 συνεχώρησάν
1324 626 1396 650 τινες
1408 616 1463 644 τῶν
1476 617 1662 654 ὁμολογητῶν,
1678 619 1716 651 ὡς
1731 619 1841 654 ηκουσα*

1054 662 1116 689 ἐπεὶ
1133 662 1250 697 μάλιστα
1263 662 1334 690 κατὰ
1357 663 1457 699 πολλὴν
1472 664 1625 696 εὐλάϐειαν,
1643 664 1774 699 ἐξέφυγον
1795 665 1842 691 αὺ-

1054 709 1174 744 τόχειρες
1189 709 1317 742 γενέσθαι
1336 709 1384 736 τοῦ
1399 710 1486 745 πυρὸς
1505 710 1553 737 καὶ
1572 711 1621 746 τῆς
1637 711 1843 746 ἀναθυμιάσεως

1054 754 1108 780 τῶν
1124 753 1286 790 ἀκαθάρτων
1300 754 1446 790 δαιμόνων·
1461 756 1523 782 ἐπεὶ
1533 755 1622 783 τοίνυν
1636 756 1732 783 ἔλαθεν
1747 755 1843 788 αὐτοὺς

1054 798 1133 833 ἀνοίᾳ
1155 798 1236 826 τοῦτο
1253 799 1422 835 πράξαντας,
1437 801 1512 836 ὅμως
1529 801 1665 838 ἑξάμηνος
1681 803 1772 834 αὐτοῖς
1788 804 1845 829 ἑπι-

1054 843 1198 880 τεθήσεται
1212 846 1262 881 τῆς
1285 847 1314 873 ἑν
1333 847 1463 882 μετανοίᾳ
1491 847 1660 883 ἐπιστροφῆς
1673 854 1681 863 '
1705 847 1778 875 οὕτω
1792 849 1844 884 γὰρ

1057 891 1157 926 μᾶλλον
1184 891 1232 918 καὶ
1255 891 1332 918 αὐτοὶ
1349 892 1584 928 ὠφεληθήσονται,
1608 894 1845 928 καταμελετῶντες

208 940 386 972 meditantes,
399 943 428 966 et
442 940 563 968 dicentes
580 948 587 967 :
610 939 721 966 Puella:
738 940 842 974 genitus
861 945 900 967 est
919 940 999 974 nobis,

1057 937 1088 963 τὸ
1105 937 1275 972 προφητικὸν
1291 938 1374 973 ῥητὸν
1391 938 1438 964 καὶ
1456 938 1582 972 λέγοντες
1593 947 1599 953 ·
1614 939 1739 966 Παιδίον
1764 939 1846 974 ἐγεν-

206 986 279 1020 ﬁlius
295 990 320 1012 et
331 985 410 1012 datus
426 990 465 1012 est
478 985 564 1017 nobis,
582 986 660 1020 cujus
679 986 845 1020 principatus
857 990 896 1012 est
908 985 936 1012 in
951 986 1001 1012 hu-

206 1040 279 1059 mero
296 1039 353 1065 suo,
365 1037 389 1059 et
405 1036 516 1059 vocatur
532 1039 626 1058 nomen
637 1031 706 1066 ejus,
722 1032 813 1067 magni
828 1031 933 1058 consilii
947 1032 1002 1058 An-

207 1078 279 1113 gelus
297 1077 332 1105 ".
348 1077 418 1110 Qui,
441 1082 470 1104 ut
484 1077 578 1110 scitis,
596 1077 623 1104 in
644 1081 721 1104 sexto
739 1084 833 1105 mense
848 1077 1003 1112 conceptio-

207 1122 267 1154 nis,
289 1129 352 1149 cum
369 1122 441 1149 alius
467 1121 557 1148 iul'ans
581 1121 758 1156 przndicasset
777 1125 838 1148 ante
861 1121 1003 1148 adventum

206 1167 262 1202 ejus
277 1167 458 1202 paenitentiam
471 1168 498 1194 iu
514 1167 693 1194 remissionem
706 1171 874 1201 peccatorum
888 1167 921 1200 “,
934 1174 1002 1194 con-

204 1215 302 1246 ceptus
318 1215 360 1238 est
381 1215 408 1238 et
430 1211 487 1246 ipse
512 1211 546 1238 ad
572 1211 774 1246 pradicandam
801 1211 1001 1246 pmnitentiam.

207 1257 314 1285 Etenim
338 1261 470 1291 utrosque
494 1257 623 1284 audimus
647 1257 675 1284 in
702 1257 799 1292 primis
824 1257 1002 1291 praedicantes

207 1310 261 1330 non
275 1303 363 1330 solum
374 1303 408 1330 de
422 1302 594 1338 paenitentia,
610 1302 658 1330 sed
668 1307 695 1330 et
706 1302 740 1330 de
754 1310 838 1337 regno
850 1303 981 1330 castorum
993 1311 1002 1330 :

205 1350 277 1384 quod
289 1349 411 1384 quidem,
428 1353 458 1376 ut
477 1349 624 1377 didicimus
639 1357 646 1376 :
665 1349 736 1376 intra
752 1357 800 1376 nos
819 1355 858 1376 est
870 1349 905 1383 “,
925 1349 998 1384 quod

204 1403 284 1430 prope
303 1403 350 1422 nos
370 1396 405 1423 sit
421 1395 527 1423 verbum
549 1395 623 1430 quod
642 1395 780 1424 credimus
805 1395 832 1422 in
850 1403 894 1422 ore
912 1400 1001 1422 nostro

205 1446 231 1469 et
250 1442 332 1470 corde
343 1446 448 1474 nostro.
461 1442 535 1477 quod
550 1441 630 1469 Jesus
644 1446 685 1469 est
696 1442 823 1469 Christus
842 1450 849 1468 :
869 1442 1001 1469 credentes

204 1489 233 1514 in
248 1488 324 1515 corde
342 1492 443 1519 nostro,
461 1487 530 1522 quod
544 1486 614 1515 Deus
628 1487 714 1522 ipsum
731 1488 869 1515 suscitavit
888 1495 921 1515 ea:
932 1495 1002 1514 mar-

205 1535 258 1561 tuis
275 1541 284 1561 :
301 1539 330 1561 ut
346 1535 392 1569 qui
411 1533 525 1561 audiant
542 1534 614 1568 quod
626 1534 704 1561 corde
715 1534 820 1569 quidem
838 1534 954 1561 creditur
965 1534 999 1560 ad

198 1579 345 1618 justitiam,
362 1587 406 1606 ore
417 1583 504 1606 autem
516 1579 646 1613 confessio
662 1579 692 1613 ﬁt
707 1579 742 1605 at!
754 1579 868 1606 salutem
884 1579 917 1606 ".

1055 981 1133 1016 νήθη
1153 982 1236 1017 ἡμῖν,
1257 983 1323 1016 υίὸς
1340 983 1390 1010 καὶ
1405 983 1494 1017 ἐδόθη
1517 983 1600 1018 ἡμῖν,
1616 983 1652 1012 οὗ
1669 985 1688 1019 ἠ
1704 984 1782 1019 ἀρχὴ
1797 985 1845 1012 ἐπὶ

1056 1026 1109 1054 τοῦ
1129 1027 1211 1062 ὤμου
1230 1026 1334 1059 αὐτοῦ,
1355 1028 1404 1054 καὶ
1427 1028 1563 1055 καλεῖται
1580 1029 1614 1055 τὸ
1637 1028 1731 1063 ὄνομα
1741 1029 1844 1061 αὑτοῦ,

1051 1073 1311 1108 μεγάληςβουλῆς
1320 1074 1348 1101 Ἀ
1355 1075 1468 1109 γγελος·
1475 1075 1553 1110 ὅπερ,
1563 1075 1600 1104 di;
1613 1074 1682 1107 ἴστε,
1691 1076 1719 1101 ἑν
1726 1075 1765 1111 τῷ
1775 1076 1846 1111 ἕκτῳ

1058 1119 1123 1154 μηνὶ
1132 1119 1182 1154 τῆς
1202 1119 1359 1154 συλλήψεως
1373 1119 1421 1146 τοῦ
1435 1121 1530 1156 ἑτέρου
1548 1118 1662 1153 παῖδίου,
1680 1120 1727 1148 τοῦ
1746 1130 1847 1157 προκη-

1057 1164 1186 1199 ρύξαντος
1198 1165 1252 1200 πρὸ
1267 1165 1414 1201 προσώπου
1429 1166 1480 1201 τῆς
1491 1166 1595 1193 εισόδου
1609 1166 1692 1193 αὑτοῦ
1704 1167 1846 1202 μετάνοιαν

1055 1211 1096 1242 εις
1117 1210 1214 1245 ἄφεσιν
1233 1211 1386 1247 ἁμαρτιῶν,
1403 1211 1558 1247 συνελήφθη
1573 1213 1620 1239 καὶ
1642 1212 1707 1239 αὐτὸ
1729 1213 1845 1248 κηρύξαι

1057 1255 1216 1290 μετάνοιανο
1238 1256 1286 1282 καὶ
1306 1256 1361 1292 γὰρ
1380 1258 1427 1283 καὶ
1449 1257 1504 1283 τῶν
1527 1257 1691 1292 ἀμφοτέρων
1711 1259 1845 1293 ἀκούομεν

1055 1302 1084 1328 ἑν
1108 1301 1228 1337 πρώτοις
1242 1302 1435 1337 κηρυσσόντων
1450 1304 1480 1329 ού
1506 1303 1586 1338 μόνον
1608 1304 1672 1339 περὶ
1689 1304 1844 1338 μετανοίας,

1054 1347 1122 1375 ἀλλὰ
1138 1344 1186 1375 καὶ
1201 1348 1265 1384 περὶ
1280 1347 1420 1383 βασιλείας
1433 1349 1556 1384 οὐρανῶν
1573 1357 1580 1364 ·
1601 1349 1672 1384 ἥτις,
1689 1350 1779 1382 καθὼς
1795 1359 1844 1386 με-

1055 1393 1232 1430 μαθήκαμεν,
1246 1394 1323 1426 ἑντὸς
1336 1394 1415 1430 ήμῶν
1430 1396 1500 1428 ἑστι,
1514 1395 1553 1430 τῷ
1569 1395 1651 1430 ἑγγὺς
1672 1395 1751 1431 ήμῶν
1775 1393 1847 1423 εἶναι

1052 1439 1083 1466 τὸ
1094 1439 1171 1475 ρἧα
1182 1439 1196 1465 ὃ
1214 1439 1377 1475 πιστεύομεν
1393 1441 1422 1466 ἑν
1438 1439 1477 1475 τῷ
1493 1440 1607 1476 στόματι
1624 1442 1739 1474 ἑαυτῶν,
1755 1442 1803 1469 καὶ
1817 1443 1848 1469 ἑν

1052 1487 1086 1521 τῇ
1098 1485 1197 1522 καρδίᾳ
1212 1486 1317 1513 ἑαυτῶν
1326 1494 1334 1503 ο
1344 1487 1409 1521 περὶ
1419 1484 1454 1522 ἦς
1467 1487 1516 1514 καὶ
1527 1488 1603 1514 αὐτοὶ
1613 1487 1847 1523 ὑπομνησθέντες,

1054 1533 1223 1568 μαθήσονται
1249 1532 1390 1568 ὁμολογεῖν
1417 1535 1446 1560 ἑν
1471 1533 1510 1567 τῷ
1537 1533 1651 1569 στόματι
1674 1534 1790 1567 ἑαυτῶν,
1805 1535 1849 1561 ὅτι

1052 1577 1157 1613 Κύριος
1178 1577 1300 1614 Ἰησοῦςο
1316 1578 1490 1610 πιστεύοντες
1512 1579 1541 1605 ἑν
1560 1581 1594 1614 τῇ
1608 1580 1707 1615 καρδίᾳ
1729 1579 1847 1612 ἑαυτῶν,

202 1630 243 1656 ὃτι
261 1626 276 1651 ὁ
292 1626 358 1657 Θεὸς
379 1625 460 1652 αὐτὸν
475 1625 586 1661 ἤγειρεν
611 1625 644 1651 ὲκ
663 1624 789 1660 νεκρῶν·
823 1625 872 1651 ἆτε
899 1624 931 1660 δὴ
946 1623 1109 1657 ἀκούοντες,
1139 1624 1181 1651 ὅτι
1216 1624 1315 1660 καρδίᾳ
1353 1624 1404 1660 μὲν
1428 1624 1572 1651 πιστεύετε
1594 1625 1634 1657 εἰς
1660 1625 1847 1661 δικαιοσύνην,

204 1672 319 1707 στόματι
333 1672 362 1698 δὲ
378 1672 536 1706 ὁμολογεῖτε
554 1672 594 1703 είς
607 1671 756 1706 σωτηρίαν.

238 1717 264 1744 6.
285 1717 306 1744 li
319 1721 410 1744 autem
427 1718 472 1752 qui
490 1725 584 1745 servos
598 1716 768 1744 Christianos
782 1724 832 1752 pro
847 1724 876 1745 se
892 1716 997 1744 submi-
1012 1720 1032 1749 ί]

203 1767 310 1796 serunt,
327 1763 399 1790 servi
420 1763 542 1798 quidem,
560 1767 590 1789 ut
601 1762 647 1796 qui
662 1762 713 1796 ipsi
728 1762 780 1789 sub
794 1770 877 1789 tuanu
894 1766 996 1794 essent,

202 1813 230 1835 et
245 1808 447 1843 quodammodo
457 1808 507 1843 ipsi
521 1815 631 1843 quoque
643 1808 669 1834 in
681 1808 856 1835 dominorum
870 1808 994 1835 custodia

201 1859 305 1886 essent,
322 1854 459 1889 minisque
476 1855 509 1882 ab
526 1854 594 1888 ipsis
607 1854 708 1887 territi,
726 1860 753 1881 et
771 1858 881 1889 propter
900 1861 995 1881 eorum

202 1905 305 1927 metum
315 1907 348 1927 eo
360 1900 494 1935 compulsi
510 1905 537 1927 et
547 1900 626 1935 lapsi,
642 1907 715 1927 anno
731 1907 812 1935 opera
828 1900 995 1935 paenitentiae

201 1946 357 1979 ostenderit,
377 1950 405 1973 et
425 1945 552 1980 deinceps
575 1945 729 1978 discentes,
747 1950 777 1971 ut
796 1946 866 1972 servi
883 1944 994 1978 Christi,

201 1993 292 2020 facere
307 1992 410 2020 Christi
427 1993 593 2020 voluntatem
610 1996 637 2019 ct
661 1999 722 2019 eum
741 1991 838 2019 timere
853 1998 861 2018 :
878 1991 994 2019 audien-

199 2042 244 2066 tes
260 2037 387 2070 maxime,
404 2038 476 2073 quod
490 2037 681 2072 unusquisque,
699 2037 722 2064 si
733 2037 796 2072 quid
811 2036 870 2063 boni
891 2037 991 2071 fecerit,

200 2085 248 2111 hac
262 2084 325 2119 feret
338 2092 354 2111 a
365 2083 488 2117 Domino,
504 2084 558 2110 sive
572 2091 661 2110 seruus
682 2083 735 2110 sive
746 2083 813 2110 liber
825 2083 860 2109 sit
876 2082 908 2110 ".

235 2225 319 2261 M8
337 2225 364 2252 7.
385 2223 475 2252 Liberi
492 2228 582 2252 autem
606 2224 694 2251 tribus
709 2224 789 2251 annis
813 2224 839 2251 in
856 2224 991 2259 paeniten-

200 2271 236 2299 tia
251 2271 492 2302 examinabuntur.
513 2275 569 2297 tum
582 2270 655 2305 quod
672 2270 917 2302 dissimulaverint,
934 2275 991 2297 tum

197 2319 271 2353 quod
296 2318 436 2346 eli‘eceriut
460 2322 489 2345 ut
511 2317 637 2346 conservi
664 2319 866 2349 sacriﬁcarent,
892 2323 922 2345 ut
945 2318 992 2352 qui

196 2363 330 2398 Apostolo
349 2371 401 2389 non
432 2363 595 2396 obedierint,
611 2363 658 2398 qui
686 2363 745 2390 vult
765 2363 885 2390 dominos
901 2364 992 2390 eadem

1086 1715 1123 1748 ς’.
1155 1716 1218 1748 Τοῖς
1248 1716 1277 1743 δὲ
1308 1715 1418 1748 δούλους
1453 1717 1633 1752 Χριστιανοὺς
1664 1717 1723 1744 ἀνθ’
1741 1718 1848 1745 ἑαυτῶν

1052 1761 1267 1796 ὑποϐεϐληκόσιν
1282 1783 1290 1796 ,
1321 1763 1345 1788 οἱ
1379 1763 1428 1798 μὲν
1449 1763 1537 1790 δοῦλοι
1564 1763 1602 1794 ὡς
1632 1762 1664 1790 ἂν
1694 1764 1849 1800 ὑποχείριοι

1051 1808 1137 1841 ὄντες,
1154 1809 1202 1835 καὶ
1214 1809 1315 1844 τρόπον
1331 1809 1391 1836 τινὰ
1410 1809 1457 1836 καὶ
1472 1810 1550 1837 αὐτοὶ
1565 1810 1779 1844 φυλακισθέντες
1792 1812 1849 1839 ὑπὸ

1051 1855 1106 1882 τῶν
1131 1855 1279 1888 δεσποτῶν,
1302 1855 1549 1890 καταπειληθέντες
1564 1866 1593 1883 τε
1622 1857 1668 1883 ὑπ’
1680 1857 1780 1891 αὐτῶν,
1799 1860 1851 1885 καὶ

1050 1899 1094 1927 διὰ
1113 1900 1160 1926 τὸν
1179 1900 1261 1934 φόϐον
1279 1899 1369 1927 αὐτῶν
1383 1901 1422 1932 εἰς
1439 1900 1518 1928 τοῦτο
1538 1901 1699 1937 ἐληλυθότες
1719 1902 1766 1929 καὶ
1791 1903 1852 1929 ὀλι-

1053 1946 1213 1982 σθήσαντες.
1236 1946 1265 1971 ἑν
1287 1945 1403 1980 ἐνιαυτῷ
1419 1946 1453 1973 τὰ
1471 1946 1521 1982 τῆς
1539 1948 1683 1982 μετανοίας
1706 1947 1775 1982 ἔργα
1792 1948 1853 1974 δεί-

1051 1992 1144 2026 ξουσι·
1169 1991 1351 2027 μανθάνοντες
1365 1991 1413 2018 τοῦ
1430 1992 1535 2025 λοιποῦ,
1549 1993 1586 2024 ὼς
1612 1993 1700 2020 δοῦλοι
1724 1994 1852 2028 Χριστοῦ

1051 2040 1139 2064 ποιεῖν
1162 2038 1193 2064 τὸ
1217 2037 1323 2072 θέλημα
1343 2037 1390 2064 τοῦ
1415 2038 1494 2071 Θεοῦ,
1518 2039 1566 2065 καὶ
1583 2039 1725 2073 φοϐεῖσθαι
1753 2040 1851 2066 αὐτόν·

1050 2085 1193 2116 ἀκούοντες
1209 2085 1336 2120 μάλιστα,
1353 2084 1394 2111 ὅτι
1414 2084 1530 2117 ἕκαστος
1544 2085 1591 2112 ἐάν
1610 2094 1637 2112 τι
1661 2086 1764 2122 ποιήσῃ
1777 2086 1854 2120 ἀγα-

1050 2131 1105 2164 θὺν,
1125 2131 1205 2158 τοῦτο
1226 2130 1371 2166 κομίσεται
1384 2131 1461 2166 rupi
1480 2131 1595 2166 Κυρίου,
1611 2131 1666 2158 εἴτε
1683 2131 1777 2163 δοῦλος
1791 2133 1853 2158 εἴτε

1049 2177 1201 2213 ἐλεύθερος.

1082 2224 1115 2257 ζ’.
1146 2226 1178 2252 Οἱ
1209 2225 1237 2252 δὲ
1268 2224 1428 2261 ἐλεύθεροι,
1461 2227 1490 2253 ἑν
1521 2226 1610 2261 τρισὶν
1634 2225 1722 2252 ἐτεσιν
1749 2225 1855 2258 ἐξετα-

1049 2271 1194 2307 σθήσονται
1218 2272 1246 2297 ἑν
1264 2273 1404 2307 μετανοίᾳ,
1427 2273 1475 2298 καὶ
1507 2271 1544 2304 ὡς
1565 2272 1779 2308 ὑποκρινάμενοι
1800 2273 1856 2299 καὶ

1049 2317 1087 2349 ὠς
1115 2318 1374 2352 καταναγκάσαντες
1406 2318 1468 2350 τοὺς
1503 2318 1664 2352 ὁμοδούλους
1676 2317 1773 2343 θῦσαι·
1798 2319 1855 2344 ac:

1047 2362 1081 2399 δὴ
1097 2363 1322 2399 παρακούσαντες
1335 2363 1381 2389 τοῦ
1391 2363 1566 2396 Ἀποετόλου,
1586 2365 1623 2390 Τὰ
1633 2363 1711 2390 αὐτὰ
1722 2363 1857 2396 θέλοντος

196 2410 284 2444 facere
301 2418 360 2444 qua:
375 2410 452 2441 serui,
466 2410 626 2436 remittentes
640 2409 736 2436 mittas.
756 2408 884 2442 Scienles,
896 2409 994 2444 inquit,

1053 2409 1148 2436 ποιεῖν
1162 2409 1234 2442 τοὺς
1249 2409 1399 2443 δεσπότας
1414 2409 1478 2443 τοῖς
1488 2409 1622 2443 δούλοις,
1635 2410 1775 2442 ἀνιέντας
1788 2410 1855 2444 τὴν

194 2456 265 2491 quod
273 2462 468 2492 nosterquoque
481 2461 506 2484 et
522 2457 639 2491 ipsorum
649 2456 776 2483 Domi/tus
788 2459 826 2482 est
842 2456 869 2482 iu
881 2455 993 2488 ctelis,et

195 2511 246 2531 non
254 2508 292 2530 est
303 2503 374 2535 apud
396 2512 455 2530 eum
471 2511 643 2538 personarum
665 2503 781 2538 acceptio
789 2501 893 2530 “"".Si
909 2511 993 2530 unum

194 2553 285 2576 autem
299 2556 395 2576 omnes
411 2548 544 2576 habemus
566 2548 714 2575 Dominum
725 2567 732 2579 ,
753 2547 825 2582 apud
847 2555 924 2582 quem
939 2555 992 2574 non

194 2599 234 2623 est
246 2603 420 2630 personarum
437 2595 554 2628 acceptio
573 2595 610 2627 ”;
625 2593 758 2629 quoniam
774 2598 798 2620 et
812 2594 913 2626 omnia,
923 2598 948 2620 et
962 2594 991 2620 in

193 2642 314 2669 omnibus
326 2647 363 2669 est
378 2640 511 2673 Christus,
534 2640 562 2667 in
581 2639 711 2667 Barbaris
730 2645 755 2667 et
769 2640 888 2674 Scythis,
910 2640 991 2666 servis

192 2693 217 2715 et
229 2688 319 2715 liberis
334 2689 356 2704 ¹¹
371 2696 378 2714 :
391 2688 492 2715 debent
506 2687 682 2715 considerare
697 2686 770 2721 quod
790 2686 925 2719 fecerunt,
942 2694 991 2713 vo-

193 2735 280 2763 lentes
295 2742 372 2762 suam
391 2735 512 2770 ipsorum
527 2734 647 2761 animam
668 2740 779 2761 servare
793 2741 800 2766 ;
815 2733 861 2768 qui
877 2739 991 2760 conser-

227 2793 250 2809 “
271 2792 359 2828 lites.
380 2802 435 2825 ut,
449 2794 492 2822 15.
530 2793 552 2810 ν’
571 2793 673 2826 IsaJx,
687 2794 714 2821 6.
753 2793 776 2809 “
799 2793 864 2820 Luc.
882 2801 901 2825 I,
920 2793 1011 2826 76,77.

191 2829 251 2845 δ’δ’
268 2829 367 2863 Ephes.
389 2837 425 2862 v1,
440 2831 466 2857 9.
524 2830 545 2846 ¹⁸
561 2830 640 2857 ltum.
674 2837 703 2863 ιι,
726 2830 769 2856 il.

1046 2455 1192 2489 ἀπειλήν·
1212 2455 1344 2489 Εὶδότες,
1363 2456 1456 2491 φησὶν,
1477 2456 1522 2482 ὅτι
1539 2456 1589 2483 καί
1606 2455 1689 2489 ὑμῶν
1712 2455 1817 2482 αὐτῶν
1835 2457 1854 2483 ὁ

1048 2502 1155 2536 Κύριος
1168 2501 1202 2528 ὲν
1216 2501 1367 2536 οὐρανοῖς,
1383 2501 1433 2528 καὶ
1448 2502 1692 2536 προσωποληψιά
1708 2503 1776 2536 παρ’
1789 2503 1853 2529 αὺ-

1051 2547 1091 2581 τῷ
1110 2549 1166 2575 οὐκ
1187 2547 1275 2575 ἔστιν
1287 2554 1294 2561 ·
1312 2549 1336 2574 εἰ
1356 2547 1383 2574 δὲ
1400 2548 1449 2574 ἑνα
1464 2547 1566 2583 Κύριον
1582 2547 1679 2583 ἔχομεν
1695 2548 1720 2574 οἱ
1744 2549 1856 2580 πάντες

1045 2593 1374 2630 ἀπροσωπόληπτον,ὲπεὶ
1384 2593 1437 2620 Kal
1447 2593 1545 2620 πάντα
1551 2594 1600 2620 καὶ
1610 2593 1646 2620 ἐν
1653 2593 1750 2621 πᾶσιν
1759 2594 1856 2620 ἐστιν·

1047 2640 1063 2666 ὁ
1069 2639 1197 2673 Χριστὸς
1208 2638 1276 2665 grta
1284 2637 1448 2673 Βαρϐἀροις
1454 2640 1502 2664 καί
1515 2639 1656 2671 Σκύθαις,
1666 2638 1790 2671 δούλοις
1796 2639 1855 2667 καὶ

1047 2685 1228 2720 ἐλευθέροις,
1256 2685 1368 2711 σκοπεῖν
1394 2683 1547 2718 ὀφείλουσιν
1574 2684 1588 2711 ὃ
1615 2685 1854 2720 κατειργάσαντο,

1046 2731 1211 2766 θελήσαντες
1232 2730 1283 2766 τὴν
1305 2729 1395 2766 ψυχὴν
1411 2729 1516 2757 ἑαυτῶν
1535 2730 1621 2757 σῶσαι
1635 2738 1642 2745 ·
1658 2731 1722 2762 τοὺς
1734 2730 1762 2757 δὲ
1782 2739 1857 2762 συν,

1048 2791 1146 2821 "Luc.
1162 2800 1228 2827 svu,
1242 2791 1288 2821 2|.
1327 2791 1349 2808 ‘°
1363 2791 1480 2827 Rom.x,
1496 2792 1571 2821 8-10.
1611 2792 1633 2809 "
1653 2791 1742 2828 Ephes
1762 2800 1802 2827 Vt,
1821 2792 1856 2822 8.

810 2829 831 2844 ¹⁶
847 2829 954 2856 Coloss.
991 2836 1030 2862 ιιι,
1059 2828 1103 2856 11.
