1956 3049
138 118 189 152 941

529 113 728 145 SYNTAGMA
748 111 943 143 CANONUM.
956 124 990 130 -
1003 112 1078 142 TIT.
1097 112 1182 150 XIII,
1199 114 1279 145 CAP.
1296 115 1360 146 XX.

1720 116 1773 149 942

137 172 248 204 δούλους
265 170 368 198 ἑαυτῶν
391 168 554 200 ἑλκύσαντες
578 168 625 196 ἐπὶ
652 165 868 202 εῑδωλολατρίαν,
883 165 929 192 δυ-

985 173 1030 194 vos
1045 172 1154 195 nostras
1170 172 1313 196 traxerunt
1322 169 1356 196 ad
1373 168 1564 202 idololatriam,
1583 169 1631 205 qui
1649 174 1775 206 poterant

141 217 275 253 ναμένους
290 215 338 243 καὶ
351 215 451 246 αὐτοὺς
467 214 605 248 ἐκφυγεῖν,
617 212 683 239 εἰτὸ
700 212 804 238 δίκαιον
819 211 867 237 καὶ
880 211 929 245 τὴν

142 264 254 297 ἰσότητα
267 260 337 297 ἦσαν
354 261 446 293 αὐτοῖς
461 260 659 296 παρασχόντες,
673 258 712 290 ὡς
727 258 808 286 πάλιν
819 258 834 284 ό
848 257 929 284 Ἀπόο

140 309 234 340 στολος
244 309 329 342 λέγει.

175 353 211 389 η’.
236 354 299 385 Τοῖς
322 352 351 379 δὲ
382 351 611 387 παραδεδομένοις
641 349 847 380 ἐκπεπτωκόσι,
874 349 930 380 τοῖς

138 408 170 426 τε
191 400 300 430 ἑαυτοῖς
322 397 551 433 προσεληλυθόσιν
573 397 613 428 εις
638 397 684 423 τὸν
706 396 811 430 ἀγῶνα,
832 395 931 430 ὁμολο-

139 445 234 480 γοῦσιν
261 442 330 471 εἶναι
361 444 553 478 Χριστιανοῖς,
586 441 802 477 ὲμὸεσλημένοις
834 449 864 467 τε
901 440 931 466 ἐν

137 493 171 526 τῇ
207 491 314 526 φυλακῇ
351 490 421 526 μετὰ
461 489 585 524 βασάνων
608 508 616 522 ,
649 487 760 522 εὔλογόν
795 489 870 515 ἐστιν
902 488 931 514 ὲν

121 537 298 571 mxumam
328 535 441 571 καρδίας
476 533 668 568 συνεπισχύειν
702 535 751 561 καὶ
790 533 930 561 κοινωνεῖν

139 584 169 610 ὲν
190 584 274 610 πᾶσιν
298 583 327 609 ἐν
341 591 370 608 τε
391 584 450 614 ταῖς
468 584 645 618 προσευχαῖς,
661 582 709 608 καὶ
729 583 763 617 τῇ
781 581 931 617 μεταλήψει

139 630 188 657 τοῦ
216 629 341 664 σώματος
365 628 413 655 καὶ
429 629 476 655 τοῦ
489 629 604 664 αἵματος
619 628 666 655 τοῦ
682 627 811 663 Χριστοῦ,
838 627 884 654 καὶ
897 627 931 663 τῇ

140 673 311 709 παρακλήσει
332 673 378 700 τοῦ
392 673 483 707 λόγου,
499 673 543 700 ἵνα
567 672 748 707 εὐτονώτερον
761 672 932 708 ἀγωνισάμε-

138 729 190 753 νοι,
206 719 397 751 καταξιωθῶσι
422 720 470 746 καὶ
484 719 561 745 αὐτοὶ
575 719 630 746 τοῦ
640 719 784 753 βραϐεῖον
791 718 849 752 τῆς
858 718 922 745 ἂνω

138 765 276 798 κλήσεως
287 773 294 780 ·
304 764 415 800 καὶγὰρ
426 763 559 796 ἑπτάκις,
566 764 643 798 φησὶ,
656 763 789 790 πεσεῖται
796 764 811 789 ό
820 762 933 795 δίκαιος

138 810 190 837 καὶ
202 809 419 843 ἀναστήσεται·
432 809 501 843 ὅπερ
513 809 537 835 ει
548 808 595 835 καὶ
606 808 705 840 πάντες
717 808 743 834 οἱ
753 807 930 834 ἐκπεπτωκό-

979 217 1007 239 et
1025 212 1076 246 ipsi
1091 212 1219 247 eﬂ'ugere,
1236 213 1259 241 si
1272 213 1318 249 jus
1331 219 1358 242 et
1373 215 1554 250 mqualitatem
1565 214 1631 251 ipsis
1642 215 1775 251 praebuis-

980 263 1051 290 sent.
1068 263 1098 286 ut
1113 267 1208 288 rursus
1222 259 1289 288 dicit
1304 261 1462 296 Apostolus.

1015 345 1042 373 8.
1062 345 1096 373 lis
1115 351 1205 374 autem
1218 347 1264 382 qui
1277 347 1375 382 proditi
1394 352 1476 381 sunt,
1497 352 1524 375 et
1538 349 1709 382 exciderunt,
1726 349 1773 383 qui

980 394 1008 418 et
1023 392 1072 426 ipsi
1085 392 1118 418 ad
1132 397 1270 420 certamen
1286 399 1470 426 accesserunt,
1483 401 1512 421 se
1528 401 1588 421 esse
1602 394 1774 422 Christianos

981 438 1152 469 conﬁtentes,
1164 439 1229 466 etin
1244 439 1396 467 custodiam
1413 448 1475 468 cum
1496 441 1640 468 tormentis
1656 440 1772 475 coniecti

982 488 1046 510 sunt
1059 492 1066 510 :
1078 491 1187 519 aequum
1199 489 1240 512 est
1256 485 1283 512 in
1297 486 1481 513 exsultatione
1491 486 1582 515 cordis
1600 487 1672 514 vires
1689 487 1771 514 simul

981 529 1093 561 addere,
1111 534 1137 556 et
1157 529 1237 557 eisin
1255 531 1383 559 omnibus
1397 532 1611 564 communicare,
1625 537 1652 560 et
1664 533 1691 559 in
1710 540 1773 559 ora-

981 573 1114 608 tionibus,
1133 579 1161 602 et
1176 576 1202 603 in
1218 576 1429 611 participatione
1448 578 1572 612 corporis
1590 582 1619 605 et
1631 578 1773 613 sanguinis

981 618 1097 653 Christi,
1110 624 1138 647 et
1152 621 1288 649 sermonis
1304 621 1493 650 adhortatione
1507 631 1514 650 :
1536 628 1567 650 ut
1584 623 1630 658 qui
1643 627 1773 650 constan-

982 664 1035 692 tius
1051 665 1252 693 decertaverint
1264 687 1271 699 ,
1294 667 1348 702 ipsi
1368 675 1478 703 quoque
1493 675 1613 702 supernae
1627 668 1772 695 vocationis

982 710 1073 737 brabio
1090 711 1111 727 "
1128 711 1285 747 dignentur.
1307 712 1414 740 Etenim
1436 714 1549 748 septies,
1575 713 1680 748 inquit,
1697 715 1772 740 cadet

977 756 1068 790 justus
1080 760 1105 783 et
1116 761 1233 792 resurget
1249 755 1289 791 ¹⁸;
1306 757 1378 792 quod
1393 757 1504 793 quidem
1518 758 1542 785 si
1556 765 1652 786 omnes
1663 766 1773 793 quoquo

983 802 1051 837 lapsi
1066 802 1208 835 fecissent,
1227 803 1457 838 perfectissimam
1473 809 1500 832 et
1514 809 1572 832 toto
1582 804 1665 833 corde
1679 812 1774 833 susce-

137 864 185 888 τες
200 856 396 890 πεποιήκεσαν,
418 855 590 890 τελειοτάτην
604 855 652 882 καὶ
673 854 827 889 ὀλοκάρδιον
844 853 930 889 μετά-

985 852 1058 883 ptam
1075 849 1264 884 pmnitentiam
1282 849 1475 877 ostendissent.

138 909 214 928 νοιαν
227 900 400 933 ἐνεδείξαντο.

173 943 207 971 θ’.
241 945 297 971 Καὶ
328 945 384 976 τοῖς
425 944 455 972 δὲ
488 944 526 976 ὡς
558 944 593 972 ἃν
626 943 657 977 ἐξ
694 944 777 971 ὕπνου
815 944 929 975 ἑαυτοὺς

138 990 336 1026 παραπηδῶσιν
364 990 404 1022 εις
425 990 471 1018 τὸν
496 990 601 1025 ἀγῶνα,
630 990 760 1017 ὠδίνοντα
787 990 834 1016 καὶ
863 989 928 1025 μέλ-

138 1036 218 1063 λοντα
243 1036 367 1070 ἑλκύσαι,
383 1037 491 1068 ἑαυτοῖς
516 1037 546 1064 δὲ
560 1036 713 1073 πειρασμὸν
734 1036 926 1070 ἐπισπασαμέ-

138 1089 195 1112 νοις
208 1081 428 1117 θαλαττομαχίας
443 1081 491 1109 καὶ
502 1081 601 1116 πολλῆς
617 1082 813 1117 κυματώσεως,
827 1081 928 1117 μᾶλλον

136 1126 166 1153 δὲ
180 1127 227 1153 καὶ
239 1129 296 1159 τοῖς
310 1127 436 1162 ἀδελφοῖς
449 1127 677 1163 προσεκκαιοντες
687 1127 826 1163 ἄνθρακας
838 1127 928 1162 ἀμαρ-

137 1172 242 1206 τωλῶν,
257 1173 304 1200 καὶ
318 1174 411 1206 αὐτοῖς
432 1173 621 1209 κοινωνητέον,
637 1173 685 1200 ἅτε
706 1173 738 1208 δὴ
762 1174 792 1199 ὲν
813 1173 927 1208 ὀνόματι

136 1217 258 1254 Χριστοῦ
272 1219 486 1254 παρερχομένοις
499 1219 539 1251 εις
550 1219 640 1251 τοῦτο,
651 1220 675 1245 ει
690 1219 737 1245 καὶ
748 1218 927 1253 προσέχουσιν

138 1263 223 1292 αὐτοῦ
240 1265 297 1295 τοῖς
314 1264 413 1298 λόγοις,
429 1265 478 1291 καὶ
491 1264 572 1292 πάλιν
587 1265 616 1291 έν
630 1264 696 1300 εὐχῇ
715 1264 806 1298 λέγειν
822 1263 861 1299 τῷ
872 1264 928 1290 Πα-

136 1307 194 1343 cpt,
206 1309 259 1335 Kal.
271 1309 314 1343 μὴ
323 1309 499 1344 εἰσενέγκῃς
511 1308 590 1344 ἡμᾶς
600 1311 643 1342 εὶς
654 1309 831 1343 πειρασμὸν,
847 1308 929 1336 ἀλλὰ

135 1353 230 1388 ῥῦσαι
241 1354 319 1389 ἡμᾶς
329 1354 389 1382 ἀπὸ
403 1354 457 1381 τοῦ
471 1355 615 1389 πονηροῦ·
628 1354 695 1387 ῐσως
702 1354 730 1381 δὲ
739 1354 786 1381 καὶ
800 1354 927 1389 ἀγνοοῦσι

138 1400 188 1431 τὰς
200 1400 348 1435 γενομένας
364 1401 493 1433 πολλάκις
508 1401 695 1437 ἀναχωρήσεις
707 1400 754 1427 τοῦ
770 1401 926 1427 οἰκοδεσπό-

138 1454 186 1472 του
201 1447 249 1473 καὶ
272 1446 434 1473 διδασκάλου
448 1446 526 1482 ἡμῶν
538 1446 592 1473 ἀπὸ
603 1446 657 1472 τῶν
672 1446 802 1473 θελόντων
816 1445 927 1472 ἐπιϐου-

139 1492 245 1518 λεύειν·
266 1492 313 1519 καὶ
331 1492 372 1519 ὅτι
390 1492 446 1518 ἐσθ’
459 1493 503 1519 ὅτε
524 1492 585 1518 οὐδὲ
599 1492 742 1527 παρρησίᾳ
766 1491 928 1526 περιεπάτει

1020 938 1047 966 9.
1067 937 1102 966 iis
1114 946 1224 974 quoque
1238 938 1285 974 qui
1296 943 1426 974 tanquam
1441 947 1473 967 ex
1491 946 1588 967 somno
1605 940 1656 975 ipsi
1673 939 1706 966 ad
1718 945 1773 966 cer-

986 986 1076 1010 tamen
1092 984 1249 1018 parturiens
1261 1004 1268 1017 ,
1284 988 1312 1011 et
1327 984 1435 1011 trahere
1453 984 1596 1016 differens,
1616 983 1772 1019 prosiliunt,

984 1028 1036 1056 sibi
1062 1034 1151 1056 autem
1179 1037 1274 1064 pugna:
1298 1030 1454 1063 maritimae,
1480 1034 1508 1057 et
1531 1029 1623 1057 multa
1649 1029 1772 1057 ﬂuxuutn

985 1073 1172 1101 inuudationis
1186 1074 1363 1101 tentationem
1379 1074 1520 1101 attrahunt
1530 1094 1539 1106 .
1552 1075 1595 1101 vel
1608 1073 1699 1109 potius
1716 1073 1772 1101 fra-

984 1119 1074 1147 tribus
1089 1123 1264 1154 peccatorum
1280 1120 1427 1148 carbonem
1443 1120 1596 1148 accendunt
1606 1139 1621 1161 ,_
1629 1120 1696 1155 ipsis
1708 1128 1775 1154 quo-

985 1172 1038 1200 que
1058 1165 1319 1193 communicandum
1335 1171 1388 1199 est,
1409 1171 1438 1194 ut
1450 1167 1498 1201 qui
1517 1166 1543 1193 in
1564 1166 1673 1193 nomine
1691 1165 1775 1202 449

983 1210 1083 1239 Christi
1107 1211 1142 1239 ad
1168 1211 1195 1239 id
1212 1213 1324 1239 veniant
1340 1221 1348 1240 :
1363 1213 1414 1240 etsi
1432 1213 1514 1240 verba
1534 1213 1595 1247 ejus
1612 1219 1666 1239 non
1687 1212 1776 1239 anim-

984 1255 1137 1287 advertant.
1153 1255 1200 1290 qui
1224 1255 1304 1283 docet
1322 1264 1401 1283 orare
1421 1264 1452 1283 ne
1470 1257 1650 1291 ingrediamur
1669 1256 1696 1283 in
1718 1260 1775 1283 ten-

983 1301 1112 1328 tationem
1125 1301 1158 1332 ",
1175 1306 1203 1328 et
1214 1309 1277 1329 eum
1293 1308 1388 1330 rursus
1402 1302 1429 1329 in
1447 1303 1572 1329 oratione
1583 1302 1655 1329 Patri
1671 1301 1772 1334 dicere,

985 1345 1019 1373 Et
1036 1355 1068 1373 ne
1085 1354 1132 1374 nos
1149 1347 1260 1374 inducas
1278 1348 1307 1374 in
1326 1348 1510 1380 Mutationem,
1529 1348 1575 1375 sed
1590 1348 1672 1375 libera
1691 1356 1738 1374 nos
1758 1357 1774 1374 ιι

985 1392 1055 1419 malo
1070 1393 1104 1420 '°.
1121 1391 1202 1421 Forte
1214 1399 1304 1420 autem
1318 1394 1399 1421 etiam
1418 1393 1544 1428 ignorant
1584 1393 1775 1430 patremfami-

984 1437 1034 1465 lias
1050 1442 1077 1465 et
1092 1437 1238 1465 Dominum
1255 1443 1392 1472 nostrum,
1410 1447 1480 1473 saepe
1491 1439 1525 1466 ab
1539 1438 1572 1466 iis
1585 1439 1630 1473 qui
1653 1439 1692 1466 illi
1710 1439 1774 1466 insi-

984 1483 1053 1510 diari
1065 1483 1204 1518 volebant,
1216 1485 1375 1517 secessisse,
1389 1490 1416 1512 et
1428 1484 1501 1520 quod
1515 1485 1680 1520 quandoque
1690 1485 1772 1512 etiam

139 1537 282 1569 διἀὺτούς
298 1546 304 1553 ·
322 1539 369 1565 καὶ
391 1539 432 1564 ὅτι
452 1538 497 1564 ὅτε
516 1539 530 1564 ό
552 1522 646 1572 καιρὸς
658 1522 707 1565 τοῦ
727 1522 831 1569 πάθους
845 1537 927 1564 αὐτοῦ

985 1529 1066 1557 libere
1089 1529 1161 1564 apud
1184 1537 1232 1557 eos
1263 1537 1318 1557 non
1348 1530 1511 1563 incedebat,
1536 1534 1564 1557 et
1589 1530 1661 1564 quod
1691 1531 1772 1557 etiam

140 1583 336 1617 προσήγγισεν,
352 1582 402 1617 οὐχ
423 1582 518 1609 ἑαυτὸν
534 1583 704 1617 παρέδωκεν,
733 1582 790 1608 ἀλλ’
808 1582 927 1614 ἐδέξατο,

140 1628 192 1660 ἕως
203 1626 284 1663 ἦλθον
300 1629 344 1655 ἐπ’
359 1628 440 1655 αὑτὸν
455 1628 523 1664 μετὰ
542 1628 685 1664 μαχαιρῶν
705 1628 752 1655 καὶ
766 1627 866 1660 ξύλων·
884 1627 928 1653 λέ-

140 1680 185 1706 γει
215 1672 280 1706 γοῦν
298 1672 366 1707 πρὸς
393 1671 501 1704 αὐτούς’
519 1673 565 1706 Ὠς
582 1673 632 1699 ἐπὶ
648 1672 770 1706 λῃστὴν
785 1671 928 1704 ἐξήλθετε

136 1719 212 1752 μετὰ
226 1718 383 1753 μαχαιρῶν
401 1718 452 1745 καὶ
465 1718 566 1751 ξύλων
580 1718 747 1745 συλλαϐεῖν
756 1726 794 1752 με
810 1725 816 1732 ·
832 1717 862 1744 οἳ
879 1717 928 1744 καὶ

140 1763 317 1797 παρέδωκαν
334 1765 438 1796 αὐτὸν,
455 1763 540 1799 φησὶ,
556 1763 673 1795 Πιλὰτφ
683 1771 690 1778 ·
705 1763 766 1790 καθ’
784 1763 928 1797 ὁμοιότητα

140 1809 206 1844 γοῖν
218 1809 312 1842 αὑτοῦ,
326 1810 374 1837 καὶ
384 1811 409 1836 οἱ
428 1810 499 1836 κατὰ
513 1810 613 1837 σκοπὸν
627 1808 710 1836 αὑτοῦ
728 1809 864 1843 βαίνοντες
878 1817 928 1834 πε-

140 1855 267 1888 πόνθασι,
286 1856 456 1891 μεμνημένοι
476 1855 531 1882 τῶν
547 1855 627 1882 θείων
641 1854 723 1881 αὑτοῦ
735 1854 832 1888 λόγων,
844 1854 877 1881 δι’
891 1851 928 1881 ὧν

139 1900 325 1937 ἐπιστηρίζων
343 1902 419 1937 ἡμᾶς
439 1902 504 1936 περὶ
512 1901 567 1928 τῶν
581 1900 710 1936 διωγμῶν
723 1900 797 1934 λέγει
807 1907 815 1915 ·
831 1901 928 1934 Προσ-

138 1947 223 1981 έχετε
228 1947 355 1981 ἑαυτοῖς·
363 1947 577 1983 παραδώσουσι
585 1948 640 1981 γὰρ
645 1946 722 1981 ὑμᾶς
727 1947 770 1980 εις
776 1946 930 1980 συνέδρια,

139 1994 190 2021 καὶ
197 1994 232 2021 ἐν
240 1994 304 2027 ταῖς
309 1994 498 2029 σαναγωγαῖς
504 1993 831 2028 αὑτῶνμαστιγώσουσι
841 1993 929 2027 ὑμᾶς’

138 2039 355 2073 παραδώσουσι
365 2040 399 2066 ’δὲ
416 2038 503 2072 εἶπεν,
516 2039 572 2065 ἀλλ’
588 2039 657 2073 οὐχὶ,
669 2039 785 2070 ἑαυτοὺς
802 2038 930 2073 παραδώ-

140 2092 203 2111 σετε
213 2092 220 2100 ·
229 2085 278 2112 καὶ
286 2085 491 2120 ἐπὶὴγεμόνας
499 2085 537 2116 δὲ,
548 2084 625 2119 φησὶ,
633 2084 681 2110 καὶ
689 2084 831 2116 βασιλεῖς
837 2083 930 2118 ἀχθή-

139 2133 235 2159 σεσθε
249 2130 298 2158 διὰ
313 2131 344 2157 τὸ
355 2131 449 2164 ὄνομά
460 2140 530 2164 μου,
551 2130 608 2157 ἀλλ’
623 2131 694 2165 οὐχὶ,
708 2131 820 2161 ἑαυτοὺς
832 2129 909 2162 ἄξετε
923 2137 930 2144 ·

983 1575 1094 1610 quando
1116 1576 1252 1610 passionis
1275 1580 1382 1611 tempus
1402 1576 1644 1611 appropinquavit,
1669 1583 1722 1603 non
1744 1583 1774 1603 se

983 1621 1074 1656 ipsum
1091 1622 1212 1654 tradidit,
1226 1622 1273 1650 sed
1287 1623 1455 1657 exspectavit
1469 1623 1556 1650 donec
1575 1623 1608 1649 ad
1621 1630 1684 1650 eum
1700 1624 1775 1650 veni-

983 1671 1046 1694 rent
1065 1675 1127 1695 cum
1145 1667 1241 1702 gladiis
1260 1672 1288 1695 et
1305 1667 1432 1695 fustibus.
1457 1667 1526 1694 Dicit
1545 1675 1611 1702 ergo
1625 1669 1685 1695 eis:
1703 1667 1774 1695 Tun-

983 1721 1061 1748 quam
1073 1712 1108 1739 ad
1122 1712 1250 1739 latronem
1264 1713 1366 1739 exiistt's
1376 1721 1435 1739 cum
1450 1712 1547 1748 gladiis
1557 1717 1582 1739 et
1597 1713 1710 1747 fustibus
1735 1713 1769 1739 ad

984 1767 1024 1785 me
1056 1758 1327 1793 comprehendendum
1350 1758 1383 1785 “.
1418 1758 1470 1791 Qui
1498 1758 1580 1785 etiam
1607 1758 1773 1785 tradiderunt

983 1809 1087 1841 ipsum,
1104 1809 1207 1843 inquit,
1232 1809 1320 1836 Pilato
1334 1810 1367 1835 ι’.
1387 1808 1428 1835 Ad
1443 1809 1503 1843 ejus
1519 1815 1628 1843 quoque
1644 1808 1774 1835 similitu-

983 1855 1073 1882 dinem
1086 1855 1119 1882 iis
1136 1855 1246 1888 accidit,
1262 1855 1309 1890 qui
1322 1855 1382 1890 ejus
1399 1862 1513 1889 scopum
1525 1855 1576 1882 sibi
1589 1856 1774 1890 proponentes

984 1901 1124 1933 incedunt,
1137 1902 1292 1929 divinorum
1306 1902 1366 1937 ejus
1386 1902 1534 1929 verborum
1551 1902 1697 1934 recordati,
1716 1903 1774 1937 qui-

986 1948 1036 1974 bus
1051 1955 1102 1974 nos
1115 1949 1291 1981 conlirmans,
1305 1948 1339 1975 de
1359 1948 1596 1983 persecutionibus
1616 1949 1682 1976 dicit
1699 1958 1705 1976 :
1723 1949 1773 1976 Αι-

985 1994 1082 2021 tendite
1106 1994 1177 2021 vobis
1201 1995 1266 2028 ipsis
1279 2003 1288 2021 :
1304 1994 1407 2021 tradent
1423 1996 1493 2022 enim
1508 2003 1552 2022 vos
1567 1997 1594 2021 in
1610 1996 1730 2026 concilia.
1747 2000 1774 2023 et

986 2040 1013 2066 in
1026 2040 1080 2066 suis
1096 2041 1236 2075 synagogis
1251 2048 1294 2067 vos
1308 2041 1479 2075 ﬂagellabunl
1494 2041 1527 2068 “.
1545 2041 1659 2068 Tradenl
1672 2047 1773 2076 autem,

985 2085 1063 2118 dixit,
1088 2093 1155 2117 non,
1180 2093 1228 2113 vos
1254 2086 1327 2120 ipsos
1349 2086 1483 2114 tradetis:
1499 2091 1524 2113 et
1541 2087 1575 2113 ad
1596 2087 1727 2121 principes
1749 2092 1775 2114 et

987 2138 1058 2165 reges
1081 2130 1214 2158 ducemini
1235 2136 1341 2165 propter
1365 2139 1457 2158 nomen
1482 2139 1567 2158 meum
1586 2131 1619 2163 “,
1636 2138 1703 2163 non.
1725 2139 1775 2160 vos

140 2176 203 2203 ἐπεὶ
217 2177 265 2202 καὶ
275 2177 432 2212 μεταπηδᾷν
447 2177 520 2212 ἡμᾶς
532 2176 656 2212 βούλεται
670 2176 724 2203 ἀπὸ
737 2176 828 2203 τόπων
838 2177 878 2208 εις
890 2177 930 2203 τό-

987 2176 1058 2210 ipsos
1071 2176 1185 2204 ducetis.
1199 2176 1266 2203 Nam
1282 2184 1332 2204 nos
1346 2184 1456 2212 quoque
1469 2177 1526 2204 vult
1539 2184 1554 2204 a
1570 2177 1628 2204 loco
1643 2178 1670 2205 in
1685 2178 1774 2205 locum

141 2230 209 2255 πους
221 2222 402 2257 διωκομένους
410 2223 453 2249 διὰ
463 2222 493 2249 τδ
505 2223 590 2257 ὄνομα
600 2222 693 2249 αὑτοῦ·
701 2222 739 2254 ὡς
747 2222 828 2249 πάλιν
841 2222 937 2249 ἀκούο-

142 2275 194 2302 μεν
212 2266 294 2293 αὐτοῦ
311 2267 435 2302 λέγοντος
445 2274 453 2282 ⁸
464 2267 518 2294 Καὶ
531 2266 604 2293 ὅταν
617 2266 765 2294 διώκωσιν
775 2266 852 2300 ὑμᾶς
859 2266 937 2301 ὲντῇ

140 2314 230 2340 πόλει
244 2314 347 2348 ταύτῃ,
363 2314 489 2348 φεύγετε
503 2314 547 2346 εὶς
563 2313 621 2346 τὴν
639 2313 754 2346 ἑτέραν·
771 2313 801 2339 οὐ
820 2313 873 2348 γὰρ
889 2313 933 2339 θέ-

140 2360 184 2386 λει
202 2359 361 2395 αὐτομολεῖν
382 2360 456 2395 ἡμᾶς
483 2360 551 2394 πρὸς
580 2359 643 2389 τοὶς
669 2359 717 2385 τοῦ
742 2359 866 2385 διασόλου
881 2359 934 2386 ιἰπ⁴

142 2407 280 2438 ασπιστὰς
296 2407 343 2433 καὶ
367 2406 542 2442 δορυφόρους,
566 2406 639 2437 ὅπως
666 2406 704 2441 μὴ
735 2406 781 2432 καὶ
804 2405 935 2432 πλειόνων

143 2451 268 2478 θανάτων
282 2452 363 2479 αι’τιηι
377 2452 470 2484 αὐτοῖς
486 2451 642 2487 γενώμεθα,
657 2451 694 2483 ὡς
710 2451 743 2478 ἂν
757 2451 933 2485 καταναγκά-

142 2489 235 2529 (oves;
259 2498 358 2528 αὐτοὺς
382 2497 482 2532 μᾶλλον
508 2496 764 2533 κατατραχύνεσθαι
786 2497 833 2523 καὶ
859 2496 934 2522 τελε-

143 2544 282 2578 σιουργεϊν
295 2543 329 2570 τὰ
344 2543 519 2578 θανατηφόρα
534 2543 612 2578 ἔργα,
638 2542 695 2570 ἀλλ’
709 2543 868 2578 ἐκδέχεσθαι
885 2542 933 2569 καὶ

143 2589 288 2624 προσέχειν
297 2590 412 2623 ἑαυτοῖς,
422 2589 585 2625 Γρηγορεῖν
597 2598 630 2616 τε
640 2589 689 2617 καὶ
700 2589 938 2624 προσεύχεσθαι,

142 2634 194 2661 ἵνα
207 2635 250 2669 μὴ
262 2635 443 2670 εἰσέλθωμεν
457 2636 501 2668 εις
510 2635 676 2670 πειρασμόν
685 2642 694 2650 ο
717 2633 789 2661 οὕτω
802 2635 939 2669 Στέφανος

145 2679 265 2714 πρῶτος,
285 2682 345 2707 κατ’
357 2681 430 2717 ἴχνος
451 2681 534 2707 αὐτοῦ
548 2681 700 2716 μαρτύριον
724 2680 937 2716 ἀναδεξάμενος,

144 2726 175 2752 ἐν
195 2726 393 2762 Ἰεροσολύμοις
408 2727 608 2763 συναρπασθεὶς
621 2727 673 2754 ὑπὸ
689 2726 744 2753 τῶν
759 2727 937 2762 παρανόμων,

185 2782 208 2819 ff
221 2782 335 2819 Philipp.
365 2791 406 2816 In,
438 2784 481 2812 id.
536 2783 557 2799 "
572 2783 651 2810 Prov.
681 2791 757 2817 μιν,
789 2783 832 2810 16.

146 2816 170 2833 ⁸·
185 2817 281 2846 Matth.
293 2816 383 2853 'x'xvn,
397 2819 424 2846 2.
472 2819 494 2834 ’³
510 2818 603 2846 Matth.
629 2827 644 2845 x
655 2839 663 2851 ,
692 2819 734 2846 ΓΙ.

987 2223 1134 2256 transilire,
1150 2223 1214 2250 dum
1238 2228 1302 2251 sunt
1325 2224 1370 2258 qui
1386 2231 1437 2251 nos
1453 2228 1652 2258 persequuntur
1666 2228 1776 2259 propter

987 2277 1085 2296 nomen
1102 2271 1171 2302 ejus.
1187 2269 1265 2296 Sicut
1282 2277 1379 2297 rursus
1393 2277 1455 2297 eum
1473 2270 1605 2297 diCentem
1623 2270 1750 2298 audimus
1765 2278 1774 2299 :

988 2314 1020 2341 Et
1035 2315 1140 2350 quando
1164 2323 1208 2342 vos
1229 2316 1257 2342 in
1275 2316 1324 2343 hac
1340 2316 1445 2343 civitate
1460 2316 1589 2351 persecuti
1604 2315 1711 2350 fuerint,
1734 2315 1778 2351 fu-

985 2362 1037 2396 gite
1052 2361 1077 2387 in
1092 2361 1175 2388 aliam
1189 2361 1223 2389 ".
1239 2361 1297 2388 Non
1310 2362 1367 2389 vult
1379 2362 1451 2389 enim
1468 2369 1517 2390 nos
1529 2361 1562 2389 ad
1574 2356 1675 2390 diaboli
1691 2363 1777 2398 stipa-

986 2412 1059 2434 tores
1071 2407 1255 2442 satellitesque
1271 2408 1426 2444 conlugere,
1441 2416 1474 2435 ne
1487 2408 1551 2442 ipsis
1563 2416 1671 2443 quoque
1686 2409 1778 2436 multi-

988 2453 1064 2480 l'aria:
1085 2453 1181 2480 mortis
1203 2461 1286 2481 causa
1302 2453 1399 2486 simus,
1413 2459 1443 2481 ut
1464 2453 1510 2489 qni
1526 2454 1600 2489 ipsos
1613 2458 1641 2482 et
1653 2455 1777 2489 asperio-

987 2505 1031 2526 rcs
1044 2506 1104 2526 esse
1118 2506 1258 2533 cogamus,
1271 2503 1299 2526 et
1313 2506 1394 2534 opera
1409 2499 1548 2527 mortifera
1566 2507 1696 2535 peragere
1709 2509 1716 2527 :
1729 2501 1777 2528 scd

986 2548 1155 2578 exspectare,
1168 2547 1195 2571 et
1213 2543 1292 2571 nobis
1307 2551 1414 2577 cavere,
1429 2544 1587 2580 vigilareque
1600 2550 1625 2572 et
1644 2553 1730 2578 orare,
1746 2553 1778 2572 ne

986 2589 1116 2616 intremus
1137 2589 1164 2616 in
1184 2589 1354 2616 tentationem
1376 2589 1408 2615 ".
1433 2590 1472 2617 Ita
1488 2590 1642 2625 Stephanus
1660 2590 1776 2625 primus.

987 2635 1047 2670 ejus
1072 2635 1192 2670 vestigiis
1209 2634 1355 2668 insistens,
1371 2634 1454 2671 450
1478 2636 1638 2672 martyrium
1662 2643 1775 2670 passus,

987 2680 1183 2716 Hierosolymis
1205 2680 1239 2708 ab
1253 2680 1353 2715 iniquis
1367 2686 1518 2716 correptus,
1536 2687 1562 2709 et
1584 2682 1610 2708 in
1629 2681 1776 2709 concilium

987 2727 1096 2760 ductus,
1114 2726 1251 2761 lapidibus
1266 2727 1393 2760 obrutus,
1409 2726 1437 2754 in
1453 2727 1563 2755 nomine
1576 2727 1677 2755 Christi
1692 2726 1777 2762 glori-

790 2783 832 2810 16.
880 2785 900 2800 η
917 2784 930 2810 Β

790 2819 812 2834 ⁵⁵
828 2819 892 2846 ibid.
913 2820 930 2846 ii

985 2785 1012 2812 Ιι.
1030 2792 1106 2815 nrt.
1123 2783 1168 2811 41.
1206 2785 1229 2801 ὀ
1238 2783 1332 2812 Matth.
1352 2793 1390 2817 vr,
1408 2785 1450 2812 l5.
1489 2787 1512 2802 “
1529 2786 1623 2815 Matth.
1638 2795 1712 2821 xxvr,
1725 2788 1770 2819 56.

1008 2820 1030 2836 "
1047 2819 1112 2846 ibid.
1140 2819 1186 2846 23.
1242 2820 1264 2835 '°
1277 2819 1372 2846 Matth.
1392 2829 1466 2846 xxvr.
1490 2821 1534 2846 47.

1008 2820 1030 2836 ³⁵
1047 2819 1112 2846 ibid.
1140 2819 1186 2846 23.
1242 2820 1264 2835 '°
1277 2819 1372 2848 Matth.
1392 2829 1466 2853 χχιιι.
1490 2821 1534 2849 47.
