  <div class='ocr_page' id='page_1' title='image "/cluster/home/n/w/nwhite01/storage/ocr_20150623/104/njp.32101077772885/479.png"; bbox 0 0 1956 3049; ppageno 0'>
   <div class='ocr_carea' id='block_1_1' title="bbox 179 126 231 158">
    <p class='ocr_par' dir='ltr' id='par_1_1' title="bbox 179 126 231 158">
     <span class='ocr_line' id='line_1_1' title="bbox 179 126 231 158; baseline -0.038 0"><span class='ocrx_word' id='word_1_1' title='bbox 179 126 231 158; x_wconf 67' lang='grc'><strong>943</strong></span> 
     </span>
    </p>
   </div>
   <div class='ocr_carea' id='block_1_2' title="bbox 176 178 1007 217">
    <p class='ocr_par' dir='ltr' id='par_1_2' title="bbox 176 178 1007 217">
     <span class='ocr_line' id='line_1_2' title="bbox 176 178 1007 217; baseline -0.007 -7"><span class='ocrx_word' id='word_1_2' title='bbox 176 185 274 211; x_wconf 85' lang='lat' dir='ltr'><strong>ticatus</strong></span> <span class='ocrx_word' id='word_1_3' title='bbox 292 186 342 215; x_wconf 84' lang='lat' dir='ltr'><strong>est,</strong></span> <span class='ocrx_word' id='word_1_4' title='bbox 362 189 473 217; x_wconf 78' lang='lat' dir='ltr'><strong>rogans.</strong></span> <span class='ocrx_word' id='word_1_5' title='bbox 493 185 521 208; x_wconf 92' lang='lat' dir='ltr'><strong>et</strong></span> <span class='ocrx_word' id='word_1_6' title='bbox 537 181 630 208; x_wconf 88' lang='lat' dir='ltr'><strong>dicens</strong></span> <span class='ocrx_word' id='word_1_7' title='bbox 647 188 654 206; x_wconf 87' lang='lat'><strong>:</strong></span> <span class='ocrx_word' id='word_1_8' title='bbox 675 178 795 212; x_wconf 81' lang='lat' dir='ltr'><strong>Domine,</strong></span> <span class='ocrx_word' id='word_1_9' title='bbox 813 188 845 206; x_wconf 79' lang='lat' dir='ltr'><strong>ne</strong></span> <span class='ocrx_word' id='word_1_10' title='bbox 864 184 968 206; x_wconf 79' lang='lat' dir='ltr'><strong>statuas</strong></span> <span class='ocrx_word' id='word_1_11' title='bbox 984 181 1007 209; x_wconf 78' lang='grc' dir='ltr'><strong>Α</strong></span> 
     </span>
    </p>
   </div>
   <div class='ocr_carea' id='block_1_3' title="bbox 172 224 969 263">
    <p class='ocr_par' dir='ltr' id='par_1_3' title="bbox 172 224 969 263">
     <span class='ocr_line' id='line_1_3' title="bbox 172 224 969 263; baseline -0.008 -6"><span class='ocrx_word' id='word_1_12' title='bbox 172 229 229 257; x_wconf 69' lang='lat' dir='ltr'><strong>illi:</strong></span> <span class='ocrx_word' id='word_1_13' title='bbox 252 229 300 256; x_wconf 84' lang='lat' dir='ltr'><strong>hoc</strong></span> <span class='ocrx_word' id='word_1_14' title='bbox 315 233 452 263; x_wconf 81' lang='lat' dir='ltr'><strong>peccatum</strong></span> <span class='ocrx_word' id='word_1_15' title='bbox 472 227 505 254; x_wconf 79' lang='grc'><strong>’⁷.</strong></span> <span class='ocrx_word' id='word_1_16' title='bbox 523 225 560 253; x_wconf 89' lang='lat' dir='ltr'><strong>lta</strong></span> <span class='ocrx_word' id='word_1_17' title='bbox 583 225 700 254; x_wconf 82' lang='lat' dir='ltr'><strong>Jacobus</strong></span> <span class='ocrx_word' id='word_1_18' title='bbox 718 225 853 253; x_wconf 83' lang='lat' dir='ltr'><strong>secundus</strong></span> <span class='ocrx_word' id='word_1_19' title='bbox 867 226 901 252; x_wconf 90' lang='lat' dir='ltr'><strong>ab</strong></span> <span class='ocrx_word' id='word_1_20' title='bbox 917 224 969 252; x_wconf 89' lang='lat' dir='ltr'><strong>lle-</strong></span> 
     </span>
    </p>
   </div>
   <div class='ocr_carea' id='block_1_4' title="bbox 172 272 968 310">
    <p class='ocr_par' dir='ltr' id='par_1_4' title="bbox 172 272 968 310">
     <span class='ocr_line' id='line_1_4' title="bbox 172 272 968 310; baseline -0.006 -6"><span class='ocrx_word' id='word_1_21' title='bbox 172 276 240 304; x_wconf 85' lang='lat' dir='ltr'><strong>rode</strong></span> <span class='ocrx_word' id='word_1_22' title='bbox 255 275 480 310; x_wconf 85' lang='lat' dir='ltr'><strong>comprehensus,</strong></span> <span class='ocrx_word' id='word_1_23' title='bbox 499 274 587 310; x_wconf 83' lang='lat' dir='ltr'><strong>gladio</strong></span> <span class='ocrx_word' id='word_1_24' title='bbox 604 274 693 308; x_wconf 88' lang='lat' dir='ltr'><strong>capite</strong></span> <span class='ocrx_word' id='word_1_25' title='bbox 706 277 848 300; x_wconf 86' lang='lat' dir='ltr'><strong>truncatus</strong></span> <span class='ocrx_word' id='word_1_26' title='bbox 863 277 914 300; x_wconf 86' lang='lat' dir='ltr'><strong>est.</strong></span> <span class='ocrx_word' id='word_1_27' title='bbox 931 272 968 299; x_wconf 87' lang='lat' dir='ltr'><strong>Ita</strong></span> 
     </span>
    </p>
   </div>
   <div class='ocr_carea' id='block_1_5' title="bbox 175 317 966 356">
    <p class='ocr_par' dir='ltr' id='par_1_5' title="bbox 175 317 966 356">
     <span class='ocr_line' id='line_1_5' title="bbox 175 317 966 356; baseline -0.005 -7"><span class='ocrx_word' id='word_1_28' title='bbox 175 322 271 349; x_wconf 86' lang='lat' dir='ltr'><strong>Petrus</strong></span> <span class='ocrx_word' id='word_1_29' title='bbox 290 320 477 356; x_wconf 81' lang='lat' dir='ltr'><strong>apostolorum</strong></span> <span class='ocrx_word' id='word_1_30' title='bbox 502 319 620 355; x_wconf 87' lang='lat' dir='ltr'><strong>primus,</strong></span> <span class='ocrx_word' id='word_1_31' title='bbox 646 326 717 353; x_wconf 84' lang='lat' dir='ltr'><strong>saepe</strong></span> <span class='ocrx_word' id='word_1_32' title='bbox 741 317 966 352; x_wconf 84' lang='lat' dir='ltr'><strong>comprehensus.</strong></span> 
     </span>
    </p>
   </div>
   <div class='ocr_carea' id='block_1_6' title="bbox 173 363 969 400">
    <p class='ocr_par' dir='ltr' id='par_1_6' title="bbox 173 363 969 400">
     <span class='ocr_line' id='line_1_6' title="bbox 173 363 969 400; baseline -0.006 -6"><span class='ocrx_word' id='word_1_33' title='bbox 173 371 200 394; x_wconf 79' lang='lat' dir='ltr'><strong>et</strong></span> <span class='ocrx_word' id='word_1_34' title='bbox 226 366 358 394; x_wconf 70' lang='lat' dir='ltr'><strong>custodiae</strong></span> <span class='ocrx_word' id='word_1_35' title='bbox 383 366 515 398; x_wconf 90' lang='lat' dir='ltr'><strong>traditus,</strong></span> <span class='ocrx_word' id='word_1_36' title='bbox 541 364 743 400; x_wconf 79' lang='lat' dir='ltr'><strong>ignominiaque</strong></span> <span class='ocrx_word' id='word_1_37' title='bbox 769 363 898 395; x_wconf 73' lang='lat' dir='ltr'><strong>allectus,</strong></span> <span class='ocrx_word' id='word_1_38' title='bbox 920 370 969 397; x_wconf 91' lang='lat' dir='ltr'><strong>po-</strong></span> 
     </span>
    </p>
   </div>
   <div class='ocr_carea' id='block_1_7' title="bbox 174 408 969 443">
    <p class='ocr_par' dir='ltr' id='par_1_7' title="bbox 174 408 969 443">
     <span class='ocr_line' id='line_1_7' title="bbox 174 408 969 443; baseline -0.005 -5"><span class='ocrx_word' id='word_1_39' title='bbox 174 417 279 439; x_wconf 82' lang='lat' dir='ltr'><strong>stremo</strong></span> <span class='ocrx_word' id='word_1_40' title='bbox 296 411 390 439; x_wconf 71' lang='lat' dir='ltr'><strong>Roma:</strong></span> <span class='ocrx_word' id='word_1_41' title='bbox 407 410 555 438; x_wconf 81' lang='lat' dir='ltr'><strong>cruciﬁxus</strong></span> <span class='ocrx_word' id='word_1_42' title='bbox 573 414 624 438; x_wconf 87' lang='lat' dir='ltr'><strong>est.</strong></span> <span class='ocrx_word' id='word_1_43' title='bbox 650 410 781 436; x_wconf 85' lang='lat' dir='ltr'><strong>Similiter</strong></span> <span class='ocrx_word' id='word_1_44' title='bbox 800 413 827 436; x_wconf 86' lang='lat' dir='ltr'><strong>et</strong></span> <span class='ocrx_word' id='word_1_45' title='bbox 851 408 969 443; x_wconf 85' lang='lat' dir='ltr'><strong>inclytus</strong></span> 
     </span>
    </p>
   </div>
   <div class='ocr_carea' id='block_1_8' title="bbox 174 454 969 492">
    <p class='ocr_par' dir='ltr' id='par_1_8' title="bbox 174 454 969 492">
     <span class='ocr_line' id='line_1_8' title="bbox 174 454 969 492; baseline -0.005 -8"><span class='ocrx_word' id='word_1_46' title='bbox 174 458 287 491; x_wconf 75' lang='lat' dir='ltr'><strong>Paulus,</strong></span> <span class='ocrx_word' id='word_1_47' title='bbox 305 465 376 492; x_wconf 58' lang='lat' dir='ltr'><strong>saepe</strong></span> <span class='ocrx_word' id='word_1_48' title='bbox 394 457 520 490; x_wconf 90' lang='lat' dir='ltr'><strong>traditus,</strong></span> <span class='ocrx_word' id='word_1_49' title='bbox 538 460 565 484; x_wconf 77' lang='lat' dir='ltr'><strong>et</strong></span> <span class='ocrx_word' id='word_1_50' title='bbox 581 457 614 484; x_wconf 89' lang='lat' dir='ltr'><strong>ad</strong></span> <span class='ocrx_word' id='word_1_51' title='bbox 636 461 752 483; x_wconf 91' lang='lat' dir='ltr'><strong>mortem</strong></span> <span class='ocrx_word' id='word_1_52' title='bbox 771 462 857 490; x_wconf 88' lang='lat' dir='ltr'><strong>usque</strong></span> <span class='ocrx_word' id='word_1_53' title='bbox 873 454 901 481; x_wconf 90' lang='lat' dir='ltr'><strong>iu</strong></span> <span class='ocrx_word' id='word_1_54' title='bbox 921 462 969 488; x_wconf 88' lang='lat' dir='ltr'><strong>pe-</strong></span> 
     </span>
    </p>
   </div>
   <div class='ocr_carea' id='block_1_9' title="bbox 175 498 968 535">
    <p class='ocr_par' dir='ltr' id='par_1_9' title="bbox 175 498 968 535">
     <span class='ocr_line' id='line_1_9' title="bbox 175 498 968 535; baseline -0.006 -5"><span class='ocrx_word' id='word_1_55' title='bbox 175 503 294 530; x_wconf 87' lang='lat' dir='ltr'><strong>rieulum</strong></span> <span class='ocrx_word' id='word_1_56' title='bbox 317 503 470 535; x_wconf 86' lang='lat' dir='ltr'><strong>adductus,</strong></span> <span class='ocrx_word' id='word_1_57' title='bbox 496 503 581 529; x_wconf 84' lang='lat' dir='ltr'><strong>multa</strong></span> <span class='ocrx_word' id='word_1_58' title='bbox 610 501 682 529; x_wconf 86' lang='lat' dir='ltr'><strong>mala</strong></span> <span class='ocrx_word' id='word_1_59' title='bbox 708 507 870 535; x_wconf 85' lang='lat' dir='ltr'><strong>perpessus,</strong></span> <span class='ocrx_word' id='word_1_60' title='bbox 889 503 917 526; x_wconf 89' lang='lat' dir='ltr'><strong>et</strong></span> <span class='ocrx_word' id='word_1_61' title='bbox 941 498 968 525; x_wconf 94' lang='lat' dir='ltr'><strong>in</strong></span> 
     </span>
    </p>
   </div>
   <div class='ocr_carea' id='block_1_10' title="bbox 176 545 968 584">
    <p class='ocr_par' dir='ltr' id='par_1_10' title="bbox 176 545 968 584">
     <span class='ocr_line' id='line_1_10' title="bbox 176 545 968 584; baseline -0.005 -9"><span class='ocrx_word' id='word_1_62' title='bbox 176 549 270 577; x_wconf 86' lang='lat' dir='ltr'><strong>multis</strong></span> <span class='ocrx_word' id='word_1_63' title='bbox 294 549 532 584; x_wconf 80' lang='lat' dir='ltr'><strong>persecutionibus</strong></span> <span class='ocrx_word' id='word_1_64' title='bbox 555 547 803 581; x_wconf 81' lang='lat' dir='ltr'><strong>alliictionibusque</strong></span> <span class='ocrx_word' id='word_1_65' title='bbox 825 545 968 581; x_wconf 76' lang='lat' dir='ltr'><strong>gloriatus,</strong></span> 
     </span>
    </p>
   </div>
   <div class='ocr_carea' id='block_1_11' title="bbox 176 590 970 628">
    <p class='ocr_par' dir='ltr' id='par_1_11' title="bbox 176 590 970 628">
     <span class='ocr_line' id='line_1_11' title="bbox 176 590 970 628; baseline -0.008 -6"><span class='ocrx_word' id='word_1_66' title='bbox 176 595 203 622; x_wconf 91' lang='lat' dir='ltr'><strong>in</strong></span> <span class='ocrx_word' id='word_1_67' title='bbox 217 594 310 622; x_wconf 82' lang='lat' dir='ltr'><strong>eadem</strong></span> <span class='ocrx_word' id='word_1_68' title='bbox 326 593 393 621; x_wconf 85' lang='lat' dir='ltr'><strong>urbe</strong></span> <span class='ocrx_word' id='word_1_69' title='bbox 410 594 468 628; x_wconf 89' lang='lat' dir='ltr'><strong>ipse</strong></span> <span class='ocrx_word' id='word_1_70' title='bbox 485 600 595 627; x_wconf 87' lang='lat' dir='ltr'><strong>quoque</strong></span> <span class='ocrx_word' id='word_1_71' title='bbox 618 591 708 627; x_wconf 86' lang='lat' dir='ltr'><strong>gladio</strong></span> <span class='ocrx_word' id='word_1_72' title='bbox 729 591 818 626; x_wconf 87' lang='lat' dir='ltr'><strong>capite</strong></span> <span class='ocrx_word' id='word_1_73' title='bbox 839 590 970 617; x_wconf 91' lang='lat' dir='ltr'><strong>multatus</strong></span> 
     </span>
    </p>
   </div>
   <div class='ocr_carea' id='block_1_12' title="bbox 174 635 969 675">
    <p class='ocr_par' dir='ltr' id='par_1_12' title="bbox 174 635 969 675">
     <span class='ocr_line' id='line_1_12' title="bbox 174 635 969 675; baseline -0.008 -8"><span class='ocrx_word' id='word_1_74' title='bbox 174 645 233 674; x_wconf 83' lang='lat' dir='ltr'><strong>est;</strong></span> <span class='ocrx_word' id='word_1_75' title='bbox 256 639 303 675; x_wconf 92' lang='lat' dir='ltr'><strong>qui</strong></span> <span class='ocrx_word' id='word_1_76' title='bbox 326 639 353 666; x_wconf 92' lang='lat' dir='ltr'><strong>in</strong></span> <span class='ocrx_word' id='word_1_77' title='bbox 369 639 468 674; x_wconf 86' lang='lat' dir='ltr'><strong>quibus</strong></span> <span class='ocrx_word' id='word_1_78' title='bbox 483 638 617 674; x_wconf 80' lang='lat' dir='ltr'><strong>gloriatus</strong></span> <span class='ocrx_word' id='word_1_79' title='bbox 633 642 686 670; x_wconf 86' lang='lat' dir='ltr'><strong>est,</strong></span> <span class='ocrx_word' id='word_1_80' title='bbox 703 638 763 671; x_wconf 89' lang='lat' dir='ltr'><strong>ipse</strong></span> <span class='ocrx_word' id='word_1_81' title='bbox 779 637 806 664; x_wconf 93' lang='lat' dir='ltr'><strong>in</strong></span> <span class='ocrx_word' id='word_1_82' title='bbox 821 636 863 663; x_wconf 86' lang='lat' dir='ltr'><strong>’iis</strong></span> <span class='ocrx_word' id='word_1_83' title='bbox 885 635 969 662; x_wconf 87' lang='lat' dir='ltr'><strong>vitam</strong></span> 
     </span>
    </p>
   </div>
   <div class='ocr_carea' id='block_1_13' title="bbox 175 685 969 721">
    <p class='ocr_par' dir='ltr' id='par_1_13' title="bbox 175 685 969 721">
     <span class='ocr_line' id='line_1_13' title="bbox 175 685 969 721; baseline -0.009 -7"><span class='ocrx_word' id='word_1_84' title='bbox 175 687 251 720; x_wconf 84' lang='lat' dir='ltr'><strong>ﬁuit;</strong></span> <span class='ocrx_word' id='word_1_85' title='bbox 268 691 295 713; x_wconf 90' lang='lat' dir='ltr'><strong>et</strong></span> <span class='ocrx_word' id='word_1_86' title='bbox 308 687 381 721; x_wconf 87' lang='lat' dir='ltr'><strong>quod</strong></span> <span class='ocrx_word' id='word_1_87' title='bbox 398 686 522 712; x_wconf 84' lang='lat' dir='ltr'><strong>Damasci</strong></span> <span class='ocrx_word' id='word_1_88' title='bbox 540 685 568 712; x_wconf 94' lang='lat' dir='ltr'><strong>in</strong></span> <span class='ocrx_word' id='word_1_89' title='bbox 586 688 679 719; x_wconf 88' lang='lat' dir='ltr'><strong>sporta</strong></span> <span class='ocrx_word' id='word_1_90' title='bbox 695 687 776 710; x_wconf 87' lang='lat' dir='ltr'><strong>noctu</strong></span> <span class='ocrx_word' id='word_1_91' title='bbox 794 690 840 717; x_wconf 86' lang='lat' dir='ltr'><strong>per</strong></span> <span class='ocrx_word' id='word_1_92' title='bbox 859 688 969 708; x_wconf 90' lang='lat' dir='ltr'><strong>murum</strong></span> 
     </span>
    </p>
   </div>
   <div class='ocr_carea' id='block_1_14' title="bbox 175 728 971 765">
    <p class='ocr_par' dir='ltr' id='par_1_14' title="bbox 175 728 971 765">
     <span class='ocr_line' id='line_1_14' title="bbox 175 728 971 765; baseline -0.01 -5"><span class='ocrx_word' id='word_1_93' title='bbox 175 733 313 760; x_wconf 84' lang='lat' dir='ltr'><strong>demissus</strong></span> <span class='ocrx_word' id='word_1_94' title='bbox 328 736 380 764; x_wconf 85' lang='lat' dir='ltr'><strong>est,</strong></span> <span class='ocrx_word' id='word_1_95' title='bbox 395 736 422 759; x_wconf 88' lang='lat' dir='ltr'><strong>et</strong></span> <span class='ocrx_word' id='word_1_96' title='bbox 437 730 530 765; x_wconf 83' lang='lat' dir='ltr'><strong>ell&#39;ugit</strong></span> <span class='ocrx_word' id='word_1_97' title='bbox 546 730 606 765; x_wconf 86' lang='lat' dir='ltr'><strong>ejus</strong></span> <span class='ocrx_word' id='word_1_98' title='bbox 629 736 728 757; x_wconf 87' lang='lat' dir='ltr'><strong>manus</strong></span> <span class='ocrx_word' id='word_1_99' title='bbox 743 728 789 762; x_wconf 87' lang='lat' dir='ltr'><strong>qui</strong></span> <span class='ocrx_word' id='word_1_100' title='bbox 812 735 874 754; x_wconf 91' lang='lat' dir='ltr'><strong>eum</strong></span> <span class='ocrx_word' id='word_1_101' title='bbox 890 733 971 753; x_wconf 85' lang='lat' dir='ltr'><strong>cona-</strong></span> 
     </span>
    </p>
   </div>
   <div class='ocr_carea' id='block_1_15' title="bbox 175 771 968 813">
    <p class='ocr_par' dir='ltr' id='par_1_15' title="bbox 175 771 968 813">
     <span class='ocr_line' id='line_1_15' title="bbox 175 771 968 813; baseline -0.01 -7"><span class='ocrx_word' id='word_1_102' title='bbox 175 779 256 806; x_wconf 88' lang='lat' dir='ltr'><strong>batur</strong></span> <span class='ocrx_word' id='word_1_103' title='bbox 272 777 436 813; x_wconf 81' lang='lat' dir='ltr'><strong>opprimere.</strong></span> <span class='ocrx_word' id='word_1_104' title='bbox 453 776 518 803; x_wconf 86' lang='lat' dir='ltr'><strong>Erat</strong></span> <span class='ocrx_word' id='word_1_105' title='bbox 533 776 605 804; x_wconf 90' lang='lat' dir='ltr'><strong>enim</strong></span> <span class='ocrx_word' id='word_1_106' title='bbox 623 775 662 802; x_wconf 84' lang='lat' dir='ltr'><strong>eis</strong></span> <span class='ocrx_word' id='word_1_107' title='bbox 685 775 712 801; x_wconf 95' lang='lat' dir='ltr'><strong>in</strong></span> <span class='ocrx_word' id='word_1_108' title='bbox 730 773 827 809; x_wconf 85' lang='lat' dir='ltr'><strong>primis</strong></span> <span class='ocrx_word' id='word_1_109' title='bbox 841 771 968 808; x_wconf 85' lang='lat' dir='ltr'><strong>proposi-</strong></span> 
     </span>
    </p>
   </div>
   <div class='ocr_carea' id='block_1_16' title="bbox 177 818 970 857">
    <p class='ocr_par' dir='ltr' id='par_1_16' title="bbox 177 818 970 857">
     <span class='ocr_line' id='line_1_16' title="bbox 177 818 970 857; baseline -0.006 -6"><span class='ocrx_word' id='word_1_110' title='bbox 177 829 233 851; x_wconf 82' lang='lat' dir='ltr'><strong>tum</strong></span> <span class='ocrx_word' id='word_1_111' title='bbox 245 823 442 857; x_wconf 80' lang='lat' dir='ltr'><strong>evangelizare,</strong></span> <span class='ocrx_word' id='word_1_112' title='bbox 458 827 485 849; x_wconf 87' lang='lat' dir='ltr'><strong>et</strong></span> <span class='ocrx_word' id='word_1_113' title='bbox 501 822 614 849; x_wconf 81' lang='lat' dir='ltr'><strong>verbum</strong></span> <span class='ocrx_word' id='word_1_114' title='bbox 632 821 678 847; x_wconf 85' lang='lat' dir='ltr'><strong>Dei</strong></span> <span class='ocrx_word' id='word_1_115' title='bbox 692 821 790 847; x_wconf 90' lang='lat' dir='ltr'><strong>docere</strong></span> <span class='ocrx_word' id='word_1_116' title='bbox 805 828 811 846; x_wconf 90' lang='lat'><strong>:</strong></span> <span class='ocrx_word' id='word_1_117' title='bbox 828 820 854 846; x_wconf 89' lang='lat' dir='ltr'><strong>in</strong></span> <span class='ocrx_word' id='word_1_118' title='bbox 871 818 970 853; x_wconf 85' lang='lat' dir='ltr'><strong>quibus</strong></span> 
     </span>
    </p>
   </div>
   <div class='ocr_carea' id='block_1_17' title="bbox 176 865 970 903">
    <p class='ocr_par' dir='ltr' id='par_1_17' title="bbox 176 865 970 903">
     <span class='ocr_line' id='line_1_17' title="bbox 176 865 970 903; baseline -0.005 -9"><span class='ocrx_word' id='word_1_119' title='bbox 176 869 273 903; x_wconf 68' lang='lat' dir='ltr'><strong>fratrea</strong></span> <span class='ocrx_word' id='word_1_120' title='bbox 290 868 475 902; x_wconf 81' lang='lat' dir='ltr'><strong>con/irmantes</strong></span> <span class='ocrx_word' id='word_1_121' title='bbox 487 872 516 894; x_wconf 88' lang='lat' dir='ltr'><strong>ut</strong></span> <span class='ocrx_word' id='word_1_122' title='bbox 532 872 666 894; x_wconf 81' lang='lat' dir='ltr'><strong>manerent</strong></span> <span class='ocrx_word' id='word_1_123' title='bbox 680 867 706 892; x_wconf 87' lang='lat' dir='ltr'><strong>in</strong></span> <span class='ocrx_word' id='word_1_124' title='bbox 721 865 772 900; x_wconf 79' lang='lat' dir='ltr'><strong>[ide</strong></span> <span class='ocrx_word' id='word_1_125' title='bbox 785 865 818 897; x_wconf 76' lang='grc'><strong>’⁸,</strong></span> <span class='ocrx_word' id='word_1_126' title='bbox 836 865 887 891; x_wconf 88' lang='lat' dir='ltr'><strong>hoc</strong></span> <span class='ocrx_word' id='word_1_127' title='bbox 900 871 970 899; x_wconf 91' lang='lat' dir='ltr'><strong>quo-</strong></span> 
     </span>
    </p>
   </div>
   <div class='ocr_carea' id='block_1_18' title="bbox 176 909 968 949">
    <p class='ocr_par' dir='ltr' id='par_1_18' title="bbox 176 909 968 949">
     <span class='ocr_line' id='line_1_18' title="bbox 176 909 968 949; baseline -0.008 -8"><span class='ocrx_word' id='word_1_128' title='bbox 176 921 230 949; x_wconf 89' lang='lat' dir='ltr'><strong>que</strong></span> <span class='ocrx_word' id='word_1_129' title='bbox 243 914 380 946; x_wconf 81' lang='lat' dir='ltr'><strong>dicebant,</strong></span> <span class='ocrx_word' id='word_1_130' title='bbox 398 913 466 948; x_wconf 86' lang='lat' dir='ltr'><strong>quod</strong></span> <span class='ocrx_word' id='word_1_131' title='bbox 482 920 528 947; x_wconf 86' lang='lat' dir='ltr'><strong>per</strong></span> <span class='ocrx_word' id='word_1_132' title='bbox 542 912 639 938; x_wconf 87' lang='lat' dir='ltr'><strong>multas</strong></span> <span class='ocrx_word' id='word_1_133' title='bbox 656 911 807 946; x_wconf 77' lang='lat' dir='ltr'><strong>aﬂlictt&#39;ones</strong></span> <span class='ocrx_word' id='word_1_134' title='bbox 823 913 923 944; x_wconf 84' lang='lat' dir='ltr'><strong>oportet</strong></span> <span class='ocrx_word' id='word_1_135' title='bbox 941 909 968 935; x_wconf 88' lang='lat' dir='ltr'><strong>in</strong></span> 
     </span>
    </p>
   </div>
   <div class='ocr_carea' id='block_1_19' title="bbox 175 953 969 994">
    <p class='ocr_par' dir='ltr' id='par_1_19' title="bbox 175 953 969 994">
     <span class='ocr_line' id='line_1_19' title="bbox 175 953 969 994; baseline -0.006 -9"><span class='ocrx_word' id='word_1_136' title='bbox 175 967 285 994; x_wconf 76' lang='lat' dir='ltr'><strong>regnum</strong></span> <span class='ocrx_word' id='word_1_137' title='bbox 300 958 348 986; x_wconf 84' lang='lat' dir='ltr'><strong>Dei</strong></span> <span class='ocrx_word' id='word_1_138' title='bbox 361 958 472 993; x_wconf 82' lang='lat' dir='ltr'><strong>ingredi.</strong></span> <span class='ocrx_word' id='word_1_139' title='bbox 488 957 651 990; x_wconf 60' lang='lat' dir='ltr'><strong>Quaerebam</strong></span> <span class='ocrx_word' id='word_1_140' title='bbox 664 956 737 983; x_wconf 89' lang='lat' dir='ltr'><strong>enim</strong></span> <span class='ocrx_word' id='word_1_141' title='bbox 753 963 806 982; x_wconf 91' lang='lat' dir='ltr'><strong>non</strong></span> <span class='ocrx_word' id='word_1_142' title='bbox 829 954 901 990; x_wconf 89' lang='lat' dir='ltr'><strong>quod</strong></span> <span class='ocrx_word' id='word_1_143' title='bbox 916 953 969 981; x_wconf 90' lang='lat' dir='ltr'><strong>sibi</strong></span> 
     </span>
    </p>
   </div>
   <div class='ocr_carea' id='block_1_20' title="bbox 175 1000 967 1038">
    <p class='ocr_par' dir='ltr' id='par_1_20' title="bbox 175 1000 967 1038">
     <span class='ocr_line' id='line_1_20' title="bbox 175 1000 967 1038; baseline -0.008 -6"><span class='ocrx_word' id='word_1_144' title='bbox 175 1009 234 1033; x_wconf 83' lang='lat' dir='ltr'><strong>erat</strong></span> <span class='ocrx_word' id='word_1_145' title='bbox 246 1005 322 1038; x_wconf 86' lang='lat' dir='ltr'><strong>utile,</strong></span> <span class='ocrx_word' id='word_1_146' title='bbox 336 1003 385 1031; x_wconf 86' lang='lat' dir='ltr'><strong>sed</strong></span> <span class='ocrx_word' id='word_1_147' title='bbox 397 1003 468 1038; x_wconf 89' lang='lat' dir='ltr'><strong>quod</strong></span> <span class='ocrx_word' id='word_1_148' title='bbox 483 1002 586 1035; x_wconf 85' lang='lat' dir='ltr'><strong>multis.</strong></span> <span class='ocrx_word' id='word_1_149' title='bbox 601 1006 631 1029; x_wconf 88' lang='lat' dir='ltr'><strong>ut</strong></span> <span class='ocrx_word' id='word_1_150' title='bbox 643 1005 830 1034; x_wconf 81' lang='lat' dir='ltr'><strong>servarentur,</strong></span> <span class='ocrx_word' id='word_1_151' title='bbox 842 1005 869 1027; x_wconf 90' lang='lat' dir='ltr'><strong>et</strong></span> <span class='ocrx_word' id='word_1_152' title='bbox 882 1000 967 1027; x_wconf 89' lang='lat' dir='ltr'><strong>multa</strong></span> 
     </span>
    </p>
   </div>
   <div class='ocr_carea' id='block_1_21' title="bbox 177 1045 968 1085">
    <p class='ocr_par' dir='ltr' id='par_1_21' title="bbox 177 1045 968 1085">
     <span class='ocr_line' id='line_1_21' title="bbox 177 1045 968 1085; baseline -0.006 -8"><span class='ocrx_word' id='word_1_153' title='bbox 177 1049 242 1085; x_wconf 81' lang='lat' dir='ltr'><strong>ipsis</strong></span> <span class='ocrx_word' id='word_1_154' title='bbox 257 1050 349 1077; x_wconf 85' lang='lat' dir='ltr'><strong>liceret</strong></span> <span class='ocrx_word' id='word_1_155' title='bbox 363 1049 396 1076; x_wconf 87' lang='lat' dir='ltr'><strong>ad</strong></span> <span class='ocrx_word' id='word_1_156' title='bbox 421 1049 478 1075; x_wconf 71' lang='lat' dir='ltr'><strong>haec</strong></span> <span class='ocrx_word' id='word_1_157' title='bbox 501 1047 628 1075; x_wconf 73' lang='lat' dir='ltr'><strong>facientia</strong></span> <span class='ocrx_word' id='word_1_158' title='bbox 649 1047 750 1079; x_wconf 87' lang='lat' dir='ltr'><strong>dicere,</strong></span> <span class='ocrx_word' id='word_1_159' title='bbox 766 1050 796 1073; x_wconf 93' lang='lat' dir='ltr'><strong>ut</strong></span> <span class='ocrx_word' id='word_1_160' title='bbox 815 1045 899 1073; x_wconf 88' lang='lat' dir='ltr'><strong>vcrbo</strong></span> <span class='ocrx_word' id='word_1_161' title='bbox 921 1045 968 1072; x_wconf 72' lang='lat' dir='ltr'><strong>Dei</strong></span> 
     </span>
    </p>
   </div>
   <div class='ocr_carea' id='block_1_22' title="bbox 177 1091 967 1127">
    <p class='ocr_par' dir='ltr' id='par_1_22' title="bbox 177 1091 967 1127">
     <span class='ocr_line' id='line_1_22' title="bbox 177 1091 967 1127; baseline -0.006 -4"><span class='ocrx_word' id='word_1_162' title='bbox 177 1096 369 1123; x_wconf 83' lang='lat' dir='ltr'><strong>convenienter</strong></span> <span class='ocrx_word' id='word_1_163' title='bbox 392 1094 513 1122; x_wconf 82' lang='lat' dir='ltr'><strong>facerent</strong></span> <span class='ocrx_word' id='word_1_164' title='bbox 535 1102 541 1120; x_wconf 91' lang='lat'><strong>:</strong></span> <span class='ocrx_word' id='word_1_165' title='bbox 560 1092 638 1125; x_wconf 83' lang='lat' dir='ltr'><strong>Nisi,</strong></span> <span class='ocrx_word' id='word_1_166' title='bbox 664 1096 694 1119; x_wconf 92' lang='lat' dir='ltr'><strong>ut</strong></span> <span class='ocrx_word' id='word_1_167' title='bbox 715 1092 782 1120; x_wconf 87' lang='lat' dir='ltr'><strong>dicit</strong></span> <span class='ocrx_word' id='word_1_168' title='bbox 803 1091 967 1127; x_wconf 82' lang='lat' dir='ltr'><strong>Apostolus,</strong></span> 
     </span>
    </p>
   </div>
   <div class='ocr_carea' id='block_1_23' title="bbox 178 1139 673 1177">
    <p class='ocr_par' dir='ltr' id='par_1_23' title="bbox 178 1139 673 1177">
     <span class='ocr_line' id='line_1_23' title="bbox 178 1139 673 1177; baseline -0.008 -8"><span class='ocrx_word' id='word_1_169' title='bbox 178 1150 224 1169; x_wconf 69' lang='lat' dir='ltr'><strong>nos</strong></span> <span class='ocrx_word' id='word_1_170' title='bbox 239 1146 340 1177; x_wconf 75' lang='lat' dir='ltr'><strong>tempus</strong></span> <span class='ocrx_word' id='word_1_171' title='bbox 355 1145 493 1169; x_wconf 77' lang='lat' dir='ltr'><strong>narrantes</strong></span> <span class='ocrx_word' id='word_1_172' title='bbox 508 1139 626 1174; x_wconf 78' lang='lat' dir='ltr'><strong>deﬁceret</strong></span> <span class='ocrx_word' id='word_1_173' title='bbox 641 1139 673 1165; x_wconf 65' lang='lat'><strong>&#39;9.</strong></span> 
     </span>
    </p>
   </div>
   <div class='ocr_carea' id='block_1_24' title="bbox 988 849 1008 877">
    <p class='ocr_par' dir='ltr' id='par_1_24' title="bbox 988 849 1008 877">
     <span class='ocr_line' id='line_1_24' title="bbox 988 849 1008 877; baseline 0 0"><span class='ocrx_word' id='word_1_174' title='bbox 988 849 1008 877; x_wconf 81' lang='grc' dir='ltr'><strong>Β</strong></span> 
     </span>
    </p>
   </div>
   <div class='ocr_carea' id='block_1_25' title="bbox 214 1273 967 1310">
    <p class='ocr_par' dir='ltr' id='par_1_25' title="bbox 214 1273 967 1310">
     <span class='ocr_line' id='line_1_25' title="bbox 214 1273 967 1310; baseline -0.008 -4"><span class='ocrx_word' id='word_1_175' title='bbox 214 1279 258 1307; x_wconf 78' lang='grc' dir='ltr'><strong>Ιθ.</strong></span> <span class='ocrx_word' id='word_1_176' title='bbox 274 1278 351 1306; x_wconf 83' lang='lat' dir='ltr'><strong>Unde</strong></span> <span class='ocrx_word' id='word_1_177' title='bbox 366 1285 419 1304; x_wconf 89' lang='lat' dir='ltr'><strong>non</strong></span> <span class='ocrx_word' id='word_1_178' title='bbox 440 1280 481 1304; x_wconf 84' lang='lat' dir='ltr'><strong>est</strong></span> <span class='ocrx_word' id='word_1_179' title='bbox 502 1283 622 1310; x_wconf 68' lang='lat' dir='ltr'><strong>aequum,</strong></span> <span class='ocrx_word' id='word_1_180' title='bbox 637 1279 669 1303; x_wconf 89' lang='lat' dir='ltr'><strong>ut</strong></span> <span class='ocrx_word' id='word_1_181' title='bbox 687 1275 727 1301; x_wconf 87' lang='lat' dir='ltr'><strong>vel</strong></span> <span class='ocrx_word' id='word_1_182' title='bbox 745 1273 837 1302; x_wconf 86' lang='lat' dir='ltr'><strong>clerici</strong></span> <span class='ocrx_word' id='word_1_183' title='bbox 854 1273 900 1308; x_wconf 85' lang='lat' dir='ltr'><strong>qui</strong></span> <span class='ocrx_word' id='word_1_184' title='bbox 916 1280 967 1300; x_wconf 87' lang='lat' dir='ltr'><strong>sua</strong></span> 
     </span>
    </p>
   </div>
   <div class='ocr_carea' id='block_1_26' title="bbox 177 1320 968 1362">
    <p class='ocr_par' dir='ltr' id='par_1_26' title="bbox 177 1320 968 1362">
     <span class='ocr_line' id='line_1_26' title="bbox 177 1320 968 1362; baseline -0.009 -9"><span class='ocrx_word' id='word_1_185' title='bbox 177 1330 274 1362; x_wconf 83' lang='lat' dir='ltr'><strong>sponte</strong></span> <span class='ocrx_word' id='word_1_186' title='bbox 289 1323 464 1359; x_wconf 76' lang='lat' dir='ltr'><strong>aufugerunt,</strong></span> <span class='ocrx_word' id='word_1_187' title='bbox 480 1322 548 1357; x_wconf 90' lang='lat' dir='ltr'><strong>lapsi</strong></span> <span class='ocrx_word' id='word_1_188' title='bbox 575 1326 668 1349; x_wconf 87' lang='lat' dir='ltr'><strong>autem</strong></span> <span class='ocrx_word' id='word_1_189' title='bbox 692 1326 718 1348; x_wconf 88' lang='lat' dir='ltr'><strong>et</strong></span> <span class='ocrx_word' id='word_1_190' title='bbox 742 1320 867 1348; x_wconf 84' lang='lat' dir='ltr'><strong>reluctati</strong></span> <span class='ocrx_word' id='word_1_191' title='bbox 893 1324 968 1353; x_wconf 85' lang='lat' dir='ltr'><strong>sunt,</strong></span> 
     </span>
    </p>
   </div>
   <div class='ocr_carea' id='block_1_27' title="bbox 179 1365 970 1407">
    <p class='ocr_par' dir='ltr' id='par_1_27' title="bbox 179 1365 970 1407">
     <span class='ocr_line' id='line_1_27' title="bbox 179 1365 970 1407; baseline -0.009 -8"><span class='ocrx_word' id='word_1_192' title='bbox 179 1371 296 1407; x_wconf 82' lang='lat' dir='ltr'><strong>amplius</strong></span> <span class='ocrx_word' id='word_1_193' title='bbox 313 1371 340 1397; x_wconf 93' lang='lat' dir='ltr'><strong>in</strong></span> <span class='ocrx_word' id='word_1_194' title='bbox 356 1377 434 1397; x_wconf 86' lang='lat' dir='ltr'><strong>sacro</strong></span> <span class='ocrx_word' id='word_1_195' title='bbox 460 1367 611 1396; x_wconf 83' lang='lat' dir='ltr'><strong>ministerio</strong></span> <span class='ocrx_word' id='word_1_196' title='bbox 633 1370 772 1398; x_wconf 89' lang='lat' dir='ltr'><strong>maneant,</strong></span> <span class='ocrx_word' id='word_1_197' title='bbox 791 1371 820 1393; x_wconf 92' lang='lat' dir='ltr'><strong>ut</strong></span> <span class='ocrx_word' id='word_1_198' title='bbox 845 1365 891 1401; x_wconf 90' lang='lat' dir='ltr'><strong>qui</strong></span> <span class='ocrx_word' id='word_1_199' title='bbox 916 1365 970 1392; x_wconf 88' lang='lat' dir='ltr'><strong>Do-</strong></span> 
     </span>
    </p>
   </div>
   <div class='ocr_carea' id='block_1_28' title="bbox 178 1411 967 1453">
    <p class='ocr_par' dir='ltr' id='par_1_28' title="bbox 178 1411 967 1453">
     <span class='ocr_line' id='line_1_28' title="bbox 178 1411 967 1453; baseline -0.009 -8"><span class='ocrx_word' id='word_1_200' title='bbox 178 1418 243 1445; x_wconf 88' lang='lat' dir='ltr'><strong>mini</strong></span> <span class='ocrx_word' id='word_1_201' title='bbox 256 1423 364 1453; x_wconf 81' lang='lat' dir='ltr'><strong>gregem</strong></span> <span class='ocrx_word' id='word_1_202' title='bbox 378 1415 548 1450; x_wconf 87' lang='lat' dir='ltr'><strong>reliquerint,</strong></span> <span class='ocrx_word' id='word_1_203' title='bbox 561 1417 588 1441; x_wconf 85' lang='lat' dir='ltr'><strong>et</strong></span> <span class='ocrx_word' id='word_1_204' title='bbox 602 1420 631 1441; x_wconf 92' lang='lat' dir='ltr'><strong>se</strong></span> <span class='ocrx_word' id='word_1_205' title='bbox 645 1413 719 1448; x_wconf 87' lang='lat' dir='ltr'><strong>ipsos</strong></span> <span class='ocrx_word' id='word_1_206' title='bbox 734 1411 947 1447; x_wconf 82' lang='lat' dir='ltr'><strong>vituperaverint.</strong></span> <span class='ocrx_word' id='word_1_207' title='bbox 960 1420 967 1438; x_wconf 87' lang='lat'><strong>:</strong></span> 
     </span>
    </p>
   </div>
   <div class='ocr_carea' id='block_1_29' title="bbox 178 1458 970 1498">
    <p class='ocr_par' dir='ltr' id='par_1_29' title="bbox 178 1458 970 1498">
     <span class='ocr_line' id='line_1_29' title="bbox 178 1458 970 1498; baseline -0.009 -7"><span class='ocrx_word' id='word_1_208' title='bbox 178 1463 250 1498; x_wconf 85' lang='lat' dir='ltr'><strong>quod</strong></span> <span class='ocrx_word' id='word_1_209' title='bbox 267 1463 364 1497; x_wconf 77' lang='lat' dir='ltr'><strong>nullus</strong></span> <span class='ocrx_word' id='word_1_210' title='bbox 380 1461 443 1489; x_wconf 81' lang='lat' dir='ltr'><strong>fecit</strong></span> <span class='ocrx_word' id='word_1_211' title='bbox 462 1468 494 1488; x_wconf 80' lang='lat' dir='ltr'><strong>ex</strong></span> <span class='ocrx_word' id='word_1_212' title='bbox 515 1459 654 1494; x_wconf 85' lang='lat' dir='ltr'><strong>apostolis.</strong></span> <span class='ocrx_word' id='word_1_213' title='bbox 669 1458 775 1485; x_wconf 89' lang='lat' dir='ltr'><strong>Etenim</strong></span> <span class='ocrx_word' id='word_1_214' title='bbox 789 1465 852 1485; x_wconf 92' lang='lat' dir='ltr'><strong>cum</strong></span> <span class='ocrx_word' id='word_1_215' title='bbox 869 1458 970 1485; x_wconf 87' lang='lat' dir='ltr'><strong>multas</strong></span> 
     </span>
    </p>
   </div>
   <div class='ocr_carea' id='block_1_30' title="bbox 178 1504 968 1545">
    <p class='ocr_par' dir='ltr' id='par_1_30' title="bbox 178 1504 968 1545">
     <span class='ocr_line' id='line_1_30' title="bbox 178 1504 968 1545; baseline -0.008 -9"><span class='ocrx_word' id='word_1_216' title='bbox 178 1510 381 1545; x_wconf 86' lang='lat' dir='ltr'><strong>persecutiones</strong></span> <span class='ocrx_word' id='word_1_217' title='bbox 394 1507 514 1539; x_wconf 82' lang='lat' dir='ltr'><strong>obiisset,</strong></span> <span class='ocrx_word' id='word_1_218' title='bbox 526 1510 553 1533; x_wconf 89' lang='lat' dir='ltr'><strong>et</strong></span> <span class='ocrx_word' id='word_1_219' title='bbox 565 1505 651 1533; x_wconf 87' lang='lat' dir='ltr'><strong>multa</strong></span> <span class='ocrx_word' id='word_1_220' title='bbox 664 1504 843 1532; x_wconf 85' lang='lat' dir='ltr'><strong>certaminum</strong></span> <span class='ocrx_word' id='word_1_221' title='bbox 857 1505 968 1539; x_wconf 67' lang='lat' dir='ltr'><strong>praemia</strong></span> 
     </span>
    </p>
   </div>
   <div class='ocr_carea' id='block_1_31' title="bbox 177 1550 968 1587">
    <p class='ocr_par' dir='ltr' id='par_1_31' title="bbox 177 1550 968 1587">
     <span class='ocr_line' id='line_1_31' title="bbox 177 1550 968 1587; baseline -0.008 -4"><span class='ocrx_word' id='word_1_222' title='bbox 177 1555 342 1584; x_wconf 70' lang='lat' dir='ltr'><strong>ostendisset</strong></span> <span class='ocrx_word' id='word_1_223' title='bbox 364 1554 460 1581; x_wconf 88' lang='lat' dir='ltr'><strong>beatus</strong></span> <span class='ocrx_word' id='word_1_224' title='bbox 486 1552 626 1587; x_wconf 84' lang='lat' dir='ltr'><strong>apostolus</strong></span> <span class='ocrx_word' id='word_1_225' title='bbox 651 1550 770 1582; x_wconf 82' lang='lat' dir='ltr'><strong>Paulus,</strong></span> <span class='ocrx_word' id='word_1_226' title='bbox 793 1550 882 1578; x_wconf 90' lang='lat' dir='ltr'><strong>sciens</strong></span> <span class='ocrx_word' id='word_1_227' title='bbox 906 1558 968 1578; x_wconf 88' lang='lat' dir='ltr'><strong>esse</strong></span> 
     </span>
    </p>
   </div>
   <div class='ocr_carea' id='block_1_32' title="bbox 177 1595 970 1637">
    <p class='ocr_par' dir='ltr' id='par_1_32' title="bbox 177 1595 970 1637">
     <span class='ocr_line' id='line_1_32' title="bbox 177 1595 970 1637; baseline -0.01 -7"><span class='ocrx_word' id='word_1_228' title='bbox 177 1601 258 1637; x_wconf 80' lang='lat' dir='ltr'><strong>longe</strong></span> <span class='ocrx_word' id='word_1_229' title='bbox 281 1600 379 1628; x_wconf 85' lang='lat' dir='ltr'><strong>melius</strong></span> <span class='ocrx_word' id='word_1_230' title='bbox 396 1599 503 1626; x_wconf 77' lang='lat' dir='ltr'><strong>dissolui</strong></span> <span class='ocrx_word' id='word_1_231' title='bbox 518 1604 542 1625; x_wconf 83' lang='lat' dir='ltr'><strong>et</strong></span> <span class='ocrx_word' id='word_1_232' title='bbox 563 1606 619 1625; x_wconf 72' lang='lat' dir='ltr'><strong>esse</strong></span> <span class='ocrx_word' id='word_1_233' title='bbox 635 1606 694 1624; x_wconf 85' lang='lat' dir='ltr'><strong>cum</strong></span> <span class='ocrx_word' id='word_1_234' title='bbox 711 1596 816 1624; x_wconf 68' lang='lat' dir='ltr'><strong>Christo</strong></span> <span class='ocrx_word' id='word_1_235' title='bbox 833 1596 866 1629; x_wconf 74' lang='grc'><strong>³⁸,</strong></span> <span class='ocrx_word' id='word_1_236' title='bbox 887 1595 970 1623; x_wconf 83' lang='lat' dir='ltr'><strong>infert</strong></span> 
     </span>
    </p>
   </div>
   <div class='ocr_carea' id='block_1_33' title="bbox 177 1642 969 1678">
    <p class='ocr_par' dir='ltr' id='par_1_33' title="bbox 177 1642 969 1678">
     <span class='ocr_line' id='line_1_33' title="bbox 177 1642 969 1678; baseline -0.009 -3"><span class='ocrx_word' id='word_1_237' title='bbox 177 1652 206 1676; x_wconf 85' lang='lat' dir='ltr'><strong>et</strong></span> <span class='ocrx_word' id='word_1_238' title='bbox 221 1648 304 1675; x_wconf 85' lang='lat' dir='ltr'><strong>dicit:</strong></span> <span class='ocrx_word' id='word_1_239' title='bbox 318 1646 352 1673; x_wconf 86' lang='lat' dir='ltr'><strong>In</strong></span> <span class='ocrx_word' id='word_1_240' title='bbox 362 1654 441 1673; x_wconf 83' lang='lat' dir='ltr'><strong>carne</strong></span> <span class='ocrx_word' id='word_1_241' title='bbox 455 1649 543 1671; x_wconf 85' lang='lat' dir='ltr'><strong>autem</strong></span> <span class='ocrx_word' id='word_1_242' title='bbox 560 1652 675 1677; x_wconf 83' lang='lat' dir='ltr'><strong>manere,</strong></span> <span class='ocrx_word' id='word_1_243' title='bbox 690 1642 774 1678; x_wconf 73' lang='lat' dir='ltr'><strong>magis</strong></span> <span class='ocrx_word' id='word_1_244' title='bbox 792 1643 969 1670; x_wconf 68' lang='lat' dir='ltr'><strong>necessarium</strong></span> 
     </span>
    </p>
   </div>
   <div class='ocr_carea' id='block_1_34' title="bbox 177 1688 968 1729">
    <p class='ocr_par' dir='ltr' id='par_1_34' title="bbox 177 1688 968 1729">
     <span class='ocr_line' id='line_1_34' title="bbox 177 1688 968 1729; baseline -0.005 -10"><span class='ocrx_word' id='word_1_245' title='bbox 177 1692 257 1729; x_wconf 58' lang='lat'><strong>5.51</strong></span> <span class='ocrx_word' id='word_1_246' title='bbox 273 1697 379 1727; x_wconf 80' lang='lat' dir='ltr'><strong>propter</strong></span> <span class='ocrx_word' id='word_1_247' title='bbox 392 1699 445 1718; x_wconf 74' lang='lat' dir='ltr'><strong>vos.</strong></span> <span class='ocrx_word' id='word_1_248' title='bbox 460 1690 645 1718; x_wconf 79' lang='lat' dir='ltr'><strong>Considerans</strong></span> <span class='ocrx_word' id='word_1_249' title='bbox 662 1689 734 1716; x_wconf 91' lang='lat' dir='ltr'><strong>enim</strong></span> <span class='ocrx_word' id='word_1_250' title='bbox 750 1696 804 1716; x_wconf 90' lang='lat' dir='ltr'><strong>non</strong></span> <span class='ocrx_word' id='word_1_251' title='bbox 817 1696 906 1721; x_wconf 84' lang='lat' dir='ltr'><strong>suam,</strong></span> <span class='ocrx_word' id='word_1_252' title='bbox 922 1688 968 1715; x_wconf 84' lang='lat' dir='ltr'><strong>sed</strong></span> 
     </span>
    </p>
   </div>
   <div class='ocr_carea' id='block_1_35' title="bbox 178 1735 968 1770">
    <p class='ocr_par' dir='ltr' id='par_1_35' title="bbox 178 1735 968 1770">
     <span class='ocr_line' id='line_1_35' title="bbox 178 1735 968 1770; baseline -0.006 -5"><span class='ocrx_word' id='word_1_253' title='bbox 178 1738 327 1765; x_wconf 87' lang='lat' dir='ltr'><strong>multorum</strong></span> <span class='ocrx_word' id='word_1_254' title='bbox 355 1737 515 1769; x_wconf 87' lang='lat' dir='ltr'><strong>utilitatem,</strong></span> <span class='ocrx_word' id='word_1_255' title='bbox 541 1740 571 1763; x_wconf 91' lang='lat' dir='ltr'><strong>ut</strong></span> <span class='ocrx_word' id='word_1_256' title='bbox 593 1740 752 1767; x_wconf 83' lang='lat' dir='ltr'><strong>serventur,</strong></span> <span class='ocrx_word' id='word_1_257' title='bbox 776 1735 864 1770; x_wconf 87' lang='lat' dir='ltr'><strong>magis</strong></span> <span class='ocrx_word' id='word_1_258' title='bbox 886 1741 968 1768; x_wconf 88' lang='lat' dir='ltr'><strong>quam</strong></span> 
     </span>
    </p>
   </div>
   <div class='ocr_carea' id='block_1_36' title="bbox 178 1779 971 1816">
    <p class='ocr_par' dir='ltr' id='par_1_36' title="bbox 178 1779 971 1816">
     <span class='ocr_line' id='line_1_36' title="bbox 178 1779 971 1816; baseline -0.005 -6"><span class='ocrx_word' id='word_1_259' title='bbox 178 1791 257 1811; x_wconf 81' lang='lat' dir='ltr'><strong>suam</strong></span> <span class='ocrx_word' id='word_1_260' title='bbox 278 1783 409 1816; x_wconf 83' lang='lat' dir='ltr'><strong>quietem,</strong></span> <span class='ocrx_word' id='word_1_261' title='bbox 426 1781 608 1808; x_wconf 79' lang='lat' dir='ltr'><strong>necessarium</strong></span> <span class='ocrx_word' id='word_1_262' title='bbox 633 1779 810 1812; x_wconf 77' lang='lat' dir='ltr'><strong>existimavit,</strong></span> <span class='ocrx_word' id='word_1_263' title='bbox 827 1779 898 1814; x_wconf 85' lang='lat' dir='ltr'><strong>apud</strong></span> <span class='ocrx_word' id='word_1_264' title='bbox 915 1779 971 1806; x_wconf 84' lang='lat' dir='ltr'><strong>fra—</strong></span> 
     </span>
    </p>
   </div>
   <div class='ocr_carea' id='block_1_37' title="bbox 179 1826 969 1862">
    <p class='ocr_par' dir='ltr' id='par_1_37' title="bbox 179 1826 969 1862">
     <span class='ocr_line' id='line_1_37' title="bbox 179 1826 969 1862; baseline -0.006 -5"><span class='ocrx_word' id='word_1_265' title='bbox 179 1836 235 1858; x_wconf 83' lang='lat' dir='ltr'><strong>tres</strong></span> <span class='ocrx_word' id='word_1_266' title='bbox 258 1837 381 1862; x_wconf 88' lang='lat' dir='ltr'><strong>manere,</strong></span> <span class='ocrx_word' id='word_1_267' title='bbox 406 1833 433 1856; x_wconf 89' lang='lat' dir='ltr'><strong>et</strong></span> <span class='ocrx_word' id='word_1_268' title='bbox 451 1835 546 1855; x_wconf 85' lang='lat' dir='ltr'><strong>eorum</strong></span> <span class='ocrx_word' id='word_1_269' title='bbox 570 1834 664 1854; x_wconf 86' lang='lat' dir='ltr'><strong>curam</strong></span> <span class='ocrx_word' id='word_1_270' title='bbox 691 1834 794 1862; x_wconf 83' lang='lat' dir='ltr'><strong>gerere.</strong></span> <span class='ocrx_word' id='word_1_271' title='bbox 812 1826 865 1859; x_wconf 88' lang='lat' dir='ltr'><strong>Qui</strong></span> <span class='ocrx_word' id='word_1_272' title='bbox 887 1826 969 1852; x_wconf 88' lang='lat' dir='ltr'><strong>etiam</strong></span> 
     </span>
    </p>
   </div>
   <div class='ocr_carea' id='block_1_38' title="bbox 178 1870 971 1909">
    <p class='ocr_par' dir='ltr' id='par_1_38' title="bbox 178 1870 971 1909">
     <span class='ocr_line' id='line_1_38' title="bbox 178 1870 971 1909; baseline -0.006 -7"><span class='ocrx_word' id='word_1_273' title='bbox 178 1876 237 1903; x_wconf 74' lang='lat' dir='ltr'><strong>vult</strong></span> <span class='ocrx_word' id='word_1_274' title='bbox 247 1882 308 1902; x_wconf 90' lang='lat' dir='ltr'><strong>eum</strong></span> <span class='ocrx_word' id='word_1_275' title='bbox 320 1874 366 1909; x_wconf 90' lang='lat' dir='ltr'><strong>qui</strong></span> <span class='ocrx_word' id='word_1_276' title='bbox 378 1874 466 1905; x_wconf 89' lang='lat' dir='ltr'><strong>docet,</strong></span> <span class='ocrx_word' id='word_1_277' title='bbox 476 1880 536 1900; x_wconf 77' lang='lat' dir='ltr'><strong>esse</strong></span> <span class='ocrx_word' id='word_1_278' title='bbox 546 1873 572 1898; x_wconf 92' lang='lat' dir='ltr'><strong>in</strong></span> <span class='ocrx_word' id='word_1_279' title='bbox 584 1872 705 1898; x_wconf 81' lang='lat' dir='ltr'><strong>doctrina</strong></span> <span class='ocrx_word' id='word_1_280' title='bbox 716 1871 864 1906; x_wconf 65' lang='lat' dir='ltr'><strong>exemplum</strong></span> <span class='ocrx_word' id='word_1_281' title='bbox 876 1871 896 1886; x_wconf 84' lang='lat'>“</span> <span class='ocrx_word' id='word_1_282' title='bbox 908 1870 971 1898; x_wconf 87' lang='lat' dir='ltr'><strong>lide-</strong></span> 
     </span>
    </p>
   </div>
   <div class='ocr_carea' id='block_1_39' title="bbox 178 1917 973 1954">
    <p class='ocr_par' dir='ltr' id='par_1_39' title="bbox 178 1917 973 1954">
     <span class='ocr_line' id='line_1_39' title="bbox 178 1917 973 1954; baseline -0.006 -5"><span class='ocrx_word' id='word_1_283' title='bbox 178 1922 260 1949; x_wconf 91' lang='lat' dir='ltr'><strong>libus.</strong></span> <span class='ocrx_word' id='word_1_284' title='bbox 278 1920 356 1948; x_wconf 85' lang='lat' dir='ltr'><strong>Unde</strong></span> <span class='ocrx_word' id='word_1_285' title='bbox 378 1919 424 1954; x_wconf 88' lang='lat' dir='ltr'><strong>qui</strong></span> <span class='ocrx_word' id='word_1_286' title='bbox 448 1919 475 1946; x_wconf 92' lang='lat' dir='ltr'><strong>in</strong></span> <span class='ocrx_word' id='word_1_287' title='bbox 501 1925 611 1946; x_wconf 80' lang='lat' dir='ltr'><strong>carecre</strong></span> <span class='ocrx_word' id='word_1_288' title='bbox 631 1918 835 1950; x_wconf 87' lang='lat' dir='ltr'><strong>contendentes,</strong></span> <span class='ocrx_word' id='word_1_289' title='bbox 855 1925 871 1945; x_wconf 89' lang='lat' dir='ltr'><strong>a</strong></span> <span class='ocrx_word' id='word_1_290' title='bbox 890 1917 973 1944; x_wconf 87' lang='lat' dir='ltr'><strong>mini-</strong></span> 
     </span>
    </p>
   </div>
   <div class='ocr_carea' id='block_1_40' title="bbox 178 1963 972 1998">
    <p class='ocr_par' dir='ltr' id='par_1_40' title="bbox 178 1963 972 1998">
     <span class='ocr_line' id='line_1_40' title="bbox 178 1963 972 1998; baseline -0.006 -4"><span class='ocrx_word' id='word_1_291' title='bbox 178 1967 264 1994; x_wconf 85' lang='lat' dir='ltr'><strong>sterio</strong></span> <span class='ocrx_word' id='word_1_292' title='bbox 277 1966 448 1996; x_wconf 81' lang='lat' dir='ltr'><strong>exciderunt,</strong></span> <span class='ocrx_word' id='word_1_293' title='bbox 473 1968 500 1991; x_wconf 88' lang='lat' dir='ltr'><strong>el</strong></span> <span class='ocrx_word' id='word_1_294' title='bbox 524 1963 648 1990; x_wconf 88' lang='lat' dir='ltr'><strong>reluctati</strong></span> <span class='ocrx_word' id='word_1_295' title='bbox 672 1968 746 1998; x_wconf 83' lang='lat' dir='ltr'><strong>sunt,</strong></span> <span class='ocrx_word' id='word_1_296' title='bbox 773 1971 870 1990; x_wconf 88' lang='lat' dir='ltr'><strong>sensus</strong></span> <span class='ocrx_word' id='word_1_297' title='bbox 891 1963 972 1997; x_wconf 86' lang='lat' dir='ltr'><strong>plane</strong></span> 
     </span>
    </p>
   </div>
   <div class='ocr_carea' id='block_1_41' title="bbox 179 2010 970 2047">
    <p class='ocr_par' dir='ltr' id='par_1_41' title="bbox 179 2010 970 2047">
     <span class='ocr_line' id='line_1_41' title="bbox 179 2010 970 2047; baseline -0.006 -6"><span class='ocrx_word' id='word_1_298' title='bbox 179 2019 243 2041; x_wconf 88' lang='lat' dir='ltr'><strong>sunt</strong></span> <span class='ocrx_word' id='word_1_299' title='bbox 257 2017 392 2047; x_wconf 85' lang='lat' dir='ltr'><strong>expertes.</strong></span> <span class='ocrx_word' id='word_1_300' title='bbox 411 2010 554 2045; x_wconf 80' lang='lat' dir='ltr'><strong>Quomodo</strong></span> <span class='ocrx_word' id='word_1_301' title='bbox 567 2010 639 2038; x_wconf 88' lang='lat' dir='ltr'><strong>enim</strong></span> <span class='ocrx_word' id='word_1_302' title='bbox 658 2015 753 2046; x_wconf 85' lang='lat' dir='ltr'><strong>petunt</strong></span> <span class='ocrx_word' id='word_1_303' title='bbox 767 2010 838 2045; x_wconf 89' lang='lat' dir='ltr'><strong>quod</strong></span> <span class='ocrx_word' id='word_1_304' title='bbox 852 2010 970 2044; x_wconf 78' lang='lat' dir='ltr'><strong>relique-</strong></span> 
     </span>
    </p>
   </div>
   <div class='ocr_carea' id='block_1_42' title="bbox 179 2055 971 2092">
    <p class='ocr_par' dir='ltr' id='par_1_42' title="bbox 179 2055 971 2092">
     <span class='ocr_line' id='line_1_42' title="bbox 179 2055 971 2092; baseline -0.004 -5"><span class='ocrx_word' id='word_1_305' title='bbox 179 2064 254 2092; x_wconf 81' lang='lat' dir='ltr'><strong>runt,</strong></span> <span class='ocrx_word' id='word_1_306' title='bbox 266 2066 328 2086; x_wconf 88' lang='lat' dir='ltr'><strong>cum</strong></span> <span class='ocrx_word' id='word_1_307' title='bbox 346 2059 372 2085; x_wconf 89' lang='lat' dir='ltr'><strong>in</strong></span> <span class='ocrx_word' id='word_1_308' title='bbox 389 2066 421 2085; x_wconf 83' lang='lat' dir='ltr'><strong>ea</strong></span> <span class='ocrx_word' id='word_1_309' title='bbox 444 2061 604 2092; x_wconf 82' lang='lat' dir='ltr'><strong>tempestate</strong></span> <span class='ocrx_word' id='word_1_310' title='bbox 622 2064 682 2084; x_wconf 85' lang='lat' dir='ltr'><strong>esse</strong></span> <span class='ocrx_word' id='word_1_311' title='bbox 705 2061 816 2091; x_wconf 88' lang='lat' dir='ltr'><strong>possent</strong></span> <span class='ocrx_word' id='word_1_312' title='bbox 839 2055 971 2084; x_wconf 77' lang='lat' dir='ltr'><strong>fratribus</strong></span> 
     </span>
    </p>
   </div>
   <div class='ocr_carea' id='block_1_43' title="bbox 179 2102 973 2139">
    <p class='ocr_par' dir='ltr' id='par_1_43' title="bbox 179 2102 973 2139">
     <span class='ocr_line' id='line_1_43' title="bbox 179 2102 973 2139; baseline -0.006 -6"><span class='ocrx_word' id='word_1_313' title='bbox 179 2106 237 2134; x_wconf 87' lang='lat' dir='ltr'><strong>suis</strong></span> <span class='ocrx_word' id='word_1_314' title='bbox 251 2105 349 2134; x_wconf 83' lang='lat' dir='ltr'><strong>utiles?</strong></span> <span class='ocrx_word' id='word_1_315' title='bbox 365 2104 490 2138; x_wconf 87' lang='lat' dir='ltr'><strong>Quamliu</strong></span> <span class='ocrx_word' id='word_1_316' title='bbox 507 2104 599 2139; x_wconf 88' lang='lat' dir='ltr'><strong>itaque</strong></span> <span class='ocrx_word' id='word_1_317' title='bbox 621 2103 693 2130; x_wconf 88' lang='lat' dir='ltr'><strong>ﬁrmi</strong></span> <span class='ocrx_word' id='word_1_318' title='bbox 714 2102 880 2137; x_wconf 86' lang='lat' dir='ltr'><strong>stabilesque</strong></span> <span class='ocrx_word' id='word_1_319' title='bbox 894 2109 973 2129; x_wconf 85' lang='lat' dir='ltr'><strong>tuan-</strong></span> 
     </span>
    </p>
   </div>
   <div class='ocr_carea' id='block_1_44' title="bbox 178 2149 972 2189">
    <p class='ocr_par' dir='ltr' id='par_1_44' title="bbox 178 2149 972 2189">
     <span class='ocr_line' id='line_1_44' title="bbox 178 2149 972 2189; baseline -0.006 -7"><span class='ocrx_word' id='word_1_320' title='bbox 178 2159 289 2187; x_wconf 86' lang='lat' dir='ltr'><strong>s:runt,</strong></span> <span class='ocrx_word' id='word_1_321' title='bbox 311 2154 371 2189; x_wconf 85' lang='lat' dir='ltr'><strong>ejus</strong></span> <span class='ocrx_word' id='word_1_322' title='bbox 393 2152 465 2187; x_wconf 88' lang='lat' dir='ltr'><strong>quod</strong></span> <span class='ocrx_word' id='word_1_323' title='bbox 491 2157 589 2187; x_wconf 73' lang='lat' dir='ltr'><strong>praeter</strong></span> <span class='ocrx_word' id='word_1_324' title='bbox 611 2151 744 2179; x_wconf 89' lang='lat' dir='ltr'><strong>rationem</strong></span> <span class='ocrx_word' id='word_1_325' title='bbox 769 2149 908 2182; x_wconf 77' lang='lat' dir='ltr'><strong>fecerant,</strong></span> <span class='ocrx_word' id='word_1_326' title='bbox 931 2149 972 2177; x_wconf 86' lang='lat' dir='ltr'><strong>eis</strong></span> 
     </span>
    </p>
   </div>
   <div class='ocr_carea' id='block_1_45' title="bbox 179 2194 1010 2238">
    <p class='ocr_par' dir='ltr' id='par_1_45' title="bbox 179 2194 1010 2238">
     <span class='ocr_line' id='line_1_45' title="bbox 179 2194 1010 2238; baseline -0.008 -10"><span class='ocrx_word' id='word_1_327' title='bbox 179 2201 256 2228; x_wconf 76' lang='lat' dir='ltr'><strong>venia</strong></span> <span class='ocrx_word' id='word_1_328' title='bbox 279 2200 405 2228; x_wconf 84' lang='lat' dir='ltr'><strong>dabatur.</strong></span> <span class='ocrx_word' id='word_1_329' title='bbox 433 2198 550 2231; x_wconf 82' lang='lat' dir='ltr'><strong>Quando</strong></span> <span class='ocrx_word' id='word_1_330' title='bbox 572 2201 664 2224; x_wconf 84' lang='lat' dir='ltr'><strong>autem</strong></span> <span class='ocrx_word' id='word_1_331' title='bbox 687 2196 755 2232; x_wconf 87' lang='lat' dir='ltr'><strong>lapsi</strong></span> <span class='ocrx_word' id='word_1_332' title='bbox 779 2200 854 2227; x_wconf 87' lang='lat' dir='ltr'><strong>sunt,</strong></span> <span class='ocrx_word' id='word_1_333' title='bbox 872 2199 902 2222; x_wconf 93' lang='lat' dir='ltr'><strong>ut</strong></span> <span class='ocrx_word' id='word_1_334' title='bbox 923 2194 970 2230; x_wconf 92' lang='lat' dir='ltr'><strong>qui</strong></span> <span class='ocrx_word' id='word_1_335' title='bbox 988 2210 1010 2238; x_wconf 69' lang='grc' dir='ltr'>υ</span> 
     </span>
    </p>
   </div>
   <div class='ocr_carea' id='block_1_46' title="bbox 179 2242 969 2282">
    <p class='ocr_par' dir='ltr' id='par_1_46' title="bbox 179 2242 969 2282">
     <span class='ocr_line' id='line_1_46' title="bbox 179 2242 969 2282; baseline -0.009 -7"><span class='ocrx_word' id='word_1_336' title='bbox 179 2254 320 2282; x_wconf 83' lang='lat' dir='ltr'><strong>perperam</strong></span> <span class='ocrx_word' id='word_1_337' title='bbox 336 2253 366 2273; x_wconf 87' lang='lat' dir='ltr'><strong>se</strong></span> <span class='ocrx_word' id='word_1_338' title='bbox 379 2248 522 2280; x_wconf 80' lang='lat' dir='ltr'><strong>gesserunt</strong></span> <span class='ocrx_word' id='word_1_339' title='bbox 538 2247 566 2271; x_wconf 88' lang='lat' dir='ltr'><strong>et</strong></span> <span class='ocrx_word' id='word_1_340' title='bbox 588 2251 617 2271; x_wconf 90' lang='lat' dir='ltr'><strong>se</strong></span> <span class='ocrx_word' id='word_1_341' title='bbox 641 2243 714 2278; x_wconf 92' lang='lat' dir='ltr'><strong>ipsos</strong></span> <span class='ocrx_word' id='word_1_342' title='bbox 737 2242 969 2276; x_wconf 83' lang='lat' dir='ltr'><strong>vituperaverunt,</strong></span> 
     </span>
    </p>
   </div>
   <div class='ocr_carea' id='block_1_47' title="bbox 179 2287 973 2328">
    <p class='ocr_par' dir='ltr' id='par_1_47' title="bbox 179 2287 973 2328">
     <span class='ocr_line' id='line_1_47' title="bbox 179 2287 973 2328; baseline -0.009 -7"><span class='ocrx_word' id='word_1_343' title='bbox 179 2301 233 2321; x_wconf 90' lang='lat' dir='ltr'><strong>nou</strong></span> <span class='ocrx_word' id='word_1_344' title='bbox 251 2296 366 2328; x_wconf 89' lang='lat' dir='ltr'><strong>possunt</strong></span> <span class='ocrx_word' id='word_1_345' title='bbox 377 2291 493 2326; x_wconf 84' lang='lat' dir='ltr'><strong>amplius</strong></span> <span class='ocrx_word' id='word_1_346' title='bbox 506 2297 584 2318; x_wconf 88' lang='lat' dir='ltr'><strong>sacra</strong></span> <span class='ocrx_word' id='word_1_347' title='bbox 596 2289 747 2316; x_wconf 87' lang='lat' dir='ltr'><strong>ministeria</strong></span> <span class='ocrx_word' id='word_1_348' title='bbox 760 2288 846 2316; x_wconf 89' lang='lat' dir='ltr'><strong>obire.</strong></span> <span class='ocrx_word' id='word_1_349' title='bbox 865 2287 897 2314; x_wconf 87' lang='lat' dir='ltr'><strong>Et</strong></span> <span class='ocrx_word' id='word_1_350' title='bbox 912 2287 973 2315; x_wconf 86' lang='lat' dir='ltr'><strong>ideo</strong></span> 
     </span>
    </p>
   </div>
   <div class='ocr_carea' id='block_1_48' title="bbox 179 2333 972 2375">
    <p class='ocr_par' dir='ltr' id='par_1_48' title="bbox 179 2333 972 2375">
     <span class='ocr_line' id='line_1_48' title="bbox 179 2333 972 2375; baseline -0.01 -8"><span class='ocrx_word' id='word_1_351' title='bbox 179 2340 266 2375; x_wconf 80' lang='lat' dir='ltr'><strong>magis</strong></span> <span class='ocrx_word' id='word_1_352' title='bbox 280 2346 373 2366; x_wconf 87' lang='lat' dir='ltr'><strong>curam</strong></span> <span class='ocrx_word' id='word_1_353' title='bbox 390 2341 495 2373; x_wconf 80' lang='lat' dir='ltr'><strong>gerant,</strong></span> <span class='ocrx_word' id='word_1_354' title='bbox 510 2335 649 2371; x_wconf 87' lang='lat' dir='ltr'><strong>quomodo</strong></span> <span class='ocrx_word' id='word_1_355' title='bbox 667 2336 694 2362; x_wconf 96' lang='lat' dir='ltr'><strong>in</strong></span> <span class='ocrx_word' id='word_1_356' title='bbox 713 2334 867 2362; x_wconf 83' lang='lat' dir='ltr'><strong>humilitate</strong></span> <span class='ocrx_word' id='word_1_357' title='bbox 887 2333 972 2360; x_wconf 89' lang='lat' dir='ltr'><strong>vitam</strong></span> 
     </span>
    </p>
   </div>
   <div class='ocr_carea' id='block_1_49' title="bbox 179 2378 975 2421">
    <p class='ocr_par' dir='ltr' id='par_1_49' title="bbox 179 2378 975 2421">
     <span class='ocr_line' id='line_1_49' title="bbox 179 2378 975 2421; baseline -0.008 -9"><span class='ocrx_word' id='word_1_358' title='bbox 179 2388 311 2421; x_wconf 74' lang='lat' dir='ltr'><strong>peragant</strong></span> <span class='ocrx_word' id='word_1_359' title='bbox 327 2392 343 2412; x_wconf 89' lang='lat' dir='ltr'><strong>a</strong></span> <span class='ocrx_word' id='word_1_360' title='bbox 357 2392 426 2411; x_wconf 86' lang='lat' dir='ltr'><strong>vana</strong></span> <span class='ocrx_word' id='word_1_361' title='bbox 448 2383 534 2418; x_wconf 82' lang='lat' dir='ltr'><strong>gloria</strong></span> <span class='ocrx_word' id='word_1_362' title='bbox 558 2387 709 2409; x_wconf 89' lang='lat' dir='ltr'><strong>cessantes.</strong></span> <span class='ocrx_word' id='word_1_363' title='bbox 725 2379 771 2407; x_wconf 85' lang='lat' dir='ltr'><strong>Eis</strong></span> <span class='ocrx_word' id='word_1_364' title='bbox 785 2380 858 2407; x_wconf 88' lang='lat' dir='ltr'><strong>enim</strong></span> <span class='ocrx_word' id='word_1_365' title='bbox 876 2378 975 2406; x_wconf 81' lang='lat' dir='ltr'><strong>suﬂicit</strong></span> 
     </span>
    </p>
   </div>
   <div class='ocr_carea' id='block_1_50' title="bbox 178 2425 975 2463">
    <p class='ocr_par' dir='ltr' id='par_1_50' title="bbox 178 2425 975 2463">
     <span class='ocr_line' id='line_1_50' title="bbox 178 2425 975 2463; baseline -0.008 -6"><span class='ocrx_word' id='word_1_366' title='bbox 178 2429 349 2462; x_wconf 86' lang='lat' dir='ltr'><strong>communio,</strong></span> <span class='ocrx_word' id='word_1_367' title='bbox 371 2436 433 2463; x_wconf 74' lang='lat' dir='ltr'><strong>qua:</strong></span> <span class='ocrx_word' id='word_1_368' title='bbox 457 2428 600 2461; x_wconf 78' lang='lat' dir='ltr'><strong>diligenter</strong></span> <span class='ocrx_word' id='word_1_369' title='bbox 621 2431 649 2454; x_wconf 90' lang='lat' dir='ltr'><strong>et</strong></span> <span class='ocrx_word' id='word_1_370' title='bbox 670 2431 797 2453; x_wconf 88' lang='lat' dir='ltr'><strong>accurate</strong></span> <span class='ocrx_word' id='word_1_371' title='bbox 817 2425 847 2452; x_wconf 82' lang='lat' dir='ltr'><strong>tit</strong></span> <span class='ocrx_word' id='word_1_372' title='bbox 867 2425 975 2452; x_wconf 86' lang='lat' dir='ltr'><strong>duabus</strong></span> 
     </span>
    </p>
   </div>
   <div class='ocr_carea' id='block_1_51' title="bbox 178 2470 975 2508">
    <p class='ocr_par' dir='ltr' id='par_1_51' title="bbox 178 2470 975 2508">
     <span class='ocr_line' id='line_1_51' title="bbox 178 2470 975 2508; baseline -0.008 -5"><span class='ocrx_word' id='word_1_373' title='bbox 178 2475 212 2503; x_wconf 89' lang='lat' dir='ltr'><strong>de</strong></span> <span class='ocrx_word' id='word_1_374' title='bbox 226 2475 329 2508; x_wconf 84' lang='lat' dir='ltr'><strong>causis,</strong></span> <span class='ocrx_word' id='word_1_375' title='bbox 355 2480 411 2502; x_wconf 90' lang='lat' dir='ltr'><strong>tum</strong></span> <span class='ocrx_word' id='word_1_376' title='bbox 435 2480 470 2501; x_wconf 87' lang='lat' dir='ltr'><strong>ne</strong></span> <span class='ocrx_word' id='word_1_377' title='bbox 492 2473 637 2500; x_wconf 63' lang='lat' dir='ltr'><strong>videantur</strong></span> <span class='ocrx_word' id='word_1_378' title='bbox 662 2471 786 2499; x_wconf 82' lang='lat' dir='ltr'><strong>molestia</strong></span> <span class='ocrx_word' id='word_1_379' title='bbox 811 2471 890 2502; x_wconf 81' lang='lat' dir='ltr'><strong>allici,</strong></span> <span class='ocrx_word' id='word_1_380' title='bbox 912 2470 975 2497; x_wconf 87' lang='lat' dir='ltr'><strong>hinc</strong></span> 
     </span>
    </p>
   </div>
   <div class='ocr_carea' id='block_1_52' title="bbox 179 2517 973 2555">
    <p class='ocr_par' dir='ltr' id='par_1_52' title="bbox 179 2517 973 2555">
     <span class='ocr_line' id='line_1_52' title="bbox 179 2517 973 2555; baseline -0.009 -5"><span class='ocrx_word' id='word_1_381' title='bbox 179 2523 390 2550; x_wconf 86' lang='lat' dir='ltr'><strong>dissolutionem</strong></span> <span class='ocrx_word' id='word_1_382' title='bbox 406 2521 432 2548; x_wconf 86' lang='lat' dir='ltr'><strong>vi</strong></span> <span class='ocrx_word' id='word_1_383' title='bbox 454 2521 617 2555; x_wconf 88' lang='lat' dir='ltr'><strong>arripientes</strong></span> <span class='ocrx_word' id='word_1_384' title='bbox 635 2527 641 2545; x_wconf 92' lang='lat'><strong>:</strong></span> <span class='ocrx_word' id='word_1_385' title='bbox 658 2522 716 2546; x_wconf 89' lang='lat' dir='ltr'><strong>tum</strong></span> <span class='ocrx_word' id='word_1_386' title='bbox 739 2525 773 2545; x_wconf 89' lang='lat' dir='ltr'><strong>ne</strong></span> <span class='ocrx_word' id='word_1_387' title='bbox 795 2517 863 2552; x_wconf 86' lang='lat' dir='ltr'><strong>lapsi</strong></span> <span class='ocrx_word' id='word_1_388' title='bbox 888 2517 973 2552; x_wconf 88' lang='lat' dir='ltr'><strong>aliqui</strong></span> 
     </span>
    </p>
   </div>
   <div class='ocr_carea' id='block_1_53' title="bbox 180 2564 975 2603">
    <p class='ocr_par' dir='ltr' id='par_1_53' title="bbox 180 2564 975 2603">
     <span class='ocr_line' id='line_1_53' title="bbox 180 2564 975 2603; baseline -0.006 -6"><span class='ocrx_word' id='word_1_389' title='bbox 180 2575 328 2597; x_wconf 86' lang='lat' dir='ltr'><strong>causentur</strong></span> <span class='ocrx_word' id='word_1_390' title='bbox 340 2577 369 2596; x_wconf 88' lang='lat' dir='ltr'><strong>se</strong></span> <span class='ocrx_word' id='word_1_391' title='bbox 382 2573 492 2603; x_wconf 86' lang='lat' dir='ltr'><strong>propter</strong></span> <span class='ocrx_word' id='word_1_392' title='bbox 502 2575 587 2602; x_wconf 65' lang='lat' dir='ltr'><strong>poena:</strong></span> <span class='ocrx_word' id='word_1_393' title='bbox 597 2567 770 2594; x_wconf 86' lang='lat' dir='ltr'><strong>occasionem</strong></span> <span class='ocrx_word' id='word_1_394' title='bbox 784 2564 868 2592; x_wconf 83' lang='lat' dir='ltr'><strong>fuisse</strong></span> <span class='ocrx_word' id='word_1_395' title='bbox 876 2565 975 2592; x_wconf 88' lang='lat' dir='ltr'><strong>remis-</strong></span> 
     </span>
    </p>
   </div>
   <div class='ocr_carea' id='block_1_54' title="bbox 180 2611 976 2651">
    <p class='ocr_par' dir='ltr' id='par_1_54' title="bbox 180 2611 976 2651">
     <span class='ocr_line' id='line_1_54' title="bbox 180 2611 976 2651; baseline -0.008 -8"><span class='ocrx_word' id='word_1_396' title='bbox 180 2623 227 2644; x_wconf 88' lang='lat' dir='ltr'><strong>sos</strong></span> <span class='ocrx_word' id='word_1_397' title='bbox 251 2625 257 2642; x_wconf 92' lang='lat'><strong>:</strong></span> <span class='ocrx_word' id='word_1_398' title='bbox 283 2616 328 2651; x_wconf 90' lang='lat' dir='ltr'><strong>qui</strong></span> <span class='ocrx_word' id='word_1_399' title='bbox 352 2615 463 2650; x_wconf 82' lang='lat' dir='ltr'><strong>quidem</strong></span> <span class='ocrx_word' id='word_1_400' title='bbox 492 2614 638 2649; x_wconf 88' lang='lat' dir='ltr'><strong>plusquam</strong></span> <span class='ocrx_word' id='word_1_401' title='bbox 666 2619 763 2639; x_wconf 85' lang='lat' dir='ltr'><strong>omnes</strong></span> <span class='ocrx_word' id='word_1_402' title='bbox 791 2611 920 2646; x_wconf 87' lang='lat' dir='ltr'><strong>probrum</strong></span> <span class='ocrx_word' id='word_1_403' title='bbox 948 2615 976 2638; x_wconf 88' lang='lat' dir='ltr'><strong>et</strong></span> 
     </span>
    </p>
   </div>
   <div class='ocr_carea' id='block_1_55' title="bbox 180 2655 972 2696">
    <p class='ocr_par' dir='ltr' id='par_1_55' title="bbox 180 2655 972 2696">
     <span class='ocr_line' id='line_1_55' title="bbox 180 2655 972 2696; baseline -0.006 -9"><span class='ocrx_word' id='word_1_404' title='bbox 180 2660 358 2696; x_wconf 86' lang='lat' dir='ltr'><strong>ignominiam</strong></span> <span class='ocrx_word' id='word_1_405' title='bbox 375 2659 514 2687; x_wconf 83' lang='lat' dir='ltr'><strong>habebunt</strong></span> <span class='ocrx_word' id='word_1_406' title='bbox 530 2668 536 2686; x_wconf 91' lang='lat'><strong><em>:</em></strong></span> <span class='ocrx_word' id='word_1_407' title='bbox 556 2659 628 2686; x_wconf 85' lang='lat' dir='ltr'><strong>sicut</strong></span> <span class='ocrx_word' id='word_1_408' title='bbox 643 2657 688 2685; x_wconf 91' lang='lat' dir='ltr'><strong>ille</strong></span> <span class='ocrx_word' id='word_1_409' title='bbox 702 2656 749 2691; x_wconf 86' lang='lat' dir='ltr'><strong>qui</strong></span> <span class='ocrx_word' id='word_1_410' title='bbox 766 2655 972 2683; x_wconf 79' lang='lat' dir='ltr'><strong>fundamentum</strong></span> 
     </span>
    </p>
   </div>
   <div class='ocr_carea' id='block_1_56' title="bbox 181 2702 971 2741">
    <p class='ocr_par' dir='ltr' id='par_1_56' title="bbox 181 2702 971 2741">
     <span class='ocr_line' id='line_1_56' title="bbox 181 2702 971 2741; baseline -0.008 -7"><span class='ocrx_word' id='word_1_411' title='bbox 181 2707 282 2741; x_wconf 90' lang='lat' dir='ltr'><strong>posuit,</strong></span> <span class='ocrx_word' id='word_1_412' title='bbox 305 2710 333 2733; x_wconf 85' lang='lat' dir='ltr'><strong>et</strong></span> <span class='ocrx_word' id='word_1_413' title='bbox 358 2713 412 2733; x_wconf 91' lang='lat' dir='ltr'><strong>non</strong></span> <span class='ocrx_word' id='word_1_414' title='bbox 435 2705 523 2738; x_wconf 87' lang='lat' dir='ltr'><strong>potuit</strong></span> <span class='ocrx_word' id='word_1_415' title='bbox 546 2703 677 2740; x_wconf 84' lang='lat' dir='ltr'><strong>perlicere</strong></span> <span class='ocrx_word' id='word_1_416' title='bbox 698 2713 705 2731; x_wconf 91' lang='lat'><strong>:</strong></span> <span class='ocrx_word' id='word_1_417' title='bbox 728 2702 859 2738; x_wconf 79' lang='lat' dir='ltr'><strong>Incipient</strong></span> <span class='ocrx_word' id='word_1_418' title='bbox 882 2702 971 2734; x_wconf 89' lang='lat' dir='ltr'><strong>enim,</strong></span> 
     </span>
    </p>
   </div>
   <div class='ocr_carea' id='block_1_57' title="bbox 181 2747 970 2788">
    <p class='ocr_par' dir='ltr' id='par_1_57' title="bbox 181 2747 970 2788">
     <span class='ocr_line' id='line_1_57' title="bbox 181 2747 970 2788; baseline -0.006 -10"><span class='ocrx_word' id='word_1_419' title='bbox 181 2753 284 2788; x_wconf 85' lang='lat' dir='ltr'><strong>inquit,</strong></span> <span class='ocrx_word' id='word_1_420' title='bbox 307 2760 394 2779; x_wconf 82' lang='lat' dir='ltr'><strong>omnes</strong></span> <span class='ocrx_word' id='word_1_421' title='bbox 419 2752 462 2787; x_wconf 86' lang='lat' dir='ltr'><strong>qui</strong></span> <span class='ocrx_word' id='word_1_422' title='bbox 480 2750 745 2786; x_wconf 75' lang='lat' dir='ltr'><strong>prwtergredientur,</strong></span> <span class='ocrx_word' id='word_1_423' title='bbox 763 2757 821 2776; x_wconf 80' lang='lat' dir='ltr'><strong>eum</strong></span> <span class='ocrx_word' id='word_1_424' title='bbox 843 2747 970 2781; x_wconf 77' lang='lat' dir='ltr'><strong>illudere,</strong></span> 
     </span>
    </p>
   </div>
   <div class='ocr_carea' id='block_1_58' title="bbox 217 2837 739 2874">
    <p class='ocr_par' dir='ltr' id='par_1_58' title="bbox 217 2837 739 2874">
     <span class='ocr_line' id='line_1_58' title="bbox 217 2837 739 2874; baseline -0.006 -5"><span class='ocrx_word' id='word_1_425' title='bbox 217 2842 239 2857; x_wconf 81' lang='grc'><strong>⁸⁷</strong></span> <span class='ocrx_word' id='word_1_426' title='bbox 258 2842 317 2868; x_wconf 79' lang='lat' dir='ltr'><strong>Art.</strong></span> <span class='ocrx_word' id='word_1_427' title='bbox 344 2849 391 2874; x_wconf 79' lang='lat' dir='ltr'><strong>vn,</strong></span> <span class='ocrx_word' id='word_1_428' title='bbox 417 2840 452 2867; x_wconf 75' lang='lat'><strong>59</strong></span> <span class='ocrx_word' id='word_1_429' title='bbox 502 2841 522 2856; x_wconf 86' lang='lat'><strong>&quot;</strong></span> <span class='ocrx_word' id='word_1_430' title='bbox 545 2839 604 2867; x_wconf 78' lang='lat' dir='ltr'><strong>Act.</strong></span> <span class='ocrx_word' id='word_1_431' title='bbox 623 2846 678 2867; x_wconf 72' lang='lat' dir='ltr'><strong>MV.</strong></span> <span class='ocrx_word' id='word_1_432' title='bbox 694 2837 739 2866; x_wconf 73' lang='lat'><strong>2|.</strong></span> 
     </span>
    </p>
   </div>
   <div class='ocr_carea' id='block_1_59' title="bbox 747 123 1219 156">
    <p class='ocr_par' dir='ltr' id='par_1_59' title="bbox 747 123 1219 156">
     <span class='ocr_line' id='line_1_59' title="bbox 747 123 1219 156; baseline 0.004 -3"><span class='ocrx_word' id='word_1_433' title='bbox 747 123 879 154; x_wconf 85' lang='lat' dir='ltr'><strong>PHOTII</strong></span> <span class='ocrx_word' id='word_1_434' title='bbox 897 123 1150 154; x_wconf 71' lang='lat' dir='ltr'><strong>PATRIARCH/E</strong></span> <span class='ocrx_word' id='word_1_435' title='bbox 1164 125 1219 156; x_wconf 75' lang='grc' dir='ltr'><strong>(ΣΡ.</strong></span> 
     </span>
    </p>
   </div>
   <div class='ocr_carea' id='block_1_60' title="bbox 779 2836 1020 2871">
    <p class='ocr_par' dir='ltr' id='par_1_60' title="bbox 779 2836 1020 2871">
     <span class='ocr_line' id='line_1_60' title="bbox 779 2836 1020 2871; baseline -0.012 -7"><span class='ocrx_word' id='word_1_436' title='bbox 779 2839 801 2854; x_wconf 64' lang='grc'><strong>’⁸</strong></span> <span class='ocrx_word' id='word_1_437' title='bbox 819 2836 902 2864; x_wconf 81' lang='lat' dir='ltr'><strong>llcbr.</strong></span> <span class='ocrx_word' id='word_1_438' title='bbox 920 2844 959 2871; x_wconf 76' lang='grc' dir='ltr'><strong>ιι,</strong></span> <span class='ocrx_word' id='word_1_439' title='bbox 976 2836 1020 2864; x_wconf 65' lang='grc'><strong>52.</strong></span> 
     </span>
    </p>
   </div>
   <div class='ocr_carea' id='block_1_61' title="bbox 1022 180 1813 217">
    <p class='ocr_par' dir='ltr' id='par_1_61' title="bbox 1022 180 1813 217">
     <span class='ocr_line' id='line_1_61' title="bbox 1022 180 1813 217; baseline 0.001 -11"><span class='ocrx_word' id='word_1_440' title='bbox 1022 180 1068 207; x_wconf 77' lang='grc' dir='ltr'><strong>καὶ</strong></span> <span class='ocrx_word' id='word_1_441' title='bbox 1082 180 1176 216; x_wconf 75' lang='grc' dir='ltr'>ἀχθεὶς</span> <span class='ocrx_word' id='word_1_442' title='bbox 1191 182 1220 208; x_wconf 70' lang='grc' dir='ltr'>ἐν</span> <span class='ocrx_word' id='word_1_443' title='bbox 1235 181 1273 217; x_wconf 84' lang='grc' dir='ltr'>τῷ</span> <span class='ocrx_word' id='word_1_444' title='bbox 1297 181 1439 217; x_wconf 77' lang='grc' dir='ltr'><strong>συνεδρίῳ,</strong></span> <span class='ocrx_word' id='word_1_445' title='bbox 1457 180 1682 216; x_wconf 76' lang='grc' dir='ltr'>λιθοϐολοὺμενος</span> <span class='ocrx_word' id='word_1_446' title='bbox 1706 181 1735 207; x_wconf 77' lang='grc' dir='ltr'>ἐν</span> <span class='ocrx_word' id='word_1_447' title='bbox 1756 182 1813 207; x_wconf 78' lang='grc' dir='ltr'><strong>ὀνό-</strong></span> 
     </span>
    </p>
   </div>
   <div class='ocr_carea' id='block_1_62' title="bbox 1024 226 1813 262">
    <p class='ocr_par' dir='ltr' id='par_1_62' title="bbox 1024 226 1813 262">
     <span class='ocr_line' id='line_1_62' title="bbox 1024 226 1813 262; baseline 0.003 -10"><span class='ocrx_word' id='word_1_448' title='bbox 1024 234 1089 261; x_wconf 84' lang='grc' dir='ltr'>ματι</span> <span class='ocrx_word' id='word_1_449' title='bbox 1104 226 1223 261; x_wconf 80' lang='grc' dir='ltr'><strong>Χριστοῦ</strong></span> <span class='ocrx_word' id='word_1_450' title='bbox 1238 226 1367 262; x_wconf 79' lang='grc' dir='ltr'><strong>ἐδοξάσθη</strong></span> <span class='ocrx_word' id='word_1_451' title='bbox 1382 227 1549 262; x_wconf 72' lang='grc' dir='ltr'><strong>παρακαλῶν</strong></span> <span class='ocrx_word' id='word_1_452' title='bbox 1567 227 1615 254; x_wconf 73' lang='grc' dir='ltr'>καὶ</span> <span class='ocrx_word' id='word_1_453' title='bbox 1630 226 1718 261; x_wconf 89' lang='grc' dir='ltr'>λέγων</span> <span class='ocrx_word' id='word_1_454' title='bbox 1730 235 1738 242; x_wconf 88' lang='grc'>·</span> <span class='ocrx_word' id='word_1_455' title='bbox 1754 227 1813 254; x_wconf 87' lang='grc' dir='ltr'><strong>Κύ-</strong></span> 
     </span>
    </p>
   </div>
   <div class='ocr_carea' id='block_1_63' title="bbox 1018 272 1814 307">
    <p class='ocr_par' dir='ltr' id='par_1_63' title="bbox 1018 272 1814 307">
     <span class='ocr_line' id='line_1_63' title="bbox 1018 272 1814 307; baseline 0 -7"><span class='ocrx_word' id='word_1_456' title='bbox 1018 280 1077 306; x_wconf 83' lang='grc' dir='ltr'>ριε,</span> <span class='ocrx_word' id='word_1_457' title='bbox 1088 272 1132 306; x_wconf 82' lang='grc' dir='ltr'>μὴ</span> <span class='ocrx_word' id='word_1_458' title='bbox 1148 272 1268 307; x_wconf 79' lang='grc' dir='ltr'><strong>στήσῃς</strong></span> <span class='ocrx_word' id='word_1_459' title='bbox 1285 272 1386 306; x_wconf 76' lang='grc' dir='ltr'>αὐτοῖς</span> <span class='ocrx_word' id='word_1_460' title='bbox 1400 272 1458 307; x_wconf 84' lang='grc' dir='ltr'>τὴν</span> <span class='ocrx_word' id='word_1_461' title='bbox 1471 273 1617 307; x_wconf 78' lang='grc' dir='ltr'><strong>ἁμαρτίαν</strong></span> <span class='ocrx_word' id='word_1_462' title='bbox 1631 282 1639 289; x_wconf 90' lang='grc'><strong>·</strong></span> <span class='ocrx_word' id='word_1_463' title='bbox 1652 273 1738 305; x_wconf 77' lang='grc' dir='ltr'>οὕτως</span> <span class='ocrx_word' id='word_1_464' title='bbox 1759 274 1814 300; x_wconf 82' lang='grc' dir='ltr'><strong>Ἰά-</strong></span> 
     </span>
    </p>
   </div>
   <div class='ocr_carea' id='block_1_64' title="bbox 1020 318 1815 354">
    <p class='ocr_par' dir='ltr' id='par_1_64' title="bbox 1020 318 1815 354">
     <span class='ocr_line' id='line_1_64' title="bbox 1020 318 1815 354; baseline -0.001 -9"><span class='ocrx_word' id='word_1_465' title='bbox 1020 318 1110 350; x_wconf 78' lang='grc' dir='ltr'>κωϐος</span> <span class='ocrx_word' id='word_1_466' title='bbox 1133 318 1257 353; x_wconf 78' lang='grc' dir='ltr'>δεύτερος</span> <span class='ocrx_word' id='word_1_467' title='bbox 1278 318 1440 354; x_wconf 72' lang='grc' dir='ltr'>συλληφθεὶς</span> <span class='ocrx_word' id='word_1_468' title='bbox 1465 319 1517 345; x_wconf 81' lang='grc' dir='ltr'>ὑπὸ</span> <span class='ocrx_word' id='word_1_469' title='bbox 1535 319 1667 354; x_wconf 83' lang='grc' dir='ltr'>Ἡρώδου,</span> <span class='ocrx_word' id='word_1_470' title='bbox 1692 320 1815 354; x_wconf 69' lang='grc' dir='ltr'>μαχαίρᾳ</span> 
     </span>
    </p>
   </div>
   <div class='ocr_carea' id='block_1_65' title="bbox 1019 364 1816 401">
    <p class='ocr_par' dir='ltr' id='par_1_65' title="bbox 1019 364 1816 401">
     <span class='ocr_line' id='line_1_65' title="bbox 1019 364 1816 401; baseline 0.001 -10"><span class='ocrx_word' id='word_1_471' title='bbox 1019 364 1069 400; x_wconf 87' lang='grc' dir='ltr'>τὴν</span> <span class='ocrx_word' id='word_1_472' title='bbox 1083 364 1204 400; x_wconf 79' lang='grc' dir='ltr'>κεφαλὴν</span> <span class='ocrx_word' id='word_1_473' title='bbox 1216 365 1374 401; x_wconf 84' lang='grc' dir='ltr'>ἀπετμήθη·</span> <span class='ocrx_word' id='word_1_474' title='bbox 1389 365 1476 397; x_wconf 69' lang='grc' dir='ltr'>οὕτως</span> <span class='ocrx_word' id='word_1_475' title='bbox 1488 367 1502 392; x_wconf 82' lang='grc' dir='ltr'>ὁ</span> <span class='ocrx_word' id='word_1_476' title='bbox 1518 366 1665 401; x_wconf 80' lang='grc' dir='ltr'>πρόκριτος</span> <span class='ocrx_word' id='word_1_477' title='bbox 1680 365 1734 392; x_wconf 84' lang='grc' dir='ltr'><strong>τῶν</strong></span> <span class='ocrx_word' id='word_1_478' title='bbox 1750 365 1816 392; x_wconf 84' lang='grc' dir='ltr'>ἁπο-</span> 
     </span>
    </p>
   </div>
   <div class='ocr_carea' id='block_1_66' title="bbox 1021 409 1816 445">
    <p class='ocr_par' dir='ltr' id='par_1_66' title="bbox 1021 409 1816 445">
     <span class='ocr_line' id='line_1_66' title="bbox 1021 409 1816 445; baseline -0.001 -9"><span class='ocrx_word' id='word_1_479' title='bbox 1021 409 1121 436; x_wconf 75' lang='grc' dir='ltr'>στόλων</span> <span class='ocrx_word' id='word_1_480' title='bbox 1146 409 1261 445; x_wconf 80' lang='grc' dir='ltr'><strong>Πέτρος,</strong></span> <span class='ocrx_word' id='word_1_481' title='bbox 1286 410 1416 441; x_wconf 72' lang='grc' dir='ltr'><strong>πολλάκις</strong></span> <span class='ocrx_word' id='word_1_482' title='bbox 1444 409 1606 445; x_wconf 69' lang='grc' dir='ltr'><strong>συλληφθεὶς</strong></span> <span class='ocrx_word' id='word_1_483' title='bbox 1630 411 1678 435; x_wconf 84' lang='grc' dir='ltr'>καὶ</span> <span class='ocrx_word' id='word_1_484' title='bbox 1701 410 1816 443; x_wconf 76' lang='grc' dir='ltr'>φυλακι-</span> 
     </span>
    </p>
   </div>
   <div class='ocr_carea' id='block_1_67' title="bbox 1021 455 1812 494">
    <p class='ocr_par' dir='ltr' id='par_1_67' title="bbox 1021 455 1812 494">
     <span class='ocr_line' id='line_1_67' title="bbox 1021 455 1812 494; baseline -0.001 -13"><span class='ocrx_word' id='word_1_485' title='bbox 1021 455 1094 487; x_wconf 84' lang='grc' dir='ltr'>σθεὶς</span> <span class='ocrx_word' id='word_1_486' title='bbox 1106 455 1152 481; x_wconf 76' lang='grc' dir='ltr'>καὶ</span> <span class='ocrx_word' id='word_1_487' title='bbox 1167 455 1342 494; x_wconf 57' lang='grc' dir='ltr'><strong>ιΞιτιμασΘιιλςῑ</strong></span> <span class='ocrx_word' id='word_1_488' title='bbox 1354 455 1468 490; x_wconf 77' lang='grc' dir='ltr'>ὕστερον</span> <span class='ocrx_word' id='word_1_489' title='bbox 1480 456 1508 480; x_wconf 76' lang='grc' dir='ltr'>ἐν</span> <span class='ocrx_word' id='word_1_490' title='bbox 1528 455 1623 491; x_wconf 86' lang='grc' dir='ltr'><strong>Ῥώμῃ</strong></span> <span class='ocrx_word' id='word_1_491' title='bbox 1641 455 1812 490; x_wconf 72' lang='grc' dir='ltr'>ἐσταυρώθη·</span> 
     </span>
    </p>
   </div>
   <div class='ocr_carea' id='block_1_68' title="bbox 1020 501 1815 537">
    <p class='ocr_par' dir='ltr' id='par_1_68' title="bbox 1020 501 1815 537">
     <span class='ocr_line' id='line_1_68' title="bbox 1020 501 1815 537; baseline -0.003 -9"><span class='ocrx_word' id='word_1_492' title='bbox 1020 502 1122 536; x_wconf 82' lang='grc' dir='ltr'>ὁμοίως</span> <span class='ocrx_word' id='word_1_493' title='bbox 1136 502 1183 529; x_wconf 79' lang='grc' dir='ltr'>καὶ</span> <span class='ocrx_word' id='word_1_494' title='bbox 1196 503 1210 528; x_wconf 81' lang='grc' dir='ltr'><strong><em>ὁ</em></strong></span> <span class='ocrx_word' id='word_1_495' title='bbox 1225 501 1388 537; x_wconf 74' lang='grc' dir='ltr'>περιϐόητος</span> <span class='ocrx_word' id='word_1_496' title='bbox 1404 501 1510 533; x_wconf 78' lang='grc' dir='ltr'><strong>Παῦλος</strong></span> <span class='ocrx_word' id='word_1_497' title='bbox 1527 501 1673 532; x_wconf 82' lang='grc' dir='ltr'>πλεονάκις</span> <span class='ocrx_word' id='word_1_498' title='bbox 1697 501 1815 536; x_wconf 84' lang='grc' dir='ltr'>παραδο-</span> 
     </span>
    </p>
   </div>
   <div class='ocr_carea' id='block_1_69' title="bbox 1021 546 1816 581">
    <p class='ocr_par' dir='ltr' id='par_1_69' title="bbox 1021 546 1816 581">
     <span class='ocr_line' id='line_1_69' title="bbox 1021 546 1816 581; baseline -0.001 -8"><span class='ocrx_word' id='word_1_499' title='bbox 1021 546 1089 580; x_wconf 76' lang='grc' dir='ltr'>θεὶς,</span> <span class='ocrx_word' id='word_1_500' title='bbox 1112 548 1159 573; x_wconf 71' lang='grc' dir='ltr'>καὶ</span> <span class='ocrx_word' id='word_1_501' title='bbox 1175 547 1228 579; x_wconf 74' lang='grc' dir='ltr'>ἕως</span> <span class='ocrx_word' id='word_1_502' title='bbox 1248 547 1364 574; x_wconf 75' lang='grc' dir='ltr'>θανάτου</span> <span class='ocrx_word' id='word_1_503' title='bbox 1378 547 1565 579; x_wconf 67' lang='grc' dir='ltr'><strong>κινδυνεύσας,</strong></span> <span class='ocrx_word' id='word_1_504' title='bbox 1589 546 1674 573; x_wconf 83' lang='grc' dir='ltr'>πολλά</span> <span class='ocrx_word' id='word_1_505' title='bbox 1688 554 1717 572; x_wconf 89' lang='grc' dir='ltr'><strong>τε</strong></span> <span class='ocrx_word' id='word_1_506' title='bbox 1733 546 1816 581; x_wconf 75' lang='grc' dir='ltr'>ἀθλή-</span> 
     </span>
    </p>
   </div>
   <div class='ocr_carea' id='block_1_70' title="bbox 1021 591 1815 626">
    <p class='ocr_par' dir='ltr' id='par_1_70' title="bbox 1021 591 1815 626">
     <span class='ocr_line' id='line_1_70' title="bbox 1021 591 1815 626; baseline 0.001 -10"><span class='ocrx_word' id='word_1_507' title='bbox 1021 598 1070 622; x_wconf 86' lang='grc' dir='ltr'><strong>σας</strong></span> <span class='ocrx_word' id='word_1_508' title='bbox 1092 591 1139 617; x_wconf 80' lang='grc' dir='ltr'>καὶ</span> <span class='ocrx_word' id='word_1_509' title='bbox 1152 591 1361 626; x_wconf 83' lang='grc' dir='ltr'>καυχησάμενος</span> <span class='ocrx_word' id='word_1_510' title='bbox 1375 593 1402 617; x_wconf 83' lang='grc' dir='ltr'><strong>ὲν</strong></span> <span class='ocrx_word' id='word_1_511' title='bbox 1422 591 1530 623; x_wconf 80' lang='grc' dir='ltr'>πολλοῖς</span> <span class='ocrx_word' id='word_1_512' title='bbox 1550 592 1680 626; x_wconf 84' lang='grc' dir='ltr'><strong>διωγμοῖς</strong></span> <span class='ocrx_word' id='word_1_513' title='bbox 1696 591 1744 618; x_wconf 78' lang='grc' dir='ltr'>καὶ</span> <span class='ocrx_word' id='word_1_514' title='bbox 1756 591 1815 617; x_wconf 76' lang='grc' dir='ltr'>θλί-</span> 
     </span>
    </p>
   </div>
   <div class='ocr_carea' id='block_1_71' title="bbox 1020 635 1815 673">
    <p class='ocr_par' dir='ltr' id='par_1_71' title="bbox 1020 635 1815 673">
     <span class='ocr_line' id='line_1_71' title="bbox 1020 635 1815 673; baseline 0.001 -11"><span class='ocrx_word' id='word_1_515' title='bbox 1020 635 1121 670; x_wconf 63' lang='grc' dir='ltr'>ψεσιν,ἲ</span> <span class='ocrx_word' id='word_1_516' title='bbox 1136 637 1165 662; x_wconf 82' lang='grc' dir='ltr'>ἐν</span> <span class='ocrx_word' id='word_1_517' title='bbox 1191 637 1224 672; x_wconf 86' lang='grc' dir='ltr'><strong>τῇ</strong></span> <span class='ocrx_word' id='word_1_518' title='bbox 1253 638 1321 673; x_wconf 83' lang='grc' dir='ltr'>αὐτῇ</span> <span class='ocrx_word' id='word_1_519' title='bbox 1344 637 1420 664; x_wconf 77' lang='grc' dir='ltr'>πόλει</span> <span class='ocrx_word' id='word_1_520' title='bbox 1441 638 1488 664; x_wconf 63' lang='grc' dir='ltr'><strong>καὶ⁴</strong></span> <span class='ocrx_word' id='word_1_521' title='bbox 1504 639 1586 669; x_wconf 79' lang='grc' dir='ltr'>αὐτὸς</span> <span class='ocrx_word' id='word_1_522' title='bbox 1614 637 1737 672; x_wconf 76' lang='grc' dir='ltr'>μαχαίρᾳ</span> <span class='ocrx_word' id='word_1_523' title='bbox 1765 636 1815 672; x_wconf 81' lang='grc' dir='ltr'><strong>τὴν</strong></span> 
     </span>
    </p>
   </div>
   <div class='ocr_carea' id='block_1_72' title="bbox 1021 681 1815 720">
    <p class='ocr_par' dir='ltr' id='par_1_72' title="bbox 1021 681 1815 720">
     <span class='ocr_line' id='line_1_72' title="bbox 1021 681 1815 720; baseline 0 -11"><span class='ocrx_word' id='word_1_524' title='bbox 1021 683 1143 718; x_wconf 80' lang='grc' dir='ltr'>κεφαλὴν</span> <span class='ocrx_word' id='word_1_525' title='bbox 1158 683 1315 720; x_wconf 77' lang='grc' dir='ltr'>ἀπετμήθη,</span> <span class='ocrx_word' id='word_1_526' title='bbox 1334 685 1364 716; x_wconf 82' lang='grc' dir='ltr'>ὃς</span> <span class='ocrx_word' id='word_1_527' title='bbox 1377 686 1406 711; x_wconf 83' lang='grc' dir='ltr'>ὲν</span> <span class='ocrx_word' id='word_1_528' title='bbox 1422 681 1463 716; x_wconf 73' lang='grc' dir='ltr'><strong>οἷς</strong></span> <span class='ocrx_word' id='word_1_529' title='bbox 1474 685 1646 720; x_wconf 73' lang='grc' dir='ltr'><strong>ἐκαυχήσατο</strong></span> <span class='ocrx_word' id='word_1_530' title='bbox 1660 683 1815 716; x_wconf 76' lang='grc' dir='ltr'>κατέλεξεν,</span> 
     </span>
    </p>
   </div>
   <div class='ocr_carea' id='block_1_73' title="bbox 1020 728 1816 766">
    <p class='ocr_par' dir='ltr' id='par_1_73' title="bbox 1020 728 1816 766">
     <span class='ocr_line' id='line_1_73' title="bbox 1020 728 1816 766; baseline 0.001 -12"><span class='ocrx_word' id='word_1_531' title='bbox 1020 728 1062 755; x_wconf 79' lang='grc' dir='ltr'>ὅτι</span> <span class='ocrx_word' id='word_1_532' title='bbox 1079 728 1128 755; x_wconf 67' lang='grc' dir='ltr'>καὶ</span> <span class='ocrx_word' id='word_1_533' title='bbox 1144 729 1172 755; x_wconf 79' lang='grc' dir='ltr'>ἐν</span> <span class='ocrx_word' id='word_1_534' title='bbox 1187 730 1325 765; x_wconf 80' lang='grc' dir='ltr'><strong>Δαμασκῷ</strong></span> <span class='ocrx_word' id='word_1_535' title='bbox 1341 730 1453 766; x_wconf 86' lang='grc' dir='ltr'>σπυρίδι</span> <span class='ocrx_word' id='word_1_536' title='bbox 1468 730 1605 766; x_wconf 80' lang='grc' dir='ltr'>ὲχαλάσθη</span> <span class='ocrx_word' id='word_1_537' title='bbox 1627 730 1672 756; x_wconf 78' lang='grc' dir='ltr'><strong>διὰ</strong></span> <span class='ocrx_word' id='word_1_538' title='bbox 1691 729 1739 756; x_wconf 88' lang='grc' dir='ltr'><strong>τοῦ</strong></span> <span class='ocrx_word' id='word_1_539' title='bbox 1758 730 1816 756; x_wconf 83' lang='grc' dir='ltr'><strong>τεὶ-</strong></span> 
     </span>
    </p>
   </div>
   <div class='ocr_carea' id='block_1_74' title="bbox 1022 773 1818 810">
    <p class='ocr_par' dir='ltr' id='par_1_74' title="bbox 1022 773 1818 810">
     <span class='ocr_line' id='line_1_74' title="bbox 1022 773 1818 810; baseline 0.005 -12"><span class='ocrx_word' id='word_1_540' title='bbox 1022 781 1089 808; x_wconf 83' lang='grc' dir='ltr'>χους</span> <span class='ocrx_word' id='word_1_541' title='bbox 1109 773 1217 806; x_wconf 75' lang='grc' dir='ltr'>νυκτὸς,</span> <span class='ocrx_word' id='word_1_542' title='bbox 1233 775 1278 801; x_wconf 82' lang='grc' dir='ltr'>καὶ</span> <span class='ocrx_word' id='word_1_543' title='bbox 1296 774 1411 809; x_wconf 73' lang='grc' dir='ltr'>ἐξέφυγε</span> <span class='ocrx_word' id='word_1_544' title='bbox 1428 775 1475 806; x_wconf 80' lang='grc' dir='ltr'><strong>τὰς</strong></span> <span class='ocrx_word' id='word_1_545' title='bbox 1500 777 1594 810; x_wconf 79' lang='grc' dir='ltr'>χεῖρας</span> <span class='ocrx_word' id='word_1_546' title='bbox 1609 774 1656 801; x_wconf 85' lang='grc' dir='ltr'><strong>τοῦ</strong></span> <span class='ocrx_word' id='word_1_547' title='bbox 1671 774 1818 809; x_wconf 84' lang='grc' dir='ltr'>ζητοῦντος</span> 
     </span>
    </p>
   </div>
   <div class='ocr_carea' id='block_1_75' title="bbox 1023 817 1818 858">
    <p class='ocr_par' dir='ltr' id='par_1_75' title="bbox 1023 817 1818 858">
     <span class='ocr_line' id='line_1_75' title="bbox 1023 817 1818 858; baseline 0.003 -14"><span class='ocrx_word' id='word_1_548' title='bbox 1023 818 1105 845; x_wconf 69' lang='grc' dir='ltr'>αὐτὸν</span> <span class='ocrx_word' id='word_1_549' title='bbox 1134 819 1248 845; x_wconf 80' lang='grc' dir='ltr'><strong>πιάσαι·</strong></span> <span class='ocrx_word' id='word_1_550' title='bbox 1272 819 1303 846; x_wconf 78' lang='grc' dir='ltr'><strong>τὸ</strong></span> <span class='ocrx_word' id='word_1_551' title='bbox 1320 819 1374 855; x_wconf 83' lang='grc' dir='ltr'><strong>γὰρ</strong></span> <span class='ocrx_word' id='word_1_552' title='bbox 1391 821 1573 855; x_wconf 86' lang='grc' dir='ltr'>προκείμενον</span> <span class='ocrx_word' id='word_1_553' title='bbox 1595 817 1629 855; x_wconf 80' lang='grc' dir='ltr'>ἦν</span> <span class='ocrx_word' id='word_1_554' title='bbox 1649 821 1761 858; x_wconf 77' lang='grc' dir='ltr'>αὐτοῖς,</span> <span class='ocrx_word' id='word_1_555' title='bbox 1787 821 1818 846; x_wconf 77' lang='grc' dir='ltr'>ἐν</span> 
     </span>
    </p>
   </div>
   <div class='ocr_carea' id='block_1_76' title="bbox 1025 863 1817 900">
    <p class='ocr_par' dir='ltr' id='par_1_76' title="bbox 1025 863 1817 900">
     <span class='ocr_line' id='line_1_76' title="bbox 1025 863 1817 900; baseline 0.003 -10"><span class='ocrx_word' id='word_1_556' title='bbox 1025 863 1145 899; x_wconf 80' lang='grc' dir='ltr'>πρώτοις</span> <span class='ocrx_word' id='word_1_557' title='bbox 1161 865 1387 900; x_wconf 81' lang='grc' dir='ltr'><strong>εὐαγγελίζεσθαι</strong></span> <span class='ocrx_word' id='word_1_558' title='bbox 1405 866 1452 893; x_wconf 72' lang='grc' dir='ltr'><strong>καὶ</strong></span> <span class='ocrx_word' id='word_1_559' title='bbox 1463 866 1599 893; x_wconf 81' lang='grc' dir='ltr'>διδάσκειν</span> <span class='ocrx_word' id='word_1_560' title='bbox 1614 866 1660 892; x_wconf 84' lang='grc' dir='ltr'>τὸν</span> <span class='ocrx_word' id='word_1_561' title='bbox 1676 866 1754 900; x_wconf 84' lang='grc' dir='ltr'>λόγον</span> <span class='ocrx_word' id='word_1_562' title='bbox 1768 867 1817 892; x_wconf 82' lang='grc' dir='ltr'><strong>τοῦ</strong></span> 
     </span>
    </p>
   </div>
   <div class='ocr_carea' id='block_1_77' title="bbox 1025 909 1818 947">
    <p class='ocr_par' dir='ltr' id='par_1_77' title="bbox 1025 909 1818 947">
     <span class='ocr_line' id='line_1_77' title="bbox 1025 909 1818 947; baseline 0.001 -10"><span class='ocrx_word' id='word_1_563' title='bbox 1025 910 1104 944; x_wconf 81' lang='grc' dir='ltr'>Θεοῦ,</span> <span class='ocrx_word' id='word_1_564' title='bbox 1117 911 1146 938; x_wconf 84' lang='grc' dir='ltr'><strong>ὲν</strong></span> <span class='ocrx_word' id='word_1_565' title='bbox 1156 909 1197 942; x_wconf 77' lang='grc' dir='ltr'>οἷς</span> <span class='ocrx_word' id='word_1_566' title='bbox 1213 911 1436 947; x_wconf 75' lang='grc' dir='ltr'>ἐπιστηρίζοντες</span> <span class='ocrx_word' id='word_1_567' title='bbox 1459 912 1522 944; x_wconf 79' lang='grc' dir='ltr'>τοὺς</span> <span class='ocrx_word' id='word_1_568' title='bbox 1538 912 1671 947; x_wconf 82' lang='grc' dir='ltr'>ἀδελφοὺς</span> <span class='ocrx_word' id='word_1_569' title='bbox 1687 912 1818 947; x_wconf 73' lang='grc' dir='ltr'>ἐμμένειν</span> 
     </span>
    </p>
   </div>
   <div class='ocr_carea' id='block_1_78' title="bbox 1025 956 1820 992">
    <p class='ocr_par' dir='ltr' id='par_1_78' title="bbox 1025 956 1820 992">
     <span class='ocr_line' id='line_1_78' title="bbox 1025 956 1820 992; baseline 0.001 -9"><span class='ocrx_word' id='word_1_570' title='bbox 1025 956 1055 983; x_wconf 83' lang='grc' dir='ltr'>ὲν</span> <span class='ocrx_word' id='word_1_571' title='bbox 1069 958 1102 992; x_wconf 80' lang='grc' dir='ltr'>τῇ</span> <span class='ocrx_word' id='word_1_572' title='bbox 1119 957 1228 983; x_wconf 83' lang='grc' dir='ltr'>πίστει·</span> <span class='ocrx_word' id='word_1_573' title='bbox 1255 957 1398 984; x_wconf 79' lang='grc' dir='ltr'>καὶτοῦτο</span> <span class='ocrx_word' id='word_1_574' title='bbox 1424 957 1527 992; x_wconf 75' lang='grc' dir='ltr'>ἔλεγον,</span> <span class='ocrx_word' id='word_1_575' title='bbox 1554 958 1595 985; x_wconf 86' lang='grc' dir='ltr'>ὅτι</span> <span class='ocrx_word' id='word_1_576' title='bbox 1618 958 1670 984; x_wconf 85' lang='grc' dir='ltr'><strong>Διὰ</strong></span> <span class='ocrx_word' id='word_1_577' title='bbox 1692 957 1820 985; x_wconf 73' lang='grc' dir='ltr'>πολλῶν</span> 
     </span>
    </p>
   </div>
   <div class='ocr_carea' id='block_1_79' title="bbox 1025 1001 1819 1038">
    <p class='ocr_par' dir='ltr' id='par_1_79' title="bbox 1025 1001 1819 1038">
     <span class='ocr_line' id='line_1_79' title="bbox 1025 1001 1819 1038; baseline 0.004 -11"><span class='ocrx_word' id='word_1_578' title='bbox 1025 1002 1160 1035; x_wconf 75' lang='grc' dir='ltr'><strong>θλίψεων</strong></span> <span class='ocrx_word' id='word_1_579' title='bbox 1183 1001 1232 1029; x_wconf 71' lang='grc' dir='ltr'>δεῖ</span> <span class='ocrx_word' id='word_1_580' title='bbox 1249 1003 1398 1030; x_wconf 75' lang='grc' dir='ltr'>εἰσελθεῖν</span> <span class='ocrx_word' id='word_1_581' title='bbox 1427 1004 1471 1036; x_wconf 78' lang='grc' dir='ltr'><strong>εις</strong></span> <span class='ocrx_word' id='word_1_582' title='bbox 1494 1002 1552 1038; x_wconf 78' lang='grc' dir='ltr'>τὴν</span> <span class='ocrx_word' id='word_1_583' title='bbox 1573 1003 1739 1035; x_wconf 80' lang='grc' dir='ltr'>,ϐασιλείαν</span> <span class='ocrx_word' id='word_1_584' title='bbox 1764 1003 1819 1030; x_wconf 84' lang='grc' dir='ltr'><strong>τοῦ</strong></span> 
     </span>
    </p>
   </div>
   <div class='ocr_carea' id='block_1_80' title="bbox 1028 1047 1820 1085">
    <p class='ocr_par' dir='ltr' id='par_1_80' title="bbox 1028 1047 1820 1085">
     <span class='ocr_line' id='line_1_80' title="bbox 1028 1047 1820 1085; baseline 0.003 -11"><span class='ocrx_word' id='word_1_585' title='bbox 1028 1048 1112 1075; x_wconf 88' lang='grc' dir='ltr'>Θεοῦ·</span> <span class='ocrx_word' id='word_1_586' title='bbox 1128 1047 1242 1083; x_wconf 75' lang='grc' dir='ltr'><strong>ἐζήτουν</strong></span> <span class='ocrx_word' id='word_1_587' title='bbox 1256 1049 1311 1084; x_wconf 83' lang='grc' dir='ltr'>γὰρ</span> <span class='ocrx_word' id='word_1_588' title='bbox 1328 1049 1358 1075; x_wconf 79' lang='grc' dir='ltr'>οὐ</span> <span class='ocrx_word' id='word_1_589' title='bbox 1370 1049 1401 1076; x_wconf 80' lang='grc' dir='ltr'>τὸ</span> <span class='ocrx_word' id='word_1_590' title='bbox 1415 1049 1519 1076; x_wconf 82' lang='grc' dir='ltr'>ἑαυτῶν</span> <span class='ocrx_word' id='word_1_591' title='bbox 1538 1050 1689 1085; x_wconf 76' lang='grc' dir='ltr'>συμφέρον,</span> <span class='ocrx_word' id='word_1_592' title='bbox 1704 1049 1773 1077; x_wconf 84' lang='grc' dir='ltr'>ἀλλὰ</span> <span class='ocrx_word' id='word_1_593' title='bbox 1788 1049 1820 1076; x_wconf 74' lang='grc' dir='ltr'><strong>τὸ</strong></span> 
     </span>
    </p>
   </div>
   <div class='ocr_carea' id='block_1_81' title="bbox 1025 1092 1818 1131">
    <p class='ocr_par' dir='ltr' id='par_1_81' title="bbox 1025 1092 1818 1131">
     <span class='ocr_line' id='line_1_81' title="bbox 1025 1092 1818 1131; baseline 0.005 -13"><span class='ocrx_word' id='word_1_594' title='bbox 1025 1092 1079 1118; x_wconf 83' lang='grc' dir='ltr'><strong>τῶν</strong></span> <span class='ocrx_word' id='word_1_595' title='bbox 1094 1092 1200 1120; x_wconf 82' lang='grc' dir='ltr'>πολλῶν</span> <span class='ocrx_word' id='word_1_596' title='bbox 1214 1094 1257 1120; x_wconf 79' lang='grc' dir='ltr'><strong>ἵνα</strong></span> <span class='ocrx_word' id='word_1_597' title='bbox 1277 1094 1396 1121; x_wconf 72' lang='grc' dir='ltr'>σωθῶσι*</span> <span class='ocrx_word' id='word_1_598' title='bbox 1415 1096 1463 1122; x_wconf 67' lang='grc' dir='ltr'><strong>καὶ</strong></span> <span class='ocrx_word' id='word_1_599' title='bbox 1474 1093 1509 1131; x_wconf 80' lang='grc' dir='ltr'>ἦν</span> <span class='ocrx_word' id='word_1_600' title='bbox 1524 1095 1610 1122; x_wconf 83' lang='grc' dir='ltr'>πολλὰ</span> <span class='ocrx_word' id='word_1_601' title='bbox 1621 1095 1713 1129; x_wconf 84' lang='grc' dir='ltr'>λέγειν</span> <span class='ocrx_word' id='word_1_602' title='bbox 1725 1095 1818 1127; x_wconf 83' lang='grc' dir='ltr'>αὐτοῖς</span> 
     </span>
    </p>
   </div>
   <div class='ocr_carea' id='block_1_82' title="bbox 1025 1140 1818 1176">
    <p class='ocr_par' dir='ltr' id='par_1_82' title="bbox 1025 1140 1818 1176">
     <span class='ocr_line' id='line_1_82' title="bbox 1025 1140 1818 1176; baseline 0.004 -11"><span class='ocrx_word' id='word_1_603' title='bbox 1025 1140 1065 1168; x_wconf 84' lang='grc' dir='ltr'><strong>είς</strong></span> <span class='ocrx_word' id='word_1_604' title='bbox 1086 1140 1171 1166; x_wconf 86' lang='grc' dir='ltr'>ταῦτα</span> <span class='ocrx_word' id='word_1_605' title='bbox 1191 1140 1260 1174; x_wconf 75' lang='grc' dir='ltr'>πρὸς</span> <span class='ocrx_word' id='word_1_606' title='bbox 1276 1140 1307 1168; x_wconf 82' lang='grc' dir='ltr'>τὸ</span> <span class='ocrx_word' id='word_1_607' title='bbox 1323 1141 1393 1169; x_wconf 82' lang='grc' dir='ltr'>κατὰ</span> <span class='ocrx_word' id='word_1_608' title='bbox 1409 1141 1489 1175; x_wconf 86' lang='grc' dir='ltr'>λόγον</span> <span class='ocrx_word' id='word_1_609' title='bbox 1504 1142 1647 1176; x_wconf 79' lang='grc' dir='ltr'>πράσσειν,</span> <span class='ocrx_word' id='word_1_610' title='bbox 1661 1141 1696 1169; x_wconf 86' lang='lat' dir='ltr'><strong>El</strong></span> <span class='ocrx_word' id='word_1_611' title='bbox 1708 1141 1764 1176; x_wconf 81' lang='grc' dir='ltr'>μὴ,</span> <span class='ocrx_word' id='word_1_612' title='bbox 1778 1141 1818 1174; x_wconf 83' lang='grc' dir='ltr'><strong>ὡς</strong></span> 
     </span>
    </p>
   </div>
   <div class='ocr_carea' id='block_1_83' title="bbox 1025 1185 1819 1223">
    <p class='ocr_par' dir='ltr' id='par_1_83' title="bbox 1025 1185 1819 1223">
     <span class='ocr_line' id='line_1_83' title="bbox 1025 1185 1819 1223; baseline 0.005 -12"><span class='ocrx_word' id='word_1_613' title='bbox 1025 1185 1099 1219; x_wconf 78' lang='grc' dir='ltr'>Λέγει</span> <span class='ocrx_word' id='word_1_614' title='bbox 1111 1185 1304 1219; x_wconf 74' lang='grc' dir='ltr'>ὁἋπόστολος,</span> <span class='ocrx_word' id='word_1_615' title='bbox 1319 1187 1461 1222; x_wconf 56' lang='lat' dir='ltr'><strong>eadem?)</strong></span> <span class='ocrx_word' id='word_1_616' title='bbox 1474 1187 1500 1214; x_wconf 86' lang='grc' dir='ltr'>δ’</span> <span class='ocrx_word' id='word_1_617' title='bbox 1515 1187 1554 1216; x_wconf 83' lang='grc' dir='ltr'>ἂν</span> <span class='ocrx_word' id='word_1_618' title='bbox 1568 1187 1647 1222; x_wconf 75' lang='grc' dir='ltr'>ἡμᾶς</span> <span class='ocrx_word' id='word_1_619' title='bbox 1659 1187 1819 1223; x_wconf 71' lang='grc' dir='ltr'>διηγουμέ-</span> 
     </span>
    </p>
   </div>
   <div class='ocr_carea' id='block_1_84' title="bbox 1025 1232 1262 1265">
    <p class='ocr_par' dir='ltr' id='par_1_84' title="bbox 1025 1232 1262 1265">
     <span class='ocr_line' id='line_1_84' title="bbox 1025 1232 1262 1265; baseline 0.004 -8"><span class='ocrx_word' id='word_1_620' title='bbox 1025 1238 1098 1263; x_wconf 78' lang='grc' dir='ltr'>νους</span> <span class='ocrx_word' id='word_1_621' title='bbox 1112 1232 1129 1257; x_wconf 81' lang='grc' dir='ltr'><em>ό</em></span> <span class='ocrx_word' id='word_1_622' title='bbox 1142 1232 1262 1265; x_wconf 80' lang='grc' dir='ltr'>χρόνος.</span> 
     </span>
    </p>
   </div>
   <div class='ocr_carea' id='block_1_85' title="bbox 1063 1276 1819 1312">
    <p class='ocr_par' dir='ltr' id='par_1_85' title="bbox 1063 1276 1819 1312">
     <span class='ocr_line' id='line_1_85' title="bbox 1063 1276 1819 1312; baseline 0.004 -9"><span class='ocrx_word' id='word_1_623' title='bbox 1063 1276 1088 1304; x_wconf 94' lang='grc' dir='ltr'><strong>ι’.</strong></span> <span class='ocrx_word' id='word_1_624' title='bbox 1119 1277 1200 1303; x_wconf 83' lang='grc' dir='ltr'>Ὅθεν</span> <span class='ocrx_word' id='word_1_625' title='bbox 1228 1278 1277 1304; x_wconf 72' lang='grc' dir='ltr'><strong>οὐκ</strong></span> <span class='ocrx_word' id='word_1_626' title='bbox 1309 1277 1381 1305; x_wconf 77' lang='grc' dir='ltr'>ἔστιν</span> <span class='ocrx_word' id='word_1_627' title='bbox 1413 1277 1544 1312; x_wconf 80' lang='grc' dir='ltr'>εῠλογον,</span> <span class='ocrx_word' id='word_1_628' title='bbox 1577 1279 1638 1306; x_wconf 82' lang='grc' dir='ltr'>οὐδὲ</span> <span class='ocrx_word' id='word_1_629' title='bbox 1667 1280 1731 1311; x_wconf 79' lang='grc' dir='ltr'>τοὺς</span> <span class='ocrx_word' id='word_1_630' title='bbox 1764 1278 1819 1306; x_wconf 75' lang='grc' dir='ltr'><strong>ἀπὸ</strong></span> 
     </span>
    </p>
   </div>
   <div class='ocr_carea' id='block_1_86' title="bbox 1026 1321 1818 1358">
    <p class='ocr_par' dir='ltr' id='par_1_86' title="bbox 1026 1321 1818 1358">
     <span class='ocr_line' id='line_1_86' title="bbox 1026 1321 1818 1358; baseline 0.004 -10"><span class='ocrx_word' id='word_1_631' title='bbox 1026 1321 1126 1357; x_wconf 82' lang='grc' dir='ltr'><strong>κλήρου</strong></span> <span class='ocrx_word' id='word_1_632' title='bbox 1142 1322 1390 1358; x_wconf 81' lang='grc' dir='ltr'>αὐτομολήσαντας,</span> <span class='ocrx_word' id='word_1_633' title='bbox 1410 1323 1623 1356; x_wconf 76' lang='grc' dir='ltr'><strong>ἐκπεπτωκότας</strong></span> <span class='ocrx_word' id='word_1_634' title='bbox 1640 1333 1670 1351; x_wconf 85' lang='grc' dir='ltr'><strong>τε</strong></span> <span class='ocrx_word' id='word_1_635' title='bbox 1688 1325 1735 1352; x_wconf 81' lang='grc' dir='ltr'><strong>καὶ</strong></span> <span class='ocrx_word' id='word_1_636' title='bbox 1750 1325 1818 1351; x_wconf 83' lang='grc' dir='ltr'><strong>ἁνα-</strong></span> 
     </span>
    </p>
   </div>
   <div class='ocr_carea' id='block_1_87' title="bbox 1031 1367 1820 1409">
    <p class='ocr_par' dir='ltr' id='par_1_87' title="bbox 1031 1367 1820 1409">
     <span class='ocr_line' id='line_1_87' title="bbox 1031 1367 1820 1409; baseline 0.005 -16"><span class='ocrx_word' id='word_1_637' title='bbox 1031 1367 1283 1409; x_wconf 76' lang='grc' dir='ltr'>παλαίσαντας,ἐτι</span> <span class='ocrx_word' id='word_1_638' title='bbox 1315 1370 1344 1395; x_wconf 83' lang='grc' dir='ltr'><strong>ὲν</strong></span> <span class='ocrx_word' id='word_1_639' title='bbox 1370 1370 1402 1404; x_wconf 86' lang='grc' dir='ltr'><strong>τῇ</strong></span> <span class='ocrx_word' id='word_1_640' title='bbox 1418 1369 1575 1405; x_wconf 80' lang='grc' dir='ltr'>λειτουργίᾳ</span> <span class='ocrx_word' id='word_1_641' title='bbox 1604 1369 1683 1402; x_wconf 77' lang='grc' dir='ltr'>εἶναι,</span> <span class='ocrx_word' id='word_1_642' title='bbox 1718 1370 1766 1397; x_wconf 76' lang='grc' dir='ltr'>ἅτε</span> <span class='ocrx_word' id='word_1_643' title='bbox 1785 1369 1820 1405; x_wconf 80' lang='grc' dir='ltr'>δὴ</span> 
     </span>
    </p>
   </div>
   <div class='ocr_carea' id='block_1_88' title="bbox 1029 1413 1820 1450">
    <p class='ocr_par' dir='ltr' id='par_1_88' title="bbox 1029 1413 1820 1450">
     <span class='ocr_line' id='line_1_88' title="bbox 1029 1413 1820 1450; baseline 0.004 -11"><span class='ocrx_word' id='word_1_644' title='bbox 1029 1413 1247 1447; x_wconf 79' lang='grc' dir='ltr'>καταλείψαντας</span> <span class='ocrx_word' id='word_1_645' title='bbox 1268 1414 1299 1440; x_wconf 78' lang='grc' dir='ltr'>τὸ</span> <span class='ocrx_word' id='word_1_646' title='bbox 1313 1413 1439 1449; x_wconf 83' lang='grc' dir='ltr'>ποίμνιον</span> <span class='ocrx_word' id='word_1_647' title='bbox 1457 1415 1561 1450; x_wconf 86' lang='grc' dir='ltr'>Κυρίου</span> <span class='ocrx_word' id='word_1_648' title='bbox 1577 1415 1624 1441; x_wconf 75' lang='grc' dir='ltr'><strong>καὶ</strong></span> <span class='ocrx_word' id='word_1_649' title='bbox 1648 1415 1820 1450; x_wconf 66' lang='grc' dir='ltr'>μωμησαμέ-</span> 
     </span>
    </p>
   </div>
   <div class='ocr_carea' id='block_1_89' title="bbox 1026 1458 1819 1494">
    <p class='ocr_par' dir='ltr' id='par_1_89' title="bbox 1026 1458 1819 1494">
     <span class='ocr_line' id='line_1_89' title="bbox 1026 1458 1819 1494; baseline 0.003 -10"><span class='ocrx_word' id='word_1_650' title='bbox 1026 1466 1087 1490; x_wconf 87' lang='grc' dir='ltr'>νους</span> <span class='ocrx_word' id='word_1_651' title='bbox 1103 1458 1227 1490; x_wconf 79' lang='grc' dir='ltr'>ἑαυτοὺς,</span> <span class='ocrx_word' id='word_1_652' title='bbox 1243 1459 1312 1494; x_wconf 80' lang='grc' dir='ltr'>ὅπερ</span> <span class='ocrx_word' id='word_1_653' title='bbox 1327 1459 1415 1490; x_wconf 78' lang='grc' dir='ltr'>οὐδεὶς</span> <span class='ocrx_word' id='word_1_654' title='bbox 1430 1459 1484 1485; x_wconf 91' lang='grc' dir='ltr'><strong>τῶν</strong></span> <span class='ocrx_word' id='word_1_655' title='bbox 1502 1459 1660 1486; x_wconf 77' lang='grc' dir='ltr'>ἀποστόλων</span> <span class='ocrx_word' id='word_1_656' title='bbox 1673 1459 1819 1494; x_wconf 76' lang='grc' dir='ltr'>πεποίηκε·</span> 
     </span>
    </p>
   </div>
   <div class='ocr_carea' id='block_1_90' title="bbox 1026 1504 1821 1540">
    <p class='ocr_par' dir='ltr' id='par_1_90' title="bbox 1026 1504 1821 1540">
     <span class='ocr_line' id='line_1_90' title="bbox 1026 1504 1821 1540; baseline 0.001 -9"><span class='ocrx_word' id='word_1_657' title='bbox 1026 1504 1074 1531; x_wconf 73' lang='grc' dir='ltr'>καὶ</span> <span class='ocrx_word' id='word_1_658' title='bbox 1102 1504 1157 1540; x_wconf 85' lang='grc' dir='ltr'><strong>γὰρ</strong></span> <span class='ocrx_word' id='word_1_659' title='bbox 1184 1505 1199 1531; x_wconf 82' lang='grc' dir='ltr'>ὁ</span> <span class='ocrx_word' id='word_1_660' title='bbox 1221 1505 1337 1537; x_wconf 83' lang='grc' dir='ltr'>πολλοὺς</span> <span class='ocrx_word' id='word_1_661' title='bbox 1359 1505 1496 1540; x_wconf 77' lang='grc' dir='ltr'>διωγμοὺς</span> <span class='ocrx_word' id='word_1_662' title='bbox 1526 1505 1703 1540; x_wconf 76' lang='grc' dir='ltr'>ὲξαντλήσας,</span> <span class='ocrx_word' id='word_1_663' title='bbox 1733 1505 1821 1532; x_wconf 84' lang='grc' dir='ltr'>πολλά</span> 
     </span>
    </p>
   </div>
   <div class='ocr_carea' id='block_1_91' title="bbox 1024 1550 1822 1587">
    <p class='ocr_par' dir='ltr' id='par_1_91' title="bbox 1024 1550 1822 1587">
     <span class='ocr_line' id='line_1_91' title="bbox 1024 1550 1822 1587; baseline 0.003 -10"><span class='ocrx_word' id='word_1_664' title='bbox 1024 1559 1055 1577; x_wconf 84' lang='grc' dir='ltr'><strong>τε</strong></span> <span class='ocrx_word' id='word_1_665' title='bbox 1084 1550 1154 1578; x_wconf 83' lang='grc' dir='ltr'>ἆθλα</span> <span class='ocrx_word' id='word_1_666' title='bbox 1176 1551 1377 1587; x_wconf 80' lang='grc' dir='ltr'>ἀγωνισμάτων</span> <span class='ocrx_word' id='word_1_667' title='bbox 1402 1552 1589 1587; x_wconf 77' lang='grc' dir='ltr'>ἐνδειξάμενος</span> <span class='ocrx_word' id='word_1_668' title='bbox 1605 1572 1613 1584; x_wconf 85' lang='grc'><strong>,</strong></span> <span class='ocrx_word' id='word_1_669' title='bbox 1640 1552 1654 1578; x_wconf 86' lang='grc' dir='ltr'>ὁ</span> <span class='ocrx_word' id='word_1_670' title='bbox 1683 1552 1822 1587; x_wconf 80' lang='grc' dir='ltr'>μακάριος</span> 
     </span>
    </p>
   </div>
   <div class='ocr_carea' id='block_1_92' title="bbox 1026 1598 1822 1633">
    <p class='ocr_par' dir='ltr' id='par_1_92' title="bbox 1026 1598 1822 1633">
     <span class='ocr_line' id='line_1_92' title="bbox 1026 1598 1822 1633; baseline 0.001 -9"><span class='ocrx_word' id='word_1_671' title='bbox 1026 1598 1143 1631; x_wconf 83' lang='grc' dir='ltr'>Παῦλος,</span> <span class='ocrx_word' id='word_1_672' title='bbox 1153 1599 1282 1633; x_wconf 74' lang='grc' dir='ltr'>ἐγνωκὼς</span> <span class='ocrx_word' id='word_1_673' title='bbox 1294 1600 1336 1625; x_wconf 81' lang='grc' dir='ltr'>ὅτι</span> <span class='ocrx_word' id='word_1_674' title='bbox 1350 1598 1461 1625; x_wconf 79' lang='grc' dir='ltr'>κάλλιόν</span> <span class='ocrx_word' id='word_1_675' title='bbox 1477 1599 1550 1625; x_wconf 69' lang='grc' dir='ltr'>ἐστιν</span> <span class='ocrx_word' id='word_1_676' title='bbox 1565 1598 1697 1626; x_wconf 81' lang='grc' dir='ltr'>ἀναλῦσαι</span> <span class='ocrx_word' id='word_1_677' title='bbox 1708 1599 1756 1626; x_wconf 78' lang='grc' dir='ltr'>καὶ</span> <span class='ocrx_word' id='word_1_678' title='bbox 1770 1599 1822 1626; x_wconf 77' lang='grc' dir='ltr'>σὺν</span> 
     </span>
    </p>
   </div>
   <div class='ocr_carea' id='block_1_93' title="bbox 1026 1642 1820 1681">
    <p class='ocr_par' dir='ltr' id='par_1_93' title="bbox 1026 1642 1820 1681">
     <span class='ocr_line' id='line_1_93' title="bbox 1026 1642 1820 1681; baseline 0.001 -10"><span class='ocrx_word' id='word_1_679' title='bbox 1026 1644 1138 1680; x_wconf 78' lang='grc' dir='ltr'>Χριστῷ</span> <span class='ocrx_word' id='word_1_680' title='bbox 1155 1642 1236 1678; x_wconf 80' lang='grc' dir='ltr'>εῖναι,</span> <span class='ocrx_word' id='word_1_681' title='bbox 1252 1645 1379 1681; x_wconf 76' lang='grc' dir='ltr'>ἐπιφέρει</span> <span class='ocrx_word' id='word_1_682' title='bbox 1392 1646 1437 1672; x_wconf 76' lang='grc' dir='ltr'><strong>καὶ</strong></span> <span class='ocrx_word' id='word_1_683' title='bbox 1451 1645 1526 1679; x_wconf 82' lang='grc' dir='ltr'>λέγει</span> <span class='ocrx_word' id='word_1_684' title='bbox 1541 1654 1547 1660; x_wconf 93' lang='grc'><strong>·</strong></span> <span class='ocrx_word' id='word_1_685' title='bbox 1567 1645 1602 1672; x_wconf 86' lang='grc' dir='ltr'><em>Τὸ</em></span> <span class='ocrx_word' id='word_1_686' title='bbox 1616 1645 1651 1671; x_wconf 83' lang='grc' dir='ltr'>δὲ</span> <span class='ocrx_word' id='word_1_687' title='bbox 1669 1645 1820 1679; x_wconf 79' lang='grc' dir='ltr'>ἐπιμεῖναι</span> 
     </span>
    </p>
   </div>
   <div class='ocr_carea' id='block_1_94' title="bbox 1027 1689 1821 1726">
    <p class='ocr_par' dir='ltr' id='par_1_94' title="bbox 1027 1689 1821 1726">
     <span class='ocr_line' id='line_1_94' title="bbox 1027 1689 1821 1726; baseline 0.001 -10"><span class='ocrx_word' id='word_1_688' title='bbox 1027 1689 1064 1724; x_wconf 79' lang='grc' dir='ltr'>τῇ</span> <span class='ocrx_word' id='word_1_689' title='bbox 1078 1689 1178 1724; x_wconf 78' lang='grc' dir='ltr'>σαρκὶ,</span> <span class='ocrx_word' id='word_1_690' title='bbox 1190 1689 1424 1725; x_wconf 78' lang='grc' dir='ltr'>ἀναγκαιότερον</span> <span class='ocrx_word' id='word_1_691' title='bbox 1435 1690 1472 1717; x_wconf 73' lang='grc' dir='ltr'>δι’</span> <span class='ocrx_word' id='word_1_692' title='bbox 1483 1690 1562 1725; x_wconf 85' lang='grc' dir='ltr'>ὑμᾶς</span> <span class='ocrx_word' id='word_1_693' title='bbox 1576 1698 1583 1704; x_wconf 90' lang='grc'><strong>·</strong></span> <span class='ocrx_word' id='word_1_694' title='bbox 1597 1691 1708 1718; x_wconf 83' lang='grc' dir='ltr'>σκοπῶν</span> <span class='ocrx_word' id='word_1_695' title='bbox 1721 1691 1776 1726; x_wconf 86' lang='grc' dir='ltr'><strong>γὰρ</strong></span> <span class='ocrx_word' id='word_1_696' title='bbox 1790 1691 1821 1717; x_wconf 83' lang='grc' dir='ltr'><strong>οὑ</strong></span> 
     </span>
    </p>
   </div>
   <div class='ocr_carea' id='block_1_95' title="bbox 1027 1736 1823 1772">
    <p class='ocr_par' dir='ltr' id='par_1_95' title="bbox 1027 1736 1823 1772">
     <span class='ocr_line' id='line_1_95' title="bbox 1027 1736 1823 1772; baseline 0.001 -10"><span class='ocrx_word' id='word_1_697' title='bbox 1027 1736 1057 1762; x_wconf 86' lang='grc' dir='ltr'>τὸ</span> <span class='ocrx_word' id='word_1_698' title='bbox 1072 1736 1170 1763; x_wconf 77' lang='grc' dir='ltr'>ἑαυτοῦ</span> <span class='ocrx_word' id='word_1_699' title='bbox 1187 1737 1338 1772; x_wconf 79' lang='grc' dir='ltr'>συμφέρον,</span> <span class='ocrx_word' id='word_1_700' title='bbox 1355 1737 1424 1764; x_wconf 80' lang='grc' dir='ltr'>ἀλλὰ</span> <span class='ocrx_word' id='word_1_701' title='bbox 1440 1738 1471 1763; x_wconf 80' lang='grc' dir='ltr'>τὸ</span> <span class='ocrx_word' id='word_1_702' title='bbox 1487 1737 1542 1763; x_wconf 88' lang='grc' dir='ltr'><strong>τῶν</strong></span> <span class='ocrx_word' id='word_1_703' title='bbox 1568 1736 1673 1763; x_wconf 85' lang='grc' dir='ltr'>πολλῶν</span> <span class='ocrx_word' id='word_1_704' title='bbox 1686 1737 1741 1771; x_wconf 56' lang='grc' dir='ltr'><strong>ξῖνα</strong></span> <span class='ocrx_word' id='word_1_705' title='bbox 1768 1746 1823 1763; x_wconf 69' lang='lat' dir='ltr'><strong>aui-</strong></span> 
     </span>
    </p>
   </div>
   <div class='ocr_carea' id='block_1_96' title="bbox 1027 1777 1823 1819">
    <p class='ocr_par' dir='ltr' id='par_1_96' title="bbox 1027 1777 1823 1819">
     <span class='ocr_line' id='line_1_96' title="bbox 1027 1777 1823 1819; baseline -0.001 -9"><span class='ocrx_word' id='word_1_706' title='bbox 1027 1783 1121 1815; x_wconf 87' lang='grc' dir='ltr'>θῶσιν,</span> <span class='ocrx_word' id='word_1_707' title='bbox 1136 1783 1352 1819; x_wconf 82' lang='grc' dir='ltr'>ἀναγκαιότερον</span> <span class='ocrx_word' id='word_1_708' title='bbox 1366 1784 1417 1819; x_wconf 79' lang='grc' dir='ltr'>τῆς</span> <span class='ocrx_word' id='word_1_709' title='bbox 1428 1783 1527 1810; x_wconf 78' lang='grc' dir='ltr'>ἑαυτοῦ</span> <span class='ocrx_word' id='word_1_710' title='bbox 1551 1783 1733 1814; x_wconf 84' lang='grc' dir='ltr'>ἀναπαύσεως</span> <span class='ocrx_word' id='word_1_711' title='bbox 1750 1777 1823 1818; x_wconf 71' lang='grc' dir='ltr'><strong>ἡγή-</strong></span> 
     </span>
    </p>
   </div>
   <div class='ocr_carea' id='block_1_97' title="bbox 1028 1829 1824 1865">
    <p class='ocr_par' dir='ltr' id='par_1_97' title="bbox 1028 1829 1824 1865">
     <span class='ocr_line' id='line_1_97' title="bbox 1028 1829 1824 1865; baseline -0.001 -9"><span class='ocrx_word' id='word_1_712' title='bbox 1028 1838 1093 1856; x_wconf 89' lang='grc' dir='ltr'>σατο</span> <span class='ocrx_word' id='word_1_713' title='bbox 1116 1830 1146 1856; x_wconf 84' lang='grc' dir='ltr'>τὸ</span> <span class='ocrx_word' id='word_1_714' title='bbox 1166 1829 1337 1865; x_wconf 81' lang='grc' dir='ltr'>παραμένειν</span> <span class='ocrx_word' id='word_1_715' title='bbox 1354 1830 1411 1861; x_wconf 83' lang='grc' dir='ltr'>τοῖς</span> <span class='ocrx_word' id='word_1_716' title='bbox 1426 1829 1552 1863; x_wconf 78' lang='grc' dir='ltr'>ἀδελφοῖς</span> <span class='ocrx_word' id='word_1_717' title='bbox 1566 1829 1614 1856; x_wconf 81' lang='grc' dir='ltr'>καὶ</span> <span class='ocrx_word' id='word_1_718' title='bbox 1629 1829 1824 1863; x_wconf 73' lang='grc' dir='ltr'>ἐπιμελεῖσθαι</span> 
     </span>
    </p>
   </div>
   <div class='ocr_carea' id='block_1_98' title="bbox 1028 1873 1823 1910">
    <p class='ocr_par' dir='ltr' id='par_1_98' title="bbox 1028 1873 1823 1910">
     <span class='ocr_line' id='line_1_98' title="bbox 1028 1873 1823 1910; baseline 0 -9"><span class='ocrx_word' id='word_1_719' title='bbox 1028 1875 1127 1902; x_wconf 82' lang='grc' dir='ltr'>αὐτῶν·</span> <span class='ocrx_word' id='word_1_720' title='bbox 1142 1875 1172 1908; x_wconf 77' lang='grc' dir='ltr'>ὃς</span> <span class='ocrx_word' id='word_1_721' title='bbox 1185 1875 1235 1902; x_wconf 72' lang='grc' dir='ltr'>καὶ</span> <span class='ocrx_word' id='word_1_722' title='bbox 1247 1876 1294 1903; x_wconf 82' lang='grc' dir='ltr'>τὸν</span> <span class='ocrx_word' id='word_1_723' title='bbox 1310 1875 1470 1902; x_wconf 75' lang='grc' dir='ltr'>διδάσκοντα</span> <span class='ocrx_word' id='word_1_724' title='bbox 1485 1875 1556 1901; x_wconf 82' lang='grc' dir='ltr'>θέλει</span> <span class='ocrx_word' id='word_1_725' title='bbox 1573 1873 1643 1902; x_wconf 74' lang='grc' dir='ltr'>εἶναι</span> <span class='ocrx_word' id='word_1_726' title='bbox 1657 1875 1685 1901; x_wconf 85' lang='grc' dir='ltr'><strong>έν</strong></span> <span class='ocrx_word' id='word_1_727' title='bbox 1699 1876 1732 1910; x_wconf 79' lang='grc' dir='ltr'><strong>τῇ</strong></span> <span class='ocrx_word' id='word_1_728' title='bbox 1748 1875 1823 1902; x_wconf 81' lang='grc' dir='ltr'>διδα-</span> 
     </span>
    </p>
   </div>
   <div class='ocr_carea' id='block_1_99' title="bbox 1029 1915 1823 1957">
    <p class='ocr_par' dir='ltr' id='par_1_99' title="bbox 1029 1915 1823 1957">
     <span class='ocr_line' id='line_1_99' title="bbox 1029 1915 1823 1957; baseline 0 -9"><span class='ocrx_word' id='word_1_729' title='bbox 1029 1921 1128 1957; x_wconf 66' lang='grc' dir='ltr'>σκαλίᾳ.</span> <span class='ocrx_word' id='word_1_730' title='bbox 1143 1921 1228 1948; x_wconf 82' lang='grc' dir='ltr'>τύπον</span> <span class='ocrx_word' id='word_1_731' title='bbox 1253 1921 1398 1956; x_wconf 85' lang='grc' dir='ltr'>γινόμενον</span> <span class='ocrx_word' id='word_1_732' title='bbox 1411 1922 1466 1948; x_wconf 88' lang='grc' dir='ltr'><strong>τῶν</strong></span> <span class='ocrx_word' id='word_1_733' title='bbox 1481 1922 1586 1948; x_wconf 82' lang='grc' dir='ltr'>πιστῶν</span> <span class='ocrx_word' id='word_1_734' title='bbox 1597 1930 1604 1936; x_wconf 92' lang='grc'>·</span> <span class='ocrx_word' id='word_1_735' title='bbox 1624 1921 1686 1949; x_wconf 85' lang='grc' dir='ltr'>ὃθεν</span> <span class='ocrx_word' id='word_1_736' title='bbox 1705 1915 1731 1948; x_wconf 83' lang='grc' dir='ltr'>οί</span> <span class='ocrx_word' id='word_1_737' title='bbox 1743 1923 1773 1948; x_wconf 77' lang='grc' dir='ltr'>ὲν</span> <span class='ocrx_word' id='word_1_738' title='bbox 1786 1923 1823 1957; x_wconf 78' lang='grc' dir='ltr'><strong>τῇ</strong></span> 
     </span>
    </p>
   </div>
   <div class='ocr_carea' id='block_1_100' title="bbox 1027 1966 1822 2004">
    <p class='ocr_par' dir='ltr' id='par_1_100' title="bbox 1027 1966 1822 2004">
     <span class='ocr_line' id='line_1_100' title="bbox 1027 1966 1822 2004; baseline 0.003 -11"><span class='ocrx_word' id='word_1_739' title='bbox 1027 1968 1121 2004; x_wconf 85' lang='grc' dir='ltr'>εἱρκτῇ</span> <span class='ocrx_word' id='word_1_740' title='bbox 1137 1966 1368 2004; x_wconf 74' lang='grc' dir='ltr'>ὲπιδικαζόμενοι,</span> <span class='ocrx_word' id='word_1_741' title='bbox 1383 1968 1434 2004; x_wconf 82' lang='grc' dir='ltr'>τῆς</span> <span class='ocrx_word' id='word_1_742' title='bbox 1449 1968 1620 2003; x_wconf 87' lang='grc' dir='ltr'>λειτουργίας</span> <span class='ocrx_word' id='word_1_743' title='bbox 1640 1968 1822 1995; x_wconf 78' lang='grc' dir='ltr'>ἐκπεπτωκό-</span> 
     </span>
    </p>
   </div>
   <div class='ocr_carea' id='block_1_101' title="bbox 1027 2013 1824 2050">
    <p class='ocr_par' dir='ltr' id='par_1_101' title="bbox 1027 2013 1824 2050">
     <span class='ocr_line' id='line_1_101' title="bbox 1027 2013 1824 2050; baseline 0.001 -10"><span class='ocrx_word' id='word_1_744' title='bbox 1027 2022 1073 2045; x_wconf 86' lang='grc' dir='ltr'><strong>τες</strong></span> <span class='ocrx_word' id='word_1_745' title='bbox 1087 2015 1134 2041; x_wconf 82' lang='grc' dir='ltr'>καὶ</span> <span class='ocrx_word' id='word_1_746' title='bbox 1150 2014 1388 2045; x_wconf 79' lang='grc' dir='ltr'>ἀναπαλαίσαντες</span> <span class='ocrx_word' id='word_1_747' title='bbox 1401 2035 1408 2047; x_wconf 93' lang='grc'><strong>,</strong></span> <span class='ocrx_word' id='word_1_748' title='bbox 1429 2015 1500 2041; x_wconf 83' lang='grc' dir='ltr'>πάνυ</span> <span class='ocrx_word' id='word_1_749' title='bbox 1525 2014 1734 2050; x_wconf 70' lang='grc' dir='ltr'><strong>ὁινιιιοθητοῦσι⁹</strong></span> <span class='ocrx_word' id='word_1_750' title='bbox 1761 2013 1824 2046; x_wconf 87' lang='grc' dir='ltr'><strong>πῶς</strong></span> 
     </span>
    </p>
   </div>
   <div class='ocr_carea' id='block_1_102' title="bbox 1029 2059 1825 2096">
    <p class='ocr_par' dir='ltr' id='par_1_102' title="bbox 1029 2059 1825 2096">
     <span class='ocr_line' id='line_1_102' title="bbox 1029 2059 1825 2096; baseline 0 -10"><span class='ocrx_word' id='word_1_751' title='bbox 1029 2059 1082 2095; x_wconf 77' lang='grc' dir='ltr'><strong>γὰρ</strong></span> <span class='ocrx_word' id='word_1_752' title='bbox 1096 2059 1219 2086; x_wconf 85' lang='grc' dir='ltr'>αἰτοῦσιν</span> <span class='ocrx_word' id='word_1_753' title='bbox 1231 2060 1245 2086; x_wconf 83' lang='grc' dir='ltr'>ὃ</span> <span class='ocrx_word' id='word_1_754' title='bbox 1263 2060 1440 2095; x_wconf 78' lang='grc' dir='ltr'>κατέλειψαν,</span> <span class='ocrx_word' id='word_1_755' title='bbox 1463 2060 1607 2096; x_wconf 81' lang='grc' dir='ltr'>δυνάμενοι</span> <span class='ocrx_word' id='word_1_756' title='bbox 1623 2062 1678 2092; x_wconf 81' lang='grc' dir='ltr'>τοῖς</span> <span class='ocrx_word' id='word_1_757' title='bbox 1695 2060 1825 2095; x_wconf 78' lang='grc' dir='ltr'>ἀδελφοῖς</span> 
     </span>
    </p>
   </div>
   <div class='ocr_carea' id='block_1_103' title="bbox 1028 2103 1825 2142">
    <p class='ocr_par' dir='ltr' id='par_1_103' title="bbox 1028 2103 1825 2142">
     <span class='ocr_line' id='line_1_103' title="bbox 1028 2103 1825 2142; baseline 0 -10"><span class='ocrx_word' id='word_1_758' title='bbox 1028 2106 1174 2141; x_wconf 81' lang='grc' dir='ltr'>εῦχρηστοι</span> <span class='ocrx_word' id='word_1_759' title='bbox 1201 2103 1271 2133; x_wconf 71' lang='grc' dir='ltr'>εἶναι</span> <span class='ocrx_word' id='word_1_760' title='bbox 1299 2106 1328 2132; x_wconf 79' lang='grc' dir='ltr'><strong>ὲν</strong></span> <span class='ocrx_word' id='word_1_761' title='bbox 1352 2106 1441 2142; x_wconf 80' lang='grc' dir='ltr'>καιρῷ</span> <span class='ocrx_word' id='word_1_762' title='bbox 1467 2106 1600 2141; x_wconf 84' lang='grc' dir='ltr'>τοιούτῳ;</span> <span class='ocrx_word' id='word_1_763' title='bbox 1627 2106 1679 2138; x_wconf 71' lang='grc' dir='ltr'>ἕως</span> <span class='ocrx_word' id='word_1_764' title='bbox 1698 2106 1749 2141; x_wconf 86' lang='grc' dir='ltr'>μὲν</span> <span class='ocrx_word' id='word_1_765' title='bbox 1775 2104 1825 2132; x_wconf 80' lang='grc' dir='ltr'>οὖν</span> 
     </span>
    </p>
   </div>
   <div class='ocr_carea' id='block_1_104' title="bbox 1028 2148 1825 2187">
    <p class='ocr_par' dir='ltr' id='par_1_104' title="bbox 1028 2148 1825 2187">
     <span class='ocr_line' id='line_1_104' title="bbox 1028 2148 1825 2187; baseline -0.001 -9"><span class='ocrx_word' id='word_1_766' title='bbox 1028 2150 1171 2178; x_wconf 79' lang='grc' dir='ltr'>ἄπταιστοι</span> <span class='ocrx_word' id='word_1_767' title='bbox 1187 2148 1267 2186; x_wconf 80' lang='grc' dir='ltr'>ἦσαν,</span> <span class='ocrx_word' id='word_1_768' title='bbox 1280 2151 1445 2186; x_wconf 85' lang='grc' dir='ltr'>συγγνώμην</span> <span class='ocrx_word' id='word_1_769' title='bbox 1454 2149 1538 2186; x_wconf 74' lang='grc' dir='ltr'>εἶχον,</span> <span class='ocrx_word' id='word_1_770' title='bbox 1547 2151 1593 2178; x_wconf 74' lang='grc' dir='ltr'><strong>ἐπὶ</strong></span> <span class='ocrx_word' id='word_1_771' title='bbox 1608 2152 1641 2187; x_wconf 80' lang='grc' dir='ltr'>τῇ</span> <span class='ocrx_word' id='word_1_772' title='bbox 1657 2151 1730 2186; x_wconf 84' lang='grc' dir='ltr'>παρὰ</span> <span class='ocrx_word' id='word_1_773' title='bbox 1743 2151 1825 2185; x_wconf 75' lang='grc' dir='ltr'>λόγον</span> 
     </span>
    </p>
   </div>
   <div class='ocr_carea' id='block_1_105' title="bbox 1028 2197 1826 2233">
    <p class='ocr_par' dir='ltr' id='par_1_105' title="bbox 1028 2197 1826 2233">
     <span class='ocr_line' id='line_1_105' title="bbox 1028 2197 1826 2233; baseline 0 -9"><span class='ocrx_word' id='word_1_774' title='bbox 1028 2197 1118 2224; x_wconf 84' lang='grc' dir='ltr'>αὐτῶν</span> <span class='ocrx_word' id='word_1_775' title='bbox 1134 2197 1243 2233; x_wconf 74' lang='grc' dir='ltr'>πράξει·</span> <span class='ocrx_word' id='word_1_776' title='bbox 1258 2198 1303 2224; x_wconf 82' lang='grc' dir='ltr'>ὅτε</span> <span class='ocrx_word' id='word_1_777' title='bbox 1318 2198 1346 2224; x_wconf 83' lang='grc' dir='ltr'>δὲ</span> <span class='ocrx_word' id='word_1_778' title='bbox 1361 2197 1507 2230; x_wconf 74' lang='grc' dir='ltr'>ἔπταισαν,</span> <span class='ocrx_word' id='word_1_779' title='bbox 1522 2198 1561 2229; x_wconf 88' lang='grc' dir='ltr'><strong>ὡς</strong></span> <span class='ocrx_word' id='word_1_780' title='bbox 1579 2197 1613 2225; x_wconf 85' lang='grc' dir='ltr'><strong>ἂν</strong></span> <span class='ocrx_word' id='word_1_781' title='bbox 1629 2197 1826 2233; x_wconf 81' lang='grc' dir='ltr'>περπερευσά-</span> 
     </span>
    </p>
   </div>
   <div class='ocr_carea' id='block_1_106' title="bbox 1025 2243 1825 2280">
    <p class='ocr_par' dir='ltr' id='par_1_106' title="bbox 1025 2243 1825 2280">
     <span class='ocr_line' id='line_1_106' title="bbox 1025 2243 1825 2280; baseline 0 -10"><span class='ocrx_word' id='word_1_782' title='bbox 1025 2251 1113 2278; x_wconf 83' lang='grc' dir='ltr'>μενοι,</span> <span class='ocrx_word' id='word_1_783' title='bbox 1137 2244 1185 2270; x_wconf 77' lang='grc' dir='ltr'>καὶ</span> <span class='ocrx_word' id='word_1_784' title='bbox 1200 2244 1315 2275; x_wconf 82' lang='grc' dir='ltr'>ἑαυτοὺς</span> <span class='ocrx_word' id='word_1_785' title='bbox 1341 2244 1552 2280; x_wconf 75' lang='grc' dir='ltr'>μωμησάμενοι,</span> <span class='ocrx_word' id='word_1_786' title='bbox 1569 2243 1663 2270; x_wconf 74' lang='grc' dir='ltr'>οὐκέτι</span> <span class='ocrx_word' id='word_1_787' title='bbox 1690 2243 1825 2270; x_wconf 81' lang='grc' dir='ltr'>δύνανται</span> 
     </span>
    </p>
   </div>
   <div class='ocr_carea' id='block_1_107' title="bbox 1024 2289 1826 2325">
    <p class='ocr_par' dir='ltr' id='par_1_107' title="bbox 1024 2289 1826 2325">
     <span class='ocr_line' id='line_1_107' title="bbox 1024 2289 1826 2325; baseline 0.001 -11"><span class='ocrx_word' id='word_1_788' title='bbox 1024 2289 1209 2324; x_wconf 88' lang='grc' dir='ltr'>λειτουργεῖν·</span> <span class='ocrx_word' id='word_1_789' title='bbox 1225 2289 1265 2316; x_wconf 83' lang='grc' dir='ltr'>διὸ</span> <span class='ocrx_word' id='word_1_790' title='bbox 1281 2289 1500 2324; x_wconf 77' lang='grc' dir='ltr'>φροντιζέτωσαν</span> <span class='ocrx_word' id='word_1_791' title='bbox 1524 2289 1625 2325; x_wconf 83' lang='grc' dir='ltr'>μᾶλλον</span> <span class='ocrx_word' id='word_1_792' title='bbox 1641 2290 1671 2316; x_wconf 77' lang='grc' dir='ltr'>ὲν</span> <span class='ocrx_word' id='word_1_793' title='bbox 1692 2297 1826 2316; x_wconf 73' lang='grc' dir='ltr'>ταπεινο-</span> 
     </span>
    </p>
   </div>
   <div class='ocr_carea' id='block_1_108' title="bbox 1027 2332 1825 2370">
    <p class='ocr_par' dir='ltr' id='par_1_108' title="bbox 1027 2332 1825 2370">
     <span class='ocr_line' id='line_1_108' title="bbox 1027 2332 1825 2370; baseline 0.001 -11"><span class='ocrx_word' id='word_1_794' title='bbox 1027 2332 1151 2370; x_wconf 77' lang='grc' dir='ltr'>φροσύνῃ</span> <span class='ocrx_word' id='word_1_795' title='bbox 1162 2333 1220 2365; x_wconf 85' lang='grc' dir='ltr'><strong>πῶς</strong></span> <span class='ocrx_word' id='word_1_796' title='bbox 1233 2334 1404 2361; x_wconf 75' lang='grc' dir='ltr'>ἒκτελέσουσι</span> <span class='ocrx_word' id='word_1_797' title='bbox 1415 2335 1584 2370; x_wconf 82' lang='grc' dir='ltr'>παυσάμενοι</span> <span class='ocrx_word' id='word_1_798' title='bbox 1592 2334 1645 2369; x_wconf 78' lang='grc' dir='ltr'>τῆς</span> <span class='ocrx_word' id='word_1_799' title='bbox 1656 2334 1825 2368; x_wconf 70' lang='grc' dir='ltr'><strong>κενοδοξίας⁹</strong></span> 
     </span>
    </p>
   </div>
   <div class='ocr_carea' id='block_1_109' title="bbox 1026 2379 1827 2415">
    <p class='ocr_par' dir='ltr' id='par_1_109' title="bbox 1026 2379 1827 2415">
     <span class='ocr_line' id='line_1_109' title="bbox 1026 2379 1827 2415; baseline 0.004 -10"><span class='ocrx_word' id='word_1_800' title='bbox 1026 2380 1108 2415; x_wconf 83' lang='grc' dir='ltr'>ἀρκεῖ</span> <span class='ocrx_word' id='word_1_801' title='bbox 1129 2379 1183 2415; x_wconf 79' lang='grc' dir='ltr'>γὰρ</span> <span class='ocrx_word' id='word_1_802' title='bbox 1208 2380 1300 2412; x_wconf 81' lang='grc' dir='ltr'>αὐτοῖς</span> <span class='ocrx_word' id='word_1_803' title='bbox 1323 2381 1340 2415; x_wconf 81' lang='grc' dir='ltr'><strong>ἡ</strong></span> <span class='ocrx_word' id='word_1_804' title='bbox 1364 2381 1493 2407; x_wconf 82' lang='grc' dir='ltr'>κοινωνία</span> <span class='ocrx_word' id='word_1_805' title='bbox 1521 2381 1580 2415; x_wconf 88' lang='grc' dir='ltr'>μετ’</span> <span class='ocrx_word' id='word_1_806' title='bbox 1592 2381 1746 2411; x_wconf 75' lang='grc' dir='ltr'>ὲπιτὰσεως</span> <span class='ocrx_word' id='word_1_807' title='bbox 1775 2381 1827 2408; x_wconf 76' lang='grc' dir='ltr'>καὶ</span> 
     </span>
    </p>
   </div>
   <div class='ocr_carea' id='block_1_110' title="bbox 1031 2424 1824 2461">
    <p class='ocr_par' dir='ltr' id='par_1_110' title="bbox 1031 2424 1824 2461">
     <span class='ocr_line' id='line_1_110' title="bbox 1031 2424 1824 2461; baseline 0.003 -10"><span class='ocrx_word' id='word_1_808' title='bbox 1031 2424 1176 2460; x_wconf 78' lang='grc' dir='ltr'>ἀκριϐείας</span> <span class='ocrx_word' id='word_1_809' title='bbox 1190 2424 1258 2460; x_wconf 72' lang='grc' dir='ltr'>πρὸς</span> <span class='ocrx_word' id='word_1_810' title='bbox 1276 2425 1420 2460; x_wconf 79' lang='grc' dir='ltr'>ἀμφότερα</span> <span class='ocrx_word' id='word_1_811' title='bbox 1439 2426 1580 2461; x_wconf 81' lang='grc' dir='ltr'>γινομένη·</span> <span class='ocrx_word' id='word_1_812' title='bbox 1593 2426 1640 2452; x_wconf 77' lang='grc' dir='ltr'>καὶ</span> <span class='ocrx_word' id='word_1_813' title='bbox 1662 2426 1704 2452; x_wconf 85' lang='grc' dir='ltr'>ἵνα</span> <span class='ocrx_word' id='word_1_814' title='bbox 1723 2426 1762 2461; x_wconf 86' lang='grc' dir='ltr'>μὴ</span> <span class='ocrx_word' id='word_1_815' title='bbox 1776 2427 1824 2453; x_wconf 79' lang='grc' dir='ltr'><strong>δό-</strong></span> 
     </span>
    </p>
   </div>
   <div class='ocr_carea' id='block_1_111' title="bbox 1030 2471 1825 2508">
    <p class='ocr_par' dir='ltr' id='par_1_111' title="bbox 1030 2471 1825 2508">
     <span class='ocr_line' id='line_1_111' title="bbox 1030 2471 1825 2508; baseline 0.003 -11"><span class='ocrx_word' id='word_1_816' title='bbox 1030 2471 1095 2503; x_wconf 82' lang='grc' dir='ltr'>ξωσι</span> <span class='ocrx_word' id='word_1_817' title='bbox 1110 2471 1256 2498; x_wconf 82' lang='grc' dir='ltr'>λυπεῖσθαι</span> <span class='ocrx_word' id='word_1_818' title='bbox 1271 2473 1340 2507; x_wconf 80' lang='grc' dir='ltr'>μετὰ</span> <span class='ocrx_word' id='word_1_819' title='bbox 1366 2472 1426 2507; x_wconf 84' lang='grc' dir='ltr'>βίας</span> <span class='ocrx_word' id='word_1_820' title='bbox 1443 2473 1687 2508; x_wconf 82' lang='grc' dir='ltr'>περιδρασσὸμενοι</span> <span class='ocrx_word' id='word_1_821' title='bbox 1704 2473 1754 2508; x_wconf 83' lang='grc' dir='ltr'>τῆς</span> <span class='ocrx_word' id='word_1_822' title='bbox 1778 2474 1825 2502; x_wconf 79' lang='grc' dir='ltr'><strong>ἐν-</strong></span> 
     </span>
    </p>
   </div>
   <div class='ocr_carea' id='block_1_112' title="bbox 1027 2517 1825 2554">
    <p class='ocr_par' dir='ltr' id='par_1_112' title="bbox 1027 2517 1825 2554">
     <span class='ocr_line' id='line_1_112' title="bbox 1027 2517 1825 2554; baseline 0.003 -11"><span class='ocrx_word' id='word_1_823' title='bbox 1027 2517 1123 2544; x_wconf 84' lang='grc' dir='ltr'>τεῦθεν</span> <span class='ocrx_word' id='word_1_824' title='bbox 1152 2517 1327 2550; x_wconf 83' lang='grc' dir='ltr'>ἀναλύσεως,</span> <span class='ocrx_word' id='word_1_825' title='bbox 1351 2519 1399 2545; x_wconf 83' lang='grc' dir='ltr'>καὶ</span> <span class='ocrx_word' id='word_1_826' title='bbox 1425 2519 1467 2545; x_wconf 79' lang='grc' dir='ltr'>ἵνα</span> <span class='ocrx_word' id='word_1_827' title='bbox 1494 2519 1532 2554; x_wconf 87' lang='grc' dir='ltr'>μή</span> <span class='ocrx_word' id='word_1_828' title='bbox 1557 2527 1630 2549; x_wconf 82' lang='grc' dir='ltr'>τινες</span> <span class='ocrx_word' id='word_1_829' title='bbox 1657 2518 1825 2551; x_wconf 71' lang='grc' dir='ltr'>ἐκπεσόντες</span> 
     </span>
    </p>
   </div>
   <div class='ocr_carea' id='block_1_113' title="bbox 1027 2564 1825 2601">
    <p class='ocr_par' dir='ltr' id='par_1_113' title="bbox 1027 2564 1825 2601">
     <span class='ocr_line' id='line_1_113' title="bbox 1027 2564 1825 2601; baseline 0.003 -11"><span class='ocrx_word' id='word_1_830' title='bbox 1027 2564 1261 2598; x_wconf 66' lang='grc' dir='ltr'>προφασίσωνται,</span> <span class='ocrx_word' id='word_1_831' title='bbox 1277 2565 1314 2596; x_wconf 86' lang='grc' dir='ltr'>ὼς</span> <span class='ocrx_word' id='word_1_832' title='bbox 1331 2564 1363 2591; x_wconf 86' lang='grc' dir='ltr'>ἂν</span> <span class='ocrx_word' id='word_1_833' title='bbox 1379 2565 1424 2591; x_wconf 68' lang='grc' dir='ltr'><strong>διὰ</strong></span> <span class='ocrx_word' id='word_1_834' title='bbox 1439 2565 1489 2601; x_wconf 81' lang='grc' dir='ltr'>τὴν</span> <span class='ocrx_word' id='word_1_835' title='bbox 1511 2565 1639 2601; x_wconf 78' lang='grc' dir='ltr'>ἀφορμὴν</span> <span class='ocrx_word' id='word_1_836' title='bbox 1663 2565 1712 2600; x_wconf 80' lang='grc' dir='ltr'>τῆς</span> <span class='ocrx_word' id='word_1_837' title='bbox 1734 2566 1825 2592; x_wconf 71' lang='grc' dir='ltr'>ἐπιτι-</span> 
     </span>
    </p>
   </div>
   <div class='ocr_carea' id='block_1_114' title="bbox 1027 2611 1825 2646">
    <p class='ocr_par' dir='ltr' id='par_1_114' title="bbox 1027 2611 1825 2646">
     <span class='ocr_line' id='line_1_114' title="bbox 1027 2611 1825 2646; baseline 0 -9"><span class='ocrx_word' id='word_1_838' title='bbox 1027 2611 1092 2644; x_wconf 86' lang='grc' dir='ltr'>μίας</span> <span class='ocrx_word' id='word_1_839' title='bbox 1112 2611 1342 2646; x_wconf 78' lang='grc' dir='ltr'>ὑτιεκλελυμένοι·</span> <span class='ocrx_word' id='word_1_840' title='bbox 1357 2611 1455 2644; x_wconf 73' lang='grc' dir='ltr'>οἵτινες</span> <span class='ocrx_word' id='word_1_841' title='bbox 1485 2611 1566 2639; x_wconf 78' lang='grc' dir='ltr'>πλέον</span> <span class='ocrx_word' id='word_1_842' title='bbox 1582 2612 1710 2639; x_wconf 75' lang='grc' dir='ltr'>ἁπάντων</span> <span class='ocrx_word' id='word_1_843' title='bbox 1727 2612 1825 2646; x_wconf 72' lang='grc' dir='ltr'>αἰσχύ-</span> 
     </span>
    </p>
   </div>
   <div class='ocr_carea' id='block_1_115' title="bbox 1026 2657 1824 2692">
    <p class='ocr_par' dir='ltr' id='par_1_115' title="bbox 1026 2657 1824 2692">
     <span class='ocr_line' id='line_1_115' title="bbox 1026 2657 1824 2692; baseline 0.003 -10"><span class='ocrx_word' id='word_1_844' title='bbox 1026 2665 1074 2692; x_wconf 88' lang='grc' dir='ltr'>νην</span> <span class='ocrx_word' id='word_1_845' title='bbox 1097 2658 1143 2683; x_wconf 83' lang='grc' dir='ltr'>καὶ</span> <span class='ocrx_word' id='word_1_846' title='bbox 1164 2657 1265 2688; x_wconf 74' lang='grc' dir='ltr'>ὄνειδος</span> <span class='ocrx_word' id='word_1_847' title='bbox 1295 2657 1386 2689; x_wconf 72' lang='grc' dir='ltr'>ἕξουσι</span> <span class='ocrx_word' id='word_1_848' title='bbox 1411 2658 1471 2685; x_wconf 80' lang='grc' dir='ltr'>κατ’</span> <span class='ocrx_word' id='word_1_849' title='bbox 1486 2659 1590 2685; x_wconf 78' lang='grc' dir='ltr'>ἐκεῖνον</span> <span class='ocrx_word' id='word_1_850' title='bbox 1607 2659 1652 2684; x_wconf 76' lang='grc' dir='ltr'><strong>τὸν</strong></span> <span class='ocrx_word' id='word_1_851' title='bbox 1679 2657 1824 2684; x_wconf 65' lang='grc' dir='ltr'>τεθεικότα</span> 
     </span>
    </p>
   </div>
   <div class='ocr_carea' id='block_1_116' title="bbox 1024 2701 1823 2738">
    <p class='ocr_par' dir='ltr' id='par_1_116' title="bbox 1024 2701 1823 2738">
     <span class='ocr_line' id='line_1_116' title="bbox 1024 2701 1823 2738; baseline 0.001 -11"><span class='ocrx_word' id='word_1_852' title='bbox 1024 2701 1147 2736; x_wconf 77' lang='grc' dir='ltr'>θεμέλιον</span> <span class='ocrx_word' id='word_1_853' title='bbox 1157 2702 1250 2738; x_wconf 76' lang='grc' dir='ltr'>καὶμὴ</span> <span class='ocrx_word' id='word_1_854' title='bbox 1264 2702 1413 2737; x_wconf 77' lang='grc' dir='ltr'>ἰσχύσαντα</span> <span class='ocrx_word' id='word_1_855' title='bbox 1426 2703 1743 2737; x_wconf 72' lang='grc' dir='ltr'>ὲκτελέσαι¹¹Αρξονται</span> <span class='ocrx_word' id='word_1_856' title='bbox 1756 2704 1823 2736; x_wconf 66' lang='grc' dir='ltr'>γὰρ,</span> 
     </span>
    </p>
   </div>
   <div class='ocr_carea' id='block_1_117' title="bbox 1023 2747 1825 2785">
    <p class='ocr_par' dir='ltr' id='par_1_117' title="bbox 1023 2747 1825 2785">
     <span class='ocr_line' id='line_1_117' title="bbox 1023 2747 1825 2785; baseline 0 -11"><span class='ocrx_word' id='word_1_857' title='bbox 1023 2748 1100 2783; x_wconf 74' lang='grc' dir='ltr'>φησὶ,</span> <span class='ocrx_word' id='word_1_858' title='bbox 1119 2748 1231 2782; x_wconf 78' lang='grc' dir='ltr'>πάντες</span> <span class='ocrx_word' id='word_1_859' title='bbox 1239 2750 1266 2776; x_wconf 81' lang='grc' dir='ltr'>οἱ</span> <span class='ocrx_word' id='word_1_860' title='bbox 1282 2750 1559 2785; x_wconf 78' lang='grc' dir='ltr'>παραπορευόμενοι</span> <span class='ocrx_word' id='word_1_861' title='bbox 1569 2749 1721 2785; x_wconf 71' lang='grc' dir='ltr'>ἐμπαίζειν</span> <span class='ocrx_word' id='word_1_862' title='bbox 1741 2747 1825 2780; x_wconf 76' lang='grc' dir='ltr'><strong>αὑτῷ</strong></span> 
     </span>
    </p>
   </div>
   <div class='ocr_carea' id='block_1_118' title="bbox 1061 2836 1605 2875">
    <p class='ocr_par' dir='ltr' id='par_1_118' title="bbox 1061 2836 1605 2875">
     <span class='ocr_line' id='line_1_118' title="bbox 1061 2836 1605 2875; baseline 0.006 -11"><span class='ocrx_word' id='word_1_863' title='bbox 1061 2837 1082 2853; x_wconf 71' lang='grc'><strong>³³</strong></span> <span class='ocrx_word' id='word_1_864' title='bbox 1097 2836 1214 2873; x_wconf 81' lang='lat' dir='ltr'><strong>Philipp.</strong></span> <span class='ocrx_word' id='word_1_865' title='bbox 1232 2838 1315 2875; x_wconf 56' lang='lat'><strong>1,35,</strong></span> <span class='ocrx_word' id='word_1_866' title='bbox 1333 2837 1379 2865; x_wconf 78' lang='grc'><strong>24.</strong></span> <span class='ocrx_word' id='word_1_867' title='bbox 1419 2839 1440 2855; x_wconf 81' lang='grc'><strong>³¹</strong></span> <span class='ocrx_word' id='word_1_868' title='bbox 1459 2838 1511 2867; x_wconf 83' lang='lat' dir='ltr'><strong>Tit.</strong></span> <span class='ocrx_word' id='word_1_869' title='bbox 1529 2846 1562 2873; x_wconf 85' lang='lat' dir='ltr'><strong>ll,</strong></span> <span class='ocrx_word' id='word_1_870' title='bbox 1579 2840 1605 2867; x_wconf 83' lang='lat'><strong>7.</strong></span> 
     </span>
    </p>
   </div>
  </div>
