  <div class='ocr_page' id='page_1' title='image "/cluster/home/n/w/nwhite01/storage/ocr_20150623/104/njp.32101077772885/480.png"; bbox 0 0 1956 3049; ppageno 0'>
   <div class='ocr_carea' id='block_1_1' title="bbox 132 182 185 214">
    <p class='ocr_par' dir='ltr' id='par_1_1' title="bbox 132 182 185 214">
     <span class='ocr_line' id='line_1_1' title="bbox 132 182 185 214; baseline -0.038 0"><span class='ocrx_word' id='word_1_1' title='bbox 132 182 185 214; x_wconf 69' lang='lat' dir='ltr'><strong>MS</strong></span> 
     </span>
    </p>
   </div>
   <div class='ocr_carea' id='block_1_2' title="bbox 528 180 1364 219">
    <p class='ocr_par' dir='ltr' id='par_1_2' title="bbox 528 180 1364 219">
     <span class='ocr_line' id='line_1_2' title="bbox 528 180 1364 219; baseline 0.002 -9"><span class='ocrx_word' id='word_1_2' title='bbox 528 180 728 211; x_wconf 84' lang='lat' dir='ltr'><strong>SYNTAGMA</strong></span> <span class='ocrx_word' id='word_1_3' title='bbox 747 180 943 212; x_wconf 80' lang='lat' dir='ltr'><strong>CANONUM.</strong></span> <span class='ocrx_word' id='word_1_4' title='bbox 956 181 1077 212; x_wconf 85' lang='grc' dir='ltr'><strong>-ΤῙΤ,</strong></span> <span class='ocrx_word' id='word_1_5' title='bbox 1097 182 1182 219; x_wconf 77' lang='lat' dir='ltr'>XIII,</span> <span class='ocrx_word' id='word_1_6' title='bbox 1203 181 1282 212; x_wconf 74' lang='lat' dir='ltr'><strong>CAP.</strong></span> <span class='ocrx_word' id='word_1_7' title='bbox 1301 182 1364 213; x_wconf 78' lang='lat' dir='ltr'><strong>XX‘.</strong></span> 
     </span>
    </p>
   </div>
   <div class='ocr_carea' id='block_1_3' title="bbox 1717 185 1775 217">
    <p class='ocr_par' dir='ltr' id='par_1_3' title="bbox 1717 185 1775 217">
     <span class='ocr_line' id='line_1_3' title="bbox 1717 185 1775 217; baseline 0 0"><span class='ocrx_word' id='word_1_8' title='bbox 1717 185 1775 217; x_wconf 70' lang='lat' dir='ltr'><strong>NG</strong></span> 
     </span>
    </p>
   </div>
   <div class='ocr_carea' id='block_1_4' title="bbox 131 235 927 276">
    <p class='ocr_par' dir='ltr' id='par_1_4' title="bbox 131 235 926 273">
     <span class='ocr_line' id='line_1_4' title="bbox 131 235 926 273; baseline -0.001 -8"><span class='ocrx_word' id='word_1_9' title='bbox 131 241 283 273; x_wconf 64' lang='lat' dir='ltr'><strong>Jerortec.</strong></span> <span class='ocrx_word' id='word_1_10' title='bbox 298 235 390 269; x_wconf 84' lang='grc' dir='ltr'>Οὗτος</span> <span class='ocrx_word' id='word_1_11' title='bbox 401 238 417 264; x_wconf 83' lang='grc' dir='ltr'><em>ό</em></span> <span class='ocrx_word' id='word_1_12' title='bbox 427 236 583 271; x_wconf 75' lang='grc' dir='ltr'>ἄνθρωπος</span> <span class='ocrx_word' id='word_1_13' title='bbox 593 237 732 272; x_wconf 77' lang='grc' dir='ltr'><strong>θεμέλιον</strong></span> <span class='ocrx_word' id='word_1_14' title='bbox 744 238 865 268; x_wconf 78' lang='grc' dir='ltr'>τέθεικε.</span> <span class='ocrx_word' id='word_1_15' title='bbox 878 237 926 264; x_wconf 78' lang='grc' dir='ltr'><strong>καί</strong></span> 
     </span>
    </p>
   </div>
   <div class='ocr_carea' id='block_1_5' title="bbox 982 235 1757 276">
    <p class='ocr_par' dir='ltr' id='par_1_5' title="bbox 982 238 1757 276">
     <span class='ocr_line' id='line_1_5' title="bbox 982 238 1757 276; baseline 0.006 -12"><span class='ocrx_word' id='word_1_16' title='bbox 982 238 1093 264; x_wconf 80' lang='lat' dir='ltr'><strong>dicentes</strong></span> <span class='ocrx_word' id='word_1_17' title='bbox 1107 246 1116 265; x_wconf 88' lang='lat'><strong><em>:</em></strong></span> <span class='ocrx_word' id='word_1_18' title='bbox 1131 238 1182 265; x_wconf 81' lang='lat' dir='ltr'><strong>Hic</strong></span> <span class='ocrx_word' id='word_1_19' title='bbox 1196 239 1274 266; x_wconf 86' lang='lat' dir='ltr'><strong>homo</strong></span> <span class='ocrx_word' id='word_1_20' title='bbox 1288 239 1377 273; x_wconf 81' lang='lat' dir='ltr'><strong>posuit</strong></span> <span class='ocrx_word' id='word_1_21' title='bbox 1389 239 1602 274; x_wconf 74' lang='lat' dir='ltr'><strong>fundamentum,</strong></span> <span class='ocrx_word' id='word_1_22' title='bbox 1615 244 1640 266; x_wconf 86' lang='lat' dir='ltr'><strong>et</strong></span> <span class='ocrx_word' id='word_1_23' title='bbox 1660 248 1711 268; x_wconf 79' lang='lat' dir='ltr'><strong>non</strong></span> <span class='ocrx_word' id='word_1_24' title='bbox 1724 250 1757 276; x_wconf 82' lang='lat' dir='ltr'><strong>pa</strong></span> 
     </span>
    </p>
   </div>
   <div class='ocr_carea' id='block_1_6' title="bbox 130 283 515 318">
    <p class='ocr_par' dir='ltr' id='par_1_6' title="bbox 130 283 515 318">
     <span class='ocr_line' id='line_1_6' title="bbox 130 283 515 318; baseline -0.005 -6"><span class='ocrx_word' id='word_1_25' title='bbox 130 286 188 312; x_wconf 74' lang='grc' dir='ltr'>οὐκ</span> <span class='ocrx_word' id='word_1_26' title='bbox 205 285 337 318; x_wconf 74' lang='grc' dir='ltr'>ισχυσεν</span> <span class='ocrx_word' id='word_1_27' title='bbox 346 283 515 310; x_wconf 77' lang='grc' dir='ltr'><strong>ἐκτελέσαι.</strong></span> 
     </span>
    </p>
   </div>
   <div class='ocr_carea' id='block_1_7' title="bbox 166 339 925 376">
    <p class='ocr_par' dir='ltr' id='par_1_7' title="bbox 166 339 925 376">
     <span class='ocr_line' id='line_1_7' title="bbox 166 339 925 376; baseline -0.001 -9"><span class='ocrx_word' id='word_1_28' title='bbox 166 343 212 367; x_wconf 88' lang='grc' dir='ltr'><strong>ια’.</strong></span> <span class='ocrx_word' id='word_1_29' title='bbox 245 340 278 367; x_wconf 82' lang='grc' dir='ltr'><strong>Οἱ</strong></span> <span class='ocrx_word' id='word_1_30' title='bbox 312 339 367 375; x_wconf 81' lang='grc' dir='ltr'><strong>γὰρ</strong></span> <span class='ocrx_word' id='word_1_31' title='bbox 400 339 504 374; x_wconf 85' lang='grc' dir='ltr'>πρῶτοι</span> <span class='ocrx_word' id='word_1_32' title='bbox 542 339 791 376; x_wconf 86' lang='grc' dir='ltr'>παραπηδήσαντες</span> <span class='ocrx_word' id='word_1_33' title='bbox 823 340 853 366; x_wconf 85' lang='grc' dir='ltr'>ὲν</span> <span class='ocrx_word' id='word_1_34' title='bbox 886 339 925 375; x_wconf 82' lang='grc' dir='ltr'>τῷ</span> 
     </span>
    </p>
   </div>
   <div class='ocr_carea' id='block_1_8' title="bbox 131 385 924 422">
    <p class='ocr_par' dir='ltr' id='par_1_8' title="bbox 131 385 924 422">
     <span class='ocr_line' id='line_1_8' title="bbox 131 385 924 422; baseline -0.003 -9"><span class='ocrx_word' id='word_1_35' title='bbox 131 387 270 422; x_wconf 82' lang='grc' dir='ltr'>βράσματι</span> <span class='ocrx_word' id='word_1_36' title='bbox 295 386 342 412; x_wconf 90' lang='grc' dir='ltr'><strong>τοῦ</strong></span> <span class='ocrx_word' id='word_1_37' title='bbox 367 385 487 420; x_wconf 76' lang='grc' dir='ltr'><strong>διωγμοῦ</strong></span> <span class='ocrx_word' id='word_1_38' title='bbox 503 406 512 418; x_wconf 86' lang='grc'><strong>,</strong></span> <span class='ocrx_word' id='word_1_39' title='bbox 547 385 729 421; x_wconf 76' lang='grc' dir='ltr'><strong>περιεστῶτες</strong></span> <span class='ocrx_word' id='word_1_40' title='bbox 761 386 800 416; x_wconf 81' lang='grc' dir='ltr'><strong>είς</strong></span> <span class='ocrx_word' id='word_1_41' title='bbox 836 385 866 412; x_wconf 80' lang='grc' dir='ltr'>τὸ</span> <span class='ocrx_word' id='word_1_42' title='bbox 884 385 924 412; x_wconf 83' lang='grc' dir='ltr'>δι-</span> 
     </span>
    </p>
   </div>
   <div class='ocr_carea' id='block_1_9' title="bbox 130 431 924 467">
    <p class='ocr_par' dir='ltr' id='par_1_9' title="bbox 130 431 924 467">
     <span class='ocr_line' id='line_1_9' title="bbox 130 431 924 467; baseline -0.003 -8"><span class='ocrx_word' id='word_1_43' title='bbox 130 433 291 467; x_wconf 74' lang='grc' dir='ltr'>καστήριον,</span> <span class='ocrx_word' id='word_1_44' title='bbox 316 432 364 459; x_wconf 70' lang='grc' dir='ltr'>καὶ</span> <span class='ocrx_word' id='word_1_45' title='bbox 397 431 562 466; x_wconf 80' lang='grc' dir='ltr'><strong>θεωροῦντες</strong></span> <span class='ocrx_word' id='word_1_46' title='bbox 590 431 653 463; x_wconf 79' lang='grc' dir='ltr'>τοὺς</span> <span class='ocrx_word' id='word_1_47' title='bbox 668 431 763 466; x_wconf 80' lang='grc' dir='ltr'><strong>ἁγίους</strong></span> <span class='ocrx_word' id='word_1_48' title='bbox 782 431 924 466; x_wconf 78' lang='grc' dir='ltr'>μάρτυρας</span> 
     </span>
    </p>
   </div>
   <div class='ocr_carea' id='block_1_10' title="bbox 130 477 925 513">
    <p class='ocr_par' dir='ltr' id='par_1_10' title="bbox 130 477 925 513">
     <span class='ocr_line' id='line_1_10' title="bbox 130 477 925 513; baseline -0.003 -8"><span class='ocrx_word' id='word_1_49' title='bbox 130 479 297 510; x_wconf 85' lang='grc' dir='ltr'><strong>σπεύδοντας</strong></span> <span class='ocrx_word' id='word_1_50' title='bbox 322 478 368 504; x_wconf 72' lang='grc' dir='ltr'><strong>ἐπὶ</strong></span> <span class='ocrx_word' id='word_1_51' title='bbox 390 478 421 504; x_wconf 85' lang='grc' dir='ltr'>τὸ</span> <span class='ocrx_word' id='word_1_52' title='bbox 445 477 573 512; x_wconf 79' lang='grc' dir='ltr'>βραϐεῖον</span> <span class='ocrx_word' id='word_1_53' title='bbox 591 477 640 513; x_wconf 82' lang='grc' dir='ltr'>τῆς</span> <span class='ocrx_word' id='word_1_54' title='bbox 664 478 721 504; x_wconf 76' lang='grc' dir='ltr'>ἄνω</span> <span class='ocrx_word' id='word_1_55' title='bbox 747 478 880 512; x_wconf 77' lang='grc' dir='ltr'><strong>κλήσεως,</strong></span> <span class='ocrx_word' id='word_1_56' title='bbox 895 477 925 503; x_wconf 82' lang='grc' dir='ltr'>ὲν</span> 
     </span>
    </p>
   </div>
   <div class='ocr_carea' id='block_1_11' title="bbox 130 522 925 560">
    <p class='ocr_par' dir='ltr' id='par_1_11' title="bbox 130 522 925 560">
     <span class='ocr_line' id='line_1_11' title="bbox 130 522 925 560; baseline -0.003 -9"><span class='ocrx_word' id='word_1_57' title='bbox 130 524 207 560; x_wconf 75' lang='grc' dir='ltr'>κα.λῷ</span> <span class='ocrx_word' id='word_1_58' title='bbox 232 524 272 558; x_wconf 80' lang='grc' dir='ltr'>τῷ</span> <span class='ocrx_word' id='word_1_59' title='bbox 298 523 371 559; x_wconf 86' lang='grc' dir='ltr'><strong>ζήλῳ</strong></span> <span class='ocrx_word' id='word_1_60' title='bbox 391 523 623 559; x_wconf 78' lang='grc' dir='ltr'>προθυμούμενοι,</span> <span class='ocrx_word' id='word_1_61' title='bbox 643 523 786 550; x_wconf 75' lang='grc' dir='ltr'>ἐπεδίδουν</span> <span class='ocrx_word' id='word_1_62' title='bbox 811 522 925 554; x_wconf 78' lang='grc' dir='ltr'>ἑαυτοὺς</span> 
     </span>
    </p>
   </div>
   <div class='ocr_carea' id='block_1_12' title="bbox 129 566 924 603">
    <p class='ocr_par' dir='ltr' id='par_1_12' title="bbox 129 566 924 603">
     <span class='ocr_line' id='line_1_12' title="bbox 129 566 924 603; baseline -0.004 -7"><span class='ocrx_word' id='word_1_63' title='bbox 129 570 171 600; x_wconf 77' lang='grc' dir='ltr'>εἰς</span> <span class='ocrx_word' id='word_1_64' title='bbox 180 568 270 599; x_wconf 83' lang='grc' dir='ltr'>τοῦτο,</span> <span class='ocrx_word' id='word_1_65' title='bbox 286 567 371 603; x_wconf 83' lang='grc' dir='ltr'>πολλῇ</span> <span class='ocrx_word' id='word_1_66' title='bbox 389 569 422 603; x_wconf 83' lang='grc' dir='ltr'><strong>τῇ</strong></span> <span class='ocrx_word' id='word_1_67' title='bbox 441 567 584 603; x_wconf 72' lang='grc' dir='ltr'>παρρησίᾳ</span> <span class='ocrx_word' id='word_1_68' title='bbox 603 566 740 602; x_wconf 82' lang='grc' dir='ltr'>χρώμενοι</span> <span class='ocrx_word' id='word_1_69' title='bbox 751 575 757 582; x_wconf 95' lang='grc'><strong>·</strong></span> <span class='ocrx_word' id='word_1_70' title='bbox 773 566 924 602; x_wconf 76' lang='grc' dir='ltr'>ἐμϐλέπον-</span> 
     </span>
    </p>
   </div>
   <div class='ocr_carea' id='block_1_13' title="bbox 129 612 924 649">
    <p class='ocr_par' dir='ltr' id='par_1_13' title="bbox 129 612 924 649">
     <span class='ocr_line' id='line_1_13' title="bbox 129 612 924 649; baseline -0.001 -9"><span class='ocrx_word' id='word_1_71' title='bbox 129 623 176 645; x_wconf 78' lang='grc' dir='ltr'><strong>τες</strong></span> <span class='ocrx_word' id='word_1_72' title='bbox 193 613 311 649; x_wconf 80' lang='grc' dir='ltr'>μάλιστα</span> <span class='ocrx_word' id='word_1_73' title='bbox 326 615 389 645; x_wconf 80' lang='grc' dir='ltr'>τοὺς</span> <span class='ocrx_word' id='word_1_74' title='bbox 413 613 636 649; x_wconf 79' lang='grc' dir='ltr'>ὑποσυρομένους</span> <span class='ocrx_word' id='word_1_75' title='bbox 661 613 708 640; x_wconf 79' lang='grc' dir='ltr'>καὶ</span> <span class='ocrx_word' id='word_1_76' title='bbox 730 612 924 646; x_wconf 77' lang='grc' dir='ltr'><strong>ἐκπίπτοντας,</strong></span> 
     </span>
    </p>
   </div>
   <div class='ocr_carea' id='block_1_14' title="bbox 129 659 924 696">
    <p class='ocr_par' dir='ltr' id='par_1_14' title="bbox 129 659 924 696">
     <span class='ocr_line' id='line_1_14' title="bbox 129 659 924 696; baseline -0.003 -8"><span class='ocrx_word' id='word_1_77' title='bbox 129 660 225 693; x_wconf 77' lang='grc' dir='ltr'>διὀὒς</span> <span class='ocrx_word' id='word_1_78' title='bbox 243 660 509 696; x_wconf 80' lang='grc' dir='ltr'>ὑποθερμαινόμενοι</span> <span class='ocrx_word' id='word_1_79' title='bbox 533 660 637 688; x_wconf 75' lang='grc' dir='ltr'>ἔσωθεν</span> <span class='ocrx_word' id='word_1_80' title='bbox 663 660 712 687; x_wconf 75' lang='grc' dir='ltr'>καὶ</span> <span class='ocrx_word' id='word_1_81' title='bbox 735 659 924 695; x_wconf 78' lang='grc' dir='ltr'>ἐνηχούμενοι,</span> 
     </span>
    </p>
   </div>
   <div class='ocr_carea' id='block_1_15' title="bbox 131 705 926 742">
    <p class='ocr_par' dir='ltr' id='par_1_15' title="bbox 131 705 926 742">
     <span class='ocr_line' id='line_1_15' title="bbox 131 705 926 742; baseline -0.001 -9"><span class='ocrx_word' id='word_1_82' title='bbox 131 706 261 733; x_wconf 77' lang='grc' dir='ltr'>ἔσπευδον</span> <span class='ocrx_word' id='word_1_83' title='bbox 282 707 323 738; x_wconf 82' lang='grc' dir='ltr'><strong>εἰς</strong></span> <span class='ocrx_word' id='word_1_84' title='bbox 342 706 429 738; x_wconf 84' lang='grc' dir='ltr'>τοῦτο,</span> <span class='ocrx_word' id='word_1_85' title='bbox 441 707 485 734; x_wconf 82' lang='grc' dir='ltr'>ἵνα</span> <span class='ocrx_word' id='word_1_86' title='bbox 503 706 540 742; x_wconf 86' lang='grc' dir='ltr'>μὴ</span> <span class='ocrx_word' id='word_1_87' title='bbox 555 706 621 741; x_wconf 86' lang='grc' dir='ltr'>δοκῇ</span> <span class='ocrx_word' id='word_1_88' title='bbox 643 705 710 740; x_wconf 83' lang='grc' dir='ltr'>παρ’</span> <span class='ocrx_word' id='word_1_89' title='bbox 725 705 814 740; x_wconf 80' lang='grc' dir='ltr'>ἐαυτῷ</span> <span class='ocrx_word' id='word_1_90' title='bbox 831 706 926 740; x_wconf 85' lang='grc' dir='ltr'>φρόνι-</span> 
     </span>
    </p>
   </div>
   <div class='ocr_carea' id='block_1_16' title="bbox 134 749 926 788">
    <p class='ocr_par' dir='ltr' id='par_1_16' title="bbox 134 749 926 788">
     <span class='ocr_line' id='line_1_16' title="bbox 134 749 926 788; baseline -0.003 -9"><span class='ocrx_word' id='word_1_91' title='bbox 134 761 185 788; x_wconf 87' lang='grc' dir='ltr'><strong>μος</strong></span> <span class='ocrx_word' id='word_1_92' title='bbox 206 750 276 779; x_wconf 80' lang='grc' dir='ltr'>εἶναι</span> <span class='ocrx_word' id='word_1_93' title='bbox 292 753 336 788; x_wconf 70' lang='grc' dir='ltr'><strong>ἐφ’</strong></span> <span class='ocrx_word' id='word_1_94' title='bbox 347 749 388 784; x_wconf 79' lang='grc' dir='ltr'>οἷς</span> <span class='ocrx_word' id='word_1_95' title='bbox 414 753 486 779; x_wconf 82' lang='grc' dir='ltr'>κατὰ</span> <span class='ocrx_word' id='word_1_96' title='bbox 501 752 671 788; x_wconf 73' lang='grc' dir='ltr'>πανουργίαν</span> <span class='ocrx_word' id='word_1_97' title='bbox 686 751 776 784; x_wconf 78' lang='grc' dir='ltr'>ἔδοξεν</span> <span class='ocrx_word' id='word_1_98' title='bbox 790 751 884 787; x_wconf 77' lang='grc' dir='ltr'>ὴττᾷν,</span> <span class='ocrx_word' id='word_1_99' title='bbox 901 752 926 777; x_wconf 85' lang='grc' dir='ltr'><strong>εί</strong></span> 
     </span>
    </p>
   </div>
   <div class='ocr_carea' id='block_1_17' title="bbox 132 796 925 833">
    <p class='ocr_par' dir='ltr' id='par_1_17' title="bbox 132 796 925 833">
     <span class='ocr_line' id='line_1_17' title="bbox 132 796 925 833; baseline -0.003 -8"><span class='ocrx_word' id='word_1_100' title='bbox 132 798 182 825; x_wconf 70' lang='grc' dir='ltr'>καὶ</span> <span class='ocrx_word' id='word_1_101' title='bbox 196 798 341 825; x_wconf 79' lang='grc' dir='ltr'>ἐλάνθανεν</span> <span class='ocrx_word' id='word_1_102' title='bbox 363 797 460 825; x_wconf 79' lang='grc' dir='ltr'>ἑαυτὸν</span> <span class='ocrx_word' id='word_1_103' title='bbox 476 799 625 833; x_wconf 81' lang='grc' dir='ltr'>νικώμενον</span> <span class='ocrx_word' id='word_1_104' title='bbox 648 796 702 824; x_wconf 80' lang='grc' dir='ltr'><strong>ὑπὸ</strong></span> <span class='ocrx_word' id='word_1_105' title='bbox 714 796 769 823; x_wconf 81' lang='grc' dir='ltr'><strong>τῶν</strong></span> <span class='ocrx_word' id='word_1_106' title='bbox 789 798 925 832; x_wconf 78' lang='grc' dir='ltr'>ἐγκαρτε-</span> 
     </span>
    </p>
   </div>
   <div class='ocr_carea' id='block_1_18' title="bbox 134 843 924 879">
    <p class='ocr_par' dir='ltr' id='par_1_18' title="bbox 134 843 924 879">
     <span class='ocr_line' id='line_1_18' title="bbox 134 843 924 879; baseline -0.001 -9"><span class='ocrx_word' id='word_1_107' title='bbox 134 844 254 879; x_wconf 88' lang='grc' dir='ltr'>ρούντων</span> <span class='ocrx_word' id='word_1_108' title='bbox 270 843 320 875; x_wconf 80' lang='grc' dir='ltr'><strong>τὰς</strong></span> <span class='ocrx_word' id='word_1_109' title='bbox 336 844 391 870; x_wconf 81' lang='grc' dir='ltr'>τῶν</span> <span class='ocrx_word' id='word_1_110' title='bbox 406 843 547 878; x_wconf 83' lang='grc' dir='ltr'>ξυστήρων</span> <span class='ocrx_word' id='word_1_111' title='bbox 566 844 613 870; x_wconf 84' lang='grc' dir='ltr'>καὶ</span> <span class='ocrx_word' id='word_1_112' title='bbox 626 843 766 878; x_wconf 87' lang='grc' dir='ltr'>μαστίγων</span> <span class='ocrx_word' id='word_1_113' title='bbox 782 843 924 878; x_wconf 81' lang='grc' dir='ltr'><strong>βασάνους,</strong></span> 
     </span>
    </p>
   </div>
   <div class='ocr_carea' id='block_1_19' title="bbox 132 888 925 924">
    <p class='ocr_par' dir='ltr' id='par_1_19' title="bbox 132 888 925 924">
     <span class='ocr_line' id='line_1_19' title="bbox 132 888 925 924; baseline -0.001 -9"><span class='ocrx_word' id='word_1_114' title='bbox 132 890 183 924; x_wconf 78' lang='grc' dir='ltr'>τήν</span> <span class='ocrx_word' id='word_1_115' title='bbox 196 897 225 916; x_wconf 80' lang='grc' dir='ltr'><strong>τε</strong></span> <span class='ocrx_word' id='word_1_116' title='bbox 240 889 359 924; x_wconf 77' lang='grc' dir='ltr'>ὀξύτητα</span> <span class='ocrx_word' id='word_1_117' title='bbox 375 889 425 924; x_wconf 82' lang='grc' dir='ltr'>τῆς</span> <span class='ocrx_word' id='word_1_118' title='bbox 442 889 590 924; x_wconf 82' lang='grc' dir='ltr'>μαχαίρας,</span> <span class='ocrx_word' id='word_1_119' title='bbox 605 888 653 915; x_wconf 77' lang='grc' dir='ltr'>καὶ</span> <span class='ocrx_word' id='word_1_120' title='bbox 670 889 720 920; x_wconf 84' lang='grc' dir='ltr'>τὰς</span> <span class='ocrx_word' id='word_1_121' title='bbox 745 888 925 923; x_wconf 81' lang='grc' dir='ltr'>καταφλέξεις</span> 
     </span>
    </p>
   </div>
   <div class='ocr_carea' id='block_1_20' title="bbox 132 934 924 970">
    <p class='ocr_par' dir='ltr' id='par_1_20' title="bbox 132 934 924 970">
     <span class='ocr_line' id='line_1_20' title="bbox 132 934 924 970; baseline -0.003 -8"><span class='ocrx_word' id='word_1_122' title='bbox 132 935 180 962; x_wconf 81' lang='grc' dir='ltr'><strong>τοῦ</strong></span> <span class='ocrx_word' id='word_1_123' title='bbox 195 935 292 970; x_wconf 75' lang='grc' dir='ltr'>πυρὸς,</span> <span class='ocrx_word' id='word_1_124' title='bbox 310 936 356 962; x_wconf 80' lang='grc' dir='ltr'>καὶ</span> <span class='ocrx_word' id='word_1_125' title='bbox 373 936 422 967; x_wconf 81' lang='grc' dir='ltr'><strong>τὰς</strong></span> <span class='ocrx_word' id='word_1_126' title='bbox 437 935 491 961; x_wconf 87' lang='grc' dir='ltr'>τῶν</span> <span class='ocrx_word' id='word_1_127' title='bbox 506 935 611 962; x_wconf 85' lang='grc' dir='ltr'><strong>ὑδάτων</strong></span> <span class='ocrx_word' id='word_1_128' title='bbox 627 934 860 965; x_wconf 75' lang='grc' dir='ltr'>καταποντώσειςο</span> <span class='ocrx_word' id='word_1_129' title='bbox 877 934 924 961; x_wconf 78' lang='grc' dir='ltr'><strong>καὶ</strong></span> 
     </span>
    </p>
   </div>
   <div class='ocr_carea' id='block_1_21' title="bbox 132 981 925 1016">
    <p class='ocr_par' dir='ltr' id='par_1_21' title="bbox 132 981 925 1016">
     <span class='ocr_line' id='line_1_21' title="bbox 132 981 925 1016; baseline -0.001 -8"><span class='ocrx_word' id='word_1_130' title='bbox 132 984 190 1014; x_wconf 80' lang='grc' dir='ltr'>τοῖς</span> <span class='ocrx_word' id='word_1_131' title='bbox 208 982 279 1009; x_wconf 85' lang='grc' dir='ltr'>κατὰ</span> <span class='ocrx_word' id='word_1_132' title='bbox 304 982 396 1009; x_wconf 85' lang='grc' dir='ltr'>πίστιν</span> <span class='ocrx_word' id='word_1_133' title='bbox 415 981 584 1015; x_wconf 72' lang='grc' dir='ltr'>ὑπεξιοῦσιν,</span> <span class='ocrx_word' id='word_1_134' title='bbox 607 982 690 1016; x_wconf 86' lang='grc' dir='ltr'>εὐχὰς</span> <span class='ocrx_word' id='word_1_135' title='bbox 705 982 734 1008; x_wconf 85' lang='grc' dir='ltr'>δὲ</span> <span class='ocrx_word' id='word_1_136' title='bbox 759 981 806 1008; x_wconf 73' lang='grc' dir='ltr'>καὶ</span> <span class='ocrx_word' id='word_1_137' title='bbox 819 981 925 1016; x_wconf 81' lang='grc' dir='ltr'>δεήσεις</span> 
     </span>
    </p>
   </div>
   <div class='ocr_carea' id='block_1_22' title="bbox 132 1026 925 1063">
    <p class='ocr_par' dir='ltr' id='par_1_22' title="bbox 132 1026 925 1063">
     <span class='ocr_line' id='line_1_22' title="bbox 132 1026 925 1063; baseline -0.003 -9"><span class='ocrx_word' id='word_1_138' title='bbox 132 1027 267 1061; x_wconf 85' lang='grc' dir='ltr'>γίνεσθαι,</span> <span class='ocrx_word' id='word_1_139' title='bbox 286 1028 345 1062; x_wconf 76' lang='grc' dir='ltr'>ἦτοι</span> <span class='ocrx_word' id='word_1_140' title='bbox 358 1027 428 1062; x_wconf 81' lang='grc' dir='ltr'>ὑπὲρ</span> <span class='ocrx_word' id='word_1_141' title='bbox 447 1028 503 1054; x_wconf 80' lang='grc' dir='ltr'><strong>τῶν</strong></span> <span class='ocrx_word' id='word_1_142' title='bbox 519 1029 549 1054; x_wconf 84' lang='grc' dir='ltr'>ὲν</span> <span class='ocrx_word' id='word_1_143' title='bbox 559 1028 665 1063; x_wconf 78' lang='grc' dir='ltr'>φυλακῇ</span> <span class='ocrx_word' id='word_1_144' title='bbox 683 1026 925 1062; x_wconf 83' lang='grc' dir='ltr'>κατατιμωρηθέν-</span> 
     </span>
    </p>
   </div>
   <div class='ocr_carea' id='block_1_23' title="bbox 133 1073 926 1109">
    <p class='ocr_par' dir='ltr' id='par_1_23' title="bbox 133 1073 926 1109">
     <span class='ocr_line' id='line_1_23' title="bbox 133 1073 926 1109; baseline -0.004 -8"><span class='ocrx_word' id='word_1_145' title='bbox 133 1083 188 1101; x_wconf 78' lang='grc' dir='ltr'><strong>των</strong></span> <span class='ocrx_word' id='word_1_146' title='bbox 206 1074 255 1101; x_wconf 73' lang='grc' dir='ltr'>καὶ</span> <span class='ocrx_word' id='word_1_147' title='bbox 279 1073 485 1109; x_wconf 83' lang='grc' dir='ltr'>προδεδομένων</span> <span class='ocrx_word' id='word_1_148' title='bbox 508 1073 560 1100; x_wconf 71' lang='grc' dir='ltr'>ὑπὸ</span> <span class='ocrx_word' id='word_1_149' title='bbox 581 1073 661 1108; x_wconf 88' lang='grc' dir='ltr'>λιμοῦ</span> <span class='ocrx_word' id='word_1_150' title='bbox 680 1073 728 1100; x_wconf 76' lang='grc' dir='ltr'><strong>καὶ</strong></span> <span class='ocrx_word' id='word_1_151' title='bbox 747 1073 850 1108; x_wconf 81' lang='grc' dir='ltr'>δίψους,</span> <span class='ocrx_word' id='word_1_152' title='bbox 866 1073 926 1108; x_wconf 74' lang='grc' dir='ltr'>ἦτοι</span> 
     </span>
    </p>
   </div>
   <div class='ocr_carea' id='block_1_24' title="bbox 133 1117 925 1156">
    <p class='ocr_par' dir='ltr' id='par_1_24' title="bbox 133 1117 925 1156">
     <span class='ocr_line' id='line_1_24' title="bbox 133 1117 925 1156; baseline -0.003 -10"><span class='ocrx_word' id='word_1_153' title='bbox 133 1120 205 1156; x_wconf 82' lang='grc' dir='ltr'>ὑπὲρ</span> <span class='ocrx_word' id='word_1_154' title='bbox 222 1120 276 1146; x_wconf 81' lang='grc' dir='ltr'>τῶν</span> <span class='ocrx_word' id='word_1_155' title='bbox 297 1119 399 1152; x_wconf 77' lang='grc' dir='ltr'>ἔξωθεν</span> <span class='ocrx_word' id='word_1_156' title='bbox 411 1121 462 1155; x_wconf 79' lang='grc' dir='ltr'>τῆς</span> <span class='ocrx_word' id='word_1_157' title='bbox 478 1119 603 1154; x_wconf 77' lang='grc' dir='ltr'>φυλακῆς</span> <span class='ocrx_word' id='word_1_158' title='bbox 619 1120 665 1146; x_wconf 78' lang='grc' dir='ltr'><strong>ἐπὶ</strong></span> <span class='ocrx_word' id='word_1_159' title='bbox 688 1118 735 1145; x_wconf 76' lang='grc' dir='ltr'><strong>τοῦ</strong></span> <span class='ocrx_word' id='word_1_160' title='bbox 749 1117 925 1153; x_wconf 77' lang='grc' dir='ltr'>δικαστηρίου</span> 
     </span>
    </p>
   </div>
   <div class='ocr_carea' id='block_1_25' title="bbox 133 1165 925 1201">
    <p class='ocr_par' dir='ltr' id='par_1_25' title="bbox 133 1165 925 1201">
     <span class='ocr_line' id='line_1_25' title="bbox 133 1165 925 1201; baseline -0.003 -8"><span class='ocrx_word' id='word_1_161' title='bbox 133 1166 427 1194; x_wconf 82' lang='grc' dir='ltr'>καταϐασανισθέντων</span> <span class='ocrx_word' id='word_1_162' title='bbox 453 1167 497 1193; x_wconf 78' lang='grc' dir='ltr'><strong>διὰ</strong></span> <span class='ocrx_word' id='word_1_163' title='bbox 527 1166 668 1200; x_wconf 78' lang='grc' dir='ltr'>ξυστήρων</span> <span class='ocrx_word' id='word_1_164' title='bbox 692 1166 739 1192; x_wconf 79' lang='grc' dir='ltr'>καὶ</span> <span class='ocrx_word' id='word_1_165' title='bbox 773 1165 925 1201; x_wconf 85' lang='grc' dir='ltr'>μαστίγων,</span> 
     </span>
    </p>
   </div>
   <div class='ocr_carea' id='block_1_26' title="bbox 134 1209 926 1247">
    <p class='ocr_par' dir='ltr' id='par_1_26' title="bbox 134 1209 926 1247">
     <span class='ocr_line' id='line_1_26' title="bbox 134 1209 926 1247; baseline -0.004 -9"><span class='ocrx_word' id='word_1_166' title='bbox 134 1212 250 1247; x_wconf 76' lang='grc' dir='ltr'>ὕστερον</span> <span class='ocrx_word' id='word_1_167' title='bbox 272 1211 301 1238; x_wconf 77' lang='grc' dir='ltr'>δὲ</span> <span class='ocrx_word' id='word_1_168' title='bbox 317 1211 491 1246; x_wconf 79' lang='grc' dir='ltr'><strong>ἡττηθέντων</strong></span> <span class='ocrx_word' id='word_1_169' title='bbox 508 1210 560 1237; x_wconf 83' lang='grc' dir='ltr'>ὑπὸ</span> <span class='ocrx_word' id='word_1_170' title='bbox 575 1211 624 1246; x_wconf 80' lang='grc' dir='ltr'><strong>τῆς</strong></span> <span class='ocrx_word' id='word_1_171' title='bbox 639 1209 781 1241; x_wconf 82' lang='grc' dir='ltr'>ἀσθενείας</span> <span class='ocrx_word' id='word_1_172' title='bbox 797 1210 847 1245; x_wconf 80' lang='grc' dir='ltr'>τῆς</span> <span class='ocrx_word' id='word_1_173' title='bbox 860 1218 926 1244; x_wconf 84' lang='grc' dir='ltr'>σαρ-</span> 
     </span>
    </p>
   </div>
   <div class='ocr_carea' id='block_1_27' title="bbox 133 1255 926 1292">
    <p class='ocr_par' dir='ltr' id='par_1_27' title="bbox 133 1255 926 1292">
     <span class='ocr_line' id='line_1_27' title="bbox 133 1255 926 1292; baseline -0.004 -8"><span class='ocrx_word' id='word_1_174' title='bbox 133 1258 193 1290; x_wconf 77' lang='grc' dir='ltr'>κὸς,</span> <span class='ocrx_word' id='word_1_175' title='bbox 209 1257 285 1289; x_wconf 75' lang='grc' dir='ltr'>ἄξιόν</span> <span class='ocrx_word' id='word_1_176' title='bbox 298 1258 373 1284; x_wconf 81' lang='grc' dir='ltr'>ἐστιν</span> <span class='ocrx_word' id='word_1_177' title='bbox 388 1256 540 1284; x_wconf 68' lang='grc' dir='ltr'>ἐπινεῦσαιε</span> <span class='ocrx_word' id='word_1_178' title='bbox 557 1257 719 1292; x_wconf 81' lang='grc' dir='ltr'>συμπάσχεν</span> <span class='ocrx_word' id='word_1_179' title='bbox 737 1255 791 1291; x_wconf 87' lang='grc' dir='ltr'><strong>γὰρ</strong></span> <span class='ocrx_word' id='word_1_180' title='bbox 803 1256 850 1282; x_wconf 74' lang='grc' dir='ltr'>καὶ</span> <span class='ocrx_word' id='word_1_181' title='bbox 863 1264 926 1282; x_wconf 88' lang='grc' dir='ltr'>συν-</span> 
     </span>
    </p>
   </div>
   <div class='ocr_carea' id='block_1_28' title="bbox 133 1302 927 1338">
    <p class='ocr_par' dir='ltr' id='par_1_28' title="bbox 133 1302 927 1338">
     <span class='ocr_line' id='line_1_28' title="bbox 133 1302 927 1338; baseline 0 -9"><span class='ocrx_word' id='word_1_182' title='bbox 133 1303 227 1336; x_wconf 84' lang='grc' dir='ltr'>αλγεῖν</span> <span class='ocrx_word' id='word_1_183' title='bbox 240 1303 297 1334; x_wconf 83' lang='grc' dir='ltr'>τοῖς</span> <span class='ocrx_word' id='word_1_184' title='bbox 311 1302 489 1338; x_wconf 78' lang='grc' dir='ltr'>ὀδυρομένοις</span> <span class='ocrx_word' id='word_1_185' title='bbox 501 1303 548 1329; x_wconf 76' lang='grc' dir='ltr'>καὶ</span> <span class='ocrx_word' id='word_1_186' title='bbox 562 1303 736 1334; x_wconf 76' lang='grc' dir='ltr'>στενὰζουσιν</span> <span class='ocrx_word' id='word_1_187' title='bbox 744 1302 815 1338; x_wconf 80' lang='grc' dir='ltr'>ὑπὲρ</span> <span class='ocrx_word' id='word_1_188' title='bbox 828 1302 881 1329; x_wconf 83' lang='grc' dir='ltr'>τῶν</span> <span class='ocrx_word' id='word_1_189' title='bbox 898 1303 927 1329; x_wconf 86' lang='grc' dir='ltr'>ὲν</span> 
     </span>
    </p>
   </div>
   <div class='ocr_carea' id='block_1_29' title="bbox 133 1348 927 1384">
    <p class='ocr_par' dir='ltr' id='par_1_29' title="bbox 133 1348 927 1384">
     <span class='ocr_line' id='line_1_29' title="bbox 133 1348 927 1384; baseline 0 -9"><span class='ocrx_word' id='word_1_190' title='bbox 133 1348 173 1383; x_wconf 74' lang='grc' dir='ltr'>τῷ</span> <span class='ocrx_word' id='word_1_191' title='bbox 192 1348 278 1382; x_wconf 83' lang='grc' dir='ltr'>ἀγῶνι</span> <span class='ocrx_word' id='word_1_192' title='bbox 294 1348 466 1383; x_wconf 74' lang='grc' dir='ltr'><strong>ἡττηθέντων</strong></span> <span class='ocrx_word' id='word_1_193' title='bbox 482 1349 534 1375; x_wconf 82' lang='grc' dir='ltr'><strong>ὑπὸ</strong></span> <span class='ocrx_word' id='word_1_194' title='bbox 555 1349 606 1384; x_wconf 82' lang='grc' dir='ltr'>τῆς</span> <span class='ocrx_word' id='word_1_195' title='bbox 620 1349 721 1383; x_wconf 84' lang='grc' dir='ltr'>πολλῆς</span> <span class='ocrx_word' id='word_1_196' title='bbox 737 1349 796 1384; x_wconf 84' lang='grc' dir='ltr'>βίας</span> <span class='ocrx_word' id='word_1_197' title='bbox 811 1348 857 1375; x_wconf 86' lang='grc' dir='ltr'><strong>τοῦ</strong></span> <span class='ocrx_word' id='word_1_198' title='bbox 876 1357 927 1375; x_wconf 86' lang='grc' dir='ltr'>κα-</span> 
     </span>
    </p>
   </div>
   <div class='ocr_carea' id='block_1_30' title="bbox 134 1395 924 1431">
    <p class='ocr_par' dir='ltr' id='par_1_30' title="bbox 134 1395 924 1431">
     <span class='ocr_line' id='line_1_30' title="bbox 134 1395 924 1431; baseline -0.001 -9"><span class='ocrx_word' id='word_1_199' title='bbox 134 1395 292 1431; x_wconf 85' lang='grc' dir='ltr'>κομηχάνου</span> <span class='ocrx_word' id='word_1_200' title='bbox 307 1395 443 1427; x_wconf 83' lang='grc' dir='ltr'>διαόὁλου,</span> <span class='ocrx_word' id='word_1_201' title='bbox 457 1395 516 1430; x_wconf 75' lang='grc' dir='ltr'>ἤτοι</span> <span class='ocrx_word' id='word_1_202' title='bbox 530 1395 601 1430; x_wconf 81' lang='grc' dir='ltr'>ὑπὲρ</span> <span class='ocrx_word' id='word_1_203' title='bbox 615 1396 717 1428; x_wconf 81' lang='grc' dir='ltr'>γονέων</span> <span class='ocrx_word' id='word_1_204' title='bbox 731 1395 748 1431; x_wconf 84' lang='grc' dir='ltr'>ἢ</span> <span class='ocrx_word' id='word_1_205' title='bbox 764 1395 887 1429; x_wconf 81' lang='grc' dir='ltr'>ἀδελφῶν</span> <span class='ocrx_word' id='word_1_206' title='bbox 907 1395 924 1429; x_wconf 83' lang='grc' dir='ltr'>ἢ</span> 
     </span>
    </p>
   </div>
   <div class='ocr_carea' id='block_1_31' title="bbox 134 1440 928 1475">
    <p class='ocr_par' dir='ltr' id='par_1_31' title="bbox 134 1440 928 1475">
     <span class='ocr_line' id='line_1_31' title="bbox 134 1440 928 1475; baseline -0.003 -7"><span class='ocrx_word' id='word_1_207' title='bbox 134 1442 248 1473; x_wconf 82' lang='grc' dir='ltr'>τέκνων,</span> <span class='ocrx_word' id='word_1_208' title='bbox 262 1441 357 1468; x_wconf 78' lang='grc' dir='ltr'>οὐδένα</span> <span class='ocrx_word' id='word_1_209' title='bbox 374 1441 455 1473; x_wconf 46' lang='grc' dir='ltr'>,οὐδὲν</span> <span class='ocrx_word' id='word_1_210' title='bbox 481 1441 668 1468; x_wconf 76' lang='grc' dir='ltr'>καταὸ).άπτει</span> <span class='ocrx_word' id='word_1_211' title='bbox 681 1449 688 1455; x_wconf 94' lang='grc'><strong>·</strong></span> <span class='ocrx_word' id='word_1_212' title='bbox 707 1441 786 1475; x_wconf 74' lang='grc' dir='ltr'>ἴσμεν</span> <span class='ocrx_word' id='word_1_213' title='bbox 810 1440 865 1475; x_wconf 86' lang='grc' dir='ltr'><strong>γὰρ</strong></span> <span class='ocrx_word' id='word_1_214' title='bbox 881 1441 928 1467; x_wconf 76' lang='grc' dir='ltr'><strong>καὶ</strong></span> 
     </span>
    </p>
   </div>
   <div class='ocr_carea' id='block_1_32' title="bbox 133 1486 928 1522">
    <p class='ocr_par' dir='ltr' id='par_1_32' title="bbox 133 1486 928 1522">
     <span class='ocr_line' id='line_1_32' title="bbox 133 1486 928 1522; baseline -0.004 -8"><span class='ocrx_word' id='word_1_215' title='bbox 133 1488 168 1514; x_wconf 83' lang='grc' dir='ltr'>δι’</span> <span class='ocrx_word' id='word_1_216' title='bbox 181 1488 282 1522; x_wconf 83' lang='grc' dir='ltr'>ἑτέρων</span> <span class='ocrx_word' id='word_1_217' title='bbox 295 1487 396 1520; x_wconf 80' lang='grc' dir='ltr'>πίστιν,</span> <span class='ocrx_word' id='word_1_218' title='bbox 410 1487 619 1517; x_wconf 75' lang='grc' dir='ltr'>ἀπολαύσαντας</span> <span class='ocrx_word' id='word_1_219' title='bbox 634 1495 710 1518; x_wconf 88' lang='grc' dir='ltr'>τινας</span> <span class='ocrx_word' id='word_1_220' title='bbox 728 1486 778 1521; x_wconf 83' lang='grc' dir='ltr'>τῆς</span> <span class='ocrx_word' id='word_1_221' title='bbox 796 1486 842 1512; x_wconf 84' lang='grc' dir='ltr'><strong>τοῦ</strong></span> <span class='ocrx_word' id='word_1_222' title='bbox 860 1486 928 1512; x_wconf 83' lang='grc' dir='ltr'>Θεοῦ</span> 
     </span>
    </p>
   </div>
   <div class='ocr_carea' id='block_1_33' title="bbox 135 1532 928 1569">
    <p class='ocr_par' dir='ltr' id='par_1_33' title="bbox 135 1532 928 1569">
     <span class='ocr_line' id='line_1_33' title="bbox 135 1532 928 1569; baseline -0.003 -9"><span class='ocrx_word' id='word_1_223' title='bbox 135 1534 317 1569; x_wconf 78' lang='grc' dir='ltr'>ἀγαθότητος,</span> <span class='ocrx_word' id='word_1_224' title='bbox 331 1533 376 1560; x_wconf 79' lang='grc' dir='ltr'>ἐπί</span> <span class='ocrx_word' id='word_1_225' title='bbox 391 1541 421 1560; x_wconf 89' lang='grc' dir='ltr'><strong>τε</strong></span> <span class='ocrx_word' id='word_1_226' title='bbox 435 1533 532 1567; x_wconf 73' lang='grc' dir='ltr'>ἀφέσει</span> <span class='ocrx_word' id='word_1_227' title='bbox 548 1532 702 1567; x_wconf 80' lang='grc' dir='ltr'>ἁμαρτιῶν,</span> <span class='ocrx_word' id='word_1_228' title='bbox 719 1532 765 1558; x_wconf 78' lang='grc' dir='ltr'>καὶ</span> <span class='ocrx_word' id='word_1_229' title='bbox 778 1532 858 1567; x_wconf 74' lang='grc' dir='ltr'>ὑγεία</span> <span class='ocrx_word' id='word_1_230' title='bbox 874 1532 928 1558; x_wconf 88' lang='grc' dir='ltr'><strong>σώ-</strong></span> 
     </span>
    </p>
   </div>
   <div class='ocr_carea' id='block_1_34' title="bbox 137 1578 966 1620">
    <p class='ocr_par' dir='ltr' id='par_1_34' title="bbox 137 1578 966 1620">
     <span class='ocr_line' id='line_1_34' title="bbox 137 1578 966 1620; baseline -0.004 -13"><span class='ocrx_word' id='word_1_231' title='bbox 137 1588 234 1615; x_wconf 85' lang='grc' dir='ltr'>ματος,</span> <span class='ocrx_word' id='word_1_232' title='bbox 250 1580 297 1607; x_wconf 71' lang='grc' dir='ltr'>καὶ</span> <span class='ocrx_word' id='word_1_233' title='bbox 321 1580 468 1606; x_wconf 79' lang='grc' dir='ltr'>ἀναστάσει</span> <span class='ocrx_word' id='word_1_234' title='bbox 493 1579 617 1613; x_wconf 77' lang='grc' dir='ltr'>νεκρῶνο</span> <span class='ocrx_word' id='word_1_235' title='bbox 644 1578 813 1614; x_wconf 81' lang='grc' dir='ltr'>μεμνημένοι</span> <span class='ocrx_word' id='word_1_236' title='bbox 839 1578 930 1605; x_wconf 85' lang='grc' dir='ltr'>τοίνυν</span> <span class='ocrx_word' id='word_1_237' title='bbox 945 1592 966 1620; x_wconf 79' lang='lat' dir='ltr'><strong><em>C</em></strong></span> 
     </span>
    </p>
   </div>
   <div class='ocr_carea' id='block_1_35' title="bbox 134 1621 928 1660">
    <p class='ocr_par' dir='ltr' id='par_1_35' title="bbox 134 1621 928 1660">
     <span class='ocr_line' id='line_1_35' title="bbox 134 1621 928 1660; baseline -0.004 -7"><span class='ocrx_word' id='word_1_238' title='bbox 134 1627 191 1653; x_wconf 84' lang='grc' dir='ltr'><strong>τῶν</strong></span> <span class='ocrx_word' id='word_1_239' title='bbox 207 1625 313 1653; x_wconf 82' lang='grc' dir='ltr'>πολλῶν</span> <span class='ocrx_word' id='word_1_240' title='bbox 328 1625 417 1653; x_wconf 74' lang='grc' dir='ltr'>αὐτῶν</span> <span class='ocrx_word' id='word_1_241' title='bbox 444 1625 586 1660; x_wconf 79' lang='grc' dir='ltr'>καμάτων,</span> <span class='ocrx_word' id='word_1_242' title='bbox 604 1621 642 1651; x_wconf 84' lang='grc' dir='ltr'>ὧν</span> <span class='ocrx_word' id='word_1_243' title='bbox 668 1625 883 1660; x_wconf 86' lang='grc' dir='ltr'>προῡπήνεγκαν</span> <span class='ocrx_word' id='word_1_244' title='bbox 900 1626 928 1651; x_wconf 78' lang='grc' dir='ltr'>ἐν</span> 
     </span>
    </p>
   </div>
   <div class='ocr_carea' id='block_1_36' title="bbox 134 1670 929 1708">
    <p class='ocr_par' dir='ltr' id='par_1_36' title="bbox 134 1670 929 1708">
     <span class='ocr_line' id='line_1_36' title="bbox 134 1670 929 1708; baseline -0.003 -9"><span class='ocrx_word' id='word_1_245' title='bbox 134 1673 250 1708; x_wconf 79' lang='grc' dir='ltr'>ὀνόματι</span> <span class='ocrx_word' id='word_1_246' title='bbox 267 1671 397 1707; x_wconf 86' lang='grc' dir='ltr'>Χριστοῦ,</span> <span class='ocrx_word' id='word_1_247' title='bbox 412 1671 458 1699; x_wconf 79' lang='grc' dir='ltr'>καὶ</span> <span class='ocrx_word' id='word_1_248' title='bbox 469 1671 523 1698; x_wconf 83' lang='grc' dir='ltr'>τῶν</span> <span class='ocrx_word' id='word_1_249' title='bbox 536 1670 738 1706; x_wconf 80' lang='grc' dir='ltr'>τανταλισμῶν,</span> <span class='ocrx_word' id='word_1_250' title='bbox 747 1671 778 1697; x_wconf 83' lang='grc' dir='ltr'>οὐ</span> <span class='ocrx_word' id='word_1_251' title='bbox 794 1670 847 1705; x_wconf 80' lang='grc' dir='ltr'><strong>μὴν</strong></span> <span class='ocrx_word' id='word_1_252' title='bbox 860 1670 929 1697; x_wconf 83' lang='grc' dir='ltr'>ἀλλὰ</span> 
     </span>
    </p>
   </div>
   <div class='ocr_carea' id='block_1_37' title="bbox 135 1716 928 1754">
    <p class='ocr_par' dir='ltr' id='par_1_37' title="bbox 135 1716 928 1754">
     <span class='ocr_line' id='line_1_37' title="bbox 135 1716 928 1754; baseline -0.006 -7"><span class='ocrx_word' id='word_1_253' title='bbox 135 1721 182 1747; x_wconf 69' lang='grc' dir='ltr'>καὶ</span> <span class='ocrx_word' id='word_1_254' title='bbox 200 1719 389 1754; x_wconf 84' lang='grc' dir='ltr'>μεταγνόντων</span> <span class='ocrx_word' id='word_1_255' title='bbox 407 1717 508 1750; x_wconf 83' lang='grc' dir='ltr'>αὐτῶν,</span> <span class='ocrx_word' id='word_1_256' title='bbox 522 1717 570 1744; x_wconf 77' lang='grc' dir='ltr'><strong>καὶ</strong></span> <span class='ocrx_word' id='word_1_257' title='bbox 585 1716 798 1752; x_wconf 81' lang='grc' dir='ltr'>ἀποδυρομένων</span> <span class='ocrx_word' id='word_1_258' title='bbox 824 1716 855 1742; x_wconf 81' lang='grc' dir='ltr'>τὸ</span> <span class='ocrx_word' id='word_1_259' title='bbox 879 1725 928 1742; x_wconf 84' lang='grc' dir='ltr'>πε-</span> 
     </span>
    </p>
   </div>
   <div class='ocr_carea' id='block_1_38' title="bbox 136 1762 931 1801">
    <p class='ocr_par' dir='ltr' id='par_1_38' title="bbox 136 1762 931 1801">
     <span class='ocr_line' id='line_1_38' title="bbox 136 1762 931 1801; baseline -0.005 -8"><span class='ocrx_word' id='word_1_260' title='bbox 136 1765 297 1801; x_wconf 83' lang='grc' dir='ltr'>πραγμένον</span> <span class='ocrx_word' id='word_1_261' title='bbox 324 1764 418 1796; x_wconf 75' lang='grc' dir='ltr'>αὐτοῖς</span> <span class='ocrx_word' id='word_1_262' title='bbox 439 1763 510 1790; x_wconf 77' lang='grc' dir='ltr'>κατὰ</span> <span class='ocrx_word' id='word_1_263' title='bbox 540 1763 696 1799; x_wconf 82' lang='grc' dir='ltr'>προδοσίαν,</span> <span class='ocrx_word' id='word_1_264' title='bbox 714 1763 743 1789; x_wconf 74' lang='grc' dir='ltr'>ἐν</span> <span class='ocrx_word' id='word_1_265' title='bbox 760 1762 854 1798; x_wconf 78' lang='grc' dir='ltr'>ἀτονία</span> <span class='ocrx_word' id='word_1_266' title='bbox 882 1763 931 1789; x_wconf 75' lang='grc' dir='ltr'><strong>καὶ</strong></span> 
     </span>
    </p>
   </div>
   <div class='ocr_carea' id='block_1_39' title="bbox 135 1808 929 1846">
    <p class='ocr_par' dir='ltr' id='par_1_39' title="bbox 135 1808 929 1846">
     <span class='ocr_line' id='line_1_39' title="bbox 135 1808 929 1846; baseline -0.004 -9"><span class='ocrx_word' id='word_1_267' title='bbox 135 1811 281 1846; x_wconf 83' lang='grc' dir='ltr'>νεκρότητι</span> <span class='ocrx_word' id='word_1_268' title='bbox 291 1810 339 1837; x_wconf 78' lang='grc' dir='ltr'><strong>τοῦ</strong></span> <span class='ocrx_word' id='word_1_269' title='bbox 356 1809 494 1844; x_wconf 83' lang='grc' dir='ltr'>σώματος,</span> <span class='ocrx_word' id='word_1_270' title='bbox 510 1808 550 1836; x_wconf 72' lang='grc' dir='ltr'>ἔτι</span> <span class='ocrx_word' id='word_1_271' title='bbox 563 1817 595 1834; x_wconf 85' lang='grc' dir='ltr'><strong>τε</strong></span> <span class='ocrx_word' id='word_1_272' title='bbox 607 1809 654 1834; x_wconf 75' lang='grc' dir='ltr'><strong>καὶ</strong></span> <span class='ocrx_word' id='word_1_273' title='bbox 670 1808 929 1844; x_wconf 80' lang='grc' dir='ltr'>μεμαρτυρημένων</span> 
     </span>
    </p>
   </div>
   <div class='ocr_carea' id='block_1_40' title="bbox 135 1854 928 1890">
    <p class='ocr_par' dir='ltr' id='par_1_40' title="bbox 135 1854 928 1890">
     <span class='ocr_line' id='line_1_40' title="bbox 135 1854 928 1890; baseline -0.001 -7"><span class='ocrx_word' id='word_1_274' title='bbox 135 1856 333 1883; x_wconf 77' lang='grc' dir='ltr'>εὐπολιτεύτων</span> <span class='ocrx_word' id='word_1_275' title='bbox 346 1855 500 1890; x_wconf 82' lang='grc' dir='ltr'>γενομένων</span> <span class='ocrx_word' id='word_1_276' title='bbox 517 1855 546 1881; x_wconf 72' lang='grc' dir='ltr'>ὲν</span> <span class='ocrx_word' id='word_1_277' title='bbox 558 1854 596 1889; x_wconf 84' lang='grc' dir='ltr'>τῷ</span> <span class='ocrx_word' id='word_1_278' title='bbox 611 1854 661 1889; x_wconf 84' lang='grc' dir='ltr'>βίῳ</span> <span class='ocrx_word' id='word_1_279' title='bbox 677 1854 777 1887; x_wconf 81' lang='grc' dir='ltr'>αὐτῶν,</span> <span class='ocrx_word' id='word_1_280' title='bbox 798 1856 928 1890; x_wconf 84' lang='grc' dir='ltr'>συνευχό-</span> 
     </span>
    </p>
   </div>
   <div class='ocr_carea' id='block_1_41' title="bbox 137 1900 928 1938">
    <p class='ocr_par' dir='ltr' id='par_1_41' title="bbox 137 1900 928 1938">
     <span class='ocr_line' id='line_1_41' title="bbox 137 1900 928 1938; baseline -0.004 -9"><span class='ocrx_word' id='word_1_281' title='bbox 137 1902 209 1938; x_wconf 89' lang='grc' dir='ltr'>μεθα</span> <span class='ocrx_word' id='word_1_282' title='bbox 234 1902 287 1928; x_wconf 81' lang='grc' dir='ltr'>καὶ</span> <span class='ocrx_word' id='word_1_283' title='bbox 310 1900 585 1936; x_wconf 81' lang='grc' dir='ltr'>συμπαρακαλοῦμεν</span> <span class='ocrx_word' id='word_1_284' title='bbox 609 1900 680 1934; x_wconf 78' lang='grc' dir='ltr'>ὑπὲρ</span> <span class='ocrx_word' id='word_1_285' title='bbox 706 1900 823 1935; x_wconf 77' lang='grc' dir='ltr'>ἱλασμοῦ</span> <span class='ocrx_word' id='word_1_286' title='bbox 838 1901 928 1927; x_wconf 77' lang='grc' dir='ltr'>αὐτῶν</span> 
     </span>
    </p>
   </div>
   <div class='ocr_carea' id='block_1_42' title="bbox 137 1944 928 1983">
    <p class='ocr_par' dir='ltr' id='par_1_42' title="bbox 137 1944 928 1983">
     <span class='ocr_line' id='line_1_42' title="bbox 137 1944 928 1983; baseline -0.004 -8"><span class='ocrx_word' id='word_1_287' title='bbox 137 1947 208 1983; x_wconf 81' lang='grc' dir='ltr'>μετὰ</span> <span class='ocrx_word' id='word_1_288' title='bbox 218 1948 272 1974; x_wconf 86' lang='grc' dir='ltr'><strong>τῶν</strong></span> <span class='ocrx_word' id='word_1_289' title='bbox 286 1947 373 1974; x_wconf 77' lang='grc' dir='ltr'>ἄλλων</span> <span class='ocrx_word' id='word_1_290' title='bbox 385 1946 572 1981; x_wconf 79' lang='grc' dir='ltr'>καθηκόντων,</span> <span class='ocrx_word' id='word_1_291' title='bbox 585 1945 630 1972; x_wconf 76' lang='grc' dir='ltr'><strong>διὰ</strong></span> <span class='ocrx_word' id='word_1_292' title='bbox 644 1944 691 1971; x_wconf 79' lang='grc' dir='ltr'><strong>τοῦ</strong></span> <span class='ocrx_word' id='word_1_293' title='bbox 703 1946 848 1980; x_wconf 85' lang='grc' dir='ltr'>γινομένου</span> <span class='ocrx_word' id='word_1_294' title='bbox 860 1946 928 1980; x_wconf 75' lang='grc' dir='ltr'>ὑπὲρ</span> 
     </span>
    </p>
   </div>
   <div class='ocr_carea' id='block_1_43' title="bbox 134 1993 928 2031">
    <p class='ocr_par' dir='ltr' id='par_1_43' title="bbox 134 1993 928 2031">
     <span class='ocr_line' id='line_1_43' title="bbox 134 1993 928 2031; baseline -0.003 -9"><span class='ocrx_word' id='word_1_295' title='bbox 134 1996 216 2031; x_wconf 81' lang='grc' dir='ltr'>ἡμῶν</span> <span class='ocrx_word' id='word_1_296' title='bbox 239 1995 417 2030; x_wconf 82' lang='grc' dir='ltr'>παρακλήτου</span> <span class='ocrx_word' id='word_1_297' title='bbox 444 1994 513 2027; x_wconf 76' lang='grc' dir='ltr'>πρὸς</span> <span class='ocrx_word' id='word_1_298' title='bbox 536 1994 583 2020; x_wconf 87' lang='grc' dir='ltr'>τὸν</span> <span class='ocrx_word' id='word_1_299' title='bbox 614 1993 731 2028; x_wconf 77' lang='grc' dir='ltr'>πατέρα,</span> <span class='ocrx_word' id='word_1_300' title='bbox 749 1994 928 2028; x_wconf 76' lang='grc' dir='ltr'>ἱλασκομένου</span> 
     </span>
    </p>
   </div>
   <div class='ocr_carea' id='block_1_44' title="bbox 135 2039 928 2076">
    <p class='ocr_par' dir='ltr' id='par_1_44' title="bbox 135 2039 928 2076">
     <span class='ocr_line' id='line_1_44' title="bbox 135 2039 928 2076; baseline -0.001 -8"><span class='ocrx_word' id='word_1_301' title='bbox 135 2041 350 2076; x_wconf 80' lang='grc' dir='ltr'>ταῖςᾶμαρτίαις</span> <span class='ocrx_word' id='word_1_302' title='bbox 359 2041 504 2075; x_wconf 76' lang='grc' dir='ltr'><strong>ἡμῶν-Καὶ</strong></span> <span class='ocrx_word' id='word_1_303' title='bbox 514 2039 568 2066; x_wconf 77' lang='grc' dir='ltr'><strong>ἐὰν</strong></span> <span class='ocrx_word' id='word_1_304' title='bbox 576 2048 619 2072; x_wconf 85' lang='grc' dir='ltr'><strong>τις</strong></span> <span class='ocrx_word' id='word_1_305' title='bbox 635 2040 699 2074; x_wconf 72' lang='grc' dir='ltr'>γὰρ,</span> <span class='ocrx_word' id='word_1_306' title='bbox 711 2040 801 2074; x_wconf 75' lang='grc' dir='ltr'>φησὶν,</span> <span class='ocrx_word' id='word_1_307' title='bbox 814 2040 928 2074; x_wconf 79' lang='grc' dir='ltr'><strong>ἁμάρτῃ</strong></span> 
     </span>
    </p>
   </div>
   <div class='ocr_carea' id='block_1_45' title="bbox 135 2085 928 2123">
    <p class='ocr_par' dir='ltr' id='par_1_45' title="bbox 135 2085 928 2123">
     <span class='ocr_line' id='line_1_45' title="bbox 135 2085 928 2123; baseline -0.005 -7"><span class='ocrx_word' id='word_1_308' title='bbox 135 2088 332 2123; x_wconf 70' lang='grc' dir='ltr'>παράκλητον</span> <span class='ocrx_word' id='word_1_309' title='bbox 342 2088 452 2123; x_wconf 76' lang='grc' dir='ltr'>ἔχομεν</span> <span class='ocrx_word' id='word_1_310' title='bbox 460 2087 532 2122; x_wconf 80' lang='grc' dir='ltr'>πρὸς</span> <span class='ocrx_word' id='word_1_311' title='bbox 543 2088 596 2114; x_wconf 82' lang='grc' dir='ltr'><strong>τὸν</strong></span> <span class='ocrx_word' id='word_1_312' title='bbox 603 2085 716 2120; x_wconf 74' lang='grc' dir='ltr'>πατέρα</span> <span class='ocrx_word' id='word_1_313' title='bbox 731 2087 854 2120; x_wconf 76' lang='grc' dir='ltr'>Ἰησοῦν</span> <span class='ocrx_word' id='word_1_314' title='bbox 864 2087 928 2120; x_wconf 81' lang='grc' dir='ltr'>Χρι-</span> 
     </span>
    </p>
   </div>
   <div class='ocr_carea' id='block_1_46' title="bbox 134 2131 930 2167">
    <p class='ocr_par' dir='ltr' id='par_1_46' title="bbox 134 2131 930 2167">
     <span class='ocr_line' id='line_1_46' title="bbox 134 2131 930 2167; baseline -0.005 -5"><span class='ocrx_word' id='word_1_315' title='bbox 134 2135 212 2162; x_wconf 74' lang='grc' dir='ltr'>στὸν</span> <span class='ocrx_word' id='word_1_316' title='bbox 223 2134 350 2165; x_wconf 83' lang='grc' dir='ltr'>δίκαιον,</span> <span class='ocrx_word' id='word_1_317' title='bbox 365 2133 415 2160; x_wconf 77' lang='grc' dir='ltr'><strong>καί</strong></span> <span class='ocrx_word' id='word_1_318' title='bbox 429 2134 520 2166; x_wconf 79' lang='grc' dir='ltr'>αὐτὸς</span> <span class='ocrx_word' id='word_1_319' title='bbox 537 2133 666 2167; x_wconf 76' lang='grc' dir='ltr'>Ιλασμός</span> <span class='ocrx_word' id='word_1_320' title='bbox 678 2132 765 2159; x_wconf 80' lang='grc' dir='ltr'>ἐστιν</span> <span class='ocrx_word' id='word_1_321' title='bbox 781 2132 856 2165; x_wconf 81' lang='grc' dir='ltr'><strong>ὑπὲρ</strong></span> <span class='ocrx_word' id='word_1_322' title='bbox 871 2131 930 2158; x_wconf 84' lang='grc' dir='ltr'><em>τῶν</em></span> 
     </span>
    </p>
   </div>
   <div class='ocr_carea' id='block_1_47' title="bbox 134 2180 852 2218">
    <p class='ocr_par' dir='ltr' id='par_1_47' title="bbox 134 2180 852 2218">
     <span class='ocr_line' id='line_1_47' title="bbox 134 2180 852 2218; baseline -0.004 -9"><span class='ocrx_word' id='word_1_323' title='bbox 134 2180 286 2216; x_wconf 69' lang='grc' dir='ltr'>ἁμαρτιῶν</span> <span class='ocrx_word' id='word_1_324' title='bbox 295 2180 390 2216; x_wconf 78' lang='grc' dir='ltr'><strong>ἡμῶν.</strong></span> <span class='ocrx_word' id='word_1_325' title='bbox 775 2198 778 2199; x_wconf 54' lang='grc' dir='ltr'><strong>ν</strong></span> <span class='ocrx_word' id='word_1_326' title='bbox 849 2216 852 2218; x_wconf 84' lang='lat'>_</span> 
     </span>
    </p>
   </div>
   <div class='ocr_carea' id='block_1_48' title="bbox 171 2236 922 2273">
    <p class='ocr_par' dir='ltr' id='par_1_48' title="bbox 171 2236 922 2273">
     <span class='ocr_line' id='line_1_48' title="bbox 171 2236 922 2273; baseline -0.005 -8"><span class='ocrx_word' id='word_1_327' title='bbox 171 2237 215 2273; x_wconf 84' lang='grc' dir='ltr'><strong>ιβ’.</strong></span> <span class='ocrx_word' id='word_1_328' title='bbox 233 2238 295 2269; x_wconf 81' lang='grc' dir='ltr'>Τοῖς</span> <span class='ocrx_word' id='word_1_329' title='bbox 318 2238 374 2273; x_wconf 72' lang='grc' dir='ltr'><strong>γὰρ</strong></span> <span class='ocrx_word' id='word_1_330' title='bbox 400 2237 522 2273; x_wconf 79' lang='grc' dir='ltr'>ἀργύρια</span> <span class='ocrx_word' id='word_1_331' title='bbox 546 2236 674 2264; x_wconf 75' lang='grc' dir='ltr'>δεδωκόσι</span> <span class='ocrx_word' id='word_1_332' title='bbox 701 2236 768 2272; x_wconf 69' lang='grc' dir='ltr'>πρὸς</span> <span class='ocrx_word' id='word_1_333' title='bbox 786 2236 817 2262; x_wconf 73' lang='grc' dir='ltr'><strong>τὸ</strong></span> <span class='ocrx_word' id='word_1_334' title='bbox 844 2237 922 2262; x_wconf 78' lang='grc' dir='ltr'>ἀνεν‹</span> 
     </span>
    </p>
   </div>
   <div class='ocr_carea' id='block_1_49' title="bbox 133 2280 969 2321">
    <p class='ocr_par' dir='ltr' id='par_1_49' title="bbox 133 2280 969 2321">
     <span class='ocr_line' id='line_1_49' title="bbox 133 2280 969 2321; baseline -0.005 -9"><span class='ocrx_word' id='word_1_335' title='bbox 133 2286 264 2321; x_wconf 84' lang='grc' dir='ltr'>οχλήτους</span> <span class='ocrx_word' id='word_1_336' title='bbox 277 2285 376 2317; x_wconf 72' lang='grc' dir='ltr'>αὐτοὺς</span> <span class='ocrx_word' id='word_1_337' title='bbox 397 2285 428 2312; x_wconf 76' lang='grc' dir='ltr'><strong>τὸ</strong></span> <span class='ocrx_word' id='word_1_338' title='bbox 449 2285 609 2311; x_wconf 82' lang='grc' dir='ltr'>παντάπασι</span> <span class='ocrx_word' id='word_1_339' title='bbox 621 2284 748 2318; x_wconf 83' lang='grc' dir='ltr'>γενέσθαι</span> <span class='ocrx_word' id='word_1_340' title='bbox 766 2284 819 2310; x_wconf 78' lang='grc' dir='ltr'><strong>ἀπὸ</strong></span> <span class='ocrx_word' id='word_1_341' title='bbox 840 2284 932 2318; x_wconf 79' lang='grc' dir='ltr'>πάσης</span> <span class='ocrx_word' id='word_1_342' title='bbox 947 2280 969 2307; x_wconf 86' lang='grc' dir='ltr'>ι)</span> 
     </span>
    </p>
   </div>
   <div class='ocr_carea' id='block_1_50' title="bbox 134 2328 931 2366">
    <p class='ocr_par' dir='ltr' id='par_1_50' title="bbox 134 2328 931 2366">
     <span class='ocr_line' id='line_1_50' title="bbox 134 2328 931 2366; baseline -0.005 -7"><span class='ocrx_word' id='word_1_343' title='bbox 134 2332 246 2364; x_wconf 84' lang='grc' dir='ltr'>κακίας,</span> <span class='ocrx_word' id='word_1_344' title='bbox 262 2332 313 2358; x_wconf 86' lang='grc' dir='ltr'>οὐκ</span> <span class='ocrx_word' id='word_1_345' title='bbox 333 2331 408 2358; x_wconf 76' lang='grc' dir='ltr'>ἐστιν</span> <span class='ocrx_word' id='word_1_346' title='bbox 430 2331 557 2366; x_wconf 78' lang='grc' dir='ltr'>ἔγκλημα</span> <span class='ocrx_word' id='word_1_347' title='bbox 586 2331 774 2366; x_wconf 83' lang='grc' dir='ltr'>προσαγαγεῖν</span> <span class='ocrx_word' id='word_1_348' title='bbox 790 2337 796 2343; x_wconf 90' lang='grc'><strong>·</strong></span> <span class='ocrx_word' id='word_1_349' title='bbox 828 2328 931 2364; x_wconf 80' lang='grc' dir='ltr'>ζημίαν</span> 
     </span>
    </p>
   </div>
   <div class='ocr_carea' id='block_1_51' title="bbox 132 2375 931 2413">
    <p class='ocr_par' dir='ltr' id='par_1_51' title="bbox 132 2375 931 2413">
     <span class='ocr_line' id='line_1_51' title="bbox 132 2375 931 2413; baseline -0.003 -10"><span class='ocrx_word' id='word_1_350' title='bbox 132 2378 189 2413; x_wconf 73' lang='grc' dir='ltr'>γὰρ</span> <span class='ocrx_word' id='word_1_351' title='bbox 206 2377 255 2404; x_wconf 69' lang='grc' dir='ltr'><strong>καὶ</strong></span> <span class='ocrx_word' id='word_1_352' title='bbox 269 2378 408 2404; x_wconf 80' lang='grc' dir='ltr'>ἀπώλειαν</span> <span class='ocrx_word' id='word_1_353' title='bbox 417 2377 568 2412; x_wconf 84' lang='grc' dir='ltr'>χρημάτων</span> <span class='ocrx_word' id='word_1_354' title='bbox 580 2376 751 2411; x_wconf 82' lang='grc' dir='ltr'>ὑπήνεγκαν,</span> <span class='ocrx_word' id='word_1_355' title='bbox 771 2376 815 2402; x_wconf 78' lang='grc' dir='ltr'><strong>ἵνα</strong></span> <span class='ocrx_word' id='word_1_356' title='bbox 831 2376 868 2411; x_wconf 83' lang='grc' dir='ltr'>μὴ</span> <span class='ocrx_word' id='word_1_357' title='bbox 882 2375 931 2411; x_wconf 83' lang='grc' dir='ltr'>τὴν</span> 
     </span>
    </p>
   </div>
   <div class='ocr_carea' id='block_1_52' title="bbox 133 2421 931 2459">
    <p class='ocr_par' dir='ltr' id='par_1_52' title="bbox 133 2421 931 2459">
     <span class='ocr_line' id='line_1_52' title="bbox 133 2421 931 2459; baseline -0.003 -10"><span class='ocrx_word' id='word_1_358' title='bbox 133 2423 226 2459; x_wconf 78' lang='grc' dir='ltr'>ψυχὴν</span> <span class='ocrx_word' id='word_1_359' title='bbox 240 2423 328 2450; x_wconf 66' lang='grc' dir='ltr'>αὐτῶν</span> <span class='ocrx_word' id='word_1_360' title='bbox 341 2423 519 2458; x_wconf 79' lang='grc' dir='ltr'>ζημιωθῶσιν</span> <span class='ocrx_word' id='word_1_361' title='bbox 533 2422 549 2458; x_wconf 84' lang='grc' dir='ltr'>ἢ</span> <span class='ocrx_word' id='word_1_362' title='bbox 565 2422 735 2449; x_wconf 75' lang='grc' dir='ltr'>ἀπολέσωσιν</span> <span class='ocrx_word' id='word_1_363' title='bbox 751 2431 758 2438; x_wconf 88' lang='grc'>·</span> <span class='ocrx_word' id='word_1_364' title='bbox 773 2423 842 2456; x_wconf 78' lang='grc' dir='ltr'>ὅπερ</span> <span class='ocrx_word' id='word_1_365' title='bbox 856 2421 931 2448; x_wconf 82' lang='grc' dir='ltr'>ἄλλοι</span> 
     </span>
    </p>
   </div>
   <div class='ocr_carea' id='block_1_53' title="bbox 134 2466 931 2505">
    <p class='ocr_par' dir='ltr' id='par_1_53' title="bbox 134 2466 931 2505">
     <span class='ocr_line' id='line_1_53' title="bbox 134 2466 931 2505; baseline -0.004 -9"><span class='ocrx_word' id='word_1_366' title='bbox 134 2470 207 2497; x_wconf 77' lang='grc' dir='ltr'>κατὰ</span> <span class='ocrx_word' id='word_1_367' title='bbox 217 2469 444 2505; x_wconf 64' lang='grc' dir='ltr'>αἰσχροκέρδειαν</span> <span class='ocrx_word' id='word_1_368' title='bbox 460 2469 490 2495; x_wconf 81' lang='grc' dir='ltr'>οὐ</span> <span class='ocrx_word' id='word_1_369' title='bbox 510 2469 678 2504; x_wconf 85' lang='grc' dir='ltr'>πεποιήκασι</span> <span class='ocrx_word' id='word_1_370' title='bbox 693 2475 699 2483; x_wconf 83' lang='grc'><strong>·</strong></span> <span class='ocrx_word' id='word_1_371' title='bbox 717 2467 807 2495; x_wconf 81' lang='grc' dir='ltr'>καίτοι</span> <span class='ocrx_word' id='word_1_372' title='bbox 826 2476 858 2502; x_wconf 89' lang='grc' dir='ltr'><strong>γε</strong></span> <span class='ocrx_word' id='word_1_373' title='bbox 884 2466 931 2493; x_wconf 83' lang='grc' dir='ltr'><strong>τοῦ</strong></span> 
     </span>
    </p>
   </div>
   <div class='ocr_carea' id='block_1_54' title="bbox 133 2513 932 2551">
    <p class='ocr_par' dir='ltr' id='par_1_54' title="bbox 133 2513 932 2551">
     <span class='ocr_line' id='line_1_54' title="bbox 133 2513 932 2551; baseline -0.005 -8"><span class='ocrx_word' id='word_1_374' title='bbox 133 2516 239 2551; x_wconf 75' lang='grc' dir='ltr'>Κυρίου</span> <span class='ocrx_word' id='word_1_375' title='bbox 254 2515 396 2549; x_wconf 78' lang='grc' dir='ltr'>λέγοντος·</span> <span class='ocrx_word' id='word_1_376' title='bbox 414 2514 447 2542; x_wconf 84' lang='grc' dir='ltr'>Τί</span> <span class='ocrx_word' id='word_1_377' title='bbox 460 2514 517 2549; x_wconf 77' lang='grc' dir='ltr'>γὰρ</span> <span class='ocrx_word' id='word_1_378' title='bbox 532 2514 684 2549; x_wconf 58' lang='grc' dir='ltr'>ὠφελήσει</span> <span class='ocrx_word' id='word_1_379' title='bbox 697 2513 863 2548; x_wconf 78' lang='grc' dir='ltr'>ἅνθρωπος,</span> <span class='ocrx_word' id='word_1_380' title='bbox 878 2513 932 2539; x_wconf 85' lang='grc' dir='ltr'><strong>ἐὰν</strong></span> 
     </span>
    </p>
   </div>
   <div class='ocr_carea' id='block_1_55' title="bbox 134 2558 931 2595">
    <p class='ocr_par' dir='ltr' id='par_1_55' title="bbox 134 2558 931 2595">
     <span class='ocr_line' id='line_1_55' title="bbox 134 2558 931 2595; baseline -0.004 -7"><span class='ocrx_word' id='word_1_381' title='bbox 134 2562 188 2588; x_wconf 79' lang='grc' dir='ltr'>τὸν</span> <span class='ocrx_word' id='word_1_382' title='bbox 204 2562 319 2595; x_wconf 75' lang='grc' dir='ltr'>κόσμον</span> <span class='ocrx_word' id='word_1_383' title='bbox 333 2561 408 2587; x_wconf 71' lang='grc' dir='ltr'><strong>ὅλον</strong></span> <span class='ocrx_word' id='word_1_384' title='bbox 422 2560 567 2595; x_wconf 73' lang='grc' dir='ltr'>κερδήσῃ,</span> <span class='ocrx_word' id='word_1_385' title='bbox 584 2560 642 2594; x_wconf 78' lang='grc' dir='ltr'><strong>τὴν</strong></span> <span class='ocrx_word' id='word_1_386' title='bbox 659 2560 693 2586; x_wconf 79' lang='grc' dir='ltr'>δὲ</span> <span class='ocrx_word' id='word_1_387' title='bbox 706 2559 814 2594; x_wconf 70' lang='grc' dir='ltr'><strong>ψυχὴν</strong></span> <span class='ocrx_word' id='word_1_388' title='bbox 837 2558 931 2586; x_wconf 86' lang='grc' dir='ltr'>αὑτοῦ</span> 
     </span>
    </p>
   </div>
   <div class='ocr_carea' id='block_1_56' title="bbox 135 2605 930 2641">
    <p class='ocr_par' dir='ltr' id='par_1_56' title="bbox 135 2605 930 2641">
     <span class='ocr_line' id='line_1_56' title="bbox 135 2605 930 2641; baseline -0.003 -8"><span class='ocrx_word' id='word_1_389' title='bbox 135 2605 264 2641; x_wconf 74' lang='grc' dir='ltr'>ζημιωθῇ</span> <span class='ocrx_word' id='word_1_390' title='bbox 276 2607 295 2641; x_wconf 81' lang='grc' dir='ltr'><strong><em>ἧ</em></strong></span> <span class='ocrx_word' id='word_1_391' title='bbox 311 2606 448 2640; x_wconf 76' lang='grc' dir='ltr'>ἀπολέσῃ</span> <span class='ocrx_word' id='word_1_392' title='bbox 459 2614 469 2638; x_wconf 84' lang='grc'><em>;</em></span> <span class='ocrx_word' id='word_1_393' title='bbox 479 2608 526 2634; x_wconf 68' lang='grc' dir='ltr'>καὶ</span> <span class='ocrx_word' id='word_1_394' title='bbox 536 2607 576 2633; x_wconf 86' lang='grc' dir='ltr'><strong>δτι</strong></span> <span class='ocrx_word' id='word_1_395' title='bbox 591 2608 632 2633; x_wconf 91' lang='grc' dir='ltr'><strong>Οῠ</strong></span> <span class='ocrx_word' id='word_1_396' title='bbox 644 2606 777 2633; x_wconf 78' lang='grc' dir='ltr'>δύνασθε</span> <span class='ocrx_word' id='word_1_397' title='bbox 789 2605 850 2637; x_wconf 82' lang='grc' dir='ltr'><strong>Θεῷ</strong></span> <span class='ocrx_word' id='word_1_398' title='bbox 859 2605 930 2632; x_wconf 81' lang='grc' dir='ltr'>δου-</span> 
     </span>
    </p>
   </div>
   <div class='ocr_carea' id='block_1_57' title="bbox 135 2650 932 2688">
    <p class='ocr_par' dir='ltr' id='par_1_57' title="bbox 135 2650 932 2688">
     <span class='ocr_line' id='line_1_57' title="bbox 135 2650 932 2688; baseline -0.004 -9"><span class='ocrx_word' id='word_1_399' title='bbox 135 2653 240 2680; x_wconf 77' lang='grc' dir='ltr'>λεύειν</span> <span class='ocrx_word' id='word_1_400' title='bbox 253 2652 302 2679; x_wconf 78' lang='grc' dir='ltr'><strong>καί</strong></span> <span class='ocrx_word' id='word_1_401' title='bbox 314 2651 441 2687; x_wconf 71' lang='grc' dir='ltr'>μαμωνᾷ</span> <span class='ocrx_word' id='word_1_402' title='bbox 454 2661 460 2667; x_wconf 94' lang='grc'><strong>·</strong></span> <span class='ocrx_word' id='word_1_403' title='bbox 473 2653 610 2686; x_wconf 71' lang='grc' dir='ltr'>ἐφάνησαν</span> <span class='ocrx_word' id='word_1_404' title='bbox 622 2653 675 2688; x_wconf 73' lang='grc' dir='ltr'>γὰρ</span> <span class='ocrx_word' id='word_1_405' title='bbox 691 2653 758 2687; x_wconf 87' lang='grc' dir='ltr'>παρ’</span> <span class='ocrx_word' id='word_1_406' title='bbox 778 2652 882 2678; x_wconf 78' lang='grc' dir='ltr'>ἐκεῖνον</span> <span class='ocrx_word' id='word_1_407' title='bbox 893 2650 932 2686; x_wconf 77' lang='grc' dir='ltr'>τῷ</span> 
     </span>
    </p>
   </div>
   <div class='ocr_carea' id='block_1_58' title="bbox 135 2698 934 2734">
    <p class='ocr_par' dir='ltr' id='par_1_58' title="bbox 135 2698 934 2734">
     <span class='ocr_line' id='line_1_58' title="bbox 135 2698 934 2734; baseline -0.004 -8"><span class='ocrx_word' id='word_1_408' title='bbox 135 2700 195 2734; x_wconf 75' lang='grc' dir='ltr'><strong>Θεῷ</strong></span> <span class='ocrx_word' id='word_1_409' title='bbox 211 2699 386 2731; x_wconf 82' lang='grc' dir='ltr'>δουλεύοντες</span> <span class='ocrx_word' id='word_1_410' title='bbox 403 2707 410 2713; x_wconf 61' lang='grc' dir='ltr'><strong>θ</strong></span> <span class='ocrx_word' id='word_1_411' title='bbox 425 2700 459 2726; x_wconf 73' lang='grc' dir='ltr'><strong>τὰ</strong></span> <span class='ocrx_word' id='word_1_412' title='bbox 483 2700 537 2734; x_wconf 82' lang='grc' dir='ltr'><strong>γὰρ</strong></span> <span class='ocrx_word' id='word_1_413' title='bbox 553 2699 673 2734; x_wconf 79' lang='grc' dir='ltr'>ἀργύρια</span> <span class='ocrx_word' id='word_1_414' title='bbox 693 2699 859 2734; x_wconf 73' lang='grc' dir='ltr'>μισήσαντες</span> <span class='ocrx_word' id='word_1_415' title='bbox 887 2698 934 2724; x_wconf 72' lang='grc' dir='ltr'>καὶ</span> 
     </span>
    </p>
   </div>
   <div class='ocr_carea' id='block_1_59' title="bbox 136 2744 936 2780">
    <p class='ocr_par' dir='ltr' id='par_1_59' title="bbox 136 2744 936 2780">
     <span class='ocr_line' id='line_1_59' title="bbox 136 2744 936 2780; baseline -0.005 -7"><span class='ocrx_word' id='word_1_416' title='bbox 136 2745 394 2780; x_wconf 79' lang='grc' dir='ltr'>καταφρονήσαντες</span> <span class='ocrx_word' id='word_1_417' title='bbox 419 2745 520 2776; x_wconf 81' lang='grc' dir='ltr'>αὐτῶν,</span> <span class='ocrx_word' id='word_1_418' title='bbox 552 2744 756 2780; x_wconf 80' lang='grc' dir='ltr'>ἀπεπλήρωσάν</span> <span class='ocrx_word' id='word_1_419' title='bbox 786 2753 816 2770; x_wconf 80' lang='grc' dir='ltr'><strong>τε</strong></span> <span class='ocrx_word' id='word_1_420' title='bbox 837 2745 884 2770; x_wconf 77' lang='grc' dir='ltr'>καὶ</span> <span class='ocrx_word' id='word_1_421' title='bbox 906 2744 936 2775; x_wconf 76' lang='grc' dir='ltr'><strong>ἐν</strong></span> 
     </span>
    </p>
   </div>
   <div class='ocr_carea' id='block_1_60' title="bbox 138 2789 937 2827">
    <p class='ocr_par' dir='ltr' id='par_1_60' title="bbox 138 2789 937 2827">
     <span class='ocr_line' id='line_1_60' title="bbox 138 2789 937 2827; baseline -0.008 -7"><span class='ocrx_word' id='word_1_422' title='bbox 138 2791 223 2827; x_wconf 77' lang='grc' dir='ltr'>τούτῳ</span> <span class='ocrx_word' id='word_1_423' title='bbox 229 2791 260 2818; x_wconf 77' lang='grc' dir='ltr'><strong>τὸ</strong></span> <span class='ocrx_word' id='word_1_424' title='bbox 272 2798 359 2826; x_wconf 86' lang='grc' dir='ltr'>γεγρα</span> <span class='ocrx_word' id='word_1_425' title='bbox 363 2799 382 2826; x_wconf 89' lang='grc' dir='ltr'><strong>μ</strong></span> <span class='ocrx_word' id='word_1_426' title='bbox 386 2790 595 2826; x_wconf 78' lang='grc' dir='ltr'>μένον,Λύτρον</span> <span class='ocrx_word' id='word_1_427' title='bbox 602 2790 712 2825; x_wconf 82' lang='grc' dir='ltr'>ἀνδρὸς</span> <span class='ocrx_word' id='word_1_428' title='bbox 723 2789 827 2824; x_wconf 74' lang='grc' dir='ltr'><strong>’ψυχῆς</strong></span> <span class='ocrx_word' id='word_1_429' title='bbox 835 2789 937 2825; x_wconf 46' lang='grc' dir='ltr'>ὀιῖδιος</span> 
     </span>
    </p>
   </div>
   <div class='ocr_carea' id='block_1_61' title="bbox 171 2867 494 2900">
    <p class='ocr_par' dir='ltr' id='par_1_61' title="bbox 171 2867 494 2900">
     <span class='ocr_line' id='line_1_61' title="bbox 171 2867 494 2900; baseline 0.006 -6"><span class='ocrx_word' id='word_1_430' title='bbox 171 2868 194 2884; x_wconf 84' lang='grc'><strong>¹¹</strong></span> <span class='ocrx_word' id='word_1_431' title='bbox 210 2867 276 2895; x_wconf 88' lang='lat' dir='ltr'><strong>Luc.</strong></span> <span class='ocrx_word' id='word_1_432' title='bbox 310 2875 363 2899; x_wconf 74' lang='lat' dir='ltr'><strong>xw,</strong></span> <span class='ocrx_word' id='word_1_433' title='bbox 380 2869 425 2900; x_wconf 68' lang='lat'><strong>‘29,</strong></span> <span class='ocrx_word' id='word_1_434' title='bbox 449 2869 494 2896; x_wconf 75' lang='grc'><strong>50.</strong></span> 
     </span>
    </p>
   </div>
   <div class='ocr_carea' id='block_1_62' title="bbox 546 2866 844 2902">
    <p class='ocr_par' dir='ltr' id='par_1_62' title="bbox 546 2866 844 2902">
     <span class='ocr_line' id='line_1_62' title="bbox 546 2866 844 2902; baseline -0.003 -8"><span class='ocrx_word' id='word_1_435' title='bbox 546 2867 568 2883; x_wconf 76' lang='grc'><em>³³</em></span> <span class='ocrx_word' id='word_1_436' title='bbox 587 2866 702 2902; x_wconf 78' lang='lat' dir='ltr'><strong>Philipp.</strong></span> <span class='ocrx_word' id='word_1_437' title='bbox 732 2874 770 2898; x_wconf 86' lang='grc' dir='ltr'>ιιι,</span> <span class='ocrx_word' id='word_1_438' title='bbox 803 2868 844 2894; x_wconf 79' lang='grc' dir='ltr'>ιι.</span> 
     </span>
    </p>
   </div>
   <div class='ocr_carea' id='block_1_63' title="bbox 141 2903 403 2942">
    <p class='ocr_par' dir='ltr' id='par_1_63' title="bbox 141 2903 403 2942">
     <span class='ocr_line' id='line_1_63' title="bbox 141 2903 403 2942; baseline 0.015 -12"><span class='ocrx_word' id='word_1_439' title='bbox 141 2903 176 2919; x_wconf 66' lang='grc' dir='ltr'><strong>ἐ·</strong></span> <span class='ocrx_word' id='word_1_440' title='bbox 196 2904 290 2934; x_wconf 74' lang='lat' dir='ltr'><strong>Matth.</strong></span> <span class='ocrx_word' id='word_1_441' title='bbox 307 2917 340 2942; x_wconf 67' lang='lat' dir='ltr'><strong>vi,</strong></span> <span class='ocrx_word' id='word_1_442' title='bbox 359 2913 403 2940; x_wconf 52' lang='lat'><strong>:21,</strong></span> 
     </span>
    </p>
   </div>
   <div class='ocr_carea' id='block_1_64' title="bbox 897 2866 1153 2896">
    <p class='ocr_par' dir='ltr' id='par_1_64' title="bbox 897 2866 1153 2896">
     <span class='ocr_line' id='line_1_64' title="bbox 897 2866 1153 2896; baseline 0 -3"><span class='ocrx_word' id='word_1_443' title='bbox 897 2867 918 2883; x_wconf 65' lang='grc'><strong>³⁵</strong></span> <span class='ocrx_word' id='word_1_444' title='bbox 935 2866 1014 2893; x_wconf 77' lang='lat' dir='ltr'><strong>Rom.</strong></span> <span class='ocrx_word' id='word_1_445' title='bbox 1041 2874 1092 2896; x_wconf 78' lang='lat' dir='ltr'><strong>XII.</strong></span> <span class='ocrx_word' id='word_1_446' title='bbox 1110 2866 1153 2893; x_wconf 70' lang='grc'><strong>46.</strong></span> 
     </span>
    </p>
   </div>
   <div class='ocr_carea' id='block_1_65' title="bbox 977 283 1220 317">
    <p class='ocr_par' dir='ltr' id='par_1_65' title="bbox 977 283 1220 317">
     <span class='ocr_line' id='line_1_65' title="bbox 977 283 1220 317; baseline 0.008 -8"><span class='ocrx_word' id='word_1_447' title='bbox 977 283 1027 309; x_wconf 79' lang='lat' dir='ltr'><strong>luit</strong></span> <span class='ocrx_word' id='word_1_448' title='bbox 1045 283 1170 317; x_wconf 78' lang='lat' dir='ltr'><strong>perﬁcere</strong></span> <span class='ocrx_word' id='word_1_449' title='bbox 1186 283 1220 311; x_wconf 85' lang='grc'><strong>³¹.</strong></span> 
     </span>
    </p>
   </div>
   <div class='ocr_carea' id='block_1_66' title="bbox 1012 340 1772 376">
    <p class='ocr_par' dir='ltr' id='par_1_66' title="bbox 1012 340 1772 376">
     <span class='ocr_line' id='line_1_66' title="bbox 1012 340 1772 376; baseline 0.007 -10"><span class='ocrx_word' id='word_1_450' title='bbox 1012 340 1055 367; x_wconf 79' lang='grc' dir='ltr'><strong>ΙΙ.</strong></span> <span class='ocrx_word' id='word_1_451' title='bbox 1076 340 1128 373; x_wconf 85' lang='lat' dir='ltr'><strong>Qui</strong></span> <span class='ocrx_word' id='word_1_452' title='bbox 1153 340 1225 368; x_wconf 90' lang='lat' dir='ltr'><strong>enim</strong></span> <span class='ocrx_word' id='word_1_453' title='bbox 1249 341 1368 375; x_wconf 87' lang='lat' dir='ltr'><strong>primum</strong></span> <span class='ocrx_word' id='word_1_454' title='bbox 1395 341 1422 368; x_wconf 95' lang='lat' dir='ltr'><strong>in</strong></span> <span class='ocrx_word' id='word_1_455' title='bbox 1441 341 1642 376; x_wconf 85' lang='lat' dir='ltr'><strong>persecutionis</strong></span> <span class='ocrx_word' id='word_1_456' title='bbox 1665 342 1772 371; x_wconf 78' lang='lat' dir='ltr'><strong>fervore</strong></span> 
     </span>
    </p>
   </div>
   <div class='ocr_carea' id='block_1_67' title="bbox 975 386 1771 422">
    <p class='ocr_par' dir='ltr' id='par_1_67' title="bbox 975 386 1771 422">
     <span class='ocr_line' id='line_1_67' title="bbox 975 386 1771 422; baseline 0.006 -9"><span class='ocrx_word' id='word_1_457' title='bbox 975 386 1152 422; x_wconf 73' lang='lat' dir='ltr'><strong>prosilierunt</strong></span> <span class='ocrx_word' id='word_1_458' title='bbox 1181 387 1316 420; x_wconf 86' lang='lat' dir='ltr'><strong>judicium</strong></span> <span class='ocrx_word' id='word_1_459' title='bbox 1350 387 1580 422; x_wconf 79' lang='lat' dir='ltr'><strong>circumstantes,</strong></span> <span class='ocrx_word' id='word_1_460' title='bbox 1610 394 1638 417; x_wconf 85' lang='lat' dir='ltr'><strong>et</strong></span> <span class='ocrx_word' id='word_1_461' title='bbox 1660 395 1771 418; x_wconf 84' lang='lat' dir='ltr'><strong>sanctos</strong></span> 
     </span>
    </p>
   </div>
   <div class='ocr_carea' id='block_1_68' title="bbox 975 432 1772 469">
    <p class='ocr_par' dir='ltr' id='par_1_68' title="bbox 975 432 1772 469">
     <span class='ocr_line' id='line_1_68' title="bbox 975 432 1772 469; baseline 0.006 -10"><span class='ocrx_word' id='word_1_462' title='bbox 975 437 1111 468; x_wconf 85' lang='lat' dir='ltr'><strong>martyres</strong></span> <span class='ocrx_word' id='word_1_463' title='bbox 1124 432 1170 468; x_wconf 85' lang='lat' dir='ltr'><strong>qui</strong></span> <span class='ocrx_word' id='word_1_464' title='bbox 1188 432 1222 459; x_wconf 86' lang='lat' dir='ltr'><strong>ad</strong></span> <span class='ocrx_word' id='word_1_465' title='bbox 1244 433 1365 460; x_wconf 81' lang='lat' dir='ltr'><strong>brabium</strong></span> <span class='ocrx_word' id='word_1_466' title='bbox 1387 442 1508 469; x_wconf 67' lang='lat' dir='ltr'><strong>superine</strong></span> <span class='ocrx_word' id='word_1_467' title='bbox 1530 436 1676 464; x_wconf 77' lang='lat' dir='ltr'><strong>vocationis</strong></span> <span class='ocrx_word' id='word_1_468' title='bbox 1693 437 1715 453; x_wconf 83' lang='lat'>&quot;</span> <span class='ocrx_word' id='word_1_469' title='bbox 1731 437 1772 464; x_wconf 88' lang='lat' dir='ltr'><strong>l&#39;e-</strong></span> 
     </span>
    </p>
   </div>
   <div class='ocr_carea' id='block_1_69' title="bbox 975 478 1773 513">
    <p class='ocr_par' dir='ltr' id='par_1_69' title="bbox 975 478 1773 513">
     <span class='ocr_line' id='line_1_69' title="bbox 975 478 1773 513; baseline 0.008 -8"><span class='ocrx_word' id='word_1_470' title='bbox 975 478 1132 511; x_wconf 79' lang='lat' dir='ltr'><strong>stinabant,</strong></span> <span class='ocrx_word' id='word_1_471' title='bbox 1165 478 1346 513; x_wconf 72' lang='lat' dir='ltr'><strong>aspicientes,</strong></span> <span class='ocrx_word' id='word_1_472' title='bbox 1371 479 1485 508; x_wconf 86' lang='lat' dir='ltr'><strong>honesta</strong></span> <span class='ocrx_word' id='word_1_473' title='bbox 1508 482 1682 510; x_wconf 71' lang='lat' dir='ltr'><strong>aemulatione</strong></span> <span class='ocrx_word' id='word_1_474' title='bbox 1704 483 1773 511; x_wconf 84' lang='lat' dir='ltr'><strong>inci—</strong></span> 
     </span>
    </p>
   </div>
   <div class='ocr_carea' id='block_1_70' title="bbox 976 523 1773 562">
    <p class='ocr_par' dir='ltr' id='par_1_70' title="bbox 976 523 1773 562">
     <span class='ocr_line' id='line_1_70' title="bbox 976 523 1773 562; baseline 0.008 -12"><span class='ocrx_word' id='word_1_475' title='bbox 976 523 1026 551; x_wconf 85' lang='lat' dir='ltr'><strong>tati</strong></span> <span class='ocrx_word' id='word_1_476' title='bbox 1043 531 1072 551; x_wconf 93' lang='lat' dir='ltr'><strong>se</strong></span> <span class='ocrx_word' id='word_1_477' title='bbox 1089 523 1163 558; x_wconf 86' lang='lat' dir='ltr'><strong>ipsos</strong></span> <span class='ocrx_word' id='word_1_478' title='bbox 1187 524 1220 551; x_wconf 86' lang='lat' dir='ltr'><strong>ad</strong></span> <span class='ocrx_word' id='word_1_479' title='bbox 1244 524 1297 552; x_wconf 90' lang='lat' dir='ltr'><strong>hoc</strong></span> <span class='ocrx_word' id='word_1_480' title='bbox 1314 525 1500 558; x_wconf 89' lang='lat' dir='ltr'><strong>tradiderunt,</strong></span> <span class='ocrx_word' id='word_1_481' title='bbox 1525 535 1623 562; x_wconf 78' lang='lat' dir='ltr'><strong>inagna</strong></span> <span class='ocrx_word' id='word_1_482' title='bbox 1647 527 1773 556; x_wconf 81' lang='lat' dir='ltr'><strong>libertate</strong></span> 
     </span>
    </p>
   </div>
   <div class='ocr_carea' id='block_1_71' title="bbox 975 571 1772 607">
    <p class='ocr_par' dir='ltr' id='par_1_71' title="bbox 975 571 1772 607">
     <span class='ocr_line' id='line_1_71' title="bbox 975 571 1772 607; baseline 0.006 -10"><span class='ocrx_word' id='word_1_483' title='bbox 975 574 1097 603; x_wconf 81' lang='lat' dir='ltr'><strong>utentes,</strong></span> <span class='ocrx_word' id='word_1_484' title='bbox 1115 571 1233 598; x_wconf 75' lang='lat' dir='ltr'><strong>maxime</strong></span> <span class='ocrx_word' id='word_1_485' title='bbox 1249 571 1371 599; x_wconf 78' lang='lat' dir='ltr'><strong>videntes</strong></span> <span class='ocrx_word' id='word_1_486' title='bbox 1394 579 1442 600; x_wconf 84' lang='lat' dir='ltr'><strong>eos</strong></span> <span class='ocrx_word' id='word_1_487' title='bbox 1460 572 1506 607; x_wconf 91' lang='lat' dir='ltr'><strong>qui</strong></span> <span class='ocrx_word' id='word_1_488' title='bbox 1529 573 1772 607; x_wconf 81' lang='lat' dir='ltr'><strong>subtraliebantur,</strong></span> 
     </span>
    </p>
   </div>
   <div class='ocr_carea' id='block_1_72' title="bbox 976 615 1771 653">
    <p class='ocr_par' dir='ltr' id='par_1_72' title="bbox 976 615 1771 653">
     <span class='ocr_line' id='line_1_72' title="bbox 976 615 1771 653; baseline 0.009 -12"><span class='ocrx_word' id='word_1_489' title='bbox 976 615 1041 649; x_wconf 89' lang='lat' dir='ltr'><strong>labi,</strong></span> <span class='ocrx_word' id='word_1_490' title='bbox 1058 619 1167 650; x_wconf 85' lang='lat' dir='ltr'><strong>propter</strong></span> <span class='ocrx_word' id='word_1_491' title='bbox 1188 623 1257 650; x_wconf 87' lang='lat' dir='ltr'><strong>quos</strong></span> <span class='ocrx_word' id='word_1_492' title='bbox 1284 616 1399 645; x_wconf 85' lang='lat' dir='ltr'><strong>interius</strong></span> <span class='ocrx_word' id='word_1_493' title='bbox 1414 617 1534 651; x_wconf 77' lang='lat' dir='ltr'><strong>excitati,</strong></span> <span class='ocrx_word' id='word_1_494' title='bbox 1548 623 1576 645; x_wconf 89' lang='lat' dir='ltr'><strong>et</strong></span> <span class='ocrx_word' id='word_1_495' title='bbox 1591 618 1709 653; x_wconf 86' lang='lat' dir='ltr'><strong>quodam</strong></span> <span class='ocrx_word' id='word_1_496' title='bbox 1722 627 1771 648; x_wconf 81' lang='lat' dir='ltr'><strong>ve~</strong></span> 
     </span>
    </p>
   </div>
   <div class='ocr_carea' id='block_1_73' title="bbox 975 661 1771 698">
    <p class='ocr_par' dir='ltr' id='par_1_73' title="bbox 975 661 1771 698">
     <span class='ocr_line' id='line_1_73' title="bbox 975 661 1771 698; baseline 0.005 -9"><span class='ocrx_word' id='word_1_497' title='bbox 975 661 1024 690; x_wconf 90' lang='lat' dir='ltr'><strong>luti</strong></span> <span class='ocrx_word' id='word_1_498' title='bbox 1042 670 1111 689; x_wconf 82' lang='lat' dir='ltr'><strong>sono</strong></span> <span class='ocrx_word' id='word_1_499' title='bbox 1126 662 1235 698; x_wconf 89' lang='lat' dir='ltr'><strong>impulsi</strong></span> <span class='ocrx_word' id='word_1_500' title='bbox 1254 662 1287 690; x_wconf 85' lang='lat' dir='ltr'><strong>ad</strong></span> <span class='ocrx_word' id='word_1_501' title='bbox 1308 662 1501 690; x_wconf 85' lang='lat' dir='ltr'><strong>debellandum</strong></span> <span class='ocrx_word' id='word_1_502' title='bbox 1527 671 1557 690; x_wconf 91' lang='lat' dir='ltr'><strong>se</strong></span> <span class='ocrx_word' id='word_1_503' title='bbox 1569 663 1726 692; x_wconf 78' lang='lat' dir='ltr'><strong>etl‘crentem</strong></span> <span class='ocrx_word' id='word_1_504' title='bbox 1743 669 1771 693; x_wconf 83' lang='lat' dir='ltr'><strong>et</strong></span> 
     </span>
    </p>
   </div>
   <div class='ocr_carea' id='block_1_74' title="bbox 976 708 1771 745">
    <p class='ocr_par' dir='ltr' id='par_1_74' title="bbox 976 708 1771 745">
     <span class='ocr_line' id='line_1_74' title="bbox 976 708 1771 745; baseline 0.003 -9"><span class='ocrx_word' id='word_1_505' title='bbox 976 708 1176 742; x_wconf 84' lang='lat' dir='ltr'><strong>adversarium,</strong></span> <span class='ocrx_word' id='word_1_506' title='bbox 1193 709 1227 736; x_wconf 87' lang='lat' dir='ltr'><strong>ad</strong></span> <span class='ocrx_word' id='word_1_507' title='bbox 1251 708 1278 736; x_wconf 91' lang='lat' dir='ltr'><strong>id</strong></span> <span class='ocrx_word' id='word_1_508' title='bbox 1306 709 1516 742; x_wconf 75' lang='lat' dir='ltr'><strong>contendebant,</strong></span> <span class='ocrx_word' id='word_1_509' title='bbox 1537 709 1619 745; x_wconf 73' lang='grc'><strong>452</strong></span> <span class='ocrx_word' id='word_1_510' title='bbox 1643 718 1677 738; x_wconf 85' lang='lat' dir='ltr'><strong>ne</strong></span> <span class='ocrx_word' id='word_1_511' title='bbox 1699 712 1771 745; x_wconf 78' lang='lat' dir='ltr'><strong>apud</strong></span> 
     </span>
    </p>
   </div>
   <div class='ocr_carea' id='block_1_75' title="bbox 975 754 1772 793">
    <p class='ocr_par' dir='ltr' id='par_1_75' title="bbox 975 754 1772 793">
     <span class='ocr_line' id='line_1_75' title="bbox 975 754 1772 793; baseline 0.005 -12"><span class='ocrx_word' id='word_1_512' title='bbox 975 763 1002 782; x_wconf 81' lang='lat' dir='ltr'><strong>se</strong></span> <span class='ocrx_word' id='word_1_513' title='bbox 1023 754 1137 790; x_wconf 76' lang='lat' dir='ltr'><strong>prudens</strong></span> <span class='ocrx_word' id='word_1_514' title='bbox 1152 762 1207 782; x_wconf 77' lang='lat' dir='ltr'><strong>esse</strong></span> <span class='ocrx_word' id='word_1_515' title='bbox 1224 754 1248 771; x_wconf 71' lang='lat'><strong>”</strong></span> <span class='ocrx_word' id='word_1_516' title='bbox 1271 754 1420 787; x_wconf 79' lang='lat' dir='ltr'><strong>videretur,</strong></span> <span class='ocrx_word' id='word_1_517' title='bbox 1438 755 1474 783; x_wconf 91' lang='lat' dir='ltr'><strong>ob</strong></span> <span class='ocrx_word' id='word_1_518' title='bbox 1489 763 1521 783; x_wconf 86' lang='lat' dir='ltr'><strong>ea</strong></span> <span class='ocrx_word' id='word_1_519' title='bbox 1537 755 1564 783; x_wconf 91' lang='lat' dir='ltr'><strong>in</strong></span> <span class='ocrx_word' id='word_1_520' title='bbox 1590 756 1689 792; x_wconf 85' lang='lat' dir='ltr'><strong>quibus</strong></span> <span class='ocrx_word' id='word_1_521' title='bbox 1711 757 1772 793; x_wconf 76' lang='lat' dir='ltr'><strong>ejus</strong></span> 
     </span>
    </p>
   </div>
   <div class='ocr_carea' id='block_1_76' title="bbox 977 801 1771 839">
    <p class='ocr_par' dir='ltr' id='par_1_76' title="bbox 977 801 1771 839">
     <span class='ocr_line' id='line_1_76' title="bbox 977 801 1771 839; baseline 0.003 -9"><span class='ocrx_word' id='word_1_522' title='bbox 977 802 1123 830; x_wconf 77' lang='lat' dir='ltr'><strong>calli-litate</strong></span> <span class='ocrx_word' id='word_1_523' title='bbox 1136 801 1281 829; x_wconf 79' lang='lat' dir='ltr'><strong>inferiores</strong></span> <span class='ocrx_word' id='word_1_524' title='bbox 1291 809 1353 830; x_wconf 86' lang='lat' dir='ltr'><strong>esse</strong></span> <span class='ocrx_word' id='word_1_525' title='bbox 1366 802 1415 830; x_wconf 88' lang='lat' dir='ltr'><strong>visi</strong></span> <span class='ocrx_word' id='word_1_526' title='bbox 1431 803 1622 835; x_wconf 85' lang='lat' dir='ltr'><strong>sunt,etiamsi</strong></span> <span class='ocrx_word' id='word_1_527' title='bbox 1638 811 1667 832; x_wconf 85' lang='lat' dir='ltr'><strong>se</strong></span> <span class='ocrx_word' id='word_1_528' title='bbox 1682 804 1771 839; x_wconf 87' lang='lat' dir='ltr'><strong>ipsum</strong></span> 
     </span>
    </p>
   </div>
   <div class='ocr_carea' id='block_1_77' title="bbox 976 848 1771 885">
    <p class='ocr_par' dir='ltr' id='par_1_77' title="bbox 976 848 1771 885">
     <span class='ocr_line' id='line_1_77' title="bbox 976 848 1771 885; baseline 0.005 -10"><span class='ocrx_word' id='word_1_529' title='bbox 976 848 1049 876; x_wconf 81' lang='lat' dir='ltr'><strong>vinei</strong></span> <span class='ocrx_word' id='word_1_530' title='bbox 1057 848 1093 876; x_wconf 89' lang='lat' dir='ltr'><strong>ab</strong></span> <span class='ocrx_word' id='word_1_531' title='bbox 1102 848 1148 881; x_wconf 88' lang='lat' dir='ltr'><strong>iis,</strong></span> <span class='ocrx_word' id='word_1_532' title='bbox 1159 848 1207 883; x_wconf 85' lang='lat' dir='ltr'><strong>qui</strong></span> <span class='ocrx_word' id='word_1_533' title='bbox 1217 849 1384 876; x_wconf 83' lang='lat' dir='ltr'><strong>scuticarum</strong></span> <span class='ocrx_word' id='word_1_534' title='bbox 1394 848 1617 885; x_wconf 75' lang='lat' dir='ltr'><strong>flagellorumque</strong></span> <span class='ocrx_word' id='word_1_535' title='bbox 1625 855 1771 883; x_wconf 83' lang='lat' dir='ltr'><strong>tormenta.</strong></span> 
     </span>
    </p>
   </div>
   <div class='ocr_carea' id='block_1_78' title="bbox 977 894 1771 931">
    <p class='ocr_par' dir='ltr' id='par_1_78' title="bbox 977 894 1771 931">
     <span class='ocr_line' id='line_1_78' title="bbox 977 894 1771 931; baseline 0.003 -9"><span class='ocrx_word' id='word_1_536' title='bbox 977 899 1004 922; x_wconf 75' lang='lat' dir='ltr'><strong>et</strong></span> <span class='ocrx_word' id='word_1_537' title='bbox 1020 894 1101 929; x_wconf 74' lang='lat' dir='ltr'><strong>gladii</strong></span> <span class='ocrx_word' id='word_1_538' title='bbox 1118 895 1216 927; x_wconf 85' lang='lat' dir='ltr'><strong>aciem,</strong></span> <span class='ocrx_word' id='word_1_539' title='bbox 1231 898 1258 922; x_wconf 88' lang='lat' dir='ltr'><strong>et</strong></span> <span class='ocrx_word' id='word_1_540' title='bbox 1283 894 1354 927; x_wconf 72' lang='lat' dir='ltr'><strong>ignis</strong></span> <span class='ocrx_word' id='word_1_541' title='bbox 1370 894 1574 928; x_wconf 85' lang='lat' dir='ltr'><strong>ustulationem,</strong></span> <span class='ocrx_word' id='word_1_542' title='bbox 1595 900 1622 923; x_wconf 88' lang='lat' dir='ltr'><strong>et</strong></span> <span class='ocrx_word' id='word_1_543' title='bbox 1637 903 1771 931; x_wconf 88' lang='lat' dir='ltr'><strong>aquarum</strong></span> 
     </span>
    </p>
   </div>
   <div class='ocr_carea' id='block_1_79' title="bbox 980 940 1773 973">
    <p class='ocr_par' dir='ltr' id='par_1_79' title="bbox 980 940 1773 973">
     <span class='ocr_line' id='line_1_79' title="bbox 980 940 1773 973; baseline 0.003 -6"><span class='ocrx_word' id='word_1_544' title='bbox 980 940 1168 967; x_wconf 84' lang='lat' dir='ltr'><strong>immersiones</strong></span> <span class='ocrx_word' id='word_1_545' title='bbox 1192 944 1351 967; x_wconf 85' lang='lat' dir='ltr'><strong>constanter</strong></span> <span class='ocrx_word' id='word_1_546' title='bbox 1377 941 1508 973; x_wconf 88' lang='lat' dir='ltr'><strong>tulerunt,</strong></span> <span class='ocrx_word' id='word_1_547' title='bbox 1531 948 1594 968; x_wconf 91' lang='lat' dir='ltr'><strong>eum</strong></span> <span class='ocrx_word' id='word_1_548' title='bbox 1619 942 1719 969; x_wconf 89' lang='lat' dir='ltr'><strong>latuit:</strong></span> <span class='ocrx_word' id='word_1_549' title='bbox 1738 942 1773 969; x_wconf 90' lang='lat' dir='ltr'><strong>iis</strong></span> 
     </span>
    </p>
   </div>
   <div class='ocr_carea' id='block_1_80' title="bbox 980 986 1771 1022">
    <p class='ocr_par' dir='ltr' id='par_1_80' title="bbox 980 986 1771 1022">
     <span class='ocr_line' id='line_1_80' title="bbox 980 986 1771 1022; baseline 0.001 -9"><span class='ocrx_word' id='word_1_550' title='bbox 980 994 1090 1022; x_wconf 86' lang='lat' dir='ltr'><strong>quoque</strong></span> <span class='ocrx_word' id='word_1_551' title='bbox 1107 987 1165 1021; x_wconf 88' lang='lat' dir='ltr'><strong>qui,</strong></span> <span class='ocrx_word' id='word_1_552' title='bbox 1187 991 1215 1014; x_wconf 86' lang='lat' dir='ltr'><strong>ut</strong></span> <span class='ocrx_word' id='word_1_553' title='bbox 1229 994 1261 1014; x_wconf 82' lang='lat' dir='ltr'><strong>ex</strong></span> <span class='ocrx_word' id='word_1_554' title='bbox 1286 986 1340 1014; x_wconf 85' lang='lat' dir='ltr'><strong>ﬁde</strong></span> <span class='ocrx_word' id='word_1_555' title='bbox 1364 994 1460 1021; x_wconf 82' lang='lat' dir='ltr'><strong>preces</strong></span> <span class='ocrx_word' id='word_1_556' title='bbox 1482 991 1509 1014; x_wconf 89' lang='lat' dir='ltr'><strong>et</strong></span> <span class='ocrx_word' id='word_1_557' title='bbox 1531 987 1670 1014; x_wconf 86' lang='lat' dir='ltr'><strong>orationes</strong></span> <span class='ocrx_word' id='word_1_558' title='bbox 1695 987 1771 1020; x_wconf 79' lang='lat' dir='ltr'><strong>ﬁant,</strong></span> 
     </span>
    </p>
   </div>
   <div class='ocr_carea' id='block_1_81' title="bbox 980 1032 1772 1067">
    <p class='ocr_par' dir='ltr' id='par_1_81' title="bbox 980 1032 1772 1067">
     <span class='ocr_line' id='line_1_81' title="bbox 980 1032 1772 1067; baseline 0.001 -8"><span class='ocrx_word' id='word_1_559' title='bbox 980 1036 1193 1067; x_wconf 86' lang='lat' dir='ltr'><strong>persequuntur.</strong></span> <span class='ocrx_word' id='word_1_560' title='bbox 1203 1032 1244 1059; x_wconf 86' lang='lat' dir='ltr'><strong>vel</strong></span> <span class='ocrx_word' id='word_1_561' title='bbox 1256 1039 1305 1066; x_wconf 90' lang='lat' dir='ltr'><strong>pro</strong></span> <span class='ocrx_word' id='word_1_562' title='bbox 1316 1032 1349 1059; x_wconf 91' lang='lat' dir='ltr'><strong>iis</strong></span> <span class='ocrx_word' id='word_1_563' title='bbox 1362 1032 1408 1066; x_wconf 91' lang='lat' dir='ltr'><strong>qui</strong></span> <span class='ocrx_word' id='word_1_564' title='bbox 1421 1033 1448 1060; x_wconf 90' lang='lat' dir='ltr'><strong>in</strong></span> <span class='ocrx_word' id='word_1_565' title='bbox 1460 1032 1582 1060; x_wconf 88' lang='lat' dir='ltr'><strong>custodia</strong></span> <span class='ocrx_word' id='word_1_566' title='bbox 1598 1032 1684 1066; x_wconf 88' lang='lat' dir='ltr'><strong>puniti</strong></span> <span class='ocrx_word' id='word_1_567' title='bbox 1697 1038 1772 1063; x_wconf 85' lang='lat' dir='ltr'><strong>sunt.</strong></span> 
     </span>
    </p>
   </div>
   <div class='ocr_carea' id='block_1_82' title="bbox 981 1078 1773 1113">
    <p class='ocr_par' dir='ltr' id='par_1_82' title="bbox 981 1078 1773 1113">
     <span class='ocr_line' id='line_1_82' title="bbox 981 1078 1773 1113; baseline 0 -8"><span class='ocrx_word' id='word_1_568' title='bbox 981 1083 1008 1106; x_wconf 87' lang='lat' dir='ltr'><strong>et</strong></span> <span class='ocrx_word' id='word_1_569' title='bbox 1023 1086 1038 1106; x_wconf 87' lang='lat' dir='ltr'><strong>a</strong></span> <span class='ocrx_word' id='word_1_570' title='bbox 1057 1079 1130 1105; x_wconf 79' lang='lat' dir='ltr'><strong>fame</strong></span> <span class='ocrx_word' id='word_1_571' title='bbox 1150 1084 1178 1106; x_wconf 86' lang='lat' dir='ltr'><strong>et</strong></span> <span class='ocrx_word' id='word_1_572' title='bbox 1194 1078 1238 1106; x_wconf 85' lang='lat' dir='ltr'><strong>siti</strong></span> <span class='ocrx_word' id='word_1_573' title='bbox 1254 1078 1345 1106; x_wconf 76' lang='lat' dir='ltr'><strong>traditi</strong></span> <span class='ocrx_word' id='word_1_574' title='bbox 1361 1082 1435 1108; x_wconf 86' lang='lat' dir='ltr'><strong>sunt.</strong></span> <span class='ocrx_word' id='word_1_575' title='bbox 1459 1078 1500 1105; x_wconf 88' lang='lat' dir='ltr'><strong>vel</strong></span> <span class='ocrx_word' id='word_1_576' title='bbox 1524 1086 1572 1112; x_wconf 85' lang='lat' dir='ltr'><strong>pro</strong></span> <span class='ocrx_word' id='word_1_577' title='bbox 1589 1078 1622 1106; x_wconf 89' lang='lat' dir='ltr'><strong>iis</strong></span> <span class='ocrx_word' id='word_1_578' title='bbox 1635 1079 1682 1113; x_wconf 86' lang='lat' dir='ltr'><strong>qui</strong></span> <span class='ocrx_word' id='word_1_579' title='bbox 1696 1083 1773 1106; x_wconf 82' lang='lat' dir='ltr'><strong>extra</strong></span> 
     </span>
    </p>
   </div>
   <div class='ocr_carea' id='block_1_83' title="bbox 980 1123 1773 1158">
    <p class='ocr_par' dir='ltr' id='par_1_83' title="bbox 980 1123 1773 1158">
     <span class='ocr_line' id='line_1_83' title="bbox 980 1123 1773 1158; baseline 0.001 -7"><span class='ocrx_word' id='word_1_580' title='bbox 980 1124 1134 1152; x_wconf 85' lang='lat' dir='ltr'><strong>custodiam</strong></span> <span class='ocrx_word' id='word_1_581' title='bbox 1158 1123 1270 1152; x_wconf 87' lang='lat' dir='ltr'><strong>scuticis</strong></span> <span class='ocrx_word' id='word_1_582' title='bbox 1285 1128 1311 1152; x_wconf 90' lang='lat' dir='ltr'><strong>et</strong></span> <span class='ocrx_word' id='word_1_583' title='bbox 1327 1123 1441 1158; x_wconf 77' lang='lat' dir='ltr'><strong>ﬂagellis</strong></span> <span class='ocrx_word' id='word_1_584' title='bbox 1455 1123 1482 1151; x_wconf 89' lang='lat' dir='ltr'><strong>in</strong></span> <span class='ocrx_word' id='word_1_585' title='bbox 1502 1123 1606 1158; x_wconf 86' lang='lat' dir='ltr'><strong>judicio</strong></span> <span class='ocrx_word' id='word_1_586' title='bbox 1619 1124 1682 1152; x_wconf 90' lang='lat' dir='ltr'><strong>torti</strong></span> <span class='ocrx_word' id='word_1_587' title='bbox 1698 1131 1773 1156; x_wconf 80' lang='lat' dir='ltr'><strong>sunt,</strong></span> 
     </span>
    </p>
   </div>
   <div class='ocr_carea' id='block_1_84' title="bbox 981 1169 1773 1205">
    <p class='ocr_par' dir='ltr' id='par_1_84' title="bbox 981 1169 1773 1205">
     <span class='ocr_line' id='line_1_84' title="bbox 981 1169 1773 1205; baseline 0.001 -9"><span class='ocrx_word' id='word_1_588' title='bbox 981 1175 1072 1204; x_wconf 82' lang='lat' dir='ltr'><strong>postea</strong></span> <span class='ocrx_word' id='word_1_589' title='bbox 1084 1173 1172 1197; x_wconf 91' lang='lat' dir='ltr'><strong>autem</strong></span> <span class='ocrx_word' id='word_1_590' title='bbox 1180 1169 1292 1196; x_wconf 83' lang='lat' dir='ltr'><strong>acarnis</strong></span> <span class='ocrx_word' id='word_1_591' title='bbox 1301 1169 1483 1196; x_wconf 84' lang='lat' dir='ltr'><strong>imbecillitate</strong></span> <span class='ocrx_word' id='word_1_592' title='bbox 1494 1170 1558 1197; x_wconf 80' lang='lat' dir='ltr'><strong>victi</strong></span> <span class='ocrx_word' id='word_1_593' title='bbox 1570 1169 1655 1201; x_wconf 81' lang='lat' dir='ltr'><strong>fuere,</strong></span> <span class='ocrx_word' id='word_1_594' title='bbox 1665 1177 1773 1205; x_wconf 64' lang='lat' dir='ltr'><strong>aequum</strong></span> 
     </span>
    </p>
   </div>
   <div class='ocr_carea' id='block_1_85' title="bbox 981 1215 1773 1250">
    <p class='ocr_par' dir='ltr' id='par_1_85' title="bbox 981 1215 1773 1250">
     <span class='ocr_line' id='line_1_85' title="bbox 981 1215 1773 1250; baseline -0.001 -7"><span class='ocrx_word' id='word_1_595' title='bbox 981 1220 1024 1243; x_wconf 86' lang='lat' dir='ltr'><strong>est</strong></span> <span class='ocrx_word' id='word_1_596' title='bbox 1045 1223 1176 1243; x_wconf 89' lang='lat' dir='ltr'><strong>aunuere.</strong></span> <span class='ocrx_word' id='word_1_597' title='bbox 1191 1215 1259 1242; x_wconf 90' lang='lat' dir='ltr'><strong>Cum</strong></span> <span class='ocrx_word' id='word_1_598' title='bbox 1275 1215 1309 1242; x_wconf 90' lang='lat' dir='ltr'><strong>iis</strong></span> <span class='ocrx_word' id='word_1_599' title='bbox 1322 1215 1394 1242; x_wconf 87' lang='lat' dir='ltr'><strong>enim</strong></span> <span class='ocrx_word' id='word_1_600' title='bbox 1410 1216 1455 1250; x_wconf 88' lang='lat' dir='ltr'><strong>qui</strong></span> <span class='ocrx_word' id='word_1_601' title='bbox 1483 1215 1575 1250; x_wconf 81' lang='lat' dir='ltr'><strong>lugent</strong></span> <span class='ocrx_word' id='word_1_602' title='bbox 1596 1219 1623 1242; x_wconf 86' lang='lat' dir='ltr'><strong>et</strong></span> <span class='ocrx_word' id='word_1_603' title='bbox 1646 1220 1773 1246; x_wconf 68' lang='lat' dir='ltr'><strong>maerent.</strong></span> 
     </span>
    </p>
   </div>
   <div class='ocr_carea' id='block_1_86' title="bbox 981 1255 1776 1295">
    <p class='ocr_par' dir='ltr' id='par_1_86' title="bbox 981 1255 1776 1295">
     <span class='ocr_line' id='line_1_86' title="bbox 981 1255 1776 1295; baseline 0.001 -9"><span class='ocrx_word' id='word_1_604' title='bbox 981 1267 1031 1295; x_wconf 88' lang='lat' dir='ltr'><strong>pro</strong></span> <span class='ocrx_word' id='word_1_605' title='bbox 1046 1260 1079 1287; x_wconf 89' lang='lat' dir='ltr'><strong>iis</strong></span> <span class='ocrx_word' id='word_1_606' title='bbox 1091 1260 1138 1294; x_wconf 91' lang='lat' dir='ltr'><strong>qui</strong></span> <span class='ocrx_word' id='word_1_607' title='bbox 1154 1260 1181 1287; x_wconf 90' lang='lat' dir='ltr'><strong>in</strong></span> <span class='ocrx_word' id='word_1_608' title='bbox 1198 1260 1350 1287; x_wconf 86' lang='lat' dir='ltr'><strong>certamine</strong></span> <span class='ocrx_word' id='word_1_609' title='bbox 1361 1260 1425 1288; x_wconf 83' lang='lat' dir='ltr'><strong>victi</strong></span> <span class='ocrx_word' id='word_1_610' title='bbox 1448 1264 1513 1287; x_wconf 87' lang='lat' dir='ltr'><strong>sunt</strong></span> <span class='ocrx_word' id='word_1_611' title='bbox 1535 1268 1550 1287; x_wconf 89' lang='lat' dir='ltr'><strong>a</strong></span> <span class='ocrx_word' id='word_1_612' title='bbox 1569 1255 1674 1295; x_wconf 80' lang='lat' dir='ltr'><strong>magnis</strong></span> <span class='ocrx_word' id='word_1_613' title='bbox 1695 1260 1776 1287; x_wconf 80' lang='lat' dir='ltr'><strong>mali-</strong></span> 
     </span>
    </p>
   </div>
   <div class='ocr_carea' id='block_1_87' title="bbox 981 1304 1775 1340">
    <p class='ocr_par' dir='ltr' id='par_1_87' title="bbox 981 1304 1775 1340">
     <span class='ocr_line' id='line_1_87' title="bbox 981 1304 1775 1340; baseline 0.003 -10"><span class='ocrx_word' id='word_1_614' title='bbox 981 1305 1026 1340; x_wconf 69' lang='grc' dir='ltr'>ςιιί</span> <span class='ocrx_word' id='word_1_615' title='bbox 1041 1304 1141 1332; x_wconf 88' lang='lat' dir='ltr'><strong>diaboli</strong></span> <span class='ocrx_word' id='word_1_616' title='bbox 1157 1304 1271 1336; x_wconf 87' lang='lat' dir='ltr'><strong>viribus,</strong></span> <span class='ocrx_word' id='word_1_617' title='bbox 1287 1304 1344 1332; x_wconf 88' lang='lat' dir='ltr'><strong>sive</strong></span> <span class='ocrx_word' id='word_1_618' title='bbox 1360 1311 1409 1338; x_wconf 87' lang='lat' dir='ltr'><strong>pro</strong></span> <span class='ocrx_word' id='word_1_619' title='bbox 1433 1305 1601 1339; x_wconf 79' lang='lat' dir='ltr'><strong>parentibus,</strong></span> <span class='ocrx_word' id='word_1_620' title='bbox 1621 1305 1662 1332; x_wconf 83' lang='lat' dir='ltr'><strong>vel</strong></span> <span class='ocrx_word' id='word_1_621' title='bbox 1681 1305 1775 1333; x_wconf 79' lang='lat' dir='ltr'><strong>fratri-</strong></span> 
     </span>
    </p>
   </div>
   <div class='ocr_carea' id='block_1_88' title="bbox 981 1350 1774 1384">
    <p class='ocr_par' dir='ltr' id='par_1_88' title="bbox 981 1350 1774 1384">
     <span class='ocr_line' id='line_1_88' title="bbox 981 1350 1774 1384; baseline 0.001 -6"><span class='ocrx_word' id='word_1_622' title='bbox 981 1351 1043 1384; x_wconf 87' lang='lat' dir='ltr'><strong>bus,</strong></span> <span class='ocrx_word' id='word_1_623' title='bbox 1058 1350 1100 1377; x_wconf 88' lang='lat' dir='ltr'><strong>vel</strong></span> <span class='ocrx_word' id='word_1_624' title='bbox 1117 1350 1221 1382; x_wconf 88' lang='lat' dir='ltr'><strong>liberis,</strong></span> <span class='ocrx_word' id='word_1_625' title='bbox 1239 1357 1294 1377; x_wconf 80' lang='lat' dir='ltr'><strong>una</strong></span> <span class='ocrx_word' id='word_1_626' title='bbox 1316 1350 1418 1383; x_wconf 88' lang='lat' dir='ltr'><strong>dolere,</strong></span> <span class='ocrx_word' id='word_1_627' title='bbox 1433 1356 1459 1377; x_wconf 86' lang='lat' dir='ltr'><strong>et</strong></span> <span class='ocrx_word' id='word_1_628' title='bbox 1475 1350 1584 1377; x_wconf 85' lang='lat' dir='ltr'><strong>tristitia</strong></span> <span class='ocrx_word' id='word_1_629' title='bbox 1601 1350 1669 1378; x_wconf 78' lang='lat' dir='ltr'><strong>aﬂlci</strong></span> <span class='ocrx_word' id='word_1_630' title='bbox 1685 1352 1774 1379; x_wconf 86' lang='lat' dir='ltr'><strong>nemi-</strong></span> 
     </span>
    </p>
   </div>
   <div class='ocr_carea' id='block_1_89' title="bbox 982 1396 1777 1431">
    <p class='ocr_par' dir='ltr' id='par_1_89' title="bbox 982 1396 1777 1431">
     <span class='ocr_line' id='line_1_89' title="bbox 982 1396 1777 1431; baseline 0.001 -8"><span class='ocrx_word' id='word_1_631' title='bbox 982 1404 1044 1424; x_wconf 90' lang='lat' dir='ltr'><strong>nem</strong></span> <span class='ocrx_word' id='word_1_632' title='bbox 1062 1396 1211 1431; x_wconf 87' lang='lat' dir='ltr'><strong>quidquam</strong></span> <span class='ocrx_word' id='word_1_633' title='bbox 1227 1396 1336 1431; x_wconf 87' lang='lat' dir='ltr'><strong>penitus</strong></span> <span class='ocrx_word' id='word_1_634' title='bbox 1353 1396 1435 1423; x_wconf 71' lang='lat' dir='ltr'><strong>lmdit.</strong></span> <span class='ocrx_word' id='word_1_635' title='bbox 1454 1396 1562 1424; x_wconf 89' lang='lat' dir='ltr'><strong>Scimus</strong></span> <span class='ocrx_word' id='word_1_636' title='bbox 1576 1397 1648 1423; x_wconf 90' lang='lat' dir='ltr'><strong>enim</strong></span> <span class='ocrx_word' id='word_1_637' title='bbox 1667 1401 1777 1431; x_wconf 78' lang='lat' dir='ltr'><strong>propter</strong></span> 
     </span>
    </p>
   </div>
   <div class='ocr_carea' id='block_1_90' title="bbox 983 1441 1776 1476">
    <p class='ocr_par' dir='ltr' id='par_1_90' title="bbox 983 1441 1776 1476">
     <span class='ocr_line' id='line_1_90' title="bbox 983 1441 1776 1476; baseline 0.003 -8"><span class='ocrx_word' id='word_1_638' title='bbox 983 1442 1099 1469; x_wconf 88' lang='lat' dir='ltr'><strong>aliorum</strong></span> <span class='ocrx_word' id='word_1_639' title='bbox 1115 1441 1206 1474; x_wconf 75' lang='lat' dir='ltr'><strong>(idem,</strong></span> <span class='ocrx_word' id='word_1_640' title='bbox 1218 1441 1349 1476; x_wconf 81' lang='lat' dir='ltr'><strong>quosdam</strong></span> <span class='ocrx_word' id='word_1_641' title='bbox 1364 1449 1425 1469; x_wconf 83' lang='lat' dir='ltr'><strong>esse</strong></span> <span class='ocrx_word' id='word_1_642' title='bbox 1441 1441 1487 1468; x_wconf 86' lang='lat' dir='ltr'><strong>Dei</strong></span> <span class='ocrx_word' id='word_1_643' title='bbox 1502 1441 1651 1469; x_wconf 86' lang='lat' dir='ltr'><strong>bonitatem</strong></span> <span class='ocrx_word' id='word_1_644' title='bbox 1667 1449 1776 1470; x_wconf 87' lang='lat' dir='ltr'><strong>assecu-</strong></span> 
     </span>
    </p>
   </div>
   <div class='ocr_carea' id='block_1_91' title="bbox 985 1486 1776 1523">
    <p class='ocr_par' dir='ltr' id='par_1_91' title="bbox 985 1486 1776 1523">
     <span class='ocr_line' id='line_1_91' title="bbox 985 1486 1776 1523; baseline 0.001 -9"><span class='ocrx_word' id='word_1_645' title='bbox 985 1492 1038 1519; x_wconf 89' lang='lat' dir='ltr'><strong>los,</strong></span> <span class='ocrx_word' id='word_1_646' title='bbox 1054 1491 1082 1514; x_wconf 83' lang='lat' dir='ltr'><strong>et</strong></span> <span class='ocrx_word' id='word_1_647' title='bbox 1096 1486 1123 1514; x_wconf 92' lang='lat' dir='ltr'><strong>in</strong></span> <span class='ocrx_word' id='word_1_648' title='bbox 1141 1492 1317 1522; x_wconf 87' lang='lat' dir='ltr'><strong>peccatorum</strong></span> <span class='ocrx_word' id='word_1_649' title='bbox 1338 1487 1509 1520; x_wconf 80' lang='lat' dir='ltr'><strong>remissione,</strong></span> <span class='ocrx_word' id='word_1_650' title='bbox 1526 1493 1553 1515; x_wconf 85' lang='lat' dir='ltr'><strong>et</strong></span> <span class='ocrx_word' id='word_1_651' title='bbox 1567 1489 1690 1523; x_wconf 85' lang='lat' dir='ltr'><strong>corporis</strong></span> <span class='ocrx_word' id='word_1_652' title='bbox 1702 1489 1776 1516; x_wconf 80' lang='lat' dir='ltr'><strong>sani-</strong></span> 
     </span>
    </p>
   </div>
   <div class='ocr_carea' id='block_1_92' title="bbox 984 1533 1776 1569">
    <p class='ocr_par' dir='ltr' id='par_1_92' title="bbox 984 1533 1776 1569">
     <span class='ocr_line' id='line_1_92' title="bbox 984 1533 1776 1569; baseline 0.001 -10"><span class='ocrx_word' id='word_1_653' title='bbox 984 1537 1049 1565; x_wconf 86' lang='lat' dir='ltr'><strong>tate,</strong></span> <span class='ocrx_word' id='word_1_654' title='bbox 1063 1537 1090 1560; x_wconf 90' lang='lat' dir='ltr'><strong>et</strong></span> <span class='ocrx_word' id='word_1_655' title='bbox 1104 1538 1276 1560; x_wconf 90' lang='lat' dir='ltr'><strong>mortuorum</strong></span> <span class='ocrx_word' id='word_1_656' title='bbox 1300 1533 1511 1561; x_wconf 83' lang='lat' dir='ltr'><strong>resurrectione.</strong></span> <span class='ocrx_word' id='word_1_657' title='bbox 1527 1533 1661 1561; x_wconf 83' lang='lat' dir='ltr'><strong>Memores</strong></span> <span class='ocrx_word' id='word_1_658' title='bbox 1684 1535 1776 1569; x_wconf 83' lang='lat' dir='ltr'><strong>itaque</strong></span> 
     </span>
    </p>
   </div>
   <div class='ocr_carea' id='block_1_93' title="bbox 985 1579 1776 1614">
    <p class='ocr_par' dir='ltr' id='par_1_93' title="bbox 985 1579 1776 1614">
     <span class='ocr_line' id='line_1_93' title="bbox 985 1579 1776 1614; baseline 0 -8"><span class='ocrx_word' id='word_1_659' title='bbox 985 1580 1134 1607; x_wconf 89' lang='lat' dir='ltr'><strong>multorum</strong></span> <span class='ocrx_word' id='word_1_660' title='bbox 1150 1580 1274 1607; x_wconf 87' lang='lat' dir='ltr'><strong>laborum</strong></span> <span class='ocrx_word' id='word_1_661' title='bbox 1291 1583 1318 1606; x_wconf 87' lang='lat' dir='ltr'><strong>et</strong></span> <span class='ocrx_word' id='word_1_662' title='bbox 1335 1580 1520 1611; x_wconf 85' lang='lat' dir='ltr'><strong>miseriarum,</strong></span> <span class='ocrx_word' id='word_1_663' title='bbox 1534 1587 1603 1614; x_wconf 83' lang='lat' dir='ltr'><strong>quas</strong></span> <span class='ocrx_word' id='word_1_664' title='bbox 1613 1587 1661 1613; x_wconf 93' lang='lat' dir='ltr'><strong>pro</strong></span> <span class='ocrx_word' id='word_1_665' title='bbox 1674 1579 1776 1607; x_wconf 85' lang='lat' dir='ltr'><strong>Christi</strong></span> 
     </span>
    </p>
   </div>
   <div class='ocr_carea' id='block_1_94' title="bbox 985 1624 1776 1660">
    <p class='ocr_par' dir='ltr' id='par_1_94' title="bbox 985 1624 1776 1660">
     <span class='ocr_line' id='line_1_94' title="bbox 985 1624 1776 1660; baseline -0.001 -8"><span class='ocrx_word' id='word_1_666' title='bbox 985 1625 1096 1653; x_wconf 88' lang='lat' dir='ltr'><strong>nomine</strong></span> <span class='ocrx_word' id='word_1_667' title='bbox 1106 1625 1310 1657; x_wconf 82' lang='lat' dir='ltr'><strong>sustinuerunt,</strong></span> <span class='ocrx_word' id='word_1_668' title='bbox 1327 1632 1390 1652; x_wconf 90' lang='lat' dir='ltr'><strong>cum</strong></span> <span class='ocrx_word' id='word_1_669' title='bbox 1415 1624 1467 1660; x_wconf 85' lang='lat' dir='ltr'><strong>ipsi</strong></span> <span class='ocrx_word' id='word_1_670' title='bbox 1486 1625 1567 1652; x_wconf 85' lang='lat' dir='ltr'><strong>etiam</strong></span> <span class='ocrx_word' id='word_1_671' title='bbox 1588 1626 1776 1660; x_wconf 84' lang='lat' dir='ltr'><strong>paenitentiam</strong></span> 
     </span>
    </p>
   </div>
   <div class='ocr_carea' id='block_1_95' title="bbox 985 1671 1776 1707">
    <p class='ocr_par' dir='ltr' id='par_1_95' title="bbox 985 1671 1776 1707">
     <span class='ocr_line' id='line_1_95' title="bbox 985 1671 1776 1707; baseline 0.003 -8"><span class='ocrx_word' id='word_1_672' title='bbox 985 1672 1101 1707; x_wconf 82' lang='lat' dir='ltr'><strong>egerint,</strong></span> <span class='ocrx_word' id='word_1_673' title='bbox 1115 1679 1142 1700; x_wconf 87' lang='lat' dir='ltr'><strong>ct</strong></span> <span class='ocrx_word' id='word_1_674' title='bbox 1156 1672 1228 1707; x_wconf 87' lang='lat' dir='ltr'><strong>quod</strong></span> <span class='ocrx_word' id='word_1_675' title='bbox 1242 1680 1256 1699; x_wconf 90' lang='lat' dir='ltr'><strong>a</strong></span> <span class='ocrx_word' id='word_1_676' title='bbox 1271 1679 1300 1699; x_wconf 90' lang='lat' dir='ltr'><strong>se</strong></span> <span class='ocrx_word' id='word_1_677' title='bbox 1317 1671 1418 1699; x_wconf 80' lang='lat' dir='ltr'><strong>factum</strong></span> <span class='ocrx_word' id='word_1_678' title='bbox 1432 1677 1475 1700; x_wconf 86' lang='lat' dir='ltr'><strong>est</strong></span> <span class='ocrx_word' id='word_1_679' title='bbox 1492 1680 1540 1707; x_wconf 81' lang='lat' dir='ltr'><strong>per</strong></span> <span class='ocrx_word' id='word_1_680' title='bbox 1556 1674 1735 1707; x_wconf 89' lang='lat' dir='ltr'><strong>proditionem</strong></span> <span class='ocrx_word' id='word_1_681' title='bbox 1747 1674 1776 1700; x_wconf 89' lang='lat' dir='ltr'><strong>in</strong></span> 
     </span>
    </p>
   </div>
   <div class='ocr_carea' id='block_1_96' title="bbox 986 1718 1777 1752">
    <p class='ocr_par' dir='ltr' id='par_1_96' title="bbox 986 1718 1777 1752">
     <span class='ocr_line' id='line_1_96' title="bbox 986 1718 1777 1752; baseline 0.004 -8"><span class='ocrx_word' id='word_1_682' title='bbox 986 1718 1109 1752; x_wconf 79' lang='lat' dir='ltr'><strong>corporis</strong></span> <span class='ocrx_word' id='word_1_683' title='bbox 1124 1718 1254 1752; x_wconf 78' lang='lat' dir='ltr'><strong>languore</strong></span> <span class='ocrx_word' id='word_1_684' title='bbox 1269 1723 1296 1745; x_wconf 88' lang='lat' dir='ltr'><strong>et</strong></span> <span class='ocrx_word' id='word_1_685' title='bbox 1310 1718 1518 1745; x_wconf 85' lang='lat' dir='ltr'><strong>mortilicatione</strong></span> <span class='ocrx_word' id='word_1_686' title='bbox 1533 1718 1699 1752; x_wconf 79' lang='lat' dir='ltr'><strong>deﬂevcrint,</strong></span> <span class='ocrx_word' id='word_1_687' title='bbox 1710 1723 1737 1747; x_wconf 91' lang='lat' dir='ltr'><strong>et</strong></span> <span class='ocrx_word' id='word_1_688' title='bbox 1747 1727 1777 1746; x_wconf 85' lang='lat' dir='ltr'><strong>sc</strong></span> 
     </span>
    </p>
   </div>
   <div class='ocr_carea' id='block_1_97' title="bbox 987 1762 1778 1796">
    <p class='ocr_par' dir='ltr' id='par_1_97' title="bbox 987 1762 1778 1796">
     <span class='ocr_line' id='line_1_97' title="bbox 987 1762 1778 1796; baseline 0.005 -9"><span class='ocrx_word' id='word_1_689' title='bbox 987 1766 1116 1796; x_wconf 64' lang='lat' dir='ltr'><strong>praeterea</strong></span> <span class='ocrx_word' id='word_1_690' title='bbox 1144 1766 1292 1794; x_wconf 86' lang='lat' dir='ltr'><strong>testentur,</strong></span> <span class='ocrx_word' id='word_1_691' title='bbox 1320 1762 1347 1789; x_wconf 91' lang='lat' dir='ltr'><strong>in</strong></span> <span class='ocrx_word' id='word_1_692' title='bbox 1373 1762 1426 1789; x_wconf 88' lang='lat' dir='ltr'><strong>vita</strong></span> <span class='ocrx_word' id='word_1_693' title='bbox 1453 1770 1502 1790; x_wconf 85' lang='lat' dir='ltr'><strong>sua</strong></span> <span class='ocrx_word' id='word_1_694' title='bbox 1527 1763 1611 1791; x_wconf 82' lang='lat' dir='ltr'><strong>fuisse</strong></span> <span class='ocrx_word' id='word_1_695' title='bbox 1638 1764 1778 1791; x_wconf 79' lang='lat' dir='ltr'><strong>acivitate</strong></span> 
     </span>
    </p>
   </div>
   <div class='ocr_carea' id='block_1_98' title="bbox 987 1807 1776 1843">
    <p class='ocr_par' dir='ltr' id='par_1_98' title="bbox 987 1807 1776 1843">
     <span class='ocr_line' id='line_1_98' title="bbox 987 1807 1776 1843; baseline 0.001 -9"><span class='ocrx_word' id='word_1_696' title='bbox 987 1807 1101 1839; x_wconf 82' lang='lat' dir='ltr'><strong>alienos,</strong></span> <span class='ocrx_word' id='word_1_697' title='bbox 1122 1807 1202 1834; x_wconf 86' lang='lat' dir='ltr'><strong>simul</strong></span> <span class='ocrx_word' id='word_1_698' title='bbox 1229 1815 1351 1838; x_wconf 86' lang='lat' dir='ltr'><strong>oremus,</strong></span> <span class='ocrx_word' id='word_1_699' title='bbox 1377 1812 1404 1835; x_wconf 84' lang='lat' dir='ltr'><strong>et</strong></span> <span class='ocrx_word' id='word_1_700' title='bbox 1425 1808 1594 1842; x_wconf 84' lang='lat' dir='ltr'><strong>postulemus</strong></span> <span class='ocrx_word' id='word_1_701' title='bbox 1612 1816 1660 1843; x_wconf 91' lang='lat' dir='ltr'><strong>pro</strong></span> <span class='ocrx_word' id='word_1_702' title='bbox 1681 1816 1776 1836; x_wconf 88' lang='lat' dir='ltr'><strong>eorum</strong></span> 
     </span>
    </p>
   </div>
   <div class='ocr_carea' id='block_1_99' title="bbox 986 1853 1777 1889">
    <p class='ocr_par' dir='ltr' id='par_1_99' title="bbox 986 1853 1777 1889">
     <span class='ocr_line' id='line_1_99' title="bbox 986 1853 1777 1889; baseline 0.003 -9"><span class='ocrx_word' id='word_1_703' title='bbox 986 1853 1208 1881; x_wconf 85' lang='lat' dir='ltr'><strong>reconciliatione</strong></span> <span class='ocrx_word' id='word_1_704' title='bbox 1230 1861 1292 1882; x_wconf 91' lang='lat' dir='ltr'><strong>cum</strong></span> <span class='ocrx_word' id='word_1_705' title='bbox 1311 1853 1372 1881; x_wconf 90' lang='lat' dir='ltr'><strong>aliis</strong></span> <span class='ocrx_word' id='word_1_706' title='bbox 1394 1861 1456 1889; x_wconf 70' lang='lat' dir='ltr'><strong>quae</strong></span> <span class='ocrx_word' id='word_1_707' title='bbox 1479 1853 1557 1882; x_wconf 86' lang='lat' dir='ltr'><strong>decet</strong></span> <span class='ocrx_word' id='word_1_708' title='bbox 1580 1857 1705 1889; x_wconf 81' lang='lat' dir='ltr'><strong>per&#39;eum</strong></span> <span class='ocrx_word' id='word_1_709' title='bbox 1730 1854 1777 1889; x_wconf 89' lang='lat' dir='ltr'><strong>qui</strong></span> 
     </span>
    </p>
   </div>
   <div class='ocr_carea' id='block_1_100' title="bbox 986 1899 1777 1934">
    <p class='ocr_par' dir='ltr' id='par_1_100' title="bbox 986 1899 1777 1934">
     <span class='ocr_line' id='line_1_100' title="bbox 986 1899 1777 1934; baseline 0.003 -8"><span class='ocrx_word' id='word_1_710' title='bbox 986 1904 1026 1926; x_wconf 86' lang='lat' dir='ltr'><strong>est</strong></span> <span class='ocrx_word' id='word_1_711' title='bbox 1044 1899 1123 1926; x_wconf 87' lang='lat' dir='ltr'><strong>nobis</strong></span> <span class='ocrx_word' id='word_1_712' title='bbox 1138 1899 1282 1926; x_wconf 82' lang='lat' dir='ltr'><strong>advocatus</strong></span> <span class='ocrx_word' id='word_1_713' title='bbox 1297 1899 1369 1934; x_wconf 86' lang='lat' dir='ltr'><strong>apud</strong></span> <span class='ocrx_word' id='word_1_714' title='bbox 1385 1899 1505 1931; x_wconf 85' lang='lat' dir='ltr'><strong>Patrem,</strong></span> <span class='ocrx_word' id='word_1_715' title='bbox 1519 1907 1548 1928; x_wconf 84' lang='lat' dir='ltr'><strong>se</strong></span> <span class='ocrx_word' id='word_1_716' title='bbox 1564 1900 1665 1928; x_wconf 88' lang='lat' dir='ltr'><strong>nostris</strong></span> <span class='ocrx_word' id='word_1_717' title='bbox 1681 1908 1777 1934; x_wconf 81' lang='lat' dir='ltr'><strong>pecca-</strong></span> 
     </span>
    </p>
   </div>
   <div class='ocr_carea' id='block_1_101' title="bbox 987 1943 1779 1980">
    <p class='ocr_par' dir='ltr' id='par_1_101' title="bbox 987 1943 1779 1980">
     <span class='ocr_line' id='line_1_101' title="bbox 987 1943 1779 1980; baseline 0 -9"><span class='ocrx_word' id='word_1_718' title='bbox 987 1945 1021 1971; x_wconf 82' lang='lat' dir='ltr'><strong>tis</strong></span> <span class='ocrx_word' id='word_1_719' title='bbox 1035 1945 1180 1979; x_wconf 86' lang='lat' dir='ltr'><strong>propitium</strong></span> <span class='ocrx_word' id='word_1_720' title='bbox 1196 1945 1380 1972; x_wconf 76' lang='lat' dir='ltr'><strong>exhibentem.</strong></span> <span class='ocrx_word' id='word_1_721' title='bbox 1397 1943 1431 1970; x_wconf 84' lang='lat' dir='ltr'><strong>Et</strong></span> <span class='ocrx_word' id='word_1_722' title='bbox 1450 1945 1554 1980; x_wconf 80' lang='lat' dir='ltr'><strong>siquis,</strong></span> <span class='ocrx_word' id='word_1_723' title='bbox 1573 1945 1670 1980; x_wconf 86' lang='lat' dir='ltr'><strong>inquit,</strong></span> <span class='ocrx_word' id='word_1_724' title='bbox 1686 1954 1779 1979; x_wconf 82' lang='lat' dir='ltr'><strong>pecca-</strong></span> 
     </span>
    </p>
   </div>
   <div class='ocr_carea' id='block_1_102' title="bbox 985 1991 1777 2026">
    <p class='ocr_par' dir='ltr' id='par_1_102' title="bbox 985 1991 1777 2026">
     <span class='ocr_line' id='line_1_102' title="bbox 985 1991 1777 2026; baseline 0.003 -8"><span class='ocrx_word' id='word_1_725' title='bbox 985 1993 1062 2023; x_wconf 81' lang='lat' dir='ltr'><strong>verit,</strong></span> <span class='ocrx_word' id='word_1_726' title='bbox 1078 1991 1202 2019; x_wconf 85' lang='lat' dir='ltr'><strong>habemus</strong></span> <span class='ocrx_word' id='word_1_727' title='bbox 1214 1992 1371 2019; x_wconf 82' lang='lat' dir='ltr'><strong>aduocatum</strong></span> <span class='ocrx_word' id='word_1_728' title='bbox 1384 1993 1455 2026; x_wconf 82' lang='lat' dir='ltr'><strong>apud</strong></span> <span class='ocrx_word' id='word_1_729' title='bbox 1467 1992 1577 2019; x_wconf 78' lang='lat' dir='ltr'><strong>Patrem</strong></span> <span class='ocrx_word' id='word_1_730' title='bbox 1589 1992 1681 2019; x_wconf 75' lang='lat' dir='ltr'><strong>Iesum</strong></span> <span class='ocrx_word' id='word_1_731' title='bbox 1698 1993 1777 2020; x_wconf 84' lang='lat' dir='ltr'><strong>Chri—</strong></span> 
     </span>
    </p>
   </div>
   <div class='ocr_carea' id='block_1_103' title="bbox 987 2038 1779 2073">
    <p class='ocr_par' dir='ltr' id='par_1_103' title="bbox 987 2038 1779 2073">
     <span class='ocr_line' id='line_1_103' title="bbox 987 2038 1779 2073; baseline 0.003 -9"><span class='ocrx_word' id='word_1_732' title='bbox 987 2043 1056 2064; x_wconf 83' lang='lat' dir='ltr'><strong>stum</strong></span> <span class='ocrx_word' id='word_1_733' title='bbox 1071 2038 1199 2072; x_wconf 78' lang='lat' dir='ltr'><strong>justum:</strong></span> <span class='ocrx_word' id='word_1_734' title='bbox 1213 2043 1238 2064; x_wconf 75' lang='lat' dir='ltr'><strong>et</strong></span> <span class='ocrx_word' id='word_1_735' title='bbox 1262 2039 1284 2064; x_wconf 90' lang='lat' dir='ltr'><strong>is</strong></span> <span class='ocrx_word' id='word_1_736' title='bbox 1305 2043 1344 2065; x_wconf 86' lang='lat' dir='ltr'><strong>est</strong></span> <span class='ocrx_word' id='word_1_737' title='bbox 1358 2040 1514 2072; x_wconf 79' lang='lat' dir='ltr'><strong>propitiatio</strong></span> <span class='ocrx_word' id='word_1_738' title='bbox 1533 2047 1581 2072; x_wconf 85' lang='lat' dir='ltr'><strong>pro</strong></span> <span class='ocrx_word' id='word_1_739' title='bbox 1596 2040 1710 2073; x_wconf 79' lang='lat' dir='ltr'><strong>peccatis</strong></span> <span class='ocrx_word' id='word_1_740' title='bbox 1732 2047 1779 2066; x_wconf 83' lang='lat' dir='ltr'><strong>tto—</strong></span> 
     </span>
    </p>
   </div>
   <div class='ocr_carea' id='block_1_104' title="bbox 985 2084 1096 2111">
    <p class='ocr_par' dir='ltr' id='par_1_104' title="bbox 985 2084 1096 2111">
     <span class='ocr_line' id='line_1_104' title="bbox 985 2084 1096 2111; baseline -0.009 0"><span class='ocrx_word' id='word_1_741' title='bbox 985 2085 1047 2111; x_wconf 78' lang='lat' dir='ltr'><strong>stris</strong></span> <span class='ocrx_word' id='word_1_742' title='bbox 1065 2084 1096 2110; x_wconf 81' lang='lat'><strong>”.</strong></span> 
     </span>
    </p>
   </div>
   <div class='ocr_carea' id='block_1_105' title="bbox 996 2234 1778 2270">
    <p class='ocr_par' dir='ltr' id='par_1_105' title="bbox 996 2234 1778 2270">
     <span class='ocr_line' id='line_1_105' title="bbox 996 2234 1778 2270; baseline 0.001 -9"><span class='ocrx_word' id='word_1_743' title='bbox 996 2234 1155 2263; x_wconf 63' lang='lat' dir='ltr'><strong>mdisenim</strong></span> <span class='ocrx_word' id='word_1_744' title='bbox 1163 2235 1209 2270; x_wconf 91' lang='lat' dir='ltr'><strong>qui</strong></span> <span class='ocrx_word' id='word_1_745' title='bbox 1223 2235 1365 2270; x_wconf 89' lang='lat' dir='ltr'><strong>pecuniam</strong></span> <span class='ocrx_word' id='word_1_746' title='bbox 1382 2235 1526 2268; x_wconf 86' lang='lat' dir='ltr'><strong>dederunt,</strong></span> <span class='ocrx_word' id='word_1_747' title='bbox 1540 2240 1568 2263; x_wconf 92' lang='lat' dir='ltr'><strong>ut</strong></span> <span class='ocrx_word' id='word_1_748' title='bbox 1589 2235 1642 2270; x_wconf 85' lang='lat' dir='ltr'><strong>ipsi</strong></span> <span class='ocrx_word' id='word_1_749' title='bbox 1657 2235 1730 2262; x_wconf 89' lang='lat' dir='ltr'><strong>omni</strong></span> <span class='ocrx_word' id='word_1_750' title='bbox 1744 2241 1778 2262; x_wconf 79' lang='lat' dir='ltr'><strong>ex</strong></span> 
     </span>
    </p>
   </div>
   <div class='ocr_carea' id='block_1_106' title="bbox 983 2281 1776 2318">
    <p class='ocr_par' dir='ltr' id='par_1_106' title="bbox 983 2281 1776 2318">
     <span class='ocr_line' id='line_1_106' title="bbox 983 2281 1776 2318; baseline -0.003 -9"><span class='ocrx_word' id='word_1_751' title='bbox 983 2287 1060 2318; x_wconf 87' lang='lat' dir='ltr'><strong>parte</strong></span> <span class='ocrx_word' id='word_1_752' title='bbox 1074 2282 1109 2310; x_wconf 81' lang='lat' dir='ltr'><strong>ab</strong></span> <span class='ocrx_word' id='word_1_753' title='bbox 1120 2282 1195 2310; x_wconf 91' lang='lat' dir='ltr'><strong>omni</strong></span> <span class='ocrx_word' id='word_1_754' title='bbox 1217 2281 1321 2308; x_wconf 91' lang='lat' dir='ltr'><strong>malitia</strong></span> <span class='ocrx_word' id='word_1_755' title='bbox 1346 2281 1537 2316; x_wconf 79' lang='lat' dir='ltr'><strong>imperturbati</strong></span> <span class='ocrx_word' id='word_1_756' title='bbox 1556 2284 1657 2314; x_wconf 84' lang='lat' dir='ltr'><strong>essent,</strong></span> <span class='ocrx_word' id='word_1_757' title='bbox 1670 2281 1776 2308; x_wconf 85' lang='lat' dir='ltr'><strong>crimen</strong></span> 
     </span>
    </p>
   </div>
   <div class='ocr_carea' id='block_1_107' title="bbox 980 2327 1780 2364">
    <p class='ocr_par' dir='ltr' id='par_1_107' title="bbox 980 2327 1780 2364">
     <span class='ocr_line' id='line_1_107' title="bbox 980 2327 1780 2364; baseline -0.003 -7"><span class='ocrx_word' id='word_1_758' title='bbox 980 2329 1083 2357; x_wconf 87' lang='lat' dir='ltr'><strong>intendi</strong></span> <span class='ocrx_word' id='word_1_759' title='bbox 1099 2336 1153 2356; x_wconf 91' lang='lat' dir='ltr'><strong>non</strong></span> <span class='ocrx_word' id='word_1_760' title='bbox 1174 2331 1273 2363; x_wconf 87' lang='lat' dir='ltr'><strong>potest.</strong></span> <span class='ocrx_word' id='word_1_761' title='bbox 1292 2327 1425 2354; x_wconf 90' lang='lat' dir='ltr'><strong>Damnum</strong></span> <span class='ocrx_word' id='word_1_762' title='bbox 1441 2329 1514 2355; x_wconf 89' lang='lat' dir='ltr'><strong>enim</strong></span> <span class='ocrx_word' id='word_1_763' title='bbox 1534 2332 1561 2354; x_wconf 77' lang='lat' dir='ltr'><strong>et</strong></span> <span class='ocrx_word' id='word_1_764' title='bbox 1581 2328 1715 2363; x_wconf 86' lang='lat' dir='ltr'><strong>jacturam</strong></span> <span class='ocrx_word' id='word_1_765' title='bbox 1734 2336 1780 2364; x_wconf 88' lang='lat' dir='ltr'><strong>pc-</strong></span> 
     </span>
    </p>
   </div>
   <div class='ocr_carea' id='block_1_108' title="bbox 980 2374 1779 2410">
    <p class='ocr_par' dir='ltr' id='par_1_108' title="bbox 980 2374 1779 2410">
     <span class='ocr_line' id='line_1_108' title="bbox 980 2374 1779 2410; baseline -0.005 -6"><span class='ocrx_word' id='word_1_766' title='bbox 980 2375 1124 2404; x_wconf 87' lang='lat' dir='ltr'><strong>cuniarum</strong></span> <span class='ocrx_word' id='word_1_767' title='bbox 1142 2376 1342 2405; x_wconf 78' lang='lat' dir='ltr'><strong>sustinuerunt.</strong></span> <span class='ocrx_word' id='word_1_768' title='bbox 1367 2382 1401 2401; x_wconf 93' lang='lat' dir='ltr'><strong>ne</strong></span> <span class='ocrx_word' id='word_1_769' title='bbox 1426 2374 1477 2410; x_wconf 88' lang='lat' dir='ltr'><strong>ipsi</strong></span> <span class='ocrx_word' id='word_1_770' title='bbox 1499 2374 1598 2401; x_wconf 69' lang='lat' dir='ltr'><strong>animae</strong></span> <span class='ocrx_word' id='word_1_771' title='bbox 1613 2374 1779 2401; x_wconf 78' lang='lat' dir='ltr'><strong>detrimento</strong></span> 
     </span>
    </p>
   </div>
   <div class='ocr_carea' id='block_1_109' title="bbox 981 2419 1778 2454">
    <p class='ocr_par' dir='ltr' id='par_1_109' title="bbox 981 2419 1778 2454">
     <span class='ocr_line' id='line_1_109' title="bbox 981 2419 1778 2454; baseline -0.001 -7"><span class='ocrx_word' id='word_1_772' title='bbox 981 2420 1163 2453; x_wconf 68' lang='lat' dir='ltr'><strong>adicerentur,</strong></span> <span class='ocrx_word' id='word_1_773' title='bbox 1184 2420 1225 2447; x_wconf 85' lang='lat' dir='ltr'><strong>vel</strong></span> <span class='ocrx_word' id='word_1_774' title='bbox 1251 2420 1339 2454; x_wconf 86' lang='lat' dir='ltr'><strong>ipsam</strong></span> <span class='ocrx_word' id='word_1_775' title='bbox 1363 2419 1445 2447; x_wconf 81' lang='lat' dir='ltr'><strong>etiam</strong></span> <span class='ocrx_word' id='word_1_776' title='bbox 1470 2420 1625 2454; x_wconf 83' lang='lat' dir='ltr'><strong>perderent,</strong></span> <span class='ocrx_word' id='word_1_777' title='bbox 1644 2419 1716 2454; x_wconf 88' lang='lat' dir='ltr'><strong>quod</strong></span> <span class='ocrx_word' id='word_1_778' title='bbox 1732 2420 1778 2446; x_wconf 81' lang='lat' dir='ltr'><strong>ali</strong></span> 
     </span>
    </p>
   </div>
   <div class='ocr_carea' id='block_1_110' title="bbox 982 2465 1779 2501">
    <p class='ocr_par' dir='ltr' id='par_1_110' title="bbox 982 2465 1779 2501">
     <span class='ocr_line' id='line_1_110' title="bbox 982 2465 1779 2501; baseline 0.001 -9"><span class='ocrx_word' id='word_1_779' title='bbox 982 2471 1094 2501; x_wconf 80' lang='lat' dir='ltr'><strong>propter</strong></span> <span class='ocrx_word' id='word_1_780' title='bbox 1110 2472 1188 2500; x_wconf 87' lang='lat' dir='ltr'><strong>turpe</strong></span> <span class='ocrx_word' id='word_1_781' title='bbox 1209 2466 1314 2493; x_wconf 88' lang='lat' dir='ltr'><strong>lucrum</strong></span> <span class='ocrx_word' id='word_1_782' title='bbox 1341 2473 1393 2492; x_wconf 91' lang='lat' dir='ltr'><strong>non</strong></span> <span class='ocrx_word' id='word_1_783' title='bbox 1418 2465 1540 2493; x_wconf 78' lang='lat' dir='ltr'><strong>fecerunt</strong></span> <span class='ocrx_word' id='word_1_784' title='bbox 1562 2465 1710 2499; x_wconf 80' lang='lat' dir='ltr'><strong>:qunnn&#39;is</strong></span> <span class='ocrx_word' id='word_1_785' title='bbox 1726 2465 1779 2493; x_wconf 90' lang='lat' dir='ltr'><strong>Do-</strong></span> 
     </span>
    </p>
   </div>
   <div class='ocr_carea' id='block_1_111' title="bbox 985 2510 1780 2545">
    <p class='ocr_par' dir='ltr' id='par_1_111' title="bbox 985 2510 1780 2545">
     <span class='ocr_line' id='line_1_111' title="bbox 985 2510 1780 2545; baseline -0.001 -7"><span class='ocrx_word' id='word_1_786' title='bbox 985 2512 1078 2539; x_wconf 87' lang='lat' dir='ltr'><strong>minus</strong></span> <span class='ocrx_word' id='word_1_787' title='bbox 1093 2511 1166 2539; x_wconf 87' lang='lat' dir='ltr'><strong>dicat</strong></span> <span class='ocrx_word' id='word_1_788' title='bbox 1182 2513 1205 2529; x_wconf 78' lang='lat'><strong>&quot;</strong></span> <span class='ocrx_word' id='word_1_789' title='bbox 1221 2521 1228 2539; x_wconf 91' lang='lat'><strong>:</strong></span> <span class='ocrx_word' id='word_1_790' title='bbox 1244 2511 1315 2544; x_wconf 83' lang='lat' dir='ltr'><strong>Quid</strong></span> <span class='ocrx_word' id='word_1_791' title='bbox 1328 2513 1396 2538; x_wconf 87' lang='lat' dir='ltr'><strong>enim</strong></span> <span class='ocrx_word' id='word_1_792' title='bbox 1412 2511 1543 2537; x_wconf 78' lang='lat' dir='ltr'><strong>hominem</strong></span> <span class='ocrx_word' id='word_1_793' title='bbox 1553 2510 1668 2545; x_wconf 79' lang='lat' dir='ltr'><strong>jurabit,</strong></span> <span class='ocrx_word' id='word_1_794' title='bbox 1680 2511 1704 2537; x_wconf 80' lang='lat' dir='ltr'><strong>si</strong></span> <span class='ocrx_word' id='word_1_795' title='bbox 1720 2511 1780 2537; x_wconf 83' lang='lat' dir='ltr'><strong>uui-</strong></span> 
     </span>
    </p>
   </div>
   <div class='ocr_carea' id='block_1_112' title="bbox 984 2557 1780 2590">
    <p class='ocr_par' dir='ltr' id='par_1_112' title="bbox 984 2557 1780 2590">
     <span class='ocr_line' id='line_1_112' title="bbox 984 2557 1780 2590; baseline 0 -7"><span class='ocrx_word' id='word_1_796' title='bbox 984 2565 1088 2584; x_wconf 74' lang='lat' dir='ltr'><strong>1-ersum</strong></span> <span class='ocrx_word' id='word_1_797' title='bbox 1105 2557 1231 2584; x_wconf 86' lang='lat' dir='ltr'><strong>mundum</strong></span> <span class='ocrx_word' id='word_1_798' title='bbox 1247 2557 1365 2583; x_wconf 77' lang='lat' dir='ltr'><strong>lucratus</strong></span> <span class='ocrx_word' id='word_1_799' title='bbox 1379 2558 1469 2590; x_wconf 78' lang='lat' dir='ltr'><strong>fuerit,</strong></span> <span class='ocrx_word' id='word_1_800' title='bbox 1481 2557 1578 2584; x_wconf 67' lang='lat' dir='ltr'><strong>animt:</strong></span> <span class='ocrx_word' id='word_1_801' title='bbox 1593 2562 1681 2584; x_wconf 84' lang='lat' dir='ltr'><strong>autem</strong></span> <span class='ocrx_word' id='word_1_802' title='bbox 1696 2557 1780 2583; x_wconf 86' lang='lat' dir='ltr'><strong>detri-</strong></span> 
     </span>
    </p>
   </div>
   <div class='ocr_carea' id='block_1_113' title="bbox 985 2602 1779 2638">
    <p class='ocr_par' dir='ltr' id='par_1_113' title="bbox 985 2602 1779 2638">
     <span class='ocr_line' id='line_1_113' title="bbox 985 2602 1779 2638; baseline -0.003 -8"><span class='ocrx_word' id='word_1_803' title='bbox 985 2608 1072 2630; x_wconf 69' lang='lat' dir='ltr'><strong>mento</strong></span> <span class='ocrx_word' id='word_1_804' title='bbox 1087 2603 1169 2636; x_wconf 81' lang='lat' dir='ltr'><strong>fuerit</strong></span> <span class='ocrx_word' id='word_1_805' title='bbox 1189 2603 1306 2638; x_wconf 74' lang='lat' dir='ltr'><strong>affectus,</strong></span> <span class='ocrx_word' id='word_1_806' title='bbox 1324 2603 1362 2629; x_wconf 65' lang='lat' dir='ltr'><strong>vel</strong></span> <span class='ocrx_word' id='word_1_807' title='bbox 1383 2611 1440 2629; x_wconf 85' lang='lat' dir='ltr'><strong>eam</strong></span> <span class='ocrx_word' id='word_1_808' title='bbox 1464 2603 1545 2629; x_wconf 82' lang='lat' dir='ltr'><strong>etiam</strong></span> <span class='ocrx_word' id='word_1_809' title='bbox 1566 2603 1732 2635; x_wconf 75' lang='lat' dir='ltr'><strong>perdiderit?</strong></span> <span class='ocrx_word' id='word_1_810' title='bbox 1748 2602 1779 2628; x_wconf 75' lang='lat' dir='ltr'><strong>Et</strong></span> 
     </span>
    </p>
   </div>
   <div class='ocr_carea' id='block_1_114' title="bbox 983 2649 1779 2685">
    <p class='ocr_par' dir='ltr' id='par_1_114' title="bbox 983 2649 1779 2685">
     <span class='ocr_line' id='line_1_114' title="bbox 983 2649 1779 2685; baseline -0.004 -8"><span class='ocrx_word' id='word_1_811' title='bbox 983 2658 1078 2678; x_wconf 66' lang='lat' dir='ltr'><strong>rursus</strong></span> <span class='ocrx_word' id='word_1_812' title='bbox 1095 2649 1141 2676; x_wconf 77' lang='lat' dir='ltr'><strong>&quot;‘z</strong></span> <span class='ocrx_word' id='word_1_813' title='bbox 1160 2649 1241 2685; x_wconf 59' lang='grc'><strong>453</strong></span> <span class='ocrx_word' id='word_1_814' title='bbox 1257 2649 1318 2676; x_wconf 85' lang='grc' dir='ltr'>Νοιι</span> <span class='ocrx_word' id='word_1_815' title='bbox 1339 2650 1448 2684; x_wconf 78' lang='lat' dir='ltr'><strong>potestis</strong></span> <span class='ocrx_word' id='word_1_816' title='bbox 1470 2649 1522 2676; x_wconf 79' lang='lat' dir='ltr'><strong>Deo</strong></span> <span class='ocrx_word' id='word_1_817' title='bbox 1543 2649 1639 2675; x_wconf 82' lang='lat' dir='ltr'><strong>servire</strong></span> <span class='ocrx_word' id='word_1_818' title='bbox 1654 2653 1679 2675; x_wconf 84' lang='lat' dir='ltr'><strong>ct</strong></span> <span class='ocrx_word' id='word_1_819' title='bbox 1694 2656 1779 2674; x_wconf 84' lang='lat' dir='ltr'><strong>mam-</strong></span> 
     </span>
    </p>
   </div>
   <div class='ocr_carea' id='block_1_115' title="bbox 985 2695 1779 2731">
    <p class='ocr_par' dir='ltr' id='par_1_115' title="bbox 985 2695 1779 2731">
     <span class='ocr_line' id='line_1_115' title="bbox 985 2695 1779 2731; baseline -0.003 -8"><span class='ocrx_word' id='word_1_820' title='bbox 985 2704 1069 2723; x_wconf 70' lang='lat' dir='ltr'><strong>momz</strong></span> <span class='ocrx_word' id='word_1_821' title='bbox 1091 2697 1141 2723; x_wconf 89' lang='lat' dir='ltr'><strong>:in</strong></span> <span class='ocrx_word' id='word_1_822' title='bbox 1174 2696 1226 2722; x_wconf 86' lang='lat' dir='ltr'><strong>illis</strong></span> <span class='ocrx_word' id='word_1_823' title='bbox 1252 2696 1324 2724; x_wconf 90' lang='lat' dir='ltr'><strong>enim</strong></span> <span class='ocrx_word' id='word_1_824' title='bbox 1352 2701 1536 2731; x_wconf 82' lang='lat' dir='ltr'><strong>apparuerunt</strong></span> <span class='ocrx_word' id='word_1_825' title='bbox 1559 2696 1604 2730; x_wconf 86' lang='lat' dir='ltr'><strong>qui</strong></span> <span class='ocrx_word' id='word_1_826' title='bbox 1623 2695 1676 2722; x_wconf 79' lang='lat' dir='ltr'><strong>Deo</strong></span> <span class='ocrx_word' id='word_1_827' title='bbox 1694 2695 1779 2722; x_wconf 87' lang='lat' dir='ltr'><strong>servi-</strong></span> 
     </span>
    </p>
   </div>
   <div class='ocr_carea' id='block_1_116' title="bbox 985 2741 1779 2777">
    <p class='ocr_par' dir='ltr' id='par_1_116' title="bbox 985 2741 1779 2777">
     <span class='ocr_line' id='line_1_116' title="bbox 985 2741 1779 2777; baseline -0.004 -7"><span class='ocrx_word' id='word_1_828' title='bbox 985 2748 1055 2776; x_wconf 84' lang='lat' dir='ltr'><strong>rcut,</strong></span> <span class='ocrx_word' id='word_1_829' title='bbox 1068 2743 1169 2775; x_wconf 78' lang='lat' dir='ltr'><strong>exosis,</strong></span> <span class='ocrx_word' id='word_1_830' title='bbox 1188 2743 1364 2776; x_wconf 86' lang='lat' dir='ltr'><strong>conculcatis,</strong></span> <span class='ocrx_word' id='word_1_831' title='bbox 1375 2742 1592 2777; x_wconf 84' lang='lat' dir='ltr'><strong>contemptisque</strong></span> <span class='ocrx_word' id='word_1_832' title='bbox 1602 2741 1734 2776; x_wconf 80' lang='lat' dir='ltr'><strong>pecuniis,</strong></span> <span class='ocrx_word' id='word_1_833' title='bbox 1752 2747 1779 2767; x_wconf 83' lang='lat' dir='ltr'><strong>ct</strong></span> 
     </span>
    </p>
   </div>
   <div class='ocr_carea' id='block_1_117' title="bbox 988 2785 1778 2822">
    <p class='ocr_par' dir='ltr' id='par_1_117' title="bbox 988 2785 1778 2822">
     <span class='ocr_line' id='line_1_117' title="bbox 988 2785 1778 2822; baseline -0.003 -9"><span class='ocrx_word' id='word_1_834' title='bbox 988 2787 1014 2813; x_wconf 90' lang='lat' dir='ltr'><strong>in</strong></span> <span class='ocrx_word' id='word_1_835' title='bbox 1036 2794 1070 2814; x_wconf 83' lang='lat' dir='ltr'><strong>eo</strong></span> <span class='ocrx_word' id='word_1_836' title='bbox 1092 2787 1297 2821; x_wconf 81' lang='lat' dir='ltr'><strong>compleverunt</strong></span> <span class='ocrx_word' id='word_1_837' title='bbox 1319 2786 1391 2822; x_wconf 84' lang='lat' dir='ltr'><strong>quod</strong></span> <span class='ocrx_word' id='word_1_838' title='bbox 1421 2787 1551 2821; x_wconf 83' lang='lat' dir='ltr'><strong>scriptum</strong></span> <span class='ocrx_word' id='word_1_839' title='bbox 1576 2790 1617 2812; x_wconf 77' lang='lat' dir='ltr'><strong>cst</strong></span> <span class='ocrx_word' id='word_1_840' title='bbox 1637 2795 1642 2811; x_wconf 96' lang='lat'>:</span> <span class='ocrx_word' id='word_1_841' title='bbox 1659 2785 1778 2812; x_wconf 83' lang='lat' dir='ltr'><strong>Pretium</strong></span> 
     </span>
    </p>
   </div>
   <div class='ocr_carea' id='block_1_118' title="bbox 1210 2864 1776 2898">
    <p class='ocr_par' dir='ltr' id='par_1_118' title="bbox 1210 2864 1776 2898">
     <span class='ocr_line' id='line_1_118' title="bbox 1210 2864 1776 2898; baseline -0.002 -6"><span class='ocrx_word' id='word_1_842' title='bbox 1210 2866 1231 2881; x_wconf 73' lang='grc'><strong>⁵⁵</strong></span> <span class='ocrx_word' id='word_1_843' title='bbox 1247 2865 1256 2892; x_wconf 88' lang='grc' dir='ltr'><strong>ι</strong></span> <span class='ocrx_word' id='word_1_844' title='bbox 1272 2864 1349 2892; x_wconf 83' lang='lat' dir='ltr'><strong>Joau.</strong></span> <span class='ocrx_word' id='word_1_845' title='bbox 1376 2873 1404 2898; x_wconf 85' lang='grc' dir='ltr'><strong>ιι,</strong></span> <span class='ocrx_word' id='word_1_846' title='bbox 1424 2864 1449 2892; x_wconf 73' lang='grc'><strong>1.</strong></span> <span class='ocrx_word' id='word_1_847' title='bbox 1502 2865 1524 2882; x_wconf 71' lang='grc'><strong>⁸⁵</strong></span> <span class='ocrx_word' id='word_1_848' title='bbox 1539 2865 1634 2894; x_wconf 78' lang='lat' dir='ltr'><strong>Matth.</strong></span> <span class='ocrx_word' id='word_1_849' title='bbox 1660 2873 1713 2898; x_wconf 68' lang='lat' dir='ltr'><strong>tvt,</strong></span> <span class='ocrx_word' id='word_1_850' title='bbox 1730 2865 1776 2892; x_wconf 63' lang='lat'><strong>96.</strong></span> 
     </span>
    </p>
   </div>
  </div>
