  <div class='ocr_page' id='page_1' title='image "/cluster/home/n/w/nwhite01/storage/ocr_20150623/104/njp.32101077772885/481.png"; bbox 0 0 1956 3049; ppageno 0'>
   <div class='ocr_carea' id='block_1_1' title="bbox 190 201 242 231">
    <p class='ocr_par' dir='ltr' id='par_1_1' title="bbox 190 201 242 231">
     <span class='ocr_line' id='line_1_1' title="bbox 190 201 242 231; baseline 0.019 -1"><span class='ocrx_word' id='word_1_1' title='bbox 190 201 242 231; x_wconf 73' lang='grc'><strong>947</strong></span> 
     </span>
    </p>
   </div>
   <div class='ocr_carea' id='block_1_2' title="bbox 739 198 1216 231">
    <p class='ocr_par' dir='ltr' id='par_1_2' title="bbox 739 198 1216 231">
     <span class='ocr_line' id='line_1_2' title="bbox 739 198 1216 231; baseline -0.006 0"><span class='ocrx_word' id='word_1_2' title='bbox 739 200 869 231; x_wconf 85' lang='grc' dir='ltr'><strong>ΡΗΟΤΙῙ</strong></span> <span class='ocrx_word' id='word_1_3' title='bbox 886 198 1141 229; x_wconf 68' lang='grc' dir='ltr'><strong>ΡΑΤΒΙΔΗΟΗᾹΞ</strong></span> <span class='ocrx_word' id='word_1_4' title='bbox 1161 199 1216 229; x_wconf 87' lang='lat' dir='ltr'><strong>CP.</strong></span> 
     </span>
    </p>
   </div>
   <div class='ocr_carea' id='block_1_3' title="bbox 1766 193 1817 227">
    <p class='ocr_par' dir='ltr' id='par_1_3' title="bbox 1766 193 1817 227">
     <span class='ocr_line' id='line_1_3' title="bbox 1766 193 1817 227; baseline -0.039 0"><span class='ocrx_word' id='word_1_5' title='bbox 1766 193 1817 227; x_wconf 68' lang='grc'><strong>948</strong></span> 
     </span>
    </p>
   </div>
   <div class='ocr_carea' id='block_1_4' title="bbox 192 250 988 291">
    <p class='ocr_par' dir='ltr' id='par_1_4' title="bbox 192 253 986 291">
     <span class='ocr_line' id='line_1_4' title="bbox 192 253 986 291; baseline -0.003 -9"><span class='ocrx_word' id='word_1_6' title='bbox 192 256 375 291; x_wconf 65' lang='lat' dir='ltr'><strong>redemptionis</strong></span> <span class='ocrx_word' id='word_1_7' title='bbox 390 255 485 283; x_wconf 75' lang='lat' dir='ltr'><strong>anima:</strong></span> <span class='ocrx_word' id='word_1_8' title='bbox 499 256 622 287; x_wconf 81' lang='lat' dir='ltr'><strong>hominis,</strong></span> <span class='ocrx_word' id='word_1_9' title='bbox 638 255 751 290; x_wconf 69' lang='lat' dir='ltr'><strong>propriae</strong></span> <span class='ocrx_word' id='word_1_10' title='bbox 761 256 862 282; x_wconf 70' lang='lat' dir='ltr'><strong>divitiae</strong></span> <span class='ocrx_word' id='word_1_11' title='bbox 878 253 986 282; x_wconf 84' lang='lat' dir='ltr'><strong>&quot;.Nam</strong></span> 
     </span>
    </p>
   </div>
   <div class='ocr_carea' id='block_1_5' title="bbox 1043 250 1823 291">
    <p class='ocr_par' dir='ltr' id='par_1_5' title="bbox 1043 250 1823 288">
     <span class='ocr_line' id='line_1_5' title="bbox 1043 250 1823 288; baseline -0.005 -7"><span class='ocrx_word' id='word_1_12' title='bbox 1043 254 1175 287; x_wconf 74' lang='grc' dir='ltr'>πλοῦτος</span> <span class='ocrx_word' id='word_1_13' title='bbox 1186 263 1193 270; x_wconf 94' lang='grc'><strong>·</strong></span> <span class='ocrx_word' id='word_1_14' title='bbox 1213 254 1275 281; x_wconf 75' lang='grc' dir='ltr'>ἐπεὶ</span> <span class='ocrx_word' id='word_1_15' title='bbox 1287 253 1334 280; x_wconf 80' lang='grc' dir='ltr'>καὶ</span> <span class='ocrx_word' id='word_1_16' title='bbox 1345 253 1372 280; x_wconf 71' lang='grc' dir='ltr'>ἓν</span> <span class='ocrx_word' id='word_1_17' title='bbox 1385 253 1446 284; x_wconf 79' lang='grc' dir='ltr'>ταῖς</span> <span class='ocrx_word' id='word_1_18' title='bbox 1461 251 1584 288; x_wconf 76' lang='grc' dir='ltr'>Πρὰξεσι</span> <span class='ocrx_word' id='word_1_19' title='bbox 1598 251 1655 278; x_wconf 80' lang='grc' dir='ltr'><strong>τῶν</strong></span> <span class='ocrx_word' id='word_1_20' title='bbox 1666 250 1823 278; x_wconf 83' lang='grc' dir='ltr'><strong>ἀποστόλων</strong></span> 
     </span>
    </p>
   </div>
   <div class='ocr_carea' id='block_1_6' title="bbox 191 299 979 337">
    <p class='ocr_par' dir='ltr' id='par_1_6' title="bbox 191 299 979 337">
     <span class='ocr_line' id='line_1_6' title="bbox 191 299 979 337; baseline -0.003 -8"><span class='ocrx_word' id='word_1_21' title='bbox 191 308 218 329; x_wconf 86' lang='lat' dir='ltr'><strong>et</strong></span> <span class='ocrx_word' id='word_1_22' title='bbox 235 302 262 329; x_wconf 94' lang='lat' dir='ltr'><strong>in</strong></span> <span class='ocrx_word' id='word_1_23' title='bbox 284 302 397 330; x_wconf 85' lang='lat' dir='ltr'><strong>Actibus</strong></span> <span class='ocrx_word' id='word_1_24' title='bbox 410 309 519 336; x_wconf 88' lang='lat' dir='ltr'><strong>quoque</strong></span> <span class='ocrx_word' id='word_1_25' title='bbox 533 302 719 337; x_wconf 75' lang='lat' dir='ltr'><strong>apostolorum</strong></span> <span class='ocrx_word' id='word_1_26' title='bbox 734 301 859 337; x_wconf 77' lang='lat' dir='ltr'><strong>legimus,</strong></span> <span class='ocrx_word' id='word_1_27' title='bbox 875 308 921 328; x_wconf 89' lang='lat' dir='ltr'><strong>eos</strong></span> <span class='ocrx_word' id='word_1_28' title='bbox 932 299 979 335; x_wconf 90' lang='lat' dir='ltr'><strong>qui</strong></span> 
     </span>
    </p>
   </div>
   <div class='ocr_carea' id='block_1_7' title="bbox 191 346 981 382">
    <p class='ocr_par' dir='ltr' id='par_1_7' title="bbox 191 346 981 382">
     <span class='ocr_line' id='line_1_7' title="bbox 191 346 981 382; baseline -0.003 -8"><span class='ocrx_word' id='word_1_29' title='bbox 191 355 240 382; x_wconf 91' lang='lat' dir='ltr'><strong>pro</strong></span> <span class='ocrx_word' id='word_1_30' title='bbox 257 346 342 375; x_wconf 81' lang='lat' dir='ltr'><strong>Paulo</strong></span> <span class='ocrx_word' id='word_1_31' title='bbox 359 351 386 375; x_wconf 91' lang='lat' dir='ltr'><strong>et</strong></span> <span class='ocrx_word' id='word_1_32' title='bbox 401 346 457 374; x_wconf 89' lang='lat' dir='ltr'><strong>Sila</strong></span> <span class='ocrx_word' id='word_1_33' title='bbox 473 346 672 375; x_wconf 64' lang='lat' dir='ltr'><strong>Thessalonicae</strong></span> <span class='ocrx_word' id='word_1_34' title='bbox 685 347 718 374; x_wconf 89' lang='lat' dir='ltr'><strong>ad</strong></span> <span class='ocrx_word' id='word_1_35' title='bbox 735 346 908 381; x_wconf 70' lang='lat' dir='ltr'><strong>magistratus</strong></span> <span class='ocrx_word' id='word_1_36' title='bbox 924 350 981 373; x_wconf 84' lang='lat' dir='ltr'><strong>tra-</strong></span> 
     </span>
    </p>
   </div>
   <div class='ocr_carea' id='block_1_8' title="bbox 193 390 980 427">
    <p class='ocr_par' dir='ltr' id='par_1_8' title="bbox 193 390 980 427">
     <span class='ocr_line' id='line_1_8' title="bbox 193 390 980 427; baseline -0.003 -7"><span class='ocrx_word' id='word_1_37' title='bbox 193 393 344 426; x_wconf 86' lang='lat' dir='ltr'><strong>hebantur,</strong></span> <span class='ocrx_word' id='word_1_38' title='bbox 369 400 431 420; x_wconf 91' lang='lat' dir='ltr'><strong>cum</strong></span> <span class='ocrx_word' id='word_1_39' title='bbox 459 393 552 420; x_wconf 90' lang='lat' dir='ltr'><strong>multis</strong></span> <span class='ocrx_word' id='word_1_40' title='bbox 576 392 701 427; x_wconf 85' lang='lat' dir='ltr'><strong>pecuniis</strong></span> <span class='ocrx_word' id='word_1_41' title='bbox 728 391 814 419; x_wconf 78' lang='lat' dir='ltr'><strong>fuisse</strong></span> <span class='ocrx_word' id='word_1_42' title='bbox 840 390 980 419; x_wconf 81' lang='lat' dir='ltr'><strong>dimissos.</strong></span> 
     </span>
    </p>
   </div>
   <div class='ocr_carea' id='block_1_9' title="bbox 192 435 982 473">
    <p class='ocr_par' dir='ltr' id='par_1_9' title="bbox 192 435 982 473">
     <span class='ocr_line' id='line_1_9' title="bbox 192 435 982 473; baseline -0.004 -8"><span class='ocrx_word' id='word_1_43' title='bbox 192 437 340 473; x_wconf 73' lang='lat' dir='ltr'><strong>Postquam</strong></span> <span class='ocrx_word' id='word_1_44' title='bbox 356 438 427 465; x_wconf 89' lang='lat' dir='ltr'><strong>enim</strong></span> <span class='ocrx_word' id='word_1_45' title='bbox 445 437 520 472; x_wconf 87' lang='lat' dir='ltr'><strong>ipsos</strong></span> <span class='ocrx_word' id='word_1_46' title='bbox 532 441 644 472; x_wconf 78' lang='lat' dir='ltr'><strong>propter</strong></span> <span class='ocrx_word' id='word_1_47' title='bbox 659 443 758 463; x_wconf 87' lang='lat' dir='ltr'><strong>nomen</strong></span> <span class='ocrx_word' id='word_1_48' title='bbox 782 435 897 462; x_wconf 90' lang='lat' dir='ltr'><strong>multum</strong></span> <span class='ocrx_word' id='word_1_49' title='bbox 914 443 982 462; x_wconf 93' lang='lat' dir='ltr'><strong>one-</strong></span> 
     </span>
    </p>
   </div>
   <div class='ocr_carea' id='block_1_10' title="bbox 192 482 983 518">
    <p class='ocr_par' dir='ltr' id='par_1_10' title="bbox 192 482 983 518">
     <span class='ocr_line' id='line_1_10' title="bbox 192 482 983 518; baseline -0.006 -7"><span class='ocrx_word' id='word_1_50' title='bbox 192 487 315 515; x_wconf 82' lang='lat' dir='ltr'><strong>rassent,</strong></span> <span class='ocrx_word' id='word_1_51' title='bbox 341 488 368 511; x_wconf 88' lang='lat' dir='ltr'><strong>et</strong></span> <span class='ocrx_word' id='word_1_52' title='bbox 391 483 591 511; x_wconf 73' lang='lat' dir='ltr'><strong>multitudinem</strong></span> <span class='ocrx_word' id='word_1_53' title='bbox 618 482 850 518; x_wconf 71' lang='lat' dir='ltr'><strong>magistratusque</strong></span> <span class='ocrx_word' id='word_1_54' title='bbox 875 484 983 515; x_wconf 86' lang='lat' dir='ltr'><strong>pertur-</strong></span> 
     </span>
    </p>
   </div>
   <div class='ocr_carea' id='block_1_11' title="bbox 192 527 983 565">
    <p class='ocr_par' dir='ltr' id='par_1_11' title="bbox 192 527 983 565">
     <span class='ocr_line' id='line_1_11' title="bbox 192 527 983 565; baseline -0.008 -7"><span class='ocrx_word' id='word_1_55' title='bbox 192 531 312 563; x_wconf 85' lang='lat' dir='ltr'><strong>bassent,</strong></span> <span class='ocrx_word' id='word_1_56' title='bbox 335 530 368 558; x_wconf 84' lang='lat' dir='ltr'><strong>ab</strong></span> <span class='ocrx_word' id='word_1_57' title='bbox 388 530 497 563; x_wconf 83' lang='lat' dir='ltr'><strong>Jasane,</strong></span> <span class='ocrx_word' id='word_1_58' title='bbox 513 530 610 565; x_wconf 88' lang='lat' dir='ltr'><strong>inquit,</strong></span> <span class='ocrx_word' id='word_1_59' title='bbox 625 534 649 556; x_wconf 84' lang='lat' dir='ltr'><strong>et</strong></span> <span class='ocrx_word' id='word_1_60' title='bbox 674 528 782 563; x_wconf 79' lang='lat' dir='ltr'><strong>reliquis</strong></span> <span class='ocrx_word' id='word_1_61' title='bbox 798 527 983 562; x_wconf 68' lang='lat' dir='ltr'><strong>satisfactione</strong></span> 
     </span>
    </p>
   </div>
   <div class='ocr_carea' id='block_1_12' title="bbox 193 572 984 611">
    <p class='ocr_par' dir='ltr' id='par_1_12' title="bbox 193 572 984 611">
     <span class='ocr_line' id='line_1_12' title="bbox 193 572 984 611; baseline -0.006 -8"><span class='ocrx_word' id='word_1_62' title='bbox 193 581 309 611; x_wconf 78' lang='lat' dir='ltr'><strong>accepta,</strong></span> <span class='ocrx_word' id='word_1_63' title='bbox 324 585 366 603; x_wconf 83' lang='lat' dir='ltr'><strong>eos</strong></span> <span class='ocrx_word' id='word_1_64' title='bbox 388 576 554 603; x_wconf 84' lang='lat' dir='ltr'><strong>dimiserunt.</strong></span> <span class='ocrx_word' id='word_1_65' title='bbox 578 574 687 601; x_wconf 76' lang='lat' dir='ltr'><strong>Fratres</strong></span> <span class='ocrx_word' id='word_1_66' title='bbox 703 578 790 600; x_wconf 88' lang='lat' dir='ltr'><strong>autem</strong></span> <span class='ocrx_word' id='word_1_67' title='bbox 809 578 887 600; x_wconf 82' lang='lat' dir='ltr'><strong>noctu</strong></span> <span class='ocrx_word' id='word_1_68' title='bbox 902 572 984 607; x_wconf 83' lang='lat' dir='ltr'><strong>proti-</strong></span> 
     </span>
    </p>
   </div>
   <div class='ocr_carea' id='block_1_13' title="bbox 194 619 894 649">
    <p class='ocr_par' dir='ltr' id='par_1_13' title="bbox 194 619 894 649">
     <span class='ocr_line' id='line_1_13' title="bbox 194 619 894 649; baseline -0.006 0"><span class='ocrx_word' id='word_1_69' title='bbox 194 629 242 649; x_wconf 77' lang='lat' dir='ltr'><strong>nus</strong></span> <span class='ocrx_word' id='word_1_70' title='bbox 259 622 373 648; x_wconf 82' lang='lat' dir='ltr'><strong>Paulum</strong></span> <span class='ocrx_word' id='word_1_71' title='bbox 387 626 411 649; x_wconf 87' lang='lat' dir='ltr'><strong>et</strong></span> <span class='ocrx_word' id='word_1_72' title='bbox 429 621 516 649; x_wconf 87' lang='lat' dir='ltr'><strong>Silam</strong></span> <span class='ocrx_word' id='word_1_73' title='bbox 531 621 657 648; x_wconf 86' lang='lat' dir='ltr'><strong>miserunt</strong></span> <span class='ocrx_word' id='word_1_74' title='bbox 672 621 699 646; x_wconf 91' lang='lat' dir='ltr'><strong>in</strong></span> <span class='ocrx_word' id='word_1_75' title='bbox 714 619 848 646; x_wconf 71' lang='lat' dir='ltr'><strong>Berrwam</strong></span> <span class='ocrx_word' id='word_1_76' title='bbox 862 619 894 645; x_wconf 85' lang='grc'><strong>³⁸.</strong></span> 
     </span>
    </p>
   </div>
   <div class='ocr_carea' id='block_1_14' title="bbox 229 665 984 701">
    <p class='ocr_par' dir='ltr' id='par_1_14' title="bbox 229 665 984 701">
     <span class='ocr_line' id='line_1_14' title="bbox 229 665 984 701; baseline -0.007 -6"><span class='ocrx_word' id='word_1_77' title='bbox 229 668 274 695; x_wconf 79' lang='lat' dir='ltr'><strong>i5.</strong></span> <span class='ocrx_word' id='word_1_78' title='bbox 288 667 366 695; x_wconf 86' lang='lat' dir='ltr'><strong>Unde</strong></span> <span class='ocrx_word' id='word_1_79' title='bbox 379 675 430 694; x_wconf 84' lang='lat' dir='ltr'><strong>nec</strong></span> <span class='ocrx_word' id='word_1_80' title='bbox 443 674 490 695; x_wconf 87' lang='lat' dir='ltr'><strong>eos</strong></span> <span class='ocrx_word' id='word_1_81' title='bbox 504 667 551 701; x_wconf 91' lang='lat' dir='ltr'><strong>qui</strong></span> <span class='ocrx_word' id='word_1_82' title='bbox 567 666 659 694; x_wconf 81' lang='lat' dir='ltr'><strong>omnia</strong></span> <span class='ocrx_word' id='word_1_83' title='bbox 682 665 853 700; x_wconf 83' lang='lat' dir='ltr'><strong>reliquerunt</strong></span> <span class='ocrx_word' id='word_1_84' title='bbox 874 668 984 699; x_wconf 87' lang='lat' dir='ltr'><strong>propter</strong></span> 
     </span>
    </p>
   </div>
   <div class='ocr_carea' id='block_1_15' title="bbox 194 712 983 747">
    <p class='ocr_par' dir='ltr' id='par_1_15' title="bbox 194 712 983 747">
     <span class='ocr_line' id='line_1_15' title="bbox 194 712 983 747; baseline -0.005 -6"><span class='ocrx_word' id='word_1_85' title='bbox 194 713 309 742; x_wconf 77' lang='lat' dir='ltr'><strong>salutem</strong></span> <span class='ocrx_word' id='word_1_86' title='bbox 328 714 435 747; x_wconf 85' lang='lat' dir='ltr'><strong>animae,</strong></span> <span class='ocrx_word' id='word_1_87' title='bbox 451 719 479 740; x_wconf 87' lang='lat' dir='ltr'><strong>et</strong></span> <span class='ocrx_word' id='word_1_88' title='bbox 495 717 679 745; x_wconf 77' lang='lat' dir='ltr'><strong>secesserunt,</strong></span> <span class='ocrx_word' id='word_1_89' title='bbox 701 712 764 740; x_wconf 85' lang='lat' dir='ltr'><strong>licet</strong></span> <span class='ocrx_word' id='word_1_90' title='bbox 781 719 911 739; x_wconf 80' lang='lat' dir='ltr'><strong>accusare</strong></span> <span class='ocrx_word' id='word_1_91' title='bbox 922 714 983 738; x_wconf 87' lang='lat' dir='ltr'><strong>tan-</strong></span> 
     </span>
    </p>
   </div>
   <div class='ocr_carea' id='block_1_16' title="bbox 194 755 984 795">
    <p class='ocr_par' dir='ltr' id='par_1_16' title="bbox 194 755 984 795">
     <span class='ocr_line' id='line_1_16' title="bbox 194 755 984 795; baseline -0.005 -9"><span class='ocrx_word' id='word_1_92' title='bbox 194 765 278 793; x_wconf 86' lang='lat' dir='ltr'><strong>quam</strong></span> <span class='ocrx_word' id='word_1_93' title='bbox 299 759 360 786; x_wconf 89' lang='lat' dir='ltr'><strong>aliis</strong></span> <span class='ocrx_word' id='word_1_94' title='bbox 374 763 483 795; x_wconf 86' lang='lat' dir='ltr'><strong>propter</strong></span> <span class='ocrx_word' id='word_1_95' title='bbox 500 758 574 793; x_wconf 84' lang='lat' dir='ltr'><strong>ipsos</strong></span> <span class='ocrx_word' id='word_1_96' title='bbox 598 758 726 785; x_wconf 86' lang='lat' dir='ltr'><strong>detentis.</strong></span> <span class='ocrx_word' id='word_1_97' title='bbox 749 756 817 784; x_wconf 82' lang='lat' dir='ltr'><strong>Nam</strong></span> <span class='ocrx_word' id='word_1_98' title='bbox 840 761 868 783; x_wconf 88' lang='lat' dir='ltr'><strong>et</strong></span> <span class='ocrx_word' id='word_1_99' title='bbox 884 755 984 791; x_wconf 86' lang='lat' dir='ltr'><strong>Ephesi</strong></span> 
     </span>
    </p>
   </div>
   <div class='ocr_carea' id='block_1_17' title="bbox 194 802 985 838">
    <p class='ocr_par' dir='ltr' id='par_1_17' title="bbox 194 802 985 838">
     <span class='ocr_line' id='line_1_17' title="bbox 194 802 985 838; baseline -0.004 -8"><span class='ocrx_word' id='word_1_100' title='bbox 194 810 246 838; x_wconf 91' lang='lat' dir='ltr'><strong>pro</strong></span> <span class='ocrx_word' id='word_1_101' title='bbox 263 803 346 830; x_wconf 85' lang='lat' dir='ltr'><strong>Paulo</strong></span> <span class='ocrx_word' id='word_1_102' title='bbox 362 803 458 831; x_wconf 84' lang='lat' dir='ltr'><strong>Gaium</strong></span> <span class='ocrx_word' id='word_1_103' title='bbox 480 808 507 832; x_wconf 85' lang='lat' dir='ltr'><strong>et</strong></span> <span class='ocrx_word' id='word_1_104' title='bbox 524 803 713 831; x_wconf 85' lang='lat' dir='ltr'><strong>Aristarchnm</strong></span> <span class='ocrx_word' id='word_1_105' title='bbox 738 803 766 830; x_wconf 91' lang='lat' dir='ltr'><strong>in</strong></span> <span class='ocrx_word' id='word_1_106' title='bbox 789 802 893 829; x_wconf 84' lang='lat' dir='ltr'><strong>theatro</strong></span> <span class='ocrx_word' id='word_1_107' title='bbox 910 808 985 828; x_wconf 87' lang='lat' dir='ltr'><strong>eom-</strong></span> 
     </span>
    </p>
   </div>
   <div class='ocr_carea' id='block_1_18' title="bbox 195 847 984 883">
    <p class='ocr_par' dir='ltr' id='par_1_18' title="bbox 195 847 984 883">
     <span class='ocr_line' id='line_1_18' title="bbox 195 847 984 883; baseline -0.001 -8"><span class='ocrx_word' id='word_1_108' title='bbox 195 849 406 883; x_wconf 85' lang='lat' dir='ltr'><strong>preltenderuut,</strong></span> <span class='ocrx_word' id='word_1_109' title='bbox 421 857 474 876; x_wconf 92' lang='lat' dir='ltr'><strong>una</strong></span> <span class='ocrx_word' id='word_1_110' title='bbox 495 856 555 876; x_wconf 91' lang='lat' dir='ltr'><strong>eum</strong></span> <span class='ocrx_word' id='word_1_111' title='bbox 571 848 656 876; x_wconf 83' lang='lat' dir='ltr'><strong>Paulo</strong></span> <span class='ocrx_word' id='word_1_112' title='bbox 672 849 876 883; x_wconf 71' lang='lat' dir='ltr'><strong>pelegrinantes</strong></span> <span class='ocrx_word' id='word_1_113' title='bbox 889 848 922 879; x_wconf 74' lang='grc'><strong>³⁸,</strong></span> <span class='ocrx_word' id='word_1_114' title='bbox 937 847 984 882; x_wconf 91' lang='lat' dir='ltr'><strong>qui</strong></span> 
     </span>
    </p>
   </div>
   <div class='ocr_carea' id='block_1_19' title="bbox 195 893 984 929">
    <p class='ocr_par' dir='ltr' id='par_1_19' title="bbox 195 893 984 929">
     <span class='ocr_line' id='line_1_19' title="bbox 195 893 984 929; baseline -0.003 -9"><span class='ocrx_word' id='word_1_115' title='bbox 195 893 302 921; x_wconf 83' lang='lat' dir='ltr'><strong>volebat</strong></span> <span class='ocrx_word' id='word_1_116' title='bbox 317 894 350 921; x_wconf 88' lang='lat' dir='ltr'><strong>ad</strong></span> <span class='ocrx_word' id='word_1_117' title='bbox 366 894 494 929; x_wconf 91' lang='lat' dir='ltr'><strong>populum</strong></span> <span class='ocrx_word' id='word_1_118' title='bbox 511 894 586 921; x_wconf 88' lang='lat' dir='ltr'><strong>adire</strong></span> <span class='ocrx_word' id='word_1_119' title='bbox 603 893 752 929; x_wconf 82' lang='lat' dir='ltr'><strong>:quoniam</strong></span> <span class='ocrx_word' id='word_1_120' title='bbox 768 898 879 928; x_wconf 90' lang='lat' dir='ltr'><strong>propter</strong></span> <span class='ocrx_word' id='word_1_121' title='bbox 895 893 984 926; x_wconf 82' lang='lat' dir='ltr'><strong>ipsum</strong></span> 
     </span>
    </p>
   </div>
   <div class='ocr_carea' id='block_1_20' title="bbox 1033 296 1824 336">
    <p class='ocr_par' dir='ltr' id='par_1_20' title="bbox 1033 296 1824 336">
     <span class='ocr_line' id='line_1_20' title="bbox 1033 296 1824 336; baseline -0.004 -9"><span class='ocrx_word' id='word_1_122' title='bbox 1033 301 1192 336; x_wconf 80' lang='grc' dir='ltr'>ἀνέγνωμεν</span> <span class='ocrx_word' id='word_1_123' title='bbox 1208 300 1271 331; x_wconf 79' lang='grc' dir='ltr'>τοὺς</span> <span class='ocrx_word' id='word_1_124' title='bbox 1288 299 1420 334; x_wconf 78' lang='grc' dir='ltr'>συρέντας</span> <span class='ocrx_word' id='word_1_125' title='bbox 1434 299 1496 326; x_wconf 71' lang='grc' dir='ltr'>ἀντὶ</span> <span class='ocrx_word' id='word_1_126' title='bbox 1510 298 1617 325; x_wconf 80' lang='grc' dir='ltr'><strong>Παύλου</strong></span> <span class='ocrx_word' id='word_1_127' title='bbox 1646 297 1695 324; x_wconf 78' lang='grc' dir='ltr'>καὶ</span> <span class='ocrx_word' id='word_1_128' title='bbox 1716 296 1781 323; x_wconf 83' lang='grc' dir='ltr'>Σίλα</span> <span class='ocrx_word' id='word_1_129' title='bbox 1796 297 1824 324; x_wconf 66' lang='grc' dir='ltr'>ἐν</span> 
     </span>
    </p>
   </div>
   <div class='ocr_carea' id='block_1_21' title="bbox 1034 343 1825 381">
    <p class='ocr_par' dir='ltr' id='par_1_21' title="bbox 1034 343 1825 381">
     <span class='ocr_line' id='line_1_21' title="bbox 1034 343 1825 381; baseline -0.006 -8"><span class='ocrx_word' id='word_1_130' title='bbox 1034 346 1219 381; x_wconf 78' lang='grc' dir='ltr'><strong>Θεσσαλονίκῃ</strong></span> <span class='ocrx_word' id='word_1_131' title='bbox 1234 345 1279 372; x_wconf 78' lang='grc' dir='ltr'><strong>ἐπὶ</strong></span> <span class='ocrx_word' id='word_1_132' title='bbox 1293 345 1357 377; x_wconf 84' lang='grc' dir='ltr'>τοὺς</span> <span class='ocrx_word' id='word_1_133' title='bbox 1375 345 1551 380; x_wconf 80' lang='grc' dir='ltr'><strong>πολιτάρχας,</strong></span> <span class='ocrx_word' id='word_1_134' title='bbox 1571 343 1640 379; x_wconf 82' lang='grc' dir='ltr'>μετὰ</span> <span class='ocrx_word' id='word_1_135' title='bbox 1667 343 1825 377; x_wconf 75' lang='grc' dir='ltr'><strong>πλησμονῆς</strong></span> 
     </span>
    </p>
   </div>
   <div class='ocr_carea' id='block_1_22' title="bbox 1035 389 1823 426">
    <p class='ocr_par' dir='ltr' id='par_1_22' title="bbox 1035 389 1823 426">
     <span class='ocr_line' id='line_1_22' title="bbox 1035 389 1823 426; baseline -0.005 -7"><span class='ocrx_word' id='word_1_136' title='bbox 1035 392 1240 423; x_wconf 79' lang='grc' dir='ltr'>ἀπολυθέντας-</span> <span class='ocrx_word' id='word_1_137' title='bbox 1272 390 1341 425; x_wconf 81' lang='grc' dir='ltr'>μετὰ</span> <span class='ocrx_word' id='word_1_138' title='bbox 1363 390 1418 426; x_wconf 76' lang='grc' dir='ltr'><strong>γὰρ</strong></span> <span class='ocrx_word' id='word_1_139' title='bbox 1441 390 1472 416; x_wconf 89' lang='grc' dir='ltr'>τδ</span> <span class='ocrx_word' id='word_1_140' title='bbox 1503 390 1696 426; x_wconf 83' lang='grc' dir='ltr'>κατασαρῆσαι</span> <span class='ocrx_word' id='word_1_141' title='bbox 1725 389 1823 420; x_wconf 76' lang='grc' dir='ltr'>αὑτοὺς</span> 
     </span>
    </p>
   </div>
   <div class='ocr_carea' id='block_1_23' title="bbox 1035 434 1825 475">
    <p class='ocr_par' dir='ltr' id='par_1_23' title="bbox 1035 434 1825 475">
     <span class='ocr_line' id='line_1_23' title="bbox 1035 434 1825 475; baseline -0.006 -10"><span class='ocrx_word' id='word_1_142' title='bbox 1035 438 1122 475; x_wconf 76' lang='grc' dir='ltr'>πολλὰ</span> <span class='ocrx_word' id='word_1_143' title='bbox 1135 437 1179 464; x_wconf 78' lang='grc' dir='ltr'>διὰ</span> <span class='ocrx_word' id='word_1_144' title='bbox 1191 437 1221 464; x_wconf 73' lang='grc' dir='ltr'>τὸ</span> <span class='ocrx_word' id='word_1_145' title='bbox 1239 437 1334 472; x_wconf 73' lang='grc' dir='ltr'>ὄνομα,</span> <span class='ocrx_word' id='word_1_146' title='bbox 1351 437 1399 464; x_wconf 78' lang='grc' dir='ltr'>καὶ</span> <span class='ocrx_word' id='word_1_147' title='bbox 1417 435 1533 472; x_wconf 76' lang='grc' dir='ltr'>ταράξαι</span> <span class='ocrx_word' id='word_1_148' title='bbox 1548 436 1594 462; x_wconf 82' lang='grc' dir='ltr'>τδν</span> <span class='ocrx_word' id='word_1_149' title='bbox 1611 435 1689 470; x_wconf 71' lang='grc' dir='ltr'>ὕχλον</span> <span class='ocrx_word' id='word_1_150' title='bbox 1703 434 1825 465; x_wconf 76' lang='grc' dir='ltr'>καὶτοὺς</span> 
     </span>
    </p>
   </div>
   <div class='ocr_carea' id='block_1_24' title="bbox 1036 479 1825 519">
    <p class='ocr_par' dir='ltr' id='par_1_24' title="bbox 1036 479 1825 519">
     <span class='ocr_line' id='line_1_24' title="bbox 1036 479 1825 519; baseline -0.006 -9"><span class='ocrx_word' id='word_1_151' title='bbox 1036 483 1213 519; x_wconf 82' lang='grc' dir='ltr'>πολιτάρχας,</span> <span class='ocrx_word' id='word_1_152' title='bbox 1230 483 1391 515; x_wconf 75' lang='grc' dir='ltr'>Λαϐόντες,</span> <span class='ocrx_word' id='word_1_153' title='bbox 1411 481 1489 517; x_wconf 77' lang='grc' dir='ltr'>φησὶ,</span> <span class='ocrx_word' id='word_1_154' title='bbox 1505 481 1538 508; x_wconf 84' lang='grc' dir='ltr'>τὸ</span> <span class='ocrx_word' id='word_1_155' title='bbox 1555 480 1661 508; x_wconf 71' lang='grc' dir='ltr'>ἱκανὸν</span> <span class='ocrx_word' id='word_1_156' title='bbox 1680 479 1760 513; x_wconf 80' lang='grc' dir='ltr'>,παρὰ</span> <span class='ocrx_word' id='word_1_157' title='bbox 1775 479 1825 506; x_wconf 84' lang='grc' dir='ltr'>τοῦ</span> 
     </span>
    </p>
   </div>
   <div class='ocr_carea' id='block_1_25' title="bbox 1043 525 1826 563">
    <p class='ocr_par' dir='ltr' id='par_1_25' title="bbox 1043 525 1826 563">
     <span class='ocr_line' id='line_1_25' title="bbox 1043 525 1826 563; baseline -0.008 -6"><span class='ocrx_word' id='word_1_158' title='bbox 1043 530 1180 563; x_wconf 84' lang='grc' dir='ltr'>Ἰάσονος</span> <span class='ocrx_word' id='word_1_159' title='bbox 1195 529 1244 556; x_wconf 74' lang='grc' dir='ltr'><strong>καί</strong></span> <span class='ocrx_word' id='word_1_160' title='bbox 1254 528 1315 555; x_wconf 79' lang='grc' dir='ltr'>τῶν</span> <span class='ocrx_word' id='word_1_161' title='bbox 1330 528 1456 560; x_wconf 68' lang='grc' dir='ltr'>λοιπῶν,</span> <span class='ocrx_word' id='word_1_162' title='bbox 1481 526 1642 554; x_wconf 72' lang='grc' dir='ltr'><strong>ἀπέλυσαν</strong></span> <span class='ocrx_word' id='word_1_163' title='bbox 1656 525 1768 558; x_wconf 76' lang='grc' dir='ltr'>αὐτούς</span> <span class='ocrx_word' id='word_1_164' title='bbox 1778 533 1785 540; x_wconf 89' lang='grc'>·</span> <span class='ocrx_word' id='word_1_165' title='bbox 1800 525 1826 551; x_wconf 80' lang='grc' dir='ltr'><strong>οι</strong></span> 
     </span>
    </p>
   </div>
   <div class='ocr_carea' id='block_1_26' title="bbox 1036 569 1825 609">
    <p class='ocr_par' dir='ltr' id='par_1_26' title="bbox 1036 569 1825 609">
     <span class='ocr_line' id='line_1_26' title="bbox 1036 569 1825 609; baseline -0.008 -7"><span class='ocrx_word' id='word_1_166' title='bbox 1036 575 1071 602; x_wconf 73' lang='grc' dir='ltr'><strong>δὲ</strong></span> <span class='ocrx_word' id='word_1_167' title='bbox 1083 574 1207 609; x_wconf 72' lang='grc' dir='ltr'><strong>ἀδελφοὶ</strong></span> <span class='ocrx_word' id='word_1_168' title='bbox 1218 574 1326 607; x_wconf 81' lang='grc' dir='ltr'>εὐθέως</span> <span class='ocrx_word' id='word_1_169' title='bbox 1345 573 1393 600; x_wconf 80' lang='grc' dir='ltr'><strong>διὰ</strong></span> <span class='ocrx_word' id='word_1_170' title='bbox 1410 573 1521 605; x_wconf 80' lang='grc' dir='ltr'>νυκτὸς</span> <span class='ocrx_word' id='word_1_171' title='bbox 1533 571 1709 606; x_wconf 77' lang='grc' dir='ltr'>ἐξέπεμψαν</span> <span class='ocrx_word' id='word_1_172' title='bbox 1724 569 1777 597; x_wconf 78' lang='grc' dir='ltr'><strong>τόν</strong></span> <span class='ocrx_word' id='word_1_173' title='bbox 1795 577 1825 596; x_wconf 80' lang='grc' dir='ltr'><strong>τε</strong></span> 
     </span>
    </p>
   </div>
   <div class='ocr_carea' id='block_1_27' title="bbox 1037 617 1596 652">
    <p class='ocr_par' dir='ltr' id='par_1_27' title="bbox 1037 617 1596 652">
     <span class='ocr_line' id='line_1_27' title="bbox 1037 617 1596 652; baseline -0.007 -4"><span class='ocrx_word' id='word_1_174' title='bbox 1037 621 1158 648; x_wconf 77' lang='grc' dir='ltr'>Παῦλον</span> <span class='ocrx_word' id='word_1_175' title='bbox 1170 620 1220 647; x_wconf 79' lang='grc' dir='ltr'>καὶ</span> <span class='ocrx_word' id='word_1_176' title='bbox 1233 619 1287 646; x_wconf 82' lang='grc' dir='ltr'><strong>τὸν</strong></span> <span class='ocrx_word' id='word_1_177' title='bbox 1300 619 1394 647; x_wconf 73' lang='grc' dir='ltr'>Σίλαν</span> <span class='ocrx_word' id='word_1_178' title='bbox 1407 620 1451 651; x_wconf 76' lang='grc' dir='ltr'>εις</span> <span class='ocrx_word' id='word_1_179' title='bbox 1462 617 1596 652; x_wconf 86' lang='grc' dir='ltr'>Βέροιαν.</span> 
     </span>
    </p>
   </div>
   <div class='ocr_carea' id='block_1_28' title="bbox 1075 662 1826 701">
    <p class='ocr_par' dir='ltr' id='par_1_28' title="bbox 1075 662 1826 701">
     <span class='ocr_line' id='line_1_28' title="bbox 1075 662 1826 701; baseline -0.005 -9"><span class='ocrx_word' id='word_1_180' title='bbox 1075 665 1108 701; x_wconf 84' lang='grc' dir='ltr'>ιγ’</span> <span class='ocrx_word' id='word_1_181' title='bbox 1112 687 1119 694; x_wconf 93' lang='grc'><strong>.</strong></span> <span class='ocrx_word' id='word_1_182' title='bbox 1137 666 1218 692; x_wconf 88' lang='grc' dir='ltr'>Ὀθεν</span> <span class='ocrx_word' id='word_1_183' title='bbox 1234 665 1294 692; x_wconf 70' lang='grc' dir='ltr'><strong>οὐδὲ</strong></span> <span class='ocrx_word' id='word_1_184' title='bbox 1310 666 1368 697; x_wconf 86' lang='grc' dir='ltr'>τοῖς</span> <span class='ocrx_word' id='word_1_185' title='bbox 1396 663 1576 698; x_wconf 77' lang='grc' dir='ltr'>καταλείψασι</span> <span class='ocrx_word' id='word_1_186' title='bbox 1602 663 1692 690; x_wconf 83' lang='grc' dir='ltr'>πάντα</span> <span class='ocrx_word' id='word_1_187' title='bbox 1714 662 1758 689; x_wconf 77' lang='grc' dir='ltr'>διὰ</span> <span class='ocrx_word' id='word_1_188' title='bbox 1777 663 1826 697; x_wconf 88' lang='grc' dir='ltr'>τὴν</span> 
     </span>
    </p>
   </div>
   <div class='ocr_carea' id='block_1_29' title="bbox 1037 708 1827 747">
    <p class='ocr_par' dir='ltr' id='par_1_29' title="bbox 1037 708 1827 747">
     <span class='ocr_line' id='line_1_29' title="bbox 1037 708 1827 747; baseline -0.005 -9"><span class='ocrx_word' id='word_1_189' title='bbox 1037 712 1086 747; x_wconf 86' lang='grc' dir='ltr'><strong>τῆς</strong></span> <span class='ocrx_word' id='word_1_190' title='bbox 1097 711 1186 746; x_wconf 83' lang='grc' dir='ltr'>ψυχῆς</span> <span class='ocrx_word' id='word_1_191' title='bbox 1202 710 1340 746; x_wconf 82' lang='grc' dir='ltr'><strong>σωτηρίαν</strong></span> <span class='ocrx_word' id='word_1_192' title='bbox 1359 710 1408 737; x_wconf 68' lang='grc' dir='ltr'>καὶ</span> <span class='ocrx_word' id='word_1_193' title='bbox 1421 710 1633 745; x_wconf 80' lang='grc' dir='ltr'>ἀναχωρήσασιν</span> <span class='ocrx_word' id='word_1_194' title='bbox 1657 708 1730 735; x_wconf 80' lang='grc' dir='ltr'>ἐστιν</span> <span class='ocrx_word' id='word_1_195' title='bbox 1745 708 1827 741; x_wconf 73' lang='grc' dir='ltr'>ἐγκα-</span> 
     </span>
    </p>
   </div>
   <div class='ocr_carea' id='block_1_30' title="bbox 1037 753 1827 792">
    <p class='ocr_par' dir='ltr' id='par_1_30' title="bbox 1037 753 1827 792">
     <span class='ocr_line' id='line_1_30' title="bbox 1037 753 1827 792; baseline -0.006 -7"><span class='ocrx_word' id='word_1_196' title='bbox 1037 758 1105 791; x_wconf 85' lang='grc' dir='ltr'>λεῖν,</span> <span class='ocrx_word' id='word_1_197' title='bbox 1119 758 1157 789; x_wconf 87' lang='grc' dir='ltr'>ὼς</span> <span class='ocrx_word' id='word_1_198' title='bbox 1173 757 1205 784; x_wconf 81' lang='grc' dir='ltr'>ἂν</span> <span class='ocrx_word' id='word_1_199' title='bbox 1221 757 1321 792; x_wconf 77' lang='grc' dir='ltr'>ἑτέρων</span> <span class='ocrx_word' id='word_1_200' title='bbox 1337 756 1372 782; x_wconf 81' lang='grc' dir='ltr'><strong>δι’</strong></span> <span class='ocrx_word' id='word_1_201' title='bbox 1394 755 1494 787; x_wconf 80' lang='grc' dir='ltr'>αὐτοὺς</span> <span class='ocrx_word' id='word_1_202' title='bbox 1516 754 1754 790; x_wconf 81' lang='grc' dir='ltr'>κατασχεθέντων”</span> <span class='ocrx_word' id='word_1_203' title='bbox 1780 753 1827 782; x_wconf 74' lang='grc' dir='ltr'>καὶ</span> 
     </span>
    </p>
   </div>
   <div class='ocr_carea' id='block_1_31' title="bbox 1037 799 1828 839">
    <p class='ocr_par' dir='ltr' id='par_1_31' title="bbox 1037 799 1828 839">
     <span class='ocr_line' id='line_1_31' title="bbox 1037 799 1828 839; baseline -0.008 -9"><span class='ocrx_word' id='word_1_204' title='bbox 1037 803 1092 839; x_wconf 80' lang='grc' dir='ltr'><strong>γὰρ</strong></span> <span class='ocrx_word' id='word_1_205' title='bbox 1111 804 1158 830; x_wconf 83' lang='grc' dir='ltr'>καὶ</span> <span class='ocrx_word' id='word_1_206' title='bbox 1175 805 1203 830; x_wconf 83' lang='grc' dir='ltr'>ὲν</span> <span class='ocrx_word' id='word_1_207' title='bbox 1220 804 1253 839; x_wconf 81' lang='grc' dir='ltr'><strong>τῇ</strong></span> <span class='ocrx_word' id='word_1_208' title='bbox 1273 802 1380 837; x_wconf 79' lang='grc' dir='ltr'>Ἐφέσῳ</span> <span class='ocrx_word' id='word_1_209' title='bbox 1402 801 1462 828; x_wconf 70' lang='grc' dir='ltr'>ἀντὶ</span> <span class='ocrx_word' id='word_1_210' title='bbox 1488 800 1595 827; x_wconf 78' lang='grc' dir='ltr'><strong>Παύλου</strong></span> <span class='ocrx_word' id='word_1_211' title='bbox 1621 799 1704 826; x_wconf 80' lang='grc' dir='ltr'>πάλιν</span> <span class='ocrx_word' id='word_1_212' title='bbox 1728 799 1828 835; x_wconf 86' lang='grc' dir='ltr'>συνήρ-</span> 
     </span>
    </p>
   </div>
   <div class='ocr_carea' id='block_1_32' title="bbox 1038 844 1826 882">
    <p class='ocr_par' dir='ltr' id='par_1_32' title="bbox 1038 844 1826 882">
     <span class='ocr_line' id='line_1_32' title="bbox 1038 844 1826 882; baseline -0.006 -7"><span class='ocrx_word' id='word_1_213' title='bbox 1038 857 1129 875; x_wconf 86' lang='grc' dir='ltr'>πασαν</span> <span class='ocrx_word' id='word_1_214' title='bbox 1144 847 1224 874; x_wconf 84' lang='grc' dir='ltr'><strong>Γάϊον</strong></span> <span class='ocrx_word' id='word_1_215' title='bbox 1236 848 1276 879; x_wconf 76' lang='grc' dir='ltr'><strong>εἰς</strong></span> <span class='ocrx_word' id='word_1_216' title='bbox 1293 846 1323 873; x_wconf 79' lang='grc' dir='ltr'><strong>τὺ</strong></span> <span class='ocrx_word' id='word_1_217' title='bbox 1338 846 1452 882; x_wconf 82' lang='grc' dir='ltr'>θέατρον</span> <span class='ocrx_word' id='word_1_218' title='bbox 1472 846 1520 872; x_wconf 70' lang='grc' dir='ltr'>καὶ</span> <span class='ocrx_word' id='word_1_219' title='bbox 1537 844 1715 880; x_wconf 80' lang='grc' dir='ltr'>Ἀρίσταρχον</span> <span class='ocrx_word' id='word_1_220' title='bbox 1730 852 1826 870; x_wconf 84' lang='grc' dir='ltr'>συνεκ-</span> 
     </span>
    </p>
   </div>
   <div class='ocr_carea' id='block_1_33' title="bbox 1037 889 1828 927">
    <p class='ocr_par' dir='ltr' id='par_1_33' title="bbox 1037 889 1828 927">
     <span class='ocr_line' id='line_1_33' title="bbox 1037 889 1828 927; baseline -0.004 -9"><span class='ocrx_word' id='word_1_221' title='bbox 1037 892 1140 927; x_wconf 86' lang='grc' dir='ltr'><strong>δήμους</strong></span> <span class='ocrx_word' id='word_1_222' title='bbox 1153 891 1261 918; x_wconf 83' lang='grc' dir='ltr'><strong>Παύλου</strong></span> <span class='ocrx_word' id='word_1_223' title='bbox 1277 892 1308 917; x_wconf 91' lang='grc' dir='ltr'>οὺ</span> <span class='ocrx_word' id='word_1_224' title='bbox 1325 891 1488 926; x_wconf 78' lang='grc' dir='ltr'><strong>βουλομένου</strong></span> <span class='ocrx_word' id='word_1_225' title='bbox 1503 890 1635 917; x_wconf 76' lang='grc' dir='ltr'><strong>εἰσελθεῖν</strong></span> <span class='ocrx_word' id='word_1_226' title='bbox 1646 890 1686 921; x_wconf 83' lang='grc' dir='ltr'><strong>είς</strong></span> <span class='ocrx_word' id='word_1_227' title='bbox 1706 889 1751 916; x_wconf 77' lang='grc' dir='ltr'>τὸν</span> <span class='ocrx_word' id='word_1_228' title='bbox 1779 889 1828 924; x_wconf 79' lang='grc' dir='ltr'><strong>δῆ-</strong></span> 
     </span>
    </p>
   </div>
   <div class='ocr_carea' id='block_1_34' title="bbox 195 934 988 975">
    <p class='ocr_par' dir='ltr' id='par_1_34' title="bbox 195 939 986 975">
     <span class='ocr_line' id='line_1_34' title="bbox 195 939 986 975; baseline -0.001 -8"><span class='ocrx_word' id='word_1_229' title='bbox 195 940 243 975; x_wconf 90' lang='lat' dir='ltr'><strong>qui</strong></span> <span class='ocrx_word' id='word_1_230' title='bbox 259 945 441 974; x_wconf 84' lang='lat' dir='ltr'><strong>persuaserat,</strong></span> <span class='ocrx_word' id='word_1_231' title='bbox 457 944 485 967; x_wconf 90' lang='lat' dir='ltr'><strong>et</strong></span> <span class='ocrx_word' id='word_1_232' title='bbox 501 940 614 967; x_wconf 90' lang='lat' dir='ltr'><strong>multam</strong></span> <span class='ocrx_word' id='word_1_233' title='bbox 639 939 746 967; x_wconf 86' lang='lat' dir='ltr'><strong>turbam</strong></span> <span class='ocrx_word' id='word_1_234' title='bbox 767 939 801 966; x_wconf 84' lang='lat' dir='ltr'><strong>ad</strong></span> <span class='ocrx_word' id='word_1_235' title='bbox 816 939 862 966; x_wconf 84' lang='lat' dir='ltr'><strong>Dei</strong></span> <span class='ocrx_word' id='word_1_236' title='bbox 882 939 986 966; x_wconf 86' lang='lat' dir='ltr'><strong>cultum</strong></span> 
     </span>
    </p>
   </div>
   <div class='ocr_carea' id='block_1_35' title="bbox 1043 934 1829 975">
    <p class='ocr_par' dir='ltr' id='par_1_35' title="bbox 1043 936 1829 974">
     <span class='ocr_line' id='line_1_35' title="bbox 1043 936 1829 974; baseline -0.004 -8"><span class='ocrx_word' id='word_1_237' title='bbox 1043 947 1091 974; x_wconf 88' lang='grc' dir='ltr'><strong>μον</strong></span> <span class='ocrx_word' id='word_1_238' title='bbox 1103 946 1110 954; x_wconf 78' lang='grc'><strong><em>⁸</em></strong></span> <span class='ocrx_word' id='word_1_239' title='bbox 1132 938 1193 965; x_wconf 79' lang='grc' dir='ltr'>ἐπεὶ</span> <span class='ocrx_word' id='word_1_240' title='bbox 1204 938 1252 965; x_wconf 70' lang='grc' dir='ltr'><strong>καὶ</strong></span> <span class='ocrx_word' id='word_1_241' title='bbox 1266 938 1299 965; x_wconf 82' lang='grc' dir='ltr'>δι’</span> <span class='ocrx_word' id='word_1_242' title='bbox 1313 937 1396 964; x_wconf 80' lang='grc' dir='ltr'>αὐτὸν</span> <span class='ocrx_word' id='word_1_243' title='bbox 1412 936 1546 964; x_wconf 79' lang='grc' dir='ltr'><strong>πείσαντα</strong></span> <span class='ocrx_word' id='word_1_244' title='bbox 1560 936 1607 964; x_wconf 74' lang='grc' dir='ltr'>καὶ</span> <span class='ocrx_word' id='word_1_245' title='bbox 1623 937 1829 972; x_wconf 73' lang='grc' dir='ltr'><strong>μεταστήσαντα</strong></span> 
     </span>
    </p>
   </div>
   <div class='ocr_carea' id='block_1_36' title="bbox 195 983 986 1017">
    <p class='ocr_par' dir='ltr' id='par_1_36' title="bbox 195 983 986 1017">
     <span class='ocr_line' id='line_1_36' title="bbox 195 983 986 1017; baseline -0.001 -5"><span class='ocrx_word' id='word_1_246' title='bbox 195 983 364 1017; x_wconf 73' lang='lat' dir='ltr'><strong>traduxerat,</strong></span> <span class='ocrx_word' id='word_1_247' title='bbox 379 984 476 1012; x_wconf 75' lang='lat' dir='ltr'><strong>seditio</strong></span> <span class='ocrx_word' id='word_1_248' title='bbox 495 984 566 1012; x_wconf 78' lang='lat' dir='ltr'><strong>facta</strong></span> <span class='ocrx_word' id='word_1_249' title='bbox 580 985 677 1012; x_wconf 81' lang='lat' dir='ltr'><strong>luerat.</strong></span> <span class='ocrx_word' id='word_1_250' title='bbox 693 983 756 1011; x_wconf 85' lang='lat' dir='ltr'><strong>Non</strong></span> <span class='ocrx_word' id='word_1_251' title='bbox 771 984 901 1011; x_wconf 82' lang='lat' dir='ltr'><strong>sciuerunt</strong></span> <span class='ocrx_word' id='word_1_252' title='bbox 916 992 986 1017; x_wconf 88' lang='lat' dir='ltr'><strong>eum,</strong></span> 
     </span>
    </p>
   </div>
   <div class='ocr_carea' id='block_1_37' title="bbox 195 1029 988 1064">
    <p class='ocr_par' dir='ltr' id='par_1_37' title="bbox 195 1029 988 1064">
     <span class='ocr_line' id='line_1_37' title="bbox 195 1029 988 1064; baseline 0.003 -8"><span class='ocrx_word' id='word_1_253' title='bbox 195 1029 294 1064; x_wconf 86' lang='lat' dir='ltr'><strong>inquit,</strong></span> <span class='ocrx_word' id='word_1_254' title='bbox 309 1030 445 1064; x_wconf 75' lang='lat' dir='ltr'><strong>discipuli.</strong></span> <span class='ocrx_word' id='word_1_255' title='bbox 466 1030 538 1063; x_wconf 84' lang='lat' dir='ltr'><strong>Quin</strong></span> <span class='ocrx_word' id='word_1_256' title='bbox 556 1030 638 1057; x_wconf 88' lang='lat' dir='ltr'><strong>etiam</strong></span> <span class='ocrx_word' id='word_1_257' title='bbox 659 1030 784 1058; x_wconf 90' lang='lat' dir='ltr'><strong>nonnulli</strong></span> <span class='ocrx_word' id='word_1_258' title='bbox 801 1037 834 1057; x_wconf 78' lang='lat' dir='ltr'><strong>ex</strong></span> <span class='ocrx_word' id='word_1_259' title='bbox 847 1029 988 1058; x_wconf 80' lang='lat' dir='ltr'><strong>Asiarchis</strong></span> 
     </span>
    </p>
   </div>
   <div class='ocr_carea' id='block_1_38' title="bbox 196 1074 991 1110">
    <p class='ocr_par' dir='ltr' id='par_1_38' title="bbox 196 1074 991 1110">
     <span class='ocr_line' id='line_1_38' title="bbox 196 1074 991 1110; baseline 0.003 -9"><span class='ocrx_word' id='word_1_260' title='bbox 196 1074 244 1110; x_wconf 85' lang='lat' dir='ltr'><strong>qui</strong></span> <span class='ocrx_word' id='word_1_261' title='bbox 257 1074 283 1102; x_wconf 89' lang='lat' dir='ltr'><strong>ei</strong></span> <span class='ocrx_word' id='word_1_262' title='bbox 307 1079 386 1102; x_wconf 86' lang='lat' dir='ltr'><strong>erant</strong></span> <span class='ocrx_word' id='word_1_263' title='bbox 413 1075 504 1107; x_wconf 86' lang='lat' dir='ltr'><strong>amici,</strong></span> <span class='ocrx_word' id='word_1_264' title='bbox 522 1075 656 1103; x_wconf 89' lang='lat' dir='ltr'><strong>miserunt</strong></span> <span class='ocrx_word' id='word_1_265' title='bbox 676 1076 709 1102; x_wconf 91' lang='lat' dir='ltr'><strong>ad</strong></span> <span class='ocrx_word' id='word_1_266' title='bbox 723 1082 787 1103; x_wconf 89' lang='lat' dir='ltr'><strong>eum</strong></span> <span class='ocrx_word' id='word_1_267' title='bbox 803 1080 829 1102; x_wconf 88' lang='lat' dir='ltr'><strong>et</strong></span> <span class='ocrx_word' id='word_1_268' title='bbox 845 1079 991 1104; x_wconf 82' lang='lat' dir='ltr'><strong>suaserunt</strong></span> 
     </span>
    </p>
   </div>
   <div class='ocr_carea' id='block_1_39' title="bbox 195 1121 990 1157">
    <p class='ocr_par' dir='ltr' id='par_1_39' title="bbox 195 1121 990 1157">
     <span class='ocr_line' id='line_1_39' title="bbox 195 1121 990 1157; baseline 0 -8"><span class='ocrx_word' id='word_1_269' title='bbox 195 1128 232 1149; x_wconf 86' lang='lat' dir='ltr'><strong>ne</strong></span> <span class='ocrx_word' id='word_1_270' title='bbox 244 1129 274 1149; x_wconf 83' lang='lat' dir='ltr'><strong>se</strong></span> <span class='ocrx_word' id='word_1_271' title='bbox 288 1121 393 1148; x_wconf 87' lang='lat' dir='ltr'><strong>theatro</strong></span> <span class='ocrx_word' id='word_1_272' title='bbox 405 1121 491 1148; x_wconf 85' lang='lat' dir='ltr'><strong>daret.</strong></span> <span class='ocrx_word' id='word_1_273' title='bbox 506 1121 533 1148; x_wconf 86' lang='lat' dir='ltr'><strong>Si</strong></span> <span class='ocrx_word' id='word_1_274' title='bbox 547 1121 591 1156; x_wconf 86' lang='lat' dir='ltr'><strong>qui</strong></span> <span class='ocrx_word' id='word_1_275' title='bbox 606 1125 695 1148; x_wconf 87' lang='lat' dir='ltr'><strong>autem</strong></span> <span class='ocrx_word' id='word_1_276' title='bbox 707 1121 790 1157; x_wconf 65' lang='grc'><strong>454</strong></span> <span class='ocrx_word' id='word_1_277' title='bbox 800 1128 862 1148; x_wconf 92' lang='lat' dir='ltr'><strong>eum</strong></span> <span class='ocrx_word' id='word_1_278' title='bbox 881 1122 913 1149; x_wconf 87' lang='lat' dir='ltr'><strong>iis</strong></span> <span class='ocrx_word' id='word_1_279' title='bbox 925 1129 990 1149; x_wconf 90' lang='lat' dir='ltr'><strong>con-</strong></span> 
     </span>
    </p>
   </div>
   <div class='ocr_carea' id='block_1_40' title="bbox 196 1166 989 1202">
    <p class='ocr_par' dir='ltr' id='par_1_40' title="bbox 196 1166 989 1202">
     <span class='ocr_line' id='line_1_40' title="bbox 196 1166 989 1202; baseline 0 -8"><span class='ocrx_word' id='word_1_280' title='bbox 196 1166 310 1195; x_wconf 82' lang='lat' dir='ltr'><strong>tendere</strong></span> <span class='ocrx_word' id='word_1_281' title='bbox 326 1167 507 1202; x_wconf 83' lang='lat' dir='ltr'><strong>perrexerint,</strong></span> <span class='ocrx_word' id='word_1_282' title='bbox 520 1167 566 1201; x_wconf 92' lang='lat' dir='ltr'><strong>qui</strong></span> <span class='ocrx_word' id='word_1_283' title='bbox 582 1167 704 1194; x_wconf 84' lang='lat' dir='ltr'><strong>animum</strong></span> <span class='ocrx_word' id='word_1_284' title='bbox 720 1167 857 1194; x_wconf 88' lang='lat' dir='ltr'><strong>sincerum</strong></span> <span class='ocrx_word' id='word_1_285' title='bbox 872 1167 896 1194; x_wconf 86' lang='lat' dir='ltr'><strong>ei</strong></span> <span class='ocrx_word' id='word_1_286' title='bbox 912 1167 989 1194; x_wconf 89' lang='lat' dir='ltr'><strong>adhi-</strong></span> 
     </span>
    </p>
   </div>
   <div class='ocr_carea' id='block_1_41' title="bbox 196 1212 987 1247">
    <p class='ocr_par' dir='ltr' id='par_1_41' title="bbox 196 1212 987 1247">
     <span class='ocr_line' id='line_1_41' title="bbox 196 1212 987 1247; baseline -0.001 -7"><span class='ocrx_word' id='word_1_287' title='bbox 196 1213 261 1240; x_wconf 80' lang='lat' dir='ltr'><strong>bent</strong></span> <span class='ocrx_word' id='word_1_288' title='bbox 276 1232 284 1245; x_wconf 97' lang='lat'><strong>,</strong></span> <span class='ocrx_word' id='word_1_289' title='bbox 306 1214 352 1247; x_wconf 92' lang='lat' dir='ltr'><strong>qui</strong></span> <span class='ocrx_word' id='word_1_290' title='bbox 376 1212 463 1240; x_wconf 80' lang='lat' dir='ltr'><strong>dicit:</strong></span> <span class='ocrx_word' id='word_1_291' title='bbox 480 1212 628 1247; x_wconf 77' lang='lat' dir='ltr'><strong>Diligenter</strong></span> <span class='ocrx_word' id='word_1_292' title='bbox 663 1221 738 1239; x_wconf 77' lang='lat' dir='ltr'><strong>serua</strong></span> <span class='ocrx_word' id='word_1_293' title='bbox 758 1213 876 1239; x_wconf 79' lang='lat' dir='ltr'><strong>animum</strong></span> <span class='ocrx_word' id='word_1_294' title='bbox 906 1217 987 1245; x_wconf 84' lang='lat' dir='ltr'><strong>luam,</strong></span> 
     </span>
    </p>
   </div>
   <div class='ocr_carea' id='block_1_42' title="bbox 196 1258 988 1295">
    <p class='ocr_par' dir='ltr' id='par_1_42' title="bbox 196 1258 988 1295">
     <span class='ocr_line' id='line_1_42' title="bbox 196 1258 988 1295; baseline 0.001 -10"><span class='ocrx_word' id='word_1_295' title='bbox 196 1263 221 1285; x_wconf 86' lang='lat' dir='ltr'><strong>et</strong></span> <span class='ocrx_word' id='word_1_296' title='bbox 239 1267 270 1285; x_wconf 86' lang='lat' dir='ltr'><strong>ne</strong></span> <span class='ocrx_word' id='word_1_297' title='bbox 291 1264 361 1286; x_wconf 88' lang='lat' dir='ltr'><strong>retro</strong></span> <span class='ocrx_word' id='word_1_298' title='bbox 375 1259 506 1293; x_wconf 71' lang='lat' dir='ltr'><strong>aspexeris</strong></span> <span class='ocrx_word' id='word_1_299' title='bbox 517 1259 553 1295; x_wconf 54' lang='lat'><strong>‘°,</strong></span> <span class='ocrx_word' id='word_1_300' title='bbox 563 1259 658 1286; x_wconf 87' lang='lat' dir='ltr'><strong>Petrus</strong></span> <span class='ocrx_word' id='word_1_301' title='bbox 671 1266 780 1294; x_wconf 87' lang='lat' dir='ltr'><strong>quoque</strong></span> <span class='ocrx_word' id='word_1_302' title='bbox 803 1258 988 1292; x_wconf 86' lang='lat' dir='ltr'><strong>apostolorum</strong></span> 
     </span>
    </p>
   </div>
   <div class='ocr_carea' id='block_1_43' title="bbox 196 1305 988 1340">
    <p class='ocr_par' dir='ltr' id='par_1_43' title="bbox 196 1305 988 1340">
     <span class='ocr_line' id='line_1_43' title="bbox 196 1305 988 1340; baseline -0.001 -8"><span class='ocrx_word' id='word_1_303' title='bbox 196 1305 325 1339; x_wconf 76' lang='lat' dir='ltr'><strong>princeps</strong></span> <span class='ocrx_word' id='word_1_304' title='bbox 339 1306 379 1333; x_wconf 81' lang='lat' dir='ltr'><strong>eis</strong></span> <span class='ocrx_word' id='word_1_305' title='bbox 396 1305 422 1332; x_wconf 93' lang='lat' dir='ltr'><strong>in</strong></span> <span class='ocrx_word' id='word_1_306' title='bbox 442 1309 558 1333; x_wconf 85' lang='lat' dir='ltr'><strong>mentem</strong></span> <span class='ocrx_word' id='word_1_307' title='bbox 583 1310 735 1337; x_wconf 87' lang='lat' dir='ltr'><strong>revocetur,</strong></span> <span class='ocrx_word' id='word_1_308' title='bbox 757 1305 803 1340; x_wconf 92' lang='lat' dir='ltr'><strong>qui</strong></span> <span class='ocrx_word' id='word_1_309' title='bbox 821 1306 880 1339; x_wconf 85' lang='lat' dir='ltr'><strong>jam</strong></span> <span class='ocrx_word' id='word_1_310' title='bbox 895 1306 922 1332; x_wconf 85' lang='lat' dir='ltr'><strong>in</strong></span> <span class='ocrx_word' id='word_1_311' title='bbox 940 1313 988 1332; x_wconf 76' lang='grc' dir='ltr'>ιιι-</span> 
     </span>
    </p>
   </div>
   <div class='ocr_carea' id='block_1_44' title="bbox 195 1351 987 1388">
    <p class='ocr_par' dir='ltr' id='par_1_44' title="bbox 195 1351 987 1388">
     <span class='ocr_line' id='line_1_44' title="bbox 195 1351 987 1388; baseline 0.004 -11"><span class='ocrx_word' id='word_1_312' title='bbox 195 1351 311 1378; x_wconf 72' lang='lat' dir='ltr'><strong>stodiam</strong></span> <span class='ocrx_word' id='word_1_313' title='bbox 328 1356 385 1378; x_wconf 86' lang='lat' dir='ltr'><strong>erat</strong></span> <span class='ocrx_word' id='word_1_314' title='bbox 401 1351 544 1385; x_wconf 79' lang='lat' dir='ltr'><strong>conjeclus.</strong></span> <span class='ocrx_word' id='word_1_315' title='bbox 567 1356 591 1378; x_wconf 83' lang='lat' dir='ltr'><strong>et</strong></span> <span class='ocrx_word' id='word_1_316' title='bbox 616 1352 731 1379; x_wconf 85' lang='lat' dir='ltr'><strong>traditus</strong></span> <span class='ocrx_word' id='word_1_317' title='bbox 753 1357 868 1387; x_wconf 83' lang='lat' dir='ltr'><strong>quatuor</strong></span> <span class='ocrx_word' id='word_1_318' title='bbox 880 1358 987 1388; x_wconf 81' lang='lat' dir='ltr'><strong>quater-</strong></span> 
     </span>
    </p>
   </div>
   <div class='ocr_carea' id='block_1_45' title="bbox 196 1396 986 1433">
    <p class='ocr_par' dir='ltr' id='par_1_45' title="bbox 196 1396 986 1433">
     <span class='ocr_line' id='line_1_45' title="bbox 196 1396 986 1433; baseline 0.005 -11"><span class='ocrx_word' id='word_1_319' title='bbox 196 1396 319 1423; x_wconf 80' lang='lat' dir='ltr'><strong>nionibus</strong></span> <span class='ocrx_word' id='word_1_320' title='bbox 343 1396 458 1423; x_wconf 79' lang='lat' dir='ltr'><strong>militum</strong></span> <span class='ocrx_word' id='word_1_321' title='bbox 480 1397 514 1423; x_wconf 80' lang='lat' dir='ltr'><strong>ad</strong></span> <span class='ocrx_word' id='word_1_322' title='bbox 536 1406 596 1424; x_wconf 88' lang='lat' dir='ltr'><strong>eum</strong></span> <span class='ocrx_word' id='word_1_323' title='bbox 619 1398 777 1424; x_wconf 81' lang='lat' dir='ltr'><strong>seruandum</strong></span> <span class='ocrx_word' id='word_1_324' title='bbox 796 1397 840 1425; x_wconf 69' lang='grc' dir='ltr'>δίε</span> <span class='ocrx_word' id='word_1_325' title='bbox 858 1399 903 1433; x_wconf 93' lang='lat' dir='ltr'><strong>qui</strong></span> <span class='ocrx_word' id='word_1_326' title='bbox 925 1406 986 1426; x_wconf 89' lang='lat' dir='ltr'><strong>cum</strong></span> 
     </span>
    </p>
   </div>
   <div class='ocr_carea' id='block_1_46' title="bbox 196 1442 988 1478">
    <p class='ocr_par' dir='ltr' id='par_1_46' title="bbox 196 1442 988 1478">
     <span class='ocr_line' id='line_1_46' title="bbox 196 1442 988 1478; baseline 0.004 -9"><span class='ocrx_word' id='word_1_327' title='bbox 196 1448 279 1469; x_wconf 87' lang='lat' dir='ltr'><strong>noctu</strong></span> <span class='ocrx_word' id='word_1_328' title='bbox 298 1442 422 1478; x_wconf 74' lang='lat' dir='ltr'><strong>fugisset,</strong></span> <span class='ocrx_word' id='word_1_329' title='bbox 437 1447 464 1469; x_wconf 87' lang='lat' dir='ltr'><strong>et</strong></span> <span class='ocrx_word' id='word_1_330' title='bbox 478 1450 509 1469; x_wconf 82' lang='lat' dir='ltr'><strong>ex</strong></span> <span class='ocrx_word' id='word_1_331' title='bbox 528 1442 684 1470; x_wconf 70' lang='lat' dir='ltr'><strong>Judaaorum</strong></span> <span class='ocrx_word' id='word_1_332' title='bbox 702 1451 783 1470; x_wconf 90' lang='lat' dir='ltr'><strong>manu</strong></span> <span class='ocrx_word' id='word_1_333' title='bbox 806 1449 932 1472; x_wconf 88' lang='lat' dir='ltr'><strong>servatus</strong></span> <span class='ocrx_word' id='word_1_334' title='bbox 944 1451 988 1472; x_wconf 84' lang='lat' dir='ltr'><strong>es-</strong></span> 
     </span>
    </p>
   </div>
   <div class='ocr_carea' id='block_1_47' title="bbox 197 1487 987 1524">
    <p class='ocr_par' dir='ltr' id='par_1_47' title="bbox 197 1487 987 1524">
     <span class='ocr_line' id='line_1_47' title="bbox 197 1487 987 1524; baseline 0.003 -9"><span class='ocrx_word' id='word_1_335' title='bbox 197 1493 250 1521; x_wconf 85' lang='lat' dir='ltr'><strong>set,</strong></span> <span class='ocrx_word' id='word_1_336' title='bbox 263 1488 343 1523; x_wconf 85' lang='lat' dir='ltr'><strong>jussu</strong></span> <span class='ocrx_word' id='word_1_337' title='bbox 365 1487 454 1521; x_wconf 73' lang='lat' dir='ltr'><strong>angeli</strong></span> <span class='ocrx_word' id='word_1_338' title='bbox 469 1488 587 1523; x_wconf 67' lang='lat' dir='ltr'><strong>[Domini</strong></span> <span class='ocrx_word' id='word_1_339' title='bbox 605 1497 612 1515; x_wconf 95' lang='lat'>:</span> <span class='ocrx_word' id='word_1_340' title='bbox 629 1487 724 1522; x_wconf 81' lang='lat' dir='ltr'><strong>Facto,</strong></span> <span class='ocrx_word' id='word_1_341' title='bbox 749 1489 848 1524; x_wconf 86' lang='lat' dir='ltr'><strong>inquit,</strong></span> <span class='ocrx_word' id='word_1_342' title='bbox 863 1489 905 1516; x_wconf 82' lang='lat' dir='ltr'><strong>die</strong></span> <span class='ocrx_word' id='word_1_343' title='bbox 929 1495 987 1517; x_wconf 88' lang='lat' dir='ltr'><strong>erat</strong></span> 
     </span>
    </p>
   </div>
   <div class='ocr_carea' id='block_1_48' title="bbox 196 1533 987 1570">
    <p class='ocr_par' dir='ltr' id='par_1_48' title="bbox 196 1533 987 1570">
     <span class='ocr_line' id='line_1_48' title="bbox 196 1533 987 1570; baseline 0.003 -10"><span class='ocrx_word' id='word_1_344' title='bbox 196 1542 249 1560; x_wconf 81' lang='lat' dir='ltr'><strong>non</strong></span> <span class='ocrx_word' id='word_1_345' title='bbox 269 1541 365 1568; x_wconf 81' lang='lat' dir='ltr'><strong>parvus</strong></span> <span class='ocrx_word' id='word_1_346' title='bbox 388 1533 517 1560; x_wconf 78' lang='lat' dir='ltr'><strong>tumultus</strong></span> <span class='ocrx_word' id='word_1_347' title='bbox 537 1534 604 1561; x_wconf 86' lang='lat' dir='ltr'><strong>inter</strong></span> <span class='ocrx_word' id='word_1_348' title='bbox 621 1535 729 1568; x_wconf 77' lang='lat' dir='ltr'><strong>milites,</strong></span> <span class='ocrx_word' id='word_1_349' title='bbox 745 1535 870 1570; x_wconf 81' lang='lat' dir='ltr'><strong>quidnam</strong></span> <span class='ocrx_word' id='word_1_350' title='bbox 885 1537 987 1569; x_wconf 88' lang='lat' dir='ltr'><strong>factum</strong></span> 
     </span>
    </p>
   </div>
   <div class='ocr_carea' id='block_1_49' title="bbox 196 1577 987 1614">
    <p class='ocr_par' dir='ltr' id='par_1_49' title="bbox 196 1577 987 1614">
     <span class='ocr_line' id='line_1_49' title="bbox 196 1577 987 1614; baseline 0.004 -10"><span class='ocrx_word' id='word_1_351' title='bbox 196 1582 263 1605; x_wconf 68' lang='lat' dir='ltr'><strong>esset</strong></span> <span class='ocrx_word' id='word_1_352' title='bbox 285 1577 374 1605; x_wconf 87' lang='lat' dir='ltr'><strong>Petro.</strong></span> <span class='ocrx_word' id='word_1_353' title='bbox 389 1577 507 1605; x_wconf 76' lang='lat' dir='ltr'><strong>Herodes</strong></span> <span class='ocrx_word' id='word_1_354' title='bbox 525 1583 612 1605; x_wconf 85' lang='lat' dir='ltr'><strong>autem</strong></span> <span class='ocrx_word' id='word_1_355' title='bbox 627 1587 686 1605; x_wconf 82' lang='lat' dir='ltr'><strong>cum</strong></span> <span class='ocrx_word' id='word_1_356' title='bbox 701 1587 760 1605; x_wconf 88' lang='lat' dir='ltr'><strong>eum</strong></span> <span class='ocrx_word' id='word_1_357' title='bbox 775 1580 948 1614; x_wconf 63' lang='lat' dir='ltr'><strong>quaesivisset,</strong></span> <span class='ocrx_word' id='word_1_358' title='bbox 962 1586 987 1608; x_wconf 86' lang='lat' dir='ltr'><strong>et</strong></span> 
     </span>
    </p>
   </div>
   <div class='ocr_carea' id='block_1_50' title="bbox 195 1623 988 1660">
    <p class='ocr_par' dir='ltr' id='par_1_50' title="bbox 195 1623 988 1660">
     <span class='ocr_line' id='line_1_50' title="bbox 195 1623 988 1660; baseline 0.004 -11"><span class='ocrx_word' id='word_1_359' title='bbox 195 1631 247 1650; x_wconf 83' lang='lat' dir='ltr'><strong>non</strong></span> <span class='ocrx_word' id='word_1_360' title='bbox 269 1623 426 1656; x_wconf 72' lang='lat' dir='ltr'><strong>inuertisset,</strong></span> <span class='ocrx_word' id='word_1_361' title='bbox 452 1623 629 1658; x_wconf 75' lang='lat' dir='ltr'><strong>interrogatos</strong></span> <span class='ocrx_word' id='word_1_362' title='bbox 659 1623 779 1651; x_wconf 76' lang='lat' dir='ltr'><strong>custodes</strong></span> <span class='ocrx_word' id='word_1_363' title='bbox 798 1623 880 1658; x_wconf 78' lang='lat' dir='ltr'><strong>jussit</strong></span> <span class='ocrx_word' id='word_1_364' title='bbox 903 1625 988 1660; x_wconf 74' lang='lat' dir='ltr'><strong>suﬁ&#39;o-</strong></span> 
     </span>
    </p>
   </div>
   <div class='ocr_carea' id='block_1_51' title="bbox 195 1669 989 1704">
    <p class='ocr_par' dir='ltr' id='par_1_51' title="bbox 195 1669 989 1704">
     <span class='ocr_line' id='line_1_51' title="bbox 195 1669 989 1704; baseline 0.005 -9"><span class='ocrx_word' id='word_1_365' title='bbox 195 1670 255 1696; x_wconf 80' lang='lat' dir='ltr'><strong>cari</strong></span> <span class='ocrx_word' id='word_1_366' title='bbox 269 1669 303 1702; x_wconf 65' lang='grc' dir='ltr'><strong>δ’,</strong></span> <span class='ocrx_word' id='word_1_367' title='bbox 317 1674 426 1704; x_wconf 86' lang='lat' dir='ltr'><strong>propter</strong></span> <span class='ocrx_word' id='word_1_368' title='bbox 438 1676 509 1704; x_wconf 87' lang='lat' dir='ltr'><strong>quos</strong></span> <span class='ocrx_word' id='word_1_369' title='bbox 525 1669 598 1696; x_wconf 86' lang='lat' dir='ltr'><strong>nulla</strong></span> <span class='ocrx_word' id='word_1_370' title='bbox 616 1671 695 1704; x_wconf 86' lang='lat' dir='ltr'><strong>culpa</strong></span> <span class='ocrx_word' id='word_1_371' title='bbox 713 1669 739 1697; x_wconf 91' lang='lat' dir='ltr'><strong>in</strong></span> <span class='ocrx_word' id='word_1_372' title='bbox 754 1670 863 1698; x_wconf 88' lang='lat' dir='ltr'><strong>Petrum</strong></span> <span class='ocrx_word' id='word_1_373' title='bbox 879 1671 989 1699; x_wconf 82' lang='lat' dir='ltr'><strong>confer—</strong></span> 
     </span>
    </p>
   </div>
   <div class='ocr_carea' id='block_1_52' title="bbox 198 1715 989 1750">
    <p class='ocr_par' dir='ltr' id='par_1_52' title="bbox 198 1715 989 1750">
     <span class='ocr_line' id='line_1_52' title="bbox 198 1715 989 1750; baseline 0.003 -8"><span class='ocrx_word' id='word_1_374' title='bbox 198 1720 242 1742; x_wconf 87' lang='lat' dir='ltr'><strong>tur</strong></span> <span class='ocrx_word' id='word_1_375' title='bbox 257 1724 264 1742; x_wconf 90' lang='lat'><strong>:</strong></span> <span class='ocrx_word' id='word_1_376' title='bbox 279 1715 377 1742; x_wconf 87' lang='lat' dir='ltr'><strong>licebat</strong></span> <span class='ocrx_word' id='word_1_377' title='bbox 390 1715 462 1742; x_wconf 89' lang='lat' dir='ltr'><strong>enim</strong></span> <span class='ocrx_word' id='word_1_378' title='bbox 480 1715 520 1742; x_wconf 86' lang='lat' dir='ltr'><strong>eis</strong></span> <span class='ocrx_word' id='word_1_379' title='bbox 544 1715 590 1742; x_wconf 83' lang='lat' dir='ltr'><strong>illo</strong></span> <span class='ocrx_word' id='word_1_380' title='bbox 610 1715 669 1743; x_wconf 89' lang='lat' dir='ltr'><strong>viso</strong></span> <span class='ocrx_word' id='word_1_381' title='bbox 683 1716 754 1750; x_wconf 90' lang='lat' dir='ltr'><strong>quod</strong></span> <span class='ocrx_word' id='word_1_382' title='bbox 776 1716 878 1744; x_wconf 83' lang='lat' dir='ltr'><strong>factum</strong></span> <span class='ocrx_word' id='word_1_383' title='bbox 901 1717 989 1745; x_wconf 80' lang='lat' dir='ltr'><strong>fuerat</strong></span> 
     </span>
    </p>
   </div>
   <div class='ocr_carea' id='block_1_53' title="bbox 198 1761 990 1798">
    <p class='ocr_par' dir='ltr' id='par_1_53' title="bbox 198 1761 990 1798">
     <span class='ocr_line' id='line_1_53' title="bbox 198 1761 990 1798; baseline 0.005 -11"><span class='ocrx_word' id='word_1_384' title='bbox 198 1761 331 1796; x_wconf 72' lang='lat' dir='ltr'><strong>eﬂ‘ugere;</strong></span> <span class='ocrx_word' id='word_1_385' title='bbox 346 1761 417 1788; x_wconf 81' lang='lat' dir='ltr'><strong>sicut</strong></span> <span class='ocrx_word' id='word_1_386' title='bbox 433 1765 460 1788; x_wconf 88' lang='lat' dir='ltr'><strong>et</strong></span> <span class='ocrx_word' id='word_1_387' title='bbox 477 1769 573 1789; x_wconf 87' lang='lat' dir='ltr'><strong>omnes</strong></span> <span class='ocrx_word' id='word_1_388' title='bbox 587 1762 702 1789; x_wconf 79' lang='lat' dir='ltr'><strong>infantes</strong></span> <span class='ocrx_word' id='word_1_389' title='bbox 716 1763 762 1798; x_wconf 90' lang='lat' dir='ltr'><strong>qui</strong></span> <span class='ocrx_word' id='word_1_390' title='bbox 777 1768 854 1790; x_wconf 89' lang='lat' dir='ltr'><strong>erant</strong></span> <span class='ocrx_word' id='word_1_391' title='bbox 867 1763 894 1790; x_wconf 91' lang='lat' dir='ltr'><strong>in</strong></span> <span class='ocrx_word' id='word_1_392' title='bbox 908 1763 990 1791; x_wconf 85' lang='lat' dir='ltr'><strong>Beth-</strong></span> 
     </span>
    </p>
   </div>
   <div class='ocr_carea' id='block_1_54' title="bbox 197 1807 991 1843">
    <p class='ocr_par' dir='ltr' id='par_1_54' title="bbox 197 1807 991 1843">
     <span class='ocr_line' id='line_1_54' title="bbox 197 1807 991 1843; baseline 0.004 -9"><span class='ocrx_word' id='word_1_393' title='bbox 197 1808 286 1835; x_wconf 78' lang='lat' dir='ltr'><strong>lehem</strong></span> <span class='ocrx_word' id='word_1_394' title='bbox 297 1808 321 1825; x_wconf 75' lang='lat'>&quot;</span> <span class='ocrx_word' id='word_1_395' title='bbox 340 1811 367 1835; x_wconf 90' lang='lat' dir='ltr'><strong>et</strong></span> <span class='ocrx_word' id='word_1_396' title='bbox 389 1807 417 1834; x_wconf 92' lang='lat' dir='ltr'><strong>in</strong></span> <span class='ocrx_word' id='word_1_397' title='bbox 439 1808 568 1836; x_wconf 86' lang='lat' dir='ltr'><strong>omnibus</strong></span> <span class='ocrx_word' id='word_1_398' title='bbox 591 1809 650 1843; x_wconf 90' lang='lat' dir='ltr'><strong>ejus</strong></span> <span class='ocrx_word' id='word_1_399' title='bbox 671 1808 781 1841; x_wconf 87' lang='lat' dir='ltr'><strong>tinibus,</strong></span> <span class='ocrx_word' id='word_1_400' title='bbox 800 1809 823 1836; x_wconf 93' lang='lat' dir='ltr'><strong>si</strong></span> <span class='ocrx_word' id='word_1_401' title='bbox 845 1810 991 1837; x_wconf 90' lang='lat' dir='ltr'><strong>scivissent</strong></span> 
     </span>
    </p>
   </div>
   <div class='ocr_carea' id='block_1_55' title="bbox 197 1853 990 1889">
    <p class='ocr_par' dir='ltr' id='par_1_55' title="bbox 197 1853 990 1889">
     <span class='ocr_line' id='line_1_55' title="bbox 197 1853 990 1889; baseline 0.003 -9"><span class='ocrx_word' id='word_1_402' title='bbox 197 1861 292 1880; x_wconf 74' lang='lat' dir='ltr'><strong>eorum</strong></span> <span class='ocrx_word' id='word_1_403' title='bbox 309 1857 438 1888; x_wconf 83' lang='lat' dir='ltr'><strong>parentes</strong></span> <span class='ocrx_word' id='word_1_404' title='bbox 454 1854 526 1888; x_wconf 90' lang='lat' dir='ltr'><strong>quod</strong></span> <span class='ocrx_word' id='word_1_405' title='bbox 550 1858 609 1881; x_wconf 89' lang='lat' dir='ltr'><strong>erat</strong></span> <span class='ocrx_word' id='word_1_406' title='bbox 625 1853 747 1882; x_wconf 81' lang='lat' dir='ltr'><strong>futurum</strong></span> <span class='ocrx_word' id='word_1_407' title='bbox 766 1864 772 1881; x_wconf 86' lang='lat'><strong>:</strong></span> <span class='ocrx_word' id='word_1_408' title='bbox 790 1855 836 1889; x_wconf 91' lang='lat' dir='ltr'><strong>qui</strong></span> <span class='ocrx_word' id='word_1_409' title='bbox 854 1862 869 1882; x_wconf 82' lang='lat' dir='ltr'><strong>a</strong></span> <span class='ocrx_word' id='word_1_410' title='bbox 887 1856 990 1883; x_wconf 86' lang='lat' dir='ltr'><strong>crudeli</strong></span> 
     </span>
    </p>
   </div>
   <div class='ocr_carea' id='block_1_56' title="bbox 197 1897 990 1934">
    <p class='ocr_par' dir='ltr' id='par_1_56' title="bbox 197 1897 990 1934">
     <span class='ocr_line' id='line_1_56' title="bbox 197 1897 990 1934; baseline 0.003 -8"><span class='ocrx_word' id='word_1_411' title='bbox 197 1898 334 1926; x_wconf 81' lang='lat' dir='ltr'><strong>homicida</strong></span> <span class='ocrx_word' id='word_1_412' title='bbox 353 1897 459 1925; x_wconf 86' lang='lat' dir='ltr'><strong>Herode</strong></span> <span class='ocrx_word' id='word_1_413' title='bbox 478 1899 577 1925; x_wconf 80' lang='lat' dir='ltr'><strong>sublati</strong></span> <span class='ocrx_word' id='word_1_414' title='bbox 601 1904 674 1931; x_wconf 89' lang='lat' dir='ltr'><strong>sunt,</strong></span> <span class='ocrx_word' id='word_1_415' title='bbox 692 1903 721 1927; x_wconf 91' lang='lat' dir='ltr'><strong>ut</strong></span> <span class='ocrx_word' id='word_1_416' title='bbox 743 1908 815 1927; x_wconf 84' lang='lat' dir='ltr'><strong>unus</strong></span> <span class='ocrx_word' id='word_1_417' title='bbox 837 1901 883 1934; x_wconf 91' lang='lat' dir='ltr'><strong>qui</strong></span> <span class='ocrx_word' id='word_1_418' title='bbox 900 1901 934 1928; x_wconf 86' lang='lat' dir='ltr'><strong>ab</strong></span> <span class='ocrx_word' id='word_1_419' title='bbox 958 1908 990 1928; x_wconf 88' lang='lat' dir='ltr'><strong>eo</strong></span> 
     </span>
    </p>
   </div>
   <div class='ocr_carea' id='block_1_57' title="bbox 197 1945 990 1982">
    <p class='ocr_par' dir='ltr' id='par_1_57' title="bbox 197 1945 990 1982">
     <span class='ocr_line' id='line_1_57' title="bbox 197 1945 990 1982; baseline 0.003 -10"><span class='ocrx_word' id='word_1_420' title='bbox 197 1946 369 1978; x_wconf 61' lang='lat' dir='ltr'><strong>quaerebatur</strong></span> <span class='ocrx_word' id='word_1_421' title='bbox 392 1945 482 1972; x_wconf 83' lang='lat' dir='ltr'><strong>infans</strong></span> <span class='ocrx_word' id='word_1_422' title='bbox 506 1946 616 1980; x_wconf 85' lang='lat' dir='ltr'><strong>periret.</strong></span> <span class='ocrx_word' id='word_1_423' title='bbox 633 1946 679 1981; x_wconf 93' lang='lat' dir='ltr'><strong>qui</strong></span> <span class='ocrx_word' id='word_1_424' title='bbox 697 1950 724 1973; x_wconf 90' lang='lat' dir='ltr'><strong>et</strong></span> <span class='ocrx_word' id='word_1_425' title='bbox 737 1946 795 1981; x_wconf 84' lang='lat' dir='ltr'><strong>ipse</strong></span> <span class='ocrx_word' id='word_1_426' title='bbox 808 1947 888 1981; x_wconf 86' lang='lat' dir='ltr'><strong>jussu</strong></span> <span class='ocrx_word' id='word_1_427' title='bbox 903 1947 990 1982; x_wconf 79' lang='lat' dir='ltr'><strong>angeli</strong></span> 
     </span>
    </p>
   </div>
   <div class='ocr_carea' id='block_1_58' title="bbox 198 1991 991 2028">
    <p class='ocr_par' dir='ltr' id='par_1_58' title="bbox 198 1991 991 2028">
     <span class='ocr_line' id='line_1_58' title="bbox 198 1991 991 2028; baseline 0.005 -11"><span class='ocrx_word' id='word_1_428' title='bbox 198 1991 245 2018; x_wconf 80' lang='lat' dir='ltr'><strong>hei</strong></span> <span class='ocrx_word' id='word_1_429' title='bbox 267 1991 371 2026; x_wconf 77' lang='lat' dir='ltr'><strong>eﬂ‘ugit,</strong></span> <span class='ocrx_word' id='word_1_430' title='bbox 390 1991 436 2025; x_wconf 91' lang='lat' dir='ltr'><strong>qui</strong></span> <span class='ocrx_word' id='word_1_431' title='bbox 452 1992 578 2019; x_wconf 65' lang='lat' dir='ltr'><strong>celeriter</strong></span> <span class='ocrx_word' id='word_1_432' title='bbox 598 1992 653 2027; x_wconf 87' lang='lat' dir='ltr'><strong>jam</strong></span> <span class='ocrx_word' id='word_1_433' title='bbox 672 1999 792 2027; x_wconf 53' lang='lat' dir='ltr'><strong>coeperat</strong></span> <span class='ocrx_word' id='word_1_434' title='bbox 815 1994 901 2028; x_wconf 82' lang='lat' dir='ltr'><strong>spolia</strong></span> <span class='ocrx_word' id='word_1_435' title='bbox 917 1995 991 2021; x_wconf 83' lang='lat' dir='ltr'><strong>acci-</strong></span> 
     </span>
    </p>
   </div>
   <div class='ocr_carea' id='block_1_59' title="bbox 198 2037 991 2072">
    <p class='ocr_par' dir='ltr' id='par_1_59' title="bbox 198 2037 991 2072">
     <span class='ocr_line' id='line_1_59' title="bbox 198 2037 991 2072; baseline 0.003 -9"><span class='ocrx_word' id='word_1_436' title='bbox 198 2045 272 2071; x_wconf 86' lang='lat' dir='ltr'><strong>pere,</strong></span> <span class='ocrx_word' id='word_1_437' title='bbox 290 2040 317 2063; x_wconf 89' lang='lat' dir='ltr'><strong>et</strong></span> <span class='ocrx_word' id='word_1_438' title='bbox 332 2037 432 2064; x_wconf 86' lang='lat' dir='ltr'><strong>acriter</strong></span> <span class='ocrx_word' id='word_1_439' title='bbox 456 2044 635 2072; x_wconf 70' lang='lat' dir='ltr'><strong>prmpaseere,</strong></span> <span class='ocrx_word' id='word_1_440' title='bbox 661 2038 810 2065; x_wconf 90' lang='lat' dir='ltr'><strong>secundum</strong></span> <span class='ocrx_word' id='word_1_441' title='bbox 832 2039 991 2072; x_wconf 81' lang='lat' dir='ltr'><strong>appellatio-</strong></span> 
     </span>
    </p>
   </div>
   <div class='ocr_carea' id='block_1_60' title="bbox 200 2082 992 2118">
    <p class='ocr_par' dir='ltr' id='par_1_60' title="bbox 200 2082 992 2118">
     <span class='ocr_line' id='line_1_60' title="bbox 200 2082 992 2118; baseline 0.004 -10"><span class='ocrx_word' id='word_1_442' title='bbox 200 2090 260 2109; x_wconf 82' lang='lat' dir='ltr'><strong>nem</strong></span> <span class='ocrx_word' id='word_1_443' title='bbox 274 2082 404 2114; x_wconf 86' lang='lat' dir='ltr'><strong>nominis,</strong></span> <span class='ocrx_word' id='word_1_444' title='bbox 435 2082 666 2116; x_wconf 88' lang='lat' dir='ltr'><strong>quemadmodum</strong></span> <span class='ocrx_word' id='word_1_445' title='bbox 694 2084 827 2118; x_wconf 88' lang='lat' dir='ltr'><strong>scriptum</strong></span> <span class='ocrx_word' id='word_1_446' title='bbox 842 2089 903 2111; x_wconf 83' lang='lat' dir='ltr'><strong>est:</strong></span> <span class='ocrx_word' id='word_1_447' title='bbox 922 2083 992 2111; x_wconf 76' lang='lat' dir='ltr'><strong>Voca</strong></span> 
     </span>
    </p>
   </div>
   <div class='ocr_carea' id='block_1_61' title="bbox 197 2120 991 2165">
    <p class='ocr_par' dir='ltr' id='par_1_61' title="bbox 197 2120 991 2165">
     <span class='ocr_line' id='line_1_61' title="bbox 197 2120 991 2165; baseline 0.005 -11"><span class='ocrx_word' id='word_1_448' title='bbox 197 2136 289 2155; x_wconf 86' lang='lat' dir='ltr'><strong>nomen</strong></span> <span class='ocrx_word' id='word_1_449' title='bbox 305 2120 374 2162; x_wconf 73' lang='lat' dir='ltr'><strong>ejus,</strong></span> <span class='ocrx_word' id='word_1_450' title='bbox 397 2128 517 2155; x_wconf 79' lang='lat' dir='ltr'><strong>celeriter</strong></span> <span class='ocrx_word' id='word_1_451' title='bbox 530 2128 626 2163; x_wconf 82' lang='lat' dir='ltr'><strong>spolia.</strong></span> <span class='ocrx_word' id='word_1_452' title='bbox 644 2129 766 2156; x_wconf 81' lang='lat' dir='ltr'><strong>velociter</strong></span> <span class='ocrx_word' id='word_1_453' title='bbox 780 2130 948 2165; x_wconf 83' lang='lat' dir='ltr'><strong>depopulare,</strong></span> <span class='ocrx_word' id='word_1_454' title='bbox 962 2139 991 2158; x_wconf 81' lang='lat' dir='ltr'><strong>eo</strong></span> 
     </span>
    </p>
   </div>
   <div class='ocr_carea' id='block_1_62' title="bbox 195 2173 991 2211">
    <p class='ocr_par' dir='ltr' id='par_1_62' title="bbox 195 2173 991 2211">
     <span class='ocr_line' id='line_1_62' title="bbox 195 2173 991 2211; baseline 0.004 -11"><span class='ocrx_word' id='word_1_455' title='bbox 195 2173 265 2209; x_wconf 67' lang='lat' dir='ltr'><strong>quem</strong></span> <span class='ocrx_word' id='word_1_456' title='bbox 281 2174 436 2209; x_wconf 81' lang='lat' dir='ltr'><strong>priusquam</strong></span> <span class='ocrx_word' id='word_1_457' title='bbox 451 2174 542 2209; x_wconf 84' lang='lat' dir='ltr'><strong>infans</strong></span> <span class='ocrx_word' id='word_1_458' title='bbox 565 2175 633 2201; x_wconf 82' lang='lat' dir='ltr'><strong>sciat</strong></span> <span class='ocrx_word' id='word_1_459' title='bbox 658 2183 750 2202; x_wconf 78' lang='lat' dir='ltr'><strong>uocare</strong></span> <span class='ocrx_word' id='word_1_460' title='bbox 769 2182 871 2211; x_wconf 83' lang='lat' dir='ltr'><strong>patrem</strong></span> <span class='ocrx_word' id='word_1_461' title='bbox 888 2181 913 2204; x_wconf 87' lang='lat' dir='ltr'><strong>et</strong></span> <span class='ocrx_word' id='word_1_462' title='bbox 933 2186 991 2203; x_wconf 86' lang='lat' dir='ltr'><strong>ma-</strong></span> 
     </span>
    </p>
   </div>
   <div class='ocr_carea' id='block_1_63' title="bbox 196 2220 991 2256">
    <p class='ocr_par' dir='ltr' id='par_1_63' title="bbox 196 2220 991 2256">
     <span class='ocr_line' id='line_1_63' title="bbox 196 2220 991 2256; baseline 0.004 -9"><span class='ocrx_word' id='word_1_463' title='bbox 196 2225 273 2252; x_wconf 73' lang='lat' dir='ltr'><strong>trem,</strong></span> <span class='ocrx_word' id='word_1_464' title='bbox 290 2221 375 2254; x_wconf 78' lang='lat' dir='ltr'><strong>capiet</strong></span> <span class='ocrx_word' id='word_1_465' title='bbox 390 2225 546 2254; x_wconf 82' lang='lat' dir='ltr'><strong>potestatem</strong></span> <span class='ocrx_word' id='word_1_466' title='bbox 563 2220 689 2248; x_wconf 74' lang='lat' dir='ltr'><strong>Damasci</strong></span> <span class='ocrx_word' id='word_1_467' title='bbox 706 2227 730 2248; x_wconf 84' lang='lat' dir='ltr'><strong>et</strong></span> <span class='ocrx_word' id='word_1_468' title='bbox 745 2222 830 2256; x_wconf 74' lang='lat' dir='ltr'><strong>spolia</strong></span> <span class='ocrx_word' id='word_1_469' title='bbox 849 2221 991 2256; x_wconf 77' lang='lat' dir='ltr'><strong>Samariw,</strong></span> 
     </span>
    </p>
   </div>
   <div class='ocr_carea' id='block_1_64' title="bbox 1042 981 1830 1020">
    <p class='ocr_par' dir='ltr' id='par_1_64' title="bbox 1042 981 1830 1020">
     <span class='ocr_line' id='line_1_64' title="bbox 1042 981 1830 1020; baseline -0.006 -7"><span class='ocrx_word' id='word_1_470' title='bbox 1042 986 1126 1013; x_wconf 81' lang='grc' dir='ltr'>πολὺν</span> <span class='ocrx_word' id='word_1_471' title='bbox 1142 985 1220 1020; x_wconf 76' lang='grc' dir='ltr'>ὄχλον</span> <span class='ocrx_word' id='word_1_472' title='bbox 1231 985 1278 1012; x_wconf 73' lang='grc' dir='ltr'><strong>ἐπὶ</strong></span> <span class='ocrx_word' id='word_1_473' title='bbox 1289 984 1339 1020; x_wconf 84' lang='grc' dir='ltr'><strong>τὴν</strong></span> <span class='ocrx_word' id='word_1_474' title='bbox 1354 984 1523 1017; x_wconf 77' lang='grc' dir='ltr'>θεοσέϐειαν,</span> <span class='ocrx_word' id='word_1_475' title='bbox 1537 985 1554 1019; x_wconf 88' lang='grc' dir='ltr'>ἠ</span> <span class='ocrx_word' id='word_1_476' title='bbox 1587 984 1683 1015; x_wconf 79' lang='grc' dir='ltr'>στάσις</span> <span class='ocrx_word' id='word_1_477' title='bbox 1692 981 1726 1019; x_wconf 84' lang='grc' dir='ltr'>ἦν</span> <span class='ocrx_word' id='word_1_478' title='bbox 1750 990 1830 1017; x_wconf 83' lang='grc' dir='ltr'>γενο-</span> 
     </span>
    </p>
   </div>
   <div class='ocr_carea' id='block_1_65' title="bbox 1042 1028 1830 1067">
    <p class='ocr_par' dir='ltr' id='par_1_65' title="bbox 1042 1028 1830 1067">
     <span class='ocr_line' id='line_1_65' title="bbox 1042 1028 1830 1067; baseline -0.005 -9"><span class='ocrx_word' id='word_1_479' title='bbox 1042 1032 1122 1067; x_wconf 79' lang='grc' dir='ltr'>μένη,</span> <span class='ocrx_word' id='word_1_480' title='bbox 1137 1031 1185 1058; x_wconf 73' lang='grc' dir='ltr'>καὶ</span> <span class='ocrx_word' id='word_1_481' title='bbox 1213 1031 1268 1058; x_wconf 83' lang='grc' dir='ltr'><strong>οὐκ</strong></span> <span class='ocrx_word' id='word_1_482' title='bbox 1281 1030 1353 1057; x_wconf 77' lang='grc' dir='ltr'>στων</span> <span class='ocrx_word' id='word_1_483' title='bbox 1366 1030 1460 1057; x_wconf 83' lang='grc' dir='ltr'>αὐτὸν</span> <span class='ocrx_word' id='word_1_484' title='bbox 1471 1031 1498 1057; x_wconf 82' lang='grc' dir='ltr'>οἱ</span> <span class='ocrx_word' id='word_1_485' title='bbox 1506 1030 1648 1065; x_wconf 78' lang='grc' dir='ltr'>μαθηταὶ,</span> <span class='ocrx_word' id='word_1_486' title='bbox 1677 1029 1782 1064; x_wconf 80' lang='grc' dir='ltr'>φησιν’</span> <span class='ocrx_word' id='word_1_487' title='bbox 1799 1028 1830 1054; x_wconf 86' lang='grc' dir='ltr'>οὐ</span> 
     </span>
    </p>
   </div>
   <div class='ocr_carea' id='block_1_66' title="bbox 1043 1073 1831 1112">
    <p class='ocr_par' dir='ltr' id='par_1_66' title="bbox 1043 1073 1831 1112">
     <span class='ocr_line' id='line_1_66' title="bbox 1043 1073 1831 1112; baseline -0.005 -8"><span class='ocrx_word' id='word_1_488' title='bbox 1043 1077 1096 1112; x_wconf 83' lang='grc' dir='ltr'>μὴν</span> <span class='ocrx_word' id='word_1_489' title='bbox 1108 1076 1176 1104; x_wconf 82' lang='grc' dir='ltr'>ἀλλὰ</span> <span class='ocrx_word' id='word_1_490' title='bbox 1190 1076 1236 1104; x_wconf 86' lang='grc' dir='ltr'><strong>καί</strong></span> <span class='ocrx_word' id='word_1_491' title='bbox 1249 1084 1323 1108; x_wconf 79' lang='grc' dir='ltr'>τινες</span> <span class='ocrx_word' id='word_1_492' title='bbox 1339 1076 1394 1103; x_wconf 83' lang='grc' dir='ltr'>τῶν</span> <span class='ocrx_word' id='word_1_493' title='bbox 1405 1075 1555 1110; x_wconf 85' lang='grc' dir='ltr'>ἀοιαρχῶν,</span> <span class='ocrx_word' id='word_1_494' title='bbox 1586 1076 1661 1106; x_wconf 71' lang='grc' dir='ltr'>ὅντες</span> <span class='ocrx_word' id='word_1_495' title='bbox 1680 1074 1762 1102; x_wconf 84' lang='grc' dir='ltr'><strong>αὒτοῦ</strong></span> <span class='ocrx_word' id='word_1_496' title='bbox 1788 1073 1831 1108; x_wconf 77' lang='grc' dir='ltr'>φί-</span> 
     </span>
    </p>
   </div>
   <div class='ocr_carea' id='block_1_67' title="bbox 1041 1120 1831 1158">
    <p class='ocr_par' dir='ltr' id='par_1_67' title="bbox 1041 1120 1831 1158">
     <span class='ocr_line' id='line_1_67' title="bbox 1041 1120 1831 1158; baseline -0.001 -8"><span class='ocrx_word' id='word_1_497' title='bbox 1041 1123 1093 1155; x_wconf 77' lang='grc' dir='ltr'>λοι,</span> <span class='ocrx_word' id='word_1_498' title='bbox 1109 1123 1265 1158; x_wconf 81' lang='grc' dir='ltr'>πέμψαντες</span> <span class='ocrx_word' id='word_1_499' title='bbox 1288 1123 1357 1158; x_wconf 80' lang='grc' dir='ltr'>πρὸς</span> <span class='ocrx_word' id='word_1_500' title='bbox 1371 1122 1453 1149; x_wconf 75' lang='grc' dir='ltr'>αὑτὸν</span> <span class='ocrx_word' id='word_1_501' title='bbox 1473 1122 1646 1157; x_wconf 81' lang='grc' dir='ltr'>παρεκάλουν</span> <span class='ocrx_word' id='word_1_502' title='bbox 1676 1121 1714 1156; x_wconf 87' lang='grc' dir='ltr'>μὴ</span> <span class='ocrx_word' id='word_1_503' title='bbox 1739 1120 1831 1149; x_wconf 80' lang='grc' dir='ltr'>δοῦναι</span> 
     </span>
    </p>
   </div>
   <div class='ocr_carea' id='block_1_68' title="bbox 1041 1167 1833 1203">
    <p class='ocr_par' dir='ltr' id='par_1_68' title="bbox 1041 1167 1833 1203">
     <span class='ocr_line' id='line_1_68' title="bbox 1041 1167 1833 1203; baseline -0.003 -8"><span class='ocrx_word' id='word_1_504' title='bbox 1041 1168 1136 1195; x_wconf 75' lang='grc' dir='ltr'>ἐαυτδν</span> <span class='ocrx_word' id='word_1_505' title='bbox 1150 1170 1189 1200; x_wconf 80' lang='grc' dir='ltr'><strong>εἰς</strong></span> <span class='ocrx_word' id='word_1_506' title='bbox 1207 1168 1236 1195; x_wconf 76' lang='grc' dir='ltr'>τὸ</span> <span class='ocrx_word' id='word_1_507' title='bbox 1248 1168 1361 1202; x_wconf 83' lang='grc' dir='ltr'>Θὲατρον</span> <span class='ocrx_word' id='word_1_508' title='bbox 1375 1176 1383 1183; x_wconf 88' lang='grc'><strong>·</strong></span> <span class='ocrx_word' id='word_1_509' title='bbox 1400 1168 1424 1194; x_wconf 84' lang='grc' dir='ltr'><strong>εί</strong></span> <span class='ocrx_word' id='word_1_510' title='bbox 1445 1167 1475 1194; x_wconf 77' lang='grc' dir='ltr'>δὲ</span> <span class='ocrx_word' id='word_1_511' title='bbox 1496 1167 1653 1202; x_wconf 82' lang='grc' dir='ltr'>ἑπιμένοιέν</span> <span class='ocrx_word' id='word_1_512' title='bbox 1675 1176 1747 1199; x_wconf 81' lang='grc' dir='ltr'>τινες</span> <span class='ocrx_word' id='word_1_513' title='bbox 1771 1168 1833 1203; x_wconf 75' lang='grc' dir='ltr'>ἐρε-</span> 
     </span>
    </p>
   </div>
   <div class='ocr_carea' id='block_1_69' title="bbox 1042 1211 1834 1248">
    <p class='ocr_par' dir='ltr' id='par_1_69' title="bbox 1042 1211 1834 1248">
     <span class='ocr_line' id='line_1_69' title="bbox 1042 1211 1834 1248; baseline -0.001 -9"><span class='ocrx_word' id='word_1_514' title='bbox 1042 1213 1200 1248; x_wconf 83' lang='grc' dir='ltr'>σχελοῦντες</span> <span class='ocrx_word' id='word_1_515' title='bbox 1214 1215 1269 1246; x_wconf 79' lang='grc' dir='ltr'>τοῖς</span> <span class='ocrx_word' id='word_1_516' title='bbox 1286 1214 1438 1247; x_wconf 75' lang='grc' dir='ltr'>εἰλικρινῶς</span> <span class='ocrx_word' id='word_1_517' title='bbox 1453 1214 1628 1248; x_wconf 81' lang='grc' dir='ltr'>προσέχουσι,</span> <span class='ocrx_word' id='word_1_518' title='bbox 1645 1211 1746 1242; x_wconf 74' lang='grc' dir='ltr'><strong>Σὼζων</strong></span> <span class='ocrx_word' id='word_1_519' title='bbox 1758 1211 1834 1242; x_wconf 55' lang='lat' dir='ltr'><strong>adire</strong></span> 
     </span>
    </p>
   </div>
   <div class='ocr_carea' id='block_1_70' title="bbox 1041 1258 1833 1296">
    <p class='ocr_par' dir='ltr' id='par_1_70' title="bbox 1041 1258 1833 1296">
     <span class='ocr_line' id='line_1_70' title="bbox 1041 1258 1833 1296; baseline -0.005 -7"><span class='ocrx_word' id='word_1_520' title='bbox 1041 1262 1099 1296; x_wconf 81' lang='grc' dir='ltr'>τὴν</span> <span class='ocrx_word' id='word_1_521' title='bbox 1106 1261 1237 1289; x_wconf 83' lang='grc' dir='ltr'>σεαυτοῦ</span> <span class='ocrx_word' id='word_1_522' title='bbox 1248 1261 1364 1296; x_wconf 63' lang='grc' dir='ltr'>ψυχὴν,</span> <span class='ocrx_word' id='word_1_523' title='bbox 1374 1261 1417 1296; x_wconf 83' lang='grc' dir='ltr'>μὴ</span> <span class='ocrx_word' id='word_1_524' title='bbox 1432 1259 1599 1295; x_wconf 74' lang='grc' dir='ltr'>περισλέψῃ</span> <span class='ocrx_word' id='word_1_525' title='bbox 1614 1261 1657 1292; x_wconf 84' lang='grc' dir='ltr'>εις</span> <span class='ocrx_word' id='word_1_526' title='bbox 1672 1258 1709 1286; x_wconf 81' lang='grc' dir='ltr'>τὰ</span> <span class='ocrx_word' id='word_1_527' title='bbox 1723 1259 1833 1290; x_wconf 79' lang='grc' dir='ltr'>ὀπίσω,</span> 
     </span>
    </p>
   </div>
   <div class='ocr_carea' id='block_1_71' title="bbox 1043 1305 1834 1342">
    <p class='ocr_par' dir='ltr' id='par_1_71' title="bbox 1043 1305 1834 1342">
     <span class='ocr_line' id='line_1_71' title="bbox 1043 1305 1834 1342; baseline -0.004 -8"><span class='ocrx_word' id='word_1_528' title='bbox 1043 1307 1297 1342; x_wconf 74' lang='grc' dir='ltr'>ὑπομνησϐήτωσαν</span> <span class='ocrx_word' id='word_1_529' title='bbox 1310 1306 1416 1333; x_wconf 76' lang='grc' dir='ltr'>καὶτοῦ</span> <span class='ocrx_word' id='word_1_530' title='bbox 1433 1307 1580 1342; x_wconf 86' lang='grc' dir='ltr'>προκρίτου</span> <span class='ocrx_word' id='word_1_531' title='bbox 1600 1306 1654 1332; x_wconf 79' lang='grc' dir='ltr'><strong>τῶν</strong></span> <span class='ocrx_word' id='word_1_532' title='bbox 1675 1305 1834 1332; x_wconf 73' lang='grc' dir='ltr'>ἀποστόλων</span> 
     </span>
    </p>
   </div>
   <div class='ocr_carea' id='block_1_72' title="bbox 1042 1351 1836 1388">
    <p class='ocr_par' dir='ltr' id='par_1_72' title="bbox 1042 1351 1836 1388">
     <span class='ocr_line' id='line_1_72' title="bbox 1042 1351 1836 1388; baseline -0.005 -8"><span class='ocrx_word' id='word_1_533' title='bbox 1042 1353 1157 1388; x_wconf 81' lang='grc' dir='ltr'>Πέτρου,</span> <span class='ocrx_word' id='word_1_534' title='bbox 1169 1353 1359 1387; x_wconf 74' lang='grc' dir='ltr'>Βεϐλημένου</span> <span class='ocrx_word' id='word_1_535' title='bbox 1368 1360 1400 1378; x_wconf 86' lang='grc' dir='ltr'><strong>τε</strong></span> <span class='ocrx_word' id='word_1_536' title='bbox 1409 1352 1468 1386; x_wconf 78' lang='grc' dir='ltr'><strong>ἤδη</strong></span> <span class='ocrx_word' id='word_1_537' title='bbox 1475 1353 1520 1385; x_wconf 80' lang='grc' dir='ltr'>εις</span> <span class='ocrx_word' id='word_1_538' title='bbox 1526 1351 1679 1386; x_wconf 74' lang='grc' dir='ltr'>φυλακὴν,</span> <span class='ocrx_word' id='word_1_539' title='bbox 1687 1351 1737 1378; x_wconf 75' lang='grc' dir='ltr'><strong>καί</strong></span> <span class='ocrx_word' id='word_1_540' title='bbox 1743 1357 1836 1384; x_wconf 70' lang='grc' dir='ltr'>πηραρ</span> 
     </span>
    </p>
   </div>
   <div class='ocr_carea' id='block_1_73' title="bbox 1041 1396 1838 1433">
    <p class='ocr_par' dir='ltr' id='par_1_73' title="bbox 1041 1396 1838 1433">
     <span class='ocr_line' id='line_1_73' title="bbox 1041 1396 1838 1433; baseline -0.004 -7"><span class='ocrx_word' id='word_1_541' title='bbox 1041 1399 1181 1432; x_wconf 78' lang='grc' dir='ltr'>δοθέντος</span> <span class='ocrx_word' id='word_1_542' title='bbox 1187 1399 1335 1433; x_wconf 78' lang='grc' dir='ltr'>τέσσαρσι</span> <span class='ocrx_word' id='word_1_543' title='bbox 1343 1398 1513 1433; x_wconf 78' lang='grc' dir='ltr'>τετραδύοις</span> <span class='ocrx_word' id='word_1_544' title='bbox 1519 1396 1708 1431; x_wconf 80' lang='grc' dir='ltr'>στρατιωτῶν</span> <span class='ocrx_word' id='word_1_545' title='bbox 1718 1396 1838 1431; x_wconf 67' lang='grc' dir='ltr'><strong>φυλάσ-</strong></span> 
     </span>
    </p>
   </div>
   <div class='ocr_carea' id='block_1_74' title="bbox 1041 1442 1837 1478">
    <p class='ocr_par' dir='ltr' id='par_1_74' title="bbox 1041 1442 1837 1478">
     <span class='ocr_line' id='line_1_74' title="bbox 1041 1442 1837 1478; baseline -0.006 -5"><span class='ocrx_word' id='word_1_546' title='bbox 1041 1455 1108 1473; x_wconf 85' lang='grc' dir='ltr'>σειν</span> <span class='ocrx_word' id='word_1_547' title='bbox 1120 1446 1214 1473; x_wconf 84' lang='grc' dir='ltr'><strong>αῠτόν</strong></span> <span class='ocrx_word' id='word_1_548' title='bbox 1227 1454 1233 1461; x_wconf 89' lang='grc'>·</span> <span class='ocrx_word' id='word_1_549' title='bbox 1248 1442 1279 1471; x_wconf 70' lang='grc' dir='ltr'>οὗ</span> <span class='ocrx_word' id='word_1_550' title='bbox 1302 1445 1331 1471; x_wconf 83' lang='grc' dir='ltr'>ὲν</span> <span class='ocrx_word' id='word_1_551' title='bbox 1354 1444 1432 1471; x_wconf 74' lang='grc' dir='ltr'>νυκτὶ</span> <span class='ocrx_word' id='word_1_552' title='bbox 1444 1443 1575 1478; x_wconf 82' lang='grc' dir='ltr'>φυγόντος</span> <span class='ocrx_word' id='word_1_553' title='bbox 1589 1443 1638 1470; x_wconf 75' lang='grc' dir='ltr'>καὶ</span> <span class='ocrx_word' id='word_1_554' title='bbox 1648 1442 1790 1478; x_wconf 79' lang='grc' dir='ltr'>ρυσθὲντος</span> <span class='ocrx_word' id='word_1_555' title='bbox 1803 1442 1837 1469; x_wconf 76' lang='grc' dir='ltr'>ὲκ</span> 
     </span>
    </p>
   </div>
   <div class='ocr_carea' id='block_1_75' title="bbox 1040 1487 1837 1532">
    <p class='ocr_par' dir='ltr' id='par_1_75' title="bbox 1040 1487 1837 1532">
     <span class='ocr_line' id='line_1_75' title="bbox 1040 1487 1837 1532; baseline -0.006 -13"><span class='ocrx_word' id='word_1_556' title='bbox 1040 1493 1131 1532; x_wconf 75' lang='grc' dir='ltr'>χειρὸς</span> <span class='ocrx_word' id='word_1_557' title='bbox 1138 1492 1186 1519; x_wconf 82' lang='grc' dir='ltr'><strong>τοῦ</strong></span> <span class='ocrx_word' id='word_1_558' title='bbox 1199 1491 1333 1526; x_wconf 88' lang='grc' dir='ltr'>φονώδους</span> <span class='ocrx_word' id='word_1_559' title='bbox 1342 1490 1475 1525; x_wconf 83' lang='grc' dir='ltr'>Ἡρώδου,</span> <span class='ocrx_word' id='word_1_560' title='bbox 1491 1490 1539 1516; x_wconf 77' lang='grc' dir='ltr'><strong>καὶ</strong></span> <span class='ocrx_word' id='word_1_561' title='bbox 1553 1489 1644 1525; x_wconf 78' lang='grc' dir='ltr'>πάσης</span> <span class='ocrx_word' id='word_1_562' title='bbox 1659 1489 1708 1524; x_wconf 84' lang='grc' dir='ltr'>τῆς</span> <span class='ocrx_word' id='word_1_563' title='bbox 1720 1487 1837 1523; x_wconf 76' lang='grc' dir='ltr'>προσδο-</span> 
     </span>
    </p>
   </div>
   <div class='ocr_carea' id='block_1_76' title="bbox 1041 1532 1837 1570">
    <p class='ocr_par' dir='ltr' id='par_1_76' title="bbox 1041 1532 1837 1570">
     <span class='ocr_line' id='line_1_76' title="bbox 1041 1532 1837 1570; baseline -0.009 -5"><span class='ocrx_word' id='word_1_564' title='bbox 1041 1539 1103 1570; x_wconf 88' lang='grc' dir='ltr'>κίας</span> <span class='ocrx_word' id='word_1_565' title='bbox 1116 1538 1162 1565; x_wconf 77' lang='grc' dir='ltr'>τοῦ</span> <span class='ocrx_word' id='word_1_566' title='bbox 1171 1537 1237 1564; x_wconf 85' lang='grc' dir='ltr'>λαοῦ</span> <span class='ocrx_word' id='word_1_567' title='bbox 1246 1536 1300 1562; x_wconf 86' lang='grc' dir='ltr'>τῶν</span> <span class='ocrx_word' id='word_1_568' title='bbox 1307 1536 1452 1566; x_wconf 83' lang='grc' dir='ltr'>Ἰουδαίων,</span> <span class='ocrx_word' id='word_1_569' title='bbox 1461 1535 1522 1562; x_wconf 75' lang='grc' dir='ltr'>κατ’</span> <span class='ocrx_word' id='word_1_570' title='bbox 1533 1534 1642 1570; x_wconf 72' lang='grc' dir='ltr'>ἐντολὴν</span> <span class='ocrx_word' id='word_1_571' title='bbox 1653 1532 1769 1568; x_wconf 78' lang='grc' dir='ltr'>ἀγγέλου</span> <span class='ocrx_word' id='word_1_572' title='bbox 1778 1533 1837 1558; x_wconf 81' lang='grc' dir='ltr'><strong>Κυ-</strong></span> 
     </span>
    </p>
   </div>
   <div class='ocr_carea' id='block_1_77' title="bbox 1041 1577 1840 1619">
    <p class='ocr_par' dir='ltr' id='par_1_77' title="bbox 1041 1577 1840 1619">
     <span class='ocr_line' id='line_1_77' title="bbox 1041 1577 1840 1619; baseline -0.008 -9"><span class='ocrx_word' id='word_1_573' title='bbox 1041 1581 1295 1619; x_wconf 79' lang='grc' dir='ltr'>ρίου,Γενομένης,</span> <span class='ocrx_word' id='word_1_574' title='bbox 1303 1580 1397 1616; x_wconf 81' lang='grc' dir='ltr'>φησὶν,</span> <span class='ocrx_word' id='word_1_575' title='bbox 1406 1577 1706 1614; x_wconf 77' lang='grc' dir='ltr'>ἡμέρας.ἦντάραχος</span> <span class='ocrx_word' id='word_1_576' title='bbox 1713 1577 1840 1604; x_wconf 72' lang='grc' dir='ltr'><strong>οὐκόλί-</strong></span> 
     </span>
    </p>
   </div>
   <div class='ocr_carea' id='block_1_78' title="bbox 1041 1623 1839 1666">
    <p class='ocr_par' dir='ltr' id='par_1_78' title="bbox 1041 1623 1839 1666">
     <span class='ocr_line' id='line_1_78' title="bbox 1041 1623 1839 1666; baseline -0.01 -9"><span class='ocrx_word' id='word_1_577' title='bbox 1041 1639 1093 1666; x_wconf 78' lang='grc' dir='ltr'><strong>γος</strong></span> <span class='ocrx_word' id='word_1_578' title='bbox 1102 1630 1136 1656; x_wconf 77' lang='grc' dir='ltr'><strong>ἐν</strong></span> <span class='ocrx_word' id='word_1_579' title='bbox 1146 1628 1204 1662; x_wconf 80' lang='grc' dir='ltr'>τοῖς</span> <span class='ocrx_word' id='word_1_580' title='bbox 1213 1627 1419 1663; x_wconf 81' lang='grc' dir='ltr'>στρατιώταις,</span> <span class='ocrx_word' id='word_1_581' title='bbox 1431 1627 1460 1654; x_wconf 84' lang='grc' dir='ltr'><strong>τι</strong></span> <span class='ocrx_word' id='word_1_582' title='bbox 1470 1626 1527 1661; x_wconf 84' lang='grc' dir='ltr'>ἆρα</span> <span class='ocrx_word' id='word_1_583' title='bbox 1540 1627 1556 1653; x_wconf 85' lang='grc' dir='ltr'>ό</span> <span class='ocrx_word' id='word_1_584' title='bbox 1576 1625 1687 1659; x_wconf 78' lang='grc' dir='ltr'><strong>Πέτρος</strong></span> <span class='ocrx_word' id='word_1_585' title='bbox 1696 1623 1816 1659; x_wconf 72' lang='grc' dir='ltr'>ἐγένετο</span> <span class='ocrx_word' id='word_1_586' title='bbox 1829 1631 1839 1640; x_wconf 91' lang='grc'><strong>·</strong></span> 
     </span>
    </p>
   </div>
   <div class='ocr_carea' id='block_1_79' title="bbox 1050 1670 1841 1709">
    <p class='ocr_par' dir='ltr' id='par_1_79' title="bbox 1050 1670 1841 1709">
     <span class='ocr_line' id='line_1_79' title="bbox 1050 1670 1841 1709; baseline -0.009 -7"><span class='ocrx_word' id='word_1_587' title='bbox 1050 1675 1177 1709; x_wconf 79' lang='grc' dir='ltr'><strong>Ἡρώδης</strong></span> <span class='ocrx_word' id='word_1_588' title='bbox 1187 1673 1222 1701; x_wconf 79' lang='grc' dir='ltr'><strong>δὲ</strong></span> <span class='ocrx_word' id='word_1_589' title='bbox 1239 1673 1419 1708; x_wconf 72' lang='grc' dir='ltr'>ἐπιζητήσας</span> <span class='ocrx_word' id='word_1_590' title='bbox 1433 1672 1528 1699; x_wconf 82' lang='grc' dir='ltr'>αὑτὸν</span> <span class='ocrx_word' id='word_1_591' title='bbox 1539 1671 1640 1705; x_wconf 77' lang='grc' dir='ltr'>καὶμὴ</span> <span class='ocrx_word' id='word_1_592' title='bbox 1649 1670 1754 1704; x_wconf 71' lang='grc' dir='ltr'>εὑρὼν,</span> <span class='ocrx_word' id='word_1_593' title='bbox 1765 1670 1841 1697; x_wconf 79' lang='grc' dir='ltr'><strong>ἀνω-</strong></span> 
     </span>
    </p>
   </div>
   <div class='ocr_carea' id='block_1_80' title="bbox 1042 1714 1841 1755">
    <p class='ocr_par' dir='ltr' id='par_1_80' title="bbox 1042 1714 1841 1755">
     <span class='ocr_line' id='line_1_80' title="bbox 1042 1714 1841 1755; baseline -0.009 -7"><span class='ocrx_word' id='word_1_594' title='bbox 1042 1721 1147 1755; x_wconf 80' lang='grc' dir='ltr'>κρίνας</span> <span class='ocrx_word' id='word_1_595' title='bbox 1156 1720 1227 1753; x_wconf 82' lang='grc' dir='ltr'>τοὺς</span> <span class='ocrx_word' id='word_1_596' title='bbox 1235 1720 1376 1754; x_wconf 70' lang='grc' dir='ltr'>φύλακας</span> <span class='ocrx_word' id='word_1_597' title='bbox 1384 1718 1550 1745; x_wconf 70' lang='grc' dir='ltr'>ἐκέλευσεν</span> <span class='ocrx_word' id='word_1_598' title='bbox 1557 1716 1740 1752; x_wconf 80' lang='grc' dir='ltr'><strong>ἀπαχθῆναι·</strong></span> <span class='ocrx_word' id='word_1_599' title='bbox 1748 1716 1782 1742; x_wconf 71' lang='grc' dir='ltr'><strong>δι’</strong></span> <span class='ocrx_word' id='word_1_600' title='bbox 1791 1714 1841 1748; x_wconf 80' lang='grc' dir='ltr'>οὓς</span> 
     </span>
    </p>
   </div>
   <div class='ocr_carea' id='block_1_81' title="bbox 1042 1762 1842 1801">
    <p class='ocr_par' dir='ltr' id='par_1_81' title="bbox 1042 1762 1842 1801">
     <span class='ocr_line' id='line_1_81' title="bbox 1042 1762 1842 1801; baseline -0.005 -9"><span class='ocrx_word' id='word_1_601' title='bbox 1042 1765 1156 1801; x_wconf 84' lang='grc' dir='ltr'>οὐδεμία</span> <span class='ocrx_word' id='word_1_602' title='bbox 1169 1765 1244 1792; x_wconf 72' lang='grc' dir='ltr'>αἰτία</span> <span class='ocrx_word' id='word_1_603' title='bbox 1262 1764 1301 1800; x_wconf 86' lang='grc' dir='ltr'>τῷ</span> <span class='ocrx_word' id='word_1_604' title='bbox 1314 1764 1408 1800; x_wconf 82' lang='grc' dir='ltr'>Πέτρῳ</span> <span class='ocrx_word' id='word_1_605' title='bbox 1419 1765 1607 1799; x_wconf 74' lang='grc' dir='ltr'>προσάπτεται</span> <span class='ocrx_word' id='word_1_606' title='bbox 1619 1770 1627 1778; x_wconf 79' lang='lat'><strong><em>‘</em></strong></span> <span class='ocrx_word' id='word_1_607' title='bbox 1642 1762 1707 1797; x_wconf 76' lang='grc' dir='ltr'><strong>ἐξῆν</strong></span> <span class='ocrx_word' id='word_1_608' title='bbox 1718 1762 1774 1796; x_wconf 88' lang='grc' dir='ltr'><strong>γὰρ</strong></span> <span class='ocrx_word' id='word_1_609' title='bbox 1790 1762 1842 1788; x_wconf 74' lang='grc' dir='ltr'>καὶ</span> 
     </span>
    </p>
   </div>
   <div class='ocr_carea' id='block_1_82' title="bbox 1046 1807 1843 1846">
    <p class='ocr_par' dir='ltr' id='par_1_82' title="bbox 1046 1807 1843 1846">
     <span class='ocr_line' id='line_1_82' title="bbox 1046 1807 1843 1846; baseline -0.005 -9"><span class='ocrx_word' id='word_1_610' title='bbox 1046 1811 1145 1842; x_wconf 82' lang='grc' dir='ltr'>αὐτοὺς</span> <span class='ocrx_word' id='word_1_611' title='bbox 1158 1811 1315 1846; x_wconf 76' lang='grc' dir='ltr'>ἑωρακότας</span> <span class='ocrx_word' id='word_1_612' title='bbox 1330 1810 1361 1836; x_wconf 74' lang='grc' dir='ltr'><strong>τὺ</strong></span> <span class='ocrx_word' id='word_1_613' title='bbox 1371 1810 1517 1844; x_wconf 82' lang='grc' dir='ltr'>γενόμενον</span> <span class='ocrx_word' id='word_1_614' title='bbox 1545 1809 1676 1843; x_wconf 72' lang='grc' dir='ltr'>ἐκφυγεῖν</span> <span class='ocrx_word' id='word_1_615' title='bbox 1689 1815 1695 1823; x_wconf 92' lang='grc'><strong>·</strong></span> <span class='ocrx_word' id='word_1_616' title='bbox 1722 1807 1760 1836; x_wconf 76' lang='grc' dir='ltr'>ὡς</span> <span class='ocrx_word' id='word_1_617' title='bbox 1791 1807 1843 1833; x_wconf 78' lang='grc' dir='ltr'>καὶ</span> 
     </span>
    </p>
   </div>
   <div class='ocr_carea' id='block_1_83' title="bbox 1044 1852 1840 1888">
    <p class='ocr_par' dir='ltr' id='par_1_83' title="bbox 1044 1852 1840 1888">
     <span class='ocr_line' id='line_1_83' title="bbox 1044 1852 1840 1888; baseline -0.005 -7"><span class='ocrx_word' id='word_1_618' title='bbox 1044 1854 1133 1881; x_wconf 77' lang='grc' dir='ltr'>πάντα</span> <span class='ocrx_word' id='word_1_619' title='bbox 1149 1854 1183 1880; x_wconf 80' lang='grc' dir='ltr'>τὰ</span> <span class='ocrx_word' id='word_1_620' title='bbox 1196 1854 1291 1880; x_wconf 79' lang='grc' dir='ltr'>παιδία</span> <span class='ocrx_word' id='word_1_621' title='bbox 1306 1853 1341 1880; x_wconf 78' lang='grc' dir='ltr'><strong>τὰ</strong></span> <span class='ocrx_word' id='word_1_622' title='bbox 1357 1854 1386 1880; x_wconf 83' lang='grc' dir='ltr'>ὲν</span> <span class='ocrx_word' id='word_1_623' title='bbox 1418 1853 1542 1888; x_wconf 72' lang='grc' dir='ltr'>Βηθλεὲμ</span> <span class='ocrx_word' id='word_1_624' title='bbox 1569 1853 1617 1880; x_wconf 79' lang='grc' dir='ltr'>καὶ</span> <span class='ocrx_word' id='word_1_625' title='bbox 1646 1853 1676 1878; x_wconf 86' lang='grc' dir='ltr'>ὲν</span> <span class='ocrx_word' id='word_1_626' title='bbox 1695 1853 1764 1879; x_wconf 79' lang='grc' dir='ltr'>πᾶσι</span> <span class='ocrx_word' id='word_1_627' title='bbox 1781 1852 1840 1883; x_wconf 83' lang='grc' dir='ltr'>τοῖς</span> 
     </span>
    </p>
   </div>
   <div class='ocr_carea' id='block_1_84' title="bbox 1044 1897 1844 1935">
    <p class='ocr_par' dir='ltr' id='par_1_84' title="bbox 1044 1897 1844 1935">
     <span class='ocr_line' id='line_1_84' title="bbox 1044 1897 1844 1935; baseline -0.004 -9"><span class='ocrx_word' id='word_1_628' title='bbox 1044 1900 1129 1934; x_wconf 80' lang='grc' dir='ltr'>ὁρίοις</span> <span class='ocrx_word' id='word_1_629' title='bbox 1142 1900 1238 1935; x_wconf 76' lang='grc' dir='ltr'>αὐτῆς,</span> <span class='ocrx_word' id='word_1_630' title='bbox 1256 1901 1279 1926; x_wconf 81' lang='lat' dir='ltr'><strong>sl</strong></span> <span class='ocrx_word' id='word_1_631' title='bbox 1295 1899 1464 1933; x_wconf 77' lang='grc' dir='ltr'>ἑγνὼκεισαν</span> <span class='ocrx_word' id='word_1_632' title='bbox 1480 1899 1504 1925; x_wconf 79' lang='grc' dir='ltr'>οἱ</span> <span class='ocrx_word' id='word_1_633' title='bbox 1521 1899 1611 1933; x_wconf 81' lang='grc' dir='ltr'>γονεῖς</span> <span class='ocrx_word' id='word_1_634' title='bbox 1624 1898 1714 1925; x_wconf 82' lang='grc' dir='ltr'>αὐτῶν</span> <span class='ocrx_word' id='word_1_635' title='bbox 1732 1898 1762 1924; x_wconf 79' lang='grc' dir='ltr'>τὸ</span> <span class='ocrx_word' id='word_1_636' title='bbox 1778 1897 1844 1932; x_wconf 84' lang='grc' dir='ltr'>μέλ-</span> 
     </span>
    </p>
   </div>
   <div class='ocr_carea' id='block_1_85' title="bbox 1044 1943 1844 1980">
    <p class='ocr_par' dir='ltr' id='par_1_85' title="bbox 1044 1943 1844 1980">
     <span class='ocr_line' id='line_1_85' title="bbox 1044 1943 1844 1980; baseline -0.001 -9"><span class='ocrx_word' id='word_1_637' title='bbox 1044 1945 1088 1971; x_wconf 66' lang='grc' dir='ltr'><strong>λον</strong></span> <span class='ocrx_word' id='word_1_638' title='bbox 1105 1945 1226 1976; x_wconf 77' lang='grc' dir='ltr'>ἔσεσθαι,</span> <span class='ocrx_word' id='word_1_639' title='bbox 1244 1944 1316 1980; x_wconf 74' lang='grc' dir='ltr'>ἅπερ</span> <span class='ocrx_word' id='word_1_640' title='bbox 1332 1944 1507 1979; x_wconf 78' lang='grc' dir='ltr'>ἀνῃρέθησαν</span> <span class='ocrx_word' id='word_1_641' title='bbox 1538 1944 1590 1970; x_wconf 72' lang='grc' dir='ltr'><strong>ὑπὸ</strong></span> <span class='ocrx_word' id='word_1_642' title='bbox 1616 1943 1664 1970; x_wconf 79' lang='grc' dir='ltr'><strong>τοῦ</strong></span> <span class='ocrx_word' id='word_1_643' title='bbox 1695 1943 1844 1979; x_wconf 79' lang='grc' dir='ltr'>μιαιφόνου</span> 
     </span>
    </p>
   </div>
   <div class='ocr_carea' id='block_1_86' title="bbox 1052 1989 1845 2026">
    <p class='ocr_par' dir='ltr' id='par_1_86' title="bbox 1052 1989 1845 2026">
     <span class='ocr_line' id='line_1_86' title="bbox 1052 1989 1845 2026; baseline -0.003 -8"><span class='ocrx_word' id='word_1_644' title='bbox 1052 1992 1173 2026; x_wconf 84' lang='grc' dir='ltr'>Ἡρώδου</span> <span class='ocrx_word' id='word_1_645' title='bbox 1186 1992 1231 2018; x_wconf 85' lang='grc' dir='ltr'><strong>διὰ</strong></span> <span class='ocrx_word' id='word_1_646' title='bbox 1241 1992 1271 2018; x_wconf 76' lang='grc' dir='ltr'><strong>τὸ</strong></span> <span class='ocrx_word' id='word_1_647' title='bbox 1286 1991 1333 2018; x_wconf 84' lang='grc' dir='ltr'><strong>ὑπ’</strong></span> <span class='ocrx_word' id='word_1_648' title='bbox 1346 1991 1430 2018; x_wconf 79' lang='grc' dir='ltr'>αὑτοῦ</span> <span class='ocrx_word' id='word_1_649' title='bbox 1447 1991 1615 2026; x_wconf 71' lang='grc' dir='ltr'>ζητούμενον</span> <span class='ocrx_word' id='word_1_650' title='bbox 1640 1989 1790 2017; x_wconf 77' lang='grc' dir='ltr'>ἀπολέσθαι</span> <span class='ocrx_word' id='word_1_651' title='bbox 1812 1989 1845 2017; x_wconf 75' lang='grc' dir='ltr'>ἓν</span> 
     </span>
    </p>
   </div>
   <div class='ocr_carea' id='block_1_87' title="bbox 1047 2035 1843 2071">
    <p class='ocr_par' dir='ltr' id='par_1_87' title="bbox 1047 2035 1843 2071">
     <span class='ocr_line' id='line_1_87' title="bbox 1047 2035 1843 2071; baseline -0.003 -8"><span class='ocrx_word' id='word_1_652' title='bbox 1047 2037 1165 2070; x_wconf 80' lang='grc' dir='ltr'>παιδίον,</span> <span class='ocrx_word' id='word_1_653' title='bbox 1185 2037 1253 2071; x_wconf 80' lang='grc' dir='ltr'>ὅπερ</span> <span class='ocrx_word' id='word_1_654' title='bbox 1267 2037 1314 2064; x_wconf 78' lang='grc' dir='ltr'>καὶ</span> <span class='ocrx_word' id='word_1_655' title='bbox 1323 2036 1389 2063; x_wconf 82' lang='grc' dir='ltr'>αὐτὸ</span> <span class='ocrx_word' id='word_1_656' title='bbox 1400 2035 1459 2063; x_wconf 83' lang='grc' dir='ltr'>κατ’</span> <span class='ocrx_word' id='word_1_657' title='bbox 1479 2036 1589 2071; x_wconf 79' lang='grc' dir='ltr'>ἐντολὴν</span> <span class='ocrx_word' id='word_1_658' title='bbox 1604 2035 1720 2070; x_wconf 76' lang='grc' dir='ltr'>ἀγγέλου</span> <span class='ocrx_word' id='word_1_659' title='bbox 1735 2035 1843 2070; x_wconf 78' lang='grc' dir='ltr'>Κυρίου</span> 
     </span>
    </p>
   </div>
   <div class='ocr_carea' id='block_1_88' title="bbox 1046 2081 1845 2118">
    <p class='ocr_par' dir='ltr' id='par_1_88' title="bbox 1046 2081 1845 2118">
     <span class='ocr_line' id='line_1_88' title="bbox 1046 2081 1845 2118; baseline -0.001 -9"><span class='ocrx_word' id='word_1_660' title='bbox 1046 2082 1189 2117; x_wconf 78' lang='grc' dir='ltr'>ἐξέφυγεν,</span> <span class='ocrx_word' id='word_1_661' title='bbox 1203 2083 1254 2118; x_wconf 67' lang='grc' dir='ltr'><strong>ἥδη</strong></span> <span class='ocrx_word' id='word_1_662' title='bbox 1270 2082 1423 2118; x_wconf 78' lang='grc' dir='ltr'>ἀρξάμενον</span> <span class='ocrx_word' id='word_1_663' title='bbox 1436 2081 1520 2114; x_wconf 78' lang='grc' dir='ltr'>ὀξέως</span> <span class='ocrx_word' id='word_1_664' title='bbox 1535 2082 1676 2109; x_wconf 82' lang='grc' dir='ltr'>σκυλεύειν</span> <span class='ocrx_word' id='word_1_665' title='bbox 1688 2081 1736 2108; x_wconf 71' lang='grc' dir='ltr'>καὶ</span> <span class='ocrx_word' id='word_1_666' title='bbox 1755 2081 1845 2114; x_wconf 71' lang='grc' dir='ltr'>ὀξέως</span> 
     </span>
    </p>
   </div>
   <div class='ocr_carea' id='block_1_89' title="bbox 1046 2130 1846 2167">
    <p class='ocr_par' dir='ltr' id='par_1_89' title="bbox 1046 2130 1846 2167">
     <span class='ocr_line' id='line_1_89' title="bbox 1046 2130 1846 2167; baseline -0.001 -10"><span class='ocrx_word' id='word_1_667' title='bbox 1046 2131 1236 2167; x_wconf 86' lang='grc' dir='ltr'>προνομεύειν,</span> <span class='ocrx_word' id='word_1_668' title='bbox 1251 2131 1322 2157; x_wconf 79' lang='grc' dir='ltr'>κατὰ</span> <span class='ocrx_word' id='word_1_669' title='bbox 1333 2131 1382 2166; x_wconf 83' lang='grc' dir='ltr'>τὴν</span> <span class='ocrx_word' id='word_1_670' title='bbox 1400 2131 1545 2166; x_wconf 73' lang='grc' dir='ltr'>ἐπίκλησιν</span> <span class='ocrx_word' id='word_1_671' title='bbox 1560 2130 1607 2157; x_wconf 83' lang='grc' dir='ltr'>τοῦ</span> <span class='ocrx_word' id='word_1_672' title='bbox 1627 2130 1770 2165; x_wconf 80' lang='grc' dir='ltr'>ὀνόματος,</span> <span class='ocrx_word' id='word_1_673' title='bbox 1791 2139 1846 2157; x_wconf 83' lang='grc' dir='ltr'>κα-</span> 
     </span>
    </p>
   </div>
   <div class='ocr_carea' id='block_1_90' title="bbox 1046 2175 1848 2213">
    <p class='ocr_par' dir='ltr' id='par_1_90' title="bbox 1046 2175 1848 2213">
     <span class='ocr_line' id='line_1_90' title="bbox 1046 2175 1848 2213; baseline -0.002 -9"><span class='ocrx_word' id='word_1_674' title='bbox 1046 2178 1099 2209; x_wconf 82' lang='grc' dir='ltr'><strong>θὼς</strong></span> <span class='ocrx_word' id='word_1_675' title='bbox 1118 2178 1284 2213; x_wconf 77' lang='grc' dir='ltr'>γέγραπται·</span> <span class='ocrx_word' id='word_1_676' title='bbox 1299 2177 1437 2204; x_wconf 76' lang='grc' dir='ltr'>Κάλεσον</span> <span class='ocrx_word' id='word_1_677' title='bbox 1450 2176 1484 2203; x_wconf 80' lang='grc' dir='ltr'>τὸ</span> <span class='ocrx_word' id='word_1_678' title='bbox 1498 2176 1593 2210; x_wconf 77' lang='grc' dir='ltr'>ὄνομα</span> <span class='ocrx_word' id='word_1_679' title='bbox 1607 2176 1711 2208; x_wconf 81' lang='grc' dir='ltr'>αὑτοῦ,</span> <span class='ocrx_word' id='word_1_680' title='bbox 1726 2175 1848 2210; x_wconf 80' lang='grc' dir='ltr'>ταχέως</span> 
     </span>
    </p>
   </div>
   <div class='ocr_carea' id='block_1_91' title="bbox 1045 2221 1849 2258">
    <p class='ocr_par' dir='ltr' id='par_1_91' title="bbox 1045 2221 1849 2258">
     <span class='ocr_line' id='line_1_91' title="bbox 1045 2221 1849 2258; baseline -0.002 -8"><span class='ocrx_word' id='word_1_681' title='bbox 1045 2224 1232 2255; x_wconf 76' lang='grc' dir='ltr'>σκύλευσον,</span> <span class='ocrx_word' id='word_1_682' title='bbox 1241 2223 1332 2256; x_wconf 75' lang='grc' dir='ltr'>ὀξέως</span> <span class='ocrx_word' id='word_1_683' title='bbox 1342 2223 1562 2258; x_wconf 72' lang='grc' dir='ltr'>προνόμευσονι</span> <span class='ocrx_word' id='word_1_684' title='bbox 1569 2223 1644 2250; x_wconf 81' lang='grc' dir='ltr'>διότι</span> <span class='ocrx_word' id='word_1_685' title='bbox 1652 2223 1723 2255; x_wconf 78' lang='grc' dir='ltr'>πρὶν</span> <span class='ocrx_word' id='word_1_686' title='bbox 1731 2221 1849 2256; x_wconf 73' lang='grc' dir='ltr'>γνῶναι</span> 
     </span>
    </p>
   </div>
   <div class='ocr_carea' id='block_1_92' title="bbox 196 2267 988 2312">
    <p class='ocr_par' dir='ltr' id='par_1_92' title="bbox 196 2267 988 2303">
     <span class='ocr_line' id='line_1_92' title="bbox 196 2267 988 2303; baseline 0.004 -11"><span class='ocrx_word' id='word_1_687' title='bbox 196 2274 285 2294; x_wconf 77' lang='lat' dir='ltr'><strong>coram</strong></span> <span class='ocrx_word' id='word_1_688' title='bbox 297 2274 353 2301; x_wconf 87' lang='lat' dir='ltr'><strong>rege</strong></span> <span class='ocrx_word' id='word_1_689' title='bbox 359 2267 527 2301; x_wconf 70' lang='lat' dir='ltr'><strong>Assyriorum</strong></span> <span class='ocrx_word' id='word_1_690' title='bbox 537 2268 570 2294; x_wconf 75' lang='grc'><strong>⁵⁸.</strong></span> <span class='ocrx_word' id='word_1_691' title='bbox 580 2267 649 2302; x_wconf 80' lang='lat' dir='ltr'><strong>Magi</strong></span> <span class='ocrx_word' id='word_1_692' title='bbox 661 2275 736 2303; x_wconf 81' lang='lat' dir='ltr'><strong>ergo,</strong></span> <span class='ocrx_word' id='word_1_693' title='bbox 745 2267 836 2302; x_wconf 84' lang='lat' dir='ltr'><strong>utjam</strong></span> <span class='ocrx_word' id='word_1_694' title='bbox 846 2269 953 2302; x_wconf 86' lang='lat' dir='ltr'><strong>spoliati</strong></span> <span class='ocrx_word' id='word_1_695' title='bbox 966 2274 988 2296; x_wconf 90' lang='lat' dir='ltr'><strong>et</strong></span> 
     </span>
    </p>
   </div>
   <div class='ocr_carea' id='block_1_93' title="bbox 1043 2267 1848 2312">
    <p class='ocr_par' dir='ltr' id='par_1_93' title="bbox 1047 2267 1848 2304">
     <span class='ocr_line' id='line_1_93' title="bbox 1047 2267 1848 2304; baseline -0.002 -8"><span class='ocrx_word' id='word_1_696' title='bbox 1047 2268 1153 2296; x_wconf 61' lang='grc' dir='ltr'>κακιεῖν</span> <span class='ocrx_word' id='word_1_697' title='bbox 1160 2269 1193 2296; x_wconf 86' lang='grc' dir='ltr'>τὸ</span> <span class='ocrx_word' id='word_1_698' title='bbox 1203 2269 1325 2295; x_wconf 81' lang='grc' dir='ltr'>παιδίον</span> <span class='ocrx_word' id='word_1_699' title='bbox 1332 2268 1469 2302; x_wconf 77' lang='grc' dir='ltr'>πατέραῆ</span> <span class='ocrx_word' id='word_1_700' title='bbox 1478 2268 1602 2303; x_wconf 73' lang='grc' dir='ltr'>μητέρα,</span> <span class='ocrx_word' id='word_1_701' title='bbox 1613 2268 1743 2304; x_wconf 74' lang='grc' dir='ltr'>λήψεται</span> <span class='ocrx_word' id='word_1_702' title='bbox 1751 2267 1848 2297; x_wconf 80' lang='grc' dir='ltr'>δύνα-</span> 
     </span>
    </p>
   </div>
   <div class='ocr_carea' id='block_1_94' title="bbox 196 2312 991 2349">
    <p class='ocr_par' dir='ltr' id='par_1_94' title="bbox 196 2312 991 2349">
     <span class='ocr_line' id='line_1_94' title="bbox 196 2312 991 2349; baseline 0.004 -12"><span class='ocrx_word' id='word_1_703' title='bbox 196 2313 410 2346; x_wconf 72' lang='lat' dir='ltr'><strong>przedationibus</strong></span> <span class='ocrx_word' id='word_1_704' title='bbox 427 2312 558 2347; x_wconf 82' lang='lat' dir='ltr'><strong>infestati,</strong></span> <span class='ocrx_word' id='word_1_705' title='bbox 572 2313 703 2341; x_wconf 79' lang='lat' dir='ltr'><strong>infantem</strong></span> <span class='ocrx_word' id='word_1_706' title='bbox 727 2314 868 2341; x_wconf 84' lang='lat' dir='ltr'><strong>humiliter</strong></span> <span class='ocrx_word' id='word_1_707' title='bbox 885 2320 911 2342; x_wconf 86' lang='lat' dir='ltr'><strong>et</strong></span> <span class='ocrx_word' id='word_1_708' title='bbox 927 2323 991 2349; x_wconf 88' lang='lat' dir='ltr'><strong>sup-</strong></span> 
     </span>
    </p>
   </div>
   <div class='ocr_carea' id='block_1_95' title="bbox 196 2358 990 2394">
    <p class='ocr_par' dir='ltr' id='par_1_95' title="bbox 196 2358 990 2394">
     <span class='ocr_line' id='line_1_95' title="bbox 196 2358 990 2394; baseline 0.003 -10"><span class='ocrx_word' id='word_1_709' title='bbox 196 2358 303 2392; x_wconf 79' lang='lat' dir='ltr'><strong>pliciter</strong></span> <span class='ocrx_word' id='word_1_710' title='bbox 325 2359 453 2393; x_wconf 86' lang='lat' dir='ltr'><strong>adorant,</strong></span> <span class='ocrx_word' id='word_1_711' title='bbox 470 2359 614 2386; x_wconf 84' lang='lat' dir='ltr'><strong>thesauros</strong></span> <span class='ocrx_word' id='word_1_712' title='bbox 639 2368 704 2389; x_wconf 90' lang='lat' dir='ltr'><strong>suos</strong></span> <span class='ocrx_word' id='word_1_713' title='bbox 730 2361 891 2394; x_wconf 75' lang='lat' dir='ltr'><strong>aperientes,</strong></span> <span class='ocrx_word' id='word_1_714' title='bbox 916 2364 944 2387; x_wconf 89' lang='lat' dir='ltr'><strong>et</strong></span> <span class='ocrx_word' id='word_1_715' title='bbox 967 2361 990 2388; x_wconf 87' lang='lat' dir='ltr'><strong>ei</strong></span> 
     </span>
    </p>
   </div>
   <div class='ocr_carea' id='block_1_96' title="bbox 196 2403 991 2442">
    <p class='ocr_par' dir='ltr' id='par_1_96' title="bbox 196 2403 991 2442">
     <span class='ocr_line' id='line_1_96' title="bbox 196 2403 991 2442; baseline 0.004 -12"><span class='ocrx_word' id='word_1_716' title='bbox 196 2403 344 2432; x_wconf 78' lang='lat' dir='ltr'><strong>oll‘ereutes</strong></span> <span class='ocrx_word' id='word_1_717' title='bbox 369 2405 486 2433; x_wconf 72' lang='lat' dir='ltr'><strong>maxime</strong></span> <span class='ocrx_word' id='word_1_718' title='bbox 513 2411 668 2441; x_wconf 84' lang='lat' dir='ltr'><strong>opportuna</strong></span> <span class='ocrx_word' id='word_1_719' title='bbox 693 2410 719 2433; x_wconf 87' lang='lat' dir='ltr'><strong>et</strong></span> <span class='ocrx_word' id='word_1_720' title='bbox 744 2406 885 2442; x_wconf 75' lang='lat' dir='ltr'><strong>magniﬁca</strong></span> <span class='ocrx_word' id='word_1_721' title='bbox 909 2407 991 2439; x_wconf 84' lang='lat' dir='ltr'><strong>dona,</strong></span> 
     </span>
    </p>
   </div>
   <div class='ocr_carea' id='block_1_97' title="bbox 195 2449 994 2486">
    <p class='ocr_par' dir='ltr' id='par_1_97' title="bbox 195 2449 994 2486">
     <span class='ocr_line' id='line_1_97' title="bbox 195 2449 994 2486; baseline 0.001 -9"><span class='ocrx_word' id='word_1_722' title='bbox 195 2456 292 2477; x_wconf 77' lang='lat' dir='ltr'><strong>nurum</strong></span> <span class='ocrx_word' id='word_1_723' title='bbox 309 2453 337 2476; x_wconf 87' lang='lat' dir='ltr'><strong>et</strong></span> <span class='ocrx_word' id='word_1_724' title='bbox 358 2449 423 2477; x_wconf 88' lang='lat' dir='ltr'><strong>thus</strong></span> <span class='ocrx_word' id='word_1_725' title='bbox 446 2455 473 2478; x_wconf 90' lang='lat' dir='ltr'><strong>et</strong></span> <span class='ocrx_word' id='word_1_726' title='bbox 497 2451 635 2485; x_wconf 81' lang='lat' dir='ltr'><strong>myrrham</strong></span> <span class='ocrx_word' id='word_1_727' title='bbox 654 2450 688 2484; x_wconf 77' lang='grc'><strong>⁸⁸,</strong></span> <span class='ocrx_word' id='word_1_728' title='bbox 712 2455 741 2478; x_wconf 88' lang='lat' dir='ltr'><strong>ut</strong></span> <span class='ocrx_word' id='word_1_729' title='bbox 766 2452 822 2486; x_wconf 81' lang='lat' dir='ltr'><strong>regi</strong></span> <span class='ocrx_word' id='word_1_730' title='bbox 846 2456 873 2479; x_wconf 88' lang='lat' dir='ltr'><strong>et</strong></span> <span class='ocrx_word' id='word_1_731' title='bbox 897 2451 952 2479; x_wconf 90' lang='lat' dir='ltr'><strong>Deo</strong></span> <span class='ocrx_word' id='word_1_732' title='bbox 966 2457 994 2479; x_wconf 88' lang='lat' dir='ltr'><strong>et</strong></span> 
     </span>
    </p>
   </div>
   <div class='ocr_carea' id='block_1_98' title="bbox 196 2494 991 2532">
    <p class='ocr_par' dir='ltr' id='par_1_98' title="bbox 196 2494 991 2532">
     <span class='ocr_line' id='line_1_98' title="bbox 196 2494 991 2532; baseline 0.005 -11"><span class='ocrx_word' id='word_1_733' title='bbox 196 2494 300 2523; x_wconf 87' lang='lat' dir='ltr'><strong>homini</strong></span> <span class='ocrx_word' id='word_1_734' title='bbox 315 2504 322 2522; x_wconf 90' lang='lat'><strong>:</strong></span> <span class='ocrx_word' id='word_1_735' title='bbox 336 2495 408 2523; x_wconf 83' lang='lat' dir='ltr'><strong>unde</strong></span> <span class='ocrx_word' id='word_1_736' title='bbox 422 2496 456 2524; x_wconf 87' lang='lat' dir='ltr'><strong>ad</strong></span> <span class='ocrx_word' id='word_1_737' title='bbox 473 2504 562 2531; x_wconf 75' lang='lat' dir='ltr'><strong>regem</strong></span> <span class='ocrx_word' id='word_1_738' title='bbox 583 2496 724 2532; x_wconf 84' lang='lat' dir='ltr'><strong>Assyrium</strong></span> <span class='ocrx_word' id='word_1_739' title='bbox 741 2505 794 2524; x_wconf 87' lang='lat' dir='ltr'><strong>non</strong></span> <span class='ocrx_word' id='word_1_740' title='bbox 812 2497 930 2532; x_wconf 82' lang='lat' dir='ltr'><strong>amplius</strong></span> <span class='ocrx_word' id='word_1_741' title='bbox 947 2506 991 2525; x_wconf 90' lang='lat' dir='ltr'><strong>re-</strong></span> 
     </span>
    </p>
   </div>
   <div class='ocr_carea' id='block_1_99' title="bbox 194 2540 992 2578">
    <p class='ocr_par' dir='ltr' id='par_1_99' title="bbox 194 2540 992 2578">
     <span class='ocr_line' id='line_1_99' title="bbox 194 2540 992 2578; baseline 0.005 -12"><span class='ocrx_word' id='word_1_742' title='bbox 194 2540 263 2567; x_wconf 84' lang='lat' dir='ltr'><strong>verti</strong></span> <span class='ocrx_word' id='word_1_743' title='bbox 282 2540 438 2573; x_wconf 86' lang='lat' dir='ltr'><strong>voluerunt,</strong></span> <span class='ocrx_word' id='word_1_744' title='bbox 454 2549 470 2568; x_wconf 93' lang='lat' dir='ltr'><strong>a</strong></span> <span class='ocrx_word' id='word_1_745' title='bbox 491 2541 666 2569; x_wconf 83' lang='lat' dir='ltr'><strong>Providentia</strong></span> <span class='ocrx_word' id='word_1_746' title='bbox 681 2542 765 2569; x_wconf 85' lang='lat' dir='ltr'><strong>vetiti.</strong></span> <span class='ocrx_word' id='word_1_747' title='bbox 789 2542 871 2578; x_wconf 67' lang='grc'><strong>455</strong></span> <span class='ocrx_word' id='word_1_748' title='bbox 888 2543 992 2570; x_wconf 82' lang='lat' dir='ltr'><strong>Divini-</strong></span> 
     </span>
    </p>
   </div>
   <div class='ocr_carea' id='block_1_100' title="bbox 195 2586 996 2624">
    <p class='ocr_par' dir='ltr' id='par_1_100' title="bbox 195 2586 996 2624">
     <span class='ocr_line' id='line_1_100' title="bbox 195 2586 996 2624; baseline 0.005 -11"><span class='ocrx_word' id='word_1_749' title='bbox 195 2592 237 2614; x_wconf 80' lang='lat' dir='ltr'><strong>tus</strong></span> <span class='ocrx_word' id='word_1_750' title='bbox 252 2586 326 2614; x_wconf 88' lang='lat' dir='ltr'><strong>enim</strong></span> <span class='ocrx_word' id='word_1_751' title='bbox 346 2587 488 2621; x_wconf 81' lang='lat' dir='ltr'><strong>admoniti,</strong></span> <span class='ocrx_word' id='word_1_752' title='bbox 509 2589 609 2624; x_wconf 88' lang='lat' dir='ltr'><strong>inquit,</strong></span> <span class='ocrx_word' id='word_1_753' title='bbox 627 2590 655 2616; x_wconf 83' lang='lat' dir='ltr'><strong>in</strong></span> <span class='ocrx_word' id='word_1_754' title='bbox 674 2590 775 2617; x_wconf 81' lang='lat' dir='ltr'><strong>somnio</strong></span> <span class='ocrx_word' id='word_1_755' title='bbox 789 2598 820 2617; x_wconf 88' lang='lat' dir='ltr'><strong>ne</strong></span> <span class='ocrx_word' id='word_1_756' title='bbox 836 2595 996 2618; x_wconf 72' lang='lat' dir='ltr'><strong>reverteren-</strong></span> 
     </span>
    </p>
   </div>
   <div class='ocr_carea' id='block_1_101' title="bbox 195 2633 996 2671">
    <p class='ocr_par' dir='ltr' id='par_1_101' title="bbox 195 2633 996 2671">
     <span class='ocr_line' id='line_1_101' title="bbox 195 2633 996 2671; baseline 0.004 -11"><span class='ocrx_word' id='word_1_757' title='bbox 195 2640 239 2662; x_wconf 85' lang='lat' dir='ltr'><strong>tur</strong></span> <span class='ocrx_word' id='word_1_758' title='bbox 254 2634 289 2661; x_wconf 77' lang='lat' dir='ltr'><strong>ud</strong></span> <span class='ocrx_word' id='word_1_759' title='bbox 312 2633 463 2668; x_wconf 81' lang='lat' dir='ltr'><strong>Herodem,</strong></span> <span class='ocrx_word' id='word_1_760' title='bbox 487 2643 533 2670; x_wconf 88' lang='lat' dir='ltr'><strong>per</strong></span> <span class='ocrx_word' id='word_1_761' title='bbox 547 2636 632 2662; x_wconf 88' lang='lat' dir='ltr'><strong>aliam</strong></span> <span class='ocrx_word' id='word_1_762' title='bbox 658 2637 727 2663; x_wconf 81' lang='lat' dir='ltr'><strong>viam</strong></span> <span class='ocrx_word' id='word_1_763' title='bbox 748 2637 861 2671; x_wconf 83' lang='lat' dir='ltr'><strong>regressi</strong></span> <span class='ocrx_word' id='word_1_764' title='bbox 885 2643 947 2663; x_wconf 85' lang='lat' dir='ltr'><strong>sunt</strong></span> <span class='ocrx_word' id='word_1_765' title='bbox 969 2638 996 2663; x_wconf 84' lang='lat' dir='ltr'><strong>in</strong></span> 
     </span>
    </p>
   </div>
   <div class='ocr_carea' id='block_1_102' title="bbox 195 2680 996 2717">
    <p class='ocr_par' dir='ltr' id='par_1_102' title="bbox 195 2680 996 2717">
     <span class='ocr_line' id='line_1_102' title="bbox 195 2680 996 2717; baseline 0.004 -10"><span class='ocrx_word' id='word_1_766' title='bbox 195 2680 329 2714; x_wconf 80' lang='lat' dir='ltr'><strong>reyionem</strong></span> <span class='ocrx_word' id='word_1_767' title='bbox 348 2689 436 2709; x_wconf 81' lang='lat' dir='ltr'><strong>suam.</strong></span> <span class='ocrx_word' id='word_1_768' title='bbox 456 2681 531 2709; x_wconf 87' lang='lat' dir='ltr'><strong>Unde</strong></span> <span class='ocrx_word' id='word_1_769' title='bbox 555 2689 616 2709; x_wconf 88' lang='lat' dir='ltr'><strong>cum</strong></span> <span class='ocrx_word' id='word_1_770' title='bbox 633 2682 746 2710; x_wconf 83' lang='lat' dir='ltr'><strong>vidisset</strong></span> <span class='ocrx_word' id='word_1_771' title='bbox 769 2683 996 2717; x_wconf 78' lang='lat' dir='ltr'><strong>sanguinolentus</strong></span> 
     </span>
    </p>
   </div>
   <div class='ocr_carea' id='block_1_103' title="bbox 195 2725 989 2763">
    <p class='ocr_par' dir='ltr' id='par_1_103' title="bbox 195 2725 989 2763">
     <span class='ocr_line' id='line_1_103' title="bbox 195 2725 989 2763; baseline 0.006 -12"><span class='ocrx_word' id='word_1_772' title='bbox 195 2725 317 2755; x_wconf 84' lang='lat' dir='ltr'><strong>Herodes</strong></span> <span class='ocrx_word' id='word_1_773' title='bbox 333 2735 363 2755; x_wconf 91' lang='lat' dir='ltr'><strong>se</strong></span> <span class='ocrx_word' id='word_1_774' title='bbox 376 2735 391 2754; x_wconf 88' lang='lat' dir='ltr'><strong>a</strong></span> <span class='ocrx_word' id='word_1_775' title='bbox 416 2727 502 2763; x_wconf 77' lang='lat' dir='ltr'><strong>magis</strong></span> <span class='ocrx_word' id='word_1_776' title='bbox 526 2729 648 2762; x_wconf 88' lang='lat' dir='ltr'><strong>illusum,</strong></span> <span class='ocrx_word' id='word_1_777' title='bbox 664 2729 743 2756; x_wconf 86' lang='lat' dir='ltr'><strong>valde</strong></span> <span class='ocrx_word' id='word_1_778' title='bbox 759 2729 809 2756; x_wconf 80' lang='lat' dir='ltr'><strong>fuit</strong></span> <span class='ocrx_word' id='word_1_779' title='bbox 824 2734 989 2757; x_wconf 85' lang='lat' dir='ltr'><strong>commotus.</strong></span> 
     </span>
    </p>
   </div>
   <div class='ocr_carea' id='block_1_104' title="bbox 195 2771 992 2812">
    <p class='ocr_par' dir='ltr' id='par_1_104' title="bbox 195 2771 992 2812">
     <span class='ocr_line' id='line_1_104' title="bbox 195 2771 992 2812; baseline 0.005 -13"><span class='ocrx_word' id='word_1_780' title='bbox 195 2771 231 2799; x_wconf 79' lang='lat' dir='ltr'><strong>Et</strong></span> <span class='ocrx_word' id='word_1_781' title='bbox 245 2773 362 2807; x_wconf 79' lang='lat' dir='ltr'><strong>mittens,</strong></span> <span class='ocrx_word' id='word_1_782' title='bbox 375 2774 473 2810; x_wconf 85' lang='lat' dir='ltr'><strong>inquit,</strong></span> <span class='ocrx_word' id='word_1_783' title='bbox 484 2775 617 2810; x_wconf 78' lang='lat' dir='ltr'><strong>interfecit</strong></span> <span class='ocrx_word' id='word_1_784' title='bbox 633 2783 721 2804; x_wconf 83' lang='lat' dir='ltr'><strong>omnes</strong></span> <span class='ocrx_word' id='word_1_785' title='bbox 734 2776 849 2811; x_wconf 80' lang='lat' dir='ltr'><strong>infantes</strong></span> <span class='ocrx_word' id='word_1_786' title='bbox 860 2777 906 2812; x_wconf 86' lang='lat' dir='ltr'><strong>qui</strong></span> <span class='ocrx_word' id='word_1_787' title='bbox 917 2782 992 2804; x_wconf 84' lang='lat' dir='ltr'><strong>erant</strong></span> 
     </span>
    </p>
   </div>
   <div class='ocr_carea' id='block_1_105' title="bbox 237 2865 780 2908">
    <p class='ocr_par' dir='ltr' id='par_1_105' title="bbox 237 2865 780 2908">
     <span class='ocr_line' id='line_1_105' title="bbox 237 2865 780 2908; baseline 0 -6"><span class='ocrx_word' id='word_1_788' title='bbox 237 2865 361 2908; x_wconf 46' lang='lat'><strong>&quot;3&quot;)&quot;:</strong></span> <span class='ocrx_word' id='word_1_789' title='bbox 372 2874 447 2908; x_wconf 19' lang='lat' dir='ltr'><strong>VH&quot;:</strong></span> <span class='ocrx_word' id='word_1_790' title='bbox 463 2869 480 2897; x_wconf 83' lang='grc'>8</span> <span class='ocrx_word' id='word_1_791' title='bbox 506 2874 528 2891; x_wconf 76' lang='grc'><strong>³⁸</strong></span> <span class='ocrx_word' id='word_1_792' title='bbox 545 2876 605 2902; x_wconf 78' lang='lat' dir='ltr'><strong>Aet.</strong></span> <span class='ocrx_word' id='word_1_793' title='bbox 621 2883 685 2908; x_wconf 71' lang='lat' dir='ltr'><strong>xrn,</strong></span> <span class='ocrx_word' id='word_1_794' title='bbox 696 2876 721 2907; x_wconf 81' lang='lat'><strong>9,</strong></span> <span class='ocrx_word' id='word_1_795' title='bbox 739 2875 780 2902; x_wconf 85' lang='lat' dir='ltr'><strong>lO.</strong></span> 
     </span>
    </p>
   </div>
   <div class='ocr_carea' id='block_1_106' title="bbox 200 2902 649 2939">
    <p class='ocr_par' dir='ltr' id='par_1_106' title="bbox 200 2902 649 2939">
     <span class='ocr_line' id='line_1_106' title="bbox 200 2902 649 2939; baseline 0.011 -5"><span class='ocrx_word' id='word_1_796' title='bbox 200 2902 243 2935; x_wconf 84' lang='lat' dir='ltr'><strong>t8.</strong></span> <span class='ocrx_word' id='word_1_797' title='bbox 263 2903 304 2932; x_wconf 68' lang='lat' dir='ltr'><strong>l9.</strong></span> <span class='ocrx_word' id='word_1_798' title='bbox 357 2906 380 2924; x_wconf 75' lang='lat'><strong>&quot;</strong></span> <span class='ocrx_word' id='word_1_799' title='bbox 399 2909 491 2938; x_wconf 80' lang='lat' dir='ltr'><strong>Matth.</strong></span> <span class='ocrx_word' id='word_1_800' title='bbox 505 2918 534 2939; x_wconf 84' lang='grc' dir='ltr'><strong>ιι,</strong></span> <span class='ocrx_word' id='word_1_801' title='bbox 559 2911 649 2938; x_wconf 81' lang='grc'><strong>15-16.</strong></span> 
     </span>
    </p>
   </div>
   <div class='ocr_carea' id='block_1_107' title="bbox 700 2912 944 2944">
    <p class='ocr_par' dir='ltr' id='par_1_107' title="bbox 700 2912 944 2944">
     <span class='ocr_line' id='line_1_107' title="bbox 700 2912 944 2944; baseline -0.004 -5"><span class='ocrx_word' id='word_1_802' title='bbox 700 2912 720 2927; x_wconf 62' lang='grc'><strong>⁵³</strong></span> <span class='ocrx_word' id='word_1_803' title='bbox 737 2912 788 2942; x_wconf 75' lang='lat' dir='ltr'><strong>lsu.</strong></span> <span class='ocrx_word' id='word_1_804' title='bbox 805 2919 863 2942; x_wconf 74' lang='lat' dir='ltr'><strong>vin.</strong></span> <span class='ocrx_word' id='word_1_805' title='bbox 878 2912 905 2944; x_wconf 81' lang='grc'>5,</span> <span class='ocrx_word' id='word_1_806' title='bbox 919 2912 944 2938; x_wconf 71' lang='lat' dir='ltr'><strong>-’t.</strong></span> 
     </span>
    </p>
   </div>
   <div class='ocr_carea' id='block_1_108' title="bbox 849 2875 1133 2906">
    <p class='ocr_par' dir='ltr' id='par_1_108' title="bbox 849 2875 1133 2906">
     <span class='ocr_line' id='line_1_108' title="bbox 849 2875 1133 2906; baseline 0.007 -4"><span class='ocrx_word' id='word_1_807' title='bbox 849 2876 870 2891; x_wconf 81' lang='grc'><strong>¹²⁸</strong></span> <span class='ocrx_word' id='word_1_808' title='bbox 887 2876 946 2903; x_wconf 80' lang='lat' dir='ltr'><strong>Act.</strong></span> <span class='ocrx_word' id='word_1_809' title='bbox 964 2884 1020 2906; x_wconf 67' lang='lat' dir='ltr'><strong>xix.</strong></span> <span class='ocrx_word' id='word_1_810' title='bbox 1037 2875 1133 2906; x_wconf 69' lang='lat'><strong>26-50.</strong></span> 
     </span>
    </p>
   </div>
   <div class='ocr_carea' id='block_1_109' title="bbox 994 2912 1314 2945">
    <p class='ocr_par' dir='ltr' id='par_1_109' title="bbox 994 2912 1314 2945">
     <span class='ocr_line' id='line_1_109' title="bbox 994 2912 1314 2945; baseline -0.003 -6"><span class='ocrx_word' id='word_1_811' title='bbox 994 2912 1016 2928; x_wconf 75' lang='grc'><strong>⁸³</strong></span> <span class='ocrx_word' id='word_1_812' title='bbox 1032 2912 1126 2939; x_wconf 83' lang='lat' dir='ltr'><strong>Matth.</strong></span> <span class='ocrx_word' id='word_1_813' title='bbox 1143 2919 1172 2945; x_wconf 88' lang='lat' dir='ltr'><strong>tt,</strong></span> <span class='ocrx_word' id='word_1_814' title='bbox 1195 2912 1286 2938; x_wconf 72' lang='lat'><strong>11-15.</strong></span> <span class='ocrx_word' id='word_1_815' title='bbox 1312 2918 1314 2921; x_wconf 88' lang='lat'>&#39;</span> 
     </span>
    </p>
   </div>
   <div class='ocr_carea' id='block_1_110' title="bbox 1044 2314 1852 2350">
    <p class='ocr_par' dir='ltr' id='par_1_110' title="bbox 1044 2314 1852 2350">
     <span class='ocr_line' id='line_1_110' title="bbox 1044 2314 1852 2350; baseline 0.002 -10"><span class='ocrx_word' id='word_1_816' title='bbox 1044 2323 1098 2349; x_wconf 79' lang='grc' dir='ltr'><strong>μιν</strong></span> <span class='ocrx_word' id='word_1_817' title='bbox 1107 2314 1246 2350; x_wconf 80' lang='grc' dir='ltr'>Διιμασκο</span> <span class='ocrx_word' id='word_1_818' title='bbox 1254 2314 1281 2348; x_wconf 84' lang='grc' dir='ltr'>ὗ,</span> <span class='ocrx_word' id='word_1_819' title='bbox 1303 2314 1401 2342; x_wconf 78' lang='grc' dir='ltr'>καὶτὰ</span> <span class='ocrx_word' id='word_1_820' title='bbox 1418 2315 1521 2342; x_wconf 77' lang='grc' dir='ltr'>σκύλα</span> <span class='ocrx_word' id='word_1_821' title='bbox 1538 2314 1716 2349; x_wconf 80' lang='grc' dir='ltr'>Σαμαρείας,</span> <span class='ocrx_word' id='word_1_822' title='bbox 1739 2314 1852 2342; x_wconf 69' lang='grc' dir='ltr'>ἔναντι</span> 
     </span>
    </p>
   </div>
   <div class='ocr_carea' id='block_1_111' title="bbox 1045 2360 1852 2396">
    <p class='ocr_par' dir='ltr' id='par_1_111' title="bbox 1045 2360 1852 2396">
     <span class='ocr_line' id='line_1_111' title="bbox 1045 2360 1852 2396; baseline 0 -9"><span class='ocrx_word' id='word_1_823' title='bbox 1045 2360 1202 2394; x_wconf 72' lang='grc' dir='ltr'>,ϐασιλέως</span> <span class='ocrx_word' id='word_1_824' title='bbox 1213 2361 1402 2396; x_wconf 78' lang='grc' dir='ltr'>Ἀσσυρίων·</span> <span class='ocrx_word' id='word_1_825' title='bbox 1420 2361 1445 2386; x_wconf 79' lang='grc' dir='ltr'>οε</span> <span class='ocrx_word' id='word_1_826' title='bbox 1469 2360 1535 2394; x_wconf 74' lang='grc' dir='ltr'>γοῦν</span> <span class='ocrx_word' id='word_1_827' title='bbox 1560 2361 1643 2394; x_wconf 84' lang='grc' dir='ltr'>μάγοι</span> <span class='ocrx_word' id='word_1_828' title='bbox 1653 2360 1690 2392; x_wconf 51' lang='grc' dir='ltr'><strong>ἀίς</strong></span> <span class='ocrx_word' id='word_1_829' title='bbox 1711 2360 1760 2396; x_wconf 70' lang='grc' dir='ltr'><strong>ἤδη</strong></span> <span class='ocrx_word' id='word_1_830' title='bbox 1777 2369 1852 2387; x_wconf 82' lang='grc' dir='ltr'>σκυ-</span> 
     </span>
    </p>
   </div>
   <div class='ocr_carea' id='block_1_112' title="bbox 1047 2405 1852 2441">
    <p class='ocr_par' dir='ltr' id='par_1_112' title="bbox 1047 2405 1852 2441">
     <span class='ocr_line' id='line_1_112' title="bbox 1047 2405 1852 2441; baseline -0.001 -8"><span class='ocrx_word' id='word_1_831' title='bbox 1047 2407 1186 2438; x_wconf 83' lang='grc' dir='ltr'>λευθέντες</span> <span class='ocrx_word' id='word_1_832' title='bbox 1206 2406 1254 2434; x_wconf 72' lang='grc' dir='ltr'>καὶ</span> <span class='ocrx_word' id='word_1_833' title='bbox 1272 2406 1514 2441; x_wconf 78' lang='grc' dir='ltr'>προνομευοέντες,</span> <span class='ocrx_word' id='word_1_834' title='bbox 1542 2405 1771 2439; x_wconf 71' lang='grc' dir='ltr'>ὑποτεταγμένοις</span> <span class='ocrx_word' id='word_1_835' title='bbox 1795 2406 1852 2432; x_wconf 77' lang='grc' dir='ltr'>καὶ</span> 
     </span>
    </p>
   </div>
   <div class='ocr_carea' id='block_1_113' title="bbox 1047 2451 1852 2488">
    <p class='ocr_par' dir='ltr' id='par_1_113' title="bbox 1047 2451 1852 2488">
     <span class='ocr_line' id='line_1_113' title="bbox 1047 2451 1852 2488; baseline -0.002 -9"><span class='ocrx_word' id='word_1_836' title='bbox 1047 2452 1198 2488; x_wconf 82' lang='grc' dir='ltr'>τιμητικῶς</span> <span class='ocrx_word' id='word_1_837' title='bbox 1212 2451 1397 2488; x_wconf 77' lang='grc' dir='ltr'>προσκυνοῦσι</span> <span class='ocrx_word' id='word_1_838' title='bbox 1411 2451 1448 2486; x_wconf 86' lang='grc' dir='ltr'>τῷ</span> <span class='ocrx_word' id='word_1_839' title='bbox 1465 2451 1574 2486; x_wconf 81' lang='grc' dir='ltr'>παιδίῳ,</span> <span class='ocrx_word' id='word_1_840' title='bbox 1590 2451 1746 2485; x_wconf 84' lang='grc' dir='ltr'>ἀνοίγοντες</span> <span class='ocrx_word' id='word_1_841' title='bbox 1778 2452 1852 2483; x_wconf 76' lang='grc' dir='ltr'>τοὺς</span> 
     </span>
    </p>
   </div>
   <div class='ocr_carea' id='block_1_114' title="bbox 1048 2496 1852 2534">
    <p class='ocr_par' dir='ltr' id='par_1_114' title="bbox 1048 2496 1852 2534">
     <span class='ocr_line' id='line_1_114' title="bbox 1048 2496 1852 2534; baseline -0.004 -9"><span class='ocrx_word' id='word_1_842' title='bbox 1048 2499 1201 2534; x_wconf 78' lang='grc' dir='ltr'>ῡησαυροὺς</span> <span class='ocrx_word' id='word_1_843' title='bbox 1215 2498 1314 2529; x_wconf 79' lang='grc' dir='ltr'>αὐτῶν,</span> <span class='ocrx_word' id='word_1_844' title='bbox 1343 2499 1390 2525; x_wconf 74' lang='grc' dir='ltr'>καὶ</span> <span class='ocrx_word' id='word_1_845' title='bbox 1412 2498 1613 2532; x_wconf 78' lang='grc' dir='ltr'>προσφέροντες</span> <span class='ocrx_word' id='word_1_846' title='bbox 1627 2496 1703 2531; x_wconf 80' lang='grc' dir='ltr'><strong>αὑτῷ</strong></span> <span class='ocrx_word' id='word_1_847' title='bbox 1727 2497 1852 2532; x_wconf 86' lang='grc' dir='ltr'>καιριώ-</span> 
     </span>
    </p>
   </div>
   <div class='ocr_carea' id='block_1_115' title="bbox 1051 2542 1852 2579">
    <p class='ocr_par' dir='ltr' id='par_1_115' title="bbox 1051 2542 1852 2579">
     <span class='ocr_line' id='line_1_115' title="bbox 1051 2542 1852 2579; baseline -0.005 -7"><span class='ocrx_word' id='word_1_848' title='bbox 1051 2554 1120 2572; x_wconf 83' lang='grc' dir='ltr'>τατα</span> <span class='ocrx_word' id='word_1_849' title='bbox 1134 2545 1181 2571; x_wconf 78' lang='grc' dir='ltr'>καὶ</span> <span class='ocrx_word' id='word_1_850' title='bbox 1192 2544 1408 2579; x_wconf 74' lang='grc' dir='ltr'>πρεπωδέστατα</span> <span class='ocrx_word' id='word_1_851' title='bbox 1428 2544 1513 2578; x_wconf 79' lang='grc' dir='ltr'>δῶρα,</span> <span class='ocrx_word' id='word_1_852' title='bbox 1533 2544 1644 2578; x_wconf 76' lang='grc' dir='ltr'>χρυσὸν,</span> <span class='ocrx_word' id='word_1_853' title='bbox 1665 2542 1712 2569; x_wconf 79' lang='grc' dir='ltr'>καὶ</span> <span class='ocrx_word' id='word_1_854' title='bbox 1722 2542 1852 2574; x_wconf 78' lang='grc' dir='ltr'>λίϐανον,</span> 
     </span>
    </p>
   </div>
   <div class='ocr_carea' id='block_1_116' title="bbox 1049 2588 1851 2626">
    <p class='ocr_par' dir='ltr' id='par_1_116' title="bbox 1049 2588 1851 2626">
     <span class='ocr_line' id='line_1_116' title="bbox 1049 2588 1851 2626; baseline -0.005 -8"><span class='ocrx_word' id='word_1_855' title='bbox 1049 2593 1096 2619; x_wconf 78' lang='grc' dir='ltr'>καὶ</span> <span class='ocrx_word' id='word_1_856' title='bbox 1113 2591 1248 2626; x_wconf 83' lang='grc' dir='ltr'>σμύρναν,</span> <span class='ocrx_word' id='word_1_857' title='bbox 1266 2591 1303 2622; x_wconf 81' lang='grc' dir='ltr'>ὡς</span> <span class='ocrx_word' id='word_1_858' title='bbox 1331 2590 1436 2626; x_wconf 86' lang='grc' dir='ltr'>βασιλεῖ</span> <span class='ocrx_word' id='word_1_859' title='bbox 1461 2590 1507 2616; x_wconf 72' lang='grc' dir='ltr'>καὶ</span> <span class='ocrx_word' id='word_1_860' title='bbox 1524 2589 1583 2625; x_wconf 79' lang='grc' dir='ltr'>Θεῷ</span> <span class='ocrx_word' id='word_1_861' title='bbox 1608 2591 1657 2616; x_wconf 75' lang='grc' dir='ltr'>καὶ</span> <span class='ocrx_word' id='word_1_862' title='bbox 1682 2588 1825 2624; x_wconf 76' lang='grc' dir='ltr'>ἀνθρώπῳ</span> <span class='ocrx_word' id='word_1_863' title='bbox 1841 2598 1851 2605; x_wconf 88' lang='grc'>·</span> 
     </span>
    </p>
   </div>
   <div class='ocr_carea' id='block_1_117' title="bbox 1050 2635 1852 2673">
    <p class='ocr_par' dir='ltr' id='par_1_117' title="bbox 1050 2635 1852 2673">
     <span class='ocr_line' id='line_1_117' title="bbox 1050 2635 1852 2673; baseline -0.005 -9"><span class='ocrx_word' id='word_1_864' title='bbox 1050 2637 1111 2664; x_wconf 79' lang='grc' dir='ltr'>ὅθεν</span> <span class='ocrx_word' id='word_1_865' title='bbox 1142 2637 1234 2664; x_wconf 78' lang='grc' dir='ltr'>οὐκέτι</span> <span class='ocrx_word' id='word_1_866' title='bbox 1251 2638 1321 2673; x_wconf 78' lang='grc' dir='ltr'>πρὸς</span> <span class='ocrx_word' id='word_1_867' title='bbox 1346 2637 1391 2663; x_wconf 80' lang='grc' dir='ltr'>τὸν</span> <span class='ocrx_word' id='word_1_868' title='bbox 1419 2635 1562 2671; x_wconf 74' lang='grc' dir='ltr'>Ἀσσύριον</span> <span class='ocrx_word' id='word_1_869' title='bbox 1589 2635 1702 2670; x_wconf 81' lang='grc' dir='ltr'>βασιλέα</span> <span class='ocrx_word' id='word_1_870' title='bbox 1722 2635 1852 2669; x_wconf 75' lang='grc' dir='ltr'>ἠξίωσαν</span> 
     </span>
    </p>
   </div>
   <div class='ocr_carea' id='block_1_118' title="bbox 1048 2681 1851 2719">
    <p class='ocr_par' dir='ltr' id='par_1_118' title="bbox 1048 2681 1851 2719">
     <span class='ocr_line' id='line_1_118' title="bbox 1048 2681 1851 2719; baseline -0.001 -11"><span class='ocrx_word' id='word_1_871' title='bbox 1048 2683 1229 2719; x_wconf 72' lang='grc' dir='ltr'>ὑποστρέψαι,</span> <span class='ocrx_word' id='word_1_872' title='bbox 1270 2682 1482 2718; x_wconf 77' lang='grc' dir='ltr'>συνεργούμενοι</span> <span class='ocrx_word' id='word_1_873' title='bbox 1512 2683 1564 2708; x_wconf 79' lang='grc' dir='ltr'><strong>ὑπὸ</strong></span> <span class='ocrx_word' id='word_1_874' title='bbox 1606 2682 1655 2716; x_wconf 75' lang='grc' dir='ltr'>τῆς</span> <span class='ocrx_word' id='word_1_875' title='bbox 1691 2681 1851 2717; x_wconf 74' lang='grc' dir='ltr'>προνοίαςο</span> 
     </span>
    </p>
   </div>
   <div class='ocr_carea' id='block_1_119' title="bbox 1046 2727 1855 2764">
    <p class='ocr_par' dir='ltr' id='par_1_119' title="bbox 1046 2727 1855 2764">
     <span class='ocr_line' id='line_1_119' title="bbox 1046 2727 1855 2764; baseline -0.005 -7"><span class='ocrx_word' id='word_1_876' title='bbox 1046 2729 1302 2764; x_wconf 76' lang='grc' dir='ltr'>Χρηματισθένιες</span> <span class='ocrx_word' id='word_1_877' title='bbox 1313 2729 1348 2763; x_wconf 87' lang='grc' dir='ltr'>γὰ</span> <span class='ocrx_word' id='word_1_878' title='bbox 1354 2738 1378 2764; x_wconf 89' lang='grc' dir='ltr'><strong>ρ,</strong></span> <span class='ocrx_word' id='word_1_879' title='bbox 1388 2728 1532 2764; x_wconf 76' lang='grc' dir='ltr'>φησὶ,κατ’</span> <span class='ocrx_word' id='word_1_880' title='bbox 1540 2728 1614 2760; x_wconf 81' lang='grc' dir='ltr'>ὄναρ</span> <span class='ocrx_word' id='word_1_881' title='bbox 1619 2727 1662 2762; x_wconf 82' lang='grc' dir='ltr'><strong>μὴ</strong></span> <span class='ocrx_word' id='word_1_882' title='bbox 1670 2727 1855 2761; x_wconf 66' lang='grc' dir='ltr'>ἀνακάμψαι</span> 
     </span>
    </p>
   </div>
   <div class='ocr_carea' id='block_1_120' title="bbox 1047 2773 1857 2810">
    <p class='ocr_par' dir='ltr' id='par_1_120' title="bbox 1047 2773 1857 2810">
     <span class='ocr_line' id='line_1_120' title="bbox 1047 2773 1857 2810; baseline -0.004 -8"><span class='ocrx_word' id='word_1_883' title='bbox 1047 2775 1121 2810; x_wconf 72' lang='grc' dir='ltr'>πρὸς</span> <span class='ocrx_word' id='word_1_884' title='bbox 1135 2775 1278 2810; x_wconf 73' lang='grc' dir='ltr'><strong>Ἡρώδην,</strong></span> <span class='ocrx_word' id='word_1_885' title='bbox 1289 2775 1326 2802; x_wconf 80' lang='grc' dir='ltr'><strong>δι’</strong></span> <span class='ocrx_word' id='word_1_886' title='bbox 1337 2775 1435 2808; x_wconf 76' lang='grc' dir='ltr'><em>ἄλλης</em></span> <span class='ocrx_word' id='word_1_887' title='bbox 1446 2773 1519 2802; x_wconf 72' lang='grc' dir='ltr'><strong>ὁδοῦ</strong></span> <span class='ocrx_word' id='word_1_888' title='bbox 1527 2773 1726 2808; x_wconf 69' lang='grc' dir='ltr'>ἀνεχώρησαν</span> <span class='ocrx_word' id='word_1_889' title='bbox 1734 2774 1777 2806; x_wconf 80' lang='grc' dir='ltr'>εὶς</span> <span class='ocrx_word' id='word_1_890' title='bbox 1788 2774 1857 2807; x_wconf 78' lang='grc' dir='ltr'><strong>τὴν</strong></span> 
     </span>
    </p>
   </div>
   <div class='ocr_carea' id='block_1_121' title="bbox 1187 2876 1422 2910">
    <p class='ocr_par' dir='ltr' id='par_1_121' title="bbox 1187 2876 1422 2910">
     <span class='ocr_line' id='line_1_121' title="bbox 1187 2876 1422 2910; baseline -0.004 -7"><span class='ocrx_word' id='word_1_891' title='bbox 1187 2876 1209 2892; x_wconf 71' lang='grc'><strong>⁸⁸)</strong></span> <span class='ocrx_word' id='word_1_892' title='bbox 1222 2876 1289 2903; x_wconf 76' lang='lat' dir='ltr'><strong>Gen.</strong></span> <span class='ocrx_word' id='word_1_893' title='bbox 1307 2883 1363 2910; x_wconf 71' lang='lat' dir='ltr'><strong>xIx,</strong></span> <span class='ocrx_word' id='word_1_894' title='bbox 1381 2876 1422 2903; x_wconf 75' lang='lat' dir='ltr'><strong>l7.</strong></span> 
     </span>
    </p>
   </div>
   <div class='ocr_carea' id='block_1_122' title="bbox 1476 2873 1851 2908">
    <p class='ocr_par' dir='ltr' id='par_1_122' title="bbox 1476 2873 1851 2908">
     <span class='ocr_line' id='line_1_122' title="bbox 1476 2873 1851 2908; baseline -0.011 -5"><span class='ocrx_word' id='word_1_895' title='bbox 1476 2876 1498 2892; x_wconf 77' lang='grc'><strong>⁶¹</strong></span> <span class='ocrx_word' id='word_1_896' title='bbox 1514 2876 1574 2903; x_wconf 75' lang='lat' dir='ltr'><strong>Act.</strong></span> <span class='ocrx_word' id='word_1_897' title='bbox 1594 2883 1640 2908; x_wconf 80' lang='lat' dir='ltr'><strong>xu,</strong></span> <span class='ocrx_word' id='word_1_898' title='bbox 1657 2874 1682 2902; x_wconf 70' lang='grc'>4.</span> <span class='ocrx_word' id='word_1_899' title='bbox 1738 2874 1761 2890; x_wconf 72' lang='grc' dir='ltr'><strong>δ’</strong></span> <span class='ocrx_word' id='word_1_900' title='bbox 1775 2873 1851 2905; x_wconf 79' lang='lat' dir='ltr'><strong>ibid.</strong></span> 
     </span>
    </p>
   </div>
  </div>
