1951 3071
109 209 159 242 949

498 213 699 245 SYNTAGMA
718 214 913 247 CANONUM.
925 228 961 234 —
971 215 1046 252 TIT,
1065 213 1153 252 XIII,
1169 214 1249 246 CAP.
1266 213 1330 245 XX.

1690 214 1748 246 σεο

110 266 208 300 χώραν
220 264 330 292 αὐτῶν
345 265 421 292 ἐνθεν
438 265 500 293 ῑδὼν
509 268 523 294 ὁ
537 268 685 304 αἱμοὸόρος
708 268 840 305 Ἡρώδης,
853 269 898 296 ὅτι

962 278 977 297 ιι
994 269 1143 297 Bethleliem
1155 276 1179 297 et
1199 271 1227 298 in
1241 272 1313 299 omni
1332 278 1389 304 ejus
1410 270 1533 306 conﬁnio,
1551 278 1568 298 a
1592 270 1693 298 bimam
1715 276 1743 298 et

110 311 282 350 ἐνεπαίχρη¹
296 311 358 339 ὑπὸ
380 312 441 339 τῶν
462 313 572 348 μάγων,
594 315 728 349 ἐθυμώθη
742 316 827 343 λίαν·
850 316 899 344 καί

109 357 398 392 ἀποστείξλας,φησὶν,
406 359 507 386 ἀνεῖλε
516 360 707 395 mir-racsz
712 362 820 395 παῖδας
828 362 899 395 τοὺς

108 403 142 429 ἐθν
152 403 287 438 Βηθλεὲμ
297 404 347 430 καὶ
360 404 395 431 ὲν
403 403 480 432 πᾶσι
495 405 557 438 τοῖς
573 406 665 439 ὁρίοις
681 406 786 440 αὐτῆς,
795 407 854 434 ἀπὸ
860 406 901 434 δι·-

109 449 194 482 ετινῦς
208 449 258 475 καὶ
270 449 432 484 κατωτέρω,
443 452 518 478 κατὰ
525 452 579 478 τὸν
586 452 698 486 χρόνον
707 452 744 478 ὃν
752 452 900 486 ἠκρίϐωσε

109 494 187 527 παρὰ
202 493 261 521 τῶν
269 493 372 529 μάγων
383 503 391 511 ·
409 495 468 530 μεθ’
479 493 516 523 ὧν
535 497 582 523 καὶ
596 497 627 523 τὸ
640 496 693 531 πρὸ
708 496 791 524 αὑτοῦ
805 504 901 531 γεννη-

110 539 153 565 Θὲν
167 539 261 574 ἕτερον
275 540 383 567 παιδίον
398 540 520 576 ζητήσας
543 543 714 574 ἀποκτεῖναι,
738 542 785 569 καὶ
799 542 838 578 μὴ
855 542 900 568 εὑ-

954 316 1037 350 inIra,
1049 315 1130 350 juxta
1145 321 1245 350 tempus
1258 316 1326 351 quod
1343 325 1359 343 a
1380 317 1465 352 magis
1485 316 1625 351 diligenter
1641 316 1743 343 didice-

953 366 996 388 rat
1011 362 1045 389 ⁸⁸.
1061 361 1128 389 Cum
1144 362 1254 397 quibus,
1267 366 1295 390 et
1307 362 1390 390 alium
1402 363 1477 397 prius
1492 367 1585 390 natum
1599 361 1745 395 infantem,

953 415 1016 435 cum
1040 407 1234 436 interfecturus
1260 409 1431 443 quaesivisset
1454 414 1481 436 et
1506 417 1560 436 non
1581 409 1741 441 invenisset,

953 457 1059 489 patrem
1075 454 1134 489 ejus
1151 454 1311 482 Zachariam
1329 455 1464 482 interfecit
1487 455 1557 482 inter
1572 456 1700 490 templum
1716 460 1743 481 et

955 499 1050 530 altare,
1065 506 1127 527 cum
1144 499 1283 535 eﬂugisset
1305 499 1378 527 ﬁlius
1398 507 1460 527 cum
1483 504 1570 527 matre
1592 499 1740 528 Elisabeth.

955 543 1032 571 Unde
1046 551 1096 571 nec
1110 544 1167 571 ullo
1185 544 1267 572 modo
1283 544 1528 579 reprehenduntur.

111 585 175 620 ρὼν,
191 585 237 612 τὸν
247 587 352 621 πατέρα
368 587 450 614 αὑτοῦ
479 589 616 624 Ζαχαρίαν
641 588 779 624 ἐφόνευσε,
807 588 907 624 μεταξὺ
936 589 982 617 τοῦ
1011 590 1074 618 ναοῦ
1102 591 1150 617 καὶ
1179 590 1225 617 τοῦ
1269 590 1474 626 θυσιαστηρίου,
1502 590 1666 625 ἐκφυγόντος
1694 589 1740 616 τοῦ

109 631 215 658 παιδίου
230 633 299 667 μετὰ
311 632 362 667 τῆς
377 634 480 668 μητρὸς
513 635 653 662 Ἐλισάῆετ
670 642 677 650 ’
695 636 737 670 ἐφ’
761 631 799 662 ὧν
822 635 950 671 οὐδεμίαν
968 636 1071 672 μέμψιν
1085 636 1172 672 ἔσχον.

144 677 185 705 ιδ’.
202 678 234 704 El
246 678 274 704 δέ
284 687 358 710 τινες
373 678 434 713 βίαν
461 679 562 715 πολλὴν
578 680 627 707 καὶ
646 680 771 716 ἀνάγκην
800 681 900 707 πεπόν-

110 724 181 757 Θασι,
195 725 281 760 χάμον
307 726 434 759 λαϐόντες
456 728 485 754 ὲν
506 727 545 763 τῷ
570 727 684 763 στόματι
705 729 752 755 καὶ
772 728 898 763 δεσμοὺς,

110 771 155 798 καὶ
169 771 362 806 ἐπιμείναντες
375 773 516 809 καρτερῶς
532 775 564 808 τῇ
580 773 698 801 διαθέσει
709 774 758 809 τῆς
769 774 898 805 πίστεως,

109 818 218 849 καὶτὰς
243 819 338 853 χεῖρας
363 819 464 854 καῆναι
496 819 709 855 προσαγομένων
736 820 831 847 ἀκοντὶ
861 819 900 854 τῷ

108 860 208 897 ἀνιέρῳ
220 861 333 897 Θύματι,
349 862 444 899 ὥσπερ
461 861 507 889 οὖν
526 862 648 898 ἔγραψαν
665 871 710 897 μοι
732 863 756 889 ot
781 863 836 890 ἀπὸ
848 862 897 897 τῆς

109 908 233 944 φυλακῆς
256 909 455 945 τρισμακάριοι
484 909 622 944 μάρτυρες
645 909 708 944 περὶ
735 908 790 935 τῶν
816 909 845 935 ὲν
864 910 897 944 τῇ

108 953 207 989 Λιϐύη,
247 954 294 980 καὶ
323 954 411 989 ἕτεροι
440 953 468 980 δὲ
498 954 710 988 συλλειτουργοὶ,
740 954 765 980 0i
783 953 898 980 τοιοῦτοι

109 999 381 1034 συμμαρτυρούντων
397 999 489 1031 αὐτοῖς
506 999 623 1034 μάλιστα
638 999 686 1025 καὶ
698 999 752 1026 τῶν
775 999 898 1034 ἀδελφῶν

108 1043 162 1070 τῶν
178 1043 290 1077 λοιπῶν,
301 1044 428 1071 δύνανται
454 1042 525 1071 εἶναι
542 1045 571 1071 ὲν
586 1046 619 1080 τῇ
654 1044 821 1080 λειτουργίᾳ,
848 1053 896 1071 τα-

108 1089 218 1124 χθέντες
231 1090 260 1116 ἐν
274 1091 330 1122 τοῖς
347 1090 536 1126 ὁμολογηταῖς,
556 1091 593 1122 ὡς
607 1091 653 1118 και¹
673 1092 696 1117 οί
724 1099 899 1126 κατανεκρω-

109 1134 201 1166 θέντες
225 1135 254 1161 ἑν
267 1136 328 1166 ταῖς
345 1135 457 1167 πολλαῖς
485 1135 621 1171 βασάνοις,
646 1136 693 1163 καὶ
722 1136 820 1171 μηκέτι
850 1135 895 1168 ἐξ·

110 1180 269 1215 ιςχύσαντες
278 1180 404 1214 λαλῆσαι,
419 1181 435 1216 ἢ
449 1181 627 1216 φθέγξασθαι,
644 1182 660 1217 ἢ
683 1182 837 1217 κινηθῆναι,
857 1183 898 1214 εἰς

108 1225 140 1252 τὸ
155 1225 315 1261 ἀντιστῆναι
332 1228 388 1258 τοῖς
415 1227 455 1258 εἰς
474 1227 563 1262 μάτην
584 1226 790 1262 ὲκϐιαζομένοις
803 1235 810 1242 ·
839 1227 900 1254 οὐδὲ

108 1271 163 1308 γὰρ
182 1273 381 1306 συγκατέθεντο
404 1275 437 1308 τῇ
455 1273 582 1308 βδελυρίᾳ
605 1273 706 1306 αὐτῶν,
731 1273 826 1309 ὥσπερ
852 1271 900 1300 οὖν

110 1319 186 1355 παρὰ
200 1318 416 1353 συλλειτουργῶν
431 1319 512 1346 πάλιν
535 1319 656 1355 ἤκουσα·
682 1320 899 1355 ταχθήσεται-δὲ

108 1364 139 1389 ὲν
155 1364 212 1395 τοῖς
228 1363 410 1399 όμολογηταῖς
435 1364 483 1392 καὶ
502 1366 556 1397 πᾶς
570 1365 695 1392 ὁστισοῦν
722 1366 793 1392 κατὰ
816 1366 838 1392 Τ
841 1366 901 1401 ιμό-

109 1410 170 1436 θεον
185 1409 358 1437 πολιτεύεται
371 1418 379 1425 ·
393 1410 554 1446 πειθόμενος
566 1412 613 1438 καὶ
623 1411 703 1443 αὐτὸς
718 1411 758 1447 τῷ
783 1412 900 1446 λέγοντι,

107 1457 200 1484 Δίωκε
211 1456 245 1483 δὲ
254 1456 463 1491 δικαιοσύνην,
471 1457 637 1490 εὐσέϐειαν,
645 1459 759 1489 πίστιν,
770 1457 900 1493 ἀγάπην,

108 1501 270 1536 ὑπομονὴν
285 1521 293 1534 ,
314 1501 531 1538 προσπάθειαν,
562 1501 705 1537 ἀγωνίζου
730 1503 784 1530 τὸν
805 1503 902 1529 καλὸν

953 683 976 715 βπ
991 682 1034 709 Η.
1054 681 1082 709 Si
1103 682 1149 717 qui
1174 686 1263 709 autem
1285 681 1341 708 vim
1364 681 1476 708 multam
1501 686 1528 708 et
1553 681 1740 709 necessitatem

953 727 1025 762 passi
1040 732 1114 761 sunt,
1129 727 1230 761 quique
1242 731 1270 754 et
1283 727 1311 754 in
1326 734 1374 754 ore
1387 727 1489 754 ferrum
1503 731 1529 754 et
1542 727 1648 755 vincula
1664 734 1742 754 acce-

952 777 1060 808 perunt,
1083 777 1111 800 et
1133 776 1243 808 propter
1260 772 1359 800 bonam
1386 772 1447 800 ﬁdei
1470 771 1651 804 all‘eetionem,
1677 779 1743 799 suas

952 825 1062 853 quoque
1076 825 1174 845 manus
1185 817 1226 844 uri
1243 817 1348 845 fortiter
1358 818 1538 852 pertulerunt,
1552 817 1585 844 ad
1599 816 1743 852 profanum

952 864 1117 892 sacriﬁcium
1145 864 1185 892 eis
1215 863 1309 891 invitis
1340 863 1482 891 adductas.
1507 863 1741 896 Quemadmodum

953 910 1035 945 igitur
1052 909 1119 936 mihi
1133 909 1302 944 scripserunt
1315 916 1347 936 ex
1366 909 1490 937 custodia
1504 909 1654 937 beatissimi
1669 917 1744 936 Inar-

955 963 1028 994 tyres
1041 958 1073 984 de
1086 957 1119 985 iis
1132 958 1179 992 qui
1195 961 1258 984 sunt
1274 956 1301 984 in
1317 956 1411 992 Libya,
1425 961 1451 983 et
1462 956 1506 983 alii
1520 956 1601 983 etiam
1616 956 1643 983 in
1658 956 1744 983 sacris

954 1002 1150 1035 comministri;
1165 1002 1183 1029 ii
1197 1001 1278 1029 simul
1289 1001 1498 1029 testificantibus
1511 1001 1622 1035 reliquis
1634 1007 1744 1035 quoque

953 1047 1100 1079 fratribus,
1124 1051 1237 1081 possunt
1260 1054 1321 1074 esse
1347 1047 1375 1074 in
1402 1054 1482 1074 sacro
1505 1047 1658 1074 ministerio
1673 1047 1745 1074 inter

953 1093 1125 1122 eonfessores
1139 1092 1274 1126 collocati,
1291 1098 1319 1120 ut
1343 1096 1370 1120 et
1384 1093 1431 1127 qui
1447 1092 1474 1119 in
1491 1092 1584 1120 multis
1601 1092 1744 1120 tormentis

953 1139 1091 1168 fortiﬁcati
1108 1139 1219 1171 fuerint,
1233 1146 1288 1166 non
1302 1139 1419 1173 amplius
1437 1138 1585 1173 potuerint,
1601 1138 1641 1164 vel
1656 1138 1742 1172 loqui,

954 1185 995 1212 vel
1012 1185 1112 1218 dicere,
1130 1184 1170 1212 vel
1196 1184 1308 1216 moveri,
1326 1188 1356 1212 ut
1382 1184 1540 1212 resisterent
1562 1184 1595 1211 iis
1614 1184 1659 1218 qui
1689 1184 1743 1210 vim

954 1231 1056 1258 frustra
1079 1229 1236 1258 efferebant.
1252 1229 1345 1265 Neque
1369 1229 1441 1257 enim
1464 1236 1559 1256 eorum
1577 1228 1743 1263 improbitati

955 1276 1056 1304 assensi
1081 1280 1153 1303 sunt.
1176 1274 1410 1308 Quemadmodum
1426 1282 1491 1309 ergo
1509 1282 1522 1301 a
1546 1273 1750 1302 comministris.

954 1328 1051 1349 rursus
1069 1320 1160 1348 audivi
1186 1320 1441 1347 aunumerabuntur
1466 1320 1536 1346 inter
1552 1319 1742 1353 confessores;

954 1370 983 1394 et
997 1366 1154 1401 quicunque
1167 1366 1316 1393 secundum
1332 1364 1504 1392 Timotheum
1518 1364 1601 1391 vitam
1615 1365 1742 1398 instituit,

955 1418 1054 1447 parens
1066 1411 1091 1438 ei
1103 1417 1212 1445 quoque
1230 1410 1277 1444 qui
1300 1409 1367 1437 dicit
1392 1418 1399 1437 :
1428 1409 1744 1444 Persequerejnstitiam,

955 1458 1089 1493 pietatem,
1101 1457 1191 1491 fidem,
1203 1456 1381 1487 dilectionem,
1397 1455 1575 1488 tolerantiam,
1587 1455 1722 1482 leuitatem
1733 1463 1744 1482 :

955 1507 1027 1529 certa
1052 1501 1191 1537 pulo/trum
1214 1504 1345 1528 certamen
1368 1501 1431 1536 ﬁdei
1452 1509 1462 1528 :
1478 1500 1642 1535 apprehende
1663 1500 1744 1527 vitam

107 1547 211 1581 ἀγῶνα
220 1547 276 1581 τῆς
290 1548 431 1581 πίστεως,
451 1548 596 1575 ἐπιλαϐοῦ
614 1548 671 1583 τῆς
685 1548 806 1575 ιιίωνίου
816 1547 900 1582 ζωῆς,

962 1548 1083 1576 :aelestem
1101 1547 1129 1574 in
1154 1555 1234 1582 quam
1254 1551 1363 1574 vocatus
1388 1555 1432 1580 es;
1454 1551 1479 1574 et
1499 1547 1633 1581 confessus
1655 1554 1744 1573 coram

107 1594 154 1626 εις
163 1592 202 1627 ἣν
211 1594 342 1628 ἐκλήθης
352 1594 402 1621 καὶ
409 1594 608 1629 ὡμολόγησας
617 1594 676 1629 τὴν
685 1594 784 1628 καλὴν
796 1595 904 1629 ὁμο-λο-

108 1640 180 1676 γίαν
193 1639 323 1668 ἐνώπιον
329 1640 453 1668 πολλῶν
461 1642 629 1676 μαρτύρων.

109 1697 275 1724 Βασιλείου
285 1697 387 1725 κανὼν
412 1696 445 1730 ζ’,
462 1696 497 1741 ης,
517 1696 573 1742 μας,
589 1696 640 1732 με,
658 1700 710 1732 με’,
728 1695 775 1729 ξέ,
789 1695 838 1731 οβ’,
851 1695 902 1730 ογ’,

439 1741 496 1764 πα,
517 1741 572 1766 πγ.

144 1796 179 1829 ζ’.
217 1797 426 1833 Ἀῤῥενοφθόροι
451 1797 498 1824 καὶ
528 1796 690 1832 ζωοφθόροι,
719 1796 767 1824 καὶ
796 1797 901 1831 φονεῖς,

110 1852 139 1871 κ.
158 1852 183 1870 τ.
203 1843 229 1870 λ.

147 1887 182 1924 η’.
201 1888 231 1915 '0
250 1887 328 1925 ἀξίνῃ
341 1889 417 1924 παρὰ
431 1888 476 1915 τὸν
488 1889 583 1924 θυμὸν,
598 1898 624 1915 κ.
641 1897 666 1915 τ.
681 1890 708 1915 λ.

149 1938 207 1970 μα’.
232 1935 264 1962 Ἡ
283 1936 312 1962 ἐν
329 1936 363 1971 τῇ
385 1935 485 1971 χηρείᾳ
512 1935 635 1968 ἐξουσίαν
664 1934 766 1969 ἑαυτῆς
792 1933 903 1970 ἔχουσα.

111 1990 141 2008 κ.
157 1989 184 2007 τ.
202 1980 228 2007 λ.

151 2026 203 2062 μδ’.
226 2027 258 2054 Ἦ
272 2027 394 2059 διάκονος
423 2028 440 2062 ἠ
455 2026 494 2062 τῷ
519 2026 631 2062 Ἕλληνι
662 2026 902 2062 ωμπορνεὺσασα,

111 2072 196 2106 δεκτή
215 2072 288 2098 ἐστιν
296 2073 336 2103 εἰς
350 2071 400 2107 τὴν
416 2072 560 2106 μετάνοιαν
574 2079 580 2086 ·
600 2071 641 2103 εις
659 2071 687 2098 δὲ
709 2071 758 2107 τὴν
781 2080 904 2107 προσφο-

112 2117 165 2152 ρὰν
175 2117 335 2152 δεχθήσεται
350 2117 389 2153 τῷ
408 2117 514 2153 ἑϐδόμῳ
535 2117 599 2149 ἔτει,
617 2117 738 2152 δηλονότι
763 2118 792 2144 ἐν
807 2117 903 2156 ἁγνείᾳ

111 2162 190 2194 ζῶσα
203 2170 209 2177 ·
227 2163 241 2188 ὁ
252 2162 279 2189 δὲ
294 2162 363 2197 μετὰ
382 2162 431 2198 τὴν
457 2162 548 2189 πίστιν
564 2162 665 2198 Ἕλλην
683 2162 763 2189 πάλιν
777 2164 810 2199 τῇ
834 2164 905 2198 ἱερο-

112 2208 196 2243 συλίᾳ
211 2208 341 2244 προσιὼν,
366 2209 413 2235 ἐπὶ
442 2209 486 2236 τὸν
506 2209 572 2236 ἴδιον
596 2208 695 2245 ἔμετον
725 2209 902 2244 ἐπιστρέφει¹

956 1594 1046 1621 multis
1059 1593 1166 1621 testibus
1179 1594 1368 1628 confessionem
1381 1593 1414 1620 ⁵⁷.

957 1698 1039 1734 456
1062 1697 1160 1725 Basilii
1181 1697 1333 1759 cauouess7l,
1402 1697 1448 1729 41,
1462 1696 1507 1730 Η,
1520 1696 1566 1730 45,
1578 1696 1622 1729 65,
1637 1695 1683 1729 72,
1698 1695 1745 1728 75,

994 1800 1021 1827 7.
1041 1799 1225 1828 Masculorum
1251 1804 1278 1827 et
1299 1799 1459 1826 animalium
1474 1803 1658 1833 corruptores,
1678 1802 1752 1831 etc.,.

958 1850 986 1872 ut
999 1854 1059 1881 pag.
1077 1845 1139 1873 819.
1665 1870 1668 1873 .

994 1891 1021 1918 8.
1034 1890 1086 1924 Qui
1108 1891 1142 1917 ob
1163 1890 1334 1918 iracundiam
1356 1891 1456 1924 securi,
1484 1896 1548 1924 etc.,
1564 1894 1592 1917 ut
1605 1898 1665 1925 pag.
1679 1889 1744 1917 ΜΞ.

993 1937 1039 1964 41.
1059 1937 1125 1970 Quae,
1145 1937 1172 1964 in
1187 1937 1317 1965 viduitate
1330 1937 1412 1965 habet
1432 1937 1473 1965 sui
1489 1941 1664 1972 potestatem,
1681 1940 1746 1967 etc.,

958 1987 987 2009 ut
1002 1990 1062 2017 pag.
1080 1982 1144 2010 899.

995 2028 1040 2055 44.
1067 2027 1225 2056 Diacouissa
1251 2035 1312 2063 quae
1333 2036 1394 2055 cum
1417 2027 1512 2055 Graeco
1537 2027 1670 2054 fornicata
1695 2031 1747 2058 est,

959 2073 991 2100 ad
1005 2073 1191 2107 pmnitenliam
1201 2072 1368 2099 admittenda
1384 2076 1443 2099 est:
1462 2071 1494 2098 ad
1507 2071 1672 2099 oblationem
1683 2078 1747 2097 vero

960 2119 1118 2146 admittetur
1133 2126 1205 2145 anno
1228 2118 1355 2152 septimo,
1372 2117 1394 2145 si
1420 2117 1547 2144 videlicet
1570 2117 1597 2143 in
1623 2116 1748 2143 castitate

959 2165 1041 2192 vitam
1056 2169 1128 2199 agat.
1146 2164 1257 2192 Graecus
1271 2168 1362 2191 autem
1378 2163 1424 2198 qui
1439 2167 1500 2198 post
1515 2162 1593 2189 (idem
1610 2166 1748 2196 receptam

960 2218 1056 2238 rursus
1070 2211 1103 2238 ad
1129 2210 1302 2245 sacrilegium
1321 2210 1437 2242 accedit,
1457 2210 1491 2236 ad
1513 2209 1646 2236 vomitum
1660 2216 1748 2235 rever-

111 2255 197 2290 ἡμεῖς
209 2254 238 2281 δὲ
253 2255 303 2289 τῆς
315 2255 440 2281 διακόνου
462 2255 492 2281 τὸ
509 2255 590 2290 σῶμα
618 2255 656 2287 ὡς
687 2255 901 2290 καθιερωμένον,

962 2257 1035 2285 titur.
1052 2256 1108 2284 Nos
1129 2264 1212 2291 porro
1225 2256 1387 2284 diaconissaa
1407 2262 1519 2290 corpus,
1537 2259 1633 2289 utpote
1650 2261 1747 2281 conse-

111 2300 207 2327 οὐκέτι
223 2301 407 2337 ἐπιτρέπομεν
423 2302 452 2328 ὲν
463 2302 561 2338 χρήσει
572 2299 643 2329 εἶναι
658 2303 788 2338 σαρκικῇ.

153 2390 206 2426 με’.
222 2392 271 2421 ’ος
291 2392 338 2419 ἐάν
356 2400 398 2424 τις
414 2392 445 2418 τὸ
469 2392 555 2428 ὄνομα
574 2392 665 2419 λαϐὼν
683 2393 730 2419 τοῦ
755 2393 910 2427 Χριστιανι-

110 2433 188 2472 ἱιμοῦ
204 2436 334 2472 ὲνυὸρίζῃ
345 2436 390 2463 τὸν
408 2436 536 2471 Χριστὸν,
556 2436 632 2463 οὐδὲν
643 2437 740 2471 ὄφελος
755 2436 827 2471 αὐτῷ
851 2437 906 2464 ἀπὸ

111 2482 166 2518 τῆς
180 2482 377 2518 προσηγορίας.

153 2527 200 2561 ξε¹.
223 2528 252 2555 '0
269 2528 396 2563 γοητείαν
418 2527 435 2563 ἢ
463 2528 639 2563 φαρμακείαν
663 2528 844 2564 ἐξαγορεύων,
862 2528 908 2554 τὸν

111 2573 164 2601 τοῦ
180 2570 283 2609 φονέως
304 2574 399 2608 χρόνον
418 2573 656 2608 ἐξομολογήσεται,
687 2572 774 2605 οὕτως
803 2573 908 2600 οἰκονοο

114 2618 267 2655 μούμενος,
293 2619 330 2651 ὡς
358 2620 388 2645 ὲν
413 2619 511 2653 ἐκείνῳ
534 2618 573 2654 τῷ
603 2618 782 2653 ἁμαρτήματι
810 2618 908 2645 ἑαυτὸν

112 2665 242 2698 ἐλέγξας.

152 2710 202 2746 οβ’.
226 2711 255 2738 '0
274 2711 404 2746 μάντεσιν
422 2711 517 2737 ἑαυτὸν
551 2710 686 2742 ἐπιδιδοὺς
718 2711 734 2746 ἦ
752 2719 806 2736 τισι
823 2709 910 2736 τοιού-

113 2766 185 2790 τοις,
201 2757 248 2784 τὸν
263 2757 360 2792 χρόνον
377 2756 431 2783 τῶν
459 2756 562 2790 φονέων
590 2756 638 2782 καὶ
660 2756 741 2788 αὐτὸς
767 2756 911 2791 οἰκονομη-

117 2803 246 2838 θήσεται.

155 2848 205 2883 ογ¹.
230 2850 260 2875 ’0
275 2849 320 2876 τὸν
343 2849 459 2885 Χριστὸν
489 2849 688 2884 ἀρνησάμενος.
711 2849 757 2876 καὶ
784 2849 911 2885 παραϐὰς

162 2919 181 2933 ³⁵
196 2919 289 2948 Matth.
304 2927 333 2952 ιι,
345 2919 384 2946 lli.
423 2920 443 2935 ⁸⁷
461 2919 470 2946 l
484 2918 553 2946 Tim.
564 2927 599 2953 \t,
618 2920 657 2953 ιι,
672 2921 714 2947 12.

959 2306 1077 2335 oratum,
1097 2310 1151 2329 non
1167 2302 1285 2337 amplius
1298 2301 1484 2337 permittimus
1500 2301 1526 2328 in
1541 2308 1591 2328 usu
1611 2307 1673 2327 esse
1688 2307 1748 2327 ear-

959 2348 1025 2376 nali.

994 2397 1039 2424 45.
1065 2396 1095 2424 Si
1125 2397 1197 2432 quis,
1233 2399 1344 2430 accepto
1387 2395 1498 2422 nomine
1531 2395 1746 2426 Christianismi.

959 2442 1098 2470 Christum
1108 2442 1272 2470 contumelia
1289 2441 1381 2476 allicit,
1400 2441 1468 2468 nihil
1488 2441 1511 2468 ei
1527 2441 1638 2476 prodest
1653 2441 1748 2476 appel-

961 2489 1041 2551 ,Μίῦίέί
1065 2523 1116 2557 Qui
1144 2524 1296 2559 praestigias
1325 2523 1366 2551 vel
1394 2524 1556 2552 veneficium
1592 2523 1748 2556 conﬁtetur,

963 2569 986 2597 is
998 2569 1141 2597 homicidae
1159 2574 1266 2604 tempus
1283 2569 1310 2596 in
1333 2570 1493 2604 poenitentia
1516 2571 1616 2602 ducet;
1640 2574 1667 2596 et
1685 2577 1748 2596 cum

962 2615 1008 2642 illo
1023 2619 1129 2650 agetur,
1146 2614 1219 2642 velut
1234 2622 1295 2641 cum
1317 2622 1350 2642 eo
1377 2615 1422 2650 qui
1439 2622 1469 2642 se
1484 2615 1542 2650 ipse
1565 2615 1590 2642 in
1616 2614 1668 2641 hoc
1689 2621 1749 2648 pec-

962 2665 1023 2689 cato
1036 2658 1134 2695 prodit.

996 2707 1041 2734 72.
1067 2707 1118 2740 Qui
1133 2714 1163 2734 se
1177 2706 1285 2734 vatibus
1301 2706 1341 2733 vel
1360 2705 1494 2740 ejusmodi
1510 2706 1571 2732 aliis
1587 2703 1677 2736 tradit,
1691 2703 1749 2737 ipse

960 2761 1070 2789 quoque
1083 2753 1229 2781 homicidae
1248 2757 1369 2787 tempore
1384 2752 1521 2787 punit-tur.

997 2846 1039 2874 75.
1055 2845 1105 2879 Qui
1129 2843 1236 2879 negavit
1263 2842 1401 2870 Christqu
1426 2845 1452 2868 ct
1468 2839 1564 2867 salutis
1590 2838 1748 2875 mysterium
