1956 3049
232 191 282 225 951

820 192 951 223 PHOTII
967 192 1224 224 PATRIARCI‘IE
1244 192 1299 222 (ΖΡ,

1815 187 1865 220 illi?

232 251 355 284 violavit,
370 254 429 278 toto
452 250 516 279 vitae
541 258 597 278 suae
610 255 733 287 tempore
744 250 820 283 ﬂere,
836 255 864 278 et
886 251 1024 286 paeniten-

1087 251 1108 277 τὸ
1128 251 1180 286 τῆς
1209 250 1349 285 σωτηρίας
1379 248 1537 283 μυστήριον,
1562 247 1592 273 ἐν
1611 244 1694 273 παντὶ
1718 245 1757 280 τῷ
1783 247 1865 281 χρόνῳ

233 299 299 325 tiam
315 306 396 333 agere
412 298 505 330 debet.
519 299 558 326 sic
572 303 673 330 tamen,
687 303 718 325 ut
729 302 852 332 tempore
867 304 923 332 quo
941 304 957 324 e
972 297 1026 324 vita

233 344 351 375 excedit,
376 348 551 371 sacramento
572 344 672 379 dignus
695 343 829 371 habeatur
845 343 882 371 ob
904 343 983 370 tidem
1000 343 1027 369 in

234 389 282 417 Dei
301 390 497 418 clementiam;

268 482 314 509 81.
336 481 472 515 Quoniam
499 485 591 508 autem
618 481 698 508 multi
720 481 747 508 in
766 480 953 508 Barbarorum
982 479 1027 506 in-

233 527 372 559 cursionc,
384 531 448 558 etc.,
458 531 486 552 ut
495 534 557 561 pag.
570 525 635 553 99.6.

267 581 313 608 85.
336 581 387 614 Qui
407 581 592 608 vaticinantur
612 585 639 608 et
659 579 872 608 consuetudines
894 579 1027 614 gentium,

232 631 298 661 etc.,
312 631 341 654 ut
354 635 416 662 pag.
431 626 494 654 954.

372 691 454 727 457
481 691 601 726 Gregorii
613 690 728 726 Nysseni
741 697 801 724 cap.
817 690 844 717 Ι.
855 689 883 716 2.

267 756 295 783 1.
313 755 362 783 llis
386 756 478 790 itaque
501 756 554 782 hoc
578 755 660 782 modo
684 753 836 786 distinctis.
855 758 1026 788 quaecunque

233 801 344 837 quidem
367 806 480 836 peccata
502 801 609 828 ratione
632 800 772 834 praeditam
797 799 895 826 anima!
919 803 1025 833 partem

235 847 380 881 attingunt,
393 853 455 874 esse
469 846 595 880 graviora
610 852 626 872 a
639 845 765 873 Patribus
778 843 901 878 judieata
916 847 991 876 sunt,
1002 847 1030 870 et

235 892 334 927 majori
355 899 387 919 ac
407 891 596 920 sullicientiori
613 896 640 919 et
656 891 831 918 laltoriosiori
849 890 1029 918 conversione

234 938 316 974 digna
341 947 348 965 :
372 938 604 973 quemadmodum
624 938 647 965 si
663 938 726 972 quis
742 937 822 964 [idem
840 937 868 964 in
885 936 1027 964 Christum

235 984 353 1019 negavit,
369 984 412 1012 vel
433 984 466 1011 ad
488 984 670 1016 Judaismum,
686 983 726 1010 vel
750 983 885 1011 idolorum
908 983 1024 1014 cultum,

234 1030 277 1058 vel
300 1030 555 1064 Manichaeismum,
578 1030 621 1058 vel
646 1029 754 1062 aliquod
780 1028 853 1056 aliud
881 1028 1029 1063 impietatis

235 1084 322 1111 genus
334 1075 484 1104 descivisse
498 1076 574 1103 visus
591 1076 636 1106 sit,
649 1075 694 1110 qui
711 1074 863 1102 voluntarie
875 1073 985 1108 quidem
999 1081 1029 1101 se

235 1121 269 1148 ad
283 1121 309 1148 id
326 1121 427 1148 malum
441 1121 568 1154 contulit,
580 1121 678 1147 deinde
693 1120 813 1154 scipsum
827 1119 1028 1153 condemnavit,

235 1170 323 1194 totum
340 1171 448 1201 tempus
464 1167 526 1193 vita:
542 1167 623 1193 habet
638 1166 804 1200 pwnitentire
821 1170 937 1200 tempus.
953 1164 1030 1192 Nun-

235 1219 317 1246 quam
333 1211 418 1244 enim,
433 1212 455 1239 si
473 1212 588 1247 mystica
603 1216 749 1246 peragatur
763 1211 861 1242 oratio,
877 1211 960 1238 Deum
974 1218 1029 1238 una

236 1265 297 1285 cum
311 1258 413 1292 populo
424 1258 539 1285 adorare
553 1258 651 1292 dignus
665 1257 830 1290 censebitur,
842 1257 888 1284 sed
903 1264 1028 1285 seorsum

235 1303 409 1338 precabitur;
432 1311 447 1330 a
470 1308 702 1330 sacramentorum
725 1307 815 1330 autem
837 1303 1031 1330 communione

235 1348 349 1376 omnino
370 1349 423 1375 erit
442 1348 566 1381 alienus;
585 1348 612 1375 in
631 1347 697 1375 hora
715 1353 805 1375 autem
820 1348 861 1375 sui
880 1355 894 1375 e
910 1348 963 1374 vita
981 1356 1030 1374 ex-

235 1401 341 1427 cessus,
356 1393 519 1422 sacramenti
534 1393 737 1420 communionis
752 1394 805 1420 erit
820 1393 964 1427 particeps.
980 1392 1027 1420 Sin

235 1445 325 1468 autem
341 1441 485 1476 contigerit
500 1444 531 1467 ut
546 1440 570 1468 is
584 1445 680 1474 praeter
696 1447 770 1474 spem
785 1439 874 1472 vivat,
890 1440 916 1466 in
933 1440 1027 1467 eodem

235 1495 333 1514 rursus
343 1487 415 1514 vivet
424 1486 538 1522 judicio,
550 1486 728 1521 mysticorum
743 1489 978 1512 sacramentorum
995 1485 1027 1511 ad

234 1533 299 1560 vita;
313 1532 416 1560 exitum
433 1539 521 1567 usque
537 1539 645 1566 expers.
662 1531 715 1564 Qui
732 1536 823 1558 autem
842 1530 985 1558 tormentis
1001 1535 1029 1557 et

1079 297 1130 330 τῆς
1147 296 1219 331 ζωῆς
1233 294 1316 323 αὐτοῦ
1345 293 1522 329 προσκλαίειν
1548 293 1661 326 ὀφείλει,
1678 293 1725 319 καὶ
1745 292 1864 326 ἐξομολο-

1079 341 1186 375 γεῖσθαι
1196 341 1331 376 χρεωστεῖ
1348 347 1356 357 ·
1373 341 1403 366 ἐν
1415 339 1454 374 τῷ
1466 338 1555 374 καιρῷ
1568 335 1590 372 ᾧ
1605 338 1726 365 ἐκδαίνει
1740 338 1789 365 τοῦ
1800 338 1866 372 βίου,

1080 386 1126 413 τοῦ
1137 387 1308 422 ἀγιάσματος
1332 385 1494 421 ἀξιούμενος
1509 385 1601 412 πίστει
1620 383 1673 419 τῆς
1693 384 1770 420 παρὰ
1799 384 1864 411 Θεοῦ

1079 432 1300 469 φιλανθρώπιας.

1116 477 1171 506 πα’.
1192 478 1301 513 Ἐπειδὴ
1316 477 1345 505 δέ
1363 477 1455 505 πολλοὶ
1472 478 1501 504 ἐν
1514 478 1548 514 τῇ
1572 477 1627 504 τῶν
1646 476 1796 514 βαρϐάρων
1820 486 1867 503 κα-

1079 524 1213 560 ταδρομῇ,
1231 532 1293 551 κ,τ.
1309 524 1335 551 λ.

1113 579 1169 614 κγ’.
1186 580 1218 606 Ol
1245 579 1525 614 καταμαντευόμενοι,
1556 579 1604 605 καὶ
1628 579 1688 610 ταῖς
1717 578 1869 614 συνηθείαις

1080 626 1134 653 τῶν
1147 625 1233 653 ἐθνῶν
1244 625 1497 659 ἐξακολουθοῦντεῇ
1515 634 1542 653 κ.
1555 633 1581 652 τ.
1595 625 1621 652 λ.

1224 690 1392 725 Γρηγοριω
1407 690 1535 724 Νύσσης
1561 699 1629 725 περ.
1643 690 1680 724 α’,
1697 690 1731 726 β’.

1115 753 1151 781 α’.
1169 753 1280 780 Τούτων
1300 753 1391 780 τοίνυν
1421 753 1493 780 κατά
1518 753 1564 780 τὶν
1580 754 1725 789 εἰρημένον
1754 754 1870 789 διευκρι-

1080 799 1219 835 νηθέντων
1227 799 1340 834 τρόπον,
1355 800 1405 826 ὅσα
1421 799 1471 834 μὲν
1488 799 1678 834 ἁμαρτήματα
1689 799 1736 826 τοῦ
1754 800 1870 834 λογιστι-

1080 845 1130 872 κοῦ
1145 845 1195 879 τῆς
1211 844 1301 879 ψυχῆς
1326 844 1444 871 ἀπτεται
1458 844 1570 879 μέρους,
1598 844 1778 880 χαλεπώτερα
1794 846 1870 880 παρὰ

1080 888 1135 915 τῶν
1147 889 1277 924 Πατέρων
1291 888 1399 924 ἐκρίθη,
1414 889 1461 915 καὶ
1489 889 1612 924 μείζονος
1639 890 1686 916 καὶ
1712 889 1870 924 διαρκεστέ-

1085 943 1135 969 ρας
1149 934 1195 961 καὶ
1207 935 1413 970 ἐπιπονωτέρας
1424 935 1475 969 τῆς
1487 935 1657 970 ἐπιστροφῆς
1673 935 1735 968 ἀξια
1745 945 1751 952 ·
1768 933 1823 962 οἷον
1847 937 1874 962 et

1083 989 1126 1011 τις
1141 980 1282 1015 ἠρνήσατο
1292 979 1340 1015 τὴν
1355 982 1394 1012 είς
1409 981 1528 1016 Χριστὸν
1538 981 1641 1013 πίστιν,
1671 982 1687 1017 ἢ
1710 982 1778 1017 πρὸς
1807 983 1872 1009 Ἰουο

1083 1026 1208 1061 δαῖσμδν,
1221 1026 1238 1061 ἢ
1248 1026 1316 1061 πρὸς
1330 1026 1549 1062 είδωλολατρίαν,
1564 1027 1581 1062 ἢ
1597 1028 1665 1062 πρὸς
1673 1028 1871 1063 Μανιχαῖσμὸν,

1084 1072 1100 1108 ἢ
1118 1072 1185 1106 πρὸς
1198 1072 1263 1099 ἄλλο
1283 1081 1310 1099 τι
1326 1072 1447 1099 τοιοῦτον
1469 1072 1565 1105 ἀθεῖας
1584 1072 1664 1105 εἶδος,
1687 1074 1874 1109 αὐτομολήσας

1084 1118 1170 1153 ἐφάνη
1181 1127 1188 1133 ·
1205 1119 1219 1145 ό
1236 1119 1284 1154 μὲν
1300 1118 1433 1150 ἑκουσίως
1446 1119 1493 1145 ἐπὶ
1506 1118 1536 1145 τδ
1547 1119 1670 1146 τοιοῦτον
1681 1120 1805 1155 ὁρμήσας
1822 1129 1873 1147 κα-

1083 1165 1142 1197 κον,
1158 1162 1218 1192 εἶτα
1231 1165 1384 1198 καταγνοὺς
1399 1164 1508 1196 ἑαυτοῦ,
1532 1165 1628 1199 χρόνον
1654 1165 1700 1191 τδν
1717 1166 1768 1200 τῆς
1788 1175 1873 1201 μετα-

1083 1211 1159 1242 νοίας
1171 1211 1229 1246 ἔχει
1244 1211 1305 1238 ὅλον
1317 1212 1364 1237 τὸν
1375 1211 1424 1245 τῆς
1437 1210 1508 1245 ζωῆς
1523 1210 1607 1237 αὑτοῦ
1623 1218 1630 1225 ·
1649 1211 1710 1237 οὐδέ
1738 1220 1801 1238 ποτε
1820 1211 1877 1248 γάρ

1085 1257 1218 1293 μυστικῆς
1232 1257 1446 1291 ἐπιτελουμένης
1458 1256 1550 1291 εὐχῆς,
1569 1257 1638 1292 μετά
1650 1257 1696 1283 τοῦ
1707 1257 1775 1283 λαοῦ
1788 1265 1872 1292 προσ-

1083 1296 1199 1339 κυνῆσαι
1223 1303 1269 1330 τὸν
1299 1303 1365 1329 Θεὸν
1393 1302 1582 1335 καταξιοῦται,
1608 1303 1676 1329 ἀλλά
1717 1304 1877 1339 καταμόνας

1086 1348 1136 1383 μὲν
1149 1347 1269 1379 εὔξεται,
1281 1347 1331 1382 τῆς
1340 1347 1368 1373 δὲ
1378 1348 1520 1378 κοινωνίας
1531 1348 1586 1374 τῶν
1596 1348 1789 1383 ἁγιασμάτων,
1809 1349 1876 1376 καθ-

1082 1393 1143 1420 όλου
1167 1393 1308 1428 ἀλλότριος
1336 1392 1412 1419 ἔσται
1432 1401 1439 1408 ·
1475 1394 1504 1419 ἐν
1523 1392 1552 1418 δὲ
1580 1394 1612 1428 τῇ
1629 1393 1689 1428 ὥρᾳ.
1715 1395 1765 1428 τῇς
1785 1394 1878 1426 ἐξόδου

1083 1439 1245 1472 αὐτοῦ,τότε
1256 1441 1305 1475 τῆς
1314 1439 1362 1466 τοῦ
1372 1439 1544 1474 ἀγιάσματος
1553 1439 1662 1474 μερίδος
1677 1439 1876 1474 ἀξιωθήσεται·

1083 1486 1107 1512 εί
1121 1486 1149 1512 δὲ
1167 1485 1287 1521 συμϐαίη
1297 1484 1362 1520 παρ’
1373 1485 1468 1511 ἐλπίδα
1485 1485 1671 1520 ζῆσαιαῦτὸν,
1695 1485 1774 1511 πάλιν
1791 1485 1820 1510 ἐν
1835 1485 1877 1520 τῷ

1084 1532 1157 1566 αὐτ-ἶ)
1173 1532 1287 1566 κρίματι
1304 1531 1480 1557 διαϐιώσεται
1497 1531 1631 1566 ἀμέτοχος
1650 1531 1704 1558 τῶν
1736 1531 1877 1566 μυστικῶν

235 1579 364 1614 gravibus
379 1578 520 1612 suppliciis
535 1577 696 1609 excruciati,
711 1577 729 1604 ii
744 1577 896 1612 praestituto
909 1581 1029 1611 tempore

1087 1578 1266 1613 ἀγιασμάτων
1280 1577 1361 1612 μέχρι
1376 1578 1426 1612 τῆς
1437 1576 1531 1609 ἐξόδου
1553 1578 1712 1612 γινόμενος·
1734 1578 1759 1604 οἱ
1778 1578 1806 1604 δὲ
1826 1577 1876 1612 βα-

235 1624 402 1658 punieutur,
425 1623 527 1650 sanctis
551 1622 677 1649 Patribus
701 1622 741 1649 sic
764 1622 791 1648 in
815 1629 863 1649 eos
886 1621 1029 1648 clementia

237 1670 312 1702 usis,
327 1674 456 1703 tanquam
475 1668 567 1695 anima
585 1675 640 1694 non
660 1668 735 1702 lapsa
753 1667 798 1698 sit.
816 1668 862 1694 sed
879 1668 1030 1702 corporalis

236 1714 409 1742 imbecillitas
421 1713 564 1741 tormentis
575 1721 629 1740 non
643 1713 784 1741 restiterit.
798 1713 888 1746 Quare
900 1721 1027 1740 mensura

236 1767 332 1787 eorum
345 1760 389 1795 qui
403 1760 429 1787 in
443 1759 624 1787 fornicatione
637 1764 795 1794 peccarunt,
805 1764 832 1786 et
843 1759 868 1785 vi
880 1759 1029 1792 doloreque

236 1812 363 1840 expressa
379 1805 570 1840 transgressio,
585 1805 612 1831 iu
628 1805 817 1836 conversione,
830 1805 925 1832 eodem
941 1804 1030 1839 spatio

236 1851 360 1880 dimensa
373 1855 426 1878 est.

271 1991 289 2019 2
303 1990 356 2028 [5].
370 1989 422 2025 Qui
440 1991 473 2018 ad
491 1990 716 2026 prastigiatores,
732 1989 773 2016 vel
790 1994 865 2016 vates
882 1989 1026 2020 abierunt,

237 2038 281 2066 vel
303 2046 351 2066 eos
375 2038 423 2072 qui
448 2045 495 2072 per
517 2037 655 2064 dmntones
677 2043 706 2063 se
726 2035 834 2070 piacula
857 2035 981 2070 quaedam
1004 2039 1031 2063 et

237 2084 396 2112 aversiones
407 2088 568 2118 operaturos
581 2082 758 2117 pollicentur;
775 2081 792 2108 ii
806 2086 900 2108 exacte
913 2081 1031 2108 interro-

237 2136 338 2166 gantur
351 2135 380 2158 et
395 2129 600 2162 examinantur,
617 2134 709 2155 utrum
729 2128 755 2154 in
774 2127 826 2154 ﬁde
844 2127 870 2154 in
887 2127 1028 2155 Christum

239 2180 438 2212 permanentes,
452 2183 466 2202 a
478 2175 639 2202 necessitate
654 2173 745 2208 aliqua
760 2173 793 2200 ad
808 2173 872 2200 illud
889 2179 1029 2208 peccatum

236 2222 321 2258 458
337 2221 447 2257 impulsi
465 2225 544 2252 sunt,
560 2227 622 2247 cum
640 2218 750 2246 alllictio
766 2218 856 2254 aliqua
871 2219 912 2246 vel
932 2219 1030 2247 intole-

237 2268 332 2296 rabilis
352 2268 459 2303 jactura
484 2267 559 2294 hunc
586 2266 638 2294 illis
664 2265 786 2293 animum
811 2265 971 2298 indidisset;
997 2273 1031 2292 an

237 2314 353 2341 otnnino
368 2314 490 2348 neglecto
505 2313 578 2348 quod
597 2312 677 2340 nobis
694 2311 829 2339 creditum
847 2317 888 2339 est
906 2312 1031 2339 testimo-

240 2360 302 2393 nio,
322 2361 356 2388 ad
380 2361 534 2387 daemonum
558 2359 718 2387 societatem
743 2366 773 2386 se
795 2357 980 2386 contulerunt.
1003 2357 1031 2385 Si

238 2406 310 2434 enim
325 2406 357 2433 ad
372 2405 452 2433 ﬁdem
468 2406 670 2437 inﬁrmandam,
682 2409 709 2431 et
720 2404 792 2439 quod
806 2404 890 2430 Deum
905 2411 966 2431 esse
979 2412 1032 2431 non

239 2451 400 2484 crederent,
416 2451 462 2486 qui
485 2459 500 2478 a
521 2450 684 2478 Christianis
707 2449 827 2477 creditur
846 2454 873 2476 et
893 2450 1033 2481 azloratur.

240 2497 305 2524 illud
327 2496 465 2527 fecerunt,
480 2500 561 2523 erunt
582 2496 687 2524 scilicet
718 2499 906 2530 apostatarum
928 2495 1034 2530 judicio

239 2542 362 2570 obnoxii.
380 2542 428 2570 Sin
447 2548 538 2569 autem
556 2550 610 2570 non
628 2541 739 2569 ferenda
758 2541 908 2568 necessitas
927 2541 1033 2576 aliqua,

240 2589 339 2622 pusillo
352 2593 379 2616 et
390 2589 495 2624 ahjecto
510 2596 606 2616 eorum
621 2588 714 2615 animo
727 2592 866 2622 superato.
878 2595 912 2614 eo
923 2587 1036 2614 deduxit

241 2635 309 2662 lalsa
325 2635 416 2670 aliqua
433 2643 480 2669 spe
495 2634 643 2667 deductos;
663 2633 790 2661 similiter
806 2633 859 2660 erit
873 2638 901 2660 et
918 2633 944 2660 in
963 2634 1036 2668 ipsos

242 2681 401 2713 clementia,
415 2681 502 2708 instar
520 2689 614 2708 eorum
635 2681 681 2714 qui
703 2680 848 2708 tormentis
869 2680 894 2706 in
916 2684 1037 2714 tempore

242 2727 425 2755 confessionis
438 2727 567 2754 resistere
582 2734 635 2753 non
650 2730 808 2761 potuerunt.

279 2863 350 2905 Lege
373 2873 434 2905 quge
451 2871 580 2894 annotata
598 2870 663 2894 sunt
683 2866 709 2893 in
738 2872 798 2900 cap.
816 2864 852 2891 25
880 2865 921 2892 tit.
938 2865 954 2891 9
968 2873 1037 2901 pne-

245 2904 331 2926 senus
343 2907 446 2934 operis.

1085 1624 1175 1655 σάνοις
1192 1623 1240 1649 καὶ
1256 1623 1404 1658 τιμωρίαις
1419 1623 1552 1658 χαλεπαῖς
1566 1623 1745 1654 αἰκισθέντες,
1760 1624 1789 1650 ἐν
1803 1624 1881 1660 ῥητῷ

1084 1670 1172 1705 χρόνῳ
1193 1669 1402 1704 ὲπετιμήθησαν
1416 1677 1422 1684 ·
1444 1668 1516 1696 οὕτω
1549 1669 1604 1696 τῶν
1636 1669 1721 1703 ἁγίων
1745 1670 1880 1706 Πατέρων

1085 1716 1276 1751 φιλανθρωπίᾳ
1292 1716 1335 1742 ἐπ’
1351 1715 1440 1742 αὐτῶν
1456 1717 1650 1751 χρησαμένων,
1666 1716 1704 1747 ὡς
1717 1716 1777 1751 οὐχὶ
1786 1717 1881 1751 ψυχῆς

1084 1761 1271 1796 γεγενημένης
1288 1762 1317 1788 ὲν
1329 1762 1468 1796 πτώματι,
1484 1762 1551 1788 ἀλλὰ
1565 1763 1615 1797 τῆς
1624 1763 1783 1797 σωματικῆς
1795 1763 1882 1789 ἀσθε-

1083 1808 1157 1840 νείας
1186 1807 1254 1843 πρὸς
1277 1808 1325 1839 τὰς
1353 1808 1446 1838 αἰκίας
1475 1808 1527 1833 οὐχ
1554 1807 1811 1842 ἀντισχούσης-διὸ
1841 1809 1882 1842 τῷ

1087 1853 1178 1889 μέτρῳ
1208 1853 1263 1880 τῶν
1285 1853 1314 1879 ἐν
1339 1853 1455 1888 πορνείᾳ
1487 1853 1754 1887 πλημμελησάντων,
1785 1853 1835 1879 καὶ
1865 1855 1882 1888 ἡ

1086 1899 1252 1935 βεϐιασμένη
1270 1906 1300 1924 τε
1321 1899 1368 1924 καὶ
1381 1898 1517 1930 ἐπώδυνος
1544 1898 1702 1934 παράϐασις
1722 1899 1751 1924 ἐν
1767 1899 1800 1934 τῇ
1819 1900 1883 1925 ἐπιο

1085 1946 1188 1980 στροφῇ
1204 1944 1408 1979 συνεμετρήθη.

1120 1989 1152 2026 β’.
1161 1991 1192 2017 Ol
1201 1990 1229 2016 δέ
1244 1989 1312 2024 πρὸς
1324 1990 1425 2025 γόητας
1433 1990 1570 2021 ἀπιόντες.
1579 1989 1596 2024 ἢ
1608 1990 1730 2025 μάντεις,
1740 1991 1757 2026 ἢ
1765 1991 1830 2022 τοὺς
1837 1993 1884 2018 διὰ

1084 2037 1220 2071 δαιμόνων
1234 2036 1375 2072 καθάρσιά
1386 2045 1448 2062 τινα
1467 2037 1515 2063 καὶ
1535 2038 1782 2072 ἀποτροπιασμοὺς
1799 2039 1884 2074 ἐνερ-

1085 2085 1144 2117 γεῖν
1160 2082 1408 2117 ὑπισχνουμένους,
1419 2079 1493 2109 οὗτοι
1507 2082 1665 2117 ἐρωτῶνται
1686 2083 1720 2109 δι’
1735 2083 1886 2119 ἀκριεείας

1085 2129 1133 2155 καὶ
1141 2128 1346 2163 ἀνακρίνονται,
1368 2128 1484 2162 πότερον
1495 2128 1675 2162 ἐπιμένοντες
1698 2131 1731 2164 τῇ
1742 2130 1782 2161 εἰς
1810 2131 1885 2165 Χρι-

1087 2175 1148 2201 στὸν
1164 2174 1255 2200 πίστει
1274 2174 1319 2199 ὑπ’
1330 2173 1453 2208 ἀνάγκης
1463 2174 1535 2205 τινὸς
1553 2175 1758 2209 συνηνέχθησαν
1787 2176 1886 2212 ἐκείνῃ

1085 2221 1118 2255 τῇ
1137 2220 1269 2255 ἁμαρτίᾳ,
1292 2219 1442 2250 κακώσεως
1465 2228 1538 2249 τινος
1568 2220 1584 2255 ἢ
1609 2221 1749 2256 ἀφορήτου
1775 2222 1885 2256 ζημίας

1084 2267 1187 2300 ταύτην
1197 2265 1288 2296 αὐτοῖς
1305 2264 1354 2299 τὴν
1365 2264 1453 2299 ὁρμὴν
1466 2265 1644 2300 ἐμποιούσης,
1659 2267 1674 2301 ἢ
1695 2267 1812 2294 καθόλου
1828 2276 1883 2293 κα-

1083 2311 1306 2346 ταφρονήσαντες
1317 2310 1364 2337 τοῦ
1375 2311 1593 2345 πεπιστευμένου
1623 2314 1688 2346 παρ’
1703 2313 1782 2347 ἡμῶν
1807 2322 1884 2348 μαρ-

1083 2357 1189 2393 τυρίου,
1206 2358 1240 2392 τῇ
1254 2356 1309 2383 τῶν
1323 2356 1462 2390 δαιμόνων
1487 2357 1634 2392 συμμαχίᾳ
1658 2359 1856 2393 προσέδραμον
1875 2367 1883 2374 ο

1083 2405 1108 2430 εἰ
1123 2403 1172 2439 μὲν
1187 2404 1242 2438 γὰρ
1259 2403 1305 2429 ἐπὶ
1320 2403 1448 2438 ἀθετήσει
1463 2403 1513 2438 τῆς
1533 2404 1663 2436 πίστεως,
1681 2405 1728 2432 καὶ
1751 2406 1822 2440 πρὸς
1854 2406 1888 2432 τὸ

1086 2451 1124 2485 μὴ
1137 2450 1277 2476 πιστεύειν
1306 2447 1376 2475 εἶναι
1391 2449 1458 2474 Θεὸν
1476 2449 1521 2475 τὸν
1537 2450 1613 2484 παρὰ
1627 2450 1681 2476 τῶν
1706 2451 1889 2486 Χριστιανῶν

1086 2496 1334 2532 προσκυνούμενον,
1352 2496 1441 2522 ἐκεῖνο
1469 2496 1612 2530 ἐποίησαν,
1631 2497 1733 2532 δηλαδὴ
1756 2498 1797 2532 τῷ
1822 2500 1890 2534 χρία

1088 2552 1154 2577 ματι
1178 2544 1233 2569 τῶν
1264 2542 1447 2577 παραϐάντων
1483 2542 1688 2577 ὑπαχοήσονται
1705 2552 1713 2559 ”
1731 2545 1755 2570 εί
1787 2545 1818 2571 δέ
1846 2555 1890 2577 τις

1087 2588 1261 2619 ἁϐὰστακτος
1283 2588 1391 2622 ἀνάγκη
1411 2590 1647 2624 κατακρατήσασα
1668 2589 1717 2624 τῆς
1746 2591 1888 2625 μικροψυ.

1087 2634 1148 2668 χίας
1163 2634 1264 2662 αὐτῶν,
1285 2634 1324 2664 εἰς
1341 2634 1420 2659 τοῦτο
1448 2635 1592 2669 προήγαγε
1613 2636 1657 2662 διά
1679 2644 1752 2666 τινος
1770 2638 1888 2671 ἠπατη-

1090 2681 1174 2716 μένης
1189 2680 1298 2710 ἐλπίδος
1312 2680 1584 2714 παρακρουσθέντας,
1595 2681 1726 2713 ὡσαύτως
1741 2682 1821 2708 ἔσται
1841 2684 1888 2708 xv".

1088 2728 1130 2752 ἆτ’
1143 2726 1232 2753 αὐτῶν
1247 2727 1264 2760 ἡ
1275 2726 1477 2760 φιλανθρωπία,
1490 2726 1551 2752 καθ’
1580 2727 1728 2762 ὁμοιότητα
1743 2727 1803 2754 τῶν
1819 2729 1888 2764 πρὶς

1088 2774 1136 2804 τὰς
1151 2773 1285 2808 βασάνους
1301 2773 1330 2799 ἐν
1342 2772 1380 2807 τῷ
1396 2772 1483 2807 καιρῷ
1496 2772 1545 2807 τῆς
1574 2773 1719 2807 ὁμολογίας
1743 2774 1889 2810 ἀντισχεῖν

1091 2819 1127 2854 μὴ
1141 2818 1320 2853 δυνηθέντων.

1131 2865 1280 2902 ’Λνάγνιοθι
1295 2865 1329 2891 τὰ
1349 2865 1567 2900 παραγραψὲντα
1579 2867 1608 2892 ἐν
1629 2866 1668 2901 τῷ
1685 2864 1723 2892 κε’
1741 2874 1806 2902 κεφ.
1839 2866 1887 2891 το)

1091 2900 1112 2927 θ’
1132 2901 1182 2928 τίτ.
1195 2901 1241 2927 τοῦ
1255 2901 1388 2935 παρόντος
1403 2901 1604 2935 συντάγματος.
