1956 3049
104 206 158 240 θνῶ

499 204 700 236 SYNTAGMA
718 204 914 237 CANONUM.
929 218 964 225 -
979 205 1054 236 TIT.
1074 205 1160 242 Xlll,
1182 205 1261 235 CAP.
1276 205 1358 236 XXI.

1696 202 1749 233 954

141 261 268 290 ΚΕΦΛΛ.
283 261 351 289 KA'.
370 275 402 284 ν-
413 261 482 295 Περι
500 261 657 296 annuatim
675 261 724 289 καὶ
739 262 839 297 μίμων
856 262 906 289 καὶ

995 261 1070 290 CAP.
1087 261 1160 289 XXI.
1173 277 1208 282 —
1224 261 1263 288 De
1274 262 1382 288 scenicis
1393 264 1418 288 et
1430 261 1518 288 mimis
1530 265 1607 295 alque
1624 259 1684 286 aliis
1698 259 1750 285 lm-

105 310 166 338 τῶν
176 309 287 344 ὁμοίων
302 308 541 344 μετανοούντων.

195 353 331 381 Συνόδθυ
346 352 557 387 ΚαρΘαΥέν-νης
565 351 666 379 κανὼν
684 352 744 387 pg’,
762 351 812 386 57'.

141 399 213 433 Περὶ
223 398 378 432 σκηνικῶν
391 399 621 432 μετανοούντων
646 398 696 424 καὶ
720 397 901 432 ὲπιστεφόν-

106 453 167 472 των
179 445 254 479 πρὸς
268 445 389 478 Κύριον.
406 448 411 453 “

145 494 205 526 μς¹.
220 491 302 517 Ὥστε
319 491 376 522 τοῖς
401 490 543 525 σκηνικοῖς
570 489 618 516 xui.
648 490 743 524 μίμοις
770 489 818 516 καὶ
846 489 903 521 τοῖς

107 536 213 567 λοιποῖς
242 535 462 571 τοιουτοτρόποις
490 535 647 570 προσώποις
675 535 692 570 ἢ
723 535 901 566 ἀποστάταις,

110 580 272 616 μετανοοῠσι
290 580 338 606 καὶ
371 580 567 615 ἐπιστρέφουσι
589 581 657 614 πρδς
680 580 758 613 Θεὸν,
785 580 865 615 χάριν
886 579 902 614 ἢ

110 625 290 661 καταλλαγὴν
302 626 340 662 μὴ
355 626 509 660 ἀρνεῖσθαι.

144 673 284 708 Περὶτῶν
298 673 397 707 μίμων
408 671 469 699 τῶν
490 671 656 706 γινομένων
668 670 866 706 Χριστιανῶν.

147 718 197 753 εγ’.
214 718 284 753 Περὶ
300 717 405 745 τούτων
419 717 459 744 ἔτι
473 717 526 752 μὴν
541 717 652 751 αἰτῆσαι
667 716 718 749 δεῖ,
737 717 781 743 ἵνα
800 717 849 744 ὲάν
862 725 904 748 τις

109 763 141 798 ἐξ
166 763 326 798 οίουδήποτε
361 762 545 796 παιγνιώδους
574 762 805 796 ἐπιτηδεύματος,
834 762 904 797 πρὸς

109 810 161 843 τὴν
185 809 233 836 τοῦ
256 808 474 844 Χριστιανισμοῧ
490 807 571 843 χάριν
591 807 679 834 ἐλθεῖν
706 807 825 842 θελήσοι,
857 807 905 833 καὶ

109 854 253 890 ἐλεύθερος
270 855 317 881 ἀπ’
342 854 455 881 ἐκείνων
484 853 538 880 τῶν
562 853 665 880 σπίλων
689 853 837 888 διαμεῖναι,
868 852 905 888 μὴ

109 901 172 934 ἐξὸν
185 898 255 928 εἷναί
268 909 320 927 τινι
341 900 387 927 τὸν
416 900 537 926 τοιοῦτον
558 899 626 935 πρὸς
651 899 686 926 τὰ
714 899 784 926 αὐτὰ
801 899 905 934 γυμνά-

110 954 205 982 σματα
219 946 299 973 πάλιν
316 946 521 982 προτρέπεσθαι
537 946 553 981 ἢ
570 945 803 979 καταναγκάζειν.

181 992 318 1019 Συνόδου
338 991 550 1026 οικουμενικῆς
566 991 657 1024 ἕκτης
672 990 771 1018 κανὼν
782 990 833 1018 va’.

150 1037 203 1066 να’.
219 1038 343 1065 Καθόλου
358 1038 527 1073 ἀπαγορεύει
546 1038 563 1073 ἡ
575 1038 640 1072 ἁγία
660 1037 728 1072 αὕτη
741 1037 788 1063 καὶ
815 1037 906 1063 οίκου-

111 1086 215 1123 μενιιὴ
242 1086 362 1118 σύνοδος,
387 1087 451 1118 τοὺς
478 1085 643 1121 λεγομένους
677 1085 778 1120 μίμους
802 1085 850 1111 καὶ
873 1085 907 1111 τὰ

109 1134 216 1161 τούτων
232 1133 345 1169 θέατρα,
367 1132 407 1159 ἔτι
430 1141 462 1167 γε
493 1133 547 1168 μὴν
567 1132 616 1159 καὶ
631 1132 665 1158 τὰ
690 1131 745 1159 τῶν
768 1131 907 1166 κυνηγίων

110 1180 228 1214 οεὼρια,
245 1179 355 1210 καὶτὰς
372 1179 418 1205 ἐπὶ
431 1177 536 1213 σκηνῆς
557 1177 688 1213 ὀρχήσεις
702 1176 887 1204 ἐπιτελεῖσθαι
898 1184 905 1192 ·

110 1227 138 1252 ει
151 1225 179 1251 δέ
198 1233 240 1256 τις
254 1223 303 1250 τοῦ
327 1223 461 1259 παρόντος
477 1223 589 1254 κανόνος
619 1222 833 1258 καταφρονήσει,
859 1222 907 1248 καὶ

110 1272 184 1305 πρός
195 1280 222 1297 τι
233 1270 330 1298 ἑαυτὸν
345 1269 400 1296 τῶν
424 1269 659 1305 ἀπηγορευμένων
689 1268 793 1295 τούτων
824 1268 906 1304 ἐκδῷ,

111 1317 138 1344 ει
154 1317 205 1352 μὲν
230 1316 361 1352 κληρικδς
378 1315 421 1351 εἴη
437 1314 624 1352 καθαιρείσθω
636 1321 643 1329 ·
659 1315 684 1341 εἰ
699 1314 729 1341 δὲ
740 1313 844 1348 λαῖκδς,
859 1316 909 1350 ἀφ·

110 1362 260 1400 οριζέσθω.

154 1409 188 1436 Ἦ
202 1408 243 1443 λγ¹
260 1408 331 1435 διάτ.
345 1407 393 1434 τοῦ
407 1406 429 1434 δ’
442 1407 496 1434 τίτ.
508 1407 557 1434 τοῦ
568 1406 593 1434 α’
616 1406 685 1442 pta.
705 1406 753 1433 τοῦ
777 1406 842 1433 κώδ.
860 1407 908 1434 καὶ

110 1457 129 1492 ἡ
142 1459 197 1490 κγ’,
209 1455 258 1482 καὶ
271 1453 337 1490 ἡκθ¹
351 1454 399 1481 τοῦ
413 1454 434 1480 δ’
451 1453 504 1481 τίτ,
520 1453 567 1480 τοῦ
581 1453 602 1480 ε’
615 1453 686 1488 βιϐλ.
713 1453 762 1480 καὶ
779 1454 795 1488 ἠ
810 1452 907 1488 λβ¹καὶ

113 1500 177 1536 pg’,
197 1500 320 1535 μεγάλας
329 1499 427 1531 ποινὰς
440 1498 620 1534 ὲπιφέρουσαι
636 1499 692 1530 τοῖς
713 1499 908 1534 πορνοὸοσκοῖς

111 1547 162 1574 καὶ
177 1547 234 1578 τοῖς
247 1545 433 1579 ἀναγκάζουσι
459 1544 556 1575 δούλας
568 1544 585 1579 ἦ
615 1544 762 1580 ἐλευθέρας
788 1547 906 1572 συνεῖναι

113 1592 212 1627 μίμοις
223 1592 240 1626 ἢ
256 1591 380 1626 θεάτροις
393 1591 586 1626 προΐστασθαι,
603 1591 650 1618 καὶ
672 1590 789 1617 διδόασιν
816 1591 908 1618 ἄδειαν

110 1639 211 1669 αὑταῖς
235 1638 396 1676 ἀναχωρεῖν,
421 1637 469 1663 καὶ
500 1637 571 1672 μετὰ
600 1637 723 1672 προικῶν
746 1636 908 1671 ζεύγνυσθαι

109 1685 162 1712 καὶ
172 1684 378 1718 ἁξιωματικοϊς,
388 1684 412 1710 εί
423 1682 572 1718 δυνηθεῖεν,
580 1684 628 1709 καὶ
639 1684 689 1719 τῆς
698 1683 809 1718 ἀτιμίας
819 1683 907 1709 ἀπαλ-

108 1730 259 1756 λάττεσθαι
269 1738 278 1746 ν
294 1729 359 1764 περὶ
370 1729 398 1755 δὲ
415 1728 553 1763 σκηνικῶν
568 1729 616 1755 καὶ
631 1728 753 1763 θεωριῶν
771 1728 818 1755 καὶ
833 1738 908 1764 πορ-

108 1775 264 1806 νοϐοσκῶν,
283 1774 366 1805 ἰδικός
383 1775 442 1800 ἑστι
456 1774 508 1800 τίτ.
525 1774 538 1800 ὁ
565 1772 610 1808 μα’
632 1773 679 1799 τοῦ
704 1772 738 1799 ια’
763 1773 833 1808 βιόλ.
859 1773 907 1800 τοῦ

108 1820 180 1848 vita.
198 1819 326 1856 σκηνὴδὲ
351 1820 437 1852 ἐστιν,
463 1819 527 1845 ἔνθα
551 1828 593 1851 τις
617 1819 724 1845 ἵσταται
749 1819 765 1854 ἢ
794 1821 909 1846 κινεῖται

108 1866 249 1902 σκηνικὴν
264 1866 487 1900 ἐπιδεικνύμενος
503 1866 612 1900 τέχνην,
632 1866 687 1892 εἴτε
710 1867 738 1892 ὲν
752 1866 874 1901 ζημοσίῳ
890 1864 907 1901 ἢ

109 1912 245 1946 Ιδιωτικῷ
259 1913 335 1947 τόπῳ
350 1912 367 1947 ἢ
381 1911 469 1947 ἀγρῷ,
496 1911 560 1938 ἔνθα
587 1912 679 1946 μέντοι
704 1912 788 1946 χύδην
808 1913 832 1938 οἱ
856 1911 906 1938 ἄν-

107 1959 220 1994 Θρωποι
234 1958 280 1984 διὰ
294 1957 359 1984 θέαν
369 1957 486 1984 εἰσίασιν
496 1965 503 1973 ⁸
522 1957 616 1992 ἄτιμοι
635 1957 663 1983 δέ
678 1958 731 1983 είσι
750 1958 860 1989 πάντες,
883 1957 907 1983 οἱ

105 2005 160 2032 διὰ
170 2004 255 2038 πόρον
268 2005 308 2035 είς
317 2003 411 2037 ἀγῶνα
420 2004 571 2037 κατιόντες,
585 2004 631 2030 καὶ
645 2004 669 2030 ot
683 2003 727 2030 διὰ
751 2004 908 2039 φιλοτιμίαν

105 2051 161 2078 ἐπὶ
179 2051 284 2085 σκηνῆς
298 2050 474 2086 προσιόντες·
492 2052 506 2077 ὁ
530 2051 559 2076 δὲ
589 2050 728 2085 μισθώσας
754 2050 849 2078 ἑαυτὸν
870 2051 910 2083 είς

106 2096 266 2130 παιγνικὴν
279 2097 387 2131 τέχνην,
414 2096 461 2122 καὶ
477 2095 515 2131 μὴ
539 2095 756 2129 ἐπιδειξάμενος,
783 2095 832 2122 οὐκ
851 2097 896 2122 ἁτι

107 2142 235 2178 μοῦται·
251 2142 298 2167 καὶ
312 2142 326 2168 ὁ
342 2141 439 2167 ἑαυτὸν
459 2140 600 2176 μισθώσας
628 2142 668 2172 είς
678 2142 710 2166 τὺ
737 2140 910 2176 θηριομαχῆ-

107 2187 212 2220 σαι,εῐ
229 2187 267 2222 μὴ
290 2187 321 2213 τὸ
335 2187 431 2222 θηρίον
458 2187 540 2221 τυχὺν
566 2186 635 2212 λέων
658 2187 760 2221 ἥμερος
787 2187 908 2220 γέγονεν,

106 2232 264 2268 ἀτιμοῦται
279 2241 286 2247 '
301 2233 331 2259 οὐ
344 2232 397 2267 μὴν
407 2233 422 2258 ὁ
435 2232 499 2258 ἄνευ
524 2231 621 2266 μισθοῦ
643 2231 862 2268 θηριομαχήσας,
886 2232 910 2258 εἰ

948 307 1080 344 jusmodi,
1095 307 1225 342 siquando
1240 315 1283 334 eos
1299 307 1435 342 pwnitcut.
1452 323 1457 328 -

1055 353 1170 380 Concilii
1183 353 1400 388 Cm‘thugineusis
1415 360 1528 379 canones
1541 351 1587 384 46,
1600 351 1645 378 (i5.

988 399 1028 427 De
1043 399 1152 426 scenicis
1163 400 1208 434 qui
1230 399 1337 426 veniunt
1358 399 1392 425 ad
1404 398 1586 433 paenitentiam
1608 402 1631 423 et
1649 398 1683 424 ad
1699 397 1751 423 Do-

952 446 1054 472 minum
1069 450 1268 472 convertuntur.

988 492 1023 519 46
1031 491 1066 528 ΓΡ]
1084 491 1119 518 Ut
1134 491 1252 519 scenicis
1267 496 1294 518 ct
1306 491 1398 519 mimis
1418 495 1502 526 atquc
1514 490 1576 518 aliis
1591 489 1750 524 hujusmodi

953 538 996 565 vel
1024 537 1155 572 apostatis
1184 537 1231 571 qui
1257 537 1290 563 ad
1316 536 1505 571 paenitentiam
1529 535 1652 566 veniunt,
1674 538 1702 561 et
1717 533 1750 560 ad

956 584 1041 610 Deum
1065 587 1266 610 convertuntur
1286 583 1372 618 gratia
1387 585 1422 616 ‘et
1436 581 1576 609 absolutio
1601 588 1654 608 nou
1671 580 1752 607 dene-

955 633 1064 664 gentur.

1098 673 1135 700 De
1153 673 1325 700 his/rionibus
1341 672 1502 700 Christianis
1518 673 1608 708 factis.

991 719 1036 746 75.
1055 718 1088 746 Et
1102 719 1135 746 de
1153 718 1196 745 his
1208 718 1232 734 ιδ
1249 719 1330 745 etiam
1346 718 1512 753 petendum.
1537 723 1565 745 ut
1590 717 1612 744 si
1635 717 1698 752 quis
1717 724 1750 744 ex

955 765 1077 801 qualibet
1093 765 1197 792 ludicra
1213 769 1274 792 arte
1290 764 1323 792 ad
1343 764 1558 792 Christianitatis
1569 764 1685 798 gratiam
1706 771 1752 790 vc.

956 811 1014 838 nire
1026 811 1157 842 voluerit,
1175 819 1206 838 ac
1230 811 1301 838 liber
1323 811 1358 837 ab
1382 810 1426 837 illa
1449 810 1555 837 macula
1580 816 1752 844 permanere,

956 864 1011 884 non
1026 863 1087 883 cum
1106 856 1189 883 liceat
1208 863 1223 882 a
1243 863 1381 890 quoquam
1396 856 1496 883 iterum
1511 856 1545 883 ad
1560 855 1656 883 eadem
1673 862 1752 882 exer-

959 902 1046 930 cenda
1060 902 1154 929 reduci
1169 902 1210 929 vel
1231 902 1302 937 cogi.

1124 994 1238 1023 Concilii
1252 995 1404 1022 axumeuici
1418 1002 1442 1021 vi
1457 1003 1540 1021 canon
1553 994 1598 1021 5|.

997 1042 1042 1070 51.
1063 1041 1182 1069 Omnino
1195 1041 1322 1075 prohibet
1346 1041 1404 1067 hmo
1427 1045 1519 1067 sancta
1542 1044 1570 1066 et.
1589 1039 1754 1066 universalis

960 1088 1080 1123 synodus
1097 1086 1180 1122 459
1196 1094 1254 1118 eos,
1273 1087 1321 1121 qui
1339 1086 1470 1113 dicuntur
1485 1086 1595 1117 mimos,
1615 1089 1642 1112 et
1659 1093 1754 1112 corum

959 1133 1131 1168 spectacula;
1142 1132 1240 1160 deinde
1251 1132 1426 1159 venationum
1437 1139 1546 1166 quoque
1558 1131 1752 1166 spectationes,

959 1184 1042 1214 atque
1056 1180 1083 1206 in
1100 1186 1182 1206 scena
1199 1178 1359 1206 saltationes
1374 1178 1442 1205 licri.
1458 1178 1485 1204 Si
1500 1177 1561 1212 quis
1575 1181 1666 1204 autem
1685 1184 1754 1211 pra:-

961 1230 1066 1253 sentcm
1083 1232 1217 1252 canenem
1238 1224 1446 1259 contempserit,
1462 1227 1489 1251 et
1507 1231 1536 1250 sc
1553 1223 1635 1250 alicui
1658 1230 1754 1250 eorum

961 1279 1022 1307 quae
1048 1275 1112 1298 sunt
1128 1271 1223 1302 vetita,
1246 1270 1361 1302 dederit,
1384 1270 1407 1297 si
1431 1270 1466 1297 sit
1493 1269 1604 1305 quidem
1626 1269 1755 1301 clericus,

962 1318 1133 1353 deponatur;
1147 1317 1170 1344 si
1188 1323 1255 1344 vero
1269 1316 1366 1349 laicus,
1383 1320 1550 1352 scgrcgctur.

999 1410 1108 1439 Textus.
1127 1410 1244 1438 Conslit.
1264 1409 1310 1441 53,
1329 1409 1372 1436 tit.
1388 1409 1405 1436 4
1419 1431 1425 1441 ,
1451 1409 1497 1436 lib.
1513 1417 1522 1436 ι
1544 1409 1606 1437 cod.
1623 1414 1651 1436 ct
1665 1409 1714 1436 l23
1730 1414 1757 1437 ct

961 1458 1023 1488 129,
1038 1458 1080 1484 tit.
1096 1457 1123 1488 4,
1143 1457 1191 1484 lib.
1214 1464 1240 1489 v,
1255 1461 1282 1483 et
1312 1456 1357 1488 52,
1387 1461 1414 1483 ct
1440 1456 1493 1487 46,
1519 1463 1633 1491 magnas
1661 1464 1756 1490 pomus

961 1503 1083 1537 irrogant
1101 1503 1246 1529 lenonibus
1258 1521 1266 1534 ν
1284 1502 1371 1537 iisque
1388 1502 1434 1536 qui
1459 1502 1574 1528 ancillas
1591 1502 1631 1529 vel
1656 1502 1757 1530 liberas

962 1556 1025 1576 cum
1041 1548 1130 1575 mimis
1144 1547 1184 1575 vel
1207 1547 1258 1584 [in]
1280 1537 1398 1575 theairis
1418 1548 1588 1579 conversari,
1618 1553 1665 1575 aut
1693 1556 1757 1583 pro-

962 1599 1048 1621 strare
1063 1597 1185 1628 cogunt:
1204 1597 1231 1620 et
1250 1592 1406 1625 recedendi,
1427 1592 1617 1625 dotalibusque
1641 1592 1756 1627 [instru-

963 1640 1062 1668 mentis
1088 1638 1345 1675 intervenienlibus]
1371 1639 1452 1665 etiam
1478 1638 1632 1666 illustribus
1653 1638 1675 1664 si
1694 1645 1757 1672 pos-

962 1687 1027 1718 sint,
1046 1686 1166 1712 nubendi
1189 1690 1350 1720 poteSIatcm
1372 1684 1487 1712 faciunt.
1502 1684 1539 1711 Dc
1562 1684 1678 1711 scenicis
1693 1691 1758 1710 vero

963 1731 1127 1767 spectaculis
1140 1736 1166 1758 ct
1178 1731 1325 1759 lenonibus
1339 1730 1465 1765 specialis
1483 1731 1524 1757 tit.
1542 1735 1584 1758 est
1603 1730 1636 1757 41
1650 1749 1657 1761 .
1678 1729 1723 1756 lib.
1739 1737 1758 1757 u

965 1778 1026 1805 cod.
1045 1777 1130 1804 Porro
1143 1785 1225 1804 scena
1237 1781 1294 1809 est,
1311 1776 1357 1804 ubi
1371 1776 1434 1811 quis
1453 1776 1578 1804 consistit
1592 1796 1599 1808 ,
1618 1781 1758 1803 uteretur-

963 1831 1016 1858 quc
1034 1823 1221 1849 histrionicam
1235 1826 1320 1849 artem
1339 1822 1491 1853 exhibens,
1513 1821 1571 1848 sive
1594 1821 1621 1847 in
1649 1821 1758 1856 publim

964 1869 1105 1904 priratove
1118 1868 1190 1900 loco,
1207 1868 1265 1895 sive
1278 1867 1304 1894 in
1320 1867 1380 1894 vico
1396 1875 1402 1893 :
1422 1867 1449 1894 in
1465 1875 1545 1902 quem
1561 1872 1651 1894 tamen
1670 1867 1758 1894 locum

964 1915 1065 1949 passim
1080 1914 1205 1942 homines
1221 1914 1372 1949 spectaculi
1389 1921 1473 1941 causa
1487 1914 1665 1941 conveniunt.
1688 1912 1762 1940 Infa-

965 1968 1022 1987 mes
1041 1964 1130 1986 autem
1148 1964 1223 1992 suntl
1241 1959 1399 1994 quicunque
1422 1964 1543 1994 quzrstus
1557 1967 1639 1986 causa
1658 1959 1684 1986 in
1701 1967 1761 1986 cer-

965 2010 1055 2033 tamen
1075 2006 1255 2038 dcscendunt,
1273 2010 1300 2032 ct
1320 2010 1431 2040 propter
1448 2006 1588 2040 prtemium
1607 2005 1633 2031 in
1650 2012 1760 2032 scenam

964 2052 1109 2086 prodeunt.
1136 2051 1236 2078 Verum
1251 2052 1296 2085 qui
1312 2058 1341 2078 se
1370 2051 1402 2078 ad
1419 2057 1505 2077 artem
1524 2051 1656 2077 ludicram
1672 2049 1762 2085 [exhi-

968 2096 1098 2132 bendam]
1119 2097 1209 2128 locat,
1236 2104 1323 2130 neque
1339 2096 1438 2130 prodit,
1456 2103 1507 2122 non
1522 2099 1642 2122 notatur.
1668 2094 1700 2121 Et
1714 2095 1761 2129 qui

962 2142 1084 2176 seipsum
1101 2143 1181 2172 locat.
1200 2147 1230 2169 ut
1243 2150 1304 2168 cum
1320 2141 1416 2169 bestiis
1428 2141 1583 2176 depugnet:
1604 2141 1657 2168 nisi
1674 2141 1761 2168 bestia

964 2187 1007 2216 leo
1022 2187 1090 2214 forte
1101 2208 1108 2219 ,
1125 2187 1212 2214 aliave
1230 2186 1364 2220 quaepiam
1379 2187 1413 2213 sit
1424 2207 1432 2219 ,
1448 2194 1509 2220 qua:
1528 2191 1669 2212 mansueta
1689 2185 1761 2213 facta

964 2238 1016 2260 est.
1035 2232 1095 2260 Non
1112 2231 1176 2259 item
1198 2232 1244 2266 qui
1260 2231 1319 2258 sine
1332 2231 1455 2258 mercade
1475 2238 1538 2258 cum
1559 2230 1654 2257 bestiis
1674 2230 1760 2265 depu-

108 2281 154 2315 μὴ
173 2279 267 2306 λαϐεῖν
283 2280 311 2306 ἐν
326 2279 364 2314 τῷ
375 2278 498 2313 κυνηγίῳ
516 2278 672 2313 φιλοτιμίαν
691 2279 823 2313 ἠνέσχετο
833 2287 839 2294 ·
855 2279 869 2305 ὁ
881 2278 907 2305 δὲ

966 2278 1052 2314 gnarit
1066 2287 1073 2304 :
1092 2277 1144 2304 nisi
1159 2277 1186 2303 in
1198 2284 1281 2303 arena
1299 2276 1478 2303 honorarium
1495 2275 1649 2311 [quiddam]
1665 2283 1761 2310 capere

107 2324 259 2361 μισθώσας
278 2325 384 2357 ἑαυτὸν,
397 2325 448 2352 κᾶν
462 2324 499 2360 μὴ
517 2324 720 2360 θηριομαχήσῃ,
744 2324 889 2359 ἀτιμοῦται
903 2332 910 2339 '

106 2372 145 2398 οὐ
169 2371 356 2406 μὴνὸμισθὸν
372 2371 520 2406 λαμϐάνων
544 2371 591 2397 ἐπὶ
619 2372 658 2406 τῷ
684 2370 911 2405 καταπολεμῆσαι

107 2416 214 2453 θηρίον
228 2416 328 2450 ἔξωθεν
344 2419 475 2452 κυνηγίου
490 2419 541 2454 τὴν
551 2418 686 2454 ἐπαρχίαν
700 2417 835 2453 βλάπτον·
861 2416 911 2442 οὐκ

105 2463 177 2489 εστι
201 2461 230 2488 δὲ
258 2463 392 2498 παιγνικὴ
419 2464 501 2499 τέχνη
533 2463 595 2491 οὔτε
630 2462 790 2498 ἁτιμοποιὸς
811 2462 828 2495 ἡ
858 2461 912 2487 τῶν

103 2506 243 2541 ἀθλητῶν
259 2507 306 2533 καὶ
317 2507 370 2534 τῶν
379 2507 514 2541 λεγόντων
536 2509 564 2534 ὲν
577 2509 632 2539 τοῖς
641 2507 801 2542 Ὀλυμπίοις
811 2506 846 2532 τὰ
868 2507 913 2531 ἐν·

103 2553 212 2588 ούρια,
227 2553 276 2580 καὶ
295 2553 351 2580 τῶν
375 2554 405 2580 ἐν
424 2554 513 2590 ξυστῷ
544 2554 764 2589 ἀγωνιζομένων,
786 2552 834 2579 καὶ
857 2552 911 2578 τῶν

103 2599 247 2636 ἡνιόχων.
268 2600 384 2626 καὶτῶν
400 2600 488 2631 ἄλλως
510 2600 721 2635 ὑπουργούντων
744 2601 773 2626 ὲν
794 2600 852 2631 τοῖς
875 2599 912 2625 ἱε-

105 2647 176 2681 ρ)ἰ;
189 2638 349 2679 ἁγῦῖσι,καὶ
360 2646 414 2672 τῶν
438 2647 584 2682 ραινὸντων
612 2646 684 2681 ὓδωρ
715 2646 771 2677 τοῖς
805 2645 909 2677 ἵπποις,

103 2692 161 2719 καὶ
180 2690 237 2716 τῶν
254 2690 431 2726 βοασευτῶν·
448 2692 611 2727 προαγωγὸς
625 2692 698 2717 ἐστιν
721 2692 734 2718 ὀ
748 2691 832 2725 πόρον
852 2690 912 2716 αισ-

103 2737 185 2774 χρὸν
197 2736 251 2763 ἀπὸ
263 2736 366 2764 δούλων
377 2737 394 2772 ἢ
409 2738 560 2772 ἐλευθέρων
571 2738 743 2772 ποιούμενος.
764 2737 819 2763 εἴτε
838 2745 913 2771 πρω-

101 2782 243 2814 τοτύπως
271 2782 350 2809 τοῦτο
376 2783 615 2819 πραγματεύεται,
643 2784 699 2810 εττε
737 2783 913 2818 προσχήματι

103 2829 316 2867 πραγματείας
329 2830 427 2865 ἑτέρας
441 2830 498 2866 ἔχει
511 2830 545 2857 τὰ
573 2829 686 2857 τοιαῦτα
710 2829 854 2865 πρόσωπα,
874 2829 913 2861 ὡς

150 2917 183 2934 δ’
196 2915 280 2944 Cone.
297 2917 381 2944 Afric.
399 2925 423 2944 c.
438 2917 483 2944 50.

967 2323 1140 2353 sustinuerit.
1154 2322 1206 2355 Qui
1222 2330 1251 2349 se
1269 2323 1378 2352 locavit.
1393 2322 1500 2350 etiamsi
1516 2330 1579 2349 cum
1597 2322 1692 2349 bestiis
1707 2330 1761 2348 non

966 2371 1114 2404 depugnet,
1134 2373 1252 2396 notatur.
1271 2368 1329 2395 Non
1345 2373 1434 2395 tamen
1451 2368 1532 2395 etiam
1551 2368 1597 2402 qui
1612 2367 1760 2394 mercedem

967 2416 1059 2450 capit,
1086 2418 1116 2441 nt
1134 2414 1218 2441 ieram
1237 2422 1297 2449 qum
1318 2414 1423 2448 regioni
1445 2419 1535 2446 nocet,
1556 2418 1632 2441 extra
1652 2421 1761 2440 arcuum

967 2461 1112 2496 depugnet.
1138 2460 1221 2487 Plane
1245 2461 1431 2492 athletarum,
1455 2465 1482 2487 ct
1505 2461 1551 2496 qui
1580 2461 1607 2487 in
1630 2459 1763 2495 Olympiis

965 2507 1129 2535 oblectantia
1143 2507 1259 2539 dicunt,
1284 2511 1310 2534 et
1325 2507 1370 2541 qui
1389 2507 1416 2533 in
1435 2510 1513 2541 xysto
1537 2506 1689 2537 decertant,
1706 2506 1764 2538 agi-

965 2556 1083 2579 tatorum
1099 2553 1182 2584 item,
1198 2556 1225 2578 et
1238 2551 1284 2586 qui
1300 2559 1398 2586 aquam
1416 2551 1494 2586 equis
1510 2556 1641 2586 spargunt
1654 2570 1662 2581 ,
1679 2550 1762 2586 Αθθ

964 2600 1136 2634 aliorumque
1151 2598 1197 2633 qui
1216 2598 1244 2625 in
1260 2599 1346 2625 sacris
1365 2598 1563 2625 certaminibus
1583 2598 1741 2625 dest‘rviunt
1756 2615 1762 2626 ,

963 2651 989 2673 ct
1012 2644 1193 2681 [postremo]
1219 2644 1422 2678 designatorum
1442 2653 1486 2671 ars
1508 2644 1610 2671 ludicra
1625 2651 1678 2670 non
1695 2646 1738 2668 est
1757 2673 1764 2683 ’

968 2698 1055 2726 neque
1071 2690 1267 2724 ignominiosa.
1283 2688 1357 2716 Leno
1370 2695 1422 2723 est,
1440 2691 1486 2724 qui
1504 2695 1610 2724 turpem
1629 2693 1762 2722 qumstum

966 2744 999 2764 ex
1018 2736 1106 2764 servis
1127 2736 1170 2762 vel
1190 2735 1282 2762 liberis
1307 2735 1373 2762 facit
1387 2732 1397 2762 :7
1426 2735 1483 2762 sive
1506 2734 1692 2768 principaliter
1713 2733 1764 2758 huc

968 2784 1106 2818 negotium
1119 2786 1206 2818 gerat,
1224 2781 1281 2808 sive
1293 2781 1406 2808 alterius
1420 2781 1613 2816 negotiationis
1633 2783 1763 2813 przctcxtu

968 2828 1122 2857 istiusmodi
1140 2834 1272 2864 personas
1283 2826 1383 2856 habeat
1398 2836 1405 2860 ;
1427 2832 1457 2854 ut
1477 2825 1561 2862 [puta
1573 2845 1580 2858 ,
1597 2824 1640 2861 si]
1655 2832 1761 2859 caupo,
