1951 3071
213 165 266 198 955

778 178 909 211 ΡΗΟΤΙΙ
927 181 973 212 ΡΑ

1036 184 1065 213 [Α
1071 185 1181 219 ΠΟΙΙΕ
1198 189 1254 222 CP.
1793 212 1838 245 936

213 225 253 252 vel
271 225 438 254 stabularius
452 247 459 259 ,
479 228 519 255 vel
544 228 688 258 balneator
708 232 793 276 [sit].
814 235 902 264 Etiam
919 238 964 272 qui

213 271 342 298 servitute
363 272 425 300 leno
451 273 518 303 fuit.
543 276 588 302 ubi
610 277 679 303 liber
703 278 790 303 factus
811 287 852 303 pst
891 283 974 303 infnvn

1793 225 1837 245 35.0

1036 240 1196 278 λκάπηλος,
1213 247 1229 282 ἢ
1252 249 1442 289 πανδοχεὺς,ἢ
1467 255 1612 292 βαλανεὺς,
1636 262 1683 289 καὶ
1709 264 1837 303 ὁγενόμε-

1057 296 1103 303 η..-
1121 290 1149 303 ιι.
1165 291 1198 303 ι-.
1210 293 1250 303 \J
1419 300 1424 303 -

211 271 342 298 servitute
363 272 425 300 leno
451 273 518 307 fuit,
543 276 588 302 ubi
610 277 679 304 liber
703 271 790 307 factus
811 287 868 315 est,
890 271 1002 311 infamia

212 319 330 342 notatur.
347 315 409 344 llaec
421 318 511 345 omnia
523 321 626 347 suntin
645 321 693 349 lib.
712 330 751 355 Ill,
767 325 807 352 tit.
821 326 847 358 1,
858 326 954 362 digest.
969 329 979 355 1
996 338 1004 362 ;

209 364 237 386 et
252 360 294 387 tit.
311 360 337 394 2,
353 362 500 396 digest.t;
517 370 544 391 et
561 365 609 393 lib.
629 367 673 398 εδ,
695 368 735 395 ιίι.
765 369 802 402 2.
830 360 928 406 digest.
957 360 1002 402 ts;

210 405 283 432 Leno
311 415 421 442 quoque
441 414 504 442 est,
534 411 581 446 qui
613 414 748 442 adulterio
776 405 908 451 pollutam
936 428 1004 448 con-

206 450 299 486 jugem
317 460 394 480 suam
422 461 476 481 non
504 454 638 490 dimittit,
661 466 715 486 non
740 450 821 489 etiam
843 464 890 498 qui
923 463 1004 500 [tan-

209 498 366 535 tummodo]
387 505 539 535 suspectam
553 502 652 537 habet;
669 510 700 532 ut
720 506 768 534 lib.
786 515 812 534 ix
833 510 894 537 cod.
912 498 955 539 tit.
973 513 1000 546 9,

240 548 294 570 nst.
312 544 339 570 2.

240 550 272 569 ns
287 563 294 570 .
312 548 339 570 2.

206 548 316 617 ωοιίιν.
333 589 416 618 XXII.
426 607 461 612 —
472 593 512 620 De
525 597 684 629 spectaculis
697 603 722 625 et
734 599 856 630 ludicris.

279 634 393 663 Concilii
405 636 622 674 Cartlmginensis
645 651 755 673 canones
772 647 815 679 15,
832 649 876 681 60,
892 651 936 679 61.

239 679 277 706 De
287 680 396 709 diversis
411 684 548 712 ordinibus
556 685 682 716 Ecclesia:
694 693 878 727 servientibus,
889 702 953 730 etc.,
968 704 996 726 ιιι

201 733 263 761 pag.
281 726 342 755 705.

237 772 280 800 15.
306 774 373 802 Item
400 777 502 811 placuit
517 786 544 807 ut
561 783 687 818 quisquis
709 786 911 823 episcoporum,
928 796 992 826 etc.,

200 822 229 842 ut
243 825 304 853 pag.
326 820 388 848 703.

233 863 273 891 De
284 873 449 901 paganorum
466 873 601 902 conviviis.

233 908 277 937 ϐυ.
296 910 362 939 Illud
377 915 457 942 etiam
474 919 632 953 petendum,
653 926 718 956 etc.,
737 929 767 951 ut
780 933 842 962 pag.
859 927 922 956 927.

232 956 270 983 De
283 961 447 995 spectaculis,
469 969 497 989 ut
521 965 563 992 die
580 966 729 1002 Dominico,
752 972 790 998 vel
805 976 906 1002 caeteris
926 985 990 1004 san-

196 1006 298 1030 ctorum
313 1004 502 1038 festivitatibus
519 1012 625 1040 minime
637 1015 812 1047 celebrentur.

230 1049 274 1077 61.
302 1050 358 1079 Nec
386 1060 441 1081 non
461 1060 488 1082 et
516 1057 580 1085 illud
606 1062 764 1096 petendum,
781 1071 811 1092 ut
830 1071 986 1101 spectacula

194 1094 374 1131 theatrorum,
386 1105 570 1138 cmterumqne
584 1105 722 1140 ludorum,
734 1115 799 1144 etc.,
815 1117 843 1138 ut
851 1121 911 1149 pag.
922 1115 985 1144 646.

194 1140 307 1170 Concilii
318 1148 470 1174 wcumenici
485 1157 597 1178 canones
614 1152 658 1186 52,
674 1154 717 1187 62,
738 1140 910 1192 ϐὅίἹΙίθύΙ,
924 1140 982 1190 i00.

226 1223 306 1260 461
328 1226 373 1254 ΒΞ.
399 1228 427 1255 ln
453 1231 581 1259 omnibus
597 1240 697 1263 sancta:
710 1236 984 1279 Quadragesimmje-

187 1269 257 1305 juoii
275 1273 380 1306 diebus,
395 1280 459 1309 ete.,
476 1282 504 1303 ut
516 1287 577 1312 pag.
595 1280 667 1308 658.)

225 1317 269 1345 62.
291 1319 426 1350 Kalendas
451 1331 512 1358 quae
535 1325 673 1360 dicuntur,
700 1334 726 1357 et
753 1337 825 1365 vota,
856 1339 884 1362 et
912 1335 980 1364 bru-

189 1364 270 1392 malia
289 1373 351 1400 qua:
371 1374 523 1404 vocantur;
544 1378 571 1400 et
583 1375 629 1408 qui
645 1375 672 1402 in
690 1377 779 1410 primo
795 1379 886 1408 Martii
900 1390 977 1411 men-

189 1411 227 1437 sis
251 1411 296 1439 die
323 1412 352 1439 ﬁt.
378 1420 541 1444 conventum
581 1426 614 1446 ex
641 1421 764 1450 ﬁdelium
799 1426 979 1458 universitate

190 1457 304 1484 omnino
319 1459 378 1486 tolli
391 1461 518 1490 volumus
537 1472 543 1490 :
573 1465 621 1492 sed
642 1471 670 1494 et
694 1469 818 1502 publicas
835 1473 977 1504 mulierum

188 1503 350 1533 saltationes
375 1508 489 1536 multam
514 1518 613 1539 noxam
631 1514 800 1551 exitiumque
815 1519 976 1551 allerentes:

185 1550 252 1584 quin
267 1551 348 1579 etiam
366 1560 422 1585 eas.
442 1563 503 1589 quae
518 1558 631 1586 nomine
646 1567 742 1588 eorum
756 1564 802 1598 qui
820 1564 889 1593 falso
903 1569 975 1603 apud

185 1596 299 1629 gentiles
318 1597 354 1624 dii
368 1599 500 1627 nominati
524 1607 598 1637 sunt,
616 1604 659 1632 vel
674 1607 786 1636 nomine
800 1609 922 1639 virorum
943 1621 975 1641 ac

184 1641 331 1670 mulierum
350 1644 428 1678 ﬁunt,
454 1647 615 1677 saltationes
637 1658 669 1678 ac
684 1655 814 1688 mysteria
833 1664 909 1685 more
923 1666 973 1686 an-

183 1688 260 1722 tiquo
275 1693 302 1716 et
327 1698 341 1717 a
357 1691 412 1719 vita
430 1692 652 1724 Christianorum
675 1699 776 1733 alieno,
791 1703 972 1733 amandamus

182 1737 210 1759 et
231 1735 414 1770 expellimus;
436 1743 587 1769 statuentes
618 1749 648 1770 ut
670 1745 761 1774 nullus
789 1748 830 1775 vir
845 1750 972 1787 deinceps

181 1780 308 1808 muliebri
324 1788 398 1810 veste
415 1785 550 1821 induatur,
569 1789 611 1816 vel
626 1791 723 1819 mulier
738 1798 811 1822 veste
826 1796 886 1823 viro
901 1805 969 1825 con-

180 1825 316 1854 veniente.
339 1827 391 1855 Sed
417 1838 504 1865 neque
530 1835 664 1868 comicas,
688 1837 730 1864 vel
753 1841 899 1874 satyricas,
928 1845 969 1872 vel

180 1870 299 1905 tragicas
314 1880 448 1907 personas
461 1876 573 1905 induat:
590 1887 679 1915 neque
696 1886 857 1914 exsecrandi
869 1886 969 1917 Bacchi

179 1921 291 1949 nomen,
315 1925 395 1945 uvam
418 1920 445 1947 in
471 1923 654 1952 torcularibus
669 1929 866 1964 exprimentes,
884 1933 969 1962 invo-

179 1967 258 1997 cent;
283 1973 371 2000 neque
398 1968 492 1997 vinum
517 1971 543 1997 in
572 1971 655 2001 doliis
670 1976 852 2013 eﬂ‘uodentes,
879 1983 965 2012 risum

177 2016 317 2045 moveant,
341 2013 489 2048 ignorantia
507 2017 547 2045 vel
572 2021 691 2049 vanitate
705 2031 747 2057 ea,
766 2033 826 2060 quae
840 2028 874 2055 ab
893 2029 967 2058 insa-

176 2054 230 2083 niae
247 2056 397 2092 impostura
414 2064 575 2098 procedunt,
590 2073 760 2097 exercentes.
773 2070 826 2100 Eos
841 2081 907 2109 ergo
919 2077 964 2110 qui

176 2101 304 2138 deinceps
327 2105 428 2140 aliquid
448 2114 543 2136 eorum
564 2110 632 2146 (quae
648 2115 750 2149 scripta
770 2123 844 2151 sunt,
862 2101 966 2155 [ἔθετο-

175 2147 296 2182 dientur,
314 2151 360 2179 ubi
379 2153 412 2180 ad
428 2154 526 2182 horum
539 2158 722 2192 cognitionem
740 2167 925 2199 pervenerint,
938 2168 961 2196 si

175 2194 230 2222 sint
245 2196 356 2230 quidem
374 2199 477 2234 clerici,
493 2202 591 2238 deponi
604 2204 753 2240 juhcmus:
768 2210 790 2236 si
808 2218 872 2239 vero
888 2213 960 2248 laici,

174 2243 321 2277 segregari.

207 2333 251 2362 65.
270 2336 336 2369 Qua
348 2337 374 2365 in
394 2340 539 2369 noviluniis
555 2364 562 2376 ,
582 2347 634 2372 etc.
660 2350 688 2372 ut
701 2355 761 2382 pag.
778 2348 838 2378 955.

206 2380 288 2417 462
303 2383 347 2411 Ἡ.
361 2383 424 2416 Eos,
452 2386 499 2421 qui
515 2388 647 2417 docentur
666 2380 746 2426 leges
761 2395 865 2428 civiles,
878 2400 964 2432 genti-

170 2426 236 2454 lium
253 2430 376 2458 moribus
395 2432 433 2459 ιιιί
450 2441 503 2460 ιιοιι
521 2440 657 2469 oportere.
676 2445 764 2473 neque
777 2441 804 2468 in
822 2442 959 2472 theatrum

169 2473 274 2506 induci,
289 2483 376 2511 neque
391 2486 438 2506 eas
456 2487 517 2514 quae
528 2481 658 2510 dicuntur
673 2485 800 2519 cylislras
815 2495 957 2525 peragere,

168 2520 212 2547 vel
232 2525 330 2554 praeter
346 2530 424 2550 usum
446 2532 621 2555 communem
647 2529 699 2557 sibi
718 2537 806 2560 vestes
829 2533 954 2569 induere,

167 2572 219 2592 nec
235 2574 290 2600 quo
312 2571 431 2603 tempore
444 2569 615 2606 disciplinam
642 2575 850 2611 aggrediuntur,
867 2580 906 2607 rel
926 2582 958 2608 ad

166 2612 247 2640 ﬁnem
270 2613 330 2649 ejus
351 2617 522 2650 perveniunt,
546 2619 599 2651 vel.
618 2625 646 2648 ut
671 2621 698 2649 in
723 2630 830 2652 summa
856 2626 957 2660 dicam,

165 2659 192 2686 in
217 2660 277 2694 ejus
300 2661 430 2690 doctrina:
448 2662 572 2692 dimidio.
588 2665 616 2693 Si
633 2667 694 2701 quis
722 2675 812 2698 autem
827 2671 958 2708 deinceps

166 2704 219 2731 hoc
236 2705 323 2733 facere
337 2714 421 2735 ausus
442 2708 535 2743 fuerit,
556 2718 725 2747 segregetur.

200 2751 244 2778 96.
266 2751 317 2784 Qui
345 2753 483 2783 Christum
515 2765 563 2792 per
592 2758 756 2793 baptismum
784 2762 955 2799 induerunt,

165 2797 225 2831 ejus
243 2798 268 2825 in
292 2807 374 2828 carne
389 2802 449 2830 vita:
471 2804 583 2838 agendae
605 2806 738 2835 rationem
765 2808 864 2838 imitari
891 2819 955 2846 pro-

165 2841 230 2870 fessi
246 2851 319 2874 sunt.
337 2847 391 2876 Eos
406 2857 480 2884 ergo,
497 2851 542 2885 qui
559 2853 673 2887 capillos
692 2855 724 2882 ad
743 2857 890 2886 videntium
909 2860 956 2888 ile-

166 2889 322 2921 trimcntum
336 2915 344 2929 ,
364 2897 431 2925 scite
448 2899 607 2935 excogitatis
624 2903 754 2937 nexibus,
777 2909 906 2935 adornant
929 2914 953 2935 οι

1057 296 1103 320 νος
1120 290 1149 316 ὲν
1163 291 1269 329 δουλείᾳ
1285 300 1457 334 προαγωγὸς,
1473 290 1619 338 ἀτιμοῦται
1642 310 1711 343 μετὰ
1725 290 1762 338 τίδ

1057 334 1228 373 θερωθῆναι·
1244 342 1329 370 ταῦτα
1359 346 1448 375 πάντα
1481 334 1570 378 κεῖται
1592 334 1666 388 βιόλ.
1684 357 1719 391 γ’,
1735 360 1784 388 τίτ.
1805 362 1837 395 α’,

1057 381 1264 395 ἒ.ι--ινι’
1315 389 1408 395 ἰ’--

1055 381 1125 409 διάτ.
1135 383 1169 417 α’,
1179 386 1226 413 καὶ
1237 387 1290 415 τιτ.
1312 389 1347 426 β’,
1367 391 1436 421 διάτ.
1451 395 1483 428 δ’,
1513 398 1560 424 καὶ
1581 381 1728 438 max-£1,”
1805 381 1836 444 ’ἐς

1055 426 1114 444 κικι-
1147 430 1333 444 ..οι.-.μρ
1387 438 1393 444 .
1432 439 1476 444 ι..

1054 426 1124 455 διάτ.
1145 430 1191 465 μβ¹
1208 440 1214 446 ·
1231 435 1414 470 πορνοϐοσκὸς
1429 439 1457 466 δέ
1468 426 1527 468 ἐστι
1538 426 1587 471 καί
1609 426 1836 483 όνηπξένέυἶέέσῖιῦ

1052 472 1102 508 τὴν
1116 474 1184 503 ιδίαν
1203 481 1328 516 γαμετὴν
1354 484 1391 518 μὴ
1406 485 1546 519 ἀπολύσας
1557 498 1564 504 ·
1586 492 1616 518 οὐ
1636 472 1702 529 μηνΓ

1053 518 1237 558 ὑποπτεύσας,
1249 526 1286 558 ὡς
1299 527 1369 563 βιόλ.
1385 531 1406 558 θ’
1423 533 1469 559 τοῦ
1485 534 1550 563 κώδ.
1565 537 1616 566 τιτ.
1634 518 1751 573 δ’,Ιδιάι
1761 518 1801 578 [ῥ’.

1086 613 1212 642 ΚΕΦΑΛ.
1227 617 1292 644 ΚΒ’.
1304 634 1337 640 --
1348 622 1420 655 Περὶ
1437 625 1563 659 θεωρίων
1576 629 1626 656 καὶ
1648 634 1800 666 amna-law.

1140 661 1278 690 Συνόδου
1290 666 1501 704 Καρθαγέννης
1513 674 1614 701 κανὼν
1623 675 1664 708 ιε’,
1683 661 1714 711 ξ’,
1729 678 1778 712 ξω.

1082 705 1152 739 Περὶ
1182 707 1334 744 διαφόρων
1360 713 1475 746 τάξεων
1513 718 1551 753 τῇ
1592 705 1756 758 Ἐκκλησία
1770 705 1833 753 δου-

1047 751 1215 781 λευουσῶν.

1083 795 1123 824 ιε’.
1147 798 1264 834 Ὁμοίως
1275 802 1384 837 ἤρεσεν,
1401 805 1443 833 ἵνα
1459 807 1637 846 ὁστισδήποτε
1656 813 1710 841 τῶν
1725 816 1830 844 ἐπισκό-

1044 849 1114 876 πων,
1127 852 1154 871 κ.
1168 854 1193 872 τ.
1205 846 1230 873 λ.

1074 889 1144 924 Περὶ
1153 891 1205 918 τοῦ
1216 893 1382 927 ἀφελέσθαι
1392 898 1428 925 τὰ
1437 899 1497 926 τῶν
1503 900 1656 937 Ἑλλήνων
1667 905 1831 942 συμπόσιαξ

1080 934 1111 968 ξ’.
1126 937 1243 965 Κάκεῖνο
1256 940 1295 967 ἔτι
1305 942 1359 977 μὴν
1369 943 1409 969 δεῖ
1420 946 1540 981 αίτῆσαι,
1559 957 1584 975 κ.
1600 959 1625 976 τ.
1647 952 1672 978 λ.
1736 952 1743 956 ’

1079 982 1150 1016 Περὶ
1172 985 1301 1018 θεωρίων
1317 987 1351 1013 ἐν
1374 988 1412 1023 τῇ
1423 992 1556 1027 Κυριακῇ
1571 996 1621 1022 καὶ
1639 997 1675 1024 ἐν
1692 999 1755 1032 ταῖς
1769 1002 1829 1027 λοι-

1042 1027 1112 1060 παῖς
1124 1028 1183 1055 τῶν
1197 1030 1290 1065 ἁγίων
1303 1034 1419 1069 ἑορταῖς
1443 1039 1589 1074 μηδαμῶς
1610 1027 1827 1075 extructis-tat.

1078 1073 1127 1105 ξαν.
1145 1076 1263 1104 Κάκεῖνο
1280 1079 1320 1105 ἔτι
1342 1080 1396 1116 μὴν
1412 1082 1453 1109 δεῖ
1471 1073 1593 1121 αἰτήσαι,
1615 1088 1659 1116 ἵνα
1683 1090 1717 1116 τὰ
1732 1073 1828 1129 Θεώρισ

1040 1119 1095 1146 τῶν
1109 1120 1260 1157 Θεατρικῶν
1275 1127 1420 1161 παιγνίων,
1436 1139 1462 1157 κ.
1482 1139 1507 1159 τ.
1521 1132 1546 1160 λ.

1039 1165 1175 1194 Συνόδου
1196 1170 1512 1242 οἰκουμενικῆςιιὲκτης
1527 1177 1629 1205 κανὼν
1648 1180 1697 1215 νβ’,
1718 1182 1765 1218 ξβ¹,
1782 1184 1826 1217 ξεν,

1346 1216 1394 1239 nat,
1429 1213 1465 1242 ς’,
1481 1214 1515 1242 ρ’.

1346 1213 1394 1239 σοι’,
1408 1213 1465 1242 ιιιςκ
1481 1214 1515 1245 ρ’.

1073 1247 1122 1282 νβ’.
1146 1248 1190 1275 Ἐν
1198 1249 1300 1283 πάσαις
1311 1254 1370 1285 ταῖς
1382 1256 1431 1290 τῆς
1443 1256 1524 1290 ἁγίας
1535 1259 1764 1299 Τεσσαρακοστῆς
1773 1265 1828 1293 τῶν

1036 1293 1167 1327 νηστειῶν
1180 1296 1306 1332 ἡμέραις,
1324 1307 1351 1327 κ.
1362 1308 1388 1327 τ.
1406 1300 1430 1328 λ.

1071 1337 1120 1373 ξβ’.
1139 1339 1194 1372 Τὰς
1207 1341 1278 1369 οὕτω
1293 1343 1442 1380 λεγομένας
1460 1349 1606 1383 καλάνδας,
1635 1354 1681 1380 καὶ
1698 1355 1732 1382 τὰ
1747 1355 1825 1391 λεγό-

1036 1392 1105 1419 μενα
1119 1385 1195 1421 βότα,
1213 1389 1260 1415 καὶ
1272 1390 1306 1416 τὰ
1318 1391 1475 1429 καλούμενα
1488 1396 1654 1433 βρουμάλια,
1668 1401 1717 1428 καὶ
1731 1385 1825 1439 silv-tv

1033 1432 1065 1466 τῇ
1082 1432 1180 1470 πρώτῃ
1193 1435 1240 1461 τοῦ
1257 1436 1380 1473 Μαρτίου
1407 1441 1492 1476 μηνὸς
1508 1443 1599 1480 ἡμέρᾳ
1612 1432 1824 1485 ἐπιτελουμένην

1033 1478 1199 1514 πανήγυριν,
1213 1482 1341 1517 καθάπαξ
1363 1486 1394 1512 ὲκ
1416 1487 1466 1521 τῆς
1480 1488 1533 1515 τῶν
1554 1478 1659 1520 τιιστῶν
1685 1478 1824 1528 πολιτείας

1031 1525 1243 1560 περιαιρεθῆναι
1261 1527 1413 1565 βουλόμεθα
1427 1540 1433 1547 ·
1462 1533 1532 1561 ἀλλὰ
1559 1537 1613 1572 μὴν
1629 1540 1678 1566 καὶ
1693 1541 1743 1573 τὰς
1767 1525 1823 1569 τῶν

1032 1570 1152 1602 γυναίων
1168 1572 1302 1608 δημοσίας
1316 1577 1444 1612 ὀρχήσεις
1460 1580 1498 1612 ὡς
1522 1570 1668 1618 ἀσεμνους,
1687 1570 1740 1613 καὶ*
1756 1588 1823 1614 πολ-

1031 1614 1080 1650 λὴν
1098 1616 1188 1652 λύμην
1201 1620 1248 1645 καὶ
1260 1620 1363 1657 βλάϐην
1379 1624 1506 1658 ἐμποιεῖν
1518 1614 1673 1663 δυναμένας
1687 1639 1694 1646 ·
1712 1631 1752 1660 ἔτι
1767 1635 1824 1669 μὴν

1033 1661 1137 1693 καὶτὰς
1151 1664 1263 1699 ὀνόματι
1275 1666 1328 1693 τῶν
1336 1671 1403 1705 παρ’
1417 1670 1529 1707 Ἕλλησι
1537 1661 1641 1708 ψευδῶς
1657 1661 1824 1713 δνομασδένέ

1031 1717 1085 1735 των
1104 1709 1200 1745 0εῶνῆ
1216 1711 1244 1744 ἐξ
1259 1713 1363 1748 ἀνδρῶν
1376 1716 1392 1751 ἢ
1412 1719 1550 1750 γυναικῶν
1573 1709 1719 1757 γινομένας
1734 1725 1821 1762 ὀρχή-

1031 1761 1088 1785 σεις
1105 1755 1152 1781 καὶ
1176 1756 1286 1790 τελετὰς
1300 1760 1371 1787 κατά
1381 1770 1407 1788 τι
1419 1761 1478 1794 ἔθος
1490 1765 1605 1794 παλαιὸν
1619 1755 1666 1795 καὶ
1679 1755 1822 1806 ἀλλότριον

1029 1798 1075 1825 τοῦ
1089 1800 1143 1827 τῶν
1158 1802 1330 1836 Χριστιανῶν
1346 1806 1414 1841 βίου,
1428 1809 1666 1847 ἀποπεμπόμεθαν
1681 1798 1821 1850 ὁρίζοντες

1030 1845 1133 1880 μηδένα
1147 1850 1304 1881 γυναικείαν
1321 1853 1417 1888 στολὴν
1432 1855 1644 1892 ὲνδιδύσκεσθαι,
1665 1861 1681 1896 ἢ
1699 1865 1822 1895 γυναῖκα

1029 1891 1077 1926 τὴν
1094 1892 1222 1927 ἀνδράσιν
1236 1896 1364 1931 ἁρμόδιον
1378 1907 1384 1914 ·
1402 1900 1471 1928 ἀλλὰ
1496 1904 1565 1938 μήτε
1582 1891 1742 1941 προσωπεῖα
1765 1919 1823 1937 κω-

1028 1937 1097 1971 μικὰ
1113 1938 1129 1974 ἢ
1148 1943 1283 1976 σατυρικὰ
1306 1943 1322 1979 ἦ
1343 1947 1461 1980 τραγικὰ
1486 1937 1649 1978 ὑποδύεσθαι
1662 1961 1670 1969 ·
1695 1954 1763 1990 μήτε
1787 1957 1820 1983 τὸ

1026 1983 1072 2010 τοῦ
1092 1984 1237 2018 βδελυκτοῦ
1253 1989 1381 2017 Διονύσου
1394 1992 1480 2028 ὄνομα
1498 1995 1547 2030 τὴν
1567 1999 1705 2034 σταφυλὴν
1722 2001 1818 2028 ἐκολὶ-

1027 2027 1123 2061 ϐρντας
1147 2031 1176 2056 ὲν
1199 2034 1260 2064 ταῖς
1274 2033 1364 2068 ληνοῖς
1380 2027 1492 2074 ὲπιϐοᾷν
1506 2048 1514 2055 ·
1525 2027 1531 2030 Π
1541 2041 1608 2076 μηδὲ
1625 2027 1702 2071 ,οἶνον
1714 2046 1743 2071 ἐν
1758 2048 1820 2079 τοῖς

1024 2074 1113 2107 πίθοις
1130 2077 1284 2113 ἐκχέοντας,
1304 2081 1410 2114 γέλωτα
1426 2074 1576 2120 ὲπικινεῖν,
1589 2089 1702 2123 ἀγνοίας
1719 2074 1818 2129 τρόπιμ

1023 2121 1039 2156 ἢ
1056 2124 1237 2159 ματαιότητος
1247 2126 1280 2152 τὰ
1290 2127 1339 2162 τῆς
1349 2128 1542 2164 δαιμονιώδους
1551 2121 1655 2170 πλάνης
1668 2121 1817 2173 ἐνεργοῦνζ

1022 2175 1072 2199 τας
1085 2177 1091 2183 ·
1118 2169 1181 2201 τοὺς
1197 2170 1242 2197 οὖν
1256 2173 1310 2199 ἀπὸ
1324 2174 1371 2200 τοῦ
1399 2176 1446 2202 νῦν
1475 2187 1502 2204 τι
1516 2179 1571 2207 τῶν
1600 2186 1816 2219 προειρημένων

1021 2213 1156 2242 ἐπιτελεῖν
1167 2217 1383 2254 ἐπιχειροῦντας,
1402 2223 1431 2250 ὲν
1445 2224 1544 2257 γνώσει
1558 2227 1660 2255 τούτων
1681 2231 1816 2258 καθιστα-

981 2273 1003 2301 D
1021 2260 1130 2294 μένους,
1147 2263 1269 2298 τούτους,
1282 2267 1306 2292 εί
1323 2267 1373 2302 μὲν
1393 2268 1520 2304 κληρικοὶ
1534 2270 1602 2305 εἷεν,
1619 2275 1814 2312 καθαιρεῖσθαι

1018 2308 1227 2344 προστάσσομεν
1240 2319 1247 2326 ·
1264 2312 1288 2338 ει
1304 2312 1332 2338 δὲ
1352 2313 1454 2349 λαῖκοὶ,
1471 2318 1662 2354 ἀφορίζεσθαι.

1052 2353 1097 2384 ξε’.
1117 2355 1171 2387 Τὰς
1188 2357 1216 2383 ὲν
1233 2359 1292 2390 ταῖς
1306 2361 1464 2396 νεομηνίαις
1478 2371 1505 2391 κ.
1566 2365 1591 2393 λ.

1050 2398 1099 2426 01'.
1117 2401 1185 2434 Τοὺς
1201 2402 1410 2440 διδασκομένους
1435 2409 1498 2442 τοὺς
1513 2411 1669 2446 πολιτικοὺς
1693 2416 1810 2451 νόμους.

1015 2445 1052 2480 μὴ
1065 2446 1120 2472 δεῖν
1139 2448 1189 2483 τῆς
1208 2448 1373 2485 Ἑλληνικοῖς
1395 2453 1468 2481 ἔθεσι
1484 2458 1645 2493 κεχρῆσθαι,
1660 2445 1733 2496 μήτε

1012 2491 1059 2517 ἐπὶ
1076 2491 1199 2528 θεάτρων
1214 2495 1373 2530 ἀνάγεσθαι,
1391 2499 1406 2534 ἦ
1421 2499 1471 2532 τὰς
1493 2491 1642 2538 λεγομένας
1657 2491 1811 2543 κυλίστρας

1011 2537 1156 2572 ἐπιτελεῖν,
1174 2539 1190 2575 ἢ
1206 2542 1282 2576 παρὰ
1292 2542 1339 2578 τὴν
1356 2545 1454 2580 χρῆσιν
1469 2537 1565 2580 στολὰς
1581 2551 1688 2583 ἑαυτοῖς
1698 2537 1811 2589 περιτι-

1012 2583 1098 2618 θέναι,
1118 2585 1188 2620 μήτε
1211 2588 1273 2614 καθ’
1287 2588 1317 2615 ὃν
1331 2591 1426 2626 καιρὸν
1447 2593 1502 2621 τῶν
1519 2595 1691 2631 μαθημάτων
1720 2583 1809 2637 ἐνάρ-

1011 2638 1113 2664 χονται,
1128 2631 1145 2665 ἢ
1161 2632 1229 2667 πρὸς
1252 2634 1282 2660 τὸ
1295 2634 1370 2667 τέλος
1386 2636 1475 2663 αὐτῶν
1493 2642 1676 2674 καταντῶσιν,
1702 2645 1718 2680 ἢ
1735 2646 1810 2673 καο-

1009 2675 1069 2701 όλου
1082 2676 1164 2710 φάναι
1177 2677 1221 2704 διὰ
1234 2679 1317 2714 μέσου
1334 2681 1384 2716 τῆς
1400 2683 1528 2719 τοιαύτης
1541 2687 1719 2720 παιδεύσεως⁸
1736 2692 1761 2717 εἰ
1775 2692 1807 2718 δέ

1008 2729 1050 2752 τις
1065 2721 1118 2747 ἀπὸ
1132 2722 1179 2748 τοῦ
1191 2723 1239 2750 νῦν
1251 2725 1329 2752 τοῦτο
1344 2728 1445 2762 πρᾶξαι
1458 2730 1598 2766 τολμήσοι,
1613 2734 1804 2769 ἀφοριζὲσθω.

1044 2770 1100 2802 ις’.
1115 2770 1147 2796 Οἱ
1169 2770 1214 2797 τὸν
1236 2772 1354 2807 Χριστὸν
1375 2774 1419 2802 διὰ
1437 2778 1484 2803 τοῦ
1511 2773 1700 2815 βαπτίσματος
1723 2784 1805 2810 ἐνδυ-

1009 2815 1130 2850 σάμενοι,
1148 2817 1196 2852 τὴν
1223 2817 1251 2844 ἐν
1273 2819 1354 2854 σαρκὶ
1376 2821 1458 2848 αὑτοῦ
1484 2824 1622 2851 πολιτείαν
1654 2829 1804 2863 μιμεῖσθαι

1007 2861 1238 2899 καοιιιμολόγησαν
1254 2873 1261 2880 ·
1277 2867 1341 2897 τοὺς
1354 2866 1400 2893 οὖν
1417 2868 1467 2900 τὰς
1485 2869 1513 2896 ἐν
1525 2871 1557 2906 τῇ
1572 2873 1676 2908 κεφαλῇ
1699 2875 1802 2909 τρίχας

1008 2910 1074 2945 πρὶς
1090 2910 1178 2946 λύμην
1209 2911 1261 2938 τῶν
1277 2912 1403 2948 δρώντων
1430 2915 1458 2942 ὲν
1487 2917 1620 2950 ἐπινοίαις
1652 2920 1799 2955 ἐμπλοκῆς
