1951 3071
109 225 162 258 957

424 258 432 262 ἡ
439 224 640 256 SYNTAGMA
657 223 851 255 CANONUM.
865 235 901 241 -

962 224 988 254 r.
1006 214 1090 262 Xm,
1109 225 1187 256 CAP.
1205 226 1302 264 xxn,
1316 225 1429 257 XXIII.

1693 228 1744 262 958

111 279 298 313 εὖθετίζοντας
315 278 362 307 καὶ
373 278 612 312 διασκευάζοντας,
635 279 682 306 καὶ
697 278 795 314 δέλεαρ
808 286 896 314 προσ-

962 284 1127 313 mnponunt,
1141 284 1168 307 et
1182 280 1298 309 inﬁrmis
1312 282 1412 309 animis
1422 289 1513 309 escam
1531 290 1562 310 ea
1579 283 1684 311 ratione
1696 287 1744 312 ob-

107 326 233 357 τιθέντας
260 324 386 351 ἐντεῦθεν
412 325 472 356 ταῖς
504 324 681 360 ἀστηρίκτοις
699 324 810 359 ψυχαῖς,
837 323 898 350 ἑπι-

106 372 192 407 τιμίῳ
210 371 359 406 προσφόρῳ
385 370 527 405 πατρικῶς
543 369 740 405 θεραπεύομεν,
759 368 900 402 παιδαγω-

108 416 221 454 γοῦντες
239 417 349 448 αὐτοὺς,
365 417 412 442 καὶ
429 416 577 451 σωφρόνως
591 415 665 450 βιοῦν
685 414 899 446 ἐκδιδάσκοντες,

109 464 178 498 πρὸς
188 463 219 490 τὸ
238 463 356 498 ἀφέντας
371 462 420 498 τὴν
435 462 468 488 ὲκ
493 462 544 497 τῆς
559 461 625 497 ὕλης
651 460 761 496 ἀπάτην
784 461 832 487 καὶ
850 469 901 495 μα-

108 510 251 545 ταιότητα,
277 509 345 545 πρὸς
358 509 407 544 τὴν
423 507 576 544 ἀνώλεθρον
595 508 643 534 καὶ
670 506 812 543 μακαρίαν
828 505 901 542 ζωὴν

109 556 156 583 τιν
182 555 245 582 νοῦν
262 554 390 590 μετάγειν
406 554 551 589 διηνεκῶς,
581 555 630 580 καὶ
653 554 682 580 ἐν
714 553 789 588 φόϐῳ
814 552 901 587 ἁγνὴν

109 601 182 637 ἔχειν
194 600 380 635 αναστροφὴν,
396 600 443 627 καὶ
455 600 515 635 Θεῷ
528 599 687 635 πλησιάζειν
699 599 770 626 κατὰ
779 598 899 633 ἐφικτὸν,

109 647 155 675 διὰ
168 647 218 682 τῆς
231 647 261 673 ὲν
277 646 326 682 βίῳ
341 645 503 680 καθάρσεως
516 654 523 661 ·
539 646 586 672 καὶ
601 646 647 672 τὸν
670 645 744 672 ἔνδον
757 645 774 680 ἢ
792 645 837 671 τὸν
849 643 901 676 ἔξω

110 692 254 728 ἄνθρωπον
273 691 372 727 μᾶλλον
386 692 500 726 κοσμεῖν
512 692 635 726 ἀρεταῖς,
649 690 698 717 καὶ
710 691 838 725 χρηστοῖς
854 689 902 715 καὶ

110 738 239 773 ἁμώμοις
249 739 305 769 τοῖς
316 737 410 772 ἧθεσιν
423 745 431 754 ·
447 736 517 764 ὥστε
534 736 618 772 μηδὲν
631 736 757 770 λείψανον
768 735 860 771 φέρειν
873 736 902 761 ὲν

111 785 220 815 ἑαυτοῖς
232 784 282 819 τῆς
297 784 345 810 τοῦ
358 783 481 810 ἐναντίου
495 783 655 818 σκαιότητος
664 791 671 798 ·
683 785 708 809 εί
721 783 749 809 δέ
764 790 806 814 τις
827 780 904 817 παρὰ

109 830 157 856 τὴν
167 829 290 864 παρόντα
305 829 407 856 κανόνα
423 829 580 862 διαγίνοιτο,
598 827 780 863 ἀφοριζέσθω.

147 876 180 909 ρ’.
196 875 227 900 Οἱ
242 874 389 908 ὀφθαλμοί
398 880 457 901 σου
467 873 538 907 ὀρθὰ
545 872 807 906 βλεπέτωσαν,καὶ
818 872 903 907 πάσῃ

110 918 235 955 φυλακῇ
246 919 326 952 τήρει
339 919 402 952 σὴν
414 919 549 953 καρδίαν,
565 920 582 954 ἡ
600 920 681 954 σοφία
696 918 883 945 διακελεύεται
894 925 902 934 ·

949 324 1066 357 jiciuut,
1092 325 1266 353 convenienti
1301 327 1435 361 supplicio
1459 332 1570 362 paterne
1594 336 1742 362 curamus;

952 369 1025 404 ipsos
1043 370 1218 399 instituentcs
1239 375 1267 399 et
1289 376 1472 407 temperanter
1491 373 1583 401 vivere
1601 374 1742 408 docentes,

952 420 981 443 ut
998 416 1090 443 relicta
1101 416 1196 444 fraude
1210 421 1238 445 et
1248 417 1376 450 vanitate,
1391 427 1451 453 quze
1463 427 1497 446 ex
1513 420 1626 447 materia
1644 421 1743 453 oritur,

952 462 985 489 ad
1002 463 1086 490 exitio
1099 467 1237 491 carentem
1253 464 1417 500 beatamque
1433 465 1526 498 vitam,
1539 471 1657 493 mentem
1671 466 1744 494 assi-

952 508 1005 536 due
1022 510 1183 543 traducunt;
1201 515 1228 538 et
1242 510 1268 538 in
1286 511 1385 539 timore
1396 519 1491 547 puram
1504 516 1531 539 et
1547 517 1669 540 sanctam
1682 520 1745 540 con-

954 554 1135 581 versationem
1156 555 1282 586 habeant.
1303 561 1329 583 et
1351 556 1416 588 Deo,
1435 556 1525 591 quoad
1541 557 1600 592 ejus
1622 557 1679 584 fieri
1697 564 1745 591 po—

956 603 1016 631 test,
1035 601 1251 636 nppropinquent
1264 609 1311 636 per
1323 603 1384 630 vita:
1395 603 1539 637 puritatem
1550 612 1557 635 ;
1568 608 1594 630 et.
1607 603 1744 630 internum

955 646 1043 681 magis
1056 654 1138 681 quam
1154 652 1297 675 externum
1315 648 1451 676 hominem
1469 649 1615 677 virtutibus
1628 655 1654 676 et
1665 649 1744 676 bonis

953 690 1155 726 inculpatisqne
1176 692 1300 720 moribus
1323 698 1473 725 exornent;
1501 697 1531 720 ut
1552 693 1642 720 trullas
1668 693 1695 719 in
1715 699 1745 719 se

954 734 1044 762 ferant
1057 736 1186 771 reliquias
1201 736 1343 763 diabolica:
1359 738 1554 772 perversitatis.
1577 737 1605 763 Si
1621 737 1683 771 quis
1698 744 1745 763 au-

955 785 1008 808 tem
1032 785 1129 815 praeter
1146 781 1220 809 hunc
1233 790 1367 811 canonet'.‘
1384 786 1509 810 versatus
1531 782 1624 816 fuerit,
1638 789 1745 809 excom-

954 827 1119 854 municetur.

992 871 1053 899 100.
1072 872 1152 900 Oculi
1177 873 1217 900 tui
1239 878 1309 900 recto
1339 875 1482 908 aspiciant,
1495 878 1520 901 et
1537 874 1608 901 omni
1624 873 1745 900 custodia

956 916 1045 942 serva‘
1057 924 1102 942 cur
1125 920 1209 948 tuum,
1222 917 1298 951 jubet
1321 917 1458 952 Sapientia
1472 918 1506 946 δ’.
1527 917 1657 952 Corporis
1671 910 1744 944 enim

112 963 211 1000 ῥᾳδίως
228 965 282 1000 γὰρ
302 965 335 991 τὰ
350 964 456 991 ἑαυτῶν
481 965 528 991 ἐπὶ
559 965 608 1000 τὴν
627 965 727 1000 ψυχὴν,
741 965 769 991 αἱ
784 964 831 990 τοῦ
846 964 899 990 σώ-

962 970 1049 990 iensus
1059 970 1107 990 sua
1123 963 1202 990 facile
1211 963 1237 989 in
1248 963 1365 990 animam
1375 963 1527 990 effundunt.
1538 963 1662 990 Pieturas
1680 971 1745 998 ergo

112 1017 198 1045 ματος
215 1009 357 1045 αἰσθήσεις
380 1010 566 1045 είσκρίνουσι·
583 1011 634 1041 τὰς
661 1008 707 1036 οὖν
735 1009 785 1043 τὴν
805 1009 900 1044 ὅρασιν

111 1055 368 1089 καταγοητευούσας
381 1056 502 1091 γραφὰς,
517 1055 572 1082 εἴτε
587 1057 617 1082 ὲν
627 1055 736 1088 πίναξιν
749 1056 803 1082 εἴτε
814 1054 901 1086 ἄλλως

110 1108 172 1132 πως
195 1101 418 1136 ὰνατεθειμένας,
440 1102 488 1128 καὶ
521 1101 567 1128 τὸν
595 1101 657 1128 νοῦν
678 1100 900 1136 διαφθειρούσας,

112 1147 160 1173 καὶ
174 1146 301 1178 κινούσας
315 1148 385 1182 πρὸς
397 1147 432 1174 τὰ
447 1147 500 1174 τῶν
512 1148 635 1183 αἰσχρῶν
649 1147 751 1183 ἡδονῶν
762 1146 902 1174 ὑπεκκαύ-

113 1199 197 1226 ματα,
225 1192 350 1227 οὒδαμῶ;
375 1192 429 1219 ἀπὸ
460 1192 508 1219 τοῦ
534 1192 581 1219 νῦν
604 1194 633 1219 ἐν
658 1192 807 1227 οίῳδήποτε
826 1191 901 1226 τόπῳ

112 1235 320 1271 προστάσσομεν
331 1236 548 1271 ὲγχαράττεσθαι
563 1245 570 1252 ·
587 1238 611 1263 εἰ
623 1237 652 1263 δέ
664 1245 705 1268 τις
719 1237 797 1263 τοῦτο
811 1235 901 1271 πράσ-

113 1290 171 1308 σειν
183 1282 308 1317 ὲπιχειρή
314 1291 365 1313 σοι,
381 1282 563 1317 ἁφοριζέσθω.

148 1327 211 1358 Πῶς
225 1327 259 1353 τὰ
276 1326 376 1362 θεὼρια
387 1326 539 1359 τελοῦνται,
556 1327 604 1354 καὶ
624 1327 683 1359 πῶς
703 1327 807 1361 γίνεται
822 1327 838 1362 ἠ
854 1326 902 1352 δα-

112 1374 185 1409 πάνη
202 1373 302 1405 αὐτῶν,
318 1374 365 1399 καὶ
379 1374 420 1399 ὅτι
444 1373 554 1399 δύναται
577 1374 591 1399 ὁ
603 1373 695 1408 ἀρχων
719 1372 754 1399 τὰ
782 1371 902 1406 θεωρικὰ

113 1419 183 1455 πρδς
197 1419 294 1454 καιρὸν
310 1419 452 1453 ἀφορίζειν
474 1419 514 1450 είς
539 1419 689 1445 ἀνανέωσιν
700 1417 808 1452 τειχῶν,
823 1416 901 1452 εἴρη-

111 1473 158 1491 ται
173 1463 243 1499 βιὸλ.
264 1463 298 1490 ια’
313 1463 360 1490 τοῦ
383 1463 460 1496 κώδ.,
475 1463 527 1489 τίτ.
542 1466 596 1498 μα’,
614 1463 668 1498 μβ¹,
688 1461 740 1497 μδ¹,
764 1465 828 1498 pg"
846 1463 861 1488 ὁ
872 1461 902 1488 δὲ

113 1509 158 1549 με’
174 1510 228 1538 τίτ.
248 1511 355 1546 ἀναιρεῖ
367 1509 416 1546 τὴν
433 1510 497 1536 θέαν
509 1508 564 1535 τῶν
578 1509 749 1544 μονομάχων.

149 1556 276 1582 ΚΕΦΑΛ.
301 1556 364 1582 Kl".
380 1570 415 1575 —
431 1553 499 1589 Περὶ
520 1551 659 1581 κλεπτῶν
682 1551 732 1579 καί
750 1553 902 1588 τυμϐωρύ-

112 1609 177 1636 κων
193 1600 242 1627 καὶ
255 1599 388 1634 λῃστῶν.

298 1645 461 1672 Βασίλειον
482 1643 583 1671 κανὼν
600 1643 649 1676 ξας
665 1642 718 1675 Eg".

150 1691 200 1724 Ea'.
222 1691 252 1718 '0
278 1690 379 1725 κλέψας
395 1691 420 1717 εί
445 1691 494 1726 μὲν
520 1691 567 1725 ἀφ’
588 1690 685 1717 ἑαυτοῦ
705 1689 904 1725 μεταμεληθεὶς

113 1736 292 1773 κατηγορήσῃ
305 1736 413 1768 ἑαυτοῦ,
425 1736 548 1762 ἐνιαυτὸν
558 1735 745 1770 κωλυθήσεται
759 1735 838 1769 μόνον
851 1735 901 1769 τῆς

114 1786 260 1815 κοινωνίας
277 1784 332 1811 τῶν
350 1783 544 1818 ἀγιασμάτων·
560 1784 584 1809 εί
598 1783 626 1809 δὲ
642 1783 794 1818 ἐλεγχθείη,
812 1783 841 1809 ὲν
855 1782 902 1808 δυ-

114 1831 160 1859 σὶν
173 1830 246 1856 ἔτεσι
259 1838 265 1845 ·
279 1829 474 1865 μερισθήσεται
494 1829 523 1856 δὲ
539 1829 614 1864 αὑτῷ
634 1830 648 1855 ό
670 1830 766 1864 χρόνος
778 1830 818 1861 είς
836 1829 903 1856 ὑπό-

113 1884 221 1903 πτωσιν
237 1876 284 1903 καὶ
304 1875 433 1903 σύστασιν
447 1884 454 1890 ·
480 1876 527 1902 καὶ
549 1877 610 1902 τότε
632 1875 768 1908 ἀξιούσθω
781 1876 829 1910 τῆς
847 1884 904 1902 κοι-

113 1923 223 1954 νωνίας.

152 1968 206 2001 ξς¹⁸
229 1968 258 1995 '0
281 1967 472 2003 τυμϐωρύχος,
486 1967 516 1993 ὲν
531 1966 597 1994 δέκα
620 1966 707 1992 ἔτεσιν
724 1966 904 2002 ἀκοινώνητος

114 2015 206 2047 ἔσται,
223 2015 252 2041 ὲν
264 2015 324 2041 δυσὶ
339 2013 524 2050 προσκλαίων,
550 2013 579 2039 ὲν
605 2013 694 2048 τρισὶν
714 2011 900 2047 ἀκροώμενος,

115 2061 147 2088 ὲν
162 2062 308 2096 τέσσαρσιν
322 2060 495 2092 ὑποπίπτων,
509 2059 551 2086 ἐνὶ
566 2058 594 2086 δὲ
605 2058 743 2090 συνεστὼς
757 2066 764 2074 ’
781 2058 830 2085 καὶ
843 2059 905 2085 τότε

114 2106 329 2143 δεχθησόμενος.

229 2150 396 2184 Γρηγοριου
415 2150 543 2183 Νύσσης
563 2157 630 2184 περ.
647 2152 684 2182 ς’,
706 2147 738 2182 ξ’,
753 2147 788 2185 η’⁸

152 2199 191 2229 ς’.
209 2196 247 2223 Τὸ
263 2197 291 2223 δὲ
312 2197 405 2232 ἕτερον
431 2194 501 2227 εἶδος
518 2196 568 2230 τῆς
594 2196 800 2232 εἰδωλολατρίας
823 2195 905 2230 (οὕτω

113 2242 171 2278 γὰρ
190 2243 316 2278 ὀνομάζει
332 2242 380 2279 τὴν
402 2242 559 2275 πλεονεξίαν
587 2243 601 2268 ὁ
631 2242 702 2274 θεῖος
720 2242 903 2278 ’Δπόστολος),

955 1015 1017 1042 quae
1033 1008 1126 1035 oculos
1136 1009 1331 1044 praestringunt
1342 1009 1400 1036 sive
1414 1010 1440 1036 in
1450 1009 1559 1039 tabulis.
1576 1010 1633 1036 sive
1648 1009 1746 1043 quovis

956 1053 1010 1080 alio
1024 1054 1105 1081 modo
1129 1055 1247 1086 tiant,et
1274 1059 1390 1082 mentem
1416 1059 1596 1090 corrumpunt
1613 1075 1620 1086 ,
1654 1059 1680 1081 et
1712 1054 1744 1080 ad

957 1100 1078 1134 turpium
1110 1101 1280 1135 voluptatum
1328 1106 1438 1128 movent
1476 1101 1622 1132 incendia,
1673 1100 1745 1126 nullo

956 1144 1038 1172 modo
1053 1144 1179 1179 deinceps
1189 1144 1270 1180 463
1284 1145 1549 1180 exprimijuhemus.
1571 1145 1598 1172 Si
1614 1145 1676 1179 quis
1697 1152 1746 1171 au-

955 1193 1010 1216 tem
1038 1189 1091 1217 hoc
1106 1189 1195 1217 facere
1207 1198 1353 1225 aggressus
1371 1191 1463 1223 fuerit,
1496 1191 1657 1224 deponatur.
1700 1219 1704 1222 ,

995 1325 1248 1358 TextusQuomodo
1258 1326 1411 1360 spectacula
1422 1329 1596 1360 peraguntur,
1609 1325 1747 1359 quomodo

957 1372 984 1399 in
1004 1372 1048 1398 illa
1063 1377 1187 1406 sumptus
1204 1372 1258 1402 fiat,
1273 1371 1384 1406 etquod
1403 1371 1621 1405 spectaculorum
1643 1370 1748 1403 impun-

958 1425 1003 1444 sas
1030 1425 1130 1452 praeses
1153 1418 1187 1444 ad
1214 1425 1356 1444 murorum
1383 1416 1557 1444 refectionem
1583 1417 1616 1442 ad
1639 1419 1747 1450 tempus

957 1464 1079 1492 derivare
1094 1465 1189 1498 possit,
1204 1463 1304 1490 dicitur
1321 1463 1366 1490 lib.
1381 1463 1442 1490 cod.
1463 1462 1491 1489 H
1508 1482 1516 1494 ,
1533 1462 1575 1488 tit.
1595 1462 1639 1493 il,
1654 1461 1698 1493 42,
1713 1460 1747 1487 45

958 1515 985 1539 et
997 1510 1041 1538 46.
1063 1510 1117 1542 Tit,
1132 1511 1176 1543 i5.
1188 1511 1259 1538 tollit
1274 1510 1428 1545 spectacula
1449 1510 1639 1545 gladiatorum.

995 1555 1071 1583 CAP.
1085 1554 1179 1582 XXIII.
1192 1570 1226 1575 —
1238 1555 1274 1582 De
1292 1556 1406 1590 furibus,
1420 1555 1600 1590 sepulcrorum
1616 1553 1748 1588 expilata.

957 1603 1041 1636 ribus,
1057 1608 1082 1631 et
1095 1601 1251 1629 latronibus.

1178 1646 1274 1674 Basilii
1287 1654 1400 1673 canones
1417 1645 1461 1677 61,
1479 1645 1524 1673 66.

996 1694 1041 1722 61.
1070 1693 1123 1727 Qui
1150 1694 1256 1720 furatus
1287 1697 1339 1724 est,
1371 1692 1506 1727 siquidem
1535 1695 1631 1726 sponte
1660 1689 1749 1724 potni-

959 1740 1044 1768 tentia
1069 1744 1161 1770 notus.
1192 1739 1312 1774 seipsum
1337 1737 1491 1770 accusarit;
1526 1744 1628 1764 annum
1650 1743 1665 1762 a
1691 1735 1748 1762 sola

961 1788 1196 1813 sacramentorum
1211 1783 1407 1811 communione
1431 1783 1586 1810 arcebitur:
1601 1781 1641 1808 sin
1658 1785 1749 1807 autem

960 1831 1101 1858 convictus
1125 1830 1217 1863 fuerit,
1237 1837 1324 1856 annos
1352 1829 1432 1857 duos.
1455 1828 1595 1856 Dividetur
1617 1831 1707 1854 autem
1723 1825 1749 1852 ei

960 1883 1068 1913 tempus
1080 1878 1106 1904 in
1126 1877 1339 1904 substrationem
1360 1881 1387 1904 et
1405 1876 1628 1903 consistentiam:
1645 1878 1672 1901 et
1685 1878 1750 1900 tunc

960 1923 1154 1951 communione
1173 1923 1272 1957 dignus
1290 1922 1433 1949 habeatur.

995 1969 1041 1996 65.
1057 1968 1108 2001 Qui
1134 1976 1212 1995 suam
1243 1967 1270 1994 in
1295 1968 1437 1994 brutorum
1464 1967 1610 1994 concubitu
1646 1965 1745 1999 impie-

959 2020 1040 2043 tatem
1057 2014 1213 2047 conﬁtetur,
1232 2014 1302 2041 idem
1328 2019 1435 2048 tempus
1459 2013 1487 2040 in
1510 2013 1666 2048 poenitentia
1694 2019 1749 2040 ser-

959 2063 1045 2090 vabit.

1104 2152 1225 2188 Gregorii
1241 2150 1355 2186 Nysseni
1372 2158 1484 2177 canones
1500 2149 1531 2183 6,
1546 2151 1572 2182 ’1.
1590 2150 1617 2177 8.

997 2199 1024 2226 6.
1035 2198 1124 2225 Altera
1144 2201 1233 2224 autem
1257 2196 1415 2223 idololatriae
1433 2196 1535 2230 species
1553 2196 1603 2231 (sic
1619 2194 1690 2221 enim
1708 2195 1750 2222 di-

961 2245 1042 2272 vinus
1060 2243 1206 2278 Apostolus
1225 2241 1365 2268 avaritiam
1375 2241 1544 2275 appellat"),
1556 2240 1650 2267 nescio
1682 2247 1751 2275 quo~

114 2289 167 2316 οὐκ
179 2286 239 2317 οῖδα
254 2289 328 2320 ὅπως
346 2289 534 2324 ἀθεράπευτον
550 2289 602 2315 ὑπὸ
616 2288 671 2315 τῶν
686 2289 816 2324 Πατέρων
827 2289 903 2324 ἡμῶν

963 2290 1044 2318 modo
1059 2291 1162 2324 absque
1178 2288 1231 2315 ulla
1247 2295 1334 2322 parum
1349 2287 1451 2314 medela
1466 2294 1480 2313 a
1495 2285 1620 2313 Patribus
1637 2291 1750 2321 praeter-

114 2333 276 2370 περιώφθη·
295 2335 385 2362 καίτοι
401 2343 433 2370 γε
454 2335 530 2363 δοκεῖ
549 2335 579 2361 τὸ
602 2335 723 2362 τοιοῦτον
742 2334 837 2365 κακὸν,
859 2334 908 2369 τῆς

115 2380 232 2418 τριττῆς
245 2382 274 2407 ὲν
288 2383 321 2416 τῇ
342 2382 415 2417 ψυχῇ
430 2381 624 2413 καταστάσεως
647 2381 734 2412 πάθος
749 2378 818 2408 εἶναι
834 2389 840 2396 ·
859 2380 907 2407 καὶ

115 2427 197 2462 γὰρό
216 2427 346 2464 λογισμὸς
364 2427 411 2462 τῆς
428 2427 475 2454 τοῦ
493 2427 577 2454 καλοῦ
593 2427 709 2463 κρίσεως
729 2427 906 2462 ἁμαρτάνων,

115 2473 148 2500 ὲν
161 2474 195 2508 τῇ
212 2473 262 2509 ὕλῃ
277 2474 308 2500 τὸ
325 2473 406 2500 καλὸν
421 2471 490 2500 εἶναι
505 2474 681 2509 φαντάζεται,
698 2474 728 2499 οὐ
745 2473 813 2508 πρὸς
824 2472 906 2500 ἅῡλον

117 2519 280 2546 ἀναϐλέπων
297 2520 394 2555 κάλλος
407 2528 415 2536 ⁸
440 2521 487 2547 καὶ
502 2521 519 2555 ὴ
536 2520 670 2555 ἐπιθυμία
684 2520 751 2556 πρὸς
775 2521 809 2547 τὰ
834 2519 909 2547 κάτω

119 2567 173 2603 ῥεῖ,
193 2565 242 2592 τοῦ
257 2566 373 2601 ἀληθοῦς
387 2566 500 2601 ὸρεκτοῦ
524 2566 698 2601 ἀπορρέουσα
711 2574 718 2581 ·
736 2565 784 2592 καὶ
801 2565 816 2600 ἠ
835 2565 909 2599 φιλό-

118 2611 210 2642 νεικός
226 2620 256 2638 τε
275 2612 322 2638 καὶ
337 2611 466 2647 θυμώδης
486 2611 605 2644 διάθεσις
627 2611 726 2643 πολλὰς
745 2612 776 2638 ἐκ
792 2611 841 2646 τῆς
856 2620 911 2637 τοι·

119 2655 209 2692 αύτης
232 2657 371 2692 ἁμαρτίας
397 2657 446 2687 τὰς
472 2656 600 2692 ἀφορμὰς
628 2656 784 2691 λαμϐάνει·
809 2657 856 2682 καὶ
879 2655 911 2682 τὸ

118 2701 181 2733 ὂλον
204 2703 293 2728 εἰπεῖν
310 2703 452 2736 συμφωνεῖ
472 2703 490 2737 ἡ
508 2702 619 2737 τοιαύτη
642 2702 718 2733 νόσος
739 2702 778 2738 τῷ
795 2703 910 2728 ἀποστο-

119 2749 190 2784 λικῷ
205 2750 254 2784 τῆς
279 2748 436 2780 πλεονεξίας
462 2749 518 2783 ὅρῳ
531 2755 538 2762 ·
553 2748 567 2773 ὸ
583 2749 638 2783 γὰρ
653 2747 725 2779 θεῖος
751 2748 912 2780 ’Λπὸστολος

121 2795 153 2822 οὐ
181 2795 262 2830 μόνον
297 2795 381 2830 αὐτὴν
409 2794 627 2828 εἰδωλολατρίαν,
654 2793 721 2821 ἀλλὰ
755 2794 801 2820 καὶ
834 2794 912 2829 ῥίζαν

122 2841 233 2869 πάντων
249 2841 303 2868 τῶν
328 2841 421 2868 κακῶν
447 2841 625 2876 ἀπεφήνατο·
645 2841 692 2868 καὶ
713 2841 789 2876 ὅμως
810 2841 840 2867 τὺ
856 2849 912 2867 τοι-

368 2932 382 2942 ι,

157 2932 181 2951 δ’
205 2931 284 2960 Prov.
305 2932 394 2964 H323.
432 2931 605 2967 '°Ephcs.v,

961 2338 1044 2364 missa
1067 2336 1112 2363 sit.
1136 2335 1217 2369 Atqui
1240 2334 1290 2360 hoc
1307 2333 1408 2360 malum
1432 2332 1540 2367 quidem
1562 2332 1670 2358 videtur
1690 2339 1751 2359 esse

961 2384 1042 2411 trium
1058 2382 1141 2409 animi
1156 2381 1386 2408 constitutionnm
1403 2378 1519 2406 affectio.
1537 2379 1607 2405 Nam
1625 2382 1651 2405 ct
1667 2379 1748 2410 ratio,

960 2429 994 2456 ab
1012 2429 1070 2464 ejus
1088 2428 1160 2464 quod
1181 2427 1324 2462 pulchrum
1340 2430 1381 2453 est
1394 2425 1513 2460 judicio,
1530 2425 1676 2457 aberrans.
1690 2432 1751 2452 esse

961 2475 987 2502 in
1010 2475 1123 2502 materia
1146 2473 1219 2508 quod
1243 2472 1385 2507 pulchrum
1407 2476 1449 2498 est
1468 2471 1622 2504 existimat,
1640 2478 1694 2497 non
1717 2470 1750 2497 ad

962 2520 1190 2556 pulchritudinem
1214 2526 1229 2546 a
1252 2517 1365 2545 materia
1387 2522 1539 2551 separatam
1560 2517 1709 2551 aspiciens,
1725 2520 1751 2543 ct

963 2567 1129 2594 desiderium
1145 2566 1178 2592 ad
1192 2573 1224 2592 ea
1239 2572 1299 2599 quae
1313 2568 1378 2591 sunt
1394 2562 1521 2590 inferiora
1543 2562 1701 2595 inclinatur,
1718 2562 1752 2589 ab

963 2622 996 2641 eo
1009 2613 1081 2648 quod
1094 2620 1156 2639 vere
1171 2618 1213 2639 est
1226 2611 1406 2646 expetendum
1422 2610 1554 2637 dilabens.
1569 2608 1630 2636 Jam
1646 2617 1710 2636 vero
1726 2614 1752 2636 ct.

965 2659 1135 2686 contentiosa
1151 2658 1213 2684 anin
1227 2664 1328 2691 oanue
1341 2656 1438 2683 animm
1453 2656 1560 2682 all‘ectio
1577 2663 1610 2682 ex
1625 2657 1675 2682 hoc
1689 2663 1753 2689 pec-

964 2711 1024 2732 cato
1039 2703 1121 2740 464
1134 2704 1233 2730 multas
1249 2703 1407 2730 measioues
1426 2702 1532 2737 accipit.
1547 2701 1579 2728 Et
1597 2705 1625 2727 ut
1646 2701 1670 2727 in
1691 2701 1752 2726 uni-

963 2758 1072 2777 versum
1089 2750 1192 2779 dicam.
1210 2749 1253 2775 hic
1270 2749 1380 2774 morbus
1395 2755 1455 2774 eum
1469 2746 1615 2781 apostolica
1632 2745 1752 2771 avaritia:

963 2795 1121 2822 definitione
1138 2794 1284 2821 consentit.
1302 2794 1412 2820 Divinus
1435 2793 1506 2820 enim
1525 2790 1671 2826 Apostolus
1690 2798 1751 2817 eam

964 2849 1018 2869 non
1037 2841 1124 2869 solum
1144 2840 1338 2871 idololatriam,
1355 2840 1402 2867 sed
1421 2839 1502 2866 etiam
1522 2837 1644 2865 omnium
1665 2836 1752 2863 malo-
