1951 3071
224 179 278 212 959

790 181 921 212 t’H‘OTlI
941 181 1193 212 PATRIARCIL‘E
1206 181 1260 212 CP.

1803 181 1850 213 960

223 243 283 262 rum
303 234 420 262 radicem
440 235 672 270 pronuntiavit“;
693 239 720 262 et
739 239 829 263 tamen
851 237 908 263 haec
926 235 1009 263 morbi

1067 235 1145 262 οὖτον
1173 233 1242 266 εἶδος
1270 234 1406 270 παρώφθη
1435 234 1486 269 τῆς
1509 235 1588 262 νόσου
1615 234 1809 262 ἀνεπίσκεπτόν
1822 246 1849 263 τε

221 281 336 316 species.
349 282 551 309 inconsiderata
565 287 592 309 ct
604 283 707 317 absque
719 282 774 309 ulla
789 281 848 316 ejus
864 290 931 310 cura
946 290 1014 317 pra:-

221 327 346 355 termissa
362 332 403 355 est
416 337 423 356 :
437 335 492 363 quo
505 328 543 359 Iit,
556 333 585 355 ut
599 329 643 356 hic
658 329 770 356 morbus
785 329 864 355 valde
878 329 903 355 in
921 329 1015 356 Eccle-

220 373 259 400 sia
276 373 422 406 redundet,
436 379 462 400 et
479 382 560 402 nemo
579 374 604 400 in
635 375 669 403 iis
701 374 747 409 qui
765 374 797 401 ad
814 375 917 402 clerum
931 375 1015 401 addu-

220 423 331 451 cuntur,
366 419 493 454 inquirit,
528 427 592 446 num
616 420 661 454 qni
683 427 714 446 eo
737 420 898 447 idololatriae
917 428 1015 455 genere

220 464 315 498 polluti
329 465 394 492 sint.
411 465 461 491 Sed
476 466 509 492 de
524 465 556 492 iis
573 465 693 500 quidem,
710 466 839 500 quoniam
855 466 881 493 id
896 475 911 493 a
926 466 1014 494 Patri-

222 509 272 537 hus
299 512 514 546 praetermissum
538 516 580 539 est
605 511 729 539 suﬂicere
752 513 880 540 existimo
904 513 1012 548 publica

219 556 351 584 doctrina:
370 557 489 590 ratione,
504 565 535 584 ea
554 557 692 590 quomodo
712 558 770 584 lieri
788 563 877 592 potest
899 552 1011 591 curare,

220 603 302 629 veluti
317 603 450 637 quosdam
465 604 575 631 morbos
587 611 619 630 ex
634 603 783 638 repletionc
794 609 879 636 ortos,
892 604 1014 640 inexple-

221 647 285 676 bilis
298 649 419 676 avaritite
433 649 592 676 aﬂ‘ectioncs
609 649 731 676 oratione
747 654 903 684 purgantes.
918 650 1011 678 Solum

220 700 312 723 autem
327 695 441 728 furtum,
456 701 482 722 et
495 695 685 730 sepulcrorum
695 693 913 726 eﬂ'ossionem.et
927 696 1012 723 sacri-

219 741 319 776 legium
335 742 398 769 ritia
414 742 618 772 existimamus,
633 741 706 775 quod
725 741 764 767 sic
783 749 796 767 a
819 742 928 768 l‘atrum
947 749 1012 768 con-

219 788 378 820 sequentia.
394 788 451 814 hzec
470 787 548 814 nobis
567 787 674 813 traditio
695 785 763 813 facta
781 787 825 813 sit.
839 787 920 821 Atqui
940 787 1010 822 apud

219 832 340 859 divinatn
361 833 530 868 Scripturam
550 839 576 862 et
594 835 673 862 fenus
690 840 716 862 et
735 843 819 862 usura
837 840 902 862 sunt
920 837 1012 870 prohi-

219 880 285 912 bita,
302 884 329 907 et
344 888 391 915 per
406 882 551 916 quamdam
574 883 735 916 potentiam,
752 883 783 910 ad
805 890 882 910 suam
902 891 1012 918 posses-

219 925 325 953 sionem
350 926 435 954 alicna
464 928 622 961 traducere,
645 929 752 956 etiamsi
778 929 828 956 sub
854 934 1011 958 contractus

219 975 267 998 aut
289 972 482 999 transactionis
506 973 597 1007 specie
620 973 672 1000 hoc
696 974 814 1001 fortasse
837 974 938 1001 factum
963 975 1008 1001 sit.

219 1017 354 1049 Quoniam
370 1024 435 1052 ergo
452 1025 501 1045 nos
515 1019 625 1052 quidem
642 1019 674 1046 ad
691 1027 826 1046 canonum
847 1024 1008 1054 potestatem

219 1064 419 1097 assequendam
434 1064 485 1091 ﬁde
501 1064 574 1100 digni
592 1073 646 1092 non
665 1074 775 1099 sumus,
791 1066 817 1093 in
838 1067 884 1100 iis,
899 1075 960 1102 quae
976 1075 1008 1094 ex

218 1109 346 1137 confesso
363 1110 497 1144 prohibita
515 1115 594 1145 sunt,
611 1112 770 1139 canonicam
788 1112 949 1140 sententiam
966 1113 1008 1140 di-

217 1155 269 1181 ctis
293 1153 349 1188 jam
374 1155 546 1190 adjiciamus.
571 1157 708 1183 Dividitur
731 1161 822 1184 autem
851 1157 954 1184 furtum
981 1158 1009 1185 in

217 1199 391 1226 latrocinium
419 1209 465 1227 seu
492 1200 739 1235 depragdationem,
762 1206 789 1229 et
813 1196 843 1229 in.
867 1210 1007 1230 murorum

217 1245 405 1273 eﬂ'ossionem.
420 1247 492 1273 Idem
514 1252 603 1274 autem
625 1249 767 1282 utriusque
785 1253 826 1275 est
844 1248 1007 1282 institutum,

219 1290 347 1318 videlicet
361 1292 449 1319 aliena
463 1292 570 1319 auferre
592 1300 598 1318 :
618 1292 644 1319 in
665 1293 756 1319 animo
771 1298 859 1320 autem
877 1294 1007 1328 ipsorum,

217 1344 317 1370 magna
338 1343 379 1365 est
400 1337 469 1364 inter
492 1346 522 1365 se
539 1338 701 1366 diﬂ'crentia.
719 1338 800 1366 Latro
821 1339 909 1370 enim,
925 1339 1007 1366 etiam

217 1383 396 1411 homicidium
415 1384 449 1411 ad
467 1384 493 1411 id
513 1385 584 1419 quod
604 1386 697 1412 studet
711 1385 819 1419 assequi
835 1386 960 1417 assumit,
974 1385 1008 1412 ad

217 1429 244 1457 id
261 1434 372 1464 paratus
386 1434 413 1457 et
427 1430 523 1461 armis,
535 1435 560 1458 el
576 1431 674 1464 copiis,
685 1435 711 1457 et
726 1431 929 1464 opportunitate
945 1431 1007 1463 loci,

217 1477 285 1503 adeo
302 1481 331 1503 nt
347 1476 371 1503 is
390 1476 589 1503 homicidarum
607 1476 710 1510 judicio
729 1477 901 1511 subjiciatur,
918 1477 940 1504 si
961 1485 1010 1512 per

216 1522 405 1556 pccnitentiam
423 1522 457 1549 ad
473 1521 554 1557 465
574 1522 620 1549 Dei
640 1521 790 1549 Eeclesiam
807 1530 933 1550 reversus
949 1522 1008 1550 fue-

1066 281 1239 317 ἀτημέλητον
1252 290 1259 297 ·
1292 281 1333 308 διὸ
1353 281 1398 308 καὶ
1418 281 1561 313 πλεονάζει
1587 281 1658 308 κατὰ
1670 281 1720 312 τὰς
1740 281 1849 317 Ἐκκλη-

1066 327 1128 358 σίας
1142 327 1172 353 τὸ
1198 327 1319 354 τοιοῦτον
1335 326 1509 363 ἀρρώστημα
1521 335 1528 341 ”
1544 329 1591 353 καὶ
1613 327 1700 358 οὐδεὶς
1723 327 1785 359 τοὺς
1807 328 1849 354 ἐπὶ

1064 373 1111 399 τὸν
1127 373 1226 409 κλῆρον
1255 373 1407 408 ἀγομένους
1434 373 1659 408 περιεργάζεται,
1677 372 1714 407 μή
1738 381 1796 404 πως
1813 373 1849 408 τῷ

1066 419 1182 455 τοιούτῳ
1201 419 1267 446 εἴδει
1296 419 1347 454 τῆς
1376 418 1583 454 εἰδωλολατρίας
1610 410 1848 454 κατεμιάνθησανι

1065 465 1134 492 ἀλλά
1153 466 1217 502 περὶ
1245 466 1295 501 μὲν
1311 465 1415 492 τούτων
1443 465 1487 492 διὰ
1503 465 1533 491 τὺ
1561 465 1707 499 παρεῖσθαι
1725 467 1781 497 τοῖς
1797 467 1848 492 Πα-

1063 511 1161 546 τράσιν
1178 512 1267 546 ἡμῶν,
1298 512 1394 547 ἀρκεῖν
1420 511 1574 547 ἡγούμεθα,
1602 511 1640 546 τῷ
1665 512 1786 547 δημοσίῳ
1803 514 1848 547 τῆς

1063 557 1238 589 διδασκαλίας
1267 557 1350 593 λόγῳ⁹
1367 558 1442 590 ὅπως
1458 558 1490 585 ἂν
1516 556 1571 585 οἷόν
1592 566 1621 584 τε
1641 555 1669 595 ἦ,
1693 558 1848 593 θεραπεύειν

1063 603 1159 639 ὥσπερ
1184 605 1246 631 τινὰ
1261 604 1334 640 πάθη
1352 604 1514 640 πληθωρικὰ
1528 604 1578 636 τὰς
1592 604 1785 634 πλεονεκτικὰς
1801 605 1848 639 ἀρ-

1064 651 1192 688 ρωστίας,
1208 650 1254 677 διὰ
1271 650 1319 678 τοῦ
1334 651 1412 686 λόγου
1431 651 1628 685 καθαίροντοςο
1648 651 1732 686 μόνην
1757 651 1785 677 δὲ
1803 651 1848 686 τὴν

1063 697 1168 733 κλοπὴν
1184 697 1232 724 καὶ
1256 697 1453 733 τυμϐωρυχίαν
1469 698 1517 725 καὶ
1542 698 1591 732 τὴν
1607 697 1760 732 ἱεροσυλίαν
1779 697 1848 732 πάθη

1062 745 1221 779 νομίζομεν,
1237 745 1281 772 διὰ
1300 745 1330 771 τὸ
1345 744 1431 776 οὓτως
1452 745 1483 771 ἐκ
1497 745 1547 778 τῆς
1567 743 1620 770 τῶν
1637 744 1766 779 Πατέρων
1788 745 1849 770 ἀκο-

1062 790 1183 822 λουθίας,
1200 791 1250 825 τὴν
1268 790 1418 826 παράδοσιν
1431 791 1497 825 ἡμῖν
1509 790 1574 825 περὶ
1592 789 1687 816 τούτου
1707 789 1847 824 γενέσθαι’

1062 836 1151 863 καίτοι
1167 844 1198 870 γε
1215 836 1290 872 παρὰ
1304 837 1353 871 τῆς
1374 836 1450 868 θείας
1464 836 1587 871 Γραφῆς,
1601 835 1670 862 καὶὸ
1682 834 1850 870 πλεονασμὸς

1063 883 1109 909 καὶ
1125 883 1139 909 ὁ
1153 882 1243 915 τόκος,
1258 882 1312 908 τῶν
1326 883 1521 918 ἀπειρημένων
1536 882 1595 909 ἐστὶ
1611 882 1658 908 καὶ
1677 882 1707 908 τὸ
1725 882 1757 908 ὲκ
1775 881 1849 908 δυνα.

1063 928 1155 959 στείας
1170 926 1242 959 τινὸς
1266 929 1298 963 τῇ
1331 928 1385 964 ἰδίᾳ
1405 928 1500 963 κτήσει
1520 929 1705 963 προσαγαγεῖν
1724 927 1758 954 τὰ
1773 927 1849 954 ἀλλό-

1061 982 1134 1009 τρια,
1149 973 1201 1000 κᾶν
1221 974 1250 1000 ὲν
1271 975 1446 1009 προσχήματι
1475 974 1668 1008 πραγματείας
1682 973 1712 999 τὸ
1732 972 1850 1000 τοιοῦτον

1061 1020 1130 1055 τύχῃ
1150 1019 1291 1055 γινόμενον
1307 1027 1314 1035 ·
1344 1019 1436 1055 ἐπειδὴ
1461 1020 1551 1046 τοίνυν
1583 1020 1613 1045 τὸ
1643 1019 1704 1046 καθ’
1719 1020 1793 1054 ἡμᾶς
1810 1019 1849 1051 είς

1061 1065 1188 1098 ἐξουσίαν
1208 1065 1330 1092 κανόνων
1343 1065 1511 1098 ἀξιόπιστον,
1522 1065 1572 1100 τὴν
1584 1065 1693 1092 ἐπὶτῶν
1704 1065 1849 1100 ὁμολογου-

1063 1112 1152 1148 μένως
1179 1112 1415 1147 ἀπηγορευμένων
1442 1111 1589 1146 κανονικὴν
1611 1111 1703 1146 κρίσιν
1720 1110 1769 1145 ήδη
1793 1111 1849 1143 τοῖς

1061 1158 1217 1193 εἰρημένοις
1243 1156 1452 1192 προσθήσομενο
1478 1155 1604 1191 διῄρηται
1624 1157 1640 1191 ἠ
1662 1156 1748 1191 κλοπὴ
1767 1148 1807 1188 εἰς
1819 1164 1848 1182 τε

1060 1203 1189 1239 λῃστείαν
1205 1203 1254 1230 καὶ
1267 1204 1308 1234 είς
1321 1203 1504 1238 τοιχωρυχίαν
1516 1212 1523 1219 ο
1542 1202 1588 1228 καὶ
1601 1200 1642 1234 εἷς
1661 1202 1710 1237 μὲν
1733 1202 1777 1228 ἐπ’
1793 1203 1848 1237 ἀμ-

1062 1250 1183 1284 φοτέρων
1199 1249 1311 1282 σκοπὸς,
1326 1249 1343 1284 ἡ
1357 1248 1411 1275 τῶν
1422 1249 1570 1283 ἀλλοτρίων
1583 1248 1728 1282 ἀφαίρεσις
1741 1255 1749 1263 ’
1764 1248 1849 1284 πολλὴ

1060 1295 1088 1322 δὲ
1100 1295 1171 1322 κατὰ
1192 1295 1242 1330 τὴν
1269 1295 1382 1330 γνώμην
1405 1295 1494 1321 αὐτῶν
1518 1296 1534 1329 ἡ
1551 1294 1620 1330 πρὸς
1642 1294 1772 1329 ἀλλήλους
1789 1295 1848 1321 ἐστὶ

1060 1341 1178 1376 διαφορά
1190 1348 1198 1355 ·
1215 1341 1229 1367 ό
1248 1341 1297 1375 μὲν
1309 1341 1364 1375 γὰρ
1377 1340 1489 1377 λῃστὴς,
1507 1340 1554 1366 καὶ
1570 1339 1618 1375 τὴν
1637 1339 1793 1374 μιαιφονίαν
1808 1340 1849 1370 είς

1061 1386 1221 1421 συμμαχίαν
1238 1386 1285 1413 τοῦ
1301 1387 1519 1421 σπουδαζομένου
1538 1385 1758 1420 παραλαμϐάνει,
1781 1386 1848 1420 πρδς

1060 1432 1126 1459 αὐτὸ
1143 1431 1220 1458 τοῦτο
1234 1431 1515 1466 παρασκευαζόμενος
1526 1430 1573 1456 καὶ
1583 1429 1676 1461 ὅπλοις
1696 1429 1743 1455 καὶ
1764 1429 1847 1455 πολυ-

1060 1478 1151 1514 χειρίᾳ
1167 1477 1214 1504 καὶ
1229 1478 1284 1507 τοῖς
1296 1476 1452 1512 ἐπικαίροις
1465 1476 1519 1502 τῶν
1530 1476 1620 1502 τόπων
1632 1483 1638 1491 ·
1651 1474 1723 1501 ὥστε
1735 1475 1780 1501 τὸν
1791 1482 1848 1500 τοι-

1059 1524 1137 1551 οῦτον
1151 1523 1191 1558 τῷ
1207 1524 1320 1558 κρίματι
1334 1522 1387 1549 τῶν
1403 1522 1574 1556 ἀνδροφόνων
1591 1521 1755 1555 ὑπάγεσθαι,
1771 1521 1794 1546 εί
1805 1519 1848 1546 διὰ

216 1568 263 1596 rit.
276 1568 327 1601 Qui
342 1572 431 1594 autem
448 1569 540 1595 latenti
556 1568 691 1595 ablatione
702 1589 708 1600 ,
725 1568 777 1595 sibi
793 1569 911 1596 alienum
927 1577 1007 1596 usur-

1063 1569 1243 1605 μεταμελείας
1259 1568 1357 1595 ἑαυτὸν
1372 1567 1441 1603 πρὸς
1456 1568 1506 1602 τὴν
1524 1566 1688 1601 Ἐκκλησίαν
1711 1565 1757 1592 τοῦ
1780 1565 1849 1591 Θεοῦ

215 1619 278 1650 pat,
296 1614 318 1641 si
339 1614 437 1641 deinde
458 1622 506 1649 per
526 1615 740 1641 enuntiationem
762 1619 904 1649 peccatum
925 1622 1005 1642 suum

216 1660 350 1689 sacerdoti
367 1661 518 1694 aperuerit,
533 1661 591 1687 vitii
611 1660 700 1688 studio
716 1660 742 1687 in
759 1661 928 1688 contrarium
945 1670 1006 1689 mu-

216 1711 274 1734 tato
295 1706 484 1741 aegritudinem
506 1706 612 1732 curabit
635 1714 642 1732 :
667 1705 727 1733 dico
752 1711 841 1733 autem
868 1707 1005 1742 largiendo

216 1761 277 1788 qum
291 1752 371 1779 habet
385 1752 551 1786 pauperibUs
561 1771 567 1783 ,
583 1757 628 1783 ut,
642 1751 706 1778 dum
722 1759 782 1786 qua:
798 1752 879 1779 habet
893 1753 1006 1787 profun-

216 1799 272 1830 dit,
288 1806 318 1826 se
335 1798 369 1825 ab
387 1797 508 1824 avaritiae
526 1798 620 1824 morbo
637 1797 752 1824 liberum
767 1803 858 1831 aperte
871 1800 1004 1826 ostendat.

217 1843 265 1872 Sin
288 1849 378 1871 autem
402 1843 470 1870 nihil
491 1843 564 1869 aliud
587 1847 767 1878 prrcterquam
791 1845 880 1871 solum
905 1853 1005 1879 corpus

216 1889 332 1921 habeat,
344 1889 421 1923 jubet
435 1888 583 1922 Apostolus
598 1896 645 1922 per
659 1889 779 1915 laborem
794 1890 964 1924 corporalem
980 1890 1005 1916 ei

217 1935 315 1963 morbo
328 1934 440 1962 mederi.
451 1934 582 1961 Dictionis
596 1939 685 1961 autent
700 1935 735 1961 ita
749 1935 828 1962 habet
840 1940 983 1963 contextus
998 1945 1004 1962 :

217 1980 273 2014 Qui
286 1981 404 2015 furatur,
417 1988 467 2007 non
482 1980 595 2014 amplius
610 1980 714 2015 foretur
726 1988 735 2007 :
749 1981 793 2007 sed
805 1982 891 2016 potius
906 1981 1006 2009 laboret

217 2027 314 2056 bonum
328 2035 449 2062 operans,
462 2031 490 2053 ut
504 2027 587 2062 possit
601 2027 625 2053 ei
639 2027 732 2061 largiri
745 2027 789 2062 qui
804 2027 903 2062 indiget
915 2029 948 2056 υ.

254 2164 280 2191 7.
298 2163 492 2199 Sepulcrorum
506 2168 597 2191 autent
613 2163 730 2196 eﬂossio,
743 2168 806 2196 etc.,
821 2171 850 2190 ut
866 2172 927 2199 pag.
943 2164 1005 2192 8H.

252 2209 280 2237 8.
297 2209 474 2245 Sacrilegium
490 2215 592 2244 autem,
606 2214 670 2241 etc.,
685 2214 713 2236 ut
725 2217 785 2244 pug.
801 2210 864 2237 814.

254 2254 326 2291 Lege
350 2263 412 2290 qua:
441 2255 571 2282 adnotata
600 2259 665 2282 snnt
693 2255 719 2281 in
747 2263 808 2290 cap.
839 2256 896 2290 27,
922 2257 964 2284 tit.
993 2257 1010 2285 9
1028 2262 1049 2289 Ι)

217 2301 361 2337 praesentis
387 2301 489 2335 operis.
521 2300 629 2328 Tezlus.
658 2300 696 2328 De
726 2301 882 2329 latronibus
910 2302 1010 2330 dicitur

217 2347 267 2375 lib.
286 2355 380 2377 xum.
394 2347 436 2373 tit.
455 2346 500 2379 19,
517 2347 619 2381 Digest.
635 2346 670 2373 28
684 2355 691 2373 :
704 2347 756 2380 Qui
774 2347 914 2382 praedandi
927 2356 1010 2375 causa

218 2400 398 2428 aggressuras
414 2393 530 2426 faciunt,
551 2393 656 2421 similes
677 2398 742 2420 sunt
753 2394 918 2421 latronibus.
937 2394 970 2421 Et
988 2395 1011 2422 si

219 2447 280 2466 cum
297 2438 372 2466 l'erro
388 2439 414 2466 id
435 2439 547 2472 faciant,
564 2444 590 2466 ct
612 2439 722 2473 sacpius,
752 2445 835 2474 atque
860 2440 887 2466 in
912 2440 1012 2467 itincri-

219 2484 282 2516 bus,
300 2484 390 2519 capite
405 2484 580 2518 puniuntur:
598 2484 687 2511 cmlcri
704 2484 731 2511 in
747 2484 874 2511 exsiliunt
899 2485 1013 2512 mittun-

221 2534 276 2562 tur,
301 2535 348 2557 aut
373 2530 560 2564 deportantur.
587 2529 697 2556 Fatuosi
719 2538 794 2561 vero,
822 2530 920 2564 quibus
946 2531 1013 2558 locis

223 2575 379 2603 latrocinali
406 2581 482 2607 Slllll,
505 2575 582 2602 furca
601 2576 733 2611 ﬁguntur,
761 2580 809 2603 aut
831 2583 892 2603 cum
919 2575 1013 2604 bestiis

222 2621 389 2656 depugnant.
405 2621 527 2649 Mirabile
542 2620 748 2658 [quiddatnlait
762 2626 851 2649 consl.
867 2621 894 2654 ε,
909 2623 951 2649 tit.
970 2621 1010 2656 18,

223 2668 270 2697 lib.
288 2676 325 2695 vn
343 2668 404 2696 cod.
434 2667 468 2695 de
492 2669 630 2695 latronum
657 2668 760 2697 familia
787 2676 884 2703 nempe
901 2668 1012 2695 descen-

212 2715 359 2750 tdentibus,
377 2722 411 2742 ex
434 2714 578 2750 largitione
605 2714 759 2749 principali,
787 2715 827 2741 \‘el
851 2714 1014 2742 auctoritate

201 2747 309 2802 )tiscali
324 2761 414 2790 servis
429 2747 522 2793 factis,
539 2747 657 2788 interimi
673 2747 836 2793 libertatem.

262 2892 304 2919 “l
320 2893 439 2922 Timoth.
450 2903 486 2927 vt,
504 2896 542 2922 l0.
584 2896 604 2911 “
617 2895 716 2929 Ephes.
729 2903 764 2927 tv,
777 2895 820 2921 28.

1063 1616 1233 1650 ὲπαναγάγοι
1244 1624 1251 1631 '
1268 1616 1282 1642 ὁ
1295 1615 1323 1642 δὲ
1340 1615 1374 1641 δι’
1390 1615 1561 1649 ὑφαιρέσεως
1580 1612 1765 1647 λανθανούσης
1783 1621 1850 1646 σφε-

1062 1662 1235 1698 τεριζόμενος
1251 1662 1281 1688 τὸ
1298 1661 1447 1696 ἀλλότριον,
1469 1658 1528 1686 εἶτα
1553 1659 1584 1685 δι’
1603 1659 1806 1694 ὲξαγορεύσεως
1820 1657 1852 1684 τὸ

1063 1708 1254 1744 πλημμέλημα
1276 1707 1373 1733 ἑαυτοῦ
1394 1706 1433 1740 τῷ
1449 1706 1518 1740 ίερεϊ
1539 1705 1710 1739 φανερώσας,
1738 1705 1770 1738 τῇ
1785 1703 1853 1738 περὶ

1063 1753 1093 1779 τὸ
1108 1753 1228 1780 ἐναντίον
1248 1752 1293 1778 τοῦ
1306 1751 1409 1783 πάθους
1423 1751 1537 1786 σπουδῇ.
1554 1750 1718 1786 θεραπεύσει
1739 1749 1788 1784 τὴν
1803 1750 1850 1784 ap-

1065 1799 1193 1834 ρωστίαν,
1207 1798 1278 1832 λέγω
1294 1798 1322 1824 δὲ
1338 1797 1383 1823 διὰ
1393 1796 1440 1823 τοῦ
1454 1797 1487 1823 τὰ
1499 1796 1635 1831 προσόντα
1650 1795 1782 1830 παρέχειν
1794 1795 1853 1826 τοῖς

1064 1845 1187 1878 πένησιν,
1204 1843 1246 1869 ἵνα
1261 1842 1299 1877 τῷ
1313 1842 1445 1877 προέσθαι
1466 1841 1484 1868 ἃ
1501 1841 1567 1875 ἔχει,
1592 1839 1717 1874 φανερῶς
1737 1839 1853 1872 γένηται

1064 1890 1225 1925 καθαρεύων
1252 1890 1302 1925 τῆς
1329 1889 1400 1916 κατά
1422 1887 1580 1918 πλεονεξίαν
1598 1887 1676 1912 νόσου
1689 1893 1696 1900 ·
1723 1885 1787 1911 εἰδὲ
1804 1885 1854 1911 καὶ

1066 1936 1149 1971 μηδὲν
1165 1935 1232 1971 ἔχοι,
1257 1936 1336 1970 μόνον
1351 1934 1379 1959 δὲ
1392 1933 1421 1960 τὸ
1442 1933 1522 1968 σῶμα
1537 1931 1604 1966 ἔχοι,
1622 1931 1728 1957 κελεύει
1739 1932 1752 1956 ό
1771 1930 1854 1956 Ἀπό-

1065 1982 1157 2013 στολος
1171 1981 1215 2008 διὰ
1227 1980 1275 2007 τοῦ
1291 1977 1447 2013 σωματικοῦ
1461 1978 1556 2008 κόπου,
1569 1977 1600 2003 τὸ
1612 1976 1731 2003 τοιοῦτον
1742 1976 1855 2009 ὲξιάσα-

1065 2026 1128 2054 σθαι
1145 2027 1245 2057 πάθος”
1259 2025 1316 2060 ἔχει
1331 2025 1358 2051 δὲ
1370 2025 1387 2059 ἡ
1397 2023 1469 2056 λέξις
1477 2022 1564 2053 οὕτως
1574 2031 1580 2037 ·
1605 2022 1636 2047 '0
1651 2021 1789 2048 κλέπτων
1796 2029 1855 2054 μη-

1065 2072 1129 2100 κέτι
1154 2071 1314 2102 κλεπτέτω,
1338 2070 1460 2104 μᾶλλον
1471 2068 1506 2094 δὲ
1519 2067 1647 2094 κοπιάτω
1657 2065 1856 2100 ἐργαζόμενος

1065 2117 1097 2144 τὸ
1108 2116 1230 2151 ἀγαθὸν,
1240 2116 1290 2142 ἶνα
1300 2115 1356 2149 ἔχῃ
1364 2114 1552 2149 μεταδιδόναι
1560 2112 1600 2145 τῷ
1609 2114 1714 2146 χρείαν
1734 2110 1853 2145 ἔχοντι.

1100 2161 1135 2195 ζ’.
1155 2162 1187 2188 Ἦ
1201 2161 1230 2188 δὲ
1245 2157 1468 2196 τυμϐωρυχίαρι.
1483 2167 1508 2186 τ.
1524 2159 1550 2186 λ.

1098 2208 1136 2244 η’.
1155 2209 1188 2235 Ἦ
1203 2207 1232 2234 δὲ
1248 2205 1391 2243 ἱεροσυλία,
1403 2214 1430 2233 κ.
1444 2214 1470 2232 τ.
1480 2205 1506 2232 λ.

1107 2251 1260 2286 Ἀνὰγνωθι
1286 2250 1320 2277 τὰ
1351 2249 1611 2285 παραγεγραμμένα
1628 2248 1656 2274 ὲν
1674 2247 1713 2282 τῷ
1733 2247 1774 2278 κζ’
1786 2255 1855 2281 κεφ.

1059 2299 1106 2326 τοῦ
1119 2297 1141 2325 ϐ’
1163 2298 1216 2325 τίτ.
1232 2297 1280 2323 τοῦ
1306 2295 1439 2330 παρόντος
1463 2295 1651 2328 συντάγματος
1662 2302 1668 2308 ·
1682 2294 1746 2328 περὶ
1754 2293 1783 2319 δὲ
1803 2292 1857 2328 λῃ-

1062 2344 1131 2370 στῶν
1143 2345 1248 2379 εἴρηται
1263 2341 1333 2377 stet.
1352 2340 1408 2376 μη’,
1424 2340 1476 2368 τίτ.
1492 2339 1535 2372 ιθ’,
1551 2339 1621 2366 διάτ.
1638 2339 1693 2374 κηζ,
1711 2339 1751 2366 ὅτι
1762 2339 1787 2365 ol.
1804 2339 1858 2370 τὰς

1063 2390 1175 2424 ἐφόδους
1199 2388 1339 2419 ποιοῦντες
1355 2387 1399 2413 διὰ
1421 2386 1450 2413 τὸ
1464 2385 1639 2421 προοόεὖσαι,
1665 2385 1770 2412 ἐοίκασι
1796 2386 1858 2416 τοῖς

1061 2437 1191 2474 λῃσταῖςυ
1208 2434 1256 2461 καὶ
1284 2434 1330 2460 ἐὰν
1346 2432 1426 2459 τοῦτο
1447 2432 1516 2467 μετὰ
1539 2432 1650 2466 σιδήρου
1673 2431 1782 2462 ποιῶσι,
1808 2430 1859 2456 καὶ

1062 2482 1202 2512 πολλάκις,
1216 2480 1265 2507 καὶ
1289 2480 1317 2505 ὲν
1335 2479 1394 2509 ταῖς
1412 2478 1491 2510 ὁδοῖς,
1515 2478 1556 2508 εἰς
1578 2476 1700 2511 κεφαλὴν
1724 2475 1861 2507 κολάζονο

1061 2538 1106 2556 ται
1118 2537 1124 2543 ’
1140 2528 1164 2554 οί
1177 2527 1206 2554 δὲ
1218 2526 1307 2553 λοιποὶ
1323 2524 1504 2560 ἐξορίςονται,
1518 2523 1534 2558 ἢ
1549 2521 1797 2558 δεπορτατεὺονται
1807 2529 1813 2535 ·
1832 2522 1860 2547 οἱ

1062 2575 1090 2602 δὲ
1102 2573 1260 2608 περιόόητοι
1286 2569 1508 2606 φουρκίζονταιή
1525 2568 1741 2604 θηριομαχοῧσιν
1764 2569 1792 2594 ὲν
1817 2565 1861 2599 οἷς

1066 2619 1232 2654 ὲλῄστευσαν
1246 2618 1338 2648 τόποις
1349 2625 1356 2631 ·
1376 2615 1527 2650 παράδοξον
1541 2614 1569 2640 δέ
1595 2622 1688 2649 φησιν,
1702 2613 1718 2648 ἡ
1737 2612 1758 2648 β’
1782 2613 1859 2639 stic.

1065 2664 1112 2691 τοῦ
1128 2663 1161 2699 ιη’
1176 2663 1229 2690 τίτ.
1247 2661 1295 2689 τοῦ
1313 2662 1334 2695 ζ’
1348 2661 1417 2697 βιὸλ.
1434 2661 1480 2688 τοῦ
1505 2660 1582 2693 κὼδ.,
1599 2661 1640 2686 ὅτι
1652 2661 1707 2690 τοῖς
1723 2657 1783 2685 οὖσι
1809 2659 1863 2692 τῆς

1065 2710 1198 2745 φαμιλίας
1212 2709 1265 2737 τῶν
1280 2709 1397 2745 λῃστῶν,
1412 2709 1459 2735 καὶ
1474 2709 1506 2734 ὲκ
1518 2707 1661 2742 βασιλικῆς
1672 2705 1831 2740 φιλοτιμίας
1844 2704 1862 2738 ἢ

1064 2757 1208 2788 αὐθεντίας
1232 2755 1278 2782 τοῦ
1303 2755 1400 2791 φίσκου
1415 2754 1570 2790 γενομένοις
1597 2753 1711 2785 δούλοις,
1733 2752 1862 2786 ἀρνεῖται

1064 2805 1081 2838 ἡ
1105 2802 1259 2838 ἐλευθερία.
