1946 3076
208 131 262 163 963

794 130 926 161 PHOTII
942 131 1194 162 PATRIARCHIE
1209 132 1264 163 ΟΡ.

1785 131 1834 163 964

210 189 296 215 aliave
318 185 396 223 [qua]
424 186 537 214 materia
565 186 654 214 vietus
680 185 763 214 fuerit
792 194 846 214 non
879 191 996 215 tenetur.

1059 195 1095 213 του
1121 187 1225 222 ἡττηθῇ
1240 185 1364 222 θερμίοις
1376 186 1394 222 ἢ
1414 186 1496 223 ἑτέρᾳ
1521 186 1583 224 ὕλῃ,
1600 187 1651 214 οὐκ
1672 188 1836 215 άπαιτεϊταιι

208 234 334 269 Episcopi
352 232 468 269 [autem]
484 233 587 260 auxilio
604 232 762 268 praesidum.
786 236 894 266 patrum
918 237 999 267 atque

207 278 382 304 defensorum
403 277 429 304 iu
445 277 498 304 hoc
522 276 678 312 inquirendi
705 275 862 303 facultatem
886 276 997 304 habent.

207 323 412 359 Proindem
423 323 565 359 μονόϐολον
573 323 714 356 duntaxat,
724 327 750 349 et
762 321 997 357 κοντομονόὸολον,

206 375 234 397 et
257 370 386 396 κυντανὺν
405 371 525 396 κόντακα
553 370 611 396 sive
636 369 729 401 libula,
750 373 777 396 et
800 369 951 404 περιχυτὴν
972 374 999 396 et

208 415 333 450 ἱππικὴν,
358 415 416 442 sine
432 416 494 442 dolo
517 419 601 450 atque
629 414 737 442 callidis
757 414 998 442 adinventionibus

205 461 300 488 ludere
325 466 367 488 est
390 461 505 487 lit‘ilum.
534 460 574 487 Ac
600 460 678 488 valde
705 460 815 495 quidem
845 460 942 487 divites
971 459 997 486 in

207 515 291 534 unum
321 507 441 540 solidum
467 513 634 541 unaquaque
658 507 830 541 oppositione
861 506 958 533 luduttt
988 515 995 533 :

205 554 303 588 reliqui
321 561 386 580 vero
403 553 429 579 in
449 553 536 579 tnulto
552 553 654 579 minus.
672 551 724 588 [In]
741 552 813 586 quod
829 556 920 579 autem
937 560 997 579 am-

205 599 276 633 plius
290 598 392 634 [lusum
411 598 475 634 est].
491 607 544 625 non
564 599 693 633 exigitur,
711 603 738 625 et
751 599 845 625 datum
862 598 995 626 redditur.

206 644 308 672 Harum
337 645 440 681 [autern
472 645 575 680 rerum]
606 652 700 672 curam
727 644 830 671 habent
856 644 995 679 praesides.

205 697 286 726 atque
303 691 396 718 decem
421 692 552 718 librarum
572 691 658 718 multa
685 690 822 718 incumbit
842 695 996 725 transgres-

204 737 314 764 soribus
333 742 360 764 et
382 737 626 771 transgressionem
655 738 886 772 permittentibus.
900 736 995 765 Const.

203 789 268 808 vero
284 782 301 808 2
318 781 440 815 ejusdem
456 782 498 808 tit.
517 780 555 808 ait
571 790 578 808 :
597 780 689 816 Neque
707 782 805 816 ligneis
820 782 995 816 equestribus

204 826 366 863 [quomodo]
393 831 537 859 vocantur,
561 835 650 862 neque
671 827 755 854 alium
780 826 994 863 [quemcunque]

1049 232 1104 259 τῶν
1119 233 1278 260 ἐπισκόπων
1292 233 1385 260 ἄδειαν
1401 233 1518 268 ἑχόντων
1536 234 1624 261 ταῦτα
1647 233 1751 270 ζητεῖν,
1776 234 1837 270 βοη-

1050 277 1168 305 θούντων
1197 255 1382 310 αὺτοῖς-*ζων
1401 255 1769 314 -;αί“ἀρὶόῦῖυν
1776 255 1838 306 ric'o‘d.

1049 325 1184 351 ὲκδίκων¹
1215 324 1296 360 μόνον
1323 324 1352 351 δὲ
1385 324 1494 356 παίζειν
1515 324 1604 357 ἔξεστι
1626 325 1766 361 μονίϐολον
1791 326 1836 352 καὶ

1049 369 1280 404 κονδομονίδολον,
1301 368 1350 397 καὶ
1374 370 1526 404 κυῖντανὺν,
1552 370 1601 396 καὶ
1615 371 1733 397 κόνδακα
1756 371 1837 406 χωρὶς

1048 414 1098 448 τῆς
1112 415 1210 450 όρπῆς,
1229 415 1277 442 καὶ
1294 416 1454 451 περιχύτην,
1468 417 1516 443 καὶ
1531 416 1644 443 ιππικδν
1656 417 1721 444 ἄνευ
1745 417 1839 452 τέχνης

1049 460 1096 487 καὶ
1114 461 1237 492 ὲπινοίας
1250 469 1256 476 ·
1276 461 1323 488 καὶ
1339 462 1364 487 oi
1377 461 1427 496 μὲν
1440 461 1543 497 σφόδρα
1566 461 1701 493 πλούσιοι,
1722 462 1782 494 ἑνὸς
1797 471 1839 488 νο-

1049 506 1186 541 μίσματος
1203 507 1322 542 ἑκάστην
1334 507 1459 534 σύνθεσιν
1474 507 1618 539 παίζουσιν
1628 515 1636 523 θ
1657 508 1683 534 οι
1696 508 1725 534 δὲ
1739 507 1837 539 λοιποὶ.

1049 553 1119 579 πάνυ
1135 553 1265 588 ἥττονος⁶
1279 553 1309 579 τὸ
1320 553 1348 579 δὲ
1365 553 1446 580 πλέον
1469 553 1622 587 ἀπαίτησιν
1641 553 1691 580 οὐκ
1708 553 1775 589 ἔχει,
1793 555 1838 581 καὶ

1047 597 1184 633 διδόμενον
1201 598 1251 625 οὐκ
1264 599 1418 625 ἀποδίδοται
1430 607 1437 614 ·
1457 599 1602 635 προνοοῦσι
1623 599 1725 626 τούτων
1744 600 1769 626 οἱ
1790 599 1838 634 ἄρ-

1047 652 1150 678 χοντες,
1161 643 1227 671 δέκα
1237 644 1337 680 λιτρῶν
1349 644 1445 679 ποινῆς
1453 644 1630 680 ἐπικειμένης
1639 646 1695 677 τοῖς
1707 645 1838 680 παραϐαῖ‹

1047 696 1149 722 νουσιν,
1161 688 1177 724 ἢ
1190 689 1361 725 συγχωροῦσι
1375 689 1603 724 παραΰαίνεσθαν
1616 692 1632 725 ἡ
1641 691 1669 717 δὲ
1681 690 1703 725 β’
1713 691 1782 718 διάτ.
1792 690 1838 717 τοῦ

1046 733 1129 760 αὐτοῦ
1141 735 1194 762 τίτ.
1203 735 1296 770 φησὶν,
1305 735 1345 762 ὅτι
1355 734 1416 762 οὔτε
1422 736 1478 767 τοῖς
1485 735 1664 770 καλουμένοις
1673 736 1787 768 ξυλίνοις
1795 736 1839 761 ιπ-

1047 782 1147 813 πικοῖς,
1158 779 1220 807 οὔτε
1229 781 1297 818 ἄλλῃ
1303 781 1400 817 κυδείᾳ
1411 782 1519 814 παίζειν
1527 782 1626 815 ἔξεστι,
1636 782 1706 817 πλὴν
1717 782 1768 809 τῶν
1778 784 1838 809 ἐπι-

1046 827 1205 860 τραπέντων
1217 828 1246 853 ὲν
1256 829 1290 863 τῇ
1305 827 1479 864 προλαϐούσῃ
1493 828 1564 856 διάτ.
1583 829 1630 855 καὶ⁸
1643 829 1668 854 οἱ
1682 828 1759 854 τόποι
1776 828 1836 854 καθ’

203 874 269 900 alea:
283 873 376 899 ludutn
392 871 434 900 fas
450 877 492 900 est
506 872 600 900 ludere
614 882 622 900 :
642 879 823 908 praeterquam
842 873 876 900 iis
891 880 952 907 quae.
967 874 993 900 iu

1062 870 1092 902 ὓς
1102 871 1131 898 ὲν
1143 873 1200 904 τοῖς
1210 872 1341 905 τοιούτοις
1351 874 1472 905 ιππικοίς
1479 874 1607 906 παίζουσι
1615 874 1740 909 δημόσιοι
1750 875 1841 908 γίνον-

203 919 374 954 praecedente
389 918 586 945 constitutione
601 918 734 952 permissa
749 923 825 945 sunt.
841 917 992 954 [Alioquin]

203 969 230 991 et
246 964 306 991 loca
330 965 356 990 in
378 964 479 998 quibus
502 963 660 997 hujusmodi
682 964 856 999 equestribus
879 964 993 997 luditur,

203 1010 312 1044 publica
341 1009 420 1042 ﬁunt,
448 1013 475 1037 et
500 1009 562 1036 data
588 1009 770 1037 restituuntur
795 1019 802 1037 :
830 1015 878 1037 aut
899 1011 922 1037 si
946 1010 994 1044 qui

203 1056 348 1089 dederunt,
373 1056 498 1090 recipere
516 1055 616 1088 nolint,
645 1063 692 1089 per
714 1055 870 1090 prmia-tum
887 1060 914 1083 et
931 1064 995 1089 pro-

203 1102 355 1128 vinciarum
385 1102 515 1136 pratsides
550 1102 708 1135 exiguntur,
740 1105 823 1136 atque
851 1101 993 1128 civitatum

205 1147 335 1181 operibus
349 1146 535 1180 applicantur.

238 1201 315 1229 CAP.
330 1200 415 1228 XXX.
425 1216 460 1222 —
474 1200 513 1228 De
527 1201 710 1233 daemonium,
732 1205 778 1227 aut
793 1200 820 1227 id
841 1200 995 1228 simulanti-

203 1247 261 1274 ltus.

425 1301 610 1333 Apostolorum
624 1309 709 1328 canon
724 1300 768 1329 79.

240 1347 284 1385 79.
303 1341 341 1385 'Si
364 1357 427 1392 quis
456 1357 607 1384 daemonem
632 1357 742 1389 habeat,
775 1364 810 1384 ne
839 1356 887 1384 ﬁat
915 1357 996 1384 cleri-

204 1411 264 1438 cos,
280 1409 345 1437 etc.,
361 1409 390 1431 ut
406 1412 468 1439 pag.
483 1403 545 1431 505.

361 1451 474 1478 Consilii
489 1450 642 1477 aecumenici
658 1458 683 1477 v1
697 1458 781 1477 canon
793 1450 837 1478 60.

240 1496 285 1524 60.
313 1495 384 1524 Cum
403 1496 503 1524 clamet
528 1496 684 1530 Apostolus,
709 1497 782 1531 quod
806 1496 852 1531 qui
879 1495 992 1522 Domino

1048 925 1106 949 ται,
1123 918 1169 944 καὶ
1184 918 1218 945 τὰ
1232 918 1357 954 διδόμενα
1371 919 1540 947 ἀποδίδονται
1554 928 1561 936 ·
1576 920 1593 955 ἢ
1612 920 1649 956 μὴ
1672 919 1841 955 βουλομένων

1050 961 1194 989 ἀναλαϐεῖν
1200 963 1254 989 τῶν
1259 963 1424 998 δεδωκότων,
1431 965 1609 992 ἀπαιτοῦνται
1615 965 1659 992 διὰ
1664 964 1709 992 τοῦ
1718 965 1840 1000 ἐπάρχου

1050 1008 1098 1034 καὶ
1115 1008 1168 1034 τῶν
1180 1009 1320 1044 ἀρχόντων
1334 1010 1389 1036 τῶν
1409 1010 1561 1047 ἐπαρχιῶν,
1583 1011 1631 1039 καὶ
1648 1011 1839 1047 προσκυροῦν-

1050 1062 1097 1081 ται
1109 1055 1165 1085 τοῖς
1177 1054 1268 1089 ἔργοις
1279 1055 1333 1082 τῶν
1345 1056 1461 1084 πόλεων.

1087 1201 1213 1228 ΚΕΦΔΔ.
1239 1201 1409 1241 {XC—115p)
1436 1202 1685 1238 δαιμονιζομένων
1709 1203 1726 1238 ἣ
1747 1211 1841 1239 προσ-

1058 1247 1251 1282 ποιουμένων.

1268 1302 1456 1331 Ἀποστόλων
1467 1304 1568 1331 κανὼν
1580 1304 1629 1332 οϐ’.

1086 1355 1135 1383 οθ’.
1167 1356 1230 1383 Ἐάν
1246 1365 1288 1389 τις
1301 1357 1416 1393 δαίμονα
1435 1357 1485 1393 ἔχῃ
1505 1358 1646 1393 κληρικὸς,
1664 1358 1702 1394 μὴ
1716 1358 1842 1392 γινέσθω,

1054 1411 1080 1431 ι.
1092 1411 1118 1429 τ.
1136 1402 1161 1429 λ.

1133 1449 1269 1477 Συνόδου
1291 1450 1501 1486 οικουμενικῆς
1515 1451 1604 1486 ἕκτης
1615 1450 1715 1478 κανὼν
1725 1450 1756 1484 ξ’.

1085 1495 1116 1529 ξ’.
1136 1496 1190 1522 Τοῦ
1205 1496 1355 1523 ἀποστόλου
1378 1496 1503 1532 βοῶντος,
1517 1498 1558 1524 ὃτι
1572 1498 1589 1525 ό
1600 1497 1791 1532 κολλώμενος
1803 1497 1845 1531 τῷ

204 1543 333 1576 adhaeret,
349 1551 416 1570 unus
428 1548 466 1570 est
478 1543 587 1577 spiritus
603 1543 627 1558 “
641 1552 647 1576 ;
665 1543 769 1569 clarum
791 1548 843 1574 est,
860 1543 932 1577 quod
949 1542 995 1577 qui

1059 1542 1145 1576 ῗυρίῳ
1164 1541 1200 1568 ἐν
1209 1541 1333 1577 Πνεῦμά
1348 1542 1424 1576 ἐστι,
1433 1543 1567 1578 πρόδηλον
1580 1542 1617 1574 ὡς
1627 1543 1673 1570 καὶ
1686 1544 1700 1569 ό
1714 1543 1753 1578 τῷ
1767 1543 1845 1569 ὲναν·

204 1589 287 1617 etiam
308 1597 370 1616 cutn
393 1590 530 1616 contrario
560 1589 610 1615 init
631 1588 844 1615 familiaritatem
874 1596 906 1615 ac
926 1595 994 1615 con-

205 1636 389 1668 suetudinem,
406 1643 468 1662 cum
494 1635 541 1661 illo
556 1635 753 1669 c0njunctione
777 1642 862 1661 uttutn
877 1635 924 1661 sit.
939 1633 993 1661 Eos

204 1690 281 1718 ergo,
305 1682 351 1717 qui
373 1690 402 1708 se
418 1681 542 1709 daemone
557 1685 695 1715 correptos
712 1688 773 1708 esse
799 1681 941 1715 simulant,
967 1685 995 1708 et

207 1736 315 1756 tuorqu
337 1728 510 1762 improbitate
530 1735 623 1754 eorum
640 1727 754 1761 ﬁgurant
771 1731 798 1754 et
814 1727 936 1754 habitum
955 1727 993 1753 si-

209 1775 309 1800 mulate
321 1781 377 1808 pra:
392 1781 421 1800 se
436 1773 537 1804 l'crunt,
554 1773 641 1799 visunt
656 1777 697 1799 est
711 1772 870 1798 omnimodo
883 1772 994 1806 puniri;

205 1819 383 1854 et-ejusmodi
405 1818 600 1845 afﬂictionibus
627 1818 820 1852 laboribusque
832 1825 880 1845 eos
895 1818 995 1852 subjici

205 1871 341 1900 Oportere,
359 1866 460 1900 quibus
485 1865 503 1891 ii
528 1865 574 1899 qui
601 1872 663 1891 vere
688 1872 702 1890 a
725 1865 849 1891 daemone
877 1864 997 1899 correpti

205 1916 281 1948 sunt,
309 1917 337 1939 ut
365 1919 380 1938 a
403 1911 536 1938 datmonis
561 1911 721 1945 operatione
750 1911 912 1943 liberentur,
933 1910 997 1945 jure

206 1958 406 1993 subjiciuntur.

365 2013 496 2041 Timothei
511 2020 622 2040 canones
638 2012 666 2046 2,
684 2012 710 2045 5,
729 2012 772 2045 H,
789 2011 832 2040 16.

237 2068 429 2104 Interrogatio.
447 2067 475 2094 Si
506 2067 720 2095 calechumenus
734 2075 749 2094 a
767 2067 891 2094 daemone
909 2067 994 2094 corri-

204 2116 305 2151 piatur,
323 2119 389 2147 etc.,
400 2119 428 2140 ut
443 2122 504 2148 pag.
520 2114 584 2140 6‘27.

239 2161 323 2197 469
343 2161 495 2195 Responsio.
522 2159 551 2186 Si
573 2159 597 2187 is
624 2159 671 2194 qui
690 2166 706 2185 a
728 2158 850 2186 daemone
875 2158 993 2193 corripi-

205 2213 259 2242 tur,
274 2214 340 2243 etc.,
349 2213 377 2235 ut
391 2216 452 2243 pag.
463 2208 535 2242 [627.

242 2255 432 2289 Interrogatio.
448 2252 476 2280 Si
492 2252 554 2287 quis
569 2259 632 2279 cum
650 2251 686 2278 sit
702 2250 801 2284 ﬁdelis,
813 2257 879 2281 etc.,
893 2255 922 2276 ut
934 2258 997 2286 pag.

205 2300 266 2328 607.

238 2346 392 2381 Responsio.
417 2345 446 2373 Si
471 2344 634 2380 mysterium
657 2350 711 2371 non
737 2342 871 2375 enuntiet,
887 2346 952 2375 etc.,
970 2346 999 2369 ut

204 2401 266 2429 pag.
285 2393 348 2420 607.

241 2439 429 2474 Interrogatio.
460 2438 487 2465 Si
503 2437 577 2473 quis,
602 2445 665 2465 cum
680 2437 723 2465 sui
747 2442 861 2472 compos
887 2442 942 2463 non
955 2442 997 2462 cs-

205 2492 257 2519 set,
274 2492 301 2513 ut
313 2495 374 2521 pug.
390 2485 452 2512 6M.

234 2533 388 2568 Responsio.
418 2530 474 2559 Hoc
496 2530 577 2558 debet
596 2529 714 2558 clericus
742 2529 917 2562 discernere,
931 2533 999 2562 etc.,

206 2584 236 2606 ut
252 2587 313 2614 pag.
325 2578 389 2606 614.

240 2625 430 2661 Interrogatio.
447 2624 477 2652 Si
498 2623 616 2659 alicujus
637 2630 707 2651 uxor
722 2622 820 2658 spiritu
842 2622 1001 2660 corripitur,

206 2677 237 2700 ut
250 2671 353 2699 ferreos
375 2671 456 2698 etiam
479 2670 625 2705 compedes
640 2673 737 2705 gestet,
750 2671 792 2695 vir
809 2673 899 2696 autem
914 2668 996 2700 dicat,

208 2725 261 2745 non
273 2724 383 2752 possum
396 2716 546 2749 continere,
560 2721 587 2743 et
599 2716 663 2744 velit
673 2715 754 2743 aliam
767 2715 908 2749 accipere;
919 2713 1012 2742 debet-

207 2769 243 2791 ne
255 2763 335 2791 aliam
348 2763 470 2796 aecipere
483 2770 518 2789 an
533 2769 586 2789 non
598 2761 610 2788 2

242 2851 289 2879 "1
305 2852 369 2879 (lor.
384 2859 420 2883 γι,
435 2851 477 2879 17.

1051 1587 1101 1623 τίῳ
1119 1588 1218 1615 ἑαυτὸν
1235 1589 1345 1615 οῑκειῶν
1364 1588 1394 1615 ἓν
1408 1589 1514 1623 γίνεται
1535 1590 1568 1624 τῇ
1589 1590 1658 1624 πρὸς
1672 1589 1753 1615 αὑτὸν
1780 1597 1844 1614 συν-

1051 1633 1146 1669 αφείᾳ·
1157 1635 1222 1665 τοὺς
1233 1634 1324 1661 τοίνυν
1335 1634 1465 1670 δαιμονᾷν
1479 1634 1719 1670 ὑποκρινομένους,
1730 1634 1777 1660 καὶ
1787 1633 1848 1668 τρό-

1051 1687 1110 1705 πων
1130 1680 1280 1715 φαυλότητι
1295 1681 1488 1716 προσποιητῶς
1506 1680 1540 1707 τὰ
1564 1681 1677 1707 ἐκείνων
1707 1689 1846 1716 σχηματι-

1051 1725 1192 1760 ζομένους,
1209 1726 1282 1759 ἔδοξε
1300 1727 1394 1762 τρόπῳ
1409 1727 1589 1762 ἐπιτιμᾶσθαι
1615 1727 1708 1759 παντὶ,
1725 1727 1775 1754 καὶ
1787 1736 1846 1754 τοι-

1052 1771 1148 1804 αύταις
1160 1773 1259 1804 αὐτοὺς
1268 1773 1490 1809 σκληραγωγίαις
1501 1774 1548 1801 καὶ
1564 1774 1656 1806 πόνοις
1668 1774 1846 1804 ὑποϐάλλειν,

1052 1815 1093 1849 οἷς
1106 1817 1139 1844 ἂν
1151 1819 1175 1845 οι
1187 1818 1295 1854 ἀληθῶς
1319 1819 1504 1854 δαιμονῶντες
1518 1820 1586 1856 πρὸς
1616 1819 1779 1855 ἀπαλλαγὴν
1794 1820 1848 1855 τῆς

1051 1865 1098 1892 τοῦ
1115 1866 1242 1900 δαίμονος
1254 1866 1394 1902 ἐνεργείας
1404 1866 1486 1898 ἀξίως
1498 1865 1700 1893 ὑποϐάλλοιντο.

1232 2014 1372 2050 Τιμοθέου
1380 2015 1481 2042 κανὼν
1487 2014 1520 2050 β’,
1530 2017 1564 2049 γ’,
1575 2015 1615 2047 ιδ’,
1624 2023 1647 2041 ιε
1657 2033 1665 2041 .

1092 2067 1267 2103 Ἐρώτησις.
1290 2069 1352 2096 Ἐὰν
1365 2067 1587 2104 δαιμονιζόμενός
1601 2076 1642 2099 τις
1668 2067 1846 2104 κατηχούμε-

1056 2113 1135 2151 νοςῇ,
1147 2124 1175 2142 χ.
1191 2124 1215 2142 τ.
1230 2115 1256 2141 λ.

1072 2195 1074 2197 ν
1090 2160 1124 2195 β’.
1142 2160 1326 2195 Ἀπόκρισις.
1349 2160 1413 2188 Ἐὰν
1437 2162 1451 2188 ό
1466 2159 1687 2196 δαιμονιζόμενος
1703 2160 1741 2195 μὴ
1756 2160 1850 2188 καθα-

1017 2219 1039 2248 D
1055 2206 1144 2242 ρισθῇ,
1154 2214 1181 2233 κ.
1197 2215 1222 2234 τ.
1237 2206 1262 2234 λ.

1088 2251 1259 2286 Ἐρώτησις.
1292 2252 1356 2280 Ἐάν
1385 2261 1427 2285 τις
1449 2252 1544 2285 πιστὸς
1568 2252 1606 2280 ὣν
1633 2253 1849 2289 δαιμονίζηται,

1053 2306 1082 2324 κ.
1098 2305 1124 2324 τ.
1139 2297 1164 2324 λ.

1089 2346 1124 2377 γ’.
1139 2342 1323 2377 ’Δπόκρισις.
1348 2343 1411 2371 Ἐὰν
1423 2343 1460 2379 μὴ
1471 2343 1623 2380 ὲξαγορεύῃ
1639 2344 1670 2371 τὸ
1680 2345 1849 2380 μυστήριον,

1054 2396 1081 2415 κ.
1098 2397 1124 2415 τ.
1143 2387 1170 2415 λ.

1089 2433 1263 2468 Ἐρώτησις.
1287 2434 1350 2462 Ἐάν
1371 2443 1413 2466 τις
1426 2434 1463 2470 μὴ
1482 2434 1552 2470 ἔχων
1568 2434 1675 2468 ἑαυτὸν,
1690 2443 1718 2464 κ.
1737 2444 1764 2463 τ.
1780 2436 1808 2463 λ.

1089 2527 1129 2553 ιδ’.
1153 2527 1338 2563 Ἀπόκρισις.
1355 2528 1499 2564 Διακρίναι
1529 2529 1632 2564 ὀφείλει
1659 2529 1675 2556 ὁ
1699 2529 1852 2566 κληρικδς,

1052 2581 1080 2600 κ.
1100 2581 1126 2601 τ.
1147 2572 1172 2600 λ.

1093 2619 1263 2653 Ἐρώτησις.
1295 2619 1357 2646 Ἐάν
1378 2628 1451 2652 τινος
1481 2621 1550 2656 γυνὴ
1575 2623 1733 2658 πνευματιᾷ
1758 2621 1851 2652 πάνυ,

1053 2663 1123 2691 ὥστε
1138 2665 1185 2691 καὶ
1201 2664 1300 2700 σίδηρα
1314 2667 1419 2701 φορεῖν,
1440 2666 1454 2692 ὁ
1470 2666 1539 2701 ἀνὴρ
1556 2665 1584 2692 δὲ
1602 2667 1676 2700 λέγει
1690 2667 1732 2694 ὅτι
1752 2667 1783 2693 οὐ
1797 2667 1852 2693 δύ-

1052 2719 1131 2737 ναται
1159 2712 1385 2746 ὲγκρατεύεσθαι,
1412 2712 1459 2739 καὶ
1489 2712 1561 2741 θέλει
1584 2712 1677 2741 λαϐεῖν
1702 2712 1800 2749 ἄλλην,
1826 2713 1855 2739 ει

1051 2756 1153 2791 ὀφείλει
1170 2756 1274 2791 λαϐεῖν,
1291 2757 1308 2792 ἢ
1323 2756 1372 2791 ob;
