1946 3076
117 135 165 166 965

420 133 620 164 SYNTAGMA
639 132 760 163 CANON
766 132 832 162 UM.
844 144 879 149 -
892 132 901 161 '.

962 155 966 162 ,
985 132 1072 170 ΧΙΠ,
1089 133 1167 163 CAP.
1188 134 1421 164 XXX-XXXIII.

1689 135 1742 167 966

146 194 185 218 ιε’.
200 191 381 225 Ἀπόκρισις.
393 190 509 225 Μοιχείᾳ
522 189 668 225 μεσολαϐεῖ
674 189 704 215 τὸ
713 189 841 223 πρᾶγμα,
855 188 901 214 καὶ

988 187 1140 223 Responsio.
1158 189 1185 215 In
1203 189 1254 216 hac
1268 197 1297 216 re
1318 190 1428 224 quidem
1443 188 1605 216 adulterium
1627 189 1742 217 interce-

117 233 174 269 ιιερὶ
187 233 282 260 τούτου
304 234 330 260 τί
348 234 551 269 ἀποκρίνασθαι
565 234 615 268 οὐχ
640 233 770 268 εὑρίσκω·
783 232 854 258 κατὰ
872 233 901 259 δὲ

117 279 300 314 πνευματικὴν
315 279 463 313 ἀπόφασιν,
481 279 531 305 οὐκ
545 279 659 312 ὀφείλει.

146 327 258 362 Εἴρηται
274 325 345 360 βιὸλ.
369 324 390 351 ε’
404 324 452 351 τοῦ
476 325 555 358 κώδ.,
579 325 631 352 τίτ.
661 328 693 357 0'.
717 325 788 352 διάτ.
811 325 843 356 δ’,
859 325 899 352 ὄτι

120 371 178 398 Ἐὰν
194 372 263 406 γυνὴ
285 371 410 407 μαίνηται
424 371 587 403 αὐτεξούσια
611 370 688 403 οὖσα,
708 372 787 406 μόνος
801 372 815 398 6
831 371 902 406 ἀνὴρ

115 419 220 445 δύναται
235 419 354 453 πέμπειν
376 419 528 453 ρεπούδιον’
559 419 589 445 ἐν
614 418 642 444 δὲ
659 418 698 452 τῷ
723 417 764 452 »ιβ’
789 418 900 452 διατάγ.

115 463 157 490 τοῦ
176 463 200 497 γ’
213 463 265 490 τίτ.
289 463 335 489 τοῦ
353 463 391 489 κδ’
406 463 476 498 βιὸλ.
493 465 587 499 φησὶν,
611 464 651 490 ὅτι
671 463 719 490 ἐὰν
748 464 762 490 6
787 461 827 495 εἷς
846 463 901 490 τῶν

116 508 308 535 συνοικούντων
336 510 417 543 μανῇ,
433 508 514 540 αὐτὸς
535 509 584 544 μὲν
608 509 638 535 οὐ
655 508 765 534 δύναται
781 508 900 535 στέλλειν

115 554 234 580 διαίσιον·
251 554 275 579 εἰ
289 553 317 580 δὲ
335 554 440 590 φορητή
460 555 534 581 ἐστιν
550 555 566 589 ἡ
584 554 677 588 μανία,
691 554 747 580 εῐτε
760 554 898 589 διηνεκὴς,

116 599 167 626 εἴτε
185 601 217 626 ἐκ
233 600 446 634 διαλειμμάτων,
462 600 512 626 οὐκ
529 600 631 634 ὀφείλει
644 601 657 626 6
673 601 766 635 νήφων
781 599 820 634 τῷ
838 609 900 635 μαι-

116 645 215 680 νομένῳ
230 645 348 671 στέλλειν
373 645 523 680 ρεπούδιον·
542 646 566 672 ει
588 645 616 672 δέ
634 645 736 681 στείλῃ,
751 645 899 672 ὑποπίπτει

115 690 167 721 τοῖς
180 690 327 724 ἐπιτιμίοις
342 690 394 725 τῆς
406 690 504 724 ἀλόγου
518 690 692 723 διαζεύξεως⁸
707 692 730 717 εί
745 691 774 717 δέ
788 691 899 718 ἀνύποι-

115 736 172 767 στός
188 736 262 762 ἐστιν
281 737 298 770 ἡ
318 736 411 770 μανία,
425 736 472 763 καὶ
484 737 533 763 οὐκ
547 736 619 763 ἔστιν
635 736 713 767 ἐλπὶς
727 737 897 770 ἀνανήψεως,

114 781 199 813 ἔξεστι
217 781 261 808 διὰ
272 782 317 809 τὸν
335 782 459 809 ἐντεῦθεν
476 783 557 816 φόϐον
571 784 618 809 καὶ
630 783 680 817 τὴν
692 782 839 818 ἐπιθυμίαν
851 783 898 809 τοῦ

114 827 314 862 παιδοποιῆσαι,
336 827 469 863 ῥεπουδίῳ
482 828 556 855 λύειν
571 829 616 854 τὸν
631 828 730 863 γάμον,
749 828 896 863 μηδετέρου

114 872 305 908 ζημιουμένου·
323 874 347 899 ει
377 874 469 908 μέντοι
494 873 531 909 μὴ
551 874 609 900 λύει
624 874 722 908 γάμον,
735 873 804 899 ἀλλὰ
818 882 897 908 περι-

114 919 205 953 φρονεῖ
224 918 321 953 αὐτῆς,
337 918 522 952 ἀναγκάζεται
540 919 584 945 διὰ
608 919 655 945 τοῦ
676 919 805 954 ἄρχοντος
818 919 898 954 στρέ-

114 971 171 996 φειν
188 964 284 998 αὐτὴν,
299 965 346 990 καὶ
363 964 516 998 φροντίζειν
531 965 580 999 τῆς
595 964 716 1000 ἰατρείας
734 965 829 999 αὐτῆς,
851 964 898 990 καὶ¹

115 1008 195 1043 μηδὲν
218 1008 383 1043 παραλιπεῖν
404 1008 458 1035 τῶν
479 1008 557 1043 ἀνδρὶ
587 1009 745 1044 πρεπόντων
776 1008 844 1044 πρὸς
868 1009 899 1035 τὸ

114 1053 193 1079 ποσὸν
203 1052 254 1087 τῆς
268 1053 389 1088 προικόςο
400 1054 424 1079 εί
437 1053 464 1079 δὲ
480 1053 621 1088 σκορπίζει
638 1054 688 1088 τὴν
703 1054 813 1088 προῖκα,
829 1062 898 1088 μεσ-

113 1099 243 1132 εγγυᾶται
260 1099 303 1133 ἐφ’
319 1096 341 1132 ᾧ
357 1100 406 1133 τὴν
422 1099 540 1132 γυναῖκα
551 1099 598 1125 καὶ
622 1098 671 1133 τὴν
697 1099 831 1134 φαμιλίαν
850 1099 901 1125 αὺ-

112 1144 160 1179 τῆς
175 1144 252 1176 ἀξίαν
264 1146 338 1179 σχεῖν
347 1144 471 1171 ἐντεῦθεν
486 1144 673 1180 παραμυθίαν,
690 1144 898 1179 φυλαττομένων

113 1189 165 1216 τῶν
179 1189 209 1221 ἐξ
223 1190 310 1225 ἀρχῆς
331 1189 501 1225 συμφώνων·
525 1190 594 1216 ἀλλὰ
620 1190 705 1216 ταῦτα
726 1191 845 1225 σήμερον
867 1190 897 1217 οὗ

115 1235 266 1271 προὸαίνει,
283 1234 345 1262 οὔτε
366 1235 411 1262 διὰ
436 1235 535 1270 μανίαν
561 1235 679 1269 εὐλόγως
692 1235 784 1262 λύεται
799 1236 897 1271 γάμος,

112 1280 163 1315 τῆς
183 1281 248 1315 περὶ
265 1280 414 1315 ῥεπουδίων
439 1280 490 1315 ριξ⁹
508 1281 619 1315 νεαρᾶς,
641 1280 727 1316 ῥητὰς
749 1280 836 1312 αἰτίας
853 1283 898 1307 λε-

112 1326 225 1361 γούσης,
237 1327 283 1353 καὶ¹
300 1326 502 1361 ὑποϐαλλούσης
516 1326 562 1352 τὸν
579 1326 645 1361 παρ’
660 1326 744 1357 αὑτὰς
756 1326 898 1352 στέλλοντα

113 1372 253 1408 ῥεπούδιον
275 1374 308 1408 τῇ
324 1371 458 1399 ἐκπτώσει
481 1373 534 1400 τῶν
550 1373 677 1408 γαμικῶν
691 1372 837 1399 ἐπιδόσεων
851 1373 898 1399 καὶ

112 1418 194 1450 ἄλλας
207 1418 366 1454 ἐπιτιμίοις.

148 1520 274 1547 ΚΕΦΑΛ.
284 1519 384 1547 ΛΑ¹.-
394 1520 464 1553 Περὶ
483 1520 593 1547 λατκοῦ
609 1519 835 1554 ἀφορισθέντος,
851 1519 901 1545 καί
916 1535 938 1565 c

115 1566 273 1601 δεχθέντοι·
294 1566 328 1598 ἐξ
355 1565 458 1600 ἐτέρου
483 1566 562 1600 παρὰ
585 1565 705 1600 γνώμην
731 1565 785 1592 τοῦ
799 1565 904 1598 ἀφορί-

112 1620 238 1645 σαντος.

296 1668 483 1695 Ἀποστόλων
500 1668 601 1695 κανὼν·
616 1668 659 1703 ιβ’,
677 1671 722 1703 ιγ’.

148 1723 192 1759 ιβ’.
209 1723 244 1750 Εἴ
257 1731 300 1754 τις
326 1723 455 1759 κληρικδς
472 1724 488 1758 ἦ
512 1723 605 1755 λαῖκὺς
615 1743 623 1757 ,
639 1723 830 1760 ἀφωρισμένος
843 1723 901 1759 ἤτοι

110 1769 235 1801 ἄδεκτος,
253 1778 279 1796 κ.
296 1778 321 1796 τ.
337 1770 361 1796 λ.

149 1812 194 1847 ιγ’.
212 1813 243 1839 Et
255 1813 282 1839 δὲ
295 1813 487 1849 ἀφωρισμένος
504 1814 559 1849 εἴη,
576 1823 603 1842 κ.
619 1823 646 1842 τ.
659 1815 686 1842 λ.

244 1906 378 1933 Συνόὸου
397 1906 580 1941 Ἀντιοχείας
603 1907 714 1941 κανὼν,
733 1910 770 1939 ς’.

149 1961 189 1995 ς’.
215 1962 249 1989 Εἴ
269 1971 310 1994 τις
327 1962 380 1989 ὑπὸ
403 1962 449 1989 τοῦ
469 1963 534 1989 ίδίου
551 1963 701 1990 ἐπισκόπου
718 1963 901 1999 ἀκοινώνητος

113 2007 220 2042 γέγονε,
241 2016 267 2034 κ.
284 2016 309 2033 τ.
324 2007 350 2034 λ.

149 2064 275 2092 ΚΕΦΛΛ.
296 2064 358 2090 AB’.
374 2077 408 2083 —-
420 2063 488 2097 Περὶ
515 2062 574 2089 τῶν
588 2063 621 2089 ὲν
645 2063 778 2098 Κυριακῇ
796 2064 814 2098 ἢ
829 2065 903 2091 Σασ-

110 2108 191 2141 ϐἀτῳ
200 2109 418 2143 νηστευόντων.

317 2165 506 2192 Ἀποστόλων
524 2165 634 2198 κανὼν,
658 2165 704 2197 ξδ’.

951 233 1001 266 dit,
1017 241 1069 262 nec
1085 234 1182 266 habeo,
1197 239 1245 261 aut
1259 235 1369 262 invenio
1382 235 1446 270 quid
1460 234 1493 262 de
1505 241 1537 262 ea
1550 235 1739 269 respondeam.

989 323 1096 351 Textuc.
1106 323 1211 352 Dicitur
1226 325 1273 352 lib.
1287 333 1303 352 ν
1323 325 1383 353 cod.
1402 326 1445 353 lit.
1458 326 1503 358 70,
1523 330 1613 354 coast.
1626 326 1654 358 4,
1669 326 1741 360 quod

952 368 974 395 si
1004 369 1101 396 mulier
1125 369 1166 396 sui
1190 370 1262 404 juris
1292 371 1439 397 constituta
1466 370 1568 398 furiosa
1593 372 1639 404 sit,
1666 372 1741 399 solus

951 413 1065 441 maritus
1082 414 1224 448 repudium
1242 415 1351 442 mittere
1368 416 1463 450 possit.
1482 415 1583 450 Digest.
1608 424 1672 442 vero
1695 417 1740 447 22,

952 459 993 486 tit.
1012 460 1038 492 5,
1056 459 1102 487 lib.
1119 468 1193 493 xxiv,
1209 462 1247 487 ait
1263 470 1270 488 ε
1287 460 1315 488 Si
1331 461 1399 488 alter
1416 461 1562 496 conjngum
1581 461 1671 489 {urere
1686 469 1742 489 coe-

951 505 1030 539 perit,
1047 505 1106 540 ipse
1118 506 1228 540 quidem
1247 506 1392 542 [furiosus]
1407 508 1534 534 nuntium
1559 509 1666 535 mittere
1684 516 1740 535 non

951 557 1157 587 potest:atque
1181 553 1203 580 si
1229 553 1314 586 furor,
1342 554 1399 581 sive
1421 560 1582 589 perpetuus,
1610 556 1667 583 sive
1692 563 1741 590 per

951 597 1092 625 intervalla
1106 598 1262 635 [accedens]
1279 600 1429 627 tolerabilis
1454 600 1499 632 sit,
1515 609 1603 635 neque
1626 608 1740 636 compos

951 643 1049 670 mentis
1075 643 1173 677 fuerit,
1191 645 1317 671 nuntium
1350 645 1456 672 mittere
1479 646 1568 672 debet.
1597 646 1625 673 Si
1650 651 1740 673 tamen

950 687 1067 720 miserit,
1081 689 1108 716 in
1127 697 1223 723 poenas
1248 690 1342 724 injuin
1365 690 1474 717 divortii
1498 691 1603 719 incidit.
1621 691 1697 723 Quod
1716 692 1739 718 si

950 733 1026 760 furor
1045 734 1128 770 470
1149 735 1328 763 intolerabilis
1345 736 1380 763 sit
1394 744 1445 764 nec
1467 737 1521 763 ulla
1545 737 1740 772 resipiscentiae

950 786 1012 814 spes
1041 780 1161 813 supersit
1189 789 1195 806 :
1225 785 1335 814 propter
1361 780 1462 808 furoris
1492 785 1604 813 metum,
1634 788 1666 808 ac
1678 788 1742 815 prn-

951 825 1074 851 creaudze
1088 825 1190 852 sobolis
1205 826 1382 857 desiderium,
1405 827 1472 853 citra
1499 826 1641 860 utriusque
1663 827 1740 852 dam-

914 864 936 891 Β
952 878 1028 904 num,
1046 870 1252 898 matrimonium
1271 871 1385 906 repudio
1407 872 1560 899 dissolvere
1577 872 1648 899 licet.
1668 871 1740 898 Sane

952 915 973 942 si
992 914 1130 950 [maritus]
1147 916 1351 942 matrimonium
1375 915 1509 951 [quidem]
1537 924 1590 943 non
1615 916 1737 949 dirimat,

952 962 998 989 sed
1024 962 1158 989 furentem
1184 961 1321 998 [uxorem]
1339 963 1457 997 negligat
1474 971 1481 989 :
1498 963 1676 997 compellitur
1691 971 1739 997 per

951 1008 1141 1043 magistratum
1171 1008 1321 1035 secundum
1352 1009 1425 1036 dotis
1453 1009 1634 1043 quantitatem
1666 1009 1738 1035 alere

951 1054 1024 1081 illam
1051 1062 1083 1081 ac
1108 1055 1256 1081 sanandam
1277 1061 1387 1086 curare,
1409 1054 1531 1088 nihilque
1554 1061 1650 1081 eorum
1677 1062 1738 1087 qua:

951 1101 1079 1127 maritum
1096 1099 1247 1135 [praestare]
1269 1100 1425 1132 conveniat,
1446 1102 1661 1135 praetermittere.
1685 1100 1738 1128 Sed

951 1145 975 1172 si
992 1145 1082 1172 dolent
1103 1145 1226 1178 dissipet.
1244 1149 1434 1180 sequestratur
1451 1144 1533 1181 [illa],
1553 1151 1689 1180 quatenus
1705 1153 1739 1172 ex

951 1198 981 1218 ea
998 1190 1106 1224 mulier,
1124 1191 1238 1226 ejusque
1252 1191 1354 1218 familia
1374 1196 1531 1225 competens
1548 1191 1646 1219 habeat
1664 1192 1738 1219 sola-

951 1236 1018 1262 tium
1037 1244 1044 1262 :
1062 1236 1204 1263 servandis
1229 1235 1379 1272 [videlicet]
1402 1237 1436 1263 ab
1456 1237 1534 1263 initio
1557 1236 1644 1272 [initis
1661 1237 1740 1264 dota-

951 1281 1034 1317 libus]
1058 1282 1156 1316 pactis.
1179 1281 1280 1308 Verum
1310 1282 1367 1309 hate
1392 1282 1472 1309 hodie
1498 1290 1552 1309 non
1579 1283 1740 1316 procedunt,

951 1334 1038 1362 neque.
1048 1331 1158 1361 propter
1169 1327 1289 1354 furorem
1299 1328 1586 1355 rectcmatrimonium
1601 1328 1716 1355 solvitur
1731 1336 1737 1354 :

952 1379 1015 1399 cum
1029 1371 1064 1398 de
1078 1371 1201 1405 repudiis
1218 1371 1325 1398 novella
1340 1372 1390 1398 117
1406 1378 1494 1399 certas
1511 1380 1609 1400 causas
1630 1373 1738 1403 recitet.

953 1421 1034 1451 atque
1049 1420 1147 1451 prater
1164 1423 1222 1449 eas,
1238 1417 1382 1451 repudium
1404 1418 1557 1445 mittentem
1578 1418 1740 1453 nuptialiutn

953 1462 1187 1490 contributiouum
1199 1462 1353 1495 amissioni,
1367 1463 1484 1498 aliisque
1498 1464 1586 1498 poenis
1600 1465 1738 1498 subjiciat.

989 1518 1065 1546 CAP.
1090 1518 1188 1546 XXXI.
1201 1533 1237 1539 —-
1248 1519 1288 1546 De
1303 1519 1372 1546 laico
1393 1525 1541 1555 segregata,
1559 1521 1604 1555 qui
1625 1526 1741 1556 receptu:

956 1566 1037 1601 fuerit
1048 1565 1080 1592 ab
1096 1565 1160 1598 alio,
1177 1570 1272 1600 praeter
1293 1566 1451 1592 voluntatem
1474 1567 1531 1601 ejus
1551 1567 1595 1602 qui
1608 1567 1686 1594 illum
1700 1576 1742 1595 se-

957 1615 1119 1646 gregoreral.

1132 1667 1316 1701 Apostolorum
1331 1676 1443 1695 canones
1460 1669 1502 1700 12,
1523 1670 1566 1696 15.

993 1723 1035 1751 12.
1055 1723 1083 1751 Si
1100 1725 1162 1759 quis
1188 1723 1304 1751 clericus
1327 1725 1368 1751 vel
1393 1725 1489 1758 laicus,
1515 1732 1673 1762 segregatus
1701 1728 1743 1755 vel

955 1776 1008 1796 non
1028 1770 1209 1804 recipiendus.
1226 1776 1291 1804 etc.,
1313 1776 1415 1804 utpag.
1433 1770 1496 1798 671.

991 1815 1024 1841 15
1051 1814 1119 1851 [1‘2].
1138 1815 1165 1842 Si
1189 1822 1278 1843 autem
1301 1821 1342 1843 est
1367 1823 1537 1851 segregatus,
1556 1821 1623 1851 etc.,
1638 1824 1666 1845 ut
1678 1827 1741 1854 pag.

958 1860 1020 1888 751.
1576 1864 1578 1867 ⁷

1132 1907 1244 1935 Coucilii
1266 1909 1422 1936 Antiocheni
1444 1917 1527 1936 canon
1542 1909 1569 1936 6.

992 1961 1018 1989 6.
1038 1961 1066 1989 Si
1082 1963 1142 1996 quis
1157 1971 1172 1989 a
1188 1964 1298 1998 proprio
1313 1965 1441 1998 episcopo
1457 1965 1538 1992 fuerit
1557 1965 1744 1992 excommuni-

957 2014 1035 2035 catus
1052 2013 1118 2040 etc.,
1135 2014 1161 2035 ut
1177 2017 1239 2044 pag.
1257 2009 1320 2036 7t9.

992 2063 1071 2100 47],
1086 2064 1162 2091 CAP.
1178 2065 1286 2092 XXXII.
1300 2065 1380 2092 —De
1389 2066 1573 2100 jejunantibus
1587 2067 1613 2093 in
1628 2066 1742 2094 Sabbalo

956 2110 995 2136 vel
1009 2110 1051 2136 die
1070 2109 1220 2137 Dominica.

1177 2167 1364 2201 Apostolorum
1378 2174 1463 2193 canon
1478 2166 1522 2193 61.

119 2262 122 2265 ⁴
153 2221 200 2255 ξδ’.
222 2222 257 2249 Et
276 2231 319 2254 τις
343 2223 472 2257 κληρικὺς
497 2221 594 2249 εὑοεθ*
615 2223 662 2258 τὴν
682 2222 822 2258 Κυριακὴν
837 2223 901 2258 ἠμέ-

994 2224 1038 2252 45.
1054 2225 1083 2252 Si
1099 2224 1160 2260 quis
1174 2224 1291 2252 clericus
1305 2224 1431 2251 inventus
1446 2223 1531 2251 fuerit
1543 2224 1587 2252 die
1601 2225 1741 2253 Dominica

113 2275 168 2305 ραν
181 2268 329 2304 νηστεύων,
346 2277 374 2295 κ.
390 2277 415 2294 τ.
431 2267 456 2295 λ.

255 2323 390 2350 Συγόδου
412 2323 549 2359 Γάγγρας
572 2323 683 2354 κανὼν.
708 2326 751 2358 ιη’.

152 2373 200 2405 ιη’.
232 2370 265 2396 EE
284 2378 326 2401 τις
353 2369 397 2396 διὰ
419 2369 601 2405 νομιζομένην
625 2371 740 2404 ἄσκησιν
755 2371 784 2396 ἐν
801 2370 834 2404 τῇ
852 2370 907 2396 Κυ-

111 2417 200 2452 ριακῇ
221 2416 358 2450 νηστεύοι,
376 2416 502 2450 ἀνάθεμα
515 2415 596 2442 ἔστω.

146 2462 285 2489 Συνόδου
308 2461 520 2496 οικουμενικῆς
533 2461 624 2495 ἕκτης
642 2461 742 2488 κανὼν
756 2464 803 2494 νε’,
818 2463 872 2494 νςν.

151 2511 200 2534 νε¹.
222 2507 331 2542 Ἐπειδὴ
350 2508 552 2542 μεμαθήκαμεν
578 2507 642 2538 τοὺς
657 2507 686 2533 ἐν
709 2508 741 2542 τῇ
765 2506 907 2542 Ῥωμαίων

113 2553 205 2586 πόλει,
227 2553 257 2580 ὲν
273 2554 333 2585 ταῖς
351 2553 442 2587 ἁγίαις
465 2554 514 2588 τῆς
538 2552 764 2588 Τεσσαρακοστῆς
778 2552 907 2587 ἡμέραις,

110 2609 141 2628 χ.
161 2609 189 2628 τ.
207 2600 234 2628 λ.

152 2645 209 2678 νς·’.
244 2645 382 2676 Ὡσαύτως
413 2643 670 2680 μεμαοήκαμενιέν
699 2644 732 2679 τῇ
757 2643 908 2679 ’Δρμενίων

108 2691 205 2728 χώρᾳ,
228 2700 255 2719 κ.
272 2700 297 2718 τ.
318 2691 343 2718 λ.

149 2748 277 2774 ΚΕΦΛΛ.
299 2747 360 2774 AI".
384 2761 418 2766 —
441 2746 511 2781 Περὶ
543 2745 603 2774 τῶν
629 2746 835 2773 διδασκόντων
856 2746 910 2772 τὸν

109 2791 204 2821 οἷκον
216 2793 270 2819 τοῦ
287 2793 361 2820 Θεοῦ
379 2792 430 2820 καὶ
446 2791 498 2824 τὰς
512 2791 666 2825 συνάξεις,
688 2790 909 2826 εὐκαταφρονψ

110 2848 190 2873 Hoc
201 2839 288 2866 εἶναι.

956 2269 1092 2305 jejunare,
1107 2273 1171 2301 etc.,
1180 2274 1207 2296 ut
1218 2277 1278 2304 pag.
1294 2269 1355 2296 655.

1128 2323 1241 2351 Concilii
1255 2322 1414 2358 Gaugremis
1430 2332 1514 2351 canon
1525 2325 1568 2352 18.

993 2370 1037 2397 18.
1056 2368 1084 2397 Si
1104 2370 1166 2404 quis
1180 2374 1288 2403 propter
1300 2378 1360 2397 eam
1377 2378 1437 2404 qua:
1461 2371 1644 2404 existimatur,
1660 2379 1741 2400 exer-

958 2415 1114 2442 citationem
1130 2416 1156 2441 in
1171 2414 1312 2442 Dominico
1325 2415 1441 2449 jejunet.
1462 2416 1497 2442 sit
1511 2417 1666 2444 anathema.

1065 2461 1177 2488 Cuncilii
1191 2461 1343 2487 wcument'ci
1363 2469 1388 2488 v1
1402 2469 1513 2488 canones
1530 2462 1575 2496 55,
1592 2463 1636 2490 56.

995 2505 1038 2533 55.
1051 2506 1186 2539 Quoniam
1199 2506 1380 2534 intelleximus
1394 2507 1420 2533 in
1438 2507 1625 2535 Romanorum
1636 2509 1747 2537 civitate

959 2551 986 2578 in
1003 2553 1106 2579 sanctis
1122 2551 1336 2586 quadragesimae
1350 2552 1475 2587 jejuniis,
1490 2557 1592 2586 etc.,ut
1606 2562 1667 2592 ppg.
1683 2555 1746 2583 658.

995 2645 1047 2679 56η
1068 2644 1200 2672 Similiter
1224 2644 1380 2680 accepimus
1395 2650 1423 2673 et
1443 2646 1469 2673 in
1493 2647 1684 2674 ArmeniOrum
1703 2655 1747 2675 re-

960 2691 1048 2727 gione,
1064 2695 1130 2723 etc.,
1145 2695 1172 2716 ut
1183 2699 1243 2725 pag.
1263 2690 1325 2718 638.

995 2747 1070 2774 CAP.
1092 2746 1304 2774 XXXIII.—De
1328 2747 1360 2773 iis
1382 2748 1427 2781 qui
1451 2747 1544 2773 docent
1568 2747 1676 2773 domum
1700 2746 1747 2774 Dei

961 2792 1046 2827 ibique
1057 2796 1229 2826 congregatas
1245 2799 1357 2827 synaxes
1367 2792 1446 2826 [ιυρεὶ
1461 2799 1517 2818 esse
1529 2791 1676 2825 faciendas.
