1946 3076
113 175 162 208 969

446 268 575 302 στολῆς.

115 320 118 324 '
148 315 274 350 Νομιμον
295 314 412 350 πρᾶγμα
437 315 623 350 πεποιήκασιν
645 315 671 341 οι
684 314 867 351 πρεσϐύτεροι
882 316 908 343 οἱ

115 362 142 389 ὲν
155 361 263 397 Γεμίνῳ
275 360 368 397 κώμῃ,
380 361 404 388 εἰ
417 360 545 397 ἀληθεύει
555 362 573 396 ή
584 361 738 397 κομίζουσα
751 362 782 388 τὸ
791 363 909 398 πρᾶγμα

116 407 262 435 Εὑσταθία⁴
280 406 381 442 φάσκει
391 408 458 443 γὰρ,
476 407 517 434 ὅτι
534 407 671 444 Κυράδιον
685 407 844 440 ἀδικοῦσαν,
859 408 909 435 καὶ

117 454 152 490 μὴ
170 453 337 489 βουλομένην
367 453 524 480 ἀναστεῖλαι
553 453 603 489 τὴν
625 453 745 485 ἀδικίαν,
771 453 909 490 ἐχώρισαν

115 500 161 535 τῆς
177 499 324 532 συνάξεως.
350 499 459 534 Ἐπειδὴ
485 499 575 527 τοίνυν
592 508 682 534 ευρον,
696 499 735 532 ὡς
759 500 790 526 τὸ
809 501 910 535 ἑαυτῆς

115 546 197 573 κακὸν
212 545 419 581 θεραπεύσασα,
437 546 562 582 βούλεται
591 546 775 582 συναχθῆναι,
795 546 909 582 Θέλησον

115 588 325 628 παρασκευάσαι
341 591 429 627 αὐτὴν
444 591 596 619 ἀποθέσθαι
611 592 720 628 πρῶτον
737 591 787 627 τὴν
802 591 910 618 ἀδικίαν

115 637 160 664 καὶ
175 639 269 665 πεῖσαι
293 639 471 674 μετανοῆσαι,
485 639 541 674 ,ἵνα
554 628 663 670 ⁸οὕτως,
679 639 704 665 εξ
727 638 845 670 συνίδοις
868 638 909 665 ὅτι

115 684 190 720 νόμῳ
211 684 279 712 Θεοῦ
301 685 484 722 προσέρχεται
506 686 555 722 τῆς
584 685 722 718 συνάξεως
745 685 909 722 ὀρεγομένη,

116 730 266 767 ἐπιτρέψῃς
281 731 350 767 αὐτῇ
365 731 435 767 μετὰ
450 731 506 758 τῶν
521 731 594 758 λαῶν
610 731 790 766 συνάγεσθαι.

183 775 320 803 Συνόδου
338 776 551 812 οὶκουμενικῆς
567 777 656 812 ἕκτης
671 777 774 805 κανὼν
788 777 837 811 ξδ’.

151 821 198 854 ξδ’.
215 822 276 850 Ὅτι
292 823 323 850 οὺ
342 823 396 859 χρὴ
418 823 538 860 δημοσίᾳ
550 823 656 857 λαῖκδν,
672 824 752 859 λόγον
766 825 851 851 κινεῖν
867 823 909 851 δο-

116 868 250 904 γματικδν
273 869 290 905 ἢ
314 868 462 902 διδάσκειν,
479 870 588 905 ἀξίωμα
606 870 697 906 ἑαυτῷ
718 870 910 898 διδασκαλικὸν

508 174 720 206 'SYNTAGMA
738 175 924 207 CANONUM
937 176 1058 207 —TIT.
1080 177 1163 215 XIV,
1185 178 1264 208 CAP-
1286 179 1328 209 II.

114 232 258 268 Θεοφίλου
284 232 319 259 ἐκ
341 231 397 267 τῆς
415 232 492 268 πρὸς
514 232 623 267 Μηνᾶν
647 233 818 262 ἐπίσκοπον
843 235 907 262 ἐπι·
923 240 945 267 Α

1702 180 1754 212 970

1029 235 1166 272 Theophili
1178 245 1211 264 ex
1224 238 1338 272 epistola
1353 238 1388 266 ad
1401 238 1506 267 Menam
1521 240 1682 275 episcopum.

996 317 1062 344 Rem
1075 317 1178 353 justam
1196 319 1317 347 fecerant
1327 320 1478 356 presbyteri
1494 321 1520 348 in
1539 321 1655 349 Gemino
1670 329 1750 357 pago.

959 361 982 390 si
998 370 1092 390 verum
1112 363 1187 396 dicit,
1203 371 1264 398 quae
1282 364 1370 392 defert
1385 365 1491 394 litteras
1508 365 1663 394 Eustathia.
1682 366 1754 395 Dicit

960 407 1045 439 enim,
1062 408 1135 442 quod
1157 408 1304 443 Cyradium
1329 409 1473 438 facientem
1491 411 1634 447 injuriam,
1650 420 1702 440 nec
1716 413 1751 441 ab

961 459 991 478 ea
1019 451 1154 480 desistere
1171 453 1318 488 volentem,
1346 462 1361 481 a
1388 457 1582 484 communione
1606 465 1753 493 separave-

960 502 1034 525 runt.
1050 498 1120 532 Quia
1133 506 1197 534 ergo
1212 500 1314 533 inveni,
1329 502 1402 536 quod
1414 510 1465 529 suo
1476 502 1550 530 malo
1563 511 1658 531 curam
1675 504 1754 532 adhi-

961 544 1029 572 bens
1044 544 1102 572 vnit
1117 547 1335 579 communicare.
1354 547 1398 575 fac
1419 555 1450 575 ea
1476 548 1514 576 ita
1541 556 1571 576 se
1600 555 1753 585 comparet,

961 594 991 616 nt
1005 588 1133 624 iniuriam
1150 590 1270 625 primum
1284 592 1401 626 deponat
1412 613 1419 626 ,
1434 598 1460 620 et
1473 594 1661 628 paenitentiam
1671 603 1753 631 agere

961 636 989 662 in
1017 635 1140 664 animum
1163 637 1287 670 inducat,
1313 643 1343 666 ut
1367 639 1390 666 si
1417 640 1456 666 sic
1482 640 1660 674 intellexeris,
1681 641 1755 677 quod

961 683 1076 716 accedit,
1095 684 1318 712 communionem
1337 685 1509 720 desiderans,
1526 687 1669 722 permittas
1684 688 1709 715 ei
1726 693 1756 716 ut

961 737 1023 757 cum
1040 730 1150 765 populis
1167 732 1363 760 communicet.

1114 776 1242 811 {Concilii
1258 778 1410 805 tecumem'ci
1423 785 1449 808 vi
1463 787 1547 807 canon
1563 779 1609 807 64.

997 821 1043 849 64.
1061 821 1140 856 Quod
1163 831 1217 852 non
1233 829 1342 859 oportet
1361 825 1464 853 laicum
1489 826 1598 862 publice
1613 826 1756 862 disputare

962 867 1005 895 vel
1028 868 1137 901 docere,
1154 869 1271 897 docendi
1295 871 1487 899 auctoritatem
1515 879 1548 899 ex
1573 880 1606 900 eo
1621 873 1673 900 sibi
1698 873 1759 900 vin-

114 915 239 945 ἐντεῦθεν
251 916 491 952 περιποιούμενονο
504 917 562 944 ἀλλ’
574 917 659 944 εἴκειν
672 918 706 954 τῇ
725 917 910 954 παραδοθείσῃ

973 914 1111 947 lieantem,
1127 915 1174 943 sed
1188 916 1278 944 ordini
1300 924 1315 944 a
1340 916 1457 945 Domino
1477 918 1576 946 tradito
1591 919 1706 953 cedere;
1731 924 1759 946 et

117 962 192 998 παρὰ
208 961 256 989 τοῦ
274 962 380 996 Κυρίου
395 963 482 997 τάξει,
499 964 547 990 καὶ
568 963 599 990 τὸ
627 961 674 995 οὖς
692 965 749 996 τοῖς
765 963 814 999 τὴν
829 964 911 1000 χάριν

115 1008 161 1034 τοῦ
182 1008 373 1035 διδασκαλικοῠ
400 1009 479 1044 λόγου
507 1009 621 1037 λαϐοῦσι
643 1009 800 1045 διανοίγειν,
813 1010 862 1037 καὶ
875 1010 911 1037 τὰ

115 1053 174 1080 θεῖα
192 1053 258 1089 παρ’
279 1054 370 1081 αὐτῶν
400 1055 621 1083 ἐκδιδάσκεσθαι·
643 1056 688 1083 Ἐν
714 1057 770 1092 γὰρ
795 1058 828 1093 τῇ
861 1057 911 1093 μιᾷ

122 1099 271 1136 Ἐκκλησία
286 1100 405 1136 διάφορα
426 1101 494 1137 μέλη
511 1101 663 1135 πεποίηκεν
676 1103 690 1129 ὁ
700 1101 766 1134 Θεὸς
780 1102 851 1130 κατὰ
862 1102 911 1138 τὴν

115 1144 163 1174 τοῦ
184 1146 347 1174 Ἀποστόλου
377 1147 482 1182 φωνὴν,
511 1147 545 1182 ἢν
569 1147 583 1174 ὁ
608 1146 734 1181 θεολόγος
749 1146 911 1183 ἑρμηνεύων

117 1193 278 1229 Γρηγόριος,
291 1192 385 1227 σαφῶς
401 1193 452 1228 τὴν
482 1193 511 1219 ὲν
535 1191 641 1224 τούτοις
668 1191 744 1225 τάξιν
761 1193 912 1229 παρίστησι

117 1239 231 1274 φάσκων
244 1247 251 1255 ·
269 1239 388 1273 Ταύτην
401 1238 550 1274 αὶδώμεθα
573 1238 632 1273 τὴν
656 1238 755 1271 τάξιν,
772 1239 910 1275 ἀδελφοὶ,

117 1285 234 1319 ταύτην
251 1285 460 1320 φυλάττωμεν
476 1286 493 1312 ό
510 1285 569 1320 μὲν
581 1285 660 1312 ἐστω
676 1285 722 1318 τίς
742 1285 831 1320 ἀκοὴ,
845 1288 862 1313 d
878 1285 913 1313 δὲ

117 1331 254 1367 γλῶσσα·
269 1333 286 1359 ὁ
303 1331 337 1358 δὲ
352 1331 428 1366 χεὶρ,
451 1333 468 1359 ὀ
486 1331 521 1358 δὲ
535 1331 613 1359 ἄλλο
625 1339 663 1359 τιο
676 1333 693 1359 ό
700 1331 760 1366 μὲν
771 1332 913 1360 διδασκέ-

118 1387 168 1411 τω,
189 1379 206 1406 d
233 1377 268 1405 δὲ
292 1377 478 1413 μανθανέτω·
509 1379 557 1405 καὶ
582 1378 652 1413 μετὰ
672 1378 787 1414 βραχέα·
818 1378 874 1406 Καὶ
896 1380 913 1407 ὁ

115 1424 279 1460 μανθάνων
295 1424 331 1451 ἐν
353 1425 515 1458 εὐπειθείᾳ,
534 1424 586 1452 καὶ
609 1425 626 1451 ό
642 1424 779 1460 χορηγῶν
799 1425 834 1451 ὲν
848 1425 926 1453 ιλιι-⁸

115 1471 231 1506 ρότητι,
258 1471 307 1498 και
322 1472 339 1498 ό
351 1469 513 1506 ὑπουργῶν
525 1470 561 1498 ἐν
571 1471 731 1506 προθυμίᾳ·
743 1470 787 1507 μὴ
802 1471 915 1505 πάντες

117 1515 199 1553 ὦμεν
212 1517 339 1552 γλῶσσα
363 1517 398 1544 τὸ
414 1517 617 1552 ἑτοιμότατον,
637 1517 681 1553 μὴ
703 1517 818 1551 πάντες
841 1518 915 1545 ἀπό-

119 1566 235 1597 στολοι,
260 1564 303 1599 μὴ
329 1563 442 1597 πάντες
467 1563 628 1599 προφῆται,
647 1564 691 1599 μὴ
711 1564 824 1598 πάντες
837 1565 915 1600 διερ-

966 969 1060 988 aurem
1079 961 1113 989 iis
1125 982 1132 993 .
1152 963 1198 997 qui
1216 962 1332 991 docendi
1351 964 1467 999 gratiam
1494 970 1670 1000 acceperunt,
1694 973 1759 1001 ape-

967 1008 1040 1040 rire;
1057 1013 1084 1035 et
1094 1007 1186 1036 divina
1201 1009 1235 1036 ab
1251 1009 1291 1037 eis
1303 1010 1395 1038 doceri
1409 1019 1416 1037 :
1434 1009 1467 1037 In
1488 1019 1541 1038 una
1557 1011 1625 1038 enim
1637 1011 1759 1039 Ecclesia

966 1051 1071 1079 diuersa
1087 1053 1204 1080 membra
1229 1054 1290 1089 fecit
1309 1055 1380 1082 Deus
1398 1055 1432 1087 ",
1449 1059 1479 1082 ut
1497 1061 1538 1083 est
1551 1064 1602 1083 vox
1623 1056 1759 1092 Apostoli.

967 1098 1055 1131 Quam
1072 1103 1165 1134 aperte
1188 1100 1371 1136 interpretans
1387 1101 1535 1138 Gregorius
1552 1101 1706 1139 Theulogus
1720 1103 1755 1136 ",

967 1153 1029 1173 eum
1048 1147 1094 1181 qui
1115 1147 1142 1174 in
1165 1147 1199 1175 iis
1213 1151 1265 1180 est,
1290 1147 1414 1175 ordinem
1435 1149 1622 1181 commendat.
1645 1150 1760 1177 dicens:

967 1190 1047 1220 llunc
1058 1192 1182 1220 ordinem
1191 1200 1380 1225 revereamur,
1394 1193 1502 1226 fratres,
1516 1194 1590 1222 hunc
1604 1202 1758 1222 servemus.

967 1237 1017 1266 Hic
1031 1239 1141 1274 quidem
1165 1241 1201 1267 sit
1224 1240 1310 1272 auris.
1328 1240 1373 1267 ille
1391 1247 1455 1267 vero
1476 1240 1588 1276 lingua:
1602 1240 1648 1269 hic
1670 1245 1761 1269 autem

968 1293 1078 1317 manus,
1092 1285 1137 1312 hic
1149 1292 1213 1313 vero
1230 1285 1334 1321 aliquid
1346 1285 1419 1313 aliud
1434 1295 1442 1313 :
1463 1285 1508 1313 hic
1522 1286 1635 1321 quidem
1651 1286 1761 1320 doceat,

968 1331 1014 1358 ille
1029 1339 1094 1358 vero
1108 1331 1207 1359 diSrat.
1224 1331 1257 1359 Et
1269 1332 1351 1367 paulo
1376 1337 1453 1366 post:
1469 1331 1502 1359 Et
1516 1332 1629 1360 discens
1642 1333 1669 1360 in
1686 1333 1763 1360 doci—

967 1378 1055 1410 litate,
1069 1382 1096 1405 et
1112 1378 1291 1412 suppeditans
1304 1378 1331 1405 in
1348 1378 1495 1410 hilaritate.
1513 1384 1541 1406 et
1555 1379 1716 1407 ministrans
1735 1379 1763 1407 in

969 1424 1121 1452 alacritate.
1139 1423 1178 1452 Ne
1188 1425 1276 1453 simus
1295 1432 1391 1452 omnes
1404 1425 1509 1460 lingua,
1526 1425 1600 1460 quod
1612 1429 1655 1453 est
1669 1433 1764 1460 prom-

971 1472 1062 1507 ptius:
1078 1479 1113 1498 ne
1132 1478 1230 1499 omnes
1249 1471 1378 1506 apostoli,
1401 1478 1434 1498 ne
1449 1478 1546 1499 omnes
1557 1472 1709 1506 prophetae.
1729 1480 1764 1499 ne

969 1526 1066 1546 omnes
1085 1518 1308 1553 interpretemur.
1325 1518 1358 1546 Et
1373 1522 1436 1554 post
1452 1519 1578 1553 quaedam
1595 1518 1697 1555 :575
1709 1519 1765 1546 Cur

971 1569 997 1592 te
1014 1568 1150 1600 pastorem
1169 1563 1246 1596 facis,
1263 1572 1324 1592 cum
1343 1564 1382 1592 sis
1400 1565 1481 1592 ovis?
1501 1573 1552 1593 cur
1571 1570 1655 1600 caput
1677 1565 1766 1593 efﬁce-

113 1611 317 1646 μηνεύωμενο
339 1611 387 1638 καὶ
408 1610 478 1646 μετά
504 1619 584 1638 τινα·
610 1611 641 1639 TI
665 1610 798 1639 σεαυτὸν
823 1613 913 1645 ποιεῖς

972 1611 1020 1642 ris.
1038 1619 1101 1639 cum
1116 1611 1154 1638 sis
1169 1611 1237 1646 pes?
1253 1618 1302 1638 cur
1318 1612 1468 1646 imperator
1484 1619 1546 1639 esse
1560 1611 1682 1644 conaris,
1700 1619 1765 1639 cum

119 1655 268 1691 ποιμένα,
289 1656 441 1691 πρόϐατον
455 1655 514 1688 ῶν;
533 1656 562 1683 τί
586 1656 654 1691 γίνῃ
676 1656 813 1692 κεφαλὴ,
839 1657 917 1691 ποὺς

119 1702 278 1738 τυγχάνων
290 1711 299 1735 ;
316 1702 345 1730 τί
356 1702 537 1738 στρατηγεῖν
554 1703 727 1738 ἐπιχειρεῖς,
739 1703 919 1738 τεταγμένος

119 1749 156 1776 ἐν
189 1749 403 1784 στραταῦταις;
430 1750 485 1776 Καὶ
513 1749 628 1786 ἑτέρωθι
654 1750 688 1777 Ἦ
713 1751 794 1785 σοφία
828 1750 919 1777 διακε-

119 1795 239 1822 λεύεται·
257 1797 286 1823 Μ
289 1795 306 1830 ὴ
327 1796 392 1823 ῑσθι
410 1795 504 1830 ταχὺς
516 1796 553 1823 ἐν
564 1795 678 1832 λόγοις,
688 1796 732 1831 μὴ
745 1803 919 1832 συμπαρεκ-

120 1841 223 1869 τείνου
255 1842 351 1877 πένης
376 1841 420 1869 ὢν
453 1841 614 1876 πλουσίῳ,
643 1842 723 1877 μηδὲ
749 1843 828 1878 ζήτει
860 1842 920 1870 τῶν

121 1887 228 1922 σοφῶν
247 1887 324 1916 εἶναι
340 1888 522 1923 σοφώτερος·
550 1889 576 1915 εἰ
602 1889 631 1916 δέ
663 1897 705 1921 τις
719 1889 777 1924 ἁλῷ
798 1889 845 1916 τὸν
868 1898 922 1916 πα-

122 1935 207 1970 ρόντα.
222 1935 419 1970 παρασαλεύων
438 1935 551 1967 κανόνα,
577 1935 624 1963 ἐπὶ
649 1935 757 1971 ἡμέρας
774 1933 800 1971 μ’
825 1936 921 1971 ἀφορι-

121 1980 224 2012 ζέσθω.

973 1657 1075 1684 relatus
1095 1656 1134 1684 sis
1155 1656 1183 1684 in
1204 1664 1349 1684 numerum
1373 1657 1512 1685 militum?
1535 1658 1568 1685 Et
1585 1658 1648 1685 alibi
1662 1667 1669 1686 :
1683 1657 1767 1686 lubet

974 1702 1135 1738 Sapientia:
1153 1701 1195 1730 Ne
1207 1703 1244 1730 eis
1259 1703 1332 1730 velut
1352 1704 1379 1730 in
1394 1704 1571 1737 sermonibus,
1595 1713 1628 1731 ne
1645 1711 1706 1731 cum
1727 1704 1765 1731 sis

972 1757 1081 1784 pauper,
1105 1757 1159 1776 uua
1180 1757 1241 1775 cum
1264 1749 1346 1777 divite
1358 1749 1533 1783 exlendaris;
1550 1758 1582 1777 ne
1599 1758 1704 1785 quaeras
1720 1758 1767 1777 su-

972 1796 1108 1831 pientt'bus
1123 1804 1179 1823 esse
1192 1797 1341 1832 sapientior
1365 1797 1400 1823 ".
1417 1796 1445 1824 Si
1463 1796 1527 1832 quis
1541 1801 1633 1824 autem
1645 1804 1768 1832 praesen-

973 1847 1027 1870 tem
1041 1849 1176 1871 eanonem
1198 1841 1368 1870 labefactans
1388 1842 1576 1878 deprehensus
1593 1842 1676 1871 fuerit
1697 1850 1768 1879 quav

974 1889 1100 1924 draginta
1115 1889 1213 1917 diebus
1228 1894 1397 1925 segregetur.

1653 1927 1724 1935 ηαμ

784 2139 989 2184 ἸἸΤΛΟΣ.
1028 2138 1108 2184 ΙΔ’.

636 2233 716 2261 ΠΕΡΙ
741 2234 875 2262 ΚΟΙΝΩΝ
894 2234 1037 2261 ΠΛΝΤΩΝ
1057 2234 1253 2262 ΑΝΘΡΩΠΩΝ.

756 2388 992 2427 TlTULUS

1043 2389 1148 2428 XIV.

468 2479 511 2506 DE
531 2479 659 2508 CL'LPIS
677 2479 762 2514 ρυΑΞ
778 2479 810 2506 ΙΝ
833 2477 950 2507 OMNES
974 2477 1127 2506 HOMINES
1144 2478 1282 2506 CADERE
1299 2477 1453 2512 QUEUNT.

164 2558 294 2586 ΚΕΦΑΛ.
308 2557 351 2586 A'.
367 2572 403 2579 -—
419 2558 489 2593 Περὶ
505 2558 695 2591 πλεονεξίας.

292 2605 462 2640 Γρηγορίου
482 2605 612 2639 Νύσσης
628 2604 730 2632 κανὼν
744 2607 784 2636 ς’.

132 2643 138 2648 ’
165 2655 206 2685 ς’.
217 2651 254 2678 Τδ
267 2652 297 2679 δὲ
312 2653 406 2688 ἕτερον
422 2650 493 2683 εἶδος
507 2652 556 2687 τῆς
566 2651 787 2686 εἰδωλολατρίας,
803 2659 830 2678 κ.
843 2659 869 2677 τ.
886 2650 913 2677 λ.

123 2728 131 2733 Α
166 2698 299 2726 ΚΕΦΑΛ.
310 2697 348 2726 Β’.
360 2698 474 2733 -Περὶ
491 2697 736 2734 ἁλογιωομένων.

259 2745 396 2772 Συνόδου
415 2744 556 2779 Ἀγκύρας
573 2743 675 2771 κανὼν
688 2742 726 2770 ις’
740 2743 783 2776 ιζ’.

165 2790 215 2824 ις’.
234 2791 303 2826 Περὶ
319 2791 374 2818 τῶν
394 2790 622 2826 άλογευσαμένων
645 2790 661 2826 ἢ
688 2790 735 2817 καὶ
759 2790 927 2825 ἀλογευομὲ-

127 2846 199 2870 νων,
217 2846 245 2864 κ.
256 2847 283 2865 τ.
299 2838 325 2865 λ.

943 2563 965 2590 ο
1016 2556 1132 2585 CAPUT
1151 2557 1170 2584 Ι.
1187 2571 1222 2577 -
1235 2555 1274 2584 De
1289 2558 1417 2585 auaritia.

1174 2602 1296 2639 Gregorii
1310 2604 1427 2640 Νεμερηί
1444 2613 1528 2632 canon
1551 2605 1578 2632 6.

1019 2650 1045 2677 6.
1067 2650 1159 2678 Altera
1177 2650 1340 2678 idololatria:
1357 2651 1474 2686 species,
1487 2656 1552 2685 ειη..
1569 2656 1597 2679 ιιι
1615 2659 1676 2686 pag.
1694 2651 1756 2679 958.

1016 2696 1092 2724 CAP.
1111 2696 1143 2724 ll.
1158 2713 1192 2719 —
1210 2697 1247 2724 De
1261 2697 1493 2725 concumbentibus
1510 2705 1570 2724 cum
1588 2696 1683 2724 brutis.
1767 2694 1772 2698 ’

1124 2743 1240 2772 Caneilii
1253 2744 1390 2780 Ancyram’
1405 2753 1519 2772 canones
1531 2744 1575 2778 16,
1587 2743 1630 2771 l7.

1018 2789 1061 2818 l6.
1084 2789 1122 2817 De
1139 2791 1173 2818 iis
1200 2791 1247 2826 qui
1271 2791 1387 2819 rationis
1408 2791 1529 2826 expertia
1556 2789 1684 2818 animalia
1706 2790 1774 2819 inie-

985 2841 1049 2865 runt
1061 2837 1104 2864 vel
1118 2836 1224 2870 ineunt,
1241 2841 1307 2870 etc.,
1322 2842 1350 2864 ut
1367 2846 1428 2872 pag.
1443 2836 1505 2864 891.

166 2907 190 2924 "
203 2905 223 2934 ll
236 2906 300 2934 Cor.
316 2915 364 2939 xn,
383 2907 427 2935 18.
466 2907 576 2937 "Orat.
597 2908 629 2936 de
644 2908 774 2938 seri-«mla
792 2908 818 2936 in
834 2907 1062 2936 disoutalionibus
1083 2907 1272 2936 moderatione.
1314 2909 1337 2924 "
1350 2908 1423 2937 Eccl.
1441 2916 1467 2943 ν,
1481 2908 1507 2936 1.

297 2954 435 2986 PnnoL.
450 2954 509 2986 Gn.
525 2954 604 2987 CIV.

1576 2956 1612 2986 31
