1946 3076
193 175 242 207 971
381 185 383 191 '
787 172 917 203 PIIOTlI
937 172 959 202 Ρ

1050 171 1191 201 .ARCH/E
1207 172 1263 202 CP.
1485 175 1488 177 ⁷
1773 173 1818 204 972

229 233 273 259 17.
295 231 348 260 Eos
364 230 412 267 qui
429 231 545 260 rationis
559 231 684 266 expertia
701 230 862 262 animantia,
879 235 945 262 etc.,
961 234 992 256 ut

817 230 862 262 tia,
879 235 945 262 etc.,
961 234 992 256 ut
1013 230 1035 257 A
1086 229 1129 263 ιζ’.
1146 230 1215 261 Τοὺς
1225 229 1474 265 ἁλογευσιιμένους,
1487 238 1515 257 κ.
1527 238 1553 256 τ.
1563 229 1585 257 λ.

193 284 223 306 ut
240 287 301 314 pag.
318 278 381 307 89L

461 324 557 352 Basilii
575 332 661 352 cotton
675 323 720 351 65.

1255 322 1419 349 Βασιλείου
1438 321 1539 349 κανὼν
1555 321 1572 354 ξ
1575 321 1607 355 γ’.

229 369 275 398 65.
293 368 345 402 Qui
360 377 438 397 snam
453 369 482 396 in
498 370 642 397 brutorum
658 368 807 396 c0ucubitu
820 367 989 402 impietatem

1079 369 1130 403 ἔτ’.
1152 369 1181 395 ’0
1194 369 1223 395 ὲν
1233 369 1342 402 ἀλόγοις
1354 369 1403 405 τὴν
1413 367 1512 395 ἑαυτοῦ
1521 368 1648 395 ἁσέὸειαν
1658 367 1823 404 ἐξαγορεύων,

194 414 353 449 c0niitetur,
367 415 437 442 idem
452 420 560 450 tempus
577 416 603 442 in
625 414 787 450 pcenitentia
803 413 934 442 servabit.

1044 414 1091 441 τὸν
1108 414 1191 441 αὑτὸν
1212 414 1293 448 λόγον
1306 414 1554 450 ἐξομολογούμενος
1577 413 1804 449 παραφυλάξεται.

353 461 437 498 476
455 461 577 497 Gregorii
594 461 709 496 Nysteni
725 469 784 495 cap.
801 461 828 488 5.

1210 461 1378 495 Γρηγορίου
1394 461 1523 494 Νύσσης
1535 469 1604 495 may.
1620 459 1654 494 γ’.

228 508 256 535 5.
279 507 381 535 Eorum
398 513 488 535 autem
504 516 566 542 quae
578 507 612 535 ad
628 507 809 542 cupiditatem
824 509 852 534 et
868 504 993 540 volupta-

1080 505 1115 540 γ’.
1129 506 1190 533 Τών
1202 506 1231 533 δὲ
1246 507 1281 533 δι’
1293 506 1441 542 ἐπιθυμίαν
1453 508 1541 543 τεκαὶ
1556 507 1656 543 ἡδονὴν
1687 507 1826 542 γινομένων

196 557 250 581 ιειιι
267 554 335 580 [lunt
352 556 538 587 peccatorum,
552 557 617 585 etc.,
633 556 662 578 ut
677 560 738 586 pag.
759 550 822 578 807.

1048 553 1270 588 ἁμαρτημάτων,
1287 562 1314 580 κ.
1330 562 1355 580 τ.
1369 553 1394 580 λ.
1672 557 1673 560 ‘

230 598 308 626 CAP.
324 597 367 626 ΙΙΙ,
379 613 415 618 —
427 597 465 625 De
481 597 622 625 homicidia
640 603 664 624 et
678 596 838 624 latronibus.

1083 600 1210 627 ΚΕΦΑΛ.
1226 598 1264 627 Γ¹.
1279 615 1316 620 -
1331 600 1400 634 Περὶ
1420 600 1538 635 φονέων
1556 600 1605 626 καὶ
1621 600 1752 635 λῃστῶν.

419 644 608 679 Apostolorum
625 651 710 670 canon
726 643 770 670 66.

1259 645 1450 672 Ἀποστόλων
1460 646 1562 673 κανὼν
1579 645 1632 680 ξς’.

230 690 265 718 66
283 689 353 727 [64].
375 689 403 717 Si
419 690 482 725 quis
496 690 616 717 clericus
632 689 661 716 in
676 697 768 724 pugna
784 689 926 724 pulsatum
943 689 994 716 ali-

1086 691 1139 725 ξς’.
1154 692 1189 718 Et
1198 701 1238 724 τις
1255 682 1385 728 κληρικὺς
1397 693 1425 719 ὲν
1441 693 1516 729 μάχῃ
1531 693 1593 720 τινὰ
1609 693 1763 729 κρούσει,κ.
1774 702 1797 721 τ.
1809 693 1831 720 λ.

197 745 290 773 quem,
306 741 371 769 etc.,
385 740 415 763 ut
431 744 492 771 pag.
512 735 574 764 746.

278 782 393 809 Concilit‘
409 782 545 817 Ancyram’
559 789 673 808 canones
687 781 733 812 Ἠ.
748 780 794 811 22.
806 781 853 813 25,
869 780 915 808 25.

1097 780 1234 808 Συνόδου
1255 781 1402 816 Ἀγκύρας
1419 781 1523 808 κανὼν
1536 784 1590 814 κα¹,
1607 780 1660 816 κβ¹,
1676 780 1727 816 κγ’,
1740 781 1786 809 κε’.

233 830 279 856 21.
301 829 339 856 De
361 828 524 857 mulieribus
547 837 609 863 qua:
632 833 697 856 sunt
717 827 870 861 l'orniealae,
887 831 952 860 etc.,
968 832 997 854 ut

1086 824 1141 853 κα’.
1159 827 1227 862 Περὶ
1246 826 1301 853 τῶν
1320 826 1460 861 γυναικῶν
1471 826 1528 853 τῶν
1554 827 1773 863 ὲκτιορνευουσῶν
1793 827 1836 854 καὶ

199 884 259 911 pag.
280 875 343 903 919.
1013 906 1035 911 “
1052 872 1223 907 ἀναιρουσῶν
1234 873 1269 899 τὰ
1284 872 1443 907 γεννώμενα
1460 881 1487 899 κ.
1503 881 1530 900 τ.
1545 872 1571 900 λ.

234 906 280 949 ἒῑ.
305 922 342 950 De
365 921 528 950 voluntariis
551 922 673 950 caedibus
688 942 696 955 ,
725 921 863 957 supplices
885 921 995 956 quidem

1091 906 1143 954 κβ¹.
1156 919 1224 954 Περὶ
1237 906 1381 946 ἑκουσίων
1405 920 1506 954 φόνων,
1523 920 1750 946 ὑποπιπτέτωσαν
1766 919 1812 955 μέν
1831 927 1837 934 ·

199 969 413 996 substernantur
432 977 439 995 :
469 976 502 996 eo
517 972 608 996 autem
625 968 699 1004 quod
716 967 867 1003 perfectum
883 971 942 1001 est,

1071 964 1099 992 οὖ
1114 964 1143 992 δὲ
1155 964 1270 998 τελείου,
1283 965 1313 992 ὲν
1328 965 1368 1001 τῷ
1377 964 1451 992 τέλει
1466 964 1514 992 τοῦ
1525 965 1584 1001 βίου
1597 965 1839 999 καταξιούσοωσαν.

199 1015 254 1042 ﬁne
267 1014 331 1042 vitae
346 1014 420 1050 digni
438 1015 604 1042 habeantur.

236 1061 281 1088 23.
305 1061 342 1088 De
356 1061 550 1088 involuutariis
564 1061 697 1093 caedibus,
713 1061 788 1096 prior
801 1061 911 1096 quidem
928 1069 996 1090 con-

1087 1052 1140 1088 κγ’.
1164 1053 1227 1080 Ἐπὶ
1241 1053 1377 1081 ἀκουσίων
1404 1054 1494 1089 φόνων
1512 1054 1526 1080 ὀ
1542 1054 1592 1089 μὲν
1619 1053 1751 1089 πρότερος
1775 1052 1840 1088 ὅρος,

200 1107 307 1136 stitutio
329 1107 410 1142 jubet
435 1107 461 1134 in
489 1107 633 1142 septennio
659 1114 707 1142 per
728 1107 878 1142 praelinitos
896 1108 968 1143 gradi

1072 1109 1083 1126 ν
1100 1098 1233 1135 ἐπταετίᾳ
1263 1099 1370 1126 κελεύει
1396 1099 1445 1127 τοῦ
1475 1100 1581 1127 τελείου
1609 1100 1755 1136 μετασχεῖν
1778 1098 1840 1125 κατὰ

200 1161 262 1181 esse
279 1153 392 1188 perfecti
410 1153 578 1189 participes:
595 1154 716 1182 secunda
732 1161 797 1182 vero
808 1173 816 1186 ,
840 1155 968 1189 quinque!

1072 1147 1116 1178 οὺς
1129 1146 1302 1182 ὡρισμένους
1332 1146 1455 1182 βαθμούς
1467 1155 1474 1162 ·
1489 1147 1504 1174 ό
1518 1147 1547 1174 δὲ
1563 1146 1702 1183 δεύτερος,
1724 1145 1768 1172 τὸν
1784 1153 1840 1172 πεν-

202 1199 278 1227 nium
297 1200 421 1234 implere.

1052 1193 1135 1227 ταετῆ
1153 1193 1251 1228 χρόνον
1266 1193 1420 1229 πληρῶσαι.

236 1245 281 1273 25.
302 1244 418 1279 Quidam
433 1246 477 1274 cui
493 1250 552 1274 erat
573 1247 662 1282 puella
687 1248 861 1282 desponsata,
883 1252 996 1280 etc.,'ut

921 1252 996 1280 ,Ἷ-αι
1089 1237 1139 1266 κε’.
1149 1240 1398 1275 Μνηστευσάμενός
1411 1247 1453 1272 τις
1469 1239 1565 1276 κόρην,
1583 1248 1611 1266 κ.
1629 1249 1654 1266 τ.
1665 1239 1689 1267 λ.

219 1300 263 1319 na.
282 1292 344 1319 786.

219 1300 235 1318 ιι
256 1311 263 1318 .
282 1292 344 1319 786.

201 1300 218 1326 Ρ
237 1300 334 1366 ςίῗιιδὶίίὶ
352 1347 465 1367 canones
484 1339 510 1371 7,
528 1339 555 1372 8,
573 1339 618 1372 li,
632 1339 677 1373 15,
698 1339 744 1372 55,
760 1340 806 1373 45,
824 1339 869 1372 52,
886 1340 930 1372 54.
951 1339 969 1367 5

1091 1330 1253 1357 Βασιλείου
1268 1330 1369 1358 κανὼν
1380 1329 1413 1363 ζ’,
1428 1333 1465 1365 η’,
1480 1329 1527 1362 ια’,
1542 1331 1585 1364 ιγ“,
1600 1329 1655 1365 λγ’,
1670 1329 1726 1366 μγ¹,
1742 1327 1790 1364 νβ’,
1801 1327 1841 1360 νδ’,

203 1385 248 1417 55,
268 1385 312 1417 56,
329 1385 375 1412 57.

1053 1385 1083 1403 νε
1093 1397 1101 1409 ,
1117 1376 1172 1409 νς’,
1189 1376 1237 1409 νζ’.

241 1430 271 1457 7.
292 1429 479 1458 Masculorum
499 1434 526 1458 et
542 1430 703 1458 animalium
724 1435 914 1467 corruptores,
930 1436 997 1464 etc.,

247 1484 298 1495 una
328 1476 377 1495 0H

1091 1422 1124 1455 ζ’.
1149 1423 1369 1459 ’Λρῤινοφθόροι,
1399 1423 1447 1450 καὶ
1475 1423 1644 1458 ζωοφίίόροι,
1678 1424 1724 1449 καὶ
1753 1422 1842 1456 φονεῖς,

1075 1490 1082 1495 .
1101 1479 1126 1495 τ.
1141 1469 1167 1495 λ.

203 1481 232 1503 ιιι
247 1484 308 1511 pag.
328 1476 393 1504 9H.

1055 1479 1082 1497 κ.
1101 1479 1126 1497 τ.
1142 1476 1166 1497 Α.

240 1523 267 1548 8.
288 1522 340 1555 Qui
355 1523 390 1550 ob
403 1522 576 1550 iracundiam
600 1523 691 1551 securi
717 1524 852 1552 adversus
873 1532 998 1558 uxorem,

873 1532 998 1558 “mrem,
1073 1515 1109 1552 η’.
1131 1516 1160 1543 ’0
1171 1515 1251 1553 ἀξίνῃ
1263 1515 1338 1552 παρὰ
1350 1515 1396 1542 τὸν
1413 1515 1509 1551 θυμὸν,
1524 1524 1552 1543 κ.
1565 1524 1590 1543 τ.
1605 1515 1631 1544 λ.

202 1572 268 1600 etc.,
284 1572 313 1595 ut
326 1576 385 1603 pag.
402 1568 465 1596 922.

326 1593 385 1603 μη.
404 1593 465 1596 ---.

240 1616 284 1643 Η.
301 1615 352 1649 Qui
376 1621 468 1643 autem
490 1616 705 1644 involuntariam
722 1615 823 1644 credent
843 1615 919 1648 fecit,
946 1624 998 1643 un-

1098 1607 1143 1635 ια’.
1162 1609 1192 1634 'O
1208 1608 1238 1635 δὲ
1252 1608 1297 1634 τὸν
1316 1608 1444 1635 ἀκούσιον
1478 1609 1595 1644 ποιήσας
1627 1608 1720 1643 φόνον,
1742 1605 1848 1642 ἀρκούνο

203 1662 293 1689 decim
311 1669 447 1690 annorum
477 1663 567 1698 spatio
594 1663 703 1691 abunde
715 1664 821 1698 judicio
849 1664 971 1692 satisfeci

1080 1663 1113 1686 ως
1125 1654 1300 1690 ἐξεπλήρωσε
1316 1656 1367 1690 τὴν
1379 1655 1457 1691 δίκην
1466 1655 1495 1681 ὲν
1509 1656 1567 1686 τοῖς
1581 1654 1682 1682 ἕνδεκα
1703 1654 1791 1681 ἔτεσι·
1806 1653 1848 1685 δῆ-

205 1707 273 1735 Nam
306 1708 392 1736 dubio
415 1709 522 1744 procul,
547 1718 610 1744 erga
636 1718 685 1737 eos
711 1711 757 1744 qui
785 1712 907 1745 percussi
925 1719 973 1738 sun

1080 1709 1106 1727 ον
1118 1701 1173 1736 γὰρ
1187 1701 1228 1728 ὅτι
1242 1701 1289 1728 ἐπὶ
1313 1701 1368 1728 τῶν
1383 1701 1543 1736 πληγέντων
1559 1701 1592 1727 τὰ
1608 1700 1750 1730 Μωῡσέως
1765 1706 1848 1732 παρα-

205 1754 308 1790 Muysis
323 1755 481 1789 praescripta
491 1755 713 1789 observabimus,
728 1764 760 1784 ac
775 1765 838 1784 eum
854 1758 901 1792 qui
917 1758 973 1784 decu

1084 1749 1235 1783 ηρήσομεν·
1266 1747 1313 1774 καὶ
1338 1748 1384 1774 τὸν
1421 1747 1623 1775 κατακλιθέντα
1651 1748 1701 1781 μὲν
1727 1746 1779 1773 ὑπὸ
1804 1743 1852 1769 τῶν

206 1799 266 1826 buit
279 1799 389 1834 quidem
407 1803 468 1834 post
489 1804 617 1834 acceptas
635 1801 742 1835 plagas,
766 1801 813 1828 sed
836 1791 934 1828 iterum
949 1801 974 1828 b:

1084 1794 1176 1828 ληγῶν
1190 1794 1223 1826 ἃς
1241 1794 1333 1827 ἔλαϐε,
1354 1794 1503 1830 βαδίσαντα
1516 1794 1545 1822 δὲ
1559 1794 1643 1822 πάλιν
1658 1795 1706 1821 ἐπὶ
1723 1795 1755 1828 τῇ
1770 1791 1852 1828 ράὖδῳ

205 1845 268 1873 culo
283 1853 333 1872 suo
355 1845 468 1872 innixus
492 1845 652 1878 ambulavit,
680 1855 735 1874 non
763 1847 938 1875 concedimus
960 1855 973 1874 ο

1086 1841 1173 1873 ιυτοῠ,
1193 1841 1223 1867 οὺ
1240 1841 1406 1876 λογισάμεθα
1423 1841 1618 1877 πεφονεῦσθαι.
1645 1842 1677 1868 Εἰ
1699 1840 1727 1867 δὲ
1739 1840 1785 1866 καὶ
1809 1838 1854 1864 οὐκ

207 1891 296 1919 cisum
316 1890 412 1919 fuisse.
431 1891 477 1918 Sin
500 1896 591 1919 autem
616 1900 669 1919 non
686 1893 804 1920 surrexit
822 1899 884 1928 post
897 1893 974 1928 plaga

1085 1886 1199 1922 ξανέστη
1215 1887 1284 1921 μετὰ
1292 1887 1342 1919 τὰς
1358 1888 1478 1923 πληγὰς,
1498 1886 1614 1915 ἀλλὀὖν
1630 1887 1671 1922 τῷ
1688 1887 1725 1922 μὴ
1750 1883 1853 1920 προελὲ-

207 1937 272 1973 quia
283 1944 373 1965 tamen
388 1946 443 1965 non
468 1938 554 1966 voluit
570 1939 695 1966 occidere
710 1940 733 1967 is
749 1941 794 1974 qui
812 1941 938 1974 perculit,
954 1941 975 1967 In

1088 1933 1129 1960 ὶαι
1153 1934 1235 1961 αὑτὸν
1251 1934 1356 1961 ἀνελεῖν
1369 1935 1384 1961 ὁ
1407 1935 1561 1970 τυπτήσας,
1587 1933 1724 1968 φονευτὴς
1744 1932 1792 1968 μὲν
1804 1928 1856 1957 ἀλλ’

208 1984 310 2011 micida
328 1985 439 2020 quidem
453 1989 505 2018 est,
526 1985 574 2013 sed
596 1985 801 2014 involuntarins
815 1991 927 2022 propter
941 1995 976 2022 ιιι-ι

714 1986 801 2014 tarins
815 1991 927 2022 propter
941 1995 1002 2022 μι-υ.
1065 1979 1195 2012 ἀκούσιος
1212 1980 1258 2008 διὰ
1270 1979 1319 2016 τὴν
1338 1980 1480 2016 πρόθεσιν.

208 2031 341 2066 positum.

247 2077 291 2104 15.
306 2075 402 2104 Caedes
421 2077 448 2104 in
465 2076 544 2105 bellis
567 2076 653 2105 factas
671 2082 762 2112 patres
781 2077 866 2105 nostri
891 2086 938 2112 pm
954 2086 1002 2105 me

1103 2071 1147 2106 ιγ’.
1165 2073 1235 2105 Τοὺς
1253 2073 1282 2099 ὲν
1297 2071 1427 2107 πολέμοις
1459 2072 1557 2107 φόνους
1572 2071 1598 2098 oi
1629 2070 1752 2106 πατέρες
1776 2067 1856 2104 ἡμῶν,

210 2121 292 2150 dibus
304 2130 357 2150 non
376 2123 514 2156 habuere;
531 2123 594 2155 illis,
610 2127 640 2150 ut
651 2124 719 2150 mihi
737 2124 853 2153 videtur.
866 2126 910 2158 qui
923 2123 976 2159 47

1087 2129 1096 2147 ι
1108 2121 1164 2152 τοῖς
1177 2120 1269 2154 φόνοις
1285 2120 1334 2147 οὐκ
1346 2121 1514 2155 ὲλογίσαντο,
1537 2119 1601 2154 ἐμοὶ
1628 2119 1706 2146 δοκεῖ
1738 2115 1855 2151 συγγνὼ-

212 2176 264 2203 pro
277 2169 408 2204 pudicitia
423 2177 456 2196 ac
468 2169 571 2204 pietate
587 2175 719 2204 pugnant,
738 2169 923 2204 igtmscentes.
940 2167 979 2195 Fu

1091 2175 1123 2202 ην
1149 2166 1240 2198 δόντες
1263 2167 1321 2199 τοῖς
1356 2167 1427 2202 ὑπὲρ
1452 2165 1640 2202 σωφροσύνης
1668 2161 1859 2191 καὶεὺσεὸείας

214 2219 290 2242 tasse
305 2219 399 2243 tamen
429 2219 502 2243 recte
522 2216 692 2247 suadebitur,
707 2219 737 2243 ut
756 2215 808 2250 ipsi
832 2223 894 2242 cum
910 2223 982 2242 mani

1091 2213 1252 2249 μυνομένοις
1264 2220 1272 2228 ⁸
1289 2213 1359 2248 τάχα
1374 2213 1403 2239 δὲ
1421 2212 1513 2244 καλῶς
1538 2212 1597 2248 ἔχει
1619 2209 1818 2247 συμὸουλεύειν
1827 2207 1859 2238 ὑς

214 2267 310 2287 eorum
324 2268 398 2295 purae
413 2268 467 2287 llOli
485 2261 550 2294 Silil,
574 2269 622 2296 per
647 2266 702 2289 tres
719 2269 808 2288 annos
829 2269 844 2287 a
862 2260 921 2288 50,3
936 2268 978 2288 Col

1091 2260 1116 2291 lt;
1128 2261 1220 2295 χεῖρας
1233 2259 1270 2295 μὴ
1293 2254 1443 2295 καθαροὺς,
1464 2258 1548 2294 τριῶν
1564 2258 1635 2285 ἑτῶν
1655 2258 1709 2292 τῆς
1723 2250 1859 2283 κοινωνίας

216 2307 351 2334 munione
369 2307 538 2334 abstineant.

1069 2306 1154 2341 μόνης
1169 2306 1331 2341 ἀπέχεσθαι.

251 2351 296 2379 55.
316 2351 413 2379 Mulier
430 2360 491 2387 quae
508 2353 535 2380 in
551 2352 592 2379 via
616 2353 733 2388 peperit,
755 2357 781 2380 ct
809 2353 880 2380 fetus
904 2352 946 2379 sui
968 2360 1016 2380 cu-

1103 2350 1153 2385 λγ’.
1174 2351 1207 2377 Ἢ
1219 2351 1288 2386 γυνὴ
1300 2352 1316 2386 ἡ
1329 2351 1372 2377 διὰ
1400 2351 1447 2386 τῆς
1466 2350 1526 2377 ὁδοῦ
1543 2351 1685 2386 κυήσασα,
1704 2350 1753 2377 καὶ
1768 2346 1862 2384 ἀμελή-

215 2406 275 2426 ram
291 2406 345 2426 non
364 2399 495 2435 suscepit,
509 2399 593 2427 Caedis
611 2400 721 2427 crimini
737 2400 913 2435 subjiciatur.

1094 2406 1139 2424 ισα
1156 2397 1201 2424 τοῦ
1215 2398 1368 2432 κυήματος,
1385 2397 1424 2432 τῷ
1440 2397 1488 2424 τοῦ
1516 2396 1598 2432 φόνου
1613 2397 1775 2432 ἐγκλήματι
1802 2395 1862 2421 ὑπο-

1069 2443 1180 2470 κείσοω.

253 2488 299 2515 45.
317 2487 368 2519 Qui
386 2487 483 2514 mortis
509 2488 592 2515 ictum
619 2487 692 2514 dedit
707 2487 847 2522 proximo,
864 2491 905 2515 est
930 2487 1017 2514 homi—

1105 2489 1163 2524 μγ’.
1190 2490 1239 2522 ’ος
1261 2489 1378 2516 θανάτου
1415 2490 1525 2525 πληγὴν
1554 2489 1594 2525 τῷ
1631 2489 1752 2525 πλησίον
1774 2488 1862 2518 ἔδωκε,

219 2533 291 2565 οἱιΙιι,
305 2534 363 2560 sive
374 2539 515 2568 percutere
532 2534 644 2569 incepit,
657 2534 715 2561 site
729 2535 802 2561 uitus
820 2538 872 2561 est.

1070 2537 1167 2572 φονεύς
1178 2537 1263 2570 ἐστιν,
1278 2537 1333 2563 εἴτε
1346 2534 1413 2573 ἦρξε
1428 2537 1478 2571 τῆς
1490 2535 1610 2572 πλῆγης,
1630 2536 1688 2563 εἴτε
1705 2535 1837 2571 ἠμύνατο.

256 2580 301 2607 5‘2.
319 2579 385 2612 Qua:
400 2579 486 2607 fetum
503 2579 530 2606 in
557 2580 600 2606 via
620 2580 723 2607 editum
745 2579 886 2615 neglexit,
904 2582 971 2612 etc.,
988 2584 1017 2606 ut

1106 2581 1154 2619 νβ’.
1178 2582 1210 2609 Ἦ
1226 2582 1275 2609 τοῦ
1295 2583 1437 2618 κυήματος
1454 2581 1526 2609 κατὰ
1545 2582 1594 2618 τὴν
1612 2581 1675 2608 όδὸν
1692 2581 1861 2618 ἁμελήσασα.

220 2634 282 2661 pag.
298 2625 361 2653 9‘22.

1070 2639 1097 2658 κ.
1109 2638 1135 2658 τ.
1151 2630 1176 2658 λ.

258 2682 303 2710 54.
325 2682 578 2710 lnvoluntariarum
594 2682 710 2710 caedium
723 2682 883 2710 discrimina
901 2682 960 2710 scio
975 2690 1019 2709 me

1107 2686 1154 2714 νδ’.
1172 2687 1228 2719 Τὰς
1253 2687 1308 2714 τῶν
1328 2686 1466 2714 ἀκουσίων
1483 2686 1530 2713 καὶ
1557 2685 1695 2712 ἑκουσίων
1727 2682 1863 2719 διαφορὰςι

220 2735 284 2758 ante
311 2735 421 2764 tempus
447 2730 541 2765 pietati
559 2735 612 2757 tua:
637 2737 687 2765 pro
704 2729 811 2756 viribus
826 2729 988 2764 descripsiss

1098 2732 1125 2767 po
1141 2732 1239 2768 χρόνου
1255 2730 1315 2759 οἴδα.
1328 2731 1486 2764 ἐπιστείλας
1513 2732 1546 2766 τῇ
1568 2730 1716 2766 θεοσεϐείᾳ
1732 2738 1790 2763 σου,
1802 2728 1866 2754 κατὰ

220 2784 309 2812 neque
324 2775 368 2803 bis
388 2776 504 2812 amplius
525 2777 676 2811 quidquam
695 2776 787 2804 dicere
803 2783 889 2810 queo;
911 2780 953 2804 est
966 2784 988 2802 ιιι

1098 2779 1178 2813 ιέμο¹ι
1208 2778 1332 2811 δυνατὸν,
1350 2777 1398 2805 καὶ
1426 2778 1509 2804 πλέον
1533 2776 1649 2804 ἐκείνων
1680 2777 1758 2804 οὐδὲν
1785 2775 1866 2802 εἰπεῖν

208 2817 274 2849 ἰριη
306 2828 358 2849 tum
383 2822 543 2857 prudentie,
576 2831 625 2857 pro
655 2830 739 2850 casus
761 2822 895 2858 cujusque
911 2822 976 2850 ratit

1099 2834 1189 2860 ιναμαι
1204 2833 1210 2840 ·
1223 2825 1271 2860 τῆς
1285 2825 1314 2851 δὲ
1331 2825 1381 2859 σῆς
1397 2823 1532 2855 συνέσεώς
1557 2825 1617 2849 ἐστι
1638 2823 1713 2850 κατὰ
1728 2823 1760 2849 τὸ
1776 2822 1867 2854 ἰδίωμα

220 2874 316 2901 panius
335 2869 487 2902 intendere,
502 2874 548 2897 aut
563 2869 644 2896 etiam
663 2869 802 2897 remitten-
975 2868 978 2869 ⁷

1100 2872 1180 2905 ςιέναι
1189 2870 1239 2905 τῆς
1249 2870 1447 2907 περιστάσεως,
1458 2868 1603 2897 ἐπιτείνειν
1617 2867 1652 2894 τὰ
1659 2865 1813 2902 ἐπιτίμιαῆ
1825 2862 1868 2891 καὶ

1022 2931 1026 2945 τ
1074 2918 1191 2954 ὑφιέναι.
1328 2916 1331 2918 ’
