1956 3049
428 145 506 155 ν-ιελε-λτ

134 161 187 193 9'73

169 214 216 243 νε’.
230 216 262 242 Oi
274 215 331 246 τοῖς
346 214 460 250 λῃσταῖς
474 213 690 246 ἀντεπεξιόντες,
707 222 734 240 κ.
746 222 772 240 τ.
787 213 812 240 λ.

168 260 225 295 νς¹.
250 261 279 288 '0
292 261 424 292 ἑκουσίως
438 260 584 295 φονεύσας,
604 259 675 295 μετὰ
687 259 716 286 δὲ
742 258 821 286 τοῦτο
844 267 929 293 μετα·-

136 307 275 344 μεληθεὶς,
291 306 378 333 εἴκοσι
390 303 464 332 ἔτεσι
473 305 659 341 ἀκοινώνητος
683 305 761 332 ἔσται
779 306 836 337 τοϊς
852 305 929 340 ἁγιά-

134 361 221 388 σμιισι
234 361 241 368 ·
253 352 288 379 τὰ
301 352 330 379 δὲ
346 351 434 378 εἴκοσι
446 351 494 388 ἐτη
511 351 599 383 οὕτως
626 351 872 387 οίκονομηθήσεται
885 352 928 377 ἐπ’

133 399 220 433 αύτῷ.
237 398 282 425 Ἐν
295 397 443 432 τέσσαρσιν
456 397 529 424 ἔτεσι
554 396 731 432 προσκλαίειν
744 396 858 431 ὀφείλει,
876 396 930 429 ἔξω

140 445 191 479 τῆς
203 444 288 480 θύρας
299 444 386 475 ἑστὼς
400 443 448 470 τοῦ
468 443 614 479 εὐκτηρίου
627 443 712 475 οίκου,
730 442 779 470 καὶ
794 442 849 468 τῶν
870 442 928 468 εισ-

134 491 229 518 ιόντων
260 490 367 517 πιστῶν
381 490 508 525 δεόμενος
535 489 618 525 εὐχὴν
631 489 702 525 ὑπὲρ
732 489 815 517 αὐτοῦ
843 490 928 516 ποιεῖ-

133 537 207 570 σθαι,
226 536 398 572 ἐξαγορεύων
423 536 473 571 τὴν
503 536 570 562 ίδίαν
590 535 782 571 παρανομίαν·
809 535 879 568 μετὰ
900 535 928 561 δὲ

131 583 255 619 τέσσαρα
271 583 319 619 ἔτη
340 584 380 615 εἰς
395 584 460 614 τοὺς
483 581 678 618 ἀκροωμένους
696 580 867 616 δεχοήσεται.
881 581 928 607 ‘Ev

132 631 204 658 ἑπτὰ
224 631 298 658 ἔτεσι.
320 630 390 666 μετὰ
410 629 465 656 τῶν
480 629 510 656 ὲν
525 628 684 656 ὑποπτώσει
708 628 928 663 προσευχόμενος

131 678 321 711 ἐξελεύσεται·
337 679 366 704 έν
378 677 510 713 τέσσαρσι
527 676 692 711 συστήσεται
711 675 792 710 μόνον
810 676 864 706 τοῖς
881 683 927 701 πι-

133 726 217 758 στοῖς,
233 724 392 760 προσφορᾶς
404 723 432 750 δὲ
444 723 475 750 οὺ
491 722 677 758 μεταλήψεται
691 729 698 736 °
719 720 921 756 πληρωθέντων

130 772 160 799 δὲ
175 771 290 804 τούτων,
309 770 419 807 μεθέξει
431 769 485 797 τῶν
500 769 694 805 ἀγιασμάτων.

166 861 216 894 νζ’.
241 860 271 888 '0
284 861 422 893 ἀκουσίως
442 860 590 896 φονεὺσας,
615 860 644 887 ὲν
664 859 731 886 δέκα
748 859 836 887 ετεσιν
853 859 928 886 ἀκοι-

546 159 750 190 SYNTAGMA
769 159 965 191 CANONUM-
979 172 1014 178 -
1027 160 1103 190 ΤΙΤ.
1125 161 1209 197 XIV,
1232 161 1312 191 CAP.
1333 162 1354 192 V

943 217 966 244 Α
1019 213 1064 240 55.
1080 213 1132 246 Qui
1146 214 1173 240 in
1190 214 1324 246 latrones,
1341 218 1396 241 etc.
1412 218 1441 241 ut
1456 222 1517 249 pag.
1540 225 1598 243 ιιυ.

1670 148 1677 151 ’
1726 162 1780 195 974

1020 257 1063 284 56.
1080 257 1131 290 Qui
1157 258 1311 286 voluntarie
1332 259 1490 292 interfecit.
1518 264 1545 287 et
1571 266 1665 295 postea
1689 263 1779 297 poeni-

985 303 1099 330 tentiam
1122 303 1222 331 doctus
1247 309 1300 337 est,
1325 304 1406 332 annis
1425 305 1520 340 viginti
1544 312 1779 336 sacramentorum

984 356 1038 376 non
1063 350 1116 376 erit
1134 351 1284 385 particeps.
1310 350 1412 386 Viginti
1435 356 1529 379 autem
1549 353 1616 379 anni
1636 355 1675 381 sic
1700 354 1728 381 in
1745 362 1779 381 eo

983 394 1226 429 dispensabuntur.
1255 396 1343 424 Annis
1357 402 1480 432 quatuor
1505 398 1570 426 ﬂere
1587 399 1678 427 debet.
1698 405 1778 428 stans

983 445 1060 468 extra
1076 441 1146 468 fores
1162 441 1262 470 domus
1277 443 1422 474 orationis,
1445 448 1472 470 et
1496 445 1680 478 ingredientes
1705 447 1774 474 lide-

984 486 1023 513 les
1034 493 1145 520 rogans,
1160 491 1189 513 ut
1204 494 1254 522 pro
1275 487 1336 522 ipso
1351 492 1507 522 precentur.
1524 497 1659 524 suamque
1674 491 1777 526 iniqui-

983 536 1065 559 tatem
1090 532 1237 560 conﬁtens.
1262 533 1328 561 Post
1349 539 1468 569 quatuor
1482 539 1573 562 autem
1597 544 1685 563 annos
1706 538 1780 566 inter

983 579 1126 606 audientes
1148 580 1309 614 recipietnr,
1336 585 1363 608 et
1387 582 1510 617 quinque
1531 584 1611 611 annis
1631 592 1693 612 eum
1712 586 1780 621 ipsis

981 625 1079 652 exibit.
1096 625 1191 653 Annos
1210 630 1312 660 septem
1330 635 1384 654 una
1402 636 1463 655 eum
1481 629 1526 661 iis,
1542 630 1590 664 qui
1606 630 1632 658 in
1649 632 1777 659 substra-

984 671 1057 698 tiono
1073 676 1148 704 sunt,
1166 679 1251 699 orans
1269 673 1435 707 egredietur.
1452 675 1549 702 Annos
1561 681 1681 710 quatuor
1694 678 1780 705 stabit

982 717 1072 744 solum
1089 725 1151 744 cum
1170 717 1308 751 libelibus,
1326 720 1372 746 sed
1393 720 1541 748 oblationis
1556 729 1609 748 non
1626 722 1675 749 erit
1695 724 1780 758 parti-

983 771 1058 799 ceps.
1078 764 1126 792 His
1142 769 1234 792 autem
1257 765 1375 801 expletis
1398 767 1535 802 particeps
1549 768 1602 795 erit
1618 775 1780 798 sacramen-

983 814 1086 837 torum.

1019 855 1063 883 57.
1086 856 1137 889 Qui
1167 865 1221 885 non
1254 857 1407 885 roluntarie
1431 858 1579 892 interfecit,
1605 868 1654 895 per
1684 860 1779 889 decem

131 906 251 942 νώνητος
271 906 349 934 ἔσται
363 907 417 933 τῶν
432 907 615 942 ἅγιασμάτων
625 905 873 941 οἰκονομηθήσεται
899 905 927 932 δὲ

998 910 1068 930 unos
1095 909 1334 932 sacramentorum
1369 912 1422 932 n0n
1449 905 1502 932 erit
1528 907 1681 941 papticeps.
1706 909 1779 936 Anni

130 952 165 979 τὰ
179 952 247 979 δέκα
274 952 322 988 ἐτη
338 951 383 979 ἐπ’
405 952 481 986 αὐτῷ
495 951 600 984 οὕτως·
625 951 672 978 δύο
696 951 746 987 μὲν
766 951 814 986 ἔτη
845 959 929 987 προσ-

131 998 262 1026 κλαύσει·
279 999 342 1034 τρία
364 999 393 1026 δὲ
409 998 457 1034 ἔτη
472 999 502 1026 ὲν
516 999 703 1034 ἀκροωμένοις
715 1006 721 1013 ·
738 998 768 1024 ὲν
782 998 927 1033 τέσσαρσιν

131 1045 305 1076 ὑποπίπτων,
337 1046 384 1072 καὶ
409 1046 438 1072 ἐν
462 1045 579 1080 ἐνιαυτῷ
609 1044 808 1081 συσταθήσεται
835 1045 927 1080 μόνον,

133 1091 182 1118 καὶ
201 1091 240 1127 τῷ
252 1091 316 1127 ἑξῆς
324 1092 364 1123 είς
377 1091 412 1118 τὰ
427 1091 492 1125 ἅγια
508 1091 680 1127 δεχθήσεται.

132 1217 134 1220 ν
283 1182 449 1217 Γρηγορίου
463 1181 592 1216 Νύσσης
602 1191 669 1217 nega.
681 1182 716 1215 δ’,
735 1182 767 1210 ε’.

167 1227 198 1255 δ’.
216 1229 347 1256 Λείπεται
359 1230 427 1264 πρὸς
438 1230 544 1262 τούτοις
558 1230 588 1257 τὸ
603 1230 756 1266 θυμοειδὲς,
768 1239 795 1258 κ.
813 1239 839 1258 τ.
852 1231 877 1258 λ.

170 1271 201 1299 ε’.
214 1273 245 1299 Εί
254 1273 283 1299 δέ
298 1282 338 1305 τις
358 1273 396 1310 μὴ
417 1274 565 1310 πληρώσας
584 1274 631 1302 τὴν
656 1275 751 1310 χρόνον
767 1275 814 1302 τδν
825 1277 857 1303 ὲκ
874 1275 930 1303 τῶν

133 1319 256 1345 κανόνων
287 1320 479 1355 ἀφωρισμένον
502 1320 617 1354 ὲξοδεύοι
646 1321 694 1348 τοῦ
725 1321 796 1356 βίου,
823 1322 949 1351 κελεύει,

134 1365 152 1400 ἡ
165 1365 220 1403 τῶν
235 1366 366 1401 Πατέρων
383 1366 574 1402 φιλανθρωπία
595 1368 767 1403 μετασχόντα
780 1368 834 1395 τῶν
848 1369 930 1404 ἁγια-

135 1410 258 1446 σμάτων,
279 1411 317 1447 μὴ
343 1412 422 1440 κενὸν
450 1412 496 1439 τοῦ
513 1413 608 1448 ἐφόδου
637 1414 706 1450 πίὺς
734 1415 783 1449 τὴν
813 1416 931 1451 ἐσχάτην

135 1455 245 1491 ὲκείνην
258 1456 307 1483 καὶ
327 1456 438 1493 μακρὰν
466 1457 622 1493 ἀποδημίαν
638 1459 850 1495 ἐκπεμφθῆναι·
866 1461 891 1487 εί
903 1460 931 1488 δὲ

136 1501 282 1537 μετασχὼν
298 1502 345 1529 τοῦ
359 1503 542 1538 ἀγιάσματος,
556 1503 638 1531 πάλιν
653 1505 694 1536 εἰς
710 1507 760 1541 τὴν
778 1505 852 1542 ζωὴν
881 1508 931 1534 ὲπ-

984 954 1075 976 autem
1087 948 1181 976 decem
1199 949 1240 978 sic
1263 950 1290 977 in
1307 958 1341 978 eo
1361 950 1605 985 dispensabuntur.
1631 951 1705 981 Duos
1721 955 1781 988 qui-

985 996 1046 1023 dem
1060 1003 1148 1024 annos
1160 995 1246 1028 ﬂebit,
1264 1001 1319 1024 tres
1341 1001 1433 1024 autem
1458 1004 1546 1024 annos
1569 998 1640 1025 inter
1664 998 1780 1026 audien-

985 1046 1027 1069 tes
1040 1043 1237 1076 perseverabit.
1252 1042 1336 1078 478
1352 1047 1471 1078 quatuor
1482 1043 1651 1076 substratus,
1665 1049 1692 1071 et
1707 1052 1780 1072 anno

986 1095 1041 1115 uno
1055 1088 1188 1116 consistet
1200 1093 1305 1116 tantum
1316 1096 1323 1121 ;
1335 1093 1362 1116 et
1373 1089 1502 1124 deinceps
1518 1088 1550 1116 ad
1570 1094 1666 1118 sancta
1678 1091 1780 1119 admit-

984 1138 1066 1161 tctur.

1148 1179 1269 1216 Gregorii
1286 1179 1402 1216 Νεμερηὶ
1419 1189 1530 1208 canones
1545 1181 1578 1214 4,
1593 1182 1619 1209 5.
1783 1221 1785 1223 ἱ

1021 1226 1048 1254 4.
1064 1226 1159 1254 Restat
1173 1228 1206 1254 ad
1222 1227 1279 1255 haec
1292 1232 1321 1255 ut
1334 1227 1508 1260 irascentem,
1522 1232 1587 1261 etc.,
1600 1233 1629 1256 ut
1644 1237 1705 1266 pag.
1717 1229 1781 1258 8l0.

1024 1272 1051 1300 5.
1065 1272 1162 1308 Siquis
1169 1279 1259 1300 autent
1274 1281 1328 1300 non
1337 1273 1446 1308 expleto
1463 1279 1585 1309 tempore
1597 1282 1612 1302 a
1629 1276 1783 1305 cauonibus

987 1318 1141 1352 praestituto
1154 1317 1209 1345 vita
1223 1318 1353 1349 excedat,
1367 1318 1445 1352 jubet
1461 1317 1572 1346 Patrum
1590 1319 1735 1348 clementia
1753 1326 1783 1348 ut

987 1363 1099 1391 eﬂ‘ectus
1119 1367 1353 1390 sacramentorum
1373 1363 1524 1398 partie-‘ps.
1540 1372 1594 1392 non
1616 1365 1716 1394 viatico
1735 1375 1783 1394 va-

988 1418 1057 1438 cuus
1069 1409 1102 1437 ad
1115 1414 1266 1437 extremam
1283 1409 1356 1437 illam
1369 1413 1396 1437 et
1410 1409 1516 1445 longam
1534 1412 1781 1446 peregrinationem

989 1456 1121 1484 mittatur.
1139 1455 1187 1483 Sin
1207 1459 1316 1488 autem.
1347 1460 1493 1491 postquam
1511 1458 1676 1485 sacramenti
1694 1459 1782 1494 parti-

990 1509 1054 1536 ceps
1073 1501 1161 1529 factus
1180 1501 1278 1533 fuerit,
1296 1509 1405 1528 rursum
1423 1502 1456 1529 ad
1476 1501 1558 1530 vitam
1576 1511 1704 1533 reversus
1721 1505 1757 1533 sit
1774 1515 1781 1533 :

134 1545 254 1579 ανέλθοι,
275 1547 422 1582 ἀναμένειν
446 1548 492 1575 τὸν
512 1548 679 1584 τεταγμένον
702 1550 808 1585 χρόνον,
833 1551 864 1578 ἐν
886 1552 933 1578 ὲκ-

997 1551 1119 1575 ιιοιιιιυιη
1139 1553 1246 1582 tempus
1261 1551 1415 1582 exSpectet,
1434 1548 1461 1575 in
1480 1548 1526 1576 illo
1543 1550 1628 1585 gradu
1647 1553 1783 1580 exsistens

134 1593 199 1628 ιίνῳ
214 1593 253 1629 τῷ
266 1593 363 1629 βαθμῷ
386 1594 544 1630 γενόμενον,
560 1592 625 1630 ὲνῷ
649 1594 683 1632 ἦν
710 1597 764 1632 πρὸ
788 1597 839 1633 τῆς
862 1599 933 1626 κατὰ

134 1638 262 1674 ἀνάγκην
277 1639 351 1675 αὐτῴ
367 1640 493 1676 δοθείσης
508 1641 662 1674 κοινωνίας.

171 1696 299 1722 ΚΕΦΛΛ.
316 1697 353 1723 Δ’.
364 1711 400 1716 -
417 1697 488 1731 Περὶ
507 1697 560 1724 τοῦ
579 1697 651 1731 τοὺς
682 1699 832 1734 ἐπιτίμιον
847 1701 931 1728 ἀκοι-

134 1742 289 1775 νωνησίας
303 1742 432 1777 ἔχοντας
446 1743 580 1777 ὀφείλειν
595 1744 749 1771 κοινωνεῖν
758 1746 933 1780 μέλλοντας

134 1785 282 1820 τελευτᾷν
292 1795 298 1802 ·
310 1787 359 1814 καὶ
373 1788 402 1814 τί
416 1788 528 1822 γίνεται
544 1788 599 1816 ἐὰν
613 1788 662 1816 διὰ
689 1789 778 1816 τοῦτο
799 1792 932 1825 μεταλα-

135 1832 250 1865 ϐόντες,
262 1832 307 1867 μὴ
326 1833 539 1865 ἀποθάνωσιν;

301 1922 438 1950 Συνόδου
456 1923 581 1956 Νικαίας
597 1923 699 1951 κανὼν
716 1923 760 1959 ιγ’.

173 1967 218 2003 ιγ’.
228 1969 298 2004 Περὶ
313 1969 343 1996 δὲ
384 1969 439 1996 τῶν
466 1969 655 2003 ἔξοδευόντων,
685 1971 699 1997 ὁ
737 1971 851 2003 παλαιὸς
889 1972 936 1998 καὶ

135 2015 279 2047 κανονικὺς
292 2015 374 2050 νόμος
394 2015 600 2051 φυλαχθήσεται
622 2017 670 2043 καὶ
681 2016 740 2049 νῦν,
760 2026 786 2044 κ.
805 2026 830 2045 τ.
848 2018 874 2045 λ.

295 2062 465 2096 Γρηγορίου
478 2063 606 2096 Νύσσης
623 2071 690 2098 κεφ.
703 2062 734 2090 ε’.

165 2108 197 2132 ε’.
214 2106 245 2132 Εί
258 2106 286 2132 δέ
300 2115 341 2138 τις
360 2108 399 2143 μὴ
414 2108 561 2144 πληρώσας
573 2110 619 2136 τὸν
631 2110 737 2145 χρόνον,
751 2118 778 2137 κ.
797 2119 822 2137 τ.
841 2111 865 2138 λ.

175 2152 302 2180 ΚΕΦΑΛ.
316 2153 352 2180 Ε’.
369 2168 405 2176 -ν
424 2155 494 2188 Περὶ
507 2155 561 2182 τοῦ
581 2155 821 2190 ὀνειρασθέντος,
839 2157 858 2191 ἣ
871 2156 931 2184 ἀπὸ

133 2200 240 2233 κοίτης
266 2199 322 2234 τῆς
341 2200 418 2234 ιδίας
432 2201 562 2236 γαμετῆς
584 2201 682 2234 ὄντος,
716 2202 766 2229 καί
789 2202 932 2237 θέλοντος

985 1593 1012 1620 in
1031 1601 1087 1628 quo
1105 1597 1164 1621 erat
1182 1599 1245 1621 ante
1264 1595 1486 1623 communionem
1508 1595 1546 1623 illi
1566 1604 1598 1624 cx
1620 1599 1783 1627 necessitate

985 1639 1088 1666 datam.

1022 1695 1100 1723 CAP.
1121 1694 1166 1724 IV.
1179 1712 1214 1718 —
1225 1697 1302 1730 Quod
1316 1698 1336 1724 ii
1349 1698 1394 1733 qui
1407 1700 1689 1728 excommunicationis
1704 1691 1783 1736 poena

986 1741 1094 1769 multati
1108 1748 1180 1776 sunt,
1196 1744 1224 1770 in
1241 1745 1333 1771 mortis
1358 1745 1471 1772 articulo
1489 1750 1577 1773 tamen
1594 1747 1688 1774 debent
1709 1756 1782 1775 com-

986 1789 1132 1816 municare.
1155 1789 1226 1823 Quid
1253 1799 1312 1817 vero
1340 1791 1373 1817 iis
1405 1791 1566 1826 faciendum,
1603 1794 1627 1820 si
1662 1793 1694 1822 ob
1723 1803 1783 1821 eam

985 1844 1095 1863 tunsam
1120 1836 1155 1863 ad
1179 1837 1390 1864 communionem
1417 1839 1540 1871 admissi,
1570 1844 1663 1874 postea
1687 1849 1783 1868 conva-

986 1882 1082 1909 luerint
1092 1882 1105 1909 .9

1183 1928 1299 1956 Concilii
1317 1930 1424 1958 Nicazni
1442 1939 1526 1958 rauon
1544 1931 1586 1958 15.

1024 1974 1066 2002 15.
1088 1974 1126 2002 De
1142 1975 1176 2002 iis
1193 1976 1239 2010 qui
1256 1976 1404 2009 excedunt,
1417 1977 1528 2011 antiqua
1544 1982 1570 2004 et
1589 1979 1720 2007 canonica
1739 1979 1783 2007 lex

986 2027 1060 2047 nunc
1072 2028 1181 2056 quoque
1194 2022 1360 2054 servabitur,
1374 2028 1440 2055 etc.,
1454 2028 1481 2049 ιιι
1497 2031 1559 2059 pag.
1575 2023 1638 2051 751.

1195 2066 1315 2102 Gregorii
1333 2067 1449 2104 Νεμειιηί
1466 2078 1526 2103 t-ap.
1545 2070 1571 2096 5.

1023 2113 1048 2140 5.
1057 2112 1084 2140 Si
1092 2113 1154 2148 quis
1162 2119 1252 2141 autem
1263 2122 1316 2141 non
1324 2115 1571 2149 expletotemp'tre.
1579 2119 1644 2145 etc..
1653 2121 1681 2143 ιιι
1689 2125 1781 2152 supra.

1016 2155 1099 2186 CAP.
1123 2157 1153 2186 V.
1165 2174 1200 2178 —
1215 2158 1254 2186 De
1273 2167 1303 2186 eo
1319 2161 1364 2195 qui
1379 2166 1537 2188 nocturnam
1553 2161 1704 2190 illusionem
1719 2172 1782 2198 pas-

986 2211 1030 2229 sus
1047 2207 1101 2235 est;
1115 2205 1153 2230 vel
1170 2204 1215 2239 qui
1230 2210 1287 2238 post
1304 2204 1421 2232 habitant
1444 2214 1505 2232 cum
1526 2215 1608 2234 uxore
1630 2215 1685 2234 rem
1709 2216 1782 2235 com—

133 2246 337 2280 κοινωνῆσαι·
354 2248 405 2274 καὶ
421 2235 510 2281 ,τιοίας
526 2248 635 2283 ἡμέρας
649 2248 697 2275 δεῖ
708 2248 764 2283 τῆς
777 2250 852 2283 πρὸς
878 2235 932 2276 ἀλλ

997 2249 1122 2275 mmicare
1140 2249 1193 2276 vult
1204 2258 1212 2282 ,'
1224 2252 1405 2286 quotqneideo
1416 2252 1509 2280 diebus
1525 2253 1635 2281 invicem
1650 2254 1782 2283 abstinere

133 2293 253 2327 λήλους
263 2293 375 2328 μίξεως
390 2294 439 2321 διὰ
452 2294 540 2321 τοῦτο
559 2295 736 2329 ἀπέχεσθαι.

133 2339 299 2366 Διονυσίου
316 2340 350 2366 ἐκ
367 2339 422 2374 τῆς
447 2340 523 2374 πρὸς
551 2340 738 2385 ,βιίᾳιλείδην
766 2341 933 2376 ἐπιστολῆς

457 2383 524 2408 mg.
541 2386 559 2408 γ·
569 2397 575 2408 ,
584 2383 614 2403 o'.

457 2385 491 2402 κε
503 2385 524 2401 η.
553 2386 559 2393 ·
569 2397 575 2408 ,
584 2385 598 2402 ο
608 2396 614 2403 .

166 2421 322 2456 Αὑτάρκεις
338 2422 366 2448 δὲ
380 2422 462 2449 καὶοὶ
479 2385 681 2458 γζγοῗμηκότες,
700 2432 727 2450 χ.
741 2431 765 2450 τ.
782 2423 806 2450 λ.

168 2510 199 2536 δ’.
220 2511 251 2537 Ui
263 2510 291 2537 δὲ
307 2510 337 2537 ὲν
351 2511 529 2547 ἁπροαιρέτῳ
548 2516 694 2550 νυκτερινῇ
713 2514 802 2550 ῥύσει,
820 2525 846 2543 κ.
864 2525 889 2544 τ.
905 2516 929 2543 ὶ.

316 2598 460 2634 Τιμοθέου
477 2601 579 2628 κανὼν
595 2600 627 2634 ε’,
644 2601 688 2637 ιβ’,
706 2602 749 2637 ιγ’.

164 2643 195 2671 ε’.
216 2644 386 2679 Ἐρώτησις.
409 2647 471 2673 Ἐὰν
486 2647 555 2684 γυνὴ
573 2650 751 2685 συγγένηται,
767 2659 793 2676 κ.
807 2659 831 2677 τ.
850 2650 876 2678 λ.

173 2734 217 2771 ιβ’.
243 2735 412 2771 Ἐρῴτησις.
436 2737 499 2764 Ἐὰν
518 2738 686 2774 ὀνειρασοεὶς
707 2739 812 2773 λαῐκδς,
827 2748 853 2767 κ.
866 2749 891 2768 τ.
907 2742 930 2768 λ.

173 2824 217 2860 ιγ’.
241 2826 412 2861 Ἐρώτησις.
449 2829 512 2861 Τοῖς
547 2829 740 2865 ζευγνυμένοις
776 2830 815 2862 είς
841 2831 932 2866 γάμου

136 2873 292 2905 κοινωνίαν,
309 2884 335 2901 κ.
351 2884 376 2902 τ.
399 2876 422 2903 λ.

985 2294 1112 2322 debeant?

1043 2341 1167 2376 Dgonisii
1183 2349 1216 2368 ea:
1229 2343 1344 2378 epistola
1353 2344 1388 2370 ad
1402 2344 1561 2378 Basilidem,
1579 2355 1638 2382 cap.
1654 2347 1682 2380 3,
1698 2348 1726 2375 4.

1021 2420 1047 2448 5.
1071 2419 1158 2448 Porro
1172 2421 1218 2455 qui
1237 2422 1306 2450 satis
1327 2423 1360 2450 ad
1376 2423 1401 2450 id
1419 2424 1547 2452 instructi
1570 2430 1646 2458 sunt,
1665 2431 1732 2460 etc.,
1749 2433 1776 2455 ιιι

984 2473 1045 2501 pag.
1062 2466 1123 2493 6H.

1019 2513 1102 2548 479
1122 2513 1146 2540 4.
1169 2512 1219 2546 Qui
1237 2517 1326 2542 autem
1347 2514 1371 2540 in
1397 2523 1450 2542 non
1475 2516 1630 2545 vnluntario
1645 2523 1781 2546 nocturno

984 2558 1069 2591 ﬂuxu.
1089 2565 1154 2592 etc.,
1173 2565 1200 2587 ut
1214 2568 1274 2595 pag.
1290 2560 1353 2588 6H.

1174 2606 1305 2634 Timothei
1319 2616 1433 2636 canones
1450 2609 1477 2642 5,
1500 2611 1540 2643 t2,
1558 2611 1600 2638 15.

1020 2653 1046 2680 ὃ.
1069 2652 1259 2689 Interrogatio.
1274 2654 1302 2681 Si
1324 2663 1394 2682 uxor
1408 2664 1471 2683 cum
1485 2665 1539 2684 suo
1551 2658 1659 2690 marito,
1672 2664 1737 2694 etc.,
1752 2666 1780 2686 ιιι

983 2706 1046 2732 pag.
1062 2698 1126 2724 6H.

1021 2743 1065 2770 12.
1087 2743 1278 2779 Interrogatio.
1295 2744 1419 2774 Silaicus
1435 2748 1481 2782 qui
1500 2749 1657 2781 sonmiavit,
1674 2754 1738 2783 etc.,
1752 2756 1780 2776 ιιι

984 2798 1044 2825 pag.
1063 2789 1125 2817 611.

1021 2836 1064 2863 15.
1093 2836 1283 2873 Interrogatio.
1316 2838 1351 2865 Iis
1377 2838 1423 2874 qui
1451 2840 1618 2868 matrimonii
1645 2842 1779 2871 societate

982 2883 1145 2919 junguntur,
1159 2888 1223 2917 etc.,
1239 2890 1268 2910 ut
1280 2894 1340 2920 pag.
1357 2886 1386 2912 61
1399 2886 1420 2914 1.
