1946 3076
169 187 223 218 979

739 181 873 214 PIIOTII
891 179 1147 212 PATRIARCHAE
1165 179 1220 211 CP.

1752 177 1799 209 980

174 302 1335 318 _________.____________——-—

821 381 1024 425 ΤΙΤΛΟΣ
1069 375 1113 422 Α¹
1120 411 1127 419 .

277 479 357 506 ΠΕΡΙ
378 476 585 510 ΘΕΟΛΟΓΙΑΣ,
603 476 664 503 ΚΑΙ
684 472 885 502 ΟΡΘΟΔΟΞΟΥ
904 471 1068 504 ΠΙΣΤΕΩΣ,
1089 470 1149 497 ΚΑΙ
1170 467 1354 500 ΚΑΝΟΝΩΝ,
1382 467 1443 494 ΚΑΙ
1462 465 1705 494 ΧΕΙΡΟΤΟΝΙΩΝ.

748 633 983 675 TITULUS

1033 608 1245 672 minus.

367 729 411 757 DE
430 726 638 761 THEOLOGIA,
659 723 874 754 ORTHODOXA
894 722 985 756 FIDE,
1008 720 1216 755 CANONIBUS,
1247 720 1291 749 ET
1311 719 1618 748 ORDINATIONIBUS.

172 809 286 838 CAPUT
303 807 439 837 PRIMUM
450 823 486 829 —
503 807 541 834 De
553 806 684 841 theologia
694 811 719 832 et
733 803 882 832 orthodoxa
898 802 961 837 fide.
977 801 1003 832 Α

208 903 403 938 Apostolorum
417 909 505 929 canon
523 901 557 928 19
569 904 597 928 et
610 900 660 934 50;
676 898 786 926 concilii
809 896 968 925 Constanti-

171 950 322 985 nopolitani
334 956 423 977 canon
445 949 470 980 1,
485 948 517 980 5;
531 946 641 975 concilii
673 944 802 980 Ephesini
827 951 914 972 canon
931 943 966 975 'l;

172 996 283 1023 concilii
309 994 536 1030 Carthaginensis
565 1000 654 1020 canon
679 991 699 1018 2
725 1000 733 1019 :
759 990 868 1018 concilii
898 989 968 1017 sexti

173 1049 261 1069 canon
273 1042 300 1074 1,
315 1041 360 1071 75.
379 1040 424 1067 81.

210 1087 320 1114 Toxlus.
341 1086 421 1114 Liber
436 1085 458 1119 Ι,
471 1085 581 1113 Codicis
594 1084 673 1112 titulo
684 1084 710 1117 1,
726 1082 924 1112 constitutione
942 1082 968 1114 1,

174 1133 200 1165 5,
216 1133 243 1165 6,
257 1132 283 1164 7.
300 1132 327 1164 8,
342 1132 370 1160 9.

209 1177 358 1206 Scltolium.
379 1176 471 1204 Prima
498 1175 659 1204 constitutio
677 1175 720 1202 tit.
735 1175 762 1208 1,
778 1175 825 1203 lib.
838 1183 847 1202 ι
861 1173 969 1202 Codicis

171 1228 214 1250 est
232 1223 257 1255 1,
270 1227 374 1257 caput:
391 1222 438 1249 lib.
453 1221 646 1254 Basilicorum,
663 1221 736 1256 quod
752 1220 792 1249 sic
808 1220 846 1247 ait
861 1229 868 1247 :
886 1219 967 1247 Chri<

174 1270 267 1298 tianus
283 1274 334 1302 est,
349 1269 396 1304 qui
414 1267 681 1300 creditPatris,Filii
707 1266 863 1302 etSpiritus
879 1265 968 1294 sancti

172 1315 225 1342 sub
243 1315 302 1349 pari
320 1314 463 1349 majestate
475 1321 558 1341 unam
584 1321 645 1341 esse
668 1312 809 1340 deitatem.
833 1311 886 1345 Qui
905 1318 970 1338 vero

172 1365 269 1388 contra
298 1359 377 1397 [iam]
399 1361 472 1388 dicta
497 1361 601 1392 edocet,
634 1360 777 1387 haereticus
790 1364 842 1390 est,
858 1359 884 1391 5,
897 1359 925 1390 6,
941 1358 968 1391 7,

173 1407 191 1434 8
205 1412 231 1435 et
244 1406 261 1434 9
276 1407 489 1435 constitutiones
509 1415 563 1434 non
581 1411 645 1434 sunt
666 1406 759 1441 positae
776 1405 954 1441 iuiBasilicis.

172 1535 184 1544 Ψ
227 1499 341 1528 CAPUT
354 1500 388 1528 ll.
406 1516 440 1521 —
457 1499 526 1533 Quot
544 1507 657 1526 canones
672 1499 759 1526 valere
773 1499 914 1533 oporteat?
984 1480 1009 1510 Β

210 1546 327 1574 Concilii
340 1546 575 1574 Chalcedonensis
585 1553 674 1573 canon
689 1554 713 1578 t;
729 1545 836 1573 concibi
849 1544 966 1571 Cartha-

173 1594 298 1628 ginensis
326 1601 413 1621 canon
426 1600 452 1627 t;
469 1592 580 1621 concilii
601 1592 670 1621 sexti
695 1599 785 1619 canon
801 1590 839 1624 2;
858 1591 968 1619 concilii

173 1637 276 1668 Nicwni
293 1639 407 1667 secundi
424 1646 513 1666 canon
529 1639 557 1666 ‘2.

175 1699 180 1709 ι
213 1684 323 1712 Teo-tus.
339 1685 509 1713 Constitutio
530 1685 557 1717 5,
588 1684 630 1711 tit.
649 1684 667 1711 2
693 1683 875 1718 Novellarum,
903 1689 968 1719 etc.,

177 1739 259 1767 usque
271 1732 306 1758 ad
318 1731 410 1759 irritas
422 1739 484 1759 esse
499 1731 639 1764 habet.,ul
652 1739 713 1766 pag.
727 1731 791 1758 451.

213 1778 360 1806 Scltolt'um.
371 1779 468 1805 Const.
483 1778 563 1809 3,1it.
579 1776 790 1809 2N0vellarum.
806 1783 848 1806 est
861 1779 969 1807 novella

177 1824 324 1852 Iustiniani
337 1824 383 1852 151
397 1824 478 1861 [quin]
491 1824 578 1859 posita
590 1823 652 1861 [est]
662 1825 689 1851 in
700 1825 747 1852 lib.
764 1833 778 1851 ν
792 1825 874 1853 Basil.
888 1827 930 1854 tit.
943 1828 970 1858 5,

178 1878 241 1905 cap.
259 1877 279 1903 ι,
297 1871 416 1897 themate
432 1879 451 1901 ι,
468 1870 540 1906 quod
558 1871 599 1898 sic
615 1871 697 1898 habet
716 1881 722 1898 :
744 1870 890 1900 Sancimus
920 1873 971 1907 igi-

178 1923 234 1948 tur,
254 1921 285 1943 ut
302 1916 390 1944 sancti
415 1916 597 1944 ecclesiastici
629 1923 761 1950 canones,
778 1918 824 1952 qui
840 1926 854 1944 a
871 1920 974 1948 sanctis

180 1968 284 1997 septem
316 1963 440 1991 conciliis
473 1963 638 1998 promulgati
661 1968 708 1990 aut
730 1965 886 1992 contirmati
911 1971 975 1994 sunt

180 2010 270 2038 vicem
283 2010 370 2044 legum
384 2009 538 2038 obtineant.
550 2009 653 2045 Nempe
671 2019 685 2037 a
700 2010 811 2039 Niczeuo
835 2017 976 2040 trecento-

180 2064 243 2084 rum
260 2056 451 2091 duotlcvigcnti
469 2056 582 2084 Patrum
604 2057 733 2089 concilio,
748 2058 774 2085 in
802 2066 858 2093 quo
881 2059 975 2092 Arius,

181 2101 226 2130 eui
243 2110 258 2129 a
272 2101 364 2129 furore
377 2110 529 2136 cognomen
547 2103 663 2130 inditum
675 2108 717 2130 est
742 2104 916 2132 anathemate
934 2110 976 2133 cst

182 2155 355 2183 percussus;
387 2148 695 2183 C0nstantinopolitano
721 2149 833 2176 Patrum
866 2155 975 2178 contum
994 2160 1015 2190 ο

183 2195 393 2229 quinquaginta.
412 2203 426 2222 a
441 2195 542 2230 quibus
567 2195 687 2230 Spiritus
702 2197 787 2223 sancti
807 2202 979 2232 oppugnator

184 2240 361 2268 Macedonius
379 2239 490 2267 infamia
504 2245 614 2268 notatus
630 2245 689 2272 est;
711 2241 849 2275 Ephesino
877 2242 978 2276 primo,

184 2288 213 2315 in
229 2295 285 2322 quo
297 2286 437 2315 Nestmius
453 2287 651 2315 condemnatus
667 2292 727 2320 est;
745 2287 977 2321 Chalcedonensi,

185 2334 214 2361 in
230 2341 284 2368 qua
297 2333 433 2369 Eutyches
448 2341 510 2360 cum
526 2332 653 2360 Nestorio
671 2333 845 2361 anathemate
871 2341 981 2368 percus-

186 2387 236 2408 sus
264 2384 307 2406 cst
323 2386 331 2405 :
349 2379 461 2412 adhaec,
485 2378 793 2414 Constantinopolitano
820 2381 951 2410 sccumlo.
965 2388 981 2408 a

185 2432 242 2459 quo
261 2424 392 2459 Origenes
410 2432 464 2452 una
489 2431 551 2451 cum
573 2424 702 2458 operibus
721 2424 790 2455 suis.
806 2428 834 2451 et
858 2424 904 2451 alii
921 2423 982 2458 qui-

187 2472 252 2499 dam
267 2471 353 2506 impii,
372 2470 523 2505 ignominia
540 2469 654 2497 atl‘ectus
675 2475 716 2497 est
731 2479 738 2497 ι
755 2474 886 2504 praeterea
910 2468 984 2496 Con-

187 2517 436 2551 stantinopolitano
457 2517 548 2548 tertio,
572 2516 646 2551 quod
669 2516 702 2543 de
715 2516 809 2544 multis
831 2515 983 2544 haaresibus

188 2565 377 2599 triumphans,
402 2564 583 2591 vetustiorum
611 2567 769 2590 sanctorum
801 2563 982 2590 conciliorum

188 2612 288 2648 placita
306 2611 497 2643 conﬁrmavit;
516 2610 549 2637 ad
581 2614 735 2638 extremum
766 2617 843 2642 vero,
874 2609 984 2636 Niczcuo

189 2658 322 2689 secundo.
345 2657 372 2684 in
389 2664 445 2692 quo
461 2655 497 2683 illi
512 2656 556 2691 qui
575 2656 709 2683 adversus
731 2663 825 2683 sacras
851 2655 985 2689 imagines

188 2703 374 2732 inminebant.
388 2702 491 2737 pariter
509 2709 571 2728 cum
587 2700 772 2728 antcrioribus
785 2699 921 2727 haereticis
938 2699 984 2726 Dei

188 2747 312 2776 Ecclesia
337 2745 456 2774 abdicati
473 2749 547 2773 sunt.
575 2743 771 2772 Praedictorum
791 2744 892 2771 ctenim
921 2751 986 2770 sau-

189 2797 297 2821 ctorum
333 2791 514 2820 conciliorum
545 2789 655 2817 decreta
689 2789 801 2825 perinde
827 2793 858 2816 ut
891 2796 986 2816 sacras

1052 800 1251 828 ΚΕΦΑΛΑΙΟΝ
1267 800 1306 828 A’.
1323 814 1357 820 —
1370 799 1440 834 Περὶ
1455 799 1612 834 θεολογίας
1628 798 1679 826 καὶ
1699 798 1808 833 ὀρθοδό-

1019 847 1075 880 ξου
1086 847 1227 879 πίστεως.

1054 892 1225 920 Ἀποστόλων
1240 891 1331 920 κανὼν
1347 891 1390 928 μθ¹
1404 892 1502 918 min"
1519 890 1632 918 συνόδου
1645 891 1809 918 Κωνσταντι-

1019 939 1170 971 νουπόλεως
1188 939 1279 966 κανὼν
1297 940 1333 973 α’,
1351 939 1388 966 ε’·
1411 939 1521 966 συνόδου
1541 939 1656 974 Ἐφέσου
1671 938 1757 966 κανὼν
1772 938 1807 971 ζ’·

1020 985 1130 1014 συνόδου
1148 986 1329 1022 Καρθαγένης
1353 986 1445 1014 κανὼν
1472 985 1495 1021 β’
1508 995 1516 1002 ·
1538 986 1648 1013 συνόδου
1671 989 1698 1019 ς’
1726 984 1811 1013 κανὼν

1019 1033 1055 1064 α’,
1070 1035 1121 1067 στ’,
1138 1036 1194 1060 na’.

1056 1080 1211 1114 Κείμενον.
1234 1079 1341 1117 Βιϐλίαν
1355 1079 1381 1107 α’
1394 1078 1442 1107 τοῦ
1455 1079 1588 1112 Κώδικος,
1606 1079 1660 1106 τίτ.
1673 1077 1708 1112 α’,
1722 1077 1809 1105 διάτα-

1020 1125 1061 1159 ξις
1076 1128 1107 1158 ε’,
1124 1128 1161 1157 ς’,
1174 1125 1207 1158 ζ’,
1226 1128 1261 1160 η’,
1275 1125 1308 1152 θ’.

1055 1172 1197 1206 Σχόλιον.
1222 1172 1254 1198 Ἠ
1277 1170 1374 1207 πρώτη
1397 1169 1519 1203 διάταξις
1544 1168 1593 1196 τοῦ
1617 1172 1642 1196 α’
1665 1171 1715 1195 τιτ⁸
1730 1167 1774 1194 τοῦ
1789 1166 1810 1193 α’

1021 1217 1123 1253 βιϐλίου
1139 1217 1186 1244 τοῦ
1199 1216 1333 1249 Κώδικος,
1349 1216 1406 1242 ἔστι
1417 1223 1479 1249 κεφ.
1496 1217 1533 1247 α’,
1548 1213 1593 1240 τοῦ
1611 1217 1636 1240 α’
1649 1212 1749 1248 βιϐλίου
1762 1212 1811 1237 τῶν

1020 1263 1172 1291 Βασιλικῶν
1187 1262 1259 1290 οὕτω
1275 1262 1364 1296 λέγον·
1384 1261 1547 1297 Χριστιανός
1565 1260 1642 1286 ἐστιν
1655 1260 1669 1286 ὁ
1683 1257 1811 1285 πιστεύων

1021 1310 1087 1346 μίαν
1100 1307 1170 1335 εἶναι
1188 1308 1304 1343 θεότητα
1323 1308 1351 1334 ὲν
1368 1307 1414 1343 ἴσῃ
1434 1306 1545 1341 ἐξουσίᾳ
1567 1304 1617 1332 τοῦ
1632 1304 1749 1339 Πατρδς,
1767 1301 1810 1328 τοῦ

1022 1355 1098 1388 Υίοῦ,
1123 1355 1171 1382 καὶ
1192 1354 1241 1381 τοῦ
1266 1354 1345 1388 ἁγίου
1362 1354 1533 1388 Πνεῦματος.
1558 1352 1587 1378 '0
1611 1351 1669 1386 γὰρ
1688 1350 1762 1385 παρὰ
1780 1348 1812 1375 τὰ

1020 1401 1154 1437 εἰρημένα
1174 1399 1295 1433 δοξάζων
1314 1399 1453 1435 αἰρετικός
1475 1399 1560 1425 ἐστιν.
1587 1397 1621 1424 'H
1641 1396 1670 1424 δὲ
1683 1399 1714 1430 ε’,
1729 1392 1808 1427 ς’,ξ’ν

1020 1449 1067 1475 καί
1078 1451 1102 1484 η’
1117 1448 1188 1474 διατ.
1205 1447 1257 1474 οὐκ
1271 1446 1406 1481 ἐτέθησαν
1419 1445 1459 1476 εἰς
1475 1444 1510 1471 τὰ
1528 1443 1675 1470 Βασιλικά.

1057 1493 1184 1521 ΚΕΦΔΛ.
1205 1492 1244 1519 B’.
1261 1506 1296 1512 -—
1312 1491 1430 1523 Πόσους
1446 1488 1491 1516 δεῖ
1505 1488 1628 1524 κρατεῖν
1642 1488 1780 1520 κανόνας.

1061 1539 1173 1566 Συνόδου
1184 1537 1355 1572 Χαλκηδόνος
1365 1536 1496 1566 κανὼνα¹.
1506 1535 1618 1561 συνόδου
1638 1533 1812 1569 Καρθαγένης

1026 1587 1116 1616 κανὼν
1131 1590 1172 1613 α’·
1189 1585 1299 1612 συνόδου
1319 1583 1347 1616 ς’
1365 1581 1455 1610 κανὼν
1477 1581 1498 1617 β’
1510 1590 1518 1598 ν
1534 1581 1647 1609 συνόδου
1660 1579 1774 1611 Νικαίας
1787 1578 1814 1604 τὸ

1028 1636 1060 1671 β’,
1073 1633 1164 1661 κανὼν
1181 1631 1214 1667 β’.

1063 1681 1217 1716 Κείμενον.
1242 1678 1276 1704 Ἦ
1299 1680 1323 1712 γ’
1350 1675 1470 1708 διάταξις
1485 1675 1532 1702 τοῦ
1549 1675 1582 1711 β’,
1604 1683 1633 1703 κ.
1651 1683 1677 1702 τ.
1694 1673 1719 1700 λ.
1737 1677 1817 1706 usque

1028 1729 1062 1755 all
1075 1727 1156 1754 τύποι
1178 1723 1276 1758 ἄχυροί
1287 1724 1367 1750 εἰσιν.

1064 1774 1201 1808 Σχόλιον.
1227 1770 1259 1796 Ἦ
1274 1772 1299 1803 γ’
1312 1767 1435 1801 διάταξις
1453 1766 1501 1794 τοῦ
1525 1767 1548 1802 β’
1569 1766 1625 1794 τίτ.
1642 1765 1697 1792 τῶν
1712 1761 1819 1797 Νεαρῶν

1029 1822 1087 1848 ἔστι
1103 1816 1412 1853 νεαράΊουστινιάνειος
1427 1814 1483 1850 ρλα¹
1503 1814 1621 1848 κειμένη
1637 1813 1666 1839 ὲν
1682 1810 1773 1846 βιϐλίῳ
1787 1811 1815 1840 ε’,

1030 1867 1084 1895 τῶν
1105 1862 1256 1892 Βασιλικῶν
1273 1861 1325 1889 τὶτ.
1349 1864 1384 1895 γ’,
1406 1869 1468 1894 κεφ.
1495 1859 1530 1892 α’,
1554 1859 1656 1894 θέματι
1680 1861 1716 1890 α’,
1740 1855 1820 1884 οὕτως

1032 1915 1136 1950 ἔχοντν
1152 1909 1323 1945 Θεσπίζομεν
1334 1909 1435 1940 τοίνυν,
1445 1908 1535 1942 νόμων
1548 1907 1627 1940 τάξιν
1642 1905 1750 1940 ἐπέχειν
1762 1902 1820 1932 τοὺς

1035 1949 1130 1995 dificia;
1143 1956 1386 1993 ἐκκλησιαστικοὺς
1399 1954 1515 1986 κανόνας
1529 1954 1593 1985 τοὺς
1607 1953 1661 1980 ὑπὸ
1676 1951 1729 1978 τῶν
1741 1949 1822 1984 ἁγίων

1033 2008 1055 2040 ζ’
1081 2005 1198 2034 συνόδων
1222 2001 1382 2033 ὲκτεθέντας
1405 2001 1422 2036 ἢ
1443 1999 1646 2035 βεϐαιωθέντας
1673 1997 1744 2025 τοῦτ’
1769 1995 1822 2021 ἐστι

1032 2055 1095 2084 τοὺς
1111 2053 1140 2078 ὲν
1151 2048 1255 2084 Νικαίᾳ
1268 2047 1322 2074 τῶν
1336 2045 1399 2081 τιη’.
1415 2045 1476 2073 καθ’
1488 2045 1521 2081 ἣν
1535 2045 1550 2072 ὁ
1562 2045 1673 2081 ’Λρειος
1685 2045 1699 2070 ὁ
1714 2043 1761 2077 τῆς
1774 2048 1824 2076 μα-

1031 2101 1091 2131 νίας
1105 2097 1249 2131 ἐπώνυμος
1272 2092 1492 2128 ὰνεθεματίσθη,
1518 2092 1567 2119 καὶ
1582 2092 1634 2126 τῆς
1653 2091 1683 2117 ἐν
1695 2090 1728 2124 τῇ
1748 2088 1824 2114 Κων-

1033 2142 1252 2174 σταντινουπόλει
1273 2140 1327 2166 τῶν
1350 2138 1435 2174 ἁγίων
1464 2137 1501 2174 ρν¹
1523 2138 1668 2173 Πατέρων,
1689 2136 1734 2170 ὑφ’
1752 2132 1789 2161 ὧν
1813 2133 1826 2158 ὁ

1032 2189 1262 2226 πνευματομάχος
1273 2186 1437 2217 ΜακεΜνιος
1457 2183 1649 2219 ὲστηλιτεύθη,
1668 2182 1716 2208 καὶ
1737 2180 1784 2214 τῆς
1799 2178 1826 2226 iv

1038 2224 1144 2273 Ἐφέσῳ
1156 2239 1180 2263 α’
1194 2236 1223 2261 ὲν
1236 2231 1409 2271 ᾖΝεστόριος
1424 2229 1585 2265 κατεκρίθη,
1599 2230 1647 2256 καὶ
1660 2228 1711 2263 τῆς
1722 2228 1749 2254 ὲν
1760 2224 1828 2273 Χαλ-

1033 2270 1135 2320 κηδόνι
1146 2281 1207 2309 καθ’
1227 2270 1260 2316 ἢν
1275 2278 1399 2313 Εὐτυχὴς
1418 2277 1487 2313 μετὰ
1502 2277 1656 2312 Νεστορίου
1671 2270 1828 2320 ἀνεθεματίς

1034 2315 1095 2367 σόη.
1120 2329 1193 2363 Πρὸς
1211 2315 1243 2354 at
1260 2325 1374 2356 ταύταις
1389 2325 1439 2360 τῆς
1454 2325 1482 2351 ὲν
1495 2319 1785 2350 Κωνσταντινουπόλει
1800 2315 1828 2342 τὸ

1035 2377 1068 2415 β’,
1079 2365 1118 2405 ’δι’
1133 2374 1168 2413 ἧς
1180 2374 1323 2409 Ὠριγὲνης
1340 2371 1409 2407 μετὰ
1422 2370 1477 2398 τῶν
1492 2368 1576 2395 αὑτοῦ
1592 2365 1826 2415 συνγξιιμμκὶτιιινζ

1034 2405 1082 2451 lata-tt
1094 2405 1182 2456 ξτερὸι
1197 2405 1270 2450 τινές
1287 2405 1428 2447 δυσσεϐεῖς
1443 2410 1772 2456 παρεδειγματίσθησαν,
1786 2405 1829 2433 καὶ

1034 2471 1075 2498 ἔτι
1092 2454 1149 2505 τῆς.
1161 2470 1190 2495 ὲν
1211 2462 1498 2494 Κωνσταντινουπόλει
1512 2461 1543 2487 τὸ
1557 2459 1593 2493 γ’,
1614 2460 1678 2494 ἥτις
1695 2454 1829 2505 διαςιόοοις

1035 2500 1156 2553 αἱρέσέις
1171 2511 1380 2549 θριαμὸεύσασα
1391 2509 1424 2535 τὰ
1435 2508 1490 2534 τῶν
1506 2500 1829 2553 προγενεπέρωνῄὰγίων

1037 2548 1154 2589 συνόδων
1170 2548 1229 2586 Osi:
1244 2558 1367 2592 δόγματα
1381 2554 1542 2589 ἐπεκύρωσε
1551 2571 1557 2584 ,
1580 2551 1630 2578 καὶ
1643 2550 1691 2576 ἐπὶ
1708 2548 1773 2574 πᾶσι
1783 2552 1828 2577 της

1036 2608 1065 2633 ὲν
1087 2604 1192 2639 Νικαίᾳ
1215 2603 1245 2629 τὸ
1268 2602 1300 2637 β’,
1327 2600 1356 2634 ἐξ
1371 2597 1404 2635 ἧς
1420 2600 1444 2625 oi.
1462 2598 1531 2625 κατὰ
1545 2597 1603 2623 τῶν
1619 2595 1706 2629 ἁγίων
1723 2593 1830 2620 εἰκόνων

1036 2652 1220 2686 λυττήσαντες
1235 2649 1266 2681 ἐξ
1282 2648 1340 2674 ἴσου
1357 2648 1412 2677 τοῖς
1425 2643 1609 2681 προλαὸσῦσιν
1623 2641 1774 2678 αἱρετικοῖς
1784 2637 1830 2670 τῆς

1038 2685 1186 2730 καθολικῆς
1214 2693 1261 2720 τοῦ
1291 2692 1359 2719 Θεοῦ
1387 2690 1550 2725 Ἐκκλησίας
1586 2685 1830 2722 ἀπεκηρύχθησαν-

1038 2743 1098 2769 Τῶν
1113 2742 1168 2776 γὰρ
1182 2737 1392 2775 προειρημὲκων
1415 2736 1501 2770 ἁγίων
1521 2734 1641 2761 συνόδων
1662 2732 1697 2759 τὰ
1716 2731 1832 2776 δόγματα

1039 2771 1164 2821 “Mirati
1178 2771 1226 2817 τάς
1329 2781 1438 2818 Γραφὰς
1451 2779 1596 2816 δεχόμεθα,
1615 2778 1665 2805 καὶ
1679 2775 1741 2807 τούς
1759 2771 1832 2821 xcvi:

191 2838 349 2873 Scripturas
373 2837 550 2872 suscipimus,
567 2841 594 2864 et
617 2842 737 2864 canones
754 2839 784 2863 ut
801 2835 873 2870 leges
891 2838 975 2862 custot

1041 2843 1089 2865 νας
1107 2816 1154 2864 ὡς¹
1170 2816 1264 2866 νόμοις
1281 2816 1464 2865 φυλάττομεν.
1494 2827 1525 2853 Ἡ
1548 2825 1591 2860 μδ¹
1606 2822 1730 2855 διάταξις
1748 2819 1798 2873 τοὶ
1810 2816 1833 2851 γ’

191 2884 294 2909 dimus.
308 2884 403 2912 Const.
420 2883 466 2917 M,
478 2883 520 2911 tit.
533 2883 561 2916 5,
576 2882 623 2910 lib.
638 2881 767 2910 tCodicis
782 2889 836 2908 non
845 2885 886 2908 est
897 2881 987 2915 posita

194 2926 222 2952 in
239 2925 320 2954 Basil.
338 2935 426 2962 neque
443 2935 507 2956 vero
525 2928 537 2955 1
556 2931 604 2956 aut
622 2927 639 2954 4
664 2930 752 2955 const.
766 2925 807 2953 tit.
828 2925 838 2952 1
865 2924 986 2953 Novella-

1041 2881 1093 2908 τετ.
1109 2878 1156 2906 τοῦ
1169 2877 1192 2905 α’
1204 2865 1310 2913 γβιὸλίου
1323 2875 1371 2903 τοῦ
1386 2873 1507 2905 Κώδικος
1527 2872 1578 2899 οὐκ
1593 2871 1675 2906 ὲτὲοη
1692 2867 1775 2916 εἰςτὰ
1786 2865 1833 2916 βα-

1045 2925 1150 2958 σιλικὰ,
1172 2923 1232 2951 οῦδὲ
1253 2924 1268 2957 ὴ
1287 2925 1310 2948 α’
1336 2921 1382 2948 καὶ
1407 2920 1427 2946 δ’
1448 2917 1571 2950 διάταξις
1594 2916 1642 2944 τοῦ
1669 2919 1693 2944 α’
1713 2914 1764 2942 τίτ.
1783 2914 1833 2938 τῶν
