1956 3049
117 150 168 185 981

603 148 847 181 NOMOCANON.
865 161 898 167 —
910 148 985 179 TIT.
1002 148 1028 187 Ι,
1047 148 1126 179 CAP.
1146 147 1160 179 Ι
1176 160 1212 166 -
1230 148 1289 178 IIl.

1713 147 1767 179 98!

119 207 234 244 Νεαρῶν
248 203 286 235 ὧν
296 208 313 242 ὴ
332 207 382 242 μὲν
396 206 465 242 ἕκτη
482 206 540 233 ἐστὶ
553 207 639 242 νεαρὰ
653 207 877 240 Ἱουστινιάνειος,
895 208 912 242 ἠ
929 214 935 237 Α

992 213 1038 237 tm,
1049 205 1173 240 lquarnm
1191 203 1249 231 haec
1267 203 1378 238 quidem
1400 206 1443 231 est
1459 203 1475 230 6
1486 201 1632 230 Iustiniani
1651 203 1768 229 novella'

119 255 149 281 δὲ
175 257 202 280 π’
229 253 361 284 ὡσαύτως
387 253 447 280 οὐδὲ
466 253 482 287 ἡ
501 251 534 287 ιβ’
559 252 682 286 διάταξις
698 252 745 279 τοῦ
762 252 784 288 β’
799 253 852 280 τίτ.
867 252 914 279 τοῦ

119 300 144 328 α’
156 300 260 336 βιὸλίου
282 299 330 327 τοῦ
347 299 479 330 Κώδικος.
501 299 556 326 Καὶ
577 299 645 335 μηδὲ
659 299 691 327 σὺ
705 299 817 331 ταύταις
830 307 918 335 προσ-

119 348 182 383 χῇς,
199 347 309 381 πρῶτον
324 345 373 381 μὲν
392 346 434 372 ὅτι
448 345 509 372 οὐδὲ
525 345 708 373 ἐναντιοῦνται
726 347 759 381 τῇ
775 345 832 380 ρλα¹
854 346 921 372 Ἰου-

121 392 275 426 στινιανείῳ
285 391 379 427 νεαρᾷ,
395 388 454 418 εἶτα
464 392 506 418 ὅτι
519 391 580 418 οὐδὲ
595 391 744 426 ἐδέχθησαν
756 391 785 417 ὲν
795 391 853 423 τοῖς
868 389 920 417 Βα-

121 438 246 470 σιλικοϊς.

103 523 106 525 _
158 487 280 521 Ἕτερον
293 487 432 521 σκόλιον.
461 486 533 523 Περὶ
552 487 601 522 μὲν
623 487 671 514 οὖν
689 486 743 514 τῶν
764 487 793 514 ὲν
810 486 849 522 τῷ
868 495 921 513 πα-

124 534 198 569 ρόντι
219 533 241 569 β’
265 542 328 568 κεφ.
348 533 525 568 δηλωθέντων
544 535 678 568 νομίμων,
705 533 866 569 ἐγράφησαν
884 533 920 559 τὰ

122 579 227 607 εἰκότα.
253 579 392 613 Γίγνωσκε
413 579 443 606 δὲ
462 580 503 606 ὅτι
526 579 663 614 διαφόρως
685 576 762 606 εἶπόν
780 588 852 611 τινες
873 579 921 606 καὶ

121 622 210 650 ταῦτα
222 622 338 650 ἐνώπιον
348 623 396 649 τοῦ
409 623 541 657 βασιλέως
554 623 633 659 ἡμῶν
647 623 694 650 τοῦ
706 623 785 657 ἁγίου
799 623 835 658 μὴ
846 623 922 655 ὀφείς

122 670 180 697 λειν
192 671 303 706 κρατεῖν
318 670 380 701 τοὺς
393 670 520 702 κανόνας,
535 670 598 696 ἔνθα
615 669 708 704 νόμοις
723 669 919 703 ἐναντιοῦνται,

122 716 167 743 διὰ
182 715 214 742 τὸ
230 715 282 751 πρὸ
301 716 350 751 τῆς
369 716 584 752 ἀνακαθάρσεως
603 716 708 748 τούτοις
726 717 919 751 συγγραφῆναι

124 762 172 787 καὶ
192 760 264 787 οῦτω
286 760 470 796 σχολάσασθαι
492 762 554 793 τοὺς
575 762 668 793 αὐτοῖς
687 762 726 797 μὴ
747 762 919 797 συνᾴδοντας.

126 807 218 834 Ἄλλοι
234 807 262 834 δὲ
277 808 495 843 προκομίσαντες
508 808 624 840 κανόνας
639 809 696 840 τοῖς
711 809 804 843 νόμοις
817 809 921 835 ἐναντι-

125 853 267 888 ουμένους,
293 853 340 880 καὶ
360 854 528 889 χρησάμενοι
551 855 584 889 τῇ
605 854 730 890 παρούσῃ
753 853 811 889 ρλα¹
837 854 923 889 νεαρᾷ

130 899 164 934 τῇ
180 898 296 934 κειμένῃ
312 899 341 924 ὲν
358 898 453 933 βιϐλίῳ
464 901 485 924 ε’
505 898 559 925 τῶν
575 898 722 933 βασιλικῶν
737 899 791 926 τίτ.
812 902 837 932 γ’
857 907 920 932 κεφ.

971 253 1016 280 illa
1030 261 1095 281 vero
1110 254 1144 281 80
1156 253 1291 287 ejusdem.
1309 252 1402 286 Neque
1415 251 1506 287 [item]
1524 255 1614 279 const.
1629 251 1674 282 1‘2.
1688 250 1729 277 tit.
1740 250 1768 282 2,

973 299 1019 327 lib.
1036 307 1045 327 ι
1072 299 1141 327 Cod.
1161 298 1256 333 Neque
1273 306 1336 325 vere
1354 303 1383 325 tu
1401 298 1455 325 illis
1484 297 1607 324 animum
1638 296 1769 332 applices.

973 346 1188 381 Primum-quia
1210 353 1264 372 non
1281 347 1462 372 adversantur
1480 345 1526 372 l5|
1546 343 1693 370 .lustiniaui
1720 349 1771 369 no-

976 392 1062 420 vellae.
1080 391 1197 424 Deinde,
1213 391 1277 426 quia
1294 391 1321 418 in
1336 390 1461 418 Basilicis
1481 397 1536 417 non
1553 394 1620 416 sunt
1645 393 1771 424 receptae.

1007 485 1089 512 Aliud
1117 483 1266 512 Scholium.
1291 483 1329 510 De
1343 483 1406 518 jure
1426 482 1548 517 quidem,
1563 480 1636 516 quod
1652 481 1679 508 in
1702 488 1773 515 prae-

971 533 1042 560 senti
1055 532 1072 559 2
1091 531 1180 566 capite
1196 531 1364 558 declaratum
1380 532 1433 560 est.
1462 528 1564 562 scripta
1582 532 1647 555 sunt
1673 527 1774 553 decen-

973 579 1018 606 tia.
1048 578 1125 605 Scias
1159 581 1262 609 tamen,
1280 575 1354 611 quod
1380 575 1461 602 aliter
1491 573 1615 601 nonnulli
1642 573 1773 613 dixerint,

971 625 1052 660 idque
1061 625 1085 652 in
1097 623 1241 659 prtesentia
1256 622 1344 650 sancti
1360 622 1445 649 nostri
1461 620 1635 655 imperatoris
1659 619 1775 654 [nempe

973 675 1096 696 canones
1116 676 1169 695 non
1185 667 1284 694 debere
1299 667 1400 698 valere,
1418 665 1528 700 quando
1543 664 1722 691 adversantur
1735 663 1775 690 le-

973 715 1074 750 gibus:
1094 718 1234 749 propterea
1245 713 1317 748 quod
1340 717 1403 740 ante
1417 710 1528 748 [legum]
1557 702 1775 746 repurgationem

977 762 1016 788 illi
1038 761 1185 796 conscripti
1209 764 1273 788 sunt
1290 769 1297 787 :
1313 764 1396 794 atque
1421 759 1456 786 ita
1486 758 1533 793 qui
1553 756 1688 792 (canones]
1713 763 1776 783 eum

978 806 1102 844 [legibus]
1121 813 1175 833 non
1199 805 1381 837 conveniunt,
1399 805 1504 831 otiosos
1531 809 1602 830 esse.
1628 801 1680 829 Alii
1712 807 1778 828 vero

978 853 1102 888 prolatis,
1118 852 1163 888 qui
1180 851 1285 887 legibus
1300 851 1492 882 adversantur,
1507 848 1657 876 canonibus
1668 852 1694 874 et
1707 854 1779 881 prae-

976 899 1046 927 senti
1059 899 1102 925 l51
1118 898 1235 930 novella,
1250 905 1312 932 quae
1323 897 1349 923 in
1367 904 1382 923 v
1399 896 1446 923 lib.
1459 895 1557 927 Basil.,
1575 893 1618 921 tit.
1632 893 1659 925 5,
1676 900 1738 926 cap.
1752 892 1777 923 ί,

127 948 162 977 α’,
178 944 295 982 λεγούσῃ
309 945 372 976 τοὺς
385 945 500 976 κανόνας
512 945 549 976 ὡς
565 945 664 980 νόμους
679 945 864 980 φυλάττεσθαι
876 945 924 972 καὶ

992 945 1065 972 ηοδίιιι
1093 949 1145 977 est,
1165 944 1217 980 [in
1237 942 1372 979 medium]
1389 944 1530 978 producta,
1557 940 1724 969 adversariis
1748 947 1780 965 os

125 991 164 1023 ὼς
183 990 259 1022 θείας
280 991 403 1026 Γραφὰς,
428 991 614 1026 ὲπεστόμισαν
634 992 697 1023 τοὺς
717 991 926 1023 ἀντιθετοῦντας

127 1036 232 1068 αὐτοῖς,
249 1036 294 1063 ὅτε
316 1036 452 1063 κάκείνων
471 1037 604 1063 εἰπόντων
617 1036 777 1063 ἁνένδεκτον
791 1034 862 1063 εἶναι
877 1035 927 1071 τὴν

128 1081 258 1117 τοιαύτην
269 1083 369 1118 νεαρὰν
380 1082 419 1114 ὡς
425 1082 502 1118 παρά
512 1081 559 1109 τοῦ
571 1082 764 1109 Ίουστινιανοῦ
777 1082 927 1117 λεγομένην

129 1128 267 1163 γενέσθαι,
282 1129 330 1156 καὶ
348 1129 527 1164 μεμνημένην
544 1131 590 1155 καὶ
605 1129 659 1155 τῶν
672 1129 741 1163 μετὰ
756 1128 801 1155 τὸν
822 1128 931 1155 Ἰουστι-

131 1175 222 1202 νιανδν
234 1175 361 1208 συνόδων,
380 1175 427 1202 καὶ
443 1174 515 1202 οὕτω
529 1175 629 1202 ἄτοπόν
642 1184 668 1202 τι
680 1175 760 1210 δῆοεν
776 1183 928 1202 κατασκευ-

131 1222 263 1255 αζόντων,
279 1222 357 1248 αὐτοὶ
374 1222 476 1257 μᾶλλον
493 1222 547 1248 κάκ
557 1222 654 1248 τούτου
670 1221 930 1257 καταλαμϐάνεσῠαι

133 1266 222 1301 εἷπον,
243 1268 274 1295 τὸ
297 1268 492 1295 οἰκειώσασθαι
511 1268 546 1295 τὰ
567 1268 618 1303 τῆς
631 1268 731 1304 νεαρᾶς
742 1268 788 1294 τὸν
801 1267 851 1304 τὴν
864 1268 931 1294 ἀνα-

135 1313 271 1350 θεώρησιν
294 1314 341 1341 καὶ
363 1315 552 1349 ἀνακάθαρσιν
571 1315 625 1341 τῶν
640 1315 730 1350 νόμων
747 1315 933 1350 ποιησάμενον

136 1360 260 1396 βασιλέα.
281 1361 312 1387 El
331 1361 384 1397 γὰρ
407 1363 444 1397 μὴ
465 1361 545 1388 τοῦτο
564 1359 598 1397 ἦν
618 1362 669 1388 οὐκ
685 1361 718 1388 ἃν
735 1362 784 1388 καὶ
804 1362 868 1393 τοὺς
880 1362 934 1389 τῶν

139 1408 378 1444 μεταγενεστέρων
396 1408 513 1435 συνόδων
526 1409 642 1441 κανόνας
659 1409 697 1440 ὡς
713 1409 807 1444 νόμοις
821 1410 934 1444 κρατεῖν

137 1453 296 1488 προσέθετο,
312 1454 359 1481 καὶ
377 1453 415 1486 ὡς
428 1454 503 1485 θείας
517 1455 639 1490 Γραφάς.
667 1454 748 1482 Ἀλλὰ
765 1455 812 1482 καὶ
831 1454 936 1490 ταύτην

137 1497 176 1531 ὼς
189 1499 236 1525 καὶ
255 1498 339 1531 ἄλλας
360 1499 592 1531 Ἰουστινιανείους
609 1500 710 1535 νεαρὰς
729 1499 772 1526 ἵνα
789 1499 936 1535 ἐσχόλασεν

140 1545 173 1571 ὲκ
188 1543 236 1571 τοῦ
254 1544 291 1581 μὴ
305 1546 499 1582 καταστρῶσαι
510 1546 595 1581 αὐτὴν
609 1547 649 1578 είς
664 1546 698 1572 τὰ
714 1545 852 1580 βασιλικὰ,
868 1546 936 1581 ὅπερ

139 1591 248 1628 ἐδέχθη.
267 1592 314 1620 καὶ
332 1592 410 1628 παρὰ
428 1592 466 1628 τῷ
494 1592 599 1628 βασιλεῖ
619 1593 658 1628 τῷ
678 1593 760 1628 ἁγίῳ.
780 1592 938 1628 Σημείωσαι

976 991 1141 1019 obturarunt
1156 999 1164 1018 :
1179 989 1324 1026 [camilla]
1339 996 1457 1016 canones
1468 992 1596 1023 tanquam
1610 987 1683 1022 leges
1699 989 1782 1020 atque

981 1045 1075 1066 sacras
1101 1036 1261 1072 Scripturas
1280 1035 1474 1063 custodiendos
1501 1041 1574 1066 esse,
1592 1032 1676 1060 dicat.
1700 1030 1779 1064 Quod

982 1091 1049 1112 vero
1061 1084 1099 1111 illi
1114 1083 1246 1114 dicerent.
1264 1090 1318 1109 non
1343 1081 1545 1116 suscipiendam
1562 1087 1623 1107 esse
1633 1079 1707 1105 illam
1729 1085 1782 1104 no-

981 1130 1092 1160 vellam.
1114 1133 1144 1156 ut
1172 1135 1244 1164 quae,
1283 1135 1346 1154 cuin
1367 1135 1382 1154 ο
1397 1125 1553 1154 Justiniano
1581 1124 1653 1151 edita
1675 1122 1783 1150 dicatur

984 1174 1164 1202 conciliorum
1186 1177 1248 1208 post
1273 1171 1458 1199 Justinianum
1472 1168 1648 1206 [habitorum]
1664 1167 1784 1194 mentio-

986 1228 1046 1248 nem
1063 1220 1156 1252 faciat,
1171 1224 1253 1254 atque
1266 1219 1303 1246 ita
1333 1217 1529 1245 absurditatem
1561 1215 1707 1249 quamdam
1721 1220 1785 1240 con-

981 1267 1132 1295 stituerent
1149 1276 1156 1293 :
1172 1274 1201 1294 se
1217 1266 1279 1292 inde
1307 1265 1389 1292 etiam
1421 1263 1508 1298 magis
1529 1261 1632 1299 [illam]
1660 1259 1786 1294 amplecti

989 1315 1109 1346 aiebant,
1131 1313 1203 1347 quod
1220 1319 1282 1346 qua:
1299 1311 1404 1338 novella
1424 1309 1518 1341 tradit,
1534 1309 1557 1335 is
1574 1308 1722 1342 imperator
1739 1305 1785 1339 qui

989 1361 1063 1394 leges
1085 1358 1242 1394 repurgavit
1257 1363 1338 1392 atque
1364 1355 1533 1391 recognovit,
1546 1354 1599 1381 sibi
1626 1352 1786 1380 vindicavit.

989 1406 1056 1433 Nam
1069 1406 1090 1433 si
1103 1406 1128 1432 id
1141 1404 1204 1440 [ita]
1213 1412 1267 1431 non
1277 1407 1360 1435 esset,
1370 1409 1423 1429 non
1433 1401 1515 1428 etiatn
1528 1399 1710 1435 posteriorum
1723 1405 1789 1424 con-

991 1452 1118 1480 ciliorum
1131 1458 1262 1482 canones,
1278 1454 1307 1475 ut
1325 1449 1398 1484 leges
1413 1452 1496 1481 atque
1510 1453 1605 1473 sacras
1618 1443 1787 1478 Scripturas,

991 1498 1084 1525 valere
1101 1495 1214 1533 [debere]
1225 1496 1380 1529 adiecisset.
1392 1493 1481 1527 Atque
1496 1493 1565 1520 banc
1581 1491 1664 1519 etiam
1677 1489 1791 1526 [inquie-

993 1543 1074 1579 bant]
1092 1548 1121 1570 ut
1140 1543 1209 1570 alias
1235 1540 1382 1569 Iustiniani
1411 1539 1544 1570 novellas,
1572 1538 1645 1564 velut
1672 1536 1790 1563 otiosam

994 1589 1125 1621 reddidit,
1141 1588 1214 1624 quod
1228 1588 1316 1623 ipsam
1335 1585 1459 1614 Basilicis
1485 1593 1538 1611 non
1565 1582 1692 1618 aspersit.
1711 1581 1790 1614 Quod

140 1625 201 1673 si};
213 1625 354 1674 παροῦσαν
371 1625 472 1674 νεαράν
547 1625 650 1675 νόμοις·
661 1625 773 1675 κρατεῖν
857 1639 935 1674 μόνον

992 1644 1060 1664 sane
1082 1640 1193 1664 sanctus
1211 1635 1361 1668 imperator
1383 1633 1465 1660 etiam
1482 1629 1624 1666 probabat.
1642 1627 1712 1654 Nota
1728 1633 1792 1653 vero

141 1685 206 1716 τοὺς
223 1685 300 1720 παρὰ
320 1685 376 1712 τῶν
390 1685 411 1718 ς’
428 1686 514 1720 ἁγίων
537 1685 655 1712 συνόδων
678 1684 840 1716 ὲκτεῦέντας
858 1684 940 1711 κανό-

142 1739 202 1762 νας,
217 1731 285 1758 ἀλλὰ
299 1732 347 1759 καὶ
359 1732 422 1763 τοὺς
432 1731 508 1767 παρὰ
518 1731 622 1758 τούτων
635 1731 844 1767 βεϐαιωθεντας,
857 1731 941 1766 ἡγουν

143 1777 208 1808 τοὺς
231 1777 347 1810 κανόνας
368 1778 423 1804 τῶν
439 1777 561 1805 τοπικῶν
579 1778 705 1805 συνόδων.
726 1777 781 1804 Καὶ
803 1776 942 1812 ἀνάγνωθι

144 1826 192 1852 τὸν
213 1824 235 1860 β’
251 1825 351 1852 κάνονα
365 1826 415 1860 τῆς
433 1828 460 1857 ς’
477 1825 600 1857 συνόδου,
623 1824 784 1860 βεϐαιοῦντα
803 1824 839 1859 μὴ
863 1824 943 1859 μόνον

148 1873 199 1904 τὰς
213 1873 329 1904 τοπικὰς
347 1872 484 1904 συνόδους,
503 1872 572 1898 ἀλλὰ
587 1872 634 1898 καὶ
647 1871 750 1906 ἑτέρων
768 1871 854 1905 ἁγίων
875 1879 942 1904 συγ-

145 1919 312 1954 γράμματα.
336 1918 556 1954 Ἐπισημείωσαι
567 1918 616 1953 τὴν
631 1917 771 1952 παροῦσαν
783 1917 942 1952 ἑρμηνείαν,

147 1966 197 1992 καὶ
213 1965 284 2000 ἔχων
298 1965 384 1999 αὐτὴν
401 1965 447 1990 ἐπὶ
467 1964 589 1999 μνήμης,
609 1963 671 1997 λέγε
693 1963 757 1994 τοὺς
776 1962 891 1993 κανόνας
906 1962 946 1989 lo-

148 2010 226 2046 χὺειν
243 2011 324 2037 πλέον
336 2011 391 2037 τῶν
408 2011 508 2045 νόμων.
530 2010 563 2036 Ol
584 2009 636 2044 μὲν
658 2009 714 2044 γὰρ
730 2008 814 2044 ἦγουν
833 2009 946 2040 κανόνες

148 2058 226 2094 παρᾶ
242 2057 385 2093 βασιλέων,
401 2057 449 2084 καὶ
465 2056 552 2090 ἁγίων
573 2056 703 2091 Πατέρων
719 2054 875 2086 ὲκτεθέντες
898 2054 947 2081 καὶ

149 2104 343 2139 στηριχϐέντες
367 2103 405 2135 ὡς
431 2104 460 2129 αἱ
486 2103 556 2129 θεῖαι
585 2102 692 2137 Γραφαὶ
713 2101 846 2136 δέχονται.
865 2101 897 2127 Ol
918 2100 947 2126 δὲ

149 2150 228 2185 νόμοι
243 2151 319 2184 παρὰ
335 2149 467 2184 βασιλέων
478 2149 560 2184 μόνον
571 2148 720 2183 ἐδέχθησαν
733 2147 749 2182 ἢ
765 2146 947 2182 συνετέθησαν

149 2199 198 2224 καὶ
221 2197 266 2223 διὰ
287 2196 365 2222 τοῦτο
388 2196 417 2222 οὐ
444 2194 639 2231 κατισχύσουσι
661 2193 716 2221 τῶν
737 2193 817 2220 θείων
832 2193 949 2228 Γραφῶν

150 2244 212 2271 οὐδὲ
227 2243 282 2270 τῶν
295 2243 427 2270 κανόνων.

994 1687 1153 1718 praesentem
1177 1681 1324 1711 novellam,
1338 1687 1399 1714 qua:
1414 1686 1467 1706 non
1483 1676 1564 1704 modo
1578 1683 1594 1703 a
1605 1679 1708 1709 septem
1728 1680 1792 1699 san-

993 1730 1045 1757 ctis
1070 1728 1194 1755 conciliis
1224 1726 1410 1762 promulgatas
1437 1731 1567 1755 canenes,
1594 1729 1688 1749 verum
1709 1720 1791 1747 etiam

994 1776 1040 1810 qui
1061 1775 1095 1802 ab
1112 1775 1166 1801 illis
1194 1772 1349 1801 conﬁrmati
1373 1776 1438 1799 sunt
1457 1767 1675 1806 (provincialium
1699 1766 1791 1794 conci-

995 1821 1096 1848 liorum
1112 1827 1234 1848 canones
1254 1818 1361 1853 nempe)
1377 1822 1407 1845 ut
1426 1817 1499 1852 leges
1519 1815 1610 1842 valere
1629 1813 1705 1841 dicit.
1723 1811 1794 1846 Lege

996 1868 1078 1895 etiam
1103 1867 1254 1895 secundum
1273 1873 1405 1892 ranonem
1438 1864 1506 1891 sexti
1537 1861 1644 1889 concilii
1665 1860 1712 1895 qui
1741 1866 1794 1886 non

997 1914 1086 1942 solum
1101 1913 1279 1948 provincialia
1295 1911 1423 1943 concilia,
1438 1910 1484 1938 sed
1498 1909 1582 1937 etiam
1598 1908 1714 1934 aliorum
1730 1914 1795 1933 san—

997 1966 1104 1988 ctorum
1123 1959 1223 1993 scripta
1255 1958 1410 1985 conﬁrmat.
1441 1955 1508 1982 Nota
1530 1955 1613 1987 igitur
1633 1957 1794 1988 prmsentetn

999 2007 1263 2042 interpretationem,
1278 2012 1395 2038 eamque
1407 2003 1435 2030 in
1451 2002 1584 2030 memoria
1606 2001 1710 2027 habens
1731 1999 1794 2025 dic:

999 2061 1121 2081 canones
1138 2052 1249 2087 majoris
1270 2050 1442 2077 auctoritatis
1457 2056 1530 2079 esse,
1545 2054 1627 2082 quam
1650 2046 1732 2080 leges.
1757 2043 1796 2070 Illi

1000 2100 1072 2127 cnim
1087 2105 1217 2128 canones,
1236 2104 1332 2129 nempe
1348 2103 1410 2121 eum
1428 2094 1462 2121 ab
1480 2092 1692 2127 imperatoribus
1714 2095 1797 2124 atque

1000 2145 1103 2172 sanctis
1126 2144 1255 2171 Patribus
1277 2141 1440 2176 promulgari
1472 2136 1660 2166 conlirmative
1677 2136 1743 2166 sint,
1769 2140 1798 2162 ut

1001 2199 1087 2219 sacra:
1117 2191 1266 2225 Scriptura;
1282 2188 1471 2223 suscipiuntur
1495 2195 1502 2213 :
1528 2186 1600 2220 leges
1616 2191 1678 2210 vero
1699 2190 1715 2209 a
1732 2182 1798 2209 solis

1004 2237 1217 2272 imperatoribus
1232 2240 1367 2270 suscrptaa
1382 2238 1456 2263 sunt,
1473 2237 1555 2266 atque
1582 2231 1684 2257 idcirco
1711 2229 1798 2256 sacris

1005 2283 1154 2318 Scripturis
1173 2283 1231 2310 sive
1255 2281 1409 2309 canouibus
1426 2286 1479 2305 non
1500 2277 1699 2312 praevalebunt.

190 2337 315 2364 ΚΕΦΔΛ.
332 2337 369 2364 1".
383 2350 418 2356 —
436 2336 506 2370 Περὶ
521 2335 574 2363 τοῦ
587 2335 792 2370 φυλάττεσθαι
811 2334 844 2360 τὸ
863 2333 935 2368 ἄγρα

1041 2329 1156 2358 CAPUT
1174 2322 1217 2356 Ill.
1238 2343 1273 2348 —
1290 2327 1324 2355 Ut
1350 2326 1511 2354 consuetudo
1533 2322 1714 2350 ecl-lesiaslira
1748 2328 1799 2346 non

151 2394 213 2421 φον
231 2384 490 2418 ἑκκλησιαστικι¹ν
512 2383 581 2415 ἔθος
594 2383 635 2415 ὡς
646 2382 752 2416 νόμον,
769 2380 877 2407 καῑὸτι
894 2380 949 2406 οὐκ

152 2432 267 2466 ἔχομεν
296 2429 434 2465 ἀνάγκην
462 2428 626 2463 φυλάττειν
648 2427 685 2453 τὰ
711 2426 765 2453 τοῦ
791 2423 952 2452 Μωσαῑκοῦ

152 2479 260 2512 νόμου.

193 2524 306 2551 Συνόδου
318 2526 344 2556 ς’
360 2522 450 2549 κανὼν
465 2525 520 2548 πα¹.
535 2521 676 2551 Βασίλειος
688 2519 743 2546 ἀπὸ
755 2519 804 2553 τῆς
815 2518 882 2553 πρὸς
896 2517 953 2544 Διό-

154 2570 242 2605 δωρον
254 2568 408 2602 ἐπιστολῆς,
429 2567 477 2593 καὶ
487 2568 519 2593 ὲκ
535 2566 581 2592 τοῦ
597 2566 648 2597 κζ’,
665 2565 713 2591 καὶ
724 2565 755 2590 ὲκ
769 2563 815 2590 τοῦ
831 2564 871 2589 κο’
890 2570 952 2595 κεφ.

155 2617 211 2643 τῶν
234 2615 303 2651 πρὸς
334 2613 507 2649 Ἀμφιλόχισν
534 2611 682 2639 ἐπιστολῶν
712 2612 776 2646 περὶ
800 2610 847 2636 τοῦ
875 2610 953 2643 ἁγίου

158 2662 328 2696 Πνεύματος.

195 2708 350 2743 Κείμενον.
371 2707 428 2734 Καὶ
445 2706 492 2732 ἐπὶ
504 2704 552 2733 τοῦ
573 2703 712 2732 πολιτικοῦ
728 2703 822 2739 νόμου,
842 2711 867 2730 κ,
886 2711 910 2729 τ.
928 2702 952 2729 λ.

159 2763 247 2790 usque
263 2754 296 2782 ad
310 2754 360 2790 τὴν
373 2753 528 2788 συνήθειαν.

196 2803 336 2837 Σχόλιον.
353 2800 389 2827 Τὸ
402 2800 422 2826 δ’
434 2800 571 2834 διάταγμα
580 2797 628 2825 τοῦ
638 2800 662 2831 γ’
674 2797 727 2823 τίτ.
749 2795 797 2823 τοῦ
810 2799 833 2822 α’
853 2794 957 2830 βιϐλίου

160 2849 215 2876 τῶν
239 2847 392 2881 Διατάξεών
413 2847 472 2873 ἑστι
495 2845 597 2880 βιϐλίον
609 2844 665 2871 τῶν
680 2842 833 2870 Βασιλικῶν
854 2841 886 2876 β’,
903 2842 955 2868 τίτ.

162 2899 197 2928 α’,
211 2903 271 2930 κεφ.
291 2897 347 2929 μα’,
359 2893 430 2920 οὕτω
441 2892 519 2927 λέγον
528 2900 534 2907 ’
547 2891 614 2927 Περὶ
627 2887 664 2917 ὧν
677 2890 813 2925 ἔγγραφος
827 2888 856 2914 0'3
869 2888 958 2914 κ;ῖται

1004 2375 1105 2409 scripta
1120 2378 1248 2404 seruetur,
1263 2377 1293 2399 ut
1309 2372 1360 2398 lex.
1384 2370 1417 2396 Et
1432 2369 1506 2404 quod
1517 2375 1620 2394 necesse
1633 2373 1684 2392 non
1700 2365 1732 2391 sit
1749 2371 1800 2390 ser-

1003 2429 1065 2448 vare
1081 2421 1151 2456 leges
1170 2418 1317 2445 Mosaicas.

1041 2513 1158 2541 Concilii
1182 2512 1252 2540 sexti
1274 2518 1365 2539 canon
1391 2509 1436 2542 8|,
1451 2507 1569 2536 Basilius
1587 2514 1619 2533 ex
1637 2503 1752 2539 epistola
1768 2501 1801 2528 ad

1009 2560 1157 2587 Diodorum
1203 2563 1230 2585 et
1261 2565 1292 2584 ex
1310 2563 1371 2590 cap.
1394 2555 1429 2582 ‘27
1457 2559 1485 2581 et
1510 2553 1545 2580 ‘29
1573 2551 1751 2586 epistularum
1768 2547 1802 2573 ad

1010 2604 1245 2640 Amphilochium,
1262 2602 1296 2629 de
1313 2601 1416 2636 Spiritu
1431 2604 1538 2627 sancto.

1048 2697 1156 2725 Toxlus.
1177 2695 1210 2723 Et
1223 2696 1249 2722 in
1264 2695 1327 2729 jure
1356 2693 1428 2721 civili
1445 2690 1615 2720 consuetudo
1628 2693 1693 2716 ctc..
1711 2692 1801 2720 uulua,

1010 2744 1045 2772 ad
1057 2742 1283 2771 consuetudmem
1298 2738 1524 2775 transgredituur,
1541 2741 1568 2763 ut
1584 2743 1645 2770 pag.
1666 2732 1729 2759 466.

1049 2790 1195 2819 Scholium.
1225 2789 1363 2823 Digestnm
1390 2787 1417 2819 -ί,
1435 2787 1477 2812 tit.
1493 2785 1521 2815 5,
1537 2784 1585 2810 lib.
1611 2789 1616 2808 I
1645 2779 1745 2814 Digest.
1766 2781 1810 2805 cst

1013 2839 1060 2866 lib.
1089 2837 1175 2864 Basil.
1190 2845 1219 2868 ιι,
1234 2836 1274 2862 Iit.
1297 2844 1316 2867 ι,
1335 2843 1396 2868 cap.
1409 2833 1455 2864 M,
1473 2830 1545 2866 quod
1561 2829 1600 2857 sic
1618 2828 1678 2854 ait:
1698 2827 1735 2853 De
1747 2825 1810 2860 qui-

1016 2888 1066 2914 bus
1081 2883 1174 2912 cattsis
1194 2883 1267 2910 nulla
1288 2882 1390 2916 scripta
1406 2880 1448 2907 lex
1465 2883 1516 2911 est,
1538 2875 1672 2904 custodiri
1702 2875 1812 2908 oportet
