1956 3049
168 155 222 188 983

735 150 869 182 PHOTII
887 149 1142 180 PATB‘IARCHE
1161 148 1216 180 CP.

1764 149 1821 180 984

170 217 261 239 mores
275 214 301 238 et
316 206 551 237 consuetudinem.
567 205 646 240 Quod
671 205 694 234 si
715 205 775 233 haec
802 204 962 237 defecerint.

1033 203 1108 238 ὀμος,
1120 202 1342 238 παραφυλάττειν
1351 203 1394 230 δεῖ
1406 202 1437 230 τὸ
1451 202 1525 236 ἔθος,
1537 203 1584 230 καὶ
1598 203 1649 240 τὴν
1663 204 1820 240 συνήθεια-ι.

168 256 293 292 proxima
306 254 455 291 proposita:
465 252 612 289 quaestioni
626 251 727 280 similia
736 255 801 279 sunt
814 249 962 285 sequenda.

170 302 200 330 Si
216 310 250 329 ne
269 302 329 329 lucc
342 300 452 336 quidem
470 298 660 332 inveniantur,
676 301 742 325 tunc
763 297 810 332 jus
824 304 879 332 quo
899 296 964 324 urbs

169 348 258 376 Roma
274 347 372 379 utitur,
389 345 494 374 servari
520 347 637 380 oportet.
664 343 697 370 Et
714 343 799 370 them.
813 341 841 375 2,
859 341 964 370 invete-

170 398 230 422 rata
247 392 419 422 consuetudo
431 399 481 428 pro
494 391 553 427 lege
567 389 732 418 custoditur.

207 475 289 502 Aliud
312 474 451 502 scholium.
476 472 572 506 Quaere
593 472 611 500 6
625 472 710 500 them.
725 479 786 506 cap.
807 472 853 505 Η,
872 471 928 505 tit.)
941 471 969 504 ί,

170 523 259 554 lib.n,
273 521 345 557 qttod
357 520 413 548 ait:
429 519 664 553 Quemadmodum
683 519 748 545 latio
768 518 834 553 legis
857 517 927 554 [aut]
942 517 968 544 in

170 568 272 603 scripta
301 566 427 598 refertur,
442 569 489 593 aut
517 573 571 592 non
595 564 723 596 refertur,
748 563 785 591 ita
809 564 868 598 ejus
887 564 969 591 etiam

169 614 310 650 abrogatio
325 615 385 647 aut)
397 620 444 647 per
457 612 543 647 legem
559 610 690 646 scriptam
707 610 747 649 lit.
770 614 817 636 aut
829 618 882 637 non
900 610 971 637 scri-

169 666 257 696 ptam,
271 660 298 688 id
311 665 422 694 est.per
434 658 653 686 desuetudinem.
665 656 698 684 Et
717 664 777 692 cap.
789 656 844 684 ης
860 656 897 683 De
910 657 972 692 qui-

169 709 222 736 bus
248 707 341 736 causis
359 707 403 734 lex
423 706 524 741 scripta
545 713 598 732 non
612 709 663 737 est,
683 705 834 731 inveterata
853 711 939 730 consu
957 717 972 724 -

171 755 237 782 tudo
249 762 300 790 pro
312 754 370 788 lege
385 754 466 781 valet.
481 753 516 780 Et
534 759 594 787 cap.
610 751 655 778 43.
674 749 751 777 Tunc
765 750 881 784 alicujus
896 749 973 777 urbis

171 805 219 828 ant
239 800 362 835 regionis
381 798 581 827 consuetudine
609 796 724 828 utimur,
739 794 851 830 quando
867 795 892 822 in
916 795 974 822 dis-

172 846 354 881 ceptationem
371 849 477 876 vocata.
492 844 519 871 in
545 843 650 878 judicio
663 843 770 870 ﬁrmata
789 846 842 869 est.
858 840 891 868 Et
912 848 974 876 cap.

1015 249 1047 275 Εἰ
1060 249 1087 275 δὲ
1101 248 1237 275 καὶτοῦτο
1248 248 1378 281 ἐλλείπει,
1392 249 1556 276 ἀκολουθεῖν
1570 251 1628 281 τοῖς
1638 249 1822 285 πλησιάζουσι

1020 297 1068 324 καὶ
1083 297 1186 324 ἐοικόσι
1198 297 1237 332 τῷ
1252 297 1424 333 ζητουμένῳ.
1444 297 1475 324 El
1496 297 1525 325 δέ
1544 298 1613 333 μήτε
1627 297 1715 325 ταῦτα
1730 299 1823 335 εὑρίσ-

1017 352 1108 377 κεται,
1124 343 1185 371 τότε
1200 343 1231 370 τὸ
1247 343 1364 378 νόμιμον
1380 340 1457 377 ᾧτινι
1473 344 1490 379 ὴ
1506 343 1601 379 Ῥώμη
1625 344 1758 380 κέχρηται
1770 355 1824 381 φυο

1018 389 1126 417 λάτιειν
1139 389 1189 421 δεῖ,
1207 389 1254 416 καὶ
1266 389 1339 425 θέμα
1355 389 1377 425 β’
1398 390 1415 425 ἡ
1431 389 1534 416 παλαιὰ
1550 390 1681 426 συνήθεια
1700 392 1760 419 ἀντὶ
1774 392 1822 420 νό-

1021 444 1072 471 μου
1087 435 1261 470 φυλάττεται,

1058 481 1115 507 Καὶ
1140 480 1212 516 θέμα
1222 484 1249 513 ς’
1262 481 1357 516 ὥσπερ
1376 482 1394 516 ὴ
1417 480 1491 514 θέσις
1514 481 1561 508 τοῦ
1586 481 1670 517 νόμου
1685 482 1825 518 ἔγγραφος

1021 525 1069 553 καὶ
1085 526 1208 562 ἄγραφός
1236 528 1306 559 ἐστι,
1323 526 1396 554 οὕτω
1414 528 1463 554 καὶ
1490 528 1506 563 ὴ
1524 528 1663 564 ἀναίρεσις
1687 529 1703 564 ἢ
1728 529 1762 556 δι’
1777 530 1825 564 ἐγι

1022 572 1130 608 γράφου
1145 573 1250 608 γίνεται
1258 573 1341 608 νόμου
1357 574 1375 609 ἢ
1390 573 1424 601 δι’
1446 574 1583 610 ἀγράφου,
1603 574 1676 601 τοῦτ’
1698 575 1756 602 ἐστι
1774 576 1826 612 τῆς

1022 619 1167 654 ἀκρησίας.
1194 619 1249 646 Καὶ
1264 628 1328 654 κεφ.
1353 618 1418 655 μβ’,
1443 620 1461 655 ἡ
1485 620 1580 655 μακρὰ
1605 620 1736 656 συνήθεια
1763 621 1827 648 ἀντὶ

1023 664 1107 700 νόμου
1128 666 1225 701 κρατεῖ
1243 666 1274 692 ἐν
1295 662 1336 698 οἷς
1359 666 1411 693 οὐκ
1429 666 1503 694 ἐστιν
1526 667 1676 702 ἔγγραφος,
1693 667 1741 694 καὶ
1760 676 1824 702 κεφ,

1028 711 1072 746 μγ¹
1096 711 1158 738 τότε
1181 712 1342 748 κεχρήμεθα
1366 714 1400 749 τῇ
1425 713 1555 749 συνηθείᾳ
1578 713 1651 745 τινὸς
1677 712 1782 745 πόλεως
1808 713 1827 749 ἢ

1025 757 1171 793 ἐπαρχίας,
1184 758 1229 785 ὅτε
1242 758 1489 796 ἁμφισϐητηθεϊσα
1500 760 1529 787 ἐν
1539 759 1707 795 δικαστηρίῳ
1719 760 1830 787 ἐϐεϐαι-

1025 803 1093 838 ώθη,
1111 803 1159 831 καὶ
1175 813 1239 839 κεφ.
1257 805 1309 840 μδ’,
1325 805 1420 832 καὶτὰ
1435 806 1531 842 μακρᾷ
1555 805 1687 842 συνηθείᾳ
1710 806 1827 842 δοκιμα-

1028 849 1140 881 σθέντα.
1165 851 1213 877 καὶ
1235 852 1283 878 ἐπὶ
1300 852 1408 884 πολλοῖς
1428 853 1563 884 ἐνιαυτοῖς
1582 852 1754 888 φυλαχθέντα
1778 852 1830 888 οὐχ

172 892 208 920 44
225 901 231 919 :
254 891 321 925 Quae
341 891 421 926 longa
441 890 640 918 consuetudine
655 888 830 924 comprobata
853 891 928 919 sunt,
945 895 977 915 ac

1033 890 1110 930 ἧττον
1124 895 1179 922 τῶν
1198 896 1347 931 ἐγγράφων
1363 896 1506 932 κρατοῦσι,
1523 896 1572 924 καὶ
1587 885 1720 932 κειρίμεπ
1732 897 1770 929 ὼς
1785 885 1831 924 to:

171 946 222 974 per
237 939 339 966 multos
353 946 439 966 annos
454 940 611 970 observata,
640 944 695 964 non
711 935 804 963 minus
819 943 902 970 quam
919 934 976 972 [ea,

172 987 246 1024 quae]
259 987 359 1023 scripta
373 986 450 1024 [sunt
468 986 544 1023 jura]
566 990 723 1014 servantur.
738 985 772 1012 Et
785 991 847 1020 cap.
863 983 918 1012 45:
940 982 976 1011 Ut

172 1042 234 1069 quae
248 1034 275 1061 in
293 1037 400 1062 tantum
418 1033 529 1068 probata
558 1032 624 1065 sint,
644 1036 674 1059 ut
686 1038 741 1058 non
765 1029 848 1057 fuerit
863 1037 975 1058 necesse

174 1080 280 1115 scripto
299 1078 541 1114 comprehendere.
553 1077 587 1105 Et
603 1085 664 1112 cap.
676 1077 711 1105 46
727 1085 735 1105 :
749 1076 777 1104 ln
788 1076 876 1111 legum
895 1076 979 1103 inter-

1027 938 1107 966 σοῦτο
1119 939 1322 975 δοκιμασθέντα
1332 940 1403 968 ὥστε
1416 942 1465 968 καὶ
1479 942 1516 977 μὴ
1529 941 1659 978 δεηθῆναι
1673 942 1828 978 ἐγγράφου,

1026 986 1074 1012 καὶ
1089 994 1152 1021 κεφ.
1169 985 1218 1021 με’
1230 987 1259 1014 ἐν
1273 988 1306 1023 τῇ
1323 988 1377 1014 τῶν
1387 988 1477 1023 νόμων
1489 988 1634 1024 ἑρμηνείᾳ,
1647 989 1681 1024 τῇ
1694 987 1829 1023 συνηθείᾳ

1025 1031 1066 1058 δεῖ
1082 1031 1227 1068 προσέχειν
1244 1033 1295 1068 τῆς
1319 1033 1436 1065 πόλεως,
1460 1034 1509 1060 καὶ
1531 1042 1595 1068 κεφ.
1618 1032 1673 1069 μζ,
1686 1033 1734 1061 καὶ
1752 1034 1830 1066 ὅπως

1033 1077 1080 1103 ἐπὶ
1094 1077 1148 1104 τῶν
1167 1078 1269 1112 ὁμοίων
1283 1078 1328 1106 διὰ
1342 1079 1442 1111 παντὸς
1450 1079 1598 1115 ἐψηφίσθη.

174 1126 328 1161 pretatione
354 1125 473 1153 civitatis
502 1125 672 1152 consuetudo
701 1123 942 1151 animadvertenda
966 1128 1018 1152 est.
1050 1123 1083 1152 Et
1101 1133 1161 1161 cap.
1176 1126 1210 1154 47
1231 1135 1238 1153 :
1258 1126 1470 1163 [inspiciendum
1504 1126 1611 1163 etiam,]
1627 1126 1766 1162 quomodo
1800 1127 1829 1154 in

172 1173 312 1201 similibus
326 1178 458 1208 perpetuo
472 1171 625 1207 judicatum
648 1171 695 1200 sit.
723 1172 732 1203 ξ

211 1220 296 1247 Docet
320 1227 403 1255 porro
423 1219 590 1254 Stephanus,
610 1226 672 1253 cap.
689 1218 737 1252 42,
757 1217 890 1253 quiddam
904 1217 976 1252 opti-

174 1273 264 1297 mum.
277 1269 305 1293 et
318 1273 379 1300 qua:
392 1265 466 1292 circa
482 1263 711 1292 consuetudinem
727 1271 782 1291 non
793 1263 922 1298 scriptam
934 1263 975 1290 di-

175 1312 291 1340 versitas
312 1316 434 1346 apparet,
455 1311 546 1339 solvit:
567 1310 701 1338 Diuturna
719 1309 892 1337 consuetudo
919 1309 975 1345 (in-

175 1357 285 1391 quiens)
297 1361 362 1384 tunc
370 1361 400 1383 ut
411 1355 454 1383 lex
463 1355 543 1387 valet,
556 1355 667 1390 quando
675 1354 728 1389 legi
745 1355 855 1389 scripta:
867 1361 922 1381 non
933 1361 976 1380 re-

174 1406 288 1438 pugnat.
305 1402 400 1438 Neque
415 1409 481 1429 vero
493 1401 545 1429 hoc
558 1401 604 1428 ﬁni
617 1401 751 1437 praemissi
765 1399 862 1435 digesti
875 1399 976 1427 adver—

177 1450 231 1477 sari
250 1450 403 1477 existimes.
421 1449 478 1477 lllic
503 1449 577 1476 enirn
597 1449 631 1476 de
650 1448 832 1476 desuetudine
850 1448 976 1483 loquens,

177 1496 252 1532 quod
265 1497 309 1524 illa
320 1497 406 1531 legem
419 1496 507 1532 possit
522 1496 665 1530 abrogare,
682 1495 748 1523 dicit
765 1505 772 1523 :
800 1495 845 1522 hic
864 1502 930 1522 vero
944 1493 978 1521 de

176 1543 378 1571 consuetudine
401 1543 523 1582 loquitur
538 1543 642 1575 dicens,
660 1542 733 1578 quod
749 1541 919 1569 consuetudo
932 1541 978 1576 jus

176 1597 280 1617 nOVnm
290 1597 344 1617 non
353 1580 514 1623 introducit,
522 1590 543 1617 si
553 1588 639 1617 veteri
646 1587 762 1624 cuipiam
772 1588 823 1624 legi
838 1591 977 1623 repugnet.
993 1579 1015 1609 (ἶ

176 1635 250 1664 Fieri
257 1636 329 1664 enim
337 1641 436 1670 potest,
443 1641 470 1663 ut
483 1643 531 1671 per
537 1635 744 1663 desuetudinem
753 1635 814 1669 jure
823 1634 916 1669 aliquo
925 1641 977 1661 non

176 1687 290 1711 utamur
304 1692 310 1710 :
324 1691 377 1710 non
388 1687 491 1716 autem,
502 1681 677 1710 utcontrario
685 1681 768 1709 modo
779 1685 898 1708 utamur.
910 1680 979 1708 Nota

180 1730 266 1765 igitur
279 1730 350 1757 hanc
361 1729 529 1760 doctrinam,
547 1733 578 1756 ut
590 1735 651 1763 quae
667 1733 694 1755 ct
711 1727 833 1762 speciosa
848 1726 894 1759 sit,
909 1732 936 1753 et
951 1726 977 1753 in

178 1774 289 1809 iudiciis
304 1773 502 1809 irequentetur.
515 1772 610 1801 Const.
629 1773 655 1805 1,
669 1772 697 1804 ‘2,
712 1771 738 1804 5,
755 1772 795 1799 tit.
815 1771 861 1805 52,
872 1771 918 1798 lib.
931 1779 979 1798 vnt

181 1821 253 1849 Cod.
265 1821 292 1848 in
307 1821 390 1848 Basil.
409 1821 507 1855 positze
528 1827 581 1847 non
599 1823 673 1847 sunt.
686 1819 823 1853 Digestum
837 1826 900 1846 vero
917 1817 979 1849 102,

182 1868 215 1895 tit
225 1867 269 1900 17,
282 1867 327 1894 lib.
339 1875 355 1894 ι.
367 1867 467 1901 Digest.
479 1870 521 1894 est
534 1871 616 1901 caput
626 1866 685 1899 n+5,
702 1866 743 1893 tit.
758 1866 785 1896 5,
799 1865 847 1892 lib.
864 1873 884 1893 tt
897 1865 979 1893 llasil.

181 1915 254 1950 quod
273 1914 314 1942 sic
333 1914 436 1942 habet:
464 1913 548 1949 Egre
576 1914 699 1948 quidem,
722 1918 751 1941 at
774 1912 872 1949 [certe]
890 1917 980 1940 tamen

182 1960 311 1995 aequitate
323 1960 450 1995 exigente
465 1963 606 1987 mutamus
621 1959 864 1987 consuetudinem.
879 1958 980 1986 Verum

181 2011 213 2035 tu
247 2007 318 2034 hanc
336 2007 441 2042 legem,
468 2006 620 2034 secundum
647 2006 822 2041 postmodum
853 2005 980 2040 praesenti

183 2053 250 2081 huic
265 2052 283 2080 '5
300 2061 361 2088 cap.
372 2051 514 2089 [insertas]
529 2052 603 2087 leges
615 2053 807 2087 interpretare,
825 2056 909 2087 atque
925 2051 980 2084 dic,

184 2105 242 2127 tum
255 2099 519 2135 propter-utilitatem
531 2098 653 2134 aliquam
674 2098 905 2126 consuetudinem
920 2106 981 2124 mn-

184 2146 249 2179 tari,
263 2145 375 2180 quando
400 2146 427 2172 in
443 2145 550 2179 judicio
570 2145 732 2172 confirmata
745 2153 799 2172 non
814 2149 858 2171 est
876 2154 882 2172 :
901 2143 982 2180 [alio-

184 2192 232 2227 qui
267 2191 342 2228 vero]
372 2196 503 2226 tanquam
527 2191 616 2226 legent
652 2191 783 2226 scriptam
823 2190 980 2217 valituram.

183 2237 334 2274 Propterea
356 2238 428 2265 enim
449 2237 494 2265 hic
518 2237 656 2272 adjectum
673 2241 738 2264 est:
761 2235 845 2271 tEgre
858 2235 982 2271 quidem,

185 2289 305 2311 attamen
332 2285 461 2319 aequitate
486 2283 613 2320 exigente
635 2283 865 2312 consuetudinem
884 2283 986 2310 immu-

187 2335 290 2358 tamus.
305 2329 365 2358 Non
380 2335 423 2358 est
441 2331 484 2358 lex
509 2331 622 2366 scripta,
641 2338 703 2366 quae
723 2334 838 2362 statuat,
852 2330 914 2357 utsi
930 2337 985 2364 qua

186 2375 298 2403 tonderi
324 2381 408 2411 atque
438 2376 588 2404 divortium
609 2375 700 2403 facere
715 2383 778 2403 cum
795 2375 894 2403 marito
909 2375 984 2408 velit,

187 2429 224 2449 ne
239 2420 385 2449 confestim
409 2421 558 2449 tondeatur
581 2430 588 2449 :
614 2422 662 2450 sed
681 2422 708 2449 in
724 2422 922 2450 monasterium
936 2422 986 2449 ab-

188 2467 318 2501 ducetur,
334 2471 362 2495 et
376 2468 508 2496 trimestri
532 2469 621 2504 spatio
643 2470 813 2505 exploretur,
827 2469 901 2505 [num
916 2468 986 2497 forte

188 2515 217 2542 in
240 2513 313 2550 [ipso
326 2514 412 2551 velut]
429 2524 525 2551 pugna:
546 2516 624 2544 initio
650 2521 793 2544 tonsuram
812 2516 985 2552 deprecetur.

187 2562 243 2590 Sed
261 2571 293 2590 ex
322 2563 453 2599 inscripta
473 2565 683 2598 consuetudine,
701 2564 987 2600 saapcnumeroinju-

188 2608 263 2636 dicio
280 2609 391 2643 probata
407 2614 434 2637 et
448 2609 611 2638 conﬁrmata
631 2616 773 2646 receptura
788 2615 843 2644 est,
860 2619 894 2638 ne
909 2611 987 2638 aliter

189 2657 299 2684 mulieri
327 2662 440 2685 tonsura
469 2659 664 2693 permittatur,
683 2667 765 2694 quam
789 2659 812 2688 si
846 2664 908 2694 post
933 2665 988 2687 tres

188 2710 300 2731 menses
319 2703 488 2738 interrogata
514 2704 560 2737 sit,
575 2711 610 2731 an
634 2704 663 2731 in
680 2704 733 2732 hoc
751 2704 823 2731 bono
849 2704 988 2739 proposito

188 2757 354 2785 permanere
366 2749 466 2787 [velit].
485 2749 524 2781 Ac
541 2749 632 2787 [sane]
656 2751 707 2778 hac
721 2751 755 2778 de
776 2758 806 2778 re
825 2757 919 2778 coram
937 2751 989 2778 im-

189 2798 329 2832 peratorio
356 2797 487 2825 tribunali
517 2797 649 2834 [abunde]
676 2797 745 2825 satis
771 2802 906 2825 certatum
934 2802 986 2825 est.

186 2843 258 2871 Cum
276 2844 350 2871 enim
362 2844 440 2872 multi
455 2844 588 2876 dicerent.
610 2845 709 2872 debere
732 2843 865 2881 [cuidam]
880 2844 986 2872 mulieri

190 2888 276 2917 ﬂavos
293 2891 358 2918 istos
377 2892 469 2919 crines
487 2890 633 2920 confestim
653 2891 806 2924 dctonderi,
819 2891 891 2927 quod
915 2890 987 2918 ﬁrmi

1070 1220 1196 1248 Διδάσκει
1217 1220 1246 1248 δέ
1261 1222 1276 1248 ὁ
1292 1221 1428 1255 Στέφανος
1451 1221 1482 1248 ἐν
1502 1220 1541 1256 τῷ
1559 1220 1604 1256 μβ⁹
1617 1229 1681 1255 κεφ.
1701 1220 1831 1248 διδασκαι

1032 1265 1092 1292 λίαν
1107 1266 1233 1302 ἀρίστην,
1259 1266 1306 1294 καὶ
1324 1266 1382 1294 λύει
1396 1267 1447 1298 τὰς
1460 1266 1526 1302 περὶ
1534 1266 1661 1302 ἀγράφου
1684 1267 1831 1302 συνηθείας

1029 1312 1261 1346 ἐναντιοιρανείας,
1270 1313 1358 1347 λέγων
1368 1312 1466 1346 οὕτως,
1481 1312 1514 1339 Ἡ
1523 1311 1617 1348 χρονία
1627 1312 1756 1348 συνήθεια
1768 1313 1831 1339 τότε

1030 1358 1069 1389 ὡς
1083 1358 1166 1393 νόμος
1180 1360 1286 1394 κρατεῖ,
1297 1359 1343 1385 ὅτε
1358 1358 1397 1394 μὴ
1414 1358 1546 1393 ἐγγράφῳ
1560 1358 1728 1394 διαμάχηται
1742 1358 1829 1393 νόμῳ.

1032 1405 1087 1432 Καὶ
1104 1404 1142 1440 μὴ
1154 1405 1248 1440 νόμιζε
1257 1404 1337 1432 τοῦτο
1345 1405 1467 1432 ἐναντίον
1478 1403 1550 1432 εῖναι
1562 1404 1602 1440 τῷ
1613 1405 1685 1432 τέλει
1698 1404 1746 1431 τοῦ
1759 1413 1829 1440 προ-

1032 1451 1162 1483 λαϐόντος
1174 1451 1372 1487 διατάγματος.
1388 1451 1462 1478 Ἐκεῖ
1477 1451 1528 1487 μὲν
1543 1451 1598 1487 γὰρ
1608 1451 1673 1486 περὶ
1686 1450 1831 1486 συνηθείας

1032 1497 1121 1532 λέγον,
1132 1497 1217 1533 φησὶν
1225 1498 1266 1525 ὅτι
1277 1498 1388 1525 δύναται
1398 1498 1467 1532 αὐτὴ
1476 1498 1559 1533 νόμον
1567 1497 1682 1525 ἀνελεῖν.
1699 1497 1832 1524 Ἐνταῦοα

1032 1544 1060 1570 δὲ
1074 1545 1138 1579 περὶ
1148 1544 1292 1580 συνηθείας
1303 1545 1369 1579 φησὶ
1377 1545 1424 1570 καὶ
1431 1543 1506 1578 λέγει
1516 1544 1557 1570 ὅτι
1565 1543 1715 1571 καινδνοῦκ
1725 1543 1832 1576 εἰσάγει

1033 1590 1147 1625 νόμιμον
1183 1590 1199 1625 ὴ
1232 1589 1364 1625 συνήθεια
1396 1593 1420 1616 ει
1450 1589 1560 1625 παλαιῷ
1589 1598 1642 1616 τινι
1668 1589 1745 1625 νόμῳ
1778 1589 1832 1624 μά-

1034 1643 1126 1670 χηται,
1161 1634 1291 1671 νομίμῳ,
1333 1635 1364 1662 οὺ
1409 1635 1458 1671 μὲν
1492 1635 1623 1667 ἐναντίως
1668 1634 1833 1670 κεχρῆσθαι.

1034 1681 1154 1709 Δυνατὸν
1171 1680 1222 1716 μὲν
1233 1681 1288 1717 γάρ
1301 1681 1334 1708 ἐκ
1350 1681 1401 1717 τῆς
1413 1681 1581 1716 ἀσυνηθείας
1608 1681 1645 1717 μὴ
1667 1680 1833 1716 κεχρῆσθαι.

1035 1728 1192 1764 Σημείωσαι
1220 1726 1267 1756 οὖν
1294 1728 1344 1764 τὴν
1372 1728 1503 1764 τοιαύτην
1532 1728 1709 1756 διδασκαλίαν
1727 1727 1834 1763 ὡραίαν

1034 1772 1128 1808 οὖσαν,
1144 1775 1192 1803 καὶ
1206 1776 1235 1802 ἐν
1253 1776 1311 1807 τοῖς
1325 1775 1514 1811 δικαστηρίοις
1523 1774 1724 1810 συχνάζουσαν.
1745 1775 1777 1801 Ἦ
1795 1773 1831 1806 α’,

1036 1821 1058 1856 β’
1074 1823 1121 1848 καὶ
1131 1820 1155 1856 γ’
1169 1821 1290 1855 διάταξις
1303 1821 1350 1848 τοῦ
1365 1821 1405 1856 νβ’
1416 1821 1470 1848 τίτ.
1482 1821 1530 1848 τοῦ
1542 1820 1567 1856 η’
1588 1821 1692 1857 βιϐλίου
1705 1821 1753 1848 τοῦ
1769 1821 1834 1848 Κὼ-

1034 1869 1119 1901 δικος,
1137 1869 1187 1895 οὐκ
1199 1867 1279 1902 ἐτέθη
1293 1869 1333 1900 εἰς
1350 1868 1385 1895 τὰ
1397 1867 1541 1895 Βασιλικά.
1558 1867 1591 1894 'H
1607 1867 1636 1894 δὲ
1655 1867 1695 1903 ρβ¹
1708 1867 1835 1900 διάταξις

1034 1915 1082 1942 τοῦ
1096 1913 1129 1947 ιζ’
1143 1914 1196 1942 τίτ.
1211 1914 1258 1941 τοῦ
1272 1913 1292 1942 ν’
1306 1914 1409 1949 βιὸλίου
1421 1913 1470 1941 τοῦ
1486 1914 1610 1945 Κὼδικὸς
1622 1915 1680 1940 ἐστι
1694 1922 1755 1947 κεφ.
1770 1912 1835 1948 ρπγ⁵

1038 1961 1086 1988 τοῦ
1098 1960 1123 1996 γ’
1138 1961 1192 1989 τίτ.
1209 1960 1257 1987 τοῦ
1272 1959 1295 1996 β’
1310 1960 1412 1996 βιϐλίου
1422 1960 1477 1987 τῶν
1492 1959 1646 1988 Βασιλικῶν
1660 1959 1723 1994 ἔχον
1733 1958 1835 1990 οὕτως·

1036 2008 1183 2043 Δυσχερῶς
1208 2007 1268 2042 μὲν,
1290 2007 1366 2042 ὅμως
1391 2006 1420 2033 δέ
1451 2005 1499 2033 τοῦ
1526 2004 1630 2032 δικαίου
1653 2003 1836 2035 ἀπαιτοῦντος

1035 2053 1236 2088 ἐναλλάσσομεν
1257 2052 1308 2088 τὴν
1330 2052 1484 2088 συνήθειαν.
1503 2051 1577 2086 Πλὴν
1593 2051 1625 2077 σὺ
1644 2049 1690 2076 τὸν
1713 2049 1836 2076 τοιοῦτον

1036 2100 1119 2136 νόμον
1132 2100 1269 2136 ὲρμήνευε
1286 2099 1359 2126 κατὰ
1380 2098 1443 2129 τοὺς
1459 2097 1573 2124 ὄπισθεν
1587 2095 1836 2131 καταστρωθέντας

1036 2147 1147 2182 νόμους,
1163 2147 1247 2182 ἠγουν
1260 2146 1338 2182 ἐντῷ
1354 2145 1469 2181 παρόντι
1487 2143 1511 2178 γ’
1527 2153 1604 2178 κεφ..
1622 2144 1670 2170 καὶ
1686 2143 1750 2177 λέγε
1772 2142 1835 2169 τότε

1036 2193 1086 2229 τὴν
1104 2193 1213 2229 μακρὰν
1241 2193 1386 2228 συνήθειαν
1401 2190 1615 2218 ἐναλλάσσεσθαι
1630 2191 1674 2217 διά
1691 2198 1717 2216 τι
1736 2189 1836 2225 χρήσι-

1040 2247 1089 2274 μον
1103 2239 1148 2266 ὅτε
1174 2239 1212 2274 μὴ
1237 2238 1374 2274 βεϐαιωθῇ
1392 2237 1461 2273 αὐτὴ
1483 2239 1512 2264 ἐν
1525 2236 1706 2272 δικαστηρίῳ,
1732 2235 1780 2263 καὶ
1797 2236 1837 2267 ὡς

1038 2283 1120 2319 νόμος
1130 2283 1269 2319 ἔγγραφος
1281 2283 1426 2319 κρατήσει.
1439 2283 1488 2309 Διὰ
1503 2283 1558 2318 γὰρ
1569 2282 1649 2309 τοῦτο
1658 2282 1706 2308 καὶ
1718 2281 1837 2308 ἐνταῦθα

1037 2329 1197 2366 προσέθετο,
1219 2330 1250 2357 τὸ
1265 2330 1405 2365 δυσχερῶς
1431 2330 1491 2363 μὲν,
1509 2330 1585 2364 ὅμως
1606 2329 1634 2355 δὲ
1654 2327 1701 2355 τοῦ
1728 2327 1838 2354 δικαίου

1037 2377 1219 2409 damno-W10;
1248 2377 1450 2411 ἐναλλάσσομεν
1476 2376 1525 2411 τὴν
1557 2375 1713 2410 συνήθειαν.
1743 2374 1837 2408 Νόμος

1038 2424 1162 2461 ἄγραφος
1174 2423 1224 2450 οὑκ
1240 2423 1298 2450 ἔστι
1317 2423 1502 2458 διοριζόμενος
1516 2421 1566 2456 τὴν
1586 2421 1717 2448 θέλουσαν
1731 2421 1839 2446 ἀποκα-

1039 2470 1121 2506 ρῆναι
1135 2470 1182 2497 καὶ
1197 2469 1357 2504 διαζυγῆναι
1367 2468 1414 2495 τοῦ
1428 2468 1530 2494 οἰκείου
1542 2467 1637 2503 ἀνδρὸς
1650 2467 1687 2502 μὴ
1704 2465 1840 2492 ἁπεντεῦ-

1038 2516 1084 2544 θεν
1102 2516 1309 2552 ἀποκείρεσθαι,
1332 2515 1389 2542 ἀλλ’
1411 2516 1451 2546 εἰς
1474 2514 1657 2549 μοναστήριον
1681 2512 1839 2545 ἀπάγεσθαι

1039 2564 1087 2591 καὶ
1108 2563 1152 2590 διὰ
1170 2562 1336 2598 τριμηναίου
1357 2560 1455 2595 καιροῦ
1481 2559 1690 2594 δοκιμάζεσθαι,
1719 2559 1755 2594 μή
1772 2567 1839 2584 ποτε

1039 2609 1111 2637 κατὰ
1127 2609 1282 2644 άψιμαχίαν
1294 2608 1343 2643 τὴν
1359 2608 1514 2642 ἀπόκαρσιν
1527 2606 1689 2643 ἐξῃτήσατο.
1713 2604 1793 2632 Ἀλλὰ
1810 2605 1840 2636 ἐξ

1039 2656 1164 2692 ἀγράφου
1183 2654 1328 2691 συνηθείας
1353 2653 1568 2689 δοκιμασθείσης
1585 2652 1714 2684 πολλάκις
1731 2652 1776 2678 ἐπὶ
1798 2651 1840 2677 δι-

1041 2704 1190 2739 καστηρίου
1214 2704 1260 2730 καὶ
1288 2702 1485 2738 βεϐαιωθείσης
1508 2701 1666 2736 νενόμισται
1688 2700 1727 2736 μὴ
1751 2700 1840 2731 άλλως

1040 2752 1089 2786 τὴν
1113 2751 1267 2786 ἀπόκαρσιν
1301 2748 1500 2784 ἐπιτρέπεσθαι
1522 2748 1572 2783 τῆς
1597 2747 1729 2781 γυναικὸς
1753 2747 1777 2772 εί
1802 2747 1839 2780 μὴ

1042 2796 1111 2833 μετὰ
1128 2797 1259 2833 τρίμηνον
1274 2796 1452 2831 ἐρωτωμένη,
1472 2794 1512 2829 τῷ
1528 2793 1623 2828 ἀγαθῷ
1637 2792 1725 2827 τούτῳ
1743 2791 1841 2826 σκοπῷ

1041 2843 1166 2879 ἐμμένει.
1185 2843 1240 2870 Καὶ
1254 2841 1466 2877 ἐγυμνάσθησαν
1483 2840 1517 2868 τὰ
1531 2839 1597 2875 περὶ
1611 2838 1708 2866 τούτου
1722 2837 1764 2871 ἐφ’
1779 2839 1843 2863 ἰκα-

1042 2889 1144 2917 νδνὲπὶ
1167 2888 1308 2924 βασιλικοῦ
1333 2888 1466 2922 βήματος.
1492 2884 1602 2913 Πολλῶν
1627 2884 1682 2920 γὰρ
1707 2882 1844 2918 λεγόντων
