1956 3049
108 165 161 197 985

625 160 869 194 NOMOCANON.
884 163 1003 194 —TIT.
1022 163 1048 200 Ι,
1069 163 1148 194 CAP.
1168 163 1218 201 IV,
1233 164 1270 194 .V-

1713 162 1766 196 956

109 223 227 258 ὀφείλειν
250 221 301 256 τὴν
326 220 445 255 γυναῖκα
470 220 517 248 τοῦ
541 219 774 258 Πυρρογεωργίου
803 222 909 250 ἐκείνου

967 221 1115 259 [plenique]
1128 222 1226 258 judicii
1243 227 1327 255 esset,
1347 225 1377 250 ut
1399 229 1460 257 quae
1477 220 1560 249 etiam
1578 220 1763 257 quadraginta

109 267 275 296 ἀπντεῦθεν
294 266 470 303 ἅποκαρῆναι
490 267 535 294 διὰ
555 268 596 301 τὸς
616 265 687 296 εἶναι
704 267 790 303 αὐτὴν
805 269 909 305 φρονή-

110 323 197 350 ματος
212 313 324 348 στερεοῦ
342 313 381 345 ὡς
396 314 444 340 καὶ
463 314 668 349 τεσσαράκοντα
693 314 741 350 ἐτη
758 314 851 346 οὖσαν,
871 315 909 350 μὴ

111 360 182 389 εἷναι
196 361 225 387 δὲ
247 360 330 395 νόμον
350 360 491 397 ἔγγραφον
507 361 588 396 χάριν
607 360 655 387 τοῦ
669 361 806 397 ’τριμήνου
819 362 832 388 ὁ
847 361 908 388 θεο-

110 407 224 443 στεφὴς,
251 406 410 442 κράτιστος,
433 407 482 434 καὶ
509 408 586 441 ἅγιος
607 407 686 442 ήμῶν
709 407 838 442 βασιλεὺς
860 407 910 444 τὴν

111 453 224 490 μακρὰν
248 453 395 489 συνήθειαν
421 454 592 489 κυρωθεῖσαν
606 454 645 485 ὡς
662 454 772 489 εἴρηται
793 455 856 481 ἀντὶ
867 455 910 481 νό-

111 508 163 534 μου
186 499 328 535 ἐγγράφου
354 499 474 533 ἐδέξατο,
499 500 546 526 καὶ
568 499 744 536 σημειώματι
766 500 910 536 ἐστήριξεν

109 547 180 574 ὥστε
196 546 256 573 τότε
277 546 404 581 ἄγραφος
425 546 555 581 συνήθεια
579 547 780 581 παραϐαίνεται
808 547 853 574 τοῦ
867 548 910 574 διο

110 592 191 619 καίου
205 591 402 624 ἀπαντοῠντος,
419 592 504 627 ἧγουν
515 592 613 619 αίτιῶν
627 593 817 628 προκειμένων
832 593 910 620 εὐλό-

109 647 167 673 γων
180 638 225 665 ὅτε
241 637 280 673 μὴ
302 637 455 674 ἐὸεὸαιώθη
471 638 517 673 διᾲ
538 639 703 674 δικαστικῆς
723 638 908 674 διαγνώσεως.

109 683 189 711 Εἶδον
205 684 260 720 γὰρ
272 684 320 711 καὶ
333 684 460 720 ἄγραφον
475 685 623 720 συνήθειαν
641 686 678 720 μὴ
693 685 765 712 οὓτω
773 685 908 720 κυρωθεῖ-

111 739 164 757 σαν
183 730 374 766 ἀθετηθεϊσαν.
396 731 546 766 Συνηθείας
572 732 629 766 γὰρ
653 731 738 767 οὔσης
763 732 827 764 τοὺς
855 732 910 758 ἀπὸ

110 777 207 812 ἱερέων
216 776 328 808 λαῐκοὺς
341 777 572 812 μονάσαντας,καὶ
585 777 666 810 ὄντας
676 777 808 812 πρότερον
821 785 908 804 κατα-

108 822 320 858 γεγραμμένους
336 843 344 855 ,
372 823 412 855 εἰς
432 823 571 855 διακονίας
596 824 701 860 ἱερέων,
716 823 763 850 καὶ
779 824 848 858 μετά
864 823 909 849 τὸν

111 869 217 905 μονάδα
246 869 303 905 βίον
327 869 367 904 τῷ
391 869 446 896 τῶν
475 869 620 897 διακονιῶν
650 869 907 904 συγκαταλέγεσθαι

962 276 1050 296 annos
1070 269 1182 296 haberet
1197 277 1204 296 :
1226 276 1259 296 ac
1274 276 1339 296 vero
1355 269 1429 296 nulla
1452 268 1495 296 lex
1511 268 1612 302 scripta
1623 267 1657 295 de
1671 268 1762 296 trime-

962 314 1010 342 stri
1025 313 1101 350 [isto]
1121 319 1214 348 ageret
1230 323 1237 341 :
1251 322 1266 342 a
1290 315 1345 342 Deo
1360 320 1508 342 coronatus
1519 314 1640 348 optimus
1651 317 1678 340 et
1694 321 1761 341 sau-

961 362 1022 385 ctus
1048 362 1142 385 noster
1168 358 1319 392 imperator
1345 358 1454 394 longam
1480 358 1718 391 consuetudinem,
1733 362 1764 386 ut

961 404 1064 431 dictum
1082 409 1135 436 est,
1151 404 1343 431 conﬁrmatam
1360 412 1411 440 pro
1429 405 1531 439 scripta
1555 405 1613 440 lege
1627 405 1761 439 suscepit,

962 455 1044 484 atque
1060 455 1127 478 tunc
1155 452 1283 486 tequitate
1306 451 1476 486 postulante,
1492 451 1551 479 sive
1569 451 1654 486 justis
1667 451 1761 479 causis

962 496 1121 532 propositis,
1138 504 1193 523 non
1207 497 1336 532 scriptam
1355 497 1584 524 consuetudinem
1601 497 1760 532 transgredi

962 542 1081 579 [licere],
1098 543 1209 578 quando
1236 543 1359 578 jutlieiali
1379 543 1516 571 sententia
1532 551 1587 571 non
1613 548 1655 571 est
1666 550 1763 571 corro-

962 590 1069 622 borata,
1085 590 1187 624 scripto
1214 590 1396 617 conﬁrmavit.
1417 588 1484 618 Novi
1507 595 1599 618 autem
1619 597 1674 617 non
1690 590 1762 618 scri-

962 641 1035 673 ptam
1053 636 1224 673 [quamdam]
1240 637 1481 671 consuetudinem,
1494 645 1555 673 quae
1568 637 1633 672 quia
1650 637 1689 665 ita
1699 644 1764 664 cor-

962 682 1159 717 roborata§non
1174 686 1259 714 esset,
1279 682 1420 718 reprobata
1434 682 1473 718 [et
1488 682 1601 718 rejecla]
1617 686 1669 710 est.
1695 682 1765 709 Cum

961 730 1034 757 enim
1075 729 1160 756 moris
1196 729 1318 762 fuisset,
1357 733 1388 756 ut
1422 729 1468 764 qui
1498 737 1530 755 ex
1566 728 1646 756 laicis
1673 735 1766 756 sacer-

960 775 1070 803 dotibus
1115 775 1245 802 monachi
1280 775 1346 803 l'acti
1379 780 1482 808 essent,
1515 775 1647 810 quoniam
1682 774 1761 809 prius

963 821 1116 848 ministerio
1124 821 1298 849 sacerdotum
1310 822 1422 856 ascripti
1436 821 1565 854 fuissent,
1579 826 1638 856 post
1655 821 1764 856 [susce-

961 865 1049 902 ptam]
1065 867 1149 893 vitam
1177 866 1371 894 monachicam
1399 867 1427 895 in
1445 875 1562 903 corpore
1578 866 1617 903 [et
1632 865 1761 902 collegio]

112 915 229 951 σώματι,
245 915 292 942 καὶ
309 915 379 950 μετά
393 915 496 942 λαῐκῶν
519 916 614 950 ἱερέων
635 915 906 951 συναναστρέφεσθαι

967 911 1183 939 ministeriorum
1206 916 1429 945 recenserentur,
1446 918 1474 940 et
1486 920 1549 939 cum
1568 912 1762 950 sacerdotibus

108 961 342 995 ὁποιναγιὼτατος
364 962 443 997 ἡμῶν
453 962 589 998 δεσπίιτης
608 961 704 997 κύριος
724 954 911 997 Μιχαὴλξ-τὴν

110 1007 221 1042 μακρὰν
236 1006 365 1042 τοιαύτην
378 1008 522 1043 συνήθειαν
536 1007 574 1039 ὡς
595 1007 671 1034 οὐδὲν
686 1007 843 1041 ἐλογίσατο,
863 1007 911 1034 καὶ

108 1053 255 1088 διωρίσατο
269 1054 323 1080 ἀπὸ
339 1054 429 1089 μόνων
449 1054 552 1081 λαῖκῶν
575 1054 671 1089 ἱερέων
697 1053 748 1086 τὰς
773 1052 911 1084 διακονίας

109 1099 298 1133 συνίστασθαι,
317 1100 365 1126 καὶ
382 1100 447 1132 τοὺς
473 1101 608 1135 μοναχοὺς
635 1099 710 1134 παρὰ
723 1099 784 1129 ταῖς
795 1097 911 1130 οἰκείαις

109 1145 302 1181 προσεδρεύειν
318 1146 422 1180 μονατς.
460 1144 610 1179 Συνηθείας
648 1143 733 1178 οὔσης
756 1143 820 1174 τοὺς
841 1141 909 1169 ’1ου-

107 1191 201 1223 δαίους
218 1191 378 1223 δικάζεσθαι
395 1182 471 1227 παρᾶ
488 1192 561 1226 μόνῳ
572 1190 612 1225 τῷ
624 1189 771 1225 στρατηγῴ
784 1188 832 1215 τοῦ
846 1196 909 1214 στε-

108 1238 169 1270 νοῦ,
184 1238 198 1264 ὸ
213 1238 343 1274 κραταιὸς
365 1238 413 1265 καὶ
428 1238 506 1272 ἆγιος
521 1237 601 1273 ἡμῶν
616 1236 743 1272 βασιλεὺς
762 1235 909 1270 διωρίσατο

109 1284 188 1320 παρὰ
203 1284 304 1317 παντὸς
318 1284 497 1320 δικαστηρίου
511 1284 583 1310 κατά
593 1284 693 1318 νόμους
702 1282 818 1313 τούτους
829 1281 908 1308 δικά-

109 1330 215 1363 ζεσθαι.
234 1331 289 1357 Καὶ
305 1332 320 1365 ἡ
338 1330 467 1366 συνήθεια
482 1329 612 1365 ἐλογίσθη
627 1329 693 1355 ὡσεὶ
704 1329 780 1356 οὐδὲν
792 1326 829 1364 μὴ
845 1335 909 1362 στη-

110 1377 237 1413 ριχθεῖσα
260 1377 394 1413 νομίμως.

147 1473 306 1509 Σημείωσαι
322 1472 372 1509 τὴν
389 1472 531 1508 παροῦσαν
558 1471 707 1507 ἑρμηνείαν
720 1470 800 1506 χάριν
822 1469 913 1504 ἀγρά-

110 1529 163 1555 φου
188 1519 332 1556 συνηθείας
354 1519 393 1551 ὡς
415 1518 637 1554 ἀναγκαιοτάτην
662 1517 801 1552 διαφόρων
821 1515 914 1551 νόμων

961 957 1040 984 laicis
1070 963 1302 986 conversarentur
1329 967 1336 985 :
1366 958 1641 986 sacrosanctissimus
1668 962 1763 985 noster

963 1003 994 1030 D.
1012 1003 1127 1031 Michael
1142 1004 1338 1038 hanclougam
1356 1005 1586 1032 consuetudinem
1603 1012 1654 1039 pro
1673 1004 1761 1032 nihilo

960 1052 1109 1085 reputavit,
1135 1058 1168 1079 ac
1193 1050 1281 1087 [vero]
1311 1051 1442 1085 decrevit,
1463 1055 1493 1079 ut
1516 1059 1549 1079 ex
1581 1051 1658 1079 laicis
1671 1058 1762 1079 sacer-

960 1096 1072 1124 dotibus
1084 1096 1175 1124 solutn
1194 1097 1348 1126 ministeria
1365 1098 1610 1130 constituerentur,
1631 1097 1762 1125 monachi

961 1146 1053 1170 autem
1093 1143 1122 1170 in
1152 1144 1309 1172 recessibus
1335 1145 1394 1173 suis
1423 1144 1528 1173 assidui
1557 1149 1660 1172 essent.
1692 1143 1762 1172 Cum

962 1186 1053 1225 [item]
1068 1190 1153 1217 moris
1167 1195 1250 1222 esset.
1272 1195 1303 1217 ut
1327 1190 1414 1218 Judaei
1439 1198 1532 1218 coram
1558 1190 1617 1218 solo
1636 1189 1764 1225 angipor-

963 1239 1008 1262 tus
1023 1235 1152 1271 praefecto
1168 1236 1327 1271 litigarem:
1345 1236 1466 1271 optimus
1482 1241 1565 1271 atque
1577 1240 1690 1264 sanctus
1710 1242 1763 1263 no-

964 1286 1020 1310 ster
1035 1283 1183 1317 imperator
1196 1283 1303 1314 statuit.
1319 1287 1349 1310 ut
1370 1290 1463 1310 coram
1486 1289 1652 1318 quocunque
1673 1282 1763 1309 tribu-

964 1327 1019 1354 nali
1031 1329 1182 1356 secundum
1199 1329 1272 1363 leges
1285 1336 1384 1356 causas
1395 1334 1519 1364 agerent.
1537 1329 1576 1355 Ac
1591 1328 1762 1356 consuetudo

965 1373 1099 1409 [quidem]
1113 1381 1163 1410 pro
1175 1375 1261 1402 nihilo
1276 1375 1367 1403 habita
1379 1378 1433 1409 est,
1446 1378 1476 1402 ut
1487 1381 1548 1410 quae
1571 1373 1691 1409 legitime
1705 1381 1761 1401 non

962 1421 1060 1450 fuiSset
1074 1423 1250 1450 conﬁrmata.

1003 1469 1086 1496 Aliud
1102 1471 1244 1498 scholium.
1267 1471 1337 1498 Cum
1362 1472 1455 1499 multa:
1470 1471 1544 1507 leges
1555 1473 1588 1499 de
1599 1471 1681 1506 longa
1696 1479 1765 1499 eon-

968 1517 1117 1544 suetudine
1130 1517 1323 1551 praescribant,
1336 1523 1364 1546 et
1375 1518 1427 1546 sibi
1440 1519 1556 1546 invicem
1572 1518 1763 1551 adversentur,

109 1566 177 1602 περὶ
195 1567 305 1602 μακρᾶς
328 1565 473 1600 συνηθείας
494 1564 658 1601 νομοθετούν
680 1572 745 1598 των,
769 1563 817 1591 καὶ
834 1564 910 1590 ἐναν-

967 1561 1040 1596 quod
1057 1562 1118 1589 alite
1133 1562 1237 1595 dicant,
1254 1563 1364 1598 longam
1382 1563 1608 1591 consuetudinem
1628 1562 1763 1599 [tametsi]

109 1612 264 1647 τιουμένων
274 1611 401 1647 ἀλλήλοις
412 1612 451 1643 ὼς
460 1611 515 1638 τῶν
528 1611 578 1646 μὲν
588 1611 722 1645 λεγόντων
736 1610 787 1645 τὴν
802 1608 912 1644 μακρὰν

110 1658 257 1694 συνήθειαν
275 1659 303 1685 ἐν
318 1657 486 1694 δικαστηρίῳ
504 1657 698 1693 πηριχθείσαν
714 1656 818 1691 ἄκυρον
841 1652 910 1682 εἶναι

108 1705 156 1732 ὅτε
172 1705 249 1740 νόμῳ
263 1704 432 1732 ἐναντιοῦται
447 1704 590 1739 ἐγγράφω,
598 1703 653 1731 τῶν
673 1703 701 1730 δὲ
721 1701 910 1738 παρακελευο-

111 1753 203 1787 μένων
216 1751 319 1786 ταύτην
328 1752 440 1786 κρατεῖν
452 1751 505 1778 κᾶν
531 1751 663 1786 ἐγγράφῳ
690 1748 860 1777 ἐναντιοῦται
879 1748 911 1775 τὸ

109 1798 200 1834 παρὸν
226 1798 305 1825 ἕκτον
321 1798 393 1833 θέμα
414 1798 462 1825 τοῦ
486 1797 531 1833 μη⁹
549 1806 612 1832 κεφ.
637 1796 684 1824 τοῦ
704 1796 728 1823 α’
739 1796 792 1823 τίτ.
813 1795 860 1823 τοῦ
887 1794 910 1831 β’

110 1845 217 1880 βιϐλίου
232 1844 287 1871 τῶν
296 1844 451 1871 Βασιλικῶν
460 1845 519 1871 λύει
533 1845 581 1880 τὴν
592 1844 825 1879 ἐναντιοφάνειαν,
841 1842 909 1877 φησὶ

108 1891 166 1925 γὰρ
180 1890 229 1926 τὴν
251 1890 327 1917 θέσιν
349 1890 397 1917 τοῦ
419 1890 504 1925 νόμου
517 1890 641 1926 ἄγραφον
656 1887 726 1916 εἶναι
743 1890 789 1916 καὶ
808 1889 912 1923 ἐγγρα-

109 1945 172 1971 φον,
188 1935 322 1967 ὡσαύτως
338 1937 386 1963 καὶ
407 1936 457 1971 τὴν
473 1936 614 1972 ἀναίρεσιν
633 1935 681 1961 καὶ
697 1935 746 1962 τὴν
764 1935 814 1969 μὲν
830 1934 911 1967 θέσιν

107 1983 156 2010 διὰ
179 1983 230 2017 τῆς
259 1982 312 2009 ὑπὸ
353 1982 479 2018 ἀγράφου
515 1981 662 2016 συνηθείας
692 1980 843 2016 ἀχρηστίας
873 1980 911 2012 ὡς

109 2030 231 2065 ἐπιδαρῆ
246 2030 302 2060 τοῖς
318 2029 450 2064 ὑπηκόοις
465 2029 635 2065 ἀναιρεῖσθαι
651 2027 696 2055 διὰ
711 2027 741 2054 τὸ
756 2027 911 2063 φιλάνθρω-

109 2084 181 2108 πον,
193 2075 243 2111 τὴν
262 2075 290 2101 δέ
307 2075 448 2110 ἀναίρεσιν
469 2075 513 2101 διὰ
533 2074 677 2109 συνηθείας
701 2074 761 2110 ἦτοι
784 2073 910 2108 ἀγράφου

108 2123 194 2158 νᾶμου
215 2121 253 2157 μὴ
276 2122 441 2157 ἀπρακτεῖν,
465 2121 509 2148 διὰ
539 2121 571 2147 τὸ
604 2120 792 2147 ἐναντιοῦσθαι
815 2120 910 2154 φιλαν-

110 2168 214 2204 θρώπῳ
239 2167 316 2203 νόμῳ
337 2167 408 2194 οὓτω
435 2167 517 2194 λύσον
540 2166 590 2202 τὴν
609 2167 831 2200 ἐναντιοφὰνειαν
848 2166 911 2192 ἁκο-

108 2214 215 2246 ).ο3οω;
231 2213 270 2250 τῷ
291 2213 459 2248 διαλεχθέντι
482 2213 634 2248 κεφαλαίῳ,
657 2215 690 2248 τῇ
714 2213 848 2248 ἑρμηνείᾳ
861 2212 911 2239 τοῦ

110 2261 261 2294 Στεφάνου,
282 2260 328 2286 καὶ
340 2259 379 2294 τῷ
396 2260 472 2295 νόμῳ
487 2259 526 2295 τῷ
546 2259 663 2294 λέγοντι,
683 2259 753 2296 πρὸς
772 2259 803 2286 τὸ
816 2259 906 2294 φιλαν·

109 2305 286 2341 θρωπύτερον
299 2305 363 2337 τοὺς
376 2306 476 2340 νόμους
492 2304 705 2340 ἑρμηνεύεσθαι.
720 2305 789 2341 Περὶ
803 2305 911 2340 ἐκείνης

111 2351 207 2387 μέντοι
222 2351 271 2386 τῆς
284 2351 430 2386 συνηθείας
444 2351 559 2378 ἐκϐαλοῦ
571 2350 658 2378 ταῦτα
673 2352 722 2387 τῆς
737 2353 766 2378 ἐν
781 2351 909 2387 δικαττηη

110 2400 164 2436 ριῳ
186 2398 391 2435 πηριχθείσης-

148 2445 265 2472 ΚΕΦΔΛ
287 2444 324 2472 Δ’.
349 2460 386 2466 -
400 2445 466 2472 Ὅτι
491 2446 548 2480 οὐχ
576 2446 627 2481 ὑφ’
648 2446 717 2479 ὲνύς
740 2446 911 2472 ἐπισκόπου

109 2492 181 2520 ἀλλ’
196 2491 257 2519 ὑπὸ
278 2491 334 2527 τῆς
358 2491 534 2526 κοινότητος
550 2494 577 2520 οὶ
589 2493 718 2525 κανόνες
734 2492 911 2519 ἐκτίθενται.

148 2550 290 2577 Βασιλείου
313 2550 404 2577 κανὼν
430 2549 496 2586 περὶ
519 2550 550 2576 τὸ
577 2549 654 2581 τέλος
679 2548 741 2584 μζ¹⁸
758 2548 911 2584 Γρηγορίου

109 2596 225 2632 Nam;
240 2596 304 2631 περὶ
317 2596 352 2623 τὰ
368 2596 441 2631 μέσα
456 2595 547 2623 κανὼν
563 2594 601 2628 ς’.

149 2653 275 2681 ΚΕΦΑΛ.
292 2652 375 2680 E'.-—-
395 2653 464 2687 Περὶ
485 2651 677 2688 πατριάρχῶν
696 2652 745 2679 καὶ
759 2658 911 2687 μητροπο-

108 2700 214 2733 λιτῶν,
229 2700 278 2728 καὶ
292 2700 352 2727 τῶν
361 2701 396 2727 ἐν
419 2699 538 2735 Ἀφρικῇ
564 2699 736 2735 λεγομένων
747 2698 910 2733 πριϐἀτων,

156 2746 328 2773 ’Δποετίλων
337 2745 428 2773 κανὼν
442 2745 479 2772 λδ¹
488 2753 495 2761 ο
510 2745 620 2771 συνόδου
635 2744 755 2776 Νικαίας
776 2743 869 2771 κανὼν
879 2743 911 2776 δ’,

110 2796 152 2827 ς’,
167 2791 190 2826 ζ
200 2802 206 2808 ·
228 2792 338 2819 συνόδου
356 2792 524 2827 Ἀντιοχείας
539 2791 631 2818 κανὼν
646 2791 668 2818 θ’
682 2799 689 2807 ·
713 2790 823 2818 συνόδου
838 2790 912 2817 Κων-

110 2838 364 2870 σταντινουπόὶεως
392 2838 482 2865 κανὼν
517 2838 549 2872 β’,
589 2841 632 2872 γύ
656 2838 766 2864 συνόδου
799 2837 913 2872 Ἐφέσου

109 2885 206 2913 κανὼν
219 2885 260 2921 η”
280 2885 390 2912 συνόδου
417 2885 588 2920 Xalzq'lévu;
621 2883 712 2911 κανὼν
735 2883 768 2917 0’,
785 2882 827 2917 ιζ’,
849 2886 912 2919 κη’”

969 1608 997 1634 in
1007 1607 1121 1641 iudiciis
1131 1607 1334 1641 conﬁrmatam,
1346 1616 1408 1636 esse
1425 1608 1542 1642 irritam,
1555 1608 1577 1636 si
1591 1609 1699 1643 scripm
1709 1608 1763 1643 legi

969 1657 1118 1687 repugnet;
1137 1653 1196 1679 alite
1212 1660 1278 1680 vero
1293 1652 1379 1685 illam,
1393 1652 1501 1680 etiamsi
1527 1653 1637 1687 scripta:
1651 1653 1703 1686 legi
1717 1660 1763 1679 re-

966 1701 1080 1732 pugnet,
1094 1697 1186 1724 valere
1198 1697 1333 1732 jubeant;
1350 1705 1472 1732 praesens
1485 1697 1502 1725 6
1520 1690 1622 1730 thema,
1639 1705 1700 1732 cap.
1716 1697 1763 1730 42,

965 1743 1008 1771 tit.
1036 1743 1064 1777 1,
1081 1743 1131 1771 lib.
1149 1752 1167 1771 ιι
1189 1743 1272 1772 Basil.
1291 1744 1373 1772 solvit
1389 1751 1449 1779 quae
1475 1744 1519 1772 his
1548 1744 1639 1772 inesse
1658 1744 1765 1770 videtur

966 1791 1190 1819 contrarietatem
1207 1801 1215 1819 :
1231 1792 1296 1820 latio
1309 1792 1388 1827 legis,
1401 1792 1540 1828 inquiens,
1553 1797 1599 1819 aut
1614 1792 1641 1819 in
1654 1792 1754 1827 scripta

967 1837 1096 1871 refertur,
1108 1843 1155 1865 aut
1176 1846 1230 1866 non
1256 1838 1376 1866 refertur
1394 1847 1401 1865 :
1425 1838 1503 1874 [sic]
1526 1838 1654 1866 similiter
1667 1836 1763 1874 [ejus]

965 1884 1122 1920 abrogatio.
1136 1883 1169 1911 Et
1180 1884 1315 1920 legislatio
1338 1884 1463 1920 quidem,
1478 1885 1501 1912 si
1522 1885 1614 1920 gravis
1641 1884 1761 1912 subditis

968 1929 1014 1962 sit,
1030 1929 1212 1957 humanitatis
1231 1929 1463 1965 contemplatione
1488 1937 1537 1965 per
1553 1930 1765 1958 desuetudinem

966 1983 981 2001 a
1000 1982 1055 2002 non
1074 1975 1176 2010 scripta
1207 1975 1407 2003 consuetudine
1423 1975 1588 2010 abrogatur;
1621 1976 1763 2010 abrogatio

967 2028 1032 2047 vero
1057 2028 1104 2055 per
1117 2021 1347 2049 consuetudinem
1364 2029 1414 2050 seu
1439 2021 1530 2057 legem
1549 2029 1604 2049 non
1629 2022 1761 2056 scriptam

967 2067 1055 2095 otiosa
1070 2066 1107 2104 [et
1126 2066 1214 2104 irrita]
1229 2075 1282 2095 non
1299 2067 1339 2100 iit,
1367 2072 1510 2104 propterea
1536 2067 1611 2103 quod
1636 2068 1763 2102 benigna:

967 2113 1017 2149 legi
1036 2114 1206 2142 adversetur.
1234 2113 1347 2150 [Atque]
1362 2113 1404 2142 sic
1431 2113 1564 2150 [quidem]
1585 2119 1766 2149 apparentem

968 2158 1008 2194 [in
1021 2158 1076 2195 his]
1094 2158 1317 2187 contrarietatem
1347 2159 1433 2190 solve,
1453 2166 1572 2194 sequens
1598 2158 1764 2193 explicatum

967 2210 1058 2240 caput,
1086 2205 1337 2239 interpretationem
1370 2205 1386 2231 6
1406 2205 1491 2232 them.
1516 2209 1544 2232 et
1584 2204 1670 2239 legem
1703 2211 1766 2238 quae

965 2251 1111 2287 benignius
1136 2251 1208 2286 leges
1236 2250 1457 2286 interpretandas
1472 2257 1535 2278 esse
1563 2249 1698 2285 praecipit.
1726 2248 1764 2276 De

965 2298 1102 2326 illaaulem
1119 2297 1322 2325 consuetudiue’
1342 2297 1400 2325 haec
1417 2297 1548 2333 intellige,
1569 2304 1630 2334 quae
1646 2297 1674 2324 in
1691 2296 1764 2332 judi-

965 2344 1015 2373 ciis
1034 2344 1195 2372 conﬁrmata
1210 2349 1262 2373 est.

1000 2437 1078 2466 CAP.
1100 2437 1144 2465 IV.
1162 2453 1199 2457 —
1213 2436 1291 2470 Quod
1310 2445 1362 2464 non
1379 2436 1412 2464 ab
1440 2444 1493 2464 uno
1522 2437 1662 2471 episcopo,
1683 2435 1728 2463 sed
1748 2443 1765 2462 ο

962 2485 1095 2513 communi
1108 2486 1288 2520 episcoporum
1308 2488 1374 2511 coetu
1387 2491 1501 2510 canones
1516 2482 1727 2518 promulgeutur.

997 2541 1089 2570 Basilii
1106 2549 1194 2570 canon
1217 2541 1262 2575 47,
1278 2541 1352 2569 circa
1377 2540 1471 2569 ﬁnem.
1491 2539 1617 2576 Gregorii
1645 2538 1762 2575 Nysseni

963 2596 1051 2616 canon
1063 2587 1090 2621 6,
1105 2587 1179 2615 circa
1195 2586 1328 2615 medium.

996 2645 1074 2674 CAP.
1089 2645 1122 2673 V.
1140 2660 1175 2666 —
1185 2644 1224 2672 De
1238 2644 1413 2680 patriarchis,
1429 2643 1650 2679 melropolitanis,
1667 2646 1692 2669 ει
1707 2641 1764 2677 pri-

966 2694 1032 2722 vatis
1047 2694 1158 2729 Africis,
1174 2698 1204 2720 ιιι
1218 2699 1357 2721 uocantur.

1001 2740 1196 2775 Apostolorum
1220 2747 1309 2768 canon
1329 2739 1377 2773 34,
1409 2738 1518 2767 concilii
1545 2735 1649 2765 Nicaeui
1672 2742 1762 2762 canon

966 2788 993 2820 4,
1009 2787 1036 2820 6,
1051 2787 1079 2819 7,
1093 2787 1200 2814 concilii
1215 2787 1380 2814 Antiocheni
1397 2794 1484 2814 canon
1505 2784 1550 2814 59,
1565 2782 1672 2810 concilii
1689 2780 1764 2808 Con-

967 2831 1202 2866 stantinopolitani
1215 2839 1302 2858 canon
1317 2831 1344 2862 2,
1359 2831 1392 2864 3;
1406 2829 1513 2858 concilii
1526 2826 1655 2862 Epltesini
1671 2832 1760 2852 canon

968 2878 1123 2913 8;conrilii
1138 2878 1369 2906 Chalcedonensis
1385 2885 1474 2905 canon
1491 2875 1519 2905 9.
1539 2873 1640 2906 17,29;
1652 2872 1761 2899 concilii
