1956 3049
185 146 237 178 987

769 146 901 177 PIIOTII
921 145 1174 177 PATRIARCILE
1191 147 1245 177 Cl’.

1783 146 1836 178 988

187 201 361 230 Sartliccnsis
385 210 474 231 canon
494 202 522 234 5,
537 202 564 234 4,
580 201 615 231 5:
632 201 743 230 concilii
759 201 988 236 Carthagiucnsis

1049 202 1153 228 ῖυνόδου
1168 201 1303 237 Σαρδικῆς
1330 201 1421 229 κανὼν
1437 205 1471 237 γ’,
1487 201 1518 231 δ’.
1538 201 1573 228 ε¹’
1595 202 1706 230 συνόδου
1723 201 1835 237 Καρθα-

186 256 277 275 canon
296 249 339 282 17,
355 249 408 282 59;
423 249 532 276 concilii
550 249 619 276 sexti
638 256 726 275 canon
748 249 793 279 56,
809 248 853 275 59.

224 293 339 333 Tenus;
353 295 391 322 De
411 295 508 322 ordine
525 294 756 330 patriarcharum,
773 299 817 322 etc
831 314 837 327 ,
856 302 936 329 usque
950 294 984 321 ad

186 340 343 374 provincias
359 339 423 376 [sub
440 339 480 376 se]
499 341 606 372 habeat,
624 345 652 366 ιιι
665 348 726 374 pag.
741 340 805 367 175.

222 384 369 412 Scholium.
383 385 477 413 Const.
491 386 517 418 7,
535 386 576 414 tit.
594 387 619 417 1,
635 386 682 413 lib.
696 394 703 413 t
726 386 793 414 Cod.
812 394 865 414 non
881 392 924 414 est
936 395 985 422 po-

187 431 240 458 sita
255 431 282 458 in
296 431 380 459 Basil.
398 432 493 460 Const.
512 440 576 459 vero
588 432 615 465 6,
635 433 676 460 tit.
690 433 719 465 ‘2,
731 433 855 467 ejusdem
877 434 924 460 lib.
944 439 986 461 est

186 485 248 513 cap.
263 478 278 506 6
296 479 338 506 tit.
357 479 383 511 1,
403 479 450 505 lib.
471 486 499 510 ν,
523 478 608 506 Basil.
631 479 754 514 dicitqtte
776 480 803 506 in
824 480 897 506 httnc
925 488 986 507 lno.

187 523 253 550 dttm
271 532 277 550 :
296 525 408 559 Oportet
421 525 483 551 illos
498 525 543 558 qui
564 525 590 551 in
609 525 718 561 Illyrico
737 525 771 552 de
784 524 837 561 [re]
856 526 984 560 quapiam

187 570 320 598 canenica
334 571 515 605 quaestionem
534 576 634 604 movet,
647 571 681 599 de
696 580 728 599 ca
742 571 776 598 ad
793 572 985 607 archiepisco-

186 622 250 649 pum
267 615 606 652 Constantinopolitanum
629 617 746 650 referre,
767 622 795 646 et
818 619 852 645 ab
866 619 926 654 ipso
951 619 985 646 ad

186 662 384 690 sacerdotalem
411 669 588 697 conventum,
622 665 668 699 qui
694 670 791 692 saneto
820 666 925 698 judicio
959 670 987 693 ct

187 707 279 734 divina
310 708 368 743 lege
390 707 489 745 [illam]
521 709 664 744 dijudicet.
681 710 779 737 Const.
795 710 841 743 20,
857 711 940 738 etiarn
956 715 984 738 et

185 754 223 782 24
246 755 373 789 ejusdem
391 756 433 783 tit.
449 760 477 784 et
494 756 541 783 lib.
558 757 647 791 posita
666 764 719 784 non
732 761 776 784 est
790 757 815 784 in
833 757 917 785 Basil.
935 757 988 785 Ve-

186 809 248 827 rum
260 802 371 829 constit.
387 803 414 833 2,
432 803 473 830 tit.
490 803 502 829 1
520 802 692 831 Novellarutn
709 809 750 831 est
770 803 919 831 Iustiniani
935 812 987 831 no-

187 847 256 873 vella
274 847 335 879 125,
353 847 409 884 [ac]
426 849 514 883 posita
539 849 605 885 [est]
626 850 653 876 in
671 851 720 877 lib.
743 858 772 877 Ill
790 850 873 878 Basil.
896 852 937 878 tit.
960 852 984 885 1,

186 900 247 927 cap.
278 893 305 926 9,
331 894 377 928 qui
393 896 433 922 sic
460 896 541 922 habet
557 905 564 923 :
582 895 640 923 Prae
668 897 795 924 omnibus
808 902 901 931 autem
918 898 984 925 illud

188 940 320 966 custodiri
334 940 484 972 sancimus.
502 947 531 969 ut
546 950 627 970 nemo
643 950 691 977 per
715 943 889 978 largitionem
912 945 984 976 auri,

189 989 238 1012 aut
267 986 384 1013 aliarum
404 995 496 1014 rerum
522 989 662 1015 ordittetur
684 989 844 1024 episcopus.
874 990 903 1017 Si
920 991 986 1025 quid

188 1032 242 1059 tale
265 1032 453 1068 delinquatur,
479 1040 534 1061 tant
561 1035 606 1069 qui
639 1035 723 1067 dant,
742 1043 825 1070 quant
850 1037 896 1070 qui
913 1038 987 1064 acci—

187 1078 278 1113 piunt,
293 1083 320 1106 et
349 1079 515 1107 mediatores
529 1088 638 1112 eorum,
667 1081 719 1116 ipsi
732 1082 839 1117 seipsos
856 1084 988 1110 condetu-

190 1124 295 1150 ttationi
324 1126 475 1152 secundum
510 1126 619 1153 divinas
640 1126 798 1161 Scripturas
823 1133 851 1155 et
879 1129 987 1156 divinos

190 1177 312 1198 canones
342 1171 502 1205 subjiciunt.
533 1172 571 1199 Ac
586 1178 732 1207 propterea
748 1174 839 1201 tantis
855 1175 903 1208 qui
929 1176 986 1207 dat,
1011 1166 1017 1173 ⁴

191 1224 273 1250 quam
290 1217 335 1252 qui
353 1218 462 1251 accipit.
478 1223 505 1244 et
520 1219 654 1245 mediator
669 1220 808 1248 exsistens
822 1228 837 1247 a
850 1222 982 1249 sacerdo-

191 1263 230 1290 tio
245 1268 293 1290 aut
317 1264 435 1292 clericali
461 1265 567 1293 honore
581 1271 745 1294 removetur.
760 1267 838 1300 Quod
862 1275 926 1295 vero
941 1276 990 1303 per

191 1310 264 1337 hanc
283 1317 396 1338 causam
429 1311 523 1338 datum
547 1311 642 1344 fuerit,
660 1312 697 1339 illi
724 1312 854 1340 Ecclesia:
868 1315 989 1342 vindica-

191 1361 245 1388 tor,
262 1356 342 1390 cnjtts
360 1358 544 1385 sacerdotium
560 1359 646 1386 voluit
663 1359 809 1387 redimere.
825 1360 854 1386 Si
870 1361 989 1388 munda-

163 1397 166 1399 ’
193 1410 246 1429 nus
261 1402 297 1429 sit
311 1403 357 1437 qui
371 1411 418 1438 per
449 1404 520 1431 hanc
534 1412 647 1432 causam
663 1406 774 1440 accipit,
789 1411 837 1433 attt
857 1406 992 1435 mediator

193 1447 221 1475 in
235 1450 344 1484 negotio
372 1450 461 1478 factus
476 1456 531 1482 est.
558 1452 637 1480 datas
657 1459 701 1480 res
727 1453 754 1479 in
768 1453 881 1487 duplum
897 1454 932 1480 ab
958 1462 991 1487 eo

193 1496 265 1530 exigi
277 1496 405 1530 jubemus
420 1498 599 1526 vindicandas
618 1498 749 1536 {scilicet}
776 1499 917 1528 Ecclesiae.
932 1499 990 1527 Non

195 1542 286 1569 solum
304 1547 395 1570 autem
425 1551 485 1579 qua:
514 1545 565 1572 hoc
581 1545 663 1572 modo
690 1546 752 1573 data
770 1551 844 1579 sunt,
863 1547 993 1574 vindicari

195 1588 372 1623 praecipimus
387 1598 393 1617 :
411 1590 458 1617 sed
476 1591 558 1618 etiam
573 1598 684 1618 omnem
699 1592 857 1620 cautionem
873 1600 922 1627 pro
941 1593 992 1620 hoc

196 1641 361 1669 quocunque
375 1635 457 1663 modo
471 1637 636 1671 expositam,
656 1643 704 1665 aut
718 1639 861 1673 pignorum
878 1646 911 1666 ac
924 1639 991 1667 tide-

194 1679 314 1714 jussoris
352 1681 572 1717 obligationem;
609 1691 718 1711 omnem
758 1685 877 1719 denique
910 1686 992 1714 aliam

197 1733 394 1761 quamcunque
422 1729 559 1756 actionem
601 1737 700 1757 vacare
728 1732 878 1758 sancimus.
906 1733 994 1767 Atque

198 1771 311 1806 insuper
340 1774 387 1808 qui
403 1775 615 1808 promissionem
642 1778 805 1811 acccptavit,
822 1786 875 1805 non
903 1780 992 1807 soltttn

198 1817 401 1846 confessionem
431 1821 537 1848 reddito
555 1831 561 1848 :
583 1822 629 1849 sed
648 1823 729 1849 etiam
746 1825 861 1851 altcrttm
876 1830 993 1857 tantum,

199 1868 335 1896 quantum
366 1866 542 1894 confessione
570 1869 738 1901 continetur,
766 1870 894 1906 exigitor,
921 1873 995 1906 quod

200 1908 291 1943 ipsum
309 1909 368 1937 dari
386 1912 466 1939 debet
481 1912 619 1941 Ecclesiae.
637 1915 666 1942 Si
687 1916 750 1950 quis
768 1921 858 1944 tatnett
889 1925 921 1945 ex
939 1919 996 1953 epi-

200 1955 303 1990 scopis,
316 1957 372 1983 sive
387 1962 450 1984 ante
462 1958 664 1987 ordinationem
683 1969 773 1994 suam,
794 1963 852 1990 sive
869 1967 931 1997 post
947 1972 994 1991 or-

200 2000 379 2034 dinationem,
396 2003 512 2031 voluerit
528 2006 654 2040 proprias
667 2015 711 2034 res
741 2015 818 2040 snas,
846 2013 894 2035 aut
909 2017 943 2036 ex
963 2010 996 2037 iis

199 2051 306 2081 partem
352 2048 490 2083 Ecclesia),
526 2051 605 2086 cujus
638 2053 823 2081 sacerdotium
864 2056 996 2090 suscepit.

200 2091 299 2120 olferre
317 2103 323 2120 :
340 2101 395 2122 non
421 2096 510 2124 solunt
538 2097 563 2125 id
592 2106 647 2125 non
675 2100 865 2134 prohibemus,
879 2107 906 2129 et
922 2103 996 2130 omtti

200 2146 264 2168 eum
278 2141 505 2172 eondenmatione
513 2151 546 2172 ac
560 2153 642 2180 poena
654 2147 769 2174 liberum
784 2155 847 2175 esse
863 2156 910 2183 per
927 2150 997 2176 hanc

199 2185 286 2221 legem
303 2189 463 2217 sancimus:
481 2191 528 2217 sed
543 2191 627 2218 etiam
644 2194 719 2220 omni
731 2194 811 2221 laude
825 2194 937 2230 dignum
951 2195 997 2229 jn-

1036 250 1120 282 γένης
1137 248 1229 274 κανὼν
1248 248 1291 281 ιζ’,
1309 248 1364 275 λο’·
1382 249 1492 275 συνόδου
1508 246 1534 280 ς’
1552 249 1642 276 κανὼν
1657 249 1712 281 λς’,
1726 248 1776 276 λθ’.

1070 295 1225 328 Κείμενον.
1254 295 1322 330 Περὶ
1353 295 1403 330 τῆς
1435 294 1539 327 τάξεως
1562 294 1616 322 τῶν
1643 295 1834 331 πατριαρχῶν,

1037 348 1065 367 κ.
1081 349 1106 367 τ.
1126 340 1150 367 λ.
1174 348 1261 374 usque.
1274 341 1306 367 ad
1322 341 1370 367 καὶ
1378 340 1459 372 ποίας
1471 340 1607 376 ἐπαρχίας
1624 340 1694 376 ἔχει.

1071 388 1212 420 Σχόλιον.
1241 387 1274 413 Ἡ
1295 387 1326 419 ζ’,
1349 386 1471 419 διάταξις
1494 386 1542 413 τοῦ
1567 390 1591 413 α’
1616 387 1670 414 τίτ.
1690 386 1739 413 τοῦ
1757 389 1781 414 α’
1798 386 1837 421 βι-

1036 432 1111 460 ϐλίου
1126 433 1174 460 τοῦ
1188 433 1304 466 κώδικος
1319 433 1370 460 οὐκ
1382 433 1462 469 ἐτέθη
1483 433 1523 465 είς
1545 432 1580 460 τὰ
1594 433 1733 468 βασιλικά.
1756 433 1788 460 'H
1806 433 1834 459 δὲ

1037 478 1064 512 ς’
1094 479 1217 512 διάταξις
1228 479 1277 506 τοῦ
1310 478 1332 514 β’
1364 488 1418 507 τιτ.
1449 479 1498 506 τοῦ
1529 479 1611 506 αὑτοῦ
1644 478 1747 514 βιϐλίου
1778 479 1835 506 ἐστι

1037 535 1100 561 κεφ.
1126 530 1152 554 ς’
1167 526 1214 553 τοῦ
1228 529 1252 554 α’
1272 527 1325 554 τίτ.
1344 527 1392 553 τοῦ
1414 526 1446 553 ε’.
1466 526 1569 561 βιϐλίου
1599 526 1655 553 τῶν
1669 526 1835 558 Βασιλικῶν,

1037 572 1085 600 καί
1111 581 1194 608 φησιν
1212 571 1306 599 οὕτω·
1337 573 1384 599 Δεῖ
1401 572 1465 604 τοὺς
1493 573 1523 598 ἐν
1550 571 1590 607 τῷ
1615 572 1756 608 Ἰλλυρικῷ
1773 574 1836 608 περὶ

1038 618 1182 646 κανονιχοῦ
1190 627 1264 650 τινος
1275 619 1389 654 ζήτησιν
1403 618 1584 653 ποιουμένους
1596 618 1746 653 ἀναφέρειν
1757 617 1836 644 τοῦτο

1038 664 1087 692 ἐπὶ
1114 664 1160 691 τὸν
1194 665 1410 700 ἀρχιεπίσκοπον
1431 664 1764 696 Κωνσταντινουπόλεως,
1790 664 1836 690 καὶ

1038 710 1105 745 παρ’
1117 709 1201 736 αὑτοῦ
1218 711 1251 745 τῇ
1265 710 1389 745 ἱερατικῇ
1417 710 1520 745 συνόδῳ
1542 710 1591 736 καὶ
1606 710 1673 745 ἁγίᾳ
1687 710 1778 744 κρίσει
1792 711 1838 736 καὶ

1039 755 1104 790 θείῳ
1119 755 1317 791 διακρίνεσθαι.
1335 755 1367 783 Ἦ
1381 755 1409 782 δὲ
1417 759 1440 782 κ’
1452 755 1499 782 καὶ
1511 755 1549 782 κδ’
1561 755 1682 788 διάταξις
1694 756 1742 783 τοῦ
1756 756 1840 783 αὐτοῦ

1038 801 1091 828 τίτ.
1114 802 1161 828 καὶ
1178 802 1282 837 βιϐλίου
1301 802 1352 829 οὐκ
1377 802 1512 837 ἐτέθησαν
1535 803 1575 834 εις
1591 803 1625 829 τὰ
1639 802 1782 830 Βασιλικά.
1807 803 1839 830 'H

1044 847 1138 882 μέντοι
1152 847 1174 882 β’
1185 847 1307 880 διάταξις
1324 846 1371 874 τοῦ
1384 851 1408 874 α’
1421 848 1474 874 τίτ.
1484 847 1538 874 τῶν
1551 848 1667 883 Νεαρών
1681 848 1739 874 ἐστι
1755 849 1841 884 νεαρὰ

1007 881 1027 908 Β
1046 881 1264 927 Ἶουστινιάνειος
1287 899 1348 930 ρκγ¹
1363 895 1478 931 κειμένη
1493 897 1522 923 ἐν
1543 881 1638 932 βιϐλίῳ
1652 899 1676 930 γ’
1692 896 1746 923 τῶν
1758 881 1841 923 Βασι-

1041 938 1125 965 λικῶν
1138 939 1190 967 τίτ.
1204 943 1239 972 α’,
1264 949 1328 976 κεφ.
1346 940 1379 974 θ’,
1397 941 1484 974 οὕτως
1492 942 1599 977 ἐχοντιο
1620 943 1678 978 Πρὸ
1691 943 1719 969 δέ
1732 945 1843 970 πάντων

1043 986 1132 1012 ἐκεῖνο
1149 986 1315 1022 θεσπίςομεν
1327 987 1500 1022 φυλαχθῆναι
1518 988 1563 1015 ἵνα
1577 989 1672 1023 μηδεὶς
1681 988 1724 1016 διὰ
1739 988 1839 1021 δόσεως

1046 1031 1158 1066 χρυσίου
1172 1032 1189 1068 ἢ
1202 1032 1290 1059 ἄλλων
1303 1034 1476 1069 πραγμάτων
1489 1034 1639 1065 ἐπίσκοπος
1652 1035 1842 1071 χειροτονηοῇ.

1043 1078 1075 1105 Εἰ
1091 1078 1120 1105 δέ
1136 1087 1162 1105 τι
1177 1079 1298 1106 τοιοῦτον
1314 1081 1487 1116 ἁμαρτηθείη
1501 1081 1578 1108 αὐτοὶ
1594 1082 1707 1112 ἑαυτοὺς
1723 1082 1749 1108 οι
1763 1081 1845 1108 διδόν·

1042 1132 1089 1156 τες
1101 1125 1147 1151 καὶ
1166 1125 1190 1151 οί
1209 1125 1394 1161 λαμϐάνοντες
1413 1127 1460 1153 καὶ
1477 1127 1502 1154 οἱ
1519 1127 1597 1162 μέσοι
1605 1128 1696 1154 αὐτῶν
1708 1127 1780 1155 κατὰ
1796 1128 1845 1159 τὰς

1045 1169 1121 1202 θείας
1141 1170 1253 1205 Γραφὰς
1279 1172 1326 1198 καὶ
1349 1172 1414 1204 τοὺς
1436 1173 1526 1204 θείους
1544 1173 1661 1205 κανόνας
1678 1174 1844 1209 κατακρίσει

1047 1216 1241 1249 ὑποϐάλλουσι,
1259 1217 1306 1244 καὶ
1323 1217 1368 1245 διὰ
1392 1218 1472 1245 τοῦτο
1495 1219 1543 1246 καὶ
1560 1221 1574 1246 ὁ
1589 1219 1676 1251 διδοὺς
1691 1220 1762 1247 καὶὸ
1776 1221 1846 1254 λαμ-

1047 1263 1137 1290 ϐάνων
1151 1264 1197 1290 καί¹
1212 1266 1226 1291 ό
1245 1264 1328 1299 μέσος
1351 1266 1495 1301 γινόμενος
1516 1266 1566 1300 τῆς
1587 1266 1749 1301 ἱερωσύνης,
1766 1267 1783 1301 ἢ
1796 1267 1845 1302 τῆς

1046 1308 1094 1334 τοῦ
1112 1308 1215 1344 κλήρου
1229 1311 1314 1345 τιμῆς
1337 1311 1533 1338 ἀποκινείσθω.
1554 1311 1592 1338 Τὸ
1606 1311 1634 1338 δέ
1658 1312 1729 1348 ὑπὲρ
1745 1312 1847 1347 ταύτης

1049 1354 1098 1390 τῆς
1113 1355 1203 1387 αἰτίας
1219 1355 1294 1382 δοθὲν
1319 1357 1353 1392 τῇ
1377 1357 1513 1392 ἐκκλησίᾳ.
1527 1358 1620 1393 ἐκείνῃ
1634 1358 1796 1385 ἐκδικείσθω
1812 1356 1846 1394 ἦς

1047 1402 1181 1437 ἐϐουλήθη
1207 1402 1259 1437 τὴν
1286 1402 1438 1438 ιερωσύνην
1452 1403 1621 1438 ὠνήσασθαι.
1639 1404 1670 1430 Et
1695 1404 1725 1430 δὲ
1741 1405 1847 1430 καὶκο-

1049 1447 1148 1482 σμικδς
1166 1447 1209 1482 εἴη
1223 1448 1237 1474 ό
1254 1447 1324 1480 ὑπὲρ
1337 1447 1440 1482 ταύτης
1458 1448 1507 1483 τῆς
1523 1449 1613 1480 αἰτίας
1635 1449 1848 1484 ἀντιλαμϐάνων

1048 1493 1065 1529 ἢ
1097 1493 1180 1528 μέσος
1203 1494 1242 1529 τῷ
1267 1493 1412 1529 πράγματι
1438 1495 1594 1530 γινόμενος,
1623 1495 1657 1522 τὰ
1682 1495 1794 1522 δοθέντα
1811 1496 1846 1522 τὰ

1050 1539 1201 1574 πράγματα
1223 1541 1252 1566 ἐν
1276 1540 1364 1575 διπλῷ
1381 1540 1463 1567 αὑτὸν
1490 1541 1665 1568 ἀπαιτεῖσθαι
1691 1542 1849 1576 κελεύομεν,

1050 1587 1082 1620 τῇ
1106 1585 1254 1621 Ἐκκλησία
1277 1586 1531 1622 ἐκδικηθησόμενα,
1553 1587 1583 1614 οὐ
1601 1588 1670 1622 μόνα
1686 1587 1716 1614 δὲ
1729 1588 1762 1615 τὰ
1779 1589 1852 1616 κατὰ

1049 1632 1095 1658 τὸν
1112 1631 1206 1658 τοῦτον
1222 1631 1354 1667 δεδομένα
1367 1632 1468 1667 τρόπον
1490 1633 1659 1660 ἐκδικείσθαι
1680 1634 1852 1669 προστάττο-

1053 1687 1113 1715 μεν,
1129 1678 1197 1705 ἀλλά
1213 1678 1260 1705 καὶ
1273 1679 1366 1705 πᾶσαν
1395 1679 1549 1713 ἀσφάλειαν
1581 1680 1651 1716 ὑπὲρ
1675 1680 1772 1706 τούτου
1788 1680 1852 1706 καθ’

1050 1723 1106 1752 οἷον
1120 1725 1220 1761 δήποτε
1236 1725 1338 1761 τρόπον
1351 1725 1519 1757 ἐκτεθεῖσαν,
1532 1726 1581 1753 καὶ
1591 1726 1640 1761 τὴν
1649 1726 1704 1752 τῶν
1715 1726 1852 1762 ἐνεχύρων

1051 1773 1068 1808 ἦ
1084 1773 1134 1808 τὴν
1161 1773 1209 1799 τοῦ
1233 1773 1369 1808 ἐγγυητοῦ
1382 1774 1479 1809 ἐνοχὴν
1500 1774 1548 1800 καὶ
1565 1774 1656 1800 πᾶσαν
1672 1773 1756 1810 ἄλλην
1773 1774 1852 1800 οίαν-

1051 1820 1151 1854 δήποτε
1169 1820 1281 1855 ἀγωγὴν
1301 1821 1396 1854 ἀργεῖν
1412 1819 1588 1855 θεσπίζομεν.
1600 1820 1655 1847 Καὶ
1664 1821 1733 1856 πρὸς
1747 1820 1855 1852 τούτοις

1051 1870 1065 1896 ὁ
1078 1868 1126 1904 τὴν
1145 1868 1294 1902 ὑπόσχεσιν
1314 1867 1463 1903 λαμϐάνων
1484 1867 1521 1903 μὴ
1539 1867 1619 1902 μόνον
1642 1868 1692 1903 τὴν
1705 1867 1855 1902 ὁμολογίαν

1051 1914 1212 1944 ἀποδιδότω.
1226 1913 1295 1940 ἀλλὰ
1312 1913 1360 1940 καὶ
1373 1913 1437 1940 ἄλλο
1464 1913 1593 1940 τοσοῦτον
1611 1913 1674 1940 ὅσον
1690 1914 1706 1947 ἡ
1722 1913 1856 1947 ὁμολογία

1054 1960 1177 1995 περιέχει
1191 1959 1361 1986 ἀπαιτείσθω
1372 1959 1480 1994 ὀφείλον
1505 1960 1539 1995 τῇ
1565 1959 1715 1994 Ἐκκλησία
1731 1959 1856 1994 δοθῆναι.

1052 2007 1086 2033 Ei
1099 2015 1139 2037 τις
1157 2005 1250 2041 μέντοι
1266 2006 1299 2032 ἐκ
1312 2005 1365 2032 τῶν
1383 2005 1543 2032 ἐπισκόπων
1567 2005 1622 2032 εἴτε
1650 2004 1704 2041 πρὸ
1719 2005 1770 2039 τῆς
1786 2005 1858 2037 ιδίας

1054 2053 1233 2088 χειροτονίας,
1252 2052 1268 2087 ἢ
1287 2052 1357 2087 μετὰ
1371 2052 1420 2087 τὴν
1435 2051 1604 2086 χειροτονίαν
1618 2051 1738 2087 βουληθῇ
1753 2052 1788 2079 τὰ
1802 2052 1857 2078 ίδια

1055 2098 1236 2134 πράγματαῆ
1256 2098 1340 2134 μέρος
1368 2098 1398 2131 ἐξ
1422 2098 1514 2125 αὐτῶν
1531 2100 1721 2134 προσαγαγεῖν
1736 2099 1770 2134 τῇ
1793 2099 1857 2125 Ἐκ-

1053 2144 1156 2180 κλησίᾳ
1168 2143 1201 2181 ἦς
1214 2144 1264 2180 τὴν
1276 2144 1427 2181 ἱερωσύνην
1442 2144 1588 2180 λαμϐάνει,
1607 2145 1637 2172 οὐ
1654 2145 1736 2180 μόνον
1753 2145 1785 2172 οὺ
1800 2153 1858 2171 κω-

1053 2191 1165 2226 λύομεν,
1177 2191 1225 2217 καὶ
1242 2191 1332 2226 πάσης
1346 2191 1496 2226 καταδίκης
1515 2193 1564 2218 καὶ
1593 2191 1689 2226 ποινῆς
1711 2190 1858 2225 ἐλεύθερον

201 2233 346 2262 dicamus:
376 2236 598 2271 quandoquidem
616 2237 643 2264 id
656 2246 709 2266 non
727 2240 840 2274 emptio.
859 2241 906 2267 sed
923 2241 992 2268 obla-

1055 2237 1125 2266 εἶναι
1137 2239 1305 2275 Θεσπίζομεν
1321 2240 1370 2266 τοῦ
1385 2240 1519 2275 παρόντος
1531 2239 1625 2275 νόμου,
1639 2239 1707 2266 ἀλλὰ
1722 2240 1770 2266 καὶ
1783 2248 1858 2266 παν-

201 2281 240 2306 tio
262 2285 313 2308 est.
331 2281 448 2310 Constit.
469 2283 513 2314 16,
536 2285 576 2311 tit.
592 2285 620 2314 2.
638 2285 684 2312 lib.
701 2293 722 2318 ι,
747 2293 800 2313 non
813 2292 852 2314 est
867 2287 955 2321 posita
971 2288 998 2314 in

204 2326 286 2353 llasil.
304 2335 393 2362 neque
411 2328 516 2364 [etiam]
534 2331 644 2358 constit.
663 2333 696 2363 8,
713 2332 755 2359 tit.
780 2332 790 2358 1
813 2332 998 2367 Novellarum,

202 2381 263 2407 qua:
281 2379 323 2402 est
338 2376 367 2402 11
387 2376 533 2405 Justiniani
549 2379 668 2407 novella.
693 2381 812 2408 Constit.
830 2389 894 2408 vero
911 2383 937 2411 '5.
956 2382 998 2409 tit.

201 2418 220 2445 2
236 2418 420 2454 Novellarum.
448 2427 490 2451 est
516 2422 667 2452 Justiniaui
694 2427 800 2454 novella
821 2428 878 2460 151,
897 2435 959 2462 quae
974 2429 1000 2455 itt

204 2465 251 2492 lib.
283 2475 310 2499 ν,
326 2468 368 2495 tit.
386 2469 413 2500 5.
440 2477 502 2504 cap.
520 2471 547 2502 1,
573 2472 693 2500 themate
711 2473 739 2503 2.
757 2474 829 2502 hunc
844 2475 871 2501 in
888 2475 1001 2502 tnodttltt

203 2512 293 2546 posita
316 2519 379 2541 est:
398 2515 436 2542 Ac
469 2522 613 2552 propterea
629 2519 782 2553 sancimus,
805 2525 834 2547 ut
848 2521 1000 2548 secundum

203 2567 300 2586 eorutn
325 2561 498 2590 definitiones
522 2565 651 2592 sanctiss.
678 2566 780 2593 veteris
801 2566 896 2595 Romze
919 2575 1001 2602 papa.

205 2607 312 2641 primus
326 2609 449 2636 omnium
462 2610 639 2639 sacerdotum
662 2613 698 2640 sit
714 2622 720 2640 :
745 2613 922 2641 beatissimus
940 2621 1004 2640 vero

205 2653 689 2693 archiepiscopusConstantinopolis
703 2667 779 2687 novae
796 2659 898 2691 Rontae,
908 2668 1006 2687 secun-

205 2700 270 2728 dum
283 2701 374 2728 loctnn
388 2706 448 2737 post
462 2708 586 2730 sanctam
602 2704 781 2739 apostolicam
800 2705 900 2732 veteris
912 2704 1006 2732 [lenne

206 2745 299 2773 sedem
320 2747 467 2779 obtineat,
490 2749 652 2784 ceterisque
677 2749 805 2777 ontnibus
834 2749 1004 2785 praeferatur.

207 2790 389 2820 Beatissimus
421 2800 513 2821 autent
548 2802 598 2830 pro
630 2800 753 2831 tempore
780 2796 1006 2831 archiepiscopus

231 2838 392 2867 ustiniancze
401 2840 495 2875 primm
505 2841 600 2876 patriae
613 2848 725 2875 nostrae,
740 2850 848 2877 semper
857 2843 908 2870 sub
918 2842 1005 2877 juris-

211 2881 330 2912 dictione
348 2894 397 2914 sua
417 2887 514 2915 habeat
530 2888 674 2923 episcopos
687 2888 903 2923 provincialium
918 2888 1006 2917 Dacia:

1053 2285 1097 2316 τὸς
1111 2284 1224 2312 ἐπαίνου
1240 2284 1316 2316 ἄξιον
1346 2285 1476 2320 κρίνομεν
1497 2285 1592 2320 ἐπειδὴ
1615 2285 1695 2312 τοῦτο
1713 2284 1764 2311 οὐκ
1781 2284 1860 2311 ἐστιν

1052 2331 1158 2366 ἀγορὰ,
1178 2331 1246 2357 ἀλλὰ
1279 2332 1433 2367 προσφορά.
1458 2331 1488 2358 Ἢ
1517 2335 1554 2364 ις’
1579 2331 1650 2359 διατ.
1674 2331 1723 2358 τοῦ
1752 2331 1774 2366 β’
1803 2333 1861 2359 τίς.

1055 2378 1102 2404 τοῦ
1127 2381 1151 2404 α’
1180 2377 1284 2413 βιϐλίου
1303 2378 1353 2404 οὐκ
1378 2378 1456 2412 ἐτέθη
1477 2379 1518 2410 εἰς
1534 2378 1568 2404 τὰ
1587 2378 1725 2413 βασιλικά.
1756 2379 1827 2406 Οὑδέ
1845 2381 1862 2412 ἡ

1054 2427 1078 2459 η’
1091 2424 1161 2450 διάτ.
1178 2424 1225 2450 τοῦ
1241 2426 1264 2450 α’
1281 2423 1333 2451 τίς.
1355 2424 1408 2450 τῶν
1422 2424 1585 2459 Νεαρῶν...,
1605 2423 1673 2452 οὖσα
1697 2425 1862 2452 Ἰουστινιά-

1055 2480 1124 2502 νειος
1140 2471 1234 2506 νεαρὰ.
1258 2471 1291 2497 'H
1303 2470 1330 2497 δὲ
1352 2474 1375 2504 γ’
1394 2471 1465 2498 διὰτ.
1489 2471 1537 2498 τοῦ
1560 2472 1580 2506 β’
1596 2471 1649 2498 τίτ,
1666 2471 1720 2497 τῶν
1741 2472 1862 2506 Νεαρι-’›ν

1055 2520 1113 2545 ἐστι
1129 2519 1213 2552 νεαρὰ
1235 2519 1451 2550 Ἰουστινιᾱινειος
1477 2519 1592 2553 κειμένη
1612 2519 1641 2544 ἐν
1659 2518 1755 2554 βιϐλίῳ
1770 2522 1792 2545 ε’
1803 2520 1863 2545 τῶν

1057 2564 1219 2596 Βασιλικῶν,
1232 2564 1284 2591 τίτ.
1295 2565 1331 2599 γ’,
1347 2573 1409 2600 κεφ,
1426 2568 1460 2595 α’,
1479 2565 1578 2599 Οέματι
1595 2565 1628 2600 β’,
1641 2565 1729 2596 οὕτως
1740 2565 1845 2600 ἔχουσα
1857 2574 1863 2580 ·

1056 2611 1112 2637 Καὶ
1127 2610 1172 2637 διὰ
1187 2610 1265 2637 τοῦτο
1292 2611 1460 2646 θεσπίζομεν
1490 2612 1561 2638 κατὰ
1577 2611 1638 2643 τοὺς
1664 2612 1756 2638 αὐτῶν
1778 2611 1865 2647 ὄρους

1056 2658 1102 2684 τὸν
1131 2657 1283 2692 ἁγιώτατον
1310 2657 1360 2693 τῆς
1393 2657 1583 2694 πρεσϐυτέρας
1617 2657 1729 2692 Ῥώμης
1750 2659 1863 2688 mittam,

1058 2702 1166 2737 πρῶτον
1183 2700 1254 2730 εἶναι
1268 2702 1377 2729 πάντων
1398 2703 1453 2729 τῶν
1475 2703 1581 2738 ἱερέων,
1606 2703 1651 2730 τὸν
1666 2703 1695 2729 δὲ
1712 2703 1864 2738 μακαριώ-

1057 2758 1137 2776 τατον
1149 2749 1367 2784 ἁρχιεπίσκοπον
1393 2749 1709 2781 Κωνσταντινουπόλεως
1729 2749 1779 2785 τῆς
1795 2750 1865 2782 νέας

1064 2794 1173 2831 Ῥώμης
1185 2795 1314 2831 δευτέραν
1333 2793 1409 2828 τάξιν
1422 2795 1542 2830 ἐπέχειν,
1556 2795 1626 2829 μετὰ
1645 2794 1691 2821 τὸν
1702 2794 1866 2829 ἁγιώτατον

1058 2840 1237 2868 ἁποστολικδν
1252 2841 1346 2876 θρόνον
1353 2842 1402 2876 τῆς
1425 2841 1618 2877 πρεσϐυτέρας
1634 2841 1755 2877 Ῥώμης,
1765 2840 1823 2868 τῶν
1835 2841 1867 2867 δὲ

1062 2888 1149 2915 ἄλλων
1180 2887 1290 2915 πάντων
1314 2887 1514 2923 προτιμᾶτοαι,
1535 2888 1579 2914 τὸν
1603 2887 1631 2914 δὲ
1652 2887 1723 2914 κατὰ
1745 2888 1868 2922 καιροὺς
