1956 3049
98 171 149 204 989

601 174 980 207 NOMOCANON.—T1T.
1003 178 1027 215 Ι,
1049 178 1127 209 CAP.
1148 179 1198 210 VI.

1698 182 1751 214 990

98 225 306 262 μακαριώτατον
333 226 550 263 ἁρχιεπὶσκοπον
574 229 623 264 τῆς
647 233 670 255 α’
699 229 891 265 ’1ουστινιανῆς

947 232 1164 267 mediterranea},
1179 239 1206 261 et
1230 233 1320 262 Dacia:
1348 234 1487 271 Ripcnsis,
1509 236 1574 264 item
1599 236 1748 269 Pracvalize,

95 275 144 310 τῆς
161 275 298 310 ἡμετέρας
314 275 445 311 πατρίδος
472 275 545 312 ἔχειν
570 277 615 304 ἀεὶ
646 277 699 304 ὑπὸ
721 278 770 312 τὴν
791 278 895 306 οἰκείαν

95 322 275 350 δικαιοδοσίαν
290 323 353 354 τοὺς
370 322 539 355 ἐπισκόπους
559 323 613 350 τῶν
627 324 768 360 ἐπαρχιῶν
780 324 893 357 Δακίας,

95 368 305 404 Μεδιτερανίας,
328 369 374 394 καὶ
390 369 492 400 Δακίας
514 369 680 401 Ῥιπενσίας,
707 369 900 410 Πραιΰαλὲαςι

95 416 142 443 καὶ
157 415 318 451 Δαρδανίας,
340 415 386 441 καὶ
416 415 524 447 Μυσίας
536 415 585 450 τῆς
599 416 751 451 ἀνωτέρας,
768 415 815 442 καὶ
829 416 894 451 παρ’

95 461 178 488 αὐτοῦ
206 461 320 492 τούτους
347 461 572 496 χειροτονεῖσθαι,
603 461 649 487 καὶ
670 462 699 487 ὲν
723 461 818 493 αὐταῖς
833 462 895 493 ταῖς

95 508 291 543 ὑποκειμέναις
319 507 394 542 αὺτῴ
421 507 568 543 ἐπαρχίαις
608 507 653 533 τὸν
678 507 761 534 τόπον
786 507 894 543 ἐπέχειν

95 555 177 582 αὑτὸν
207 554 254 581 τοῦ
286 553 466 581 ἀποστολικοῦ
501 553 613 589 Ῥώμης
635 554 744 590 Θρόνου,
769 554 840 581 κατὰ
860 555 894 581 τὰ

94 601 239 637 ὁρισθέντα
267 600 319 627 ὑπὸ
346 600 394 627 τοῦ
411 601 488 634 ἁγίου
510 600 588 627 πάπα
604 600 757 628 Βασιλείαν.
780 601 836 627 Καὶ
847 600 893 626 τὸν

94 649 188 684 ὅμοιον
200 647 304 683 τρόπον
328 648 360 674 τὸ
392 647 498 674 δίκαιον
527 648 576 682 τῆς
598 647 806 683 ἀρχιερωσύνης
824 647 894 683 ὅπερ

93 694 134 730 τῷ
146 694 289 730 ἑπισκόπῳ
303 694 496 730 Ἰουστινιανῆς
511 694 685 730 Καρχηδόνος
692 695 742 730 τῆς
758 694 893 730 Ἀφρικῆς

93 741 254 777 διοικήσεως
267 740 425 776 δεδώκαμεν
442 741 472 775 ἐξ
484 739 570 777 οὗπερ
585 743 598 768 ὁ
623 741 689 773 Θεὸς
701 740 805 777 ταύτην
825 741 892 776 ἡμῖν

93 787 302 823 ἀποκατέστησε
329 787 514 822 φυλάττεσθαι
542 787 701 822 κελεύομεν,
733 787 893 822 Σημείωσαι

93 833 149 861 ἀπὸ
175 833 225 868 τῆς
249 832 392 868 παρούσης
415 833 632 860 ’1ουστινιανείου
657 833 759 868 νεαρᾶς
771 833 805 859 τὰ
825 840 892 867 προ-

93 880 177 914 νόμια
200 879 247 906 τοῦ
280 879 498 914 ἅρχιεπισκόπου
529 879 709 915 Βουλγαρίας,
740 875 817 910 οὗτος
836 879 890 913 γάρ

92 909 167 952 ἐστιν
178 909 393 960 ἀρχιεπίσκοπος
406 925 457 960 τῆς
471 924 496 951 α’
511 909 708 961 Ίουςτίνιανῆς
721 925 772 959 τῆς
787 909 887 960 πατνρίλ
907 909 927 938 Β

92 972 135 1003 δας
148 970 195 997 τοῦ
210 969 345 1006 βασιλέως
364 970 567 998 Ἰουστινιανοῦ.
594 971 649 997 Καὶ
667 971 684 1006 ἡ
706 971 755 1006 μὲν
768 970 890 1004 Βουλγα-

94 1016 141 1051 ρία
157 1014 201 1042 διὰ
213 1015 293 1042 τοῦτο
303 1015 428 1042 καλεῖται
446 1016 624 1051 Ίουστινιανὴ
638 1016 683 1042 διὰ
706 1016 736 1042 τὸ
748 1015 795 1042 τὸν
812 1015 891 1050 βασι-

92 1063 141 1089 λέα
164 1062 355 1088 Ἰουστινιανὸν
383 1062 610 1097 ἀποκαταστῆσαι
633 1063 665 1097 τῇ
690 1061 816 1097 βασιλεία
838 1061 892 1088 τῶν

97 1108 242 1143 Ῥωμαίων
263 1107 313 1143 τὴν
343 1109 472 1143 τοιαύτην
490 1107 591 1143 χώραν.
613 1108 662 1135 Διὰ
683 1110 736 1143 γὰρ
750 1107 829 1134 τοῦτο
844 1108 892 1142 μέ-

94 1165 194 1191 μνηται
208 1156 238 1182 τὸ
252 1155 339 1190 παρὸν
368 1164 431 1190 κεφ.
455 1156 495 1186 είς
516 1156 566 1190 τὴν
591 1155 749 1190 ἐπιγραφὴν
771 1156 818 1181 καὶ
833 1154 888 1181 τῶν

93 1202 234 1238 πριϐάτων
248 1202 297 1236 τῆς
311 1202 340 1228 ὲν
356 1202 389 1237 τῇ
414 1202 531 1237 ’Ᾱφρικῇ
557 1201 743 1237 Καρχηδόνος,
768 1201 890 1237 δηλονότι

92 1249 147 1276 τῶν
161 1248 317 1284 προνομίων
339 1248 434 1283 αὐτῆς.
460 1248 596 1283 Πρίϐατον
617 1249 672 1284 γὰρ
693 1249 802 1282 λέγεται
822 1248 893 1275 κατὰ

947 286 979 307 ac
1002 279 1154 314 Dardania),
1176 285 1204 308 et
1233 280 1327 317 Mysiae
1352 282 1504 317 superioris
1525 291 1531 309 :
1551 287 1579 310 et
1598 283 1632 310 ab
1648 283 1707 318 ipso
1720 283 1749 311 hi

947 325 1119 357 ordinentur.
1146 330 1173 353 ct
1204 326 1231 353 in
1262 326 1412 361 provinciis
1441 327 1492 362 ipsi
1505 328 1638 363 subjectis
1656 329 1747 357 locum

947 375 1039 399 teneat
1051 373 1208 407 apostolica:
1222 372 1295 400 sedis
1308 371 1451 405 Romana),
1467 374 1620 402 secundum
1633 382 1665 403 ea
1684 383 1746 411 qua:

947 423 1059 445 sanctus
1073 426 1142 453 papa
1158 418 1274 452 \‘igilius
1297 419 1452 447 constituit.
1466 419 1611 448 Consimili
1626 422 1707 449 modo
1719 427 1748 451 et

946 464 1181 499 archiepiscopale
1195 472 1297 492 munus
1310 485 1317 497 ,
1333 465 1407 500 quod
1423 466 1553 502 episcopo
1571 466 1750 495 Justinianeaa

945 509 1119 544 Carthaginis
1136 508 1273 537 Africanae
1297 510 1449 539 dimceseos
1472 511 1616 545 dedinms,
1634 521 1667 540 ex
1694 521 1751 548 quo

947 554 1019 582 Deus
1044 555 1125 583 nobis
1149 556 1220 583 hanc
1256 557 1388 590 restituit,
1420 559 1578 586 conservari
1608 559 1748 594 iubemus.

945 601 1015 628 Nota
1030 609 1094 628 vcro
1111 610 1143 629 ex
1161 602 1288 636 praesenti
1313 601 1490 631 Justinianea
1505 605 1622 636 novella,
1638 605 1751 639 privile-

945 647 988 682 gia
1000 646 1197 682 archiepiscopi
1208 646 1352 682 Bulgaria.
1368 648 1418 676 Hic
1432 656 1552 684 namque
1562 655 1605 677 cst
1614 651 1751 686 archiepi-

945 701 1046 728 scopus
1081 686 1176 728 prinné
1205 692 1408 726 Justinianeae,
1438 696 1534 729 patrita
1573 697 1750 732 imperatoris

945 738 1105 766 Justiniani.
1125 740 1214 774 Atque
1231 739 1359 775 Bulgaria
1376 741 1486 775 quidem
1501 748 1646 777 propterea
1663 742 1750 771 Justi-

946 786 1042 812 nianea
1077 786 1189 813 dicitur.
1220 785 1356 814 Caeterum
1400 787 1571 815 Justinianea
1612 788 1750 824 Carthago

943 831 1080 860 Africanae
1107 831 1257 859 diotcescos
1275 853 1282 865 ,
1313 838 1472 868 nuncupata
1495 833 1666 862 Justinianea
1695 840 1748 868 est,

945 878 1017 913 quod
1052 879 1202 913 imperator
1216 878 1390 907 Justinianus
1409 880 1550 915 regionem
1575 880 1650 908 illam
1666 881 1748 909 resti-

944 925 1026 952 tuerit
1051 926 1239 953 Ilomanorum
1253 926 1380 961 imperio.
1396 927 1436 954 Ae
1450 927 1552 955 idcirco
1571 929 1654 955 etiam
1679 936 1749 963 prae-

940 979 1004 998 sens
1034 976 1116 1006 caput
1148 972 1177 998 in
1204 971 1384 1007 inscriptione
1413 972 1538 1000 meminit
1579 973 1749 1008 privatorum

940 1017 1077 1045 Africana:
1092 1018 1280 1053 Carthaginis,
1307 1019 1378 1054 quod
1389 1025 1432 1046 est
1452 1019 1666 1055 privilegiormm
1677 1020 1748 1055 ejus.

942 1063 1098 1091 Secundum
1123 1064 1235 1092 Latinos
1259 1065 1332 1092 enim
1358 1065 1497 1100 privatum
1521 1065 1622 1093 dicitur
1648 1065 1678 1092 τὸ
1697 1066 1747 1092 ιδι-

941 1110 1000 1136 κόν.
1013 1109 1085 1145 Lege
1102 1118 1167 1138 vero
1180 1111 1262 1138 etiam
1288 1111 1369 1138 [linem
1386 1111 1486 1139 scholii
1510 1112 1653 1147 praesentis
1672 1112 1748 1148 capi-

943 1157 991 1188 tis.
1008 1156 1055 1191 qui
1075 1165 1140 1191 pars
1165 1162 1208 1185 est
1235 1157 1282 1184 151
1299 1156 1479 1185 .lustinianca:
1504 1157 1628 1191 novellae,
1643 1162 1671 1185 et
1688 1163 1747 1185 sta-

943 1203 1008 1236 tuit,
1027 1207 1057 1230 ut
1082 1203 1204 1231 Ecclesia
1233 1202 1462 1238 Carthaginensis
1492 1204 1651 1239 apostolicae
1669 1204 1746 1232 sedis

947 1249 1089 1284 privilegia
1104 1249 1215 1276 habeat.

95 1295 227 1325 Λατίνους
240 1294 272 1320 τὸ
286 1294 380 1322 ἰδικόν.
399 1293 453 1321 Καὶ
482 1293 624 1328 ἀνάγνωθι
638 1295 668 1321 τὸ
683 1295 760 1326 τέλος
793 1294 840 1321 τοῦ
858 1295 983 1330 σχολαίου
999 1295 1047 1321 τοῦ
1074 1296 1209 1330 παρόντος
1247 1304 1309 1330 κεφ.
1346 1295 1428 1330 μέρος
1445 1295 1475 1322 δν
1490 1296 1539 1330 τῆς
1552 1295 1610 1332 ρλα¹
1635 1296 1748 1324 Ἰουστι-

93 1343 210 1371 νιανείου
223 1343 335 1379 νεαρᾶς,
349 1343 395 1370 καὶ
410 1342 594 1378 διοριζόμενον
607 1342 679 1378 ἔχειν
693 1343 740 1370 καὶ
753 1343 804 1377 τὴν
819 1342 984 1378 Ἐκκλησίαν
1015 1344 1065 1378 τῆς
1078 1343 1255 1379 Καρχηδόνος
1285 1343 1320 1370 τὰ
1345 1343 1482 1379 προνόμια
1509 1343 1556 1370 τοῦ
1567 1344 1748 1372 ἀποστολικοῦ

94 1390 202 1426 Θρόνου.

129 1435 256 1463 ΚΕΦΛΛ.
274 1436 320 1469 ς’.
333 1451 366 1456 -
381 1435 449 1470 Περὶ
459 1435 513 1462 τοῦ
523 1435 609 1468 τινας
625 1434 674 1461 καὶ
688 1434 748 1461 ποῦ
763 1442 894 1469 χειροτο-

93 1482 206 1510 νοῦσιν
230 1483 420 1516 ἐπισκόπους
453 1482 472 1516 ἢ
500 1481 684 1516 κληρικοὺς,
712 1481 763 1508 καὶ
794 1481 849 1508 ἐὰν
876 1482 893 1508 ό

94 1530 315 1564 χειροτονηθεὶς
328 1530 377 1557 διὰ
391 1529 535 1558 λιεέλλου
548 1528 732 1564 παραιτεῖται
752 1527 810 1563 τὴν
823 1528 889 1555 ἐπι-

94 1576 229 1610 σκοπήν.

136 1623 306 1650 Ἀποστόλων
336 1622 427 1650 κανὼν
445 1622 480 1656 α’,
507 1621 540 1657 β’,
563 1620 600 1649 λε’
613 1629 620 1636 ·
640 1620 752 1648 συνόδου
769 1619 889 1652 Νικαίας

92 1669 184 1697 κανὼν
204 1670 237 1701 δ’,
266 1670 375 1697 συνόδου
392 1669 557 1704 Ἀντιοχείας
578 1668 623 1703 ιγ’,
641 1668 684 1701 ιϐ’,
698 1667 739 1703 κβ¹
753 1677 760 1683 ·
778 1667 888 1694 συνόδου

92 1716 257 1748 Λαοδικείας
287 1715 377 1743 κανὼν
403 1715 435 1748 ε’,
463 1715 514 1751 ιβ’·
532 1715 642 1742 συνόδου
667 1714 781 1750 Ἐφέσου
798 1713 890 1741 κανὼν

91 1761 129 1797 η’·
149 1762 197 1789 καὶ
218 1762 347 1798 ἐπιστολὴ
366 1762 433 1798 πρὸς
458 1763 507 1798 τὴν
526 1763 555 1789 ὲν
583 1761 735 1798 Παμφυλίᾳ
759 1761 888 1788 σύνοδον·

93 1808 205 1835 συνόδου
229 1809 365 1844 Σαρδικῆς
395 1808 486 1836 κανὼν
515 1812 562 1841 ς’·
589 1809 699 1835 συνόδου
716 1807 890 1843 Χαλκηδόνος

92 1854 186 1882 κανὼν
198 1853 242 1890 κη’
257 1863 263 1870 ·
279 1855 389 1882 συνόδου
407 1855 604 1891 Καρθαγὲννης
613 1854 703 1882 κανὼν
712 1853 757 1888 ιγ’,
772 1853 817 1889 ιη’,
833 1851 888 1888 μο’,

92 1900 140 1933 νς⁵
153 1909 160 1915 ·
185 1901 295 1928 συνόδου
325 1901 352 1934 ς’
387 1901 477 1929 κανὼν
496 1901 546 1936 λγ’,
561 1900 598 1933 λζ’
613 1910 620 1917 ο
645 1901 756 1928 συνόδου
772 1900 889 1932 Νικαίας

91 1947 124 1972 τὸ
140 1945 162 1981 β’
183 1946 275 1973 κανὼν
301 1946 340 1981 β’”
361 1948 472 1974 συνόδου
491 1947 514 1974 α’
532 1949 578 1974 καὶ
594 1946 627 1982 β’,
654 1946 889 1982 συγκροτηθείσης

92 1992 123 2018 ὲν
140 1993 437 2029 Κωνσταντινουπόλει,
451 1994 479 2020 έν
496 1993 536 2029 τῷ
551 1993 608 2029 ναῷ
627 1993 681 2020 τῶν
704 1993 790 2027 ἁγίων
805 1993 889 2020 Ἀπο-

94 2039 198 2065 στόὶων
224 2039 314 2066 κανὼν
344 2043 401 2073 ις’·
430 2040 570 2067 Βασιλείου
594 2039 723 2075 ἐπιστολὴ
742 2039 811 2075 πρὸς
825 2041 889 2071 τοὺς

92 2087 332 2121 χωρεπισκόπους’
364 2087 500 2123 Κορίλλου
521 2088 554 2114 ὲκ
567 2088 617 2123 τῆς
635 2087 703 2121 πρὸς
719 2087 820 2122 Δόμνον
833 2087 892 2113 ἑπι-

93 2132 192 2166 στολῆς
215 2131 306 2159 κανὼν
319 2131 355 2166 α’,
368 2132 392 2167 γ’
407 2142 414 2148 '
432 2133 569 2169 Κυρίλλου
590 2134 622 2160 ὲκ
639 2133 688 2168 τῆς
700 2134 769 2168 πρὸς
785 2134 848 2165 τοὺς
860 2133 889 2159 ὲν

92 2177 183 2213 Λιϐύῃ
212 2179 260 2204 καὶ
288 2179 454 2206 Πενταπόλει
486 2180 652 2211 ἐπισκόπους
677 2179 822 2215 ἐπιστολῆς
839 2187 890 2205 κα-

92 2223 148 2251 νὼν
174 2223 210 2257 α’,
244 2228 287 2259 γ’·
317 2225 448 2260 Θεοφίλου
484 2227 516 2254 ὲκ
544 2226 592 2253 τοῦ
613 2226 818 2262 ύπομνηστικοῦ
841 2235 891 2253 κα-

92 2270 148 2297 νὼν
166 2270 204 2303 ς’.

128 2317 285 2352 heluat-or.
310 2317 418 2345 Βιϐλίον
441 2317 464 2345 α’
485 2318 532 2345 τοῦ
550 2318 683 2350 Κώδικος,
703 2327 758 2345 τιτ.
773 2317 815 2353 γ’,
833 2318 891 2346 διά-

91 2363 171 2396 ταξις
199 2364 244 2400 ιβ’,
270 2364 302 2398 λ’,
322 2364 377 2400 μβ’,
399 2364 454 2400 μς’,
471 2364 520 2400 νβ’,
540 2366 587 2392 καὶ
605 2365 657 2393 τίτ.
670 2364 694 2392 α’
706 2366 761 2392 τῶν
774 2365 890 2400 Naupth

90 2410 217 2443 διάταξις
228 2410 263 2445 α’,
277 2411 311 2447 β’,
334 2411 378 2445 ιζ’.

128 2458 272 2493 Σχόλιον.
291 2458 323 2485 Ἡ
349 2458 382 2494 ιβ’
397 2459 521 2493 διάταξις
544 2460 592 2486 καὶ
621 2459 637 2494 ή
657 2458 689 2492 λ’,
709 2459 764 2494 μβ’,
780 2459 823 2494 μζ¹
843 2459 889 2486 καὶ

93 2503 133 2539 νβ’
150 2504 198 2531 τοῦ
214 2504 335 2539 γ’τίτλου
364 2505 411 2532 τοῦ
443 2504 467 2532 α’
495 2505 599 2541 βιϐλίου
619 2505 667 2532 τοῦ
696 2505 818 2536 Κώδικος
840 2505 890 2532 οὐκ

90 2551 229 2586 ἐτέθησαν
249 2553 289 2584 είς
305 2553 340 2580 τὰ
355 2552 495 2587 βασιλικά.
515 2553 545 2579 ὐ
557 2552 584 2579 δὲ
603 2552 627 2579 α’
642 2552 731 2584 τίτλος
746 2553 801 2579 τῶν
816 2552 890 2579 Νεα-

93 2597 150 2632 ρῶν
164 2598 212 2624 καὶ
227 2599 244 2634 ἡ
261 2598 344 2625 αὑτοῦ
357 2597 381 2625 α’
393 2599 439 2625 καὶ¹
453 2597 474 2634 β’
487 2599 534 2626 καὶ
554 2598 596 2631 ιζ’,
608 2597 744 2630 διατάξεις
758 2597 890 2633 ἐτέθησαν

92 2643 134 2675 εις
149 2643 250 2678 νεαρὰς
262 2644 307 2670 τοῦ
324 2644 516 2671 Ἰουστινιανοῦ
534 2643 572 2677 ς’,
596 2643 655 2679 ρκγ¹
667 2644 716 2671 καὶ
734 2643 801 2678 ρλζ¹.
816 2644 891 2679 Πλὴν

92 2689 110 2723 ὴ
129 2687 179 2723 μὲν
195 2689 245 2714 οὐκ
273 2689 353 2724 ἐτέθη
381 2691 421 2721 εἰς
437 2690 471 2716 τὰ
495 2689 639 2716 Βασιλικά.
663 2689 696 2716 'H
714 2689 742 2716 δὲ
759 2687 818 2723 ρκγ¹
831 2690 890 2716 ἐστὶ

92 2742 156 2768 κεφ.
175 2733 208 2766 0¹,
224 2733 272 2760 τοῦ
281 2733 305 2761 α’
319 2734 385 2767 τίτ.,
408 2735 456 2761 τοῦ
475 2734 498 2768 γ’
520 2735 625 2770 βιϐλίου
649 2735 718 2770 ὅπερ
736 2736 784 2761 καὶ
807 2734 891 2770 ὲτέθη

92 2779 160 2816 παρ’
172 2780 251 2815 ἡμῶν
269 2781 309 2813 είς
326 2789 389 2816 κεφ.
409 2784 428 2807 ε’
450 2780 496 2808 τοῦ
525 2781 658 2816 παρόντος
679 2781 734 2808 τίτ.
753 2781 800 2807 καὶ
814 2780 891 2816 ζήτει

93 2826 170 2854 αὐτό.
193 2826 226 2854 Ἠ
239 2826 268 2853 δὲ
283 2825 350 2863 ρλζν,
365 2827 451 2863 νεαρά
463 2828 522 2854 ἔστι
537 2836 600 2862 κεφ.
614 2830 640 2862 η’
662 2826 709 2854 τοῦ
725 2825 750 2853 α’
769 2826 891 2861 τιτ.,τοῦ

93 2872 118 2906 γ’
134 2873 238 2908 βιϐλίου
265 2874 335 2909 ὅπερ
365 2874 499 2909 κατετέθη
522 2875 562 2905 εἰς
583 2874 689 2910 σχόλιον
715 2873 762 2900 τοῦ
780 2877 804 2909 η’
826 2882 889 2908 κεφ.

95 2918 141 2945 τοῦ
158 2921 291 2954 παρόντος
321 2920 375 2947 τίτ.
407 2920 469 2955 περὶ
481 2920 511 2947 τὸ
536 2920 621 2952 τέλος,
642 2919 688 2947 καὶ
708 2919 787 2955 ζήτει
799 2920 889 2947 τοῦτο.

907 1575 928 1602 C

906 2268 930 2298 D

985 1432 1063 1461 CAP.
1083 1432 1126 1460 νι.
1143 1448 1176 1453 -
1201 1433 1264 1467 Qui,
1287 1437 1312 1460 et
1328 1433 1374 1460 ubi
1390 1434 1545 1461 ordinentur
1560 1435 1685 1470 episcopi,
1701 1439 1748 1462 aut

945 1480 1045 1513 clerici,
1074 1485 1098 1507 et
1122 1481 1145 1507 si
1170 1480 1312 1508 ordinatus
1340 1489 1387 1516 per
1418 1481 1537 1509 libellum
1564 1483 1748 1518 episcopatum

944 1532 1058 1554 recuset.

981 1621 1174 1656 Apostolorum
1187 1629 1277 1649 canon
1294 1622 1319 1653 1,
1335 1622 1363 1655 2,
1380 1622 1433 1656 35;
1449 1621 1559 1650 concilii
1583 1620 1686 1649 Niczeni
1702 1629 1749 1649 ca-

946 1675 1002 1694 non
1016 1667 1044 1698 4,
1072 1667 1180 1695 concilii
1195 1667 1361 1695 Antiocheni
1377 1675 1468 1695 canon
1493 1668 1538 1697 15.
1558 1668 1602 1701 19,
1617 1668 1664 1701 22,
1678 1675 1746 1695 con-

946 1714 1001 1742 cilii
1025 1713 1174 1742 Laodiceui
1188 1722 1277 1742 canon
1290 1715 1317 1748 5,
1330 1715 1380 1748 12;
1393 1715 1502 1743 concilii
1518 1715 1647 1750 Ephesini
1659 1723 1746 1742 canon

945 1760 972 1791 8,
989 1765 1015 1789 et
1028 1762 1142 1796 epistola
1168 1761 1201 1788 ad
1216 1761 1419 1796 Pamphiliense
1435 1762 1583 1789 concilium
1607 1759 1716 1797 [missa]
1739 1768 1746 1793 ;

946 1807 1056 1835 concilii
1073 1807 1247 1835 Sardiccnsis
1261 1815 1350 1834 canon
1365 1806 1398 1841 6;
1413 1807 1524 1834 concilii
1537 1807 1747 1835 ChaICedonen-

947 1855 986 1882 sis
1001 1862 1088 1882 canon
1106 1854 1157 1887 '28;
1172 1854 1283 1882 concilii
1299 1854 1526 1888 Carthaginiensis
1536 1860 1625 1880 canon
1642 1853 1685 1883 15,
1699 1851 1746 1894 18,

946 1901 991 1933 69,
1013 1900 1058 1933 56,
1081 1900 1135 1933 98;
1162 1900 1272 1927 concilii
1295 1900 1364 1927 sexti
1389 1907 1477 1927 canon
1501 1899 1546 1931 55,
1561 1899 1593 1926 57
1610 1907 1617 1932 ;
1634 1898 1746 1926 concitil

946 1945 1049 1973 Nicaani
1063 1945 1177 1973 secundi
1196 1953 1284 1973 canon
1299 1945 1316 1972 2
1329 1954 1336 1978 ;
1361 1945 1470 1973 concilii
1484 1944 1566 1980 primi
1585 1949 1612 1972 et
1626 1943 1740 1971 secundi

946 1991 1185 2025 Constantinopoli
1213 1991 1240 2018 in
1279 1990 1336 2018 atde
1355 1997 1515 2018 sanctorum
1543 1990 1740 2024 Apostolorum

947 2038 1035 2065 coacti
1062 2045 1151 2064 canon
1181 2037 1214 2064 16
1228 2045 1236 2070 ;
1251 2036 1474 2071 Basiliicpistola
1490 2036 1522 2063 ad
1544 2036 1659 2064 ditionis
1685 2044 1744 2064 sua:

947 2085 1104 2119 episcopos,
1118 2083 1211 2120 Cyrilli
1227 2091 1261 2110 ex
1276 2083 1390 2118 cpistola
1405 2082 1439 2110 ad
1455 2082 1587 2109 Domuum
1615 2090 1703 2109 canon
1719 2082 1745 2112 1,

947 2131 975 2165 5;
989 2131 1082 2167 Cyrilli
1095 2139 1128 2158 ex
1138 2130 1253 2164 epistola
1267 2129 1301 2157 ad
1317 2129 1460 2164 episcopos
1473 2128 1565 2164 Libya:
1576 2133 1603 2156 et
1615 2129 1749 2162 Pentapo-

946 2178 981 2205 lis
993 2186 1081 2205 canon
1107 2178 1132 2210 1,
1161 2179 1198 2210 5,
1222 2177 1366 2212 Theophili
1392 2184 1426 2204 ex
1454 2175 1669 2204 commonitorio
1698 2182 1746 2202 ca-

948 2232 1002 2252 non
1018 2225 1045 2252 5.

980 2317 1089 2346 Tutus.
1111 2317 1171 2346 Lib.
1193 2317 1261 2346 Cod.
1278 2319 1303 2350 1,
1323 2319 1365 2346 tit.
1387 2318 1420 2351 5,
1435 2316 1547 2345 constit.
1568 2315 1613 2348 12,
1633 2314 1678 2349 50,
1698 2314 1745 2348 ιε,

941 2365 988 2398 Π,
1004 2364 1047 2399 52,
1064 2369 1092 2392 et
1104 2365 1146 2392 tit.
1166 2366 1175 2392 1
1198 2364 1372 2393 Novellarnm
1388 2363 1501 2392 constit.
1517 2363 1544 2395 l.
1557 2362 1575 2390 2
1590 2366 1618 2390 et
1629 2361 1674 2389 17.

978 2455 1124 2484 Scltolium.
1144 2455 1261 2484 Conslit.
1291 2455 1335 2487 12,
1354 2455 1400 2487 50,
1418 2453 1464 2485 ﬂ.
1480 2454 1525 2486 47,
1541 2453 1575 2481 52
1600 2453 1642 2480 tit.
1656 2453 1682 2486 1,
1696 2452 1743 2480 lib.

943 2511 969 2534 ι,
987 2503 1057 2529 Cod.
1073 2503 1099 2529 in
1115 2502 1197 2531 Basil.
1214 2510 1267 2529 non
1285 2506 1349 2528 sunt
1370 2501 1474 2536 positae.
1490 2500 1600 2527 Primus
1615 2507 1681 2527 vero
1702 2499 1744 2527 tit.

941 2549 1126 2580 N-ivellarum,
1157 2547 1376 2584 ejusdemqucl,
1394 2547 1412 2574 2
1439 2552 1466 2574 et
1494 2546 1528 2573 17
1553 2545 1745 2574 constit.sunl

942 2596 970 2623 in
989 2594 1110 2623 Novellis
1121 2592 1268 2622 Iustiniani
1283 2593 1315 2626 6,
1330 2593 1383 2620 125
1399 2598 1426 2621 et
1439 2592 1502 2622 157.
1517 2592 1628 2620 Interim
1647 2591 1674 2623 6,
1689 2597 1743 2617 non

941 2647 983 2670 est
1001 2642 1027 2669 in
1053 2641 1134 2670 Basil.
1157 2641 1258 2677 posita.
1281 2640 1333 2668 19.5
1350 2647 1416 2667 vero
1443 2644 1486 2667 est
1514 2647 1576 2673 cap.
1593 2639 1621 2669 9,
1653 2637 1698 2664 tit.
1715 2637 1742 2668 1,

942 2690 990 2724 tib.
1007 2697 1049 2722 ιιι,
1073 2688 1143 2724 quod
1171 2695 1186 2715 τι
1204 2687 1284 2714 nobis
1313 2687 1431 2721 positum
1457 2689 1501 2713 est
1517 2685 1544 2711 in
1561 2691 1621 2719 cap.
1641 2683 1658 2710 5
1673 2689 1742 2717 pra:-

942 2736 1028 2764 sentis
1058 2735 1099 2762 tit.
1126 2734 1334 2769 quodqumras.
1365 2731 1477 2760 Novella
1507 2734 1596 2757 autem
1627 2728 1676 2755 {57
1700 2730 1742 2754 est

942 2789 1003 2817 cap.
1021 2781 1048 2814 8,
1065 2780 1106 2808 tit.
1125 2780 1150 2811 1.
1168 2780 1215 2807 lib.
1234 2787 1275 2811 ιιι,
1288 2779 1359 2814 quod
1374 2784 1516 2813 aspersum
1531 2779 1574 2802 est
1588 2772 1698 2800 scholio
1712 2772 1739 2805 8,

942 2835 1003 2863 cap.
1025 2826 1167 2863 praesentis
1196 2826 1237 2854 tit.
1255 2826 1327 2853 circa
1356 2826 1449 2856 linem,
1469 2821 1542 2858 quod
1557 2820 1639 2848 etiam
1662 2826 1738 2854 qua:-

944 2881 998 2902 τος.
