1946 3076
201 192 253 225 991

773 192 904 224 PHOTII
919 193 1173 224 PATRIARCH/E
1192 193 1246 223 ΟΡ.

1799 191 1852 224 9ηὲ

237 246 386 276 οΑΡ.νιι.
409 262 444 270 -
470 248 630 276 Electionem
657 248 825 276 sacerdotum
840 249 998 283 promiscum

1088 250 1212 276 ΚΕΦΛΛ.
1226 250 1262 276 Ζ’.
1287 263 1313 269 -
1330 247 1398 283 Περὶ
1425 248 1479 276 τοῦ
1503 247 1546 283 μὴ
1564 247 1643 283 χρῆν
1664 247 1730 282 τοῖς
1748 248 1851 284 ὄχλοις

201 294 272 329 plebi
286 296 492 329 permittendum
510 305 562 323 non
575 304 642 323 esse.

235 352 350 381 Concilii
377 352 555 381 Laodicensis
581 360 670 380 canon
685 353 736 385 15;
761 352 872 380 concilii
895 351 999 379 Niczeni

203 398 317 427 secundi
331 407 420 429 canon
436 399 463 426 5.

238 457 316 485 CAP.
339 456 406 485 \‘lll.
424 471 458 478 --
474 456 513 484 De
537 457 757 492 contradictione,
773 466 832 493 qua!
844 458 870 484 in
885 457 1001 492 episcopi

199 503 372 531 ordinatione
384 504 426 539 ﬁt.

237 561 353 590 Concilii
371 562 534 590 Antiocheni
555 571 643 592 canon
660 563 714 596 19;
743 563 854 591 concilii
882 562 1000 592 Cartha-

204 607 325 643 ginensis
337 615 424 636 canon
441 609 486 641 .19.
502 610 547 637 55.

240 664 350 693 Tutus.
365 665 420 693 Tit.
441 667 454 692 ἰ
472 665 659 699 Novellarum,
676 671 766 694 coust.
784 667 810 699 1,
827 667 855 700 2,
876 667 919 699 17.
937 672 1002 699 etc.,

209 720 292 747 itaque
311 712 346 739 ad
363 717 391 741 et
415 713 564 748 praesulum
579 711 866 749 [monasteriorum],
890 717 920 740 ut
941 721 1003 748 pag.

202 759 268 788 495.

238 813 386 842 Schah‘um.
412 814 533 843 Constit.
552 815 577 848 1,
605 815 647 843 tit.
667 815 680 842 Ι
693 814 881 847 Novellarum,
897 819 939 842 est
958 821 1007 842 no-

202 860 272 887 vella
299 859 447 888 Justiuiani
467 862 495 893 ϐ,
515 869 577 896 qua:
610 861 637 888 in
655 861 738 889 Basil.
770 870 822 888 uon
838 867 880 890 est
902 863 1005 898 posita.

204 905 322 933 Coustit.
337 905 355 932 2
370 906 494 941 ejusdem
523 907 594 934 ltit.
617 905 803 938 Novellarum.
828 913 870 936 est
895 910 1003 937 novella

203 951 353 981 Justiuiaui
372 953 435 981 1'25.
450 953 518 980 Illud
533 961 597 981 vero
611 953 672 989 ejus
695 959 779 989 caput
796 954 878 982 etiam
895 963 948 983 nou
964 960 1008 984 est
1025 951 1044 978 Β

206 997 326 1031 positum
354 997 381 1025 in
409 997 488 1025 Busil.
513 999 626 1026 constit.
654 999 687 1027 1'l
702 1020 710 1033 ,
734 1006 776 1027 est
795 1000 903 1028 novella
918 1000 1007 1029 Justi-

203 1044 280 1071 niaui
299 1044 359 1077 123,
376 1045 464 1079 posita
499 1045 571 1081 [quas
590 1045 644 1081 est]
662 1046 688 1073 iu
708 1046 755 1073 lib.
774 1054 805 1074 ιιι
820 1045 904 1074 Basil.
921 1048 961 1075 tit.
979 1047 1006 1082 1,

205 1098 266 1125 cap.
287 1090 314 1124 8,
332 1092 404 1126 quod
421 1091 494 1120 hunc
514 1093 540 1119 in
558 1092 670 1120 modum
693 1093 776 1120 habet
793 1101 800 1120 :
821 1093 958 1121 Caeterum
981 1094 1006 1122 si

207 1138 270 1172 quis
287 1143 383 1165 contra
400 1146 462 1165 cum
480 1139 526 1173 qui
542 1139 700 1174 cpiscopus,
717 1144 765 1166 aut
780 1140 935 1175 presbyter,
957 1146 1009 1168 aut

208 1183 353 1217 diaconus,
376 1189 424 1212 aut
442 1185 516 1213 alius
529 1185 658 1217 clericus.
674 1190 722 1213 aut
737 1186 819 1213 etiam
830 1187 929 1221 praesul
946 1193 1007 1213 mo-

207 1231 322 1258 nasterii
336 1231 505 1259 ordinandus
528 1237 580 1265 est,
609 1232 812 1260 accusationem
832 1233 951 1268 aliquam
967 1233 1009 1260 in-

208 1275 305 1303 stituat
321 1283 486 1311 quacunque
504 1277 537 1304 de
554 1285 650 1310 causa,
666 1286 728 1312 quae
754 1278 841 1313 possit
856 1279 1008 1306 secundant

209 1321 283 1356 leges
308 1329 357 1350 aut
380 1330 501 1350 canones
530 1323 592 1358 ejus
619 1324 753 1359 impedire
783 1325 1008 1353 ordinationem:

209 1367 334 1395 dill'ertor
370 1368 527 1403 hujusmodi
568 1369 734 1404 ordinatio,
762 1375 790 1398 et
831 1370 1012 1406 interponitor

209 1414 287 1448 prius
312 1415 482 1441 examinatio
522 1415 708 1444 accusationis
728 1424 735 1443 :
767 1421 902 1450 praesente
927 1417 1010 1444 etiam

212 1465 384 1494 accusatore,
410 1465 438 1489 et
456 1469 488 1490 ea
516 1469 577 1497 quae
605 1462 640 1490 ab
670 1463 731 1498 ipso
755 1462 782 1490 iu
797 1463 902 1491 crimen
917 1463 1009 1492 delata

211 1511 288 1540 sunt,
304 1507 338 1535 ad
358 1508 506 1535 terminum
520 1515 608 1543 usque
625 1513 819 1544 persequente.
835 1509 892 1536 hno
909 1517 1008 1544 quam-

210 1553 252 1580 vis
268 1558 413 1585 accusator
430 1561 461 1582 se
476 1554 611 1587 absentet,
628 1558 675 1581 aut
689 1562 780 1582 moras
791 1559 891 1588 nectat,
909 1555 1010 1582 nihilo-

210 1598 302 1626 minus
314 1599 354 1626 sic
367 1607 477 1635 quoque
496 1599 518 1627 is
533 1600 580 1635 qui
605 1600 808 1628 ordinationem
823 1600 945 1629 facturus
958 1605 1010 1634 est,

211 1644 285 1672 intra
299 1652 408 1673 menses
425 1649 480 1673 tres
505 1646 712 1674 exactissimam
736 1654 768 1674 ea
787 1647 822 1674 de
837 1655 866 1676 re
879 1647 1014 1682 quaestio-
1028 1641 1050 1670 C-

212 1698 276 1719 nem
291 1691 401 1718 habeto.
429 1691 462 1718 Et
474 1691 497 1719 si
513 1692 626 1727 quidem
642 1700 706 1719 eum
723 1693 769 1727 qui
788 1693 968 1720 accusatione
985 1693 1013 1720 in

212 1737 318 1766 crimen
347 1741 461 1765 vocatus
479 1737 541 1771 fuit,
555 1738 615 1766 sive
639 1739 792 1766 secundum
812 1747 908 1767 sacros
927 1747 1014 1766 cano-

212 1791 273 1815 ues,
291 1783 349 1811 sive
374 1784 526 1811 secundum
552 1789 662 1812 nostras
678 1785 751 1820 leges
775 1785 924 1812 obnoxium
939 1786 1015 1814 iuve-

213 1829 296 1861 uerit,
322 1830 484 1865 prohibetur
511 1831 658 1859 ordinatio.
688 1832 716 1858 Si
744 1839 808 1859 vero
822 1832 952 1860 innoxius
965 1840 1015 1868 ap-

214 1876 346 1910 paruerit,
378 1876 532 1904 celebrator
554 1878 702 1911 ordinatio,
724 1878 783 1906 sive
809 1883 943 1913 praesente
956 1879 1015 1907 sive

214 1922 328 1950 absente
354 1928 526 1951 accusatore.
553 1924 709 1952 Accusator
730 1929 834 1959 autem,
851 1925 873 1953 si
891 1933 1013 1960 praesens

215 1975 271 1994 non
311 1969 479 2004 probaverit,
508 1971 566 1998 sive
593 1970 763 2005 [institutam
793 1971 1012 2008 accusationem]

214 2014 393 2042 deseruerit:
412 2015 558 2050 siquidem
584 2017 704 2044 clericus
726 2016 774 2049 'sit,
800 2017 912 2052 proprio
927 2017 1014 2052 gradu

215 2059 379 2095 depellitor;
407 2061 431 2088 si
454 2062 563 2094 laicus,
591 2067 792 2098 competentem
819 2063 1015 2090 coercitionem

215 2106 361 2134 sustineto.
381 2107 416 2134 At
442 2108 466 2135 si
493 2108 557 2144 quis
569 2114 730 2137 accusatum
757 2113 821 2137 ante
833 2109 1016 2137 examinatio-

216 2160 280 2180 nem
322 2153 516 2182 ordinaverit:
546 2160 601 2183 tam
629 2156 676 2191 qui
706 2156 856 2187 ordinavit,
870 2163 951 2190 quam
967 2154 1015 2190 qui

217 2199 360 2228 ordinatus
379 2205 430 2233 est,
454 2205 569 2237 uterque
586 2203 739 2230 sacerdotio
766 2202 920 2237 depellitor.
946 2201 1015 2229 Nota

219 2250 311 2274 autem
326 2253 488 2281 praesentem
501 2248 648 2280 novellam.
663 2249 735 2283 quod
750 2256 814 2276 eum
829 2248 878 2284 qui
897 2246 1017 2283 episcopi

219 2293 418 2321 ordinationem
439 2295 624 2322 calumniandi
646 2295 738 2323 animo
759 2294 923 2330 impedierit,
956 2301 1018 2329 ρει-α

219 2345 307 2375 petum
333 2343 611 2370 excommunicationi
631 2343 768 2376 subjiciat.
785 2341 863 2376 Quod
883 2349 949 2370 sane
969 2347 1020 2367 no-
1037 2335 1060 2363 Ι)

220 2393 284 2413 vum
314 2391 367 2419 est.
397 2392 425 2416 et
454 2393 595 2423 propterea
630 2389 711 2416 etiam
736 2388 907 2423 abrogatum.
927 2387 1020 2422 Neque

220 2430 295 2458 enim
313 2433 419 2460 novella
433 2432 581 2461 Justiuiaui
595 2433 621 2466 6,
637 2436 725 2469 neque
739 2433 789 2460 125
804 2433 917 2460 novella:
929 2431 1020 2468 lillud]

220 2482 312 2512 caput,
333 2479 407 2514 quod
424 2485 613 2508 accusatorem
634 2484 712 2508 extra
736 2480 906 2515 prminciam
924 2480 950 2506 in
965 2487 1019 2514 qua

221 2525 337 2558 habitat.
351 2526 413 2562 ejici
426 2527 560 2562 praecipit,
583 2527 609 2554 in
632 2526 713 2554 Basil.
733 2531 842 2562 recepta
862 2530 936 2553 sum.
965 2526 1017 2554 Sed

1052 296 1224 331 ἐπιτρέπειν
1243 295 1300 329 τὴν
1311 295 1370 322 τῶν
1385 294 1486 329 ἱερέων
1499 295 1658 330 ὲπιλογήν.

1086 352 1200 379 Συνόδου
1226 351 1387 383 Λαοδικείας
1405 350 1496 378 κανὼν
1523 349 1578 386 ιγ’·
1604 350 1715 377 συνόδου
1735 349 1852 383 Νικαίας

1051 399 1082 426 τὸ
1100 398 1121 434 β’
1137 399 1227 426 κανὼν
1244 397 1279 432 γ’.

1069 457 1216 489 ΓΚΕΦΑΛ.
1230 458 1271 485 H’.
1291 472 1321 479 —
1335 457 1404 492 Περὶ
1418 456 1475 492 τῆς
1495 455 1662 491 γενομένης
1678 456 1852 491 ἀντιλογίας

1052 504 1102 531 ἐπὶ
1118 504 1155 538 τῇ
1165 503 1335 539 χειροτονίᾳ
1346 503 1399 531 τοῦ
1417 503 1600 531 ἐπισκόπου.

1089 562 1203 590 Συνόδου
1230 563 1398 598 Ἀντιοχείας
1424 561 1516 589 κανὼν
1537 562 1570 589 ιθ¹
1584 571 1591 578 ·
1618 562 1729 589 συνόδου
1744 562 1854 599 Καρθα-

1054 608 1154 643 γέννης
1172 607 1263 635 κανὼν
1290 607 1345 644 μθ’.

1090 664 1244 698 Κείμενον.
1261 663 1356 695 Τίτλος
1371 672 1388 690 α
1409 663 1466 690 τῶν
1478 663 1605 699 Νεαρῶν,
1631 662 1753 696 διάταξις
1765 662 1800 696 α’,
1820 662 1854 699 β’,

1059 711 1103 743 ιζ’,
1115 720 1144 739 κ.
1161 720 1188 739 τ.
1203 711 1228 738 λ.
1247 719 1336 747 usque
1350 711 1395 745 ad,
1411 710 1607 748 κληρικῶνχαὶ
1623 710 1786 737 ἐπισκόπων
1805 710 1853 737 καὶ

1057 759 1125 794 ήγου
1129 758 1230 793 μένων.

1093 817 1233 852 Σχόλιον.
1252 816 1286 844 'H
1301 815 1325 844 α’
1339 816 1411 844 διάτ.
1430 815 1478 844 τοῦ
1491 815 1515 843 α’
1531 825 1584 844 τιτ.
1601 816 1656 843 τῶν
1668 815 1785 851 Νεαρῶν
1799 817 1860 843 ἐστι

1059 863 1145 900 νεαρὰ
1160 863 1378 894 Ίουστινιάνειος
1393 866 1433 896 ς’,
1448 863 1509 899 ἥτις
1535 862 1587 889 ούκ
1606 862 1688 897 ἐτέθη
1704 863 1744 894 είς
1761 862 1796 889 τὰ
1808 862 1861 888 Βα-

1060 910 1162 939 σιλικά.
1190 911 1223 937 Ἦ
1253 909 1275 946 β’
1295 909 1416 942 διάταξις
1435 909 1484 936 τοῦ
1509 909 1591 937 αὑτοῦ
1609 909 1663 936 τίτ.
1675 907 1730 936 τῶν
1743 908 1861 944 Νεαρῶν

1060 958 1118 985 ἐστι
1149 957 1235 994 νεαρὰ
1264 956 1482 988 ’ῐουστινιάνειος
1505 955 1575 992 ρκγ’,
1587 955 1667 983 τοῦτο
1684 955 1713 983 δὲ
1727 954 1814 990 αὐτῆς
1831 955 1862 982 τδ

1062 1012 1125 1037 κεφ.
1147 1004 1198 1030 οὒκ
1218 1003 1298 1038 ἐτέθη
1321 1004 1361 1034 εἰς
1374 1003 1408 1030 τὰ
1418 1002 1563 1029 Βασιλικά.
1588 1002 1623 1028 Ἦ
1647 1000 1679 1035 ιζ’
1698 1001 1767 1029 διάτ.
1787 1003 1863 1028 ἐστιν

1062 1049 1147 1084 νεαρὰ
1168 1049 1384 1080 Ἰουστινιάνειος
1417 1048 1490 1084 ρκγ“,
1521 1048 1636 1084 κειμένη
1656 1049 1686 1074 ὲν
1713 1047 1810 1083 βιϐλίῳ
1838 1047 1862 1082 γ’

1061 1095 1116 1122 τῶν
1131 1095 1296 1128 Βασιλικῶν,
1307 1095 1361 1123 τίτ.
1374 1093 1410 1128 α’,
1428 1103 1491 1128 κεφ.
1509 1093 1546 1129 η’,
1565 1093 1652 1126 οὕτως
1667 1093 1768 1128 ἔχοντι·
1787 1094 1820 1120 El
1833 1093 1862 1120 δέ

1061 1151 1106 1174 τις
1117 1142 1288 1177 κατηγορίαν
1304 1141 1406 1177 ποιήσῃ
1420 1140 1484 1167 τινὰ
1500 1140 1572 1167 κατὰ
1589 1139 1636 1166 τοῦ
1647 1139 1790 1175 μέλλοντος
1803 1148 1862 1174 χει-

1065 1187 1235 1225 ροτονεῖσθαι
1253 1187 1416 1219 ἐπισκόπου,
1433 1186 1450 1221 ἢ
1468 1185 1700 1222 πρεσϐυτέρου,ἢ
1722 1185 1860 1218 διακόνου,

1063 1234 1080 1271 ἢ
1095 1234 1176 1262 ἄλλου
1191 1233 1337 1270 κληρικοῦ,
1355 1234 1404 1260 καὶ
1419 1232 1573 1268 ἡγουμένου
1598 1233 1641 1267 ἐφ’
1657 1231 1804 1268 οίᾳδήποτε
1817 1232 1861 1258 al-

1063 1281 1120 1316 τίᾳ,
1137 1279 1332 1308 άναὸαλλέσθω
1348 1280 1365 1315 ἡ
1380 1279 1493 1314 τοιαύτη
1505 1278 1669 1315 χειροτονία,
1690 1279 1736 1305 καὶ
1745 1278 1864 1313 γινέσθω

1065 1327 1204 1362 πρότερον
1219 1325 1346 1358 ἐξέτασις
1379 1325 1429 1360 τῆς
1457 1323 1629 1361 κατηγορίας
1661 1323 1798 1359 παρόντος
1816 1323 1864 1350 τοῦ

1065 1372 1222 1407 κατηγόρου
1238 1372 1287 1399 καὶ
1300 1371 1457 1404 ἐπεξιόντος
1482 1371 1540 1402 τοῖς
1563 1369 1630 1405 παρ’
1643 1369 1728 1397 αὑτοῦ
1739 1377 1865 1405 προσαγ-

1064 1417 1214 1454 γελθεῖσιν.
1259 1418 1292 1445 Εἰ
1328 1417 1357 1445 δὲ
1386 1417 1620 1452 ἀπολιμπάνοιτο,
1642 1416 1659 1452 ἢ
1686 1415 1866 1443 ἀναὸάλλοιτο

1065 1466 1079 1492 ό
1093 1465 1257 1500 κατήγορος,
1274 1463 1321 1490 καὶ
1341 1463 1429 1495 οὕτως
1452 1463 1466 1489 ό
1482 1463 1534 1498 τὴν
1563 1461 1734 1498 χειροτονίαν
1760 1461 1865 1497 μέλλων

1066 1511 1154 1537 ποιεῖν
1175 1510 1290 1546 ζήτησιν
1320 1509 1524 1545 ἀκριϐεστάτην
1549 1508 1669 1535 ποείσθω
1693 1507 1786 1543 μηνῶν
1801 1508 1866 1534 εῐσω

1065 1558 1161 1593 τριῶν,
1177 1557 1224 1584 καὶ
1244 1557 1269 1583 εί
1300 1557 1350 1592 μὲν
1367 1555 1519 1583 ὑπεύθυνον
1538 1555 1606 1591 εὒρῃ
1622 1554 1668 1581 τὸν
1682 1554 1730 1590 τὴν
1746 1561 1867 1588 κατηγο-

1068 1604 1129 1640 ρίαν
1147 1603 1334 1638 ὑπομείναντα
1369 1600 1425 1628 εἴτε
1453 1600 1524 1628 κατὰ
1549 1601 1613 1632 τοὺς
1630 1599 1720 1631 θείους
1736 1599 1866 1632 κανόνας,

1068 1650 1124 1677 εἴτε
1139 1649 1210 1676 κατὰ
1222 1647 1453 1684 τοὺςὶήμετέρους
1469 1647 1569 1682 νόμους
1582 1646 1729 1674 κωλυέσθω
1740 1647 1758 1682 ή
1773 1654 1866 1682 χειρο-

1068 1696 1155 1724 τονία.
1182 1696 1214 1723 Et
1243 1695 1271 1722 δὲ
1300 1694 1448 1726 ἀνεύθυνος
1472 1693 1570 1729 φανείη
1593 1693 1650 1720 εῐτε
1665 1692 1802 1728 παρόντος
1820 1691 1867 1719 τοῦ

1069 1742 1224 1778 κατηγόρου
1238 1741 1255 1777 ἢ
1268 1741 1316 1768 καὶ
1325 1741 1442 1772 ἀπόντος
1469 1739 1586 1775 γινέσθω
1605 1739 1623 1774 ή
1647 1739 1814 1775 χειροτονία.
1838 1739 1869 1765 '0

1069 1787 1098 1815 δὲ
1126 1787 1281 1823 κατήγορος
1311 1787 1367 1813 εἴτε
1394 1785 1491 1822 παρὼν
1517 1785 1554 1821 μὴ
1572 1785 1782 1820 άποδείξῃ,εἴτε
1797 1784 1868 1810 ἀπο-

1070 1834 1170 1871 φεύγῃ,
1185 1835 1209 1861 εί
1228 1834 1278 1869 μὲν
1290 1833 1421 1869 κληρικὸς
1449 1832 1493 1867 εῐη
1517 1831 1671 1864 ἐξωθείσθω
1694 1831 1741 1858 τοῦ
1765 1831 1870 1857 οἰκείου

1071 1879 1189 1915 βαθμοῦ,
1205 1880 1230 1906 εί
1249 1879 1278 1906 δὲ
1293 1878 1389 1910 λαῖκὺς
1409 1877 1452 1913 εἴη
1487 1877 1534 1903 τὸν
1559 1876 1734 1912 προσήκοντα
1761 1883 1870 1910 σωφρο-

1070 1926 1167 1961 νισμὸν
1199 1924 1370 1960 ὑπομενέτω.
1395 1923 1427 1950 Et
1453 1923 1483 1950 δέ
1510 1931 1553 1953 τις
1572 1922 1627 1957 πρὸ
1651 1921 1805 1954 ἐξετάσεως
1825 1922 1872 1948 τὸν

1071 1971 1299 2007 κατηγορηθέντα
1313 1969 1503 2006 χειροτονήσῃ,
1526 1969 1570 1995 ὅτε
1586 1969 1784 2004 χειροτονήσας
1799 1969 1847 1995 καὶ
1857 1968 1872 1994 ό

1072 2017 1273 2055 χειροτονηθεὶς
1284 2018 1333 2053 τῆς
1350 2016 1501 2052 ἱερωσύνης
1509 2014 1695 2043 ὲκόαλλέσθω.
1708 2014 1873 2050 Σημείωσαι

1071 2063 1122 2099 τὴν
1139 2063 1282 2099 παροῦσαν
1312 2063 1413 2098 νεαρὰν
1442 2061 1563 2097 διηνεκεῖ
1578 2060 1726 2097 άφορισμῷ
1746 2060 1872 2088 καθυπο-

1073 2109 1224 2137 6άλλουσαν
1251 2109 1296 2136 τὸν
1321 2102 1508 2144 συκόφαντικῇ
1540 2107 1613 2143 ψυχῇ
1639 2107 1806 2134 κωλύσαντα
1823 2106 1873 2142 τὴν

1072 2156 1120 2183 τοῦ
1135 2155 1286 2183 ἐπισκόπου
1302 2154 1480 2190 χειροτονίαν.
1504 2153 1596 2190 Ὀπερ
1619 2153 1680 2181 ἐστὶ
1707 2153 1804 2180 καινὸν
1826 2153 1873 2179 καὶ

1073 2203 1117 2230 διὰ
1142 2201 1222 2229 τοῦτο
1247 2201 1295 2228 καὶ
1323 2191 1456 2237 ἀνῃρέθη.
1477 2201 1538 2227 Ἔτι
1561 2200 1716 2236 σημείωσαι
1737 2200 1779 2227 ὅτι
1809 2199 1873 2227 οὒτε

1074 2252 1091 2287 ἡ
1107 2251 1133 2284 ς’
1149 2250 1235 2287 νεαρὰ
1252 2249 1300 2277 τοῦ
1321 2247 1511 2277 Ἰουστινιανοῦ
1537 2247 1554 2283 ή
1580 2246 1699 2281 διηνεκεῖ
1722 2245 1874 2282 ἀφορισμῷ

1074 2297 1120 2324 τὸν
1148 2297 1302 2332 κατήγορον
1334 2295 1578 2322 καθυποῦάλλουσα
1602 2292 1664 2320 οὕτε
1687 2292 1718 2319 τὸ
1741 2293 1793 2328 τῆς
1815 2295 1874 2328 ρκγ

1073 2343 1173 2378 νεαρᾶς
1191 2350 1255 2376 κεφ.
1268 2340 1453 2376 διοριζόμενον
1476 2337 1655 2366 ἐκϐάλλεσθαι
1672 2336 1722 2372 τῆς
1736 2336 1874 2372 ἐπαρχίας

1075 2383 1091 2423 ᾖ
1103 2387 1204 2413 ἐνοικεῖ
1215 2386 1262 2412 τὸ)
1276 2386 1440 2420 κατήγορον,
1452 2383 1601 2419 ἐδέχθησαν
1622 2383 1662 2414 είς
1680 2382 1715 2408 τὰ
1726 2381 1874 2411 Βασιλικὰ,

1074 2433 1142 2460 ἀλλὰ
1159 2433 1188 2459 τὸ
1203 2431 1457 2468 φιλανθρωπότερον
1479 2438 1540 2464 κεφ.
1557 2429 1609 2464 τῆς
1627 2428 1712 2464 αὐτῆς
1729 2428 1833 2464 νεαρᾶς
1847 2428 1876 2454 τὸ

1073 2474 1257 2516 διοριζόμενον
1286 2479 1333 2506 τὸν
1358 2477 1480 2505 τοιοῦτον
1499 2476 1672 2512 συκοφάντην
1700 2475 1798 2502 λαῖκὸν
1827 2475 1876 2510 μὲν

1072 2526 1137 2553 ὄντα
1150 2524 1376 2561 σωφρονίζεσθαι,
1389 2523 1521 2559 κληρικδν
1533 2522 1562 2549 δὲ
1577 2521 1780 2557 καθαιρεῖσθαι.

220 2573 367 2608 benignius
388 2573 512 2608 ejusdem
536 2573 648 2601 novella:
676 2577 779 2608 caput,
806 2573 880 2609 quod
906 2572 989 2600 talem
1012 2573 1248 2605 calumniatorem,
1277 2572 1300 2600 si
1323 2572 1423 2606 laicus:
1438 2571 1483 2603 sit,
1502 2578 1565 2598 esse
1592 2568 1782 2605 castigandum
1807 2577 1814 2595 :
1835 2568 1879 2598 sin

220 2620 347 2653 clericus.
366 2620 558 2656 deponendum
570 2621 662 2649 statuit
683 2621 832 2658 [receptum
847 2619 910 2657 est].
946 2626 955 2653 a

258 2676 342 2704 Aliud
356 2676 496 2704 scholium.
515 2676 593 2710 Quod
611 2677 681 2704 intra
699 2681 755 2704 tres
768 2684 877 2705 menses
891 2676 1020 2705 introdu-

225 2727 298 2751 ctam
323 2722 457 2752 adversus
488 2723 672 2751 ordinandum
707 2723 928 2755 accusationem,
963 2724 1020 2750 sive

225 2773 359 2804 praesente
370 2769 428 2797 sive
442 2770 556 2797 absente
569 2773 739 2803 accusatore,
759 2769 849 2798 decidi
865 2769 1023 2805 [oporteat},

227 2815 346 2850 speciale
359 2820 411 2850 est,
426 2815 531 2852 [atque]
550 2822 661 2852 propter
675 2816 819 2844 utilitatem
842 2815 1024 2845 ordinationis

229 2861 445 2900 [constitutum].
479 2863 614 2892 Existimo
631 2864 724 2900 itaque
756 2864 926 2900 posteriores
940 2864 1023 2900 leges,

230 2915 291 2942 qua:
304 2908 413 2944 triginta
428 2910 525 2939 edictis
537 2910 640 2946 scripto
662 2910 869 2947 comprehensis
882 2916 1025 2940 accusato-

1118 2675 1199 2704 Ἀλλὰ
1213 2676 1262 2704 καὶ
1285 2676 1315 2703 τὸ
1337 2675 1412 2707 ἐντὸς
1435 2675 1529 2711 μηνῶν
1543 2675 1627 2711 τριῶν
1656 2674 1808 2710 τέμνεσθαι
1827 2674 1878 2710 τὴν

1073 2724 1144 2750 κατὰ
1152 2722 1200 2750 τοῦ
1207 2722 1429 2758 χειροτονηθῆναι
1437 2721 1591 2757 ὀφείλοντος
1600 2722 1694 2755 είσαγο
1698 2721 1784 2756 μένην
1792 2729 1878 2756 κατη-

1073 2770 1169 2806 γορίαν
1179 2769 1196 2806 ἢ
1205 2769 1339 2805 παρόντος
1347 2769 1393 2796 τοῦ
1402 2768 1556 2804 κατηγόρου
1571 2769 1588 2804 ἢ
1596 2769 1644 2796 καὶ
1654 2768 1773 2800 ἀπόντος
1792 2768 1878 2795 ιδικόν

1074 2819 1132 2845 ἐστι
1143 2817 1187 2844 διὰ
1196 2817 1226 2844 τὸ
1237 2817 1373 2852 χρήσιμον
1383 2816 1434 2850 τῆς
1449 2815 1628 2852 χειροτονίας.
1644 2813 1760 2849 Νομίζω
1771 2814 1820 2841 οὖν
1836 2815 1880 2841 ὅτι

1075 2864 1099 2891 οἱ
1113 2862 1340 2899 μεταγενέστεροι
1352 2862 1430 2897 νόμοι
1455 2863 1480 2889 οι
1493 2860 1674 2897 διοριζόμενοι
1688 2859 1733 2887 διὰ
1744 2869 1878 2896 τριακον-

1076 2910 1204 2947 θημέρων
1236 2909 1459 2945 ὲπιφωνημάτων
1478 2907 1692 2945 μετακαλείσθαι
1711 2907 1775 2940 τοὺς
1790 2915 1882 2942 κατη-
