  <div class='ocr_page' id='page_1' title='image "/cluster/home/n/w/nwhite01/storage/ocr_20150623/104/njp.32101077772885/504.png"; bbox 0 0 1946 3076; ppageno 0'>
   <div class='ocr_carea' id='block_1_1' title="bbox 94 162 141 194">
    <p class='ocr_par' dir='ltr' id='par_1_1' title="bbox 94 162 141 194">
     <span class='ocr_line' id='line_1_1' title="bbox 94 162 141 194; baseline 0 0"><span class='ocrx_word' id='word_1_1' title='bbox 94 162 141 194; x_wconf 83' lang='grc'><strong>993</strong></span> 
     </span>
    </p>
   </div>
   <div class='ocr_carea' id='block_1_2' title="bbox 591 158 1247 195">
    <p class='ocr_par' dir='ltr' id='par_1_2' title="bbox 591 158 1247 195">
     <span class='ocr_line' id='line_1_2' title="bbox 591 158 1247 195; baseline 0 -5"><span class='ocrx_word' id='word_1_2' title='bbox 591 158 834 190; x_wconf 78' lang='lat' dir='ltr'><strong>NOMOCANON.</strong></span> <span class='ocrx_word' id='word_1_3' title='bbox 846 170 880 177; x_wconf 91' lang='grc'><strong>-</strong></span> <span class='ocrx_word' id='word_1_4' title='bbox 898 158 973 189; x_wconf 84' lang='grc' dir='ltr'><strong>ΤΙΤ.</strong></span> <span class='ocrx_word' id='word_1_5' title='bbox 995 158 1022 195; x_wconf 89' lang='lat' dir='ltr'><strong>I,</strong></span> <span class='ocrx_word' id='word_1_6' title='bbox 1038 158 1118 189; x_wconf 91' lang='lat' dir='ltr'><strong>CAP.</strong></span> <span class='ocrx_word' id='word_1_7' title='bbox 1137 158 1247 190; x_wconf 83' lang='lat' dir='ltr'><strong>Vll-X.</strong></span> 
     </span>
    </p>
   </div>
   <div class='ocr_carea' id='block_1_3' title="bbox 1682 157 1735 190">
    <p class='ocr_par' dir='ltr' id='par_1_3' title="bbox 1682 157 1735 190">
     <span class='ocr_line' id='line_1_3' title="bbox 1682 157 1735 190; baseline -0.038 0"><span class='ocrx_word' id='word_1_8' title='bbox 1682 157 1735 190; x_wconf 63' lang='lat'><strong>994</strong></span> 
     </span>
    </p>
   </div>
   <div class='ocr_carea' id='block_1_4' title="bbox 96 213 897 254">
    <p class='ocr_par' dir='ltr' id='par_1_4' title="bbox 96 214 885 254">
     <span class='ocr_line' id='line_1_4' title="bbox 96 214 885 254; baseline -0.004 -10"><span class='ocrx_word' id='word_1_9' title='bbox 96 218 184 254; x_wconf 84' lang='grc' dir='ltr'>γόρους</span> <span class='ocrx_word' id='word_1_10' title='bbox 201 217 249 244; x_wconf 73' lang='grc' dir='ltr'>καὶ</span> <span class='ocrx_word' id='word_1_11' title='bbox 263 215 299 243; x_wconf 84' lang='grc' dir='ltr'><strong>τὰ</strong></span> <span class='ocrx_word' id='word_1_12' title='bbox 321 215 404 243; x_wconf 76' lang='grc' dir='ltr'>λοιπὰ</span> <span class='ocrx_word' id='word_1_13' title='bbox 426 215 461 243; x_wconf 83' lang='grc' dir='ltr'><strong>τὰ</strong></span> <span class='ocrx_word' id='word_1_14' title='bbox 477 215 542 252; x_wconf 77' lang='grc' dir='ltr'>περὶ</span> <span class='ocrx_word' id='word_1_15' title='bbox 561 215 725 251; x_wconf 85' lang='grc' dir='ltr'>κατηγόρων</span> <span class='ocrx_word' id='word_1_16' title='bbox 735 214 885 250; x_wconf 80' lang='grc' dir='ltr'>νομοθετη-</span> 
     </span>
    </p>
   </div>
   <div class='ocr_carea' id='block_1_5' title="bbox 957 213 1736 254">
    <p class='ocr_par' dir='ltr' id='par_1_5' title="bbox 957 213 1736 250">
     <span class='ocr_line' id='line_1_5' title="bbox 957 213 1736 250; baseline 0 -9"><span class='ocrx_word' id='word_1_17' title='bbox 957 221 981 242; x_wconf 63' lang='lat' dir='ltr'><strong>as</strong></span> <span class='ocrx_word' id='word_1_18' title='bbox 1008 214 1163 243; x_wconf 80' lang='lat' dir='ltr'><strong>evocandos</strong></span> <span class='ocrx_word' id='word_1_19' title='bbox 1193 221 1255 242; x_wconf 87' lang='lat' dir='ltr'><strong>esse</strong></span> <span class='ocrx_word' id='word_1_20' title='bbox 1269 217 1407 248; x_wconf 82' lang='lat' dir='ltr'><strong>statuunt,</strong></span> <span class='ocrx_word' id='word_1_21' title='bbox 1430 221 1464 242; x_wconf 85' lang='lat' dir='ltr'><strong>ac</strong></span> <span class='ocrx_word' id='word_1_22' title='bbox 1477 213 1612 250; x_wconf 86' lang='lat' dir='ltr'><strong>[insuper]</strong></span> <span class='ocrx_word' id='word_1_23' title='bbox 1631 213 1736 249; x_wconf 88' lang='lat' dir='ltr'><strong>reliqua</strong></span> 
     </span>
    </p>
   </div>
   <div class='ocr_carea' id='block_1_6' title="bbox 96 260 880 298">
    <p class='ocr_par' dir='ltr' id='par_1_6' title="bbox 96 260 880 298">
     <span class='ocr_line' id='line_1_6' title="bbox 96 260 880 298; baseline -0.004 -8"><span class='ocrx_word' id='word_1_24' title='bbox 96 263 169 290; x_wconf 82' lang='grc' dir='ltr'>θὲντα</span> <span class='ocrx_word' id='word_1_25' title='bbox 183 262 234 290; x_wconf 83' lang='grc' dir='ltr'>οὐκ</span> <span class='ocrx_word' id='word_1_26' title='bbox 253 261 346 298; x_wconf 83' lang='grc' dir='ltr'>ἔχουσι</span> <span class='ocrx_word' id='word_1_27' title='bbox 365 261 458 296; x_wconf 85' lang='grc' dir='ltr'>χώραν</span> <span class='ocrx_word' id='word_1_28' title='bbox 471 261 518 288; x_wconf 75' lang='grc' dir='ltr'>ἐπὶ</span> <span class='ocrx_word' id='word_1_29' title='bbox 536 261 584 288; x_wconf 83' lang='grc' dir='ltr'>τοῦ</span> <span class='ocrx_word' id='word_1_30' title='bbox 600 261 734 297; x_wconf 80' lang='grc' dir='ltr'><strong>παρόντος</strong></span> <span class='ocrx_word' id='word_1_31' title='bbox 751 260 880 294; x_wconf 80' lang='grc' dir='ltr'>Θέματος.</span> 
     </span>
    </p>
   </div>
   <div class='ocr_carea' id='block_1_7' title="bbox 97 305 883 344">
    <p class='ocr_par' dir='ltr' id='par_1_7' title="bbox 97 305 883 344">
     <span class='ocr_line' id='line_1_7' title="bbox 97 305 883 344; baseline -0.005 -8"><span class='ocrx_word' id='word_1_32' title='bbox 97 310 127 336; x_wconf 85' lang='lat' dir='ltr'><strong>El</strong></span> <span class='ocrx_word' id='word_1_33' title='bbox 137 309 188 344; x_wconf 85' lang='grc' dir='ltr'><strong>γὰρ</strong></span> <span class='ocrx_word' id='word_1_34' title='bbox 202 308 294 344; x_wconf 75' lang='grc' dir='ltr'>δοθείη</span> <span class='ocrx_word' id='word_1_35' title='bbox 311 306 388 334; x_wconf 85' lang='grc' dir='ltr'>τοῦτο</span> <span class='ocrx_word' id='word_1_36' title='bbox 402 306 529 342; x_wconf 84' lang='grc' dir='ltr'>σχολάσει</span> <span class='ocrx_word' id='word_1_37' title='bbox 547 306 579 333; x_wconf 80' lang='grc' dir='ltr'>τὸ</span> <span class='ocrx_word' id='word_1_38' title='bbox 590 305 713 341; x_wconf 85' lang='grc' dir='ltr'>γίνεσθαι</span> <span class='ocrx_word' id='word_1_39' title='bbox 725 305 774 342; x_wconf 76' lang='grc' dir='ltr'>τὴν</span> <span class='ocrx_word' id='word_1_40' title='bbox 788 305 883 339; x_wconf 77' lang='grc' dir='ltr'>ἐξέτα-</span> 
     </span>
    </p>
   </div>
   <div class='ocr_carea' id='block_1_8' title="bbox 98 351 882 390">
    <p class='ocr_par' dir='ltr' id='par_1_8' title="bbox 98 351 882 390">
     <span class='ocr_line' id='line_1_8' title="bbox 98 351 882 390; baseline -0.005 -8"><span class='ocrx_word' id='word_1_41' title='bbox 98 364 135 382; x_wconf 91' lang='grc' dir='ltr'><strong>σιν</strong></span> <span class='ocrx_word' id='word_1_42' title='bbox 161 354 236 386; x_wconf 76' lang='grc' dir='ltr'>ἐντὸς</span> <span class='ocrx_word' id='word_1_43' title='bbox 259 353 421 390; x_wconf 83' lang='grc' dir='ltr'>τριμηναίου</span> <span class='ocrx_word' id='word_1_44' title='bbox 444 352 553 388; x_wconf 83' lang='grc' dir='ltr'>καιροῦ.</span> <span class='ocrx_word' id='word_1_45' title='bbox 577 352 609 379; x_wconf 88' lang='grc' dir='ltr'><strong>Ἦ</strong></span> <span class='ocrx_word' id='word_1_46' title='bbox 638 353 730 388; x_wconf 83' lang='grc' dir='ltr'>μέντοι</span> <span class='ocrx_word' id='word_1_47' title='bbox 757 351 814 379; x_wconf 85' lang='grc' dir='ltr'><strong>τῶν</strong></span> <span class='ocrx_word' id='word_1_48' title='bbox 834 352 882 385; x_wconf 86' lang='grc' dir='ltr'>ἐγ-</span> 
     </span>
    </p>
   </div>
   <div class='ocr_carea' id='block_1_9' title="bbox 96 398 883 438">
    <p class='ocr_par' dir='ltr' id='par_1_9' title="bbox 96 398 883 438">
     <span class='ocr_line' id='line_1_9' title="bbox 96 398 883 438; baseline -0.005 -9"><span class='ocrx_word' id='word_1_49' title='bbox 96 401 202 438; x_wconf 81' lang='grc' dir='ltr'><strong>γράφων</strong></span> <span class='ocrx_word' id='word_1_50' title='bbox 227 401 301 432; x_wconf 85' lang='grc' dir='ltr'>δόσις</span> <span class='ocrx_word' id='word_1_51' title='bbox 314 400 505 436; x_wconf 78' lang='grc' dir='ltr'><strong>ἀπαραίτητος</strong></span> <span class='ocrx_word' id='word_1_52' title='bbox 523 400 682 434; x_wconf 84' lang='grc' dir='ltr'>γενήσεται,</span> <span class='ocrx_word' id='word_1_53' title='bbox 699 398 747 426; x_wconf 84' lang='grc' dir='ltr'>τοῦ</span> <span class='ocrx_word' id='word_1_54' title='bbox 762 398 883 433; x_wconf 82' lang='grc' dir='ltr'>κατηγό-</span> 
     </span>
    </p>
   </div>
   <div class='ocr_carea' id='block_1_10' title="bbox 98 445 885 482">
    <p class='ocr_par' dir='ltr' id='par_1_10' title="bbox 98 445 885 482">
     <span class='ocr_line' id='line_1_10' title="bbox 98 445 885 482; baseline -0.003 -9"><span class='ocrx_word' id='word_1_55' title='bbox 98 455 140 482; x_wconf 79' lang='lat' dir='ltr'><strong>pou</strong></span> <span class='ocrx_word' id='word_1_56' title='bbox 156 445 188 473; x_wconf 86' lang='grc' dir='ltr'><strong>δι’</strong></span> <span class='ocrx_word' id='word_1_57' title='bbox 203 446 392 482; x_wconf 85' lang='grc' dir='ltr'>όλιγοημέρων</span> <span class='ocrx_word' id='word_1_58' title='bbox 410 445 579 481; x_wconf 83' lang='grc' dir='ltr'><strong>μηνυμάτων</strong></span> <span class='ocrx_word' id='word_1_59' title='bbox 591 445 738 481; x_wconf 77' lang='grc' dir='ltr'><strong>ἐγγράφων</strong></span> <span class='ocrx_word' id='word_1_60' title='bbox 767 452 885 480; x_wconf 83' lang='grc' dir='ltr'>μετακα-</span> 
     </span>
    </p>
   </div>
   <div class='ocr_carea' id='block_1_11' title="bbox 97 493 232 529">
    <p class='ocr_par' dir='ltr' id='par_1_11' title="bbox 97 493 232 529">
     <span class='ocr_line' id='line_1_11' title="bbox 97 493 232 529; baseline 0 -9"><span class='ocrx_word' id='word_1_61' title='bbox 97 494 138 520; x_wconf 84' lang='grc' dir='ltr'><strong>λου</strong></span> <span class='ocrx_word' id='word_1_62' title='bbox 142 493 221 529; x_wconf 80' lang='grc' dir='ltr'>μένου</span> <span class='ocrx_word' id='word_1_63' title='bbox 225 512 232 520; x_wconf 92' lang='grc'>.</span> 
     </span>
    </p>
   </div>
   <div class='ocr_carea' id='block_1_12' title="bbox 130 590 891 629">
    <p class='ocr_par' dir='ltr' id='par_1_12' title="bbox 130 590 891 629">
     <span class='ocr_line' id='line_1_12' title="bbox 130 590 891 629; baseline -0.005 -7"><span class='ocrx_word' id='word_1_64' title='bbox 130 593 254 622; x_wconf 79' lang='grc' dir='ltr'><strong>ΚΕΦΑΛ.</strong></span> <span class='ocrx_word' id='word_1_65' title='bbox 272 594 312 622; x_wconf 87' lang='grc' dir='ltr'><strong>Θ’.</strong></span> <span class='ocrx_word' id='word_1_66' title='bbox 324 609 361 615; x_wconf 91' lang='lat'><strong><em>—</em></strong></span> <span class='ocrx_word' id='word_1_67' title='bbox 379 594 450 629; x_wconf 74' lang='grc' dir='ltr'>Περὶ</span> <span class='ocrx_word' id='word_1_68' title='bbox 471 593 526 622; x_wconf 79' lang='grc' dir='ltr'>τοῦ</span> <span class='ocrx_word' id='word_1_69' title='bbox 552 593 666 629; x_wconf 82' lang='grc' dir='ltr'>χρόνου</span> <span class='ocrx_word' id='word_1_70' title='bbox 680 590 717 621; x_wconf 85' lang='grc' dir='ltr'>οὗ</span> <span class='ocrx_word' id='word_1_71' title='bbox 740 591 828 626; x_wconf 78' lang='grc' dir='ltr'>ἐντὸς</span> <span class='ocrx_word' id='word_1_72' title='bbox 843 591 891 619; x_wconf 81' lang='grc' dir='ltr'><strong>δεῖ</strong></span> 
     </span>
    </p>
   </div>
   <div class='ocr_carea' id='block_1_13' title="bbox 96 640 628 676">
    <p class='ocr_par' dir='ltr' id='par_1_13' title="bbox 96 640 628 676">
     <span class='ocr_line' id='line_1_13' title="bbox 96 640 628 676; baseline -0.004 -7"><span class='ocrx_word' id='word_1_73' title='bbox 96 641 164 675; x_wconf 78' lang='grc' dir='ltr'>τσὺς</span> <span class='ocrx_word' id='word_1_74' title='bbox 178 641 366 674; x_wconf 78' lang='grc' dir='ltr'><strong>ἐπισκόπους</strong></span> <span class='ocrx_word' id='word_1_75' title='bbox 384 640 628 676; x_wconf 73' lang='grc' dir='ltr'>χειροτονεᾶγθαι.</span> 
     </span>
    </p>
   </div>
   <div class='ocr_carea' id='block_1_14' title="bbox 130 685 888 724">
    <p class='ocr_par' dir='ltr' id='par_1_14' title="bbox 130 685 888 724">
     <span class='ocr_line' id='line_1_14' title="bbox 130 685 888 724; baseline -0.003 -9"><span class='ocrx_word' id='word_1_76' title='bbox 130 688 241 715; x_wconf 88' lang='grc' dir='ltr'>Συνόδου</span> <span class='ocrx_word' id='word_1_77' title='bbox 267 688 440 724; x_wconf 70' lang='grc' dir='ltr'><strong>Χαλκηδόνος</strong></span> <span class='ocrx_word' id='word_1_78' title='bbox 465 687 556 715; x_wconf 80' lang='grc' dir='ltr'>κανὼν</span> <span class='ocrx_word' id='word_1_79' title='bbox 581 685 633 714; x_wconf 81' lang='grc' dir='ltr'>κε’·</span> <span class='ocrx_word' id='word_1_80' title='bbox 659 686 769 714; x_wconf 84' lang='grc' dir='ltr'><strong>συνόδου</strong></span> <span class='ocrx_word' id='word_1_81' title='bbox 784 685 812 719; x_wconf 82' lang='grc' dir='ltr'>ς’</span> <span class='ocrx_word' id='word_1_82' title='bbox 835 695 888 714; x_wconf 86' lang='grc' dir='ltr'>κα-</span> 
     </span>
    </p>
   </div>
   <div class='ocr_carea' id='block_1_15' title="bbox 98 733 205 762">
    <p class='ocr_par' dir='ltr' id='par_1_15' title="bbox 98 733 205 762">
     <span class='ocr_line' id='line_1_15' title="bbox 98 733 205 762; baseline 0.009 -1"><span class='ocrx_word' id='word_1_83' title='bbox 98 733 148 761; x_wconf 89' lang='grc' dir='ltr'>νὼν</span> <span class='ocrx_word' id='word_1_84' title='bbox 164 733 205 762; x_wconf 88' lang='grc' dir='ltr'>ιδ’.</span> 
     </span>
    </p>
   </div>
   <div class='ocr_carea' id='block_1_16' title="bbox 133 777 889 816">
    <p class='ocr_par' dir='ltr' id='par_1_16' title="bbox 133 777 889 816">
     <span class='ocr_line' id='line_1_16' title="bbox 133 777 889 816; baseline -0.005 -7"><span class='ocrx_word' id='word_1_85' title='bbox 133 781 287 816; x_wconf 58' lang='lat' dir='ltr'><strong>Ife/pavor.</strong></span> <span class='ocrx_word' id='word_1_86' title='bbox 318 779 351 807; x_wconf 82' lang='grc' dir='ltr'><strong><em>Ἦ</em></strong></span> <span class='ocrx_word' id='word_1_87' title='bbox 369 779 391 816; x_wconf 88' lang='grc' dir='ltr'><strong>β’</strong></span> <span class='ocrx_word' id='word_1_88' title='bbox 406 780 479 808; x_wconf 77' lang='grc' dir='ltr'>διά-ι.</span> <span class='ocrx_word' id='word_1_89' title='bbox 506 779 554 807; x_wconf 83' lang='grc' dir='ltr'><strong>τοῦ</strong></span> <span class='ocrx_word' id='word_1_90' title='bbox 569 778 593 807; x_wconf 87' lang='grc' dir='ltr'>α’</span> <span class='ocrx_word' id='word_1_91' title='bbox 621 779 675 807; x_wconf 85' lang='grc' dir='ltr'>τίτ.</span> <span class='ocrx_word' id='word_1_92' title='bbox 693 778 748 806; x_wconf 85' lang='grc' dir='ltr'><strong>τῶν</strong></span> <span class='ocrx_word' id='word_1_93' title='bbox 771 777 889 815; x_wconf 59' lang='lat' dir='ltr'><strong>Neap?th</strong></span> 
     </span>
    </p>
   </div>
   <div class='ocr_carea' id='block_1_17' title="bbox 100 824 811 862">
    <p class='ocr_par' dir='ltr' id='par_1_17' title="bbox 100 824 811 862">
     <span class='ocr_line' id='line_1_17' title="bbox 100 824 811 862; baseline -0.003 -8"><span class='ocrx_word' id='word_1_94' title='bbox 100 835 189 862; x_wconf 82' lang='grc' dir='ltr'>φησιν,</span> <span class='ocrx_word' id='word_1_95' title='bbox 205 835 233 854; x_wconf 82' lang='grc' dir='ltr'>κ.</span> <span class='ocrx_word' id='word_1_96' title='bbox 251 835 278 854; x_wconf 85' lang='grc' dir='ltr'>τ.</span> <span class='ocrx_word' id='word_1_97' title='bbox 299 826 325 853; x_wconf 89' lang='grc' dir='ltr'><strong>λ.</strong></span> <span class='ocrx_word' id='word_1_98' title='bbox 335 847 344 860; x_wconf 88' lang='grc'><em>,</em></span> <span class='ocrx_word' id='word_1_99' title='bbox 361 834 449 862; x_wconf 89' lang='lat' dir='ltr'><strong>usque</strong></span> <span class='ocrx_word' id='word_1_100' title='bbox 462 826 494 854; x_wconf 80' lang='lat' dir='ltr'><strong>ad</strong></span> <span class='ocrx_word' id='word_1_101' title='bbox 510 824 811 862; x_wconf 73' lang='grc' dir='ltr'>παραφυλαττομένων.</span> 
     </span>
    </p>
   </div>
   <div class='ocr_carea' id='block_1_18' title="bbox 934 259 1734 296">
    <p class='ocr_par' dir='ltr' id='par_1_18' title="bbox 934 259 1734 296">
     <span class='ocr_line' id='line_1_18' title="bbox 934 259 1734 296; baseline 0 -8"><span class='ocrx_word' id='word_1_102' title='bbox 934 267 996 295; x_wconf 65' lang='lat' dir='ltr'><strong>quae</strong></span> <span class='ocrx_word' id='word_1_103' title='bbox 1010 261 1044 288; x_wconf 90' lang='lat' dir='ltr'><strong>de</strong></span> <span class='ocrx_word' id='word_1_104' title='bbox 1058 261 1266 288; x_wconf 85' lang='lat' dir='ltr'><strong>accusatoribus</strong></span> <span class='ocrx_word' id='word_1_105' title='bbox 1283 260 1390 294; x_wconf 68' lang='lat' dir='ltr'><strong>legibus</strong></span> <span class='ocrx_word' id='word_1_106' title='bbox 1403 260 1511 296; x_wconf 83' lang='lat' dir='ltr'><strong>prodita</strong></span> <span class='ocrx_word' id='word_1_107' title='bbox 1528 264 1603 290; x_wconf 88' lang='lat' dir='ltr'><strong>sunt,</strong></span> <span class='ocrx_word' id='word_1_108' title='bbox 1617 259 1644 286; x_wconf 93' lang='lat' dir='ltr'><strong>in</strong></span> <span class='ocrx_word' id='word_1_109' title='bbox 1662 267 1734 295; x_wconf 83' lang='lat' dir='ltr'><strong>prae-</strong></span> 
     </span>
    </p>
   </div>
   <div class='ocr_carea' id='block_1_19' title="bbox 933 305 1738 341">
    <p class='ocr_par' dir='ltr' id='par_1_19' title="bbox 933 305 1738 341">
     <span class='ocr_line' id='line_1_19' title="bbox 933 305 1738 341; baseline 0 -8"><span class='ocrx_word' id='word_1_110' title='bbox 933 305 1004 334; x_wconf 90' lang='lat' dir='ltr'><strong>senti</strong></span> <span class='ocrx_word' id='word_1_111' title='bbox 1020 305 1111 341; x_wconf 87' lang='lat' dir='ltr'><strong>specie</strong></span> <span class='ocrx_word' id='word_1_112' title='bbox 1126 314 1182 333; x_wconf 85' lang='lat' dir='ltr'><strong>non</strong></span> <span class='ocrx_word' id='word_1_113' title='bbox 1203 306 1305 334; x_wconf 83' lang='lat' dir='ltr'><strong>habere</strong></span> <span class='ocrx_word' id='word_1_114' title='bbox 1324 307 1425 334; x_wconf 84' lang='lat' dir='ltr'><strong>locum.</strong></span> <span class='ocrx_word' id='word_1_115' title='bbox 1440 305 1508 333; x_wconf 84' lang='lat' dir='ltr'><strong>Nam</strong></span> <span class='ocrx_word' id='word_1_116' title='bbox 1522 305 1546 333; x_wconf 92' lang='lat' dir='ltr'><strong>si</strong></span> <span class='ocrx_word' id='word_1_117' title='bbox 1572 305 1623 333; x_wconf 93' lang='lat' dir='ltr'><strong>hoc</strong></span> <span class='ocrx_word' id='word_1_118' title='bbox 1638 312 1738 333; x_wconf 86' lang='lat' dir='ltr'><strong>conce-</strong></span> 
     </span>
    </p>
   </div>
   <div class='ocr_carea' id='block_1_20' title="bbox 934 351 1736 387">
    <p class='ocr_par' dir='ltr' id='par_1_20' title="bbox 934 351 1736 387">
     <span class='ocr_line' id='line_1_20' title="bbox 934 351 1736 387; baseline 0.001 -9"><span class='ocrx_word' id='word_1_119' title='bbox 934 351 1026 385; x_wconf 86' lang='lat' dir='ltr'><strong>datur,</strong></span> <span class='ocrx_word' id='word_1_120' title='bbox 1038 352 1206 387; x_wconf 82' lang='lat' dir='ltr'><strong>superﬂuum</strong></span> <span class='ocrx_word' id='word_1_121' title='bbox 1216 352 1269 379; x_wconf 90' lang='lat' dir='ltr'><strong>erit</strong></span> <span class='ocrx_word' id='word_1_122' title='bbox 1281 351 1353 387; x_wconf 90' lang='lat' dir='ltr'><strong>quod</strong></span> <span class='ocrx_word' id='word_1_123' title='bbox 1365 352 1437 380; x_wconf 89' lang='lat' dir='ltr'><strong>intra</strong></span> <span class='ocrx_word' id='word_1_124' title='bbox 1454 352 1594 379; x_wconf 71' lang='lat' dir='ltr'><strong>trimestre</strong></span> <span class='ocrx_word' id='word_1_125' title='bbox 1616 351 1736 386; x_wconf 81' lang='lat' dir='ltr'><strong>spatium</strong></span> 
     </span>
    </p>
   </div>
   <div class='ocr_carea' id='block_1_21' title="bbox 935 398 1737 431">
    <p class='ocr_par' dir='ltr' id='par_1_21' title="bbox 935 398 1737 431">
     <span class='ocr_line' id='line_1_21' title="bbox 935 398 1737 431; baseline 0.001 -6"><span class='ocrx_word' id='word_1_126' title='bbox 935 398 1104 426; x_wconf 69' lang='lat' dir='ltr'><strong>examinatio</strong></span> <span class='ocrx_word' id='word_1_127' title='bbox 1122 398 1180 426; x_wconf 84' lang='lat' dir='ltr'><strong>ﬁeri</strong></span> <span class='ocrx_word' id='word_1_128' title='bbox 1198 399 1307 426; x_wconf 83' lang='lat' dir='ltr'><strong>debeat.</strong></span> <span class='ocrx_word' id='word_1_129' title='bbox 1326 398 1579 431; x_wconf 83' lang='lat' dir='ltr'><strong>Verumenimvero,</strong></span> <span class='ocrx_word' id='word_1_130' title='bbox 1594 406 1658 426; x_wconf 90' lang='lat' dir='ltr'><strong>cum</strong></span> <span class='ocrx_word' id='word_1_131' title='bbox 1689 406 1737 426; x_wconf 91' lang='lat' dir='ltr'><strong>ac—</strong></span> 
     </span>
    </p>
   </div>
   <div class='ocr_carea' id='block_1_22' title="bbox 936 444 1738 480">
    <p class='ocr_par' dir='ltr' id='par_1_22' title="bbox 936 444 1738 480">
     <span class='ocr_line' id='line_1_22' title="bbox 936 444 1738 480; baseline 0.002 -9"><span class='ocrx_word' id='word_1_132' title='bbox 936 448 1049 471; x_wconf 84' lang='lat' dir='ltr'><strong>cusator</strong></span> <span class='ocrx_word' id='word_1_133' title='bbox 1071 452 1220 479; x_wconf 84' lang='lat' dir='ltr'><strong>paucorum</strong></span> <span class='ocrx_word' id='word_1_134' title='bbox 1245 445 1353 472; x_wconf 88' lang='lat' dir='ltr'><strong>dierum</strong></span> <span class='ocrx_word' id='word_1_135' title='bbox 1389 444 1493 480; x_wconf 88' lang='lat' dir='ltr'><strong>scripto</strong></span> <span class='ocrx_word' id='word_1_136' title='bbox 1527 445 1738 479; x_wconf 88' lang='lat' dir='ltr'><strong>c0mprehcnsis</strong></span> 
     </span>
    </p>
   </div>
   <div class='ocr_carea' id='block_1_23' title="bbox 936 487 1738 526">
    <p class='ocr_par' dir='ltr' id='par_1_23' title="bbox 936 487 1738 526">
     <span class='ocr_line' id='line_1_23' title="bbox 936 487 1738 526; baseline 0.002 -11"><span class='ocrx_word' id='word_1_137' title='bbox 936 488 1035 516; x_wconf 87' lang='lat' dir='ltr'><strong>edictis</strong></span> <span class='ocrx_word' id='word_1_138' title='bbox 1060 490 1294 524; x_wconf 81' lang='lat' dir='ltr'><strong>evocari-debeat,</strong></span> <span class='ocrx_word' id='word_1_139' title='bbox 1310 489 1503 519; x_wconf 84' lang='lat' dir='ltr'><strong>inevitabiliter</strong></span> <span class='ocrx_word' id='word_1_140' title='bbox 1516 487 1555 525; x_wconf 85' lang='lat' dir='ltr'><strong>[et</strong></span> <span class='ocrx_word' id='word_1_141' title='bbox 1568 489 1738 526; x_wconf 81' lang='lat' dir='ltr'><strong>necessario]</strong></span> 
     </span>
    </p>
   </div>
   <div class='ocr_carea' id='block_1_24' title="bbox 937 535 1221 571">
    <p class='ocr_par' dir='ltr' id='par_1_24' title="bbox 937 535 1221 571">
     <span class='ocr_line' id='line_1_24' title="bbox 937 535 1221 571; baseline 0.004 -8"><span class='ocrx_word' id='word_1_142' title='bbox 937 535 983 563; x_wconf 86' lang='lat' dir='ltr'><strong>illa</strong></span> <span class='ocrx_word' id='word_1_143' title='bbox 998 535 1058 563; x_wconf 85' lang='lat' dir='ltr'><strong>dari</strong></span> <span class='ocrx_word' id='word_1_144' title='bbox 1074 536 1221 571; x_wconf 75' lang='lat' dir='ltr'><strong>oportebit.</strong></span> 
     </span>
    </p>
   </div>
   <div class='ocr_carea' id='block_1_25' title="bbox 974 593 1740 636">
    <p class='ocr_par' dir='ltr' id='par_1_25' title="bbox 974 593 1740 636">
     <span class='ocr_line' id='line_1_25' title="bbox 974 593 1740 636; baseline 0.001 -16"><span class='ocrx_word' id='word_1_145' title='bbox 974 593 1052 621; x_wconf 83' lang='lat' dir='ltr'><strong>CAP.</strong></span> <span class='ocrx_word' id='word_1_146' title='bbox 1064 593 1113 621; x_wconf 84' lang='lat' dir='ltr'><strong>IX.</strong></span> <span class='ocrx_word' id='word_1_147' title='bbox 1127 609 1160 614; x_wconf 92' lang='lat'><strong><em>—</em></strong></span> <span class='ocrx_word' id='word_1_148' title='bbox 1174 593 1252 622; x_wconf 85' lang='lat' dir='ltr'><strong>Intra</strong></span> <span class='ocrx_word' id='word_1_149' title='bbox 1268 595 1339 630; x_wconf 86' lang='lat' dir='ltr'><strong>quod</strong></span> <span class='ocrx_word' id='word_1_150' title='bbox 1350 599 1452 630; x_wconf 75' lang='lat' dir='ltr'><strong>tempus</strong></span> <span class='ocrx_word' id='word_1_151' title='bbox 1466 594 1583 636; x_wconf 67' lang='lat' dir='ltr'><strong>episcopi</strong></span> <span class='ocrx_word' id='word_1_152' title='bbox 1595 594 1740 622; x_wconf 76' lang='lat' dir='ltr'><strong>ordinandi</strong></span> 
     </span>
    </p>
   </div>
   <div class='ocr_carea' id='block_1_26' title="bbox 939 640 1002 667">
    <p class='ocr_par' dir='ltr' id='par_1_26' title="bbox 939 640 1002 667">
     <span class='ocr_line' id='line_1_26' title="bbox 939 640 1002 667; baseline 0 0"><span class='ocrx_word' id='word_1_153' title='bbox 939 640 1002 667; x_wconf 76' lang='lat' dir='ltr'><strong>sint.</strong></span> 
     </span>
    </p>
   </div>
   <div class='ocr_carea' id='block_1_27' title="bbox 976 678 1740 723">
    <p class='ocr_par' dir='ltr' id='par_1_27' title="bbox 976 678 1740 723">
     <span class='ocr_line' id='line_1_27' title="bbox 976 678 1740 723; baseline 0.003 -10"><span class='ocrx_word' id='word_1_154' title='bbox 976 686 1092 714; x_wconf 88' lang='lat' dir='ltr'><strong>Coneilii</strong></span> <span class='ocrx_word' id='word_1_155' title='bbox 1117 686 1352 716; x_wconf 82' lang='lat' dir='ltr'><strong>Chalcedonensis</strong></span> <span class='ocrx_word' id='word_1_156' title='bbox 1385 696 1474 716; x_wconf 89' lang='lat' dir='ltr'><strong>canon</strong></span> <span class='ocrx_word' id='word_1_157' title='bbox 1503 688 1554 723; x_wconf 77' lang='lat'><strong>25;</strong></span> <span class='ocrx_word' id='word_1_158' title='bbox 1577 678 1688 717; x_wconf 82' lang='lat' dir='ltr'><strong>concilii</strong></span> <span class='ocrx_word' id='word_1_159' title='bbox 1713 695 1740 715; x_wconf 83' lang='lat' dir='ltr'><strong>vt</strong></span> 
     </span>
    </p>
   </div>
   <div class='ocr_carea' id='block_1_28' title="bbox 940 733 1104 768">
    <p class='ocr_par' dir='ltr' id='par_1_28' title="bbox 940 733 1104 768">
     <span class='ocr_line' id='line_1_28' title="bbox 940 733 1104 768; baseline 0 -7"><span class='ocrx_word' id='word_1_160' title='bbox 940 740 1031 761; x_wconf 84' lang='lat' dir='ltr'><strong>canon</strong></span> <span class='ocrx_word' id='word_1_161' title='bbox 1051 733 1104 768; x_wconf 76' lang='lat' dir='ltr'><strong>M;</strong></span> 
     </span>
    </p>
   </div>
   <div class='ocr_carea' id='block_1_29' title="bbox 979 778 1744 816">
    <p class='ocr_par' dir='ltr' id='par_1_29' title="bbox 979 778 1744 816">
     <span class='ocr_line' id='line_1_29' title="bbox 979 778 1744 816; baseline 0.003 -10"><span class='ocrx_word' id='word_1_162' title='bbox 979 778 1091 806; x_wconf 67' lang='lat' dir='ltr'><strong>Tactus.</strong></span> <span class='ocrx_word' id='word_1_163' title='bbox 1128 779 1225 808; x_wconf 88' lang='lat' dir='ltr'><strong>Const.</strong></span> <span class='ocrx_word' id='word_1_164' title='bbox 1250 780 1279 813; x_wconf 74' lang='grc'><strong>2,</strong></span> <span class='ocrx_word' id='word_1_165' title='bbox 1299 780 1343 808; x_wconf 91' lang='lat' dir='ltr'><strong>tit.</strong></span> <span class='ocrx_word' id='word_1_166' title='bbox 1364 780 1378 808; x_wconf 81' lang='grc'><strong>1</strong></span> <span class='ocrx_word' id='word_1_167' title='bbox 1399 779 1575 809; x_wconf 74' lang='lat' dir='ltr'><strong>Norellarum</strong></span> <span class='ocrx_word' id='word_1_168' title='bbox 1603 781 1653 815; x_wconf 90' lang='lat' dir='ltr'><strong>ait,</strong></span> <span class='ocrx_word' id='word_1_169' title='bbox 1677 785 1744 816; x_wconf 85' lang='lat' dir='ltr'><strong>etc.,</strong></span> 
     </span>
    </p>
   </div>
   <div class='ocr_carea' id='block_1_30' title="bbox 942 825 1635 864">
    <p class='ocr_par' dir='ltr' id='par_1_30' title="bbox 942 825 1635 864">
     <span class='ocr_line' id='line_1_30' title="bbox 942 825 1635 864; baseline 0.006 -12"><span class='ocrx_word' id='word_1_170' title='bbox 942 833 1024 861; x_wconf 71' lang='lat' dir='ltr'><strong>usque</strong></span> <span class='ocrx_word' id='word_1_171' title='bbox 1047 825 1082 852; x_wconf 85' lang='lat' dir='ltr'><strong>ad</strong></span> <span class='ocrx_word' id='word_1_172' title='bbox 1102 826 1155 853; x_wconf 87' lang='lat' dir='ltr'><strong>alia</strong></span> <span class='ocrx_word' id='word_1_173' title='bbox 1175 826 1268 854; x_wconf 88' lang='lat' dir='ltr'><strong>omnia</strong></span> <span class='ocrx_word' id='word_1_174' title='bbox 1284 831 1438 860; x_wconf 76' lang='lat' dir='ltr'><strong>servantur,</strong></span> <span class='ocrx_word' id='word_1_175' title='bbox 1454 832 1483 855; x_wconf 85' lang='lat' dir='ltr'><strong>ut</strong></span> <span class='ocrx_word' id='word_1_176' title='bbox 1499 836 1560 864; x_wconf 84' lang='lat' dir='ltr'><strong>pag.</strong></span> <span class='ocrx_word' id='word_1_177' title='bbox 1571 827 1635 856; x_wconf 67' lang='grc'><strong>498.</strong></span> 
     </span>
    </p>
   </div>
   <div class='ocr_carea' id='block_1_31' title="bbox 133 881 897 921">
    <p class='ocr_par' dir='ltr' id='par_1_31' title="bbox 133 881 890 919">
     <span class='ocr_line' id='line_1_31' title="bbox 133 881 890 919; baseline -0.004 -8"><span class='ocrx_word' id='word_1_178' title='bbox 133 884 272 918; x_wconf 76' lang='grc' dir='ltr'><strong>Σχόλιον.</strong></span> <span class='ocrx_word' id='word_1_179' title='bbox 297 883 330 910; x_wconf 87' lang='grc' dir='ltr'><strong><em>Ἦ</em></strong></span> <span class='ocrx_word' id='word_1_180' title='bbox 347 882 370 919; x_wconf 81' lang='grc' dir='ltr'><strong>β’</strong></span> <span class='ocrx_word' id='word_1_181' title='bbox 381 883 451 911; x_wconf 85' lang='grc' dir='ltr'>διάτ.</span> <span class='ocrx_word' id='word_1_182' title='bbox 462 882 509 910; x_wconf 87' lang='grc' dir='ltr'>τοῦ</span> <span class='ocrx_word' id='word_1_183' title='bbox 525 882 548 910; x_wconf 91' lang='grc' dir='ltr'>α’</span> <span class='ocrx_word' id='word_1_184' title='bbox 565 882 618 909; x_wconf 83' lang='grc' dir='ltr'>τίτ.</span> <span class='ocrx_word' id='word_1_185' title='bbox 633 881 688 910; x_wconf 86' lang='grc' dir='ltr'><strong>τῶν</strong></span> <span class='ocrx_word' id='word_1_186' title='bbox 701 881 818 918; x_wconf 84' lang='grc' dir='ltr'>Νεαρῶν</span> <span class='ocrx_word' id='word_1_187' title='bbox 831 881 890 909; x_wconf 82' lang='grc' dir='ltr'>ἐστι</span> 
     </span>
    </p>
   </div>
   <div class='ocr_carea' id='block_1_32' title="bbox 957 881 1746 921">
    <p class='ocr_par' dir='ltr' id='par_1_32' title="bbox 957 882 1746 921">
     <span class='ocr_line' id='line_1_32' title="bbox 957 882 1746 921; baseline 0.006 -10"><span class='ocrx_word' id='word_1_188' title='bbox 957 883 964 918; x_wconf 60' lang='grc' dir='ltr'><strong>ι</strong></span> <span class='ocrx_word' id='word_1_189' title='bbox 980 882 1130 911; x_wconf 81' lang='lat' dir='ltr'><strong>Schoh‘um.</strong></span> <span class='ocrx_word' id='word_1_190' title='bbox 1146 883 1266 912; x_wconf 86' lang='lat' dir='ltr'><strong>Constit.</strong></span> <span class='ocrx_word' id='word_1_191' title='bbox 1283 884 1312 918; x_wconf 72' lang='lat'><strong>2,</strong></span> <span class='ocrx_word' id='word_1_192' title='bbox 1328 885 1371 912; x_wconf 89' lang='lat' dir='ltr'><strong>tit.</strong></span> <span class='ocrx_word' id='word_1_193' title='bbox 1386 885 1398 911; x_wconf 84' lang='grc'><strong>1</strong></span> <span class='ocrx_word' id='word_1_194' title='bbox 1423 885 1597 914; x_wconf 84' lang='lat' dir='ltr'><strong>Novellarum</strong></span> <span class='ocrx_word' id='word_1_195' title='bbox 1612 907 1620 921; x_wconf 91' lang='lat'><strong>,</strong></span> <span class='ocrx_word' id='word_1_196' title='bbox 1635 892 1680 916; x_wconf 88' lang='lat' dir='ltr'><strong>est</strong></span> <span class='ocrx_word' id='word_1_197' title='bbox 1694 895 1746 916; x_wconf 88' lang='lat' dir='ltr'><strong>no-</strong></span> 
     </span>
    </p>
   </div>
   <div class='ocr_carea' id='block_1_33' title="bbox 100 928 890 966">
    <p class='ocr_par' dir='ltr' id='par_1_33' title="bbox 100 928 890 966">
     <span class='ocr_line' id='line_1_33' title="bbox 100 928 890 966; baseline -0.003 -9"><span class='ocrx_word' id='word_1_198' title='bbox 100 931 183 966; x_wconf 77' lang='grc' dir='ltr'>νεαρὰ</span> <span class='ocrx_word' id='word_1_199' title='bbox 211 930 427 963; x_wconf 81' lang='grc' dir='ltr'>ἰουστινιάνειος</span> <span class='ocrx_word' id='word_1_200' title='bbox 453 929 523 965; x_wconf 86' lang='grc' dir='ltr'>ρκγ’.</span> <span class='ocrx_word' id='word_1_201' title='bbox 535 929 621 956; x_wconf 78' lang='grc' dir='ltr'>Τοῦτο</span> <span class='ocrx_word' id='word_1_202' title='bbox 630 929 660 956; x_wconf 83' lang='grc' dir='ltr'><strong>δέ</strong></span> <span class='ocrx_word' id='word_1_203' title='bbox 682 929 768 964; x_wconf 78' lang='grc' dir='ltr'>αὐτῆς</span> <span class='ocrx_word' id='word_1_204' title='bbox 782 928 812 956; x_wconf 81' lang='grc' dir='ltr'><strong>τὸ</strong></span> <span class='ocrx_word' id='word_1_205' title='bbox 826 937 890 963; x_wconf 86' lang='grc' dir='ltr'>κεφ.</span> 
     </span>
    </p>
   </div>
   <div class='ocr_carea' id='block_1_34' title="bbox 100 975 893 1012">
    <p class='ocr_par' dir='ltr' id='par_1_34' title="bbox 100 975 893 1012">
     <span class='ocr_line' id='line_1_34' title="bbox 100 975 893 1012; baseline -0.004 -8"><span class='ocrx_word' id='word_1_206' title='bbox 100 978 149 1004; x_wconf 83' lang='grc' dir='ltr'>οὐκ</span> <span class='ocrx_word' id='word_1_207' title='bbox 160 977 240 1012; x_wconf 80' lang='grc' dir='ltr'>ἐτέθη</span> <span class='ocrx_word' id='word_1_208' title='bbox 259 977 300 1009; x_wconf 84' lang='grc' dir='ltr'><strong>είς</strong></span> <span class='ocrx_word' id='word_1_209' title='bbox 320 976 356 1004; x_wconf 86' lang='grc' dir='ltr'>τὰ</span> <span class='ocrx_word' id='word_1_210' title='bbox 381 976 525 1010; x_wconf 84' lang='grc' dir='ltr'>Βασιλικὰ,</span> <span class='ocrx_word' id='word_1_211' title='bbox 539 976 586 1003; x_wconf 73' lang='grc' dir='ltr'>ἔσο</span> <span class='ocrx_word' id='word_1_212' title='bbox 604 975 633 1002; x_wconf 79' lang='grc' dir='ltr'>δὲ</span> <span class='ocrx_word' id='word_1_213' title='bbox 649 975 728 1007; x_wconf 84' lang='grc' dir='ltr'>είδὼς</span> <span class='ocrx_word' id='word_1_214' title='bbox 742 975 780 1007; x_wconf 86' lang='grc' dir='ltr'>ὡς</span> <span class='ocrx_word' id='word_1_215' title='bbox 796 975 835 1011; x_wconf 84' lang='grc' dir='ltr'>τῷ</span> <span class='ocrx_word' id='word_1_216' title='bbox 850 983 893 1001; x_wconf 88' lang='grc' dir='ltr'>νο-</span> 
     </span>
    </p>
   </div>
   <div class='ocr_carea' id='block_1_35' title="bbox 103 1021 893 1059">
    <p class='ocr_par' dir='ltr' id='par_1_35' title="bbox 103 1021 893 1059">
     <span class='ocr_line' id='line_1_35' title="bbox 103 1021 893 1059; baseline -0.004 -9"><span class='ocrx_word' id='word_1_217' title='bbox 103 1024 176 1059; x_wconf 86' lang='grc' dir='ltr'><strong>μίμῳ</strong></span> <span class='ocrx_word' id='word_1_218' title='bbox 207 1022 350 1059; x_wconf 87' lang='grc' dir='ltr'>χρώμενος</span> <span class='ocrx_word' id='word_1_219' title='bbox 378 1024 392 1050; x_wconf 90' lang='grc' dir='ltr'><strong>ό</strong></span> <span class='ocrx_word' id='word_1_220' title='bbox 419 1022 572 1057; x_wconf 85' lang='grc' dir='ltr'>ὰγιώτατος</span> <span class='ocrx_word' id='word_1_221' title='bbox 595 1022 675 1058; x_wconf 85' lang='grc' dir='ltr'>ἡμῶν</span> <span class='ocrx_word' id='word_1_222' title='bbox 694 1021 827 1056; x_wconf 78' lang='grc' dir='ltr'><strong>δεσπότης</strong></span> <span class='ocrx_word' id='word_1_223' title='bbox 844 1021 893 1047; x_wconf 80' lang='grc' dir='ltr'>καὶ</span> 
     </span>
    </p>
   </div>
   <div class='ocr_carea' id='block_1_36' title="bbox 101 1067 895 1105">
    <p class='ocr_par' dir='ltr' id='par_1_36' title="bbox 101 1067 895 1105">
     <span class='ocr_line' id='line_1_36' title="bbox 101 1067 895 1105; baseline -0.004 -9"><span class='ocrx_word' id='word_1_224' title='bbox 101 1069 286 1105; x_wconf 81' lang='grc' dir='ltr'>οἰκουμενικὸς</span> <span class='ocrx_word' id='word_1_225' title='bbox 310 1069 487 1105; x_wconf 76' lang='grc' dir='ltr'><strong>πατριάρχης</strong></span> <span class='ocrx_word' id='word_1_226' title='bbox 512 1069 607 1104; x_wconf 83' lang='grc' dir='ltr'>κύριος</span> <span class='ocrx_word' id='word_1_227' title='bbox 628 1067 739 1104; x_wconf 84' lang='grc' dir='ltr'><strong>Μιχαὴλ</strong></span> <span class='ocrx_word' id='word_1_228' title='bbox 752 1067 895 1103; x_wconf 82' lang='grc' dir='ltr'>ἐπεφωνή-</span> 
     </span>
    </p>
   </div>
   <div class='ocr_carea' id='block_1_37' title="bbox 103 1114 895 1152">
    <p class='ocr_par' dir='ltr' id='par_1_37' title="bbox 103 1114 895 1152">
     <span class='ocr_line' id='line_1_37' title="bbox 103 1114 895 1152; baseline -0.004 -9"><span class='ocrx_word' id='word_1_229' title='bbox 103 1124 167 1143; x_wconf 87' lang='grc' dir='ltr'>σατο</span> <span class='ocrx_word' id='word_1_230' title='bbox 195 1116 243 1143; x_wconf 80' lang='grc' dir='ltr'><strong>τὸν</strong></span> <span class='ocrx_word' id='word_1_231' title='bbox 271 1116 476 1152; x_wconf 85' lang='grc' dir='ltr'>μητροπολίτην</span> <span class='ocrx_word' id='word_1_232' title='bbox 506 1116 610 1142; x_wconf 85' lang='grc' dir='ltr'>ἐκεῖνον</span> <span class='ocrx_word' id='word_1_233' title='bbox 630 1114 780 1150; x_wconf 82' lang='grc' dir='ltr'>Ἀμασείας</span> <span class='ocrx_word' id='word_1_234' title='bbox 799 1114 895 1150; x_wconf 89' lang='grc' dir='ltr'>κύριον</span> 
     </span>
    </p>
   </div>
   <div class='ocr_carea' id='block_1_38' title="bbox 103 1153 895 1198">
    <p class='ocr_par' dir='ltr' id='par_1_38' title="bbox 103 1153 895 1198">
     <span class='ocr_line' id='line_1_38' title="bbox 103 1153 895 1198; baseline -0.005 -8"><span class='ocrx_word' id='word_1_235' title='bbox 103 1162 204 1190; x_wconf 83' lang='grc' dir='ltr'>Λέοντα</span> <span class='ocrx_word' id='word_1_236' title='bbox 220 1163 254 1189; x_wconf 73' lang='grc' dir='ltr'><strong>ἐκ</strong></span> <span class='ocrx_word' id='word_1_237' title='bbox 268 1153 362 1198; x_wconf 73' lang='grc' dir='ltr'>τρίτου</span> <span class='ocrx_word' id='word_1_238' title='bbox 378 1162 459 1198; x_wconf 82' lang='grc' dir='ltr'>χάριν</span> <span class='ocrx_word' id='word_1_239' title='bbox 472 1161 520 1189; x_wconf 80' lang='grc' dir='ltr'>τοῦ</span> <span class='ocrx_word' id='word_1_240' title='bbox 534 1161 572 1197; x_wconf 81' lang='grc' dir='ltr'><strong>μὴ</strong></span> <span class='ocrx_word' id='word_1_241' title='bbox 586 1159 756 1196; x_wconf 79' lang='grc' dir='ltr'>ψηφίσασθαι</span> <span class='ocrx_word' id='word_1_242' title='bbox 769 1160 820 1195; x_wconf 83' lang='grc' dir='ltr'>τὴν</span> <span class='ocrx_word' id='word_1_243' title='bbox 835 1160 895 1186; x_wconf 83' lang='grc' dir='ltr'>ἐπι·</span> 
     </span>
    </p>
   </div>
   <div class='ocr_carea' id='block_1_39' title="bbox 103 1205 893 1244">
    <p class='ocr_par' dir='ltr' id='par_1_39' title="bbox 103 1205 893 1244">
     <span class='ocr_line' id='line_1_39' title="bbox 103 1205 893 1244; baseline -0.004 -9"><span class='ocrx_word' id='word_1_244' title='bbox 103 1208 263 1244; x_wconf 54' lang='grc' dir='ltr'>σκοὴνῇὴν</span> <span class='ocrx_word' id='word_1_245' title='bbox 272 1208 400 1243; x_wconf 83' lang='grc' dir='ltr'>Ἀμινσὺν</span> <span class='ocrx_word' id='word_1_246' title='bbox 415 1207 468 1243; x_wconf 79' lang='grc' dir='ltr'>πρὸ</span> <span class='ocrx_word' id='word_1_247' title='bbox 475 1208 571 1243; x_wconf 82' lang='grc' dir='ltr'>χρόνου</span> <span class='ocrx_word' id='word_1_248' title='bbox 580 1206 640 1238; x_wconf 80' lang='grc' dir='ltr'>ἐνὸς</span> <span class='ocrx_word' id='word_1_249' title='bbox 647 1207 699 1242; x_wconf 75' lang='grc' dir='ltr'>ἥδη</span> <span class='ocrx_word' id='word_1_250' title='bbox 709 1205 893 1242; x_wconf 78' lang='grc' dir='ltr'>χηρεύσασαν.</span> 
     </span>
    </p>
   </div>
   <div class='ocr_carea' id='block_1_40' title="bbox 104 1253 895 1290">
    <p class='ocr_par' dir='ltr' id='par_1_40' title="bbox 104 1253 895 1290">
     <span class='ocr_line' id='line_1_40' title="bbox 104 1253 895 1290; baseline -0.004 -9"><span class='ocrx_word' id='word_1_251' title='bbox 104 1254 200 1289; x_wconf 79' lang='grc' dir='ltr'>Ἔλεγε</span> <span class='ocrx_word' id='word_1_252' title='bbox 215 1254 270 1290; x_wconf 84' lang='grc' dir='ltr'><strong>γὰρ</strong></span> <span class='ocrx_word' id='word_1_253' title='bbox 285 1255 323 1286; x_wconf 85' lang='grc' dir='ltr'><strong>ὡς</strong></span> <span class='ocrx_word' id='word_1_254' title='bbox 339 1254 402 1281; x_wconf 79' lang='grc' dir='ltr'>ἐπεὶ</span> <span class='ocrx_word' id='word_1_255' title='bbox 417 1254 554 1290; x_wconf 86' lang='grc' dir='ltr'>χρονιαϊος</span> <span class='ocrx_word' id='word_1_256' title='bbox 571 1253 694 1289; x_wconf 84' lang='grc' dir='ltr'>παρῆλθε</span> <span class='ocrx_word' id='word_1_257' title='bbox 709 1253 804 1289; x_wconf 66' lang='grc' dir='ltr'>καιρὸς</span> <span class='ocrx_word' id='word_1_258' title='bbox 818 1253 865 1279; x_wconf 76' lang='grc' dir='ltr'>καὶ</span> <span class='ocrx_word' id='word_1_259' title='bbox 878 1253 895 1288; x_wconf 83' lang='grc' dir='ltr'>ἡ</span> 
     </span>
    </p>
   </div>
   <div class='ocr_carea' id='block_1_41' title="bbox 104 1298 898 1337">
    <p class='ocr_par' dir='ltr' id='par_1_41' title="bbox 104 1298 898 1337">
     <span class='ocr_line' id='line_1_41' title="bbox 104 1298 898 1337; baseline -0.005 -8"><span class='ocrx_word' id='word_1_260' title='bbox 104 1302 231 1337; x_wconf 83' lang='grc' dir='ltr'>Ἀμινσὺς</span> <span class='ocrx_word' id='word_1_261' title='bbox 243 1303 293 1329; x_wconf 82' lang='grc' dir='ltr'>οὐκ</span> <span class='ocrx_word' id='word_1_262' title='bbox 304 1301 442 1337; x_wconf 76' lang='grc' dir='ltr'>ἐψηφίσθη</span> <span class='ocrx_word' id='word_1_263' title='bbox 457 1300 532 1336; x_wconf 66' lang='grc' dir='ltr'>παρὰ</span> <span class='ocrx_word' id='word_1_264' title='bbox 544 1299 591 1326; x_wconf 80' lang='grc' dir='ltr'><strong>τοῦ</strong></span> <span class='ocrx_word' id='word_1_265' title='bbox 607 1299 815 1336; x_wconf 81' lang='grc' dir='ltr'>μητροπολίτου,</span> <span class='ocrx_word' id='word_1_266' title='bbox 828 1298 898 1326; x_wconf 83' lang='grc' dir='ltr'>ἀλλὰ.</span> 
     </span>
    </p>
   </div>
   <div class='ocr_carea' id='block_1_42' title="bbox 103 1344 898 1383">
    <p class='ocr_par' dir='ltr' id='par_1_42' title="bbox 103 1344 898 1383">
     <span class='ocr_line' id='line_1_42' title="bbox 103 1344 898 1383; baseline -0.004 -9"><span class='ocrx_word' id='word_1_267' title='bbox 103 1348 150 1374; x_wconf 80' lang='grc' dir='ltr'>καὶ</span> <span class='ocrx_word' id='word_1_268' title='bbox 162 1347 227 1383; x_wconf 86' lang='grc' dir='ltr'>τρία</span> <span class='ocrx_word' id='word_1_269' title='bbox 237 1347 368 1382; x_wconf 82' lang='grc' dir='ltr'>γεγόνασι</span> <span class='ocrx_word' id='word_1_270' title='bbox 387 1347 456 1382; x_wconf 69' lang='grc' dir='ltr'>πρὸς</span> <span class='ocrx_word' id='word_1_271' title='bbox 479 1346 560 1373; x_wconf 76' lang='grc' dir='ltr'>αὑτὸν</span> <span class='ocrx_word' id='word_1_272' title='bbox 572 1346 775 1381; x_wconf 83' lang='grc' dir='ltr'>ἐπιφωνὴματα</span> <span class='ocrx_word' id='word_1_273' title='bbox 790 1344 821 1378; x_wconf 82' lang='grc' dir='ltr'>ἐξ</span> <span class='ocrx_word' id='word_1_274' title='bbox 839 1346 898 1380; x_wconf 69' lang='grc' dir='ltr'>ὁρισ-</span> 
     </span>
    </p>
   </div>
   <div class='ocr_carea' id='block_1_43' title="bbox 105 1390 897 1429">
    <p class='ocr_par' dir='ltr' id='par_1_43' title="bbox 105 1390 897 1429">
     <span class='ocr_line' id='line_1_43' title="bbox 105 1390 897 1429; baseline -0.004 -9"><span class='ocrx_word' id='word_1_275' title='bbox 105 1393 173 1429; x_wconf 88' lang='grc' dir='ltr'>σμοῠ</span> <span class='ocrx_word' id='word_1_276' title='bbox 184 1393 291 1427; x_wconf 86' lang='grc' dir='ltr'>τούτου,</span> <span class='ocrx_word' id='word_1_277' title='bbox 307 1393 346 1425; x_wconf 87' lang='grc' dir='ltr'>ὡς</span> <span class='ocrx_word' id='word_1_278' title='bbox 360 1392 394 1420; x_wconf 80' lang='grc' dir='ltr'>ἂν</span> <span class='ocrx_word' id='word_1_279' title='bbox 418 1392 572 1428; x_wconf 77' lang='grc' dir='ltr'>ψηφίσηται</span> <span class='ocrx_word' id='word_1_280' title='bbox 594 1391 644 1427; x_wconf 84' lang='grc' dir='ltr'>τὴν</span> <span class='ocrx_word' id='word_1_281' title='bbox 657 1391 823 1426; x_wconf 83' lang='grc' dir='ltr'>ἐπισκοπὴν,</span> <span class='ocrx_word' id='word_1_282' title='bbox 839 1391 854 1418; x_wconf 83' lang='grc' dir='ltr'>ὁ</span> <span class='ocrx_word' id='word_1_283' title='bbox 867 1390 897 1418; x_wconf 79' lang='grc' dir='ltr'>δὲ</span> 
     </span>
    </p>
   </div>
   <div class='ocr_carea' id='block_1_44' title="bbox 103 1436 899 1475">
    <p class='ocr_par' dir='ltr' id='par_1_44' title="bbox 103 1436 899 1475">
     <span class='ocr_line' id='line_1_44' title="bbox 103 1436 899 1475; baseline -0.003 -9"><span class='ocrx_word' id='word_1_284' title='bbox 103 1439 154 1466; x_wconf 85' lang='grc' dir='ltr'>οὐκ</span> <span class='ocrx_word' id='word_1_285' title='bbox 166 1439 280 1475; x_wconf 85' lang='grc' dir='ltr'>ἐποίησε</span> <span class='ocrx_word' id='word_1_286' title='bbox 292 1438 373 1466; x_wconf 81' lang='grc' dir='ltr'>τοῦτο</span> <span class='ocrx_word' id='word_1_287' title='bbox 391 1438 484 1470; x_wconf 80' lang='grc' dir='ltr'>καλῶς</span> <span class='ocrx_word' id='word_1_288' title='bbox 497 1437 577 1469; x_wconf 79' lang='grc' dir='ltr'>αὐτὸς</span> <span class='ocrx_word' id='word_1_289' title='bbox 591 1437 662 1464; x_wconf 80' lang='grc' dir='ltr'>κατὰ</span> <span class='ocrx_word' id='word_1_290' title='bbox 674 1436 724 1472; x_wconf 84' lang='grc' dir='ltr'>τὴν</span> <span class='ocrx_word' id='word_1_291' title='bbox 751 1436 899 1472; x_wconf 81' lang='grc' dir='ltr'>περίληψιν</span> 
     </span>
    </p>
   </div>
   <div class='ocr_carea' id='block_1_45' title="bbox 104 1482 900 1520">
    <p class='ocr_par' dir='ltr' id='par_1_45' title="bbox 104 1482 900 1520">
     <span class='ocr_line' id='line_1_45' title="bbox 104 1482 900 1520; baseline -0.004 -8"><span class='ocrx_word' id='word_1_292' title='bbox 104 1484 225 1512; x_wconf 86' lang='grc' dir='ltr'>τοιούτου</span> <span class='ocrx_word' id='word_1_293' title='bbox 240 1485 335 1520; x_wconf 88' lang='grc' dir='ltr'>νόμου,</span> <span class='ocrx_word' id='word_1_294' title='bbox 352 1484 396 1512; x_wconf 84' lang='grc' dir='ltr'><strong>ῐνα</strong></span> <span class='ocrx_word' id='word_1_295' title='bbox 406 1483 559 1519; x_wconf 79' lang='grc' dir='ltr'>ψηφίσηται</span> <span class='ocrx_word' id='word_1_296' title='bbox 573 1483 658 1518; x_wconf 82' lang='grc' dir='ltr'>αὐτὴν</span> <span class='ocrx_word' id='word_1_297' title='bbox 670 1483 717 1510; x_wconf 72' lang='grc' dir='ltr'><strong>καὶ</strong></span> <span class='ocrx_word' id='word_1_298' title='bbox 732 1483 834 1519; x_wconf 79' lang='grc' dir='ltr'>ποιήσῃ</span> <span class='ocrx_word' id='word_1_299' title='bbox 849 1482 900 1518; x_wconf 81' lang='grc' dir='ltr'>τὴν</span> 
     </span>
    </p>
   </div>
   <div class='ocr_carea' id='block_1_46' title="bbox 104 1529 899 1566">
    <p class='ocr_par' dir='ltr' id='par_1_46' title="bbox 104 1529 899 1566">
     <span class='ocr_line' id='line_1_46' title="bbox 104 1529 899 1566; baseline -0.001 -9"><span class='ocrx_word' id='word_1_300' title='bbox 104 1531 273 1566; x_wconf 79' lang='grc' dir='ltr'>χειροτονίαν</span> <span class='ocrx_word' id='word_1_301' title='bbox 285 1530 332 1557; x_wconf 86' lang='grc' dir='ltr'>τοῦ</span> <span class='ocrx_word' id='word_1_302' title='bbox 349 1529 604 1566; x_wconf 80' lang='grc' dir='ltr'>ψηφισθησομένου,</span> <span class='ocrx_word' id='word_1_303' title='bbox 619 1529 664 1556; x_wconf 82' lang='grc' dir='ltr'>ὅτε</span> <span class='ocrx_word' id='word_1_304' title='bbox 692 1529 738 1556; x_wconf 86' lang='grc' dir='ltr'><strong>καί</strong></span> <span class='ocrx_word' id='word_1_305' title='bbox 753 1537 833 1556; x_wconf 84' lang='grc' dir='ltr'>τινων</span> <span class='ocrx_word' id='word_1_306' title='bbox 854 1529 899 1556; x_wconf 79' lang='grc' dir='ltr'>λε-</span> 
     </span>
    </p>
   </div>
   <div class='ocr_carea' id='block_1_47' title="bbox 948 928 1744 968">
    <p class='ocr_par' dir='ltr' id='par_1_47' title="bbox 948 928 1744 968">
     <span class='ocr_line' id='line_1_47' title="bbox 948 928 1744 968; baseline 0.008 -12"><span class='ocrx_word' id='word_1_307' title='bbox 948 930 1016 957; x_wconf 86' lang='lat' dir='ltr'><strong>vella</strong></span> <span class='ocrx_word' id='word_1_308' title='bbox 1033 928 1183 958; x_wconf 79' lang='lat' dir='ltr'><strong>Justiniani</strong></span> <span class='ocrx_word' id='word_1_309' title='bbox 1203 929 1267 957; x_wconf 71' lang='grc'><strong>125.</strong></span> <span class='ocrx_word' id='word_1_310' title='bbox 1285 929 1344 958; x_wconf 91' lang='lat' dir='ltr'><strong>Hoc</strong></span> <span class='ocrx_word' id='word_1_311' title='bbox 1369 935 1461 959; x_wconf 85' lang='lat' dir='ltr'><strong>autem</strong></span> <span class='ocrx_word' id='word_1_312' title='bbox 1481 931 1528 967; x_wconf 90' lang='lat' dir='ltr'><strong>jus</strong></span> <span class='ocrx_word' id='word_1_313' title='bbox 1542 939 1602 968; x_wconf 87' lang='lat' dir='ltr'><strong>cap.</strong></span> <span class='ocrx_word' id='word_1_314' title='bbox 1615 933 1643 960; x_wconf 94' lang='lat' dir='ltr'><strong>in</strong></span> <span class='ocrx_word' id='word_1_315' title='bbox 1658 933 1744 962; x_wconf 90' lang='lat' dir='ltr'><strong>Basil.</strong></span> 
     </span>
    </p>
   </div>
   <div class='ocr_carea' id='block_1_48' title="bbox 948 975 1747 1010">
    <p class='ocr_par' dir='ltr' id='par_1_48' title="bbox 948 975 1747 1010">
     <span class='ocr_line' id='line_1_48' title="bbox 948 975 1747 1010; baseline 0.006 -8"><span class='ocrx_word' id='word_1_316' title='bbox 948 975 1071 1010; x_wconf 91' lang='lat' dir='ltr'><strong>positum</strong></span> <span class='ocrx_word' id='word_1_317' title='bbox 1092 983 1148 1003; x_wconf 91' lang='lat' dir='ltr'><strong>non</strong></span> <span class='ocrx_word' id='word_1_318' title='bbox 1173 979 1224 1003; x_wconf 88' lang='lat' dir='ltr'><strong>est.</strong></span> <span class='ocrx_word' id='word_1_319' title='bbox 1242 975 1343 1004; x_wconf 86' lang='lat' dir='ltr'><strong>Verum</strong></span> <span class='ocrx_word' id='word_1_320' title='bbox 1364 976 1435 1004; x_wconf 84' lang='lat' dir='ltr'><strong>scias</strong></span> <span class='ocrx_word' id='word_1_321' title='bbox 1450 979 1579 1006; x_wconf 86' lang='lat' dir='ltr'><strong>sanctiss.</strong></span> <span class='ocrx_word' id='word_1_322' title='bbox 1603 978 1747 1008; x_wconf 92' lang='lat' dir='ltr'><strong>dominum</strong></span> 
     </span>
    </p>
   </div>
   <div class='ocr_carea' id='block_1_49' title="bbox 951 1022 1746 1058">
    <p class='ocr_par' dir='ltr' id='par_1_49' title="bbox 951 1022 1746 1058">
     <span class='ocr_line' id='line_1_49' title="bbox 951 1022 1746 1058; baseline 0.006 -10"><span class='ocrx_word' id='word_1_323' title='bbox 951 1026 1077 1048; x_wconf 90' lang='lat' dir='ltr'><strong>nostrum</strong></span> <span class='ocrx_word' id='word_1_324' title='bbox 1103 1025 1131 1048; x_wconf 88' lang='lat' dir='ltr'><strong>et</strong></span> <span class='ocrx_word' id='word_1_325' title='bbox 1158 1022 1342 1050; x_wconf 88' lang='lat' dir='ltr'><strong>universalem</strong></span> <span class='ocrx_word' id='word_1_326' title='bbox 1384 1023 1571 1058; x_wconf 85' lang='lat' dir='ltr'><strong>patriarcham</strong></span> <span class='ocrx_word' id='word_1_327' title='bbox 1604 1025 1746 1053; x_wconf 88' lang='lat' dir='ltr'><strong>dominum</strong></span> 
     </span>
    </p>
   </div>
   <div class='ocr_carea' id='block_1_50' title="bbox 951 1066 1748 1103">
    <p class='ocr_par' dir='ltr' id='par_1_50' title="bbox 951 1066 1748 1103">
     <span class='ocr_line' id='line_1_50' title="bbox 951 1066 1748 1103; baseline 0.008 -9"><span class='ocrx_word' id='word_1_328' title='bbox 951 1066 1115 1095; x_wconf 84' lang='lat' dir='ltr'><strong>Michaelem</strong></span> <span class='ocrx_word' id='word_1_329' title='bbox 1136 1067 1189 1095; x_wconf 88' lang='lat' dir='ltr'><strong>hoc</strong></span> <span class='ocrx_word' id='word_1_330' title='bbox 1201 1067 1265 1103; x_wconf 87' lang='lat' dir='ltr'><strong>jure</strong></span> <span class='ocrx_word' id='word_1_331' title='bbox 1282 1076 1376 1102; x_wconf 86' lang='lat' dir='ltr'><strong>usum,</strong></span> <span class='ocrx_word' id='word_1_332' title='bbox 1390 1077 1453 1096; x_wconf 93' lang='lat' dir='ltr'><strong>cum</strong></span> <span class='ocrx_word' id='word_1_333' title='bbox 1470 1070 1557 1097; x_wconf 88' lang='lat' dir='ltr'><strong>tribus</strong></span> <span class='ocrx_word' id='word_1_334' title='bbox 1569 1071 1676 1099; x_wconf 85' lang='lat' dir='ltr'><strong>vicibus</strong></span> <span class='ocrx_word' id='word_1_335' title='bbox 1687 1079 1748 1100; x_wconf 83' lang='lat' dir='ltr'><strong>me-</strong></span> 
     </span>
    </p>
   </div>
   <div class='ocr_carea' id='block_1_51' title="bbox 952 1115 1750 1153">
    <p class='ocr_par' dir='ltr' id='par_1_51' title="bbox 952 1115 1750 1153">
     <span class='ocr_line' id='line_1_51' title="bbox 952 1115 1750 1153; baseline 0.005 -11"><span class='ocrx_word' id='word_1_336' title='bbox 952 1115 1150 1150; x_wconf 84' lang='lat' dir='ltr'><strong>tropolitanum</strong></span> <span class='ocrx_word' id='word_1_337' title='bbox 1174 1115 1251 1143; x_wconf 93' lang='lat' dir='ltr'><strong>illum</strong></span> <span class='ocrx_word' id='word_1_338' title='bbox 1266 1118 1435 1144; x_wconf 88' lang='lat' dir='ltr'><strong>Amasenum</strong></span> <span class='ocrx_word' id='word_1_339' title='bbox 1460 1116 1602 1145; x_wconf 91' lang='lat' dir='ltr'><strong>dominum</strong></span> <span class='ocrx_word' id='word_1_340' title='bbox 1617 1117 1750 1153; x_wconf 86' lang='lat' dir='ltr'><strong>Leonem,</strong></span> 
     </span>
    </p>
   </div>
   <div class='ocr_carea' id='block_1_52' title="bbox 952 1162 1747 1200">
    <p class='ocr_par' dir='ltr' id='par_1_52' title="bbox 952 1162 1747 1200">
     <span class='ocr_line' id='line_1_52' title="bbox 952 1162 1747 1200; baseline 0.004 -10"><span class='ocrx_word' id='word_1_341' title='bbox 952 1162 1044 1190; x_wconf 90' lang='lat' dir='ltr'><strong>edicto</strong></span> <span class='ocrx_word' id='word_1_342' title='bbox 1060 1163 1216 1199; x_wconf 85' lang='lat' dir='ltr'><strong>impeteret,</strong></span> <span class='ocrx_word' id='word_1_343' title='bbox 1240 1163 1313 1198; x_wconf 87' lang='lat' dir='ltr'><strong>quod</strong></span> <span class='ocrx_word' id='word_1_344' title='bbox 1330 1163 1437 1191; x_wconf 88' lang='lat' dir='ltr'><strong>Aminsi</strong></span> <span class='ocrx_word' id='word_1_345' title='bbox 1459 1163 1649 1200; x_wconf 78' lang='lat' dir='ltr'><strong>episcopatum</strong></span> <span class='ocrx_word' id='word_1_346' title='bbox 1675 1165 1747 1193; x_wconf 86' lang='lat' dir='ltr'><strong>ultra</strong></span> 
     </span>
    </p>
   </div>
   <div class='ocr_carea' id='block_1_53' title="bbox 953 1208 1750 1245">
    <p class='ocr_par' dir='ltr' id='par_1_53' title="bbox 953 1208 1750 1245">
     <span class='ocr_line' id='line_1_53' title="bbox 953 1208 1750 1245; baseline 0.004 -9"><span class='ocrx_word' id='word_1_347' title='bbox 953 1216 1058 1236; x_wconf 84' lang='lat' dir='ltr'><strong>annum</strong></span> <span class='ocrx_word' id='word_1_348' title='bbox 1077 1208 1155 1245; x_wconf 85' lang='lat' dir='ltr'><strong>[jam]</strong></span> <span class='ocrx_word' id='word_1_349' title='bbox 1172 1213 1316 1237; x_wconf 87' lang='lat' dir='ltr'><strong>vacantem</strong></span> <span class='ocrx_word' id='word_1_350' title='bbox 1329 1209 1433 1237; x_wconf 84' lang='lat' dir='ltr'><strong>nemini</strong></span> <span class='ocrx_word' id='word_1_351' title='bbox 1448 1209 1621 1238; x_wconf 82' lang='lat' dir='ltr'><strong>decerneret.</strong></span> <span class='ocrx_word' id='word_1_352' title='bbox 1639 1210 1750 1239; x_wconf 76' lang='lat' dir='ltr'><strong>Dicebat</strong></span> 
     </span>
    </p>
   </div>
   <div class='ocr_carea' id='block_1_54' title="bbox 953 1255 1752 1292">
    <p class='ocr_par' dir='ltr' id='par_1_54' title="bbox 953 1255 1752 1292">
     <span class='ocr_line' id='line_1_54' title="bbox 953 1255 1752 1292; baseline 0.004 -9"><span class='ocrx_word' id='word_1_353' title='bbox 953 1256 1038 1289; x_wconf 83' lang='lat' dir='ltr'><strong>enim,</strong></span> <span class='ocrx_word' id='word_1_354' title='bbox 1053 1257 1119 1291; x_wconf 90' lang='lat' dir='ltr'><strong>quia</strong></span> <span class='ocrx_word' id='word_1_355' title='bbox 1137 1255 1216 1292; x_wconf 85' lang='lat' dir='ltr'><strong>[jam]</strong></span> <span class='ocrx_word' id='word_1_356' title='bbox 1237 1256 1345 1284; x_wconf 90' lang='lat' dir='ltr'><strong>diutino</strong></span> <span class='ocrx_word' id='word_1_357' title='bbox 1361 1261 1483 1292; x_wconf 87' lang='lat' dir='ltr'><strong>tempore</strong></span> <span class='ocrx_word' id='word_1_358' title='bbox 1508 1256 1637 1285; x_wconf 88' lang='lat' dir='ltr'><strong>Aminius</strong></span> <span class='ocrx_word' id='word_1_359' title='bbox 1658 1265 1674 1285; x_wconf 87' lang='lat' dir='ltr'><strong>a</strong></span> <span class='ocrx_word' id='word_1_360' title='bbox 1693 1265 1752 1286; x_wconf 86' lang='lat' dir='ltr'><strong>me-</strong></span> 
     </span>
    </p>
   </div>
   <div class='ocr_carea' id='block_1_55' title="bbox 955 1301 1752 1339">
    <p class='ocr_par' dir='ltr' id='par_1_55' title="bbox 955 1301 1752 1339">
     <span class='ocr_line' id='line_1_55' title="bbox 955 1301 1752 1339; baseline 0.003 -10"><span class='ocrx_word' id='word_1_361' title='bbox 955 1302 1124 1337; x_wconf 89' lang='lat' dir='ltr'><strong>tropolitano</strong></span> <span class='ocrx_word' id='word_1_362' title='bbox 1145 1301 1273 1339; x_wconf 85' lang='lat' dir='ltr'><strong>[nemini]</strong></span> <span class='ocrx_word' id='word_1_363' title='bbox 1289 1303 1398 1330; x_wconf 86' lang='lat' dir='ltr'><strong>decreta</strong></span> <span class='ocrx_word' id='word_1_364' title='bbox 1421 1307 1504 1336; x_wconf 87' lang='lat' dir='ltr'><strong>esset,</strong></span> <span class='ocrx_word' id='word_1_365' title='bbox 1522 1310 1556 1330; x_wconf 87' lang='lat' dir='ltr'><strong>ac</strong></span> <span class='ocrx_word' id='word_1_366' title='bbox 1575 1303 1686 1337; x_wconf 85' lang='lat' dir='ltr'><strong>insuper</strong></span> <span class='ocrx_word' id='word_1_367' title='bbox 1701 1303 1752 1331; x_wconf 83' lang='lat' dir='ltr'><strong>tri-</strong></span> 
     </span>
    </p>
   </div>
   <div class='ocr_carea' id='block_1_56' title="bbox 953 1350 1752 1387">
    <p class='ocr_par' dir='ltr' id='par_1_56' title="bbox 953 1350 1752 1387">
     <span class='ocr_line' id='line_1_56' title="bbox 953 1350 1752 1387; baseline -0.001 -8"><span class='ocrx_word' id='word_1_368' title='bbox 953 1351 1007 1380; x_wconf 87' lang='lat' dir='ltr'><strong>bus</strong></span> <span class='ocrx_word' id='word_1_369' title='bbox 1031 1351 1130 1379; x_wconf 84' lang='lat' dir='ltr'><strong>edictis</strong></span> <span class='ocrx_word' id='word_1_370' title='bbox 1150 1356 1181 1379; x_wconf 92' lang='lat' dir='ltr'><strong>ut</strong></span> <span class='ocrx_word' id='word_1_371' title='bbox 1206 1351 1396 1386; x_wconf 77' lang='lat' dir='ltr'><strong>episcopatum</strong></span> <span class='ocrx_word' id='word_1_372' title='bbox 1424 1350 1574 1387; x_wconf 83' lang='lat' dir='ltr'><strong>[cuiquam]</strong></span> <span class='ocrx_word' id='word_1_373' title='bbox 1591 1351 1752 1379; x_wconf 74' lang='lat' dir='ltr'><strong>decerneret</strong></span> 
     </span>
    </p>
   </div>
   <div class='ocr_carea' id='block_1_57' title="bbox 954 1397 1751 1433">
    <p class='ocr_par' dir='ltr' id='par_1_57' title="bbox 954 1397 1751 1433">
     <span class='ocr_line' id='line_1_57' title="bbox 954 1397 1751 1433; baseline 0.003 -9"><span class='ocrx_word' id='word_1_374' title='bbox 954 1397 1181 1433; x_wconf 63' lang='lat' dir='ltr'><strong>prmoipientibus</strong></span> <span class='ocrx_word' id='word_1_375' title='bbox 1197 1398 1231 1425; x_wconf 88' lang='lat' dir='ltr'><strong>ad</strong></span> <span class='ocrx_word' id='word_1_376' title='bbox 1253 1397 1344 1432; x_wconf 86' lang='lat' dir='ltr'><strong>ipsum</strong></span> <span class='ocrx_word' id='word_1_377' title='bbox 1361 1397 1481 1429; x_wconf 86' lang='lat' dir='ltr'><strong>emissis,</strong></span> <span class='ocrx_word' id='word_1_378' title='bbox 1508 1397 1566 1432; x_wconf 89' lang='lat' dir='ltr'><strong>ipse</strong></span> <span class='ocrx_word' id='word_1_379' title='bbox 1588 1402 1679 1425; x_wconf 81' lang='lat' dir='ltr'><strong>tamen</strong></span> <span class='ocrx_word' id='word_1_380' title='bbox 1697 1397 1751 1426; x_wconf 85' lang='lat' dir='ltr'><strong>hoc</strong></span> 
     </span>
    </p>
   </div>
   <div class='ocr_carea' id='block_1_58' title="bbox 955 1443 1753 1478">
    <p class='ocr_par' dir='ltr' id='par_1_58' title="bbox 955 1443 1753 1478">
     <span class='ocr_line' id='line_1_58' title="bbox 955 1443 1753 1478; baseline -0.003 -6"><span class='ocrx_word' id='word_1_381' title='bbox 955 1452 1010 1472; x_wconf 94' lang='lat' dir='ltr'><strong>non</strong></span> <span class='ocrx_word' id='word_1_382' title='bbox 1040 1443 1169 1472; x_wconf 79' lang='lat' dir='ltr'><strong>fecisset:</strong></span> <span class='ocrx_word' id='word_1_383' title='bbox 1199 1451 1229 1471; x_wconf 88' lang='lat' dir='ltr'><strong>se</strong></span> <span class='ocrx_word' id='word_1_384' title='bbox 1256 1447 1333 1471; x_wconf 84' lang='lat' dir='ltr'><strong>recte</strong></span> <span class='ocrx_word' id='word_1_385' title='bbox 1356 1451 1390 1471; x_wconf 79' lang='lat' dir='ltr'><strong>ex</strong></span> <span class='ocrx_word' id='word_1_386' title='bbox 1407 1443 1566 1478; x_wconf 77' lang='lat' dir='ltr'><strong>praescripto</strong></span> <span class='ocrx_word' id='word_1_387' title='bbox 1591 1444 1671 1472; x_wconf 88' lang='lat' dir='ltr'><strong>istius</strong></span> <span class='ocrx_word' id='word_1_388' title='bbox 1685 1443 1753 1478; x_wconf 81' lang='lat' dir='ltr'><strong>legis</strong></span> 
     </span>
    </p>
   </div>
   <div class='ocr_carea' id='block_1_59' title="bbox 956 1488 1752 1525">
    <p class='ocr_par' dir='ltr' id='par_1_59' title="bbox 956 1488 1752 1525">
     <span class='ocr_line' id='line_1_59' title="bbox 956 1488 1752 1525; baseline -0.003 -7"><span class='ocrx_word' id='word_1_389' title='bbox 956 1491 1114 1525; x_wconf 88' lang='lat' dir='ltr'><strong>episcopum</strong></span> <span class='ocrx_word' id='word_1_390' title='bbox 1139 1490 1330 1523; x_wconf 83' lang='lat' dir='ltr'><strong>decreturum,</strong></span> <span class='ocrx_word' id='word_1_391' title='bbox 1347 1490 1387 1516; x_wconf 86' lang='lat' dir='ltr'><strong>&#39;ac</strong></span> <span class='ocrx_word' id='word_1_392' title='bbox 1411 1488 1490 1525; x_wconf 84' lang='lat' dir='ltr'><strong>[jam]</strong></span> <span class='ocrx_word' id='word_1_393' title='bbox 1510 1489 1650 1517; x_wconf 90' lang='lat' dir='ltr'><strong>decretum</strong></span> <span class='ocrx_word' id='word_1_394' title='bbox 1676 1489 1752 1517; x_wconf 89' lang='lat' dir='ltr'><strong>ordi-</strong></span> 
     </span>
    </p>
   </div>
   <div class='ocr_carea' id='block_1_60' title="bbox 957 1534 1753 1571">
    <p class='ocr_par' dir='ltr' id='par_1_60' title="bbox 957 1534 1753 1571">
     <span class='ocr_line' id='line_1_60' title="bbox 957 1534 1753 1571; baseline 0 -9"><span class='ocrx_word' id='word_1_395' title='bbox 957 1540 1099 1563; x_wconf 91' lang='lat' dir='ltr'><strong>naturum.</strong></span> <span class='ocrx_word' id='word_1_396' title='bbox 1117 1535 1186 1562; x_wconf 89' lang='lat' dir='ltr'><strong>Cum</strong></span> <span class='ocrx_word' id='word_1_397' title='bbox 1203 1539 1295 1563; x_wconf 89' lang='lat' dir='ltr'><strong>autem</strong></span> <span class='ocrx_word' id='word_1_398' title='bbox 1312 1534 1395 1571; x_wconf 90' lang='lat' dir='ltr'><strong>[tum]</strong></span> <span class='ocrx_word' id='word_1_399' title='bbox 1411 1535 1537 1562; x_wconf 85' lang='lat' dir='ltr'><strong>nonnulli</strong></span> <span class='ocrx_word' id='word_1_400' title='bbox 1551 1535 1686 1568; x_wconf 86' lang='lat' dir='ltr'><strong>dicerent,</strong></span> <span class='ocrx_word' id='word_1_401' title='bbox 1701 1541 1753 1562; x_wconf 86' lang='lat' dir='ltr'><strong>no-</strong></span> 
     </span>
    </p>
   </div>
   <div class='ocr_carea' id='block_1_61' title="bbox 105 1573 897 1617">
    <p class='ocr_par' dir='ltr' id='par_1_61' title="bbox 105 1573 897 1611">
     <span class='ocr_line' id='line_1_61' title="bbox 105 1573 897 1611; baseline -0.001 -9"><span class='ocrx_word' id='word_1_402' title='bbox 105 1575 209 1610; x_wconf 90' lang='grc' dir='ltr'>γόντων</span> <span class='ocrx_word' id='word_1_403' title='bbox 235 1576 273 1611; x_wconf 86' lang='grc' dir='ltr'><strong>μὴ</strong></span> <span class='ocrx_word' id='word_1_404' title='bbox 297 1575 426 1611; x_wconf 82' lang='grc' dir='ltr'>δεχθῆναι</span> <span class='ocrx_word' id='word_1_405' title='bbox 446 1576 486 1607; x_wconf 86' lang='grc' dir='ltr'><strong>είς</strong></span> <span class='ocrx_word' id='word_1_406' title='bbox 502 1574 538 1602; x_wconf 82' lang='grc' dir='ltr'><strong>τὰ</strong></span> <span class='ocrx_word' id='word_1_407' title='bbox 560 1573 690 1610; x_wconf 83' lang='grc' dir='ltr'>βασιλικὰ</span> <span class='ocrx_word' id='word_1_408' title='bbox 705 1575 756 1610; x_wconf 83' lang='grc' dir='ltr'>τὴν</span> <span class='ocrx_word' id='word_1_409' title='bbox 772 1574 897 1610; x_wconf 68' lang='grc' dir='ltr'>τοιαύτην</span> 
     </span>
    </p>
   </div>
   <div class='ocr_carea' id='block_1_62' title="bbox 957 1573 1753 1617">
    <p class='ocr_par' dir='ltr' id='par_1_62' title="bbox 957 1581 1753 1617">
     <span class='ocr_line' id='line_1_62' title="bbox 957 1581 1753 1617; baseline 0 -8"><span class='ocrx_word' id='word_1_410' title='bbox 957 1582 1056 1609; x_wconf 86' lang='lat' dir='ltr'><strong>vellum</strong></span> <span class='ocrx_word' id='word_1_411' title='bbox 1081 1581 1147 1609; x_wconf 91' lang='lat' dir='ltr'><strong>illud</strong></span> <span class='ocrx_word' id='word_1_412' title='bbox 1162 1582 1355 1617; x_wconf 81' lang='lat' dir='ltr'><strong>praescriptum</strong></span> <span class='ocrx_word' id='word_1_413' title='bbox 1374 1589 1430 1609; x_wconf 86' lang='lat' dir='ltr'><strong>non</strong></span> <span class='ocrx_word' id='word_1_414' title='bbox 1445 1589 1507 1610; x_wconf 87' lang='lat' dir='ltr'><strong>esse</strong></span> <span class='ocrx_word' id='word_1_415' title='bbox 1523 1582 1550 1609; x_wconf 89' lang='lat' dir='ltr'><strong>in</strong></span> <span class='ocrx_word' id='word_1_416' title='bbox 1570 1581 1654 1610; x_wconf 88' lang='lat' dir='ltr'><strong>Basil.</strong></span> <span class='ocrx_word' id='word_1_417' title='bbox 1677 1588 1753 1609; x_wconf 88' lang='lat' dir='ltr'><strong>rece-</strong></span> 
     </span>
    </p>
   </div>
   <div class='ocr_carea' id='block_1_63' title="bbox 104 1619 901 1657">
    <p class='ocr_par' dir='ltr' id='par_1_63' title="bbox 104 1619 901 1657">
     <span class='ocr_line' id='line_1_63' title="bbox 104 1619 901 1657; baseline -0.001 -9"><span class='ocrx_word' id='word_1_418' title='bbox 104 1621 156 1656; x_wconf 79' lang='grc' dir='ltr'>τῆς</span> <span class='ocrx_word' id='word_1_419' title='bbox 172 1621 273 1655; x_wconf 80' lang='grc' dir='ltr'>νεαρᾶς</span> <span class='ocrx_word' id='word_1_420' title='bbox 281 1621 414 1655; x_wconf 78' lang='grc' dir='ltr'>διάστιειν</span> <span class='ocrx_word' id='word_1_421' title='bbox 428 1620 576 1648; x_wconf 82' lang='grc' dir='ltr'>κάντεῦθεν</span> <span class='ocrx_word' id='word_1_422' title='bbox 585 1620 726 1657; x_wconf 79' lang='grc' dir='ltr'>ἄπρακτον</span> <span class='ocrx_word' id='word_1_423' title='bbox 741 1619 810 1648; x_wconf 74' lang='grc' dir='ltr'>εἶναι</span> <span class='ocrx_word' id='word_1_424' title='bbox 819 1621 901 1652; x_wconf 73' lang='grc' dir='ltr'>αὐτὸς</span> 
     </span>
    </p>
   </div>
   <div class='ocr_carea' id='block_1_64' title="bbox 105 1665 900 1703">
    <p class='ocr_par' dir='ltr' id='par_1_64' title="bbox 105 1665 900 1703">
     <span class='ocr_line' id='line_1_64' title="bbox 105 1665 900 1703; baseline -0.003 -9"><span class='ocrx_word' id='word_1_425' title='bbox 105 1668 223 1703; x_wconf 78' lang='grc' dir='ltr'>ἐπέμενε</span> <span class='ocrx_word' id='word_1_426' title='bbox 238 1668 325 1703; x_wconf 76' lang='grc' dir='ltr'>λέγων</span> <span class='ocrx_word' id='word_1_427' title='bbox 342 1668 380 1703; x_wconf 87' lang='grc' dir='ltr'>μὴ</span> <span class='ocrx_word' id='word_1_428' title='bbox 403 1668 507 1695; x_wconf 89' lang='grc' dir='ltr'>δίκαιον</span> <span class='ocrx_word' id='word_1_429' title='bbox 522 1665 592 1695; x_wconf 79' lang='grc' dir='ltr'>εἶναι</span> <span class='ocrx_word' id='word_1_430' title='bbox 603 1667 718 1703; x_wconf 85' lang='grc' dir='ltr'>κεραίαν</span> <span class='ocrx_word' id='word_1_431' title='bbox 733 1666 900 1702; x_wconf 84' lang='grc' dir='ltr'>ἀθετηθῆναι</span> 
     </span>
    </p>
   </div>
   <div class='ocr_carea' id='block_1_65' title="bbox 103 1712 902 1750">
    <p class='ocr_par' dir='ltr' id='par_1_65' title="bbox 103 1712 902 1750">
     <span class='ocr_line' id='line_1_65' title="bbox 103 1712 902 1750; baseline -0.003 -10"><span class='ocrx_word' id='word_1_432' title='bbox 103 1714 138 1741; x_wconf 82' lang='grc' dir='ltr'><strong>ἐκ</strong></span> <span class='ocrx_word' id='word_1_433' title='bbox 154 1713 208 1740; x_wconf 87' lang='grc' dir='ltr'>τῶν</span> <span class='ocrx_word' id='word_1_434' title='bbox 221 1714 252 1740; x_wconf 88' lang='grc' dir='ltr'><strong>ἐν</strong></span> <span class='ocrx_word' id='word_1_435' title='bbox 266 1714 304 1749; x_wconf 86' lang='grc' dir='ltr'><strong>τῷ</strong></span> <span class='ocrx_word' id='word_1_436' title='bbox 324 1714 498 1750; x_wconf 76' lang='grc' dir='ltr'>νομοκανόνῳ</span> <span class='ocrx_word' id='word_1_437' title='bbox 512 1713 716 1750; x_wconf 80' lang='grc' dir='ltr'>γεγραμμένων</span> <span class='ocrx_word' id='word_1_438' title='bbox 736 1712 775 1748; x_wconf 84' lang='grc' dir='ltr'>τῷ</span> <span class='ocrx_word' id='word_1_439' title='bbox 790 1712 828 1744; x_wconf 85' lang='grc' dir='ltr'>ὡς</span> <span class='ocrx_word' id='word_1_440' title='bbox 843 1712 902 1739; x_wconf 85' lang='grc' dir='ltr'>οεο-</span> 
     </span>
    </p>
   </div>
   <div class='ocr_carea' id='block_1_66' title="bbox 105 1757 901 1796">
    <p class='ocr_par' dir='ltr' id='par_1_66' title="bbox 105 1757 901 1796">
     <span class='ocr_line' id='line_1_66' title="bbox 105 1757 901 1796; baseline -0.001 -10"><span class='ocrx_word' id='word_1_441' title='bbox 105 1760 223 1796; x_wconf 81' lang='grc' dir='ltr'>γράφοις</span> <span class='ocrx_word' id='word_1_442' title='bbox 241 1760 348 1792; x_wconf 79' lang='grc' dir='ltr'>πλάκας</span> <span class='ocrx_word' id='word_1_443' title='bbox 364 1761 397 1796; x_wconf 83' lang='grc' dir='ltr'><strong>τῇ</strong></span> <span class='ocrx_word' id='word_1_444' title='bbox 412 1760 547 1796; x_wconf 86' lang='grc' dir='ltr'>ἐκκλησίᾳ</span> <span class='ocrx_word' id='word_1_445' title='bbox 560 1758 738 1795; x_wconf 78' lang='grc' dir='ltr'>λογιζομένῳ,</span> <span class='ocrx_word' id='word_1_446' title='bbox 753 1757 901 1785; x_wconf 78' lang='grc' dir='ltr'>ἀλλ’ὓστε-</span> 
     </span>
    </p>
   </div>
   <div class='ocr_carea' id='block_1_67' title="bbox 105 1803 901 1841">
    <p class='ocr_par' dir='ltr' id='par_1_67' title="bbox 105 1803 901 1841">
     <span class='ocr_line' id='line_1_67' title="bbox 105 1803 901 1841; baseline -0.001 -9"><span class='ocrx_word' id='word_1_447' title='bbox 105 1814 154 1841; x_wconf 87' lang='grc' dir='ltr'><strong>ρον</strong></span> <span class='ocrx_word' id='word_1_448' title='bbox 170 1805 264 1841; x_wconf 84' lang='grc' dir='ltr'>μαθὼν</span> <span class='ocrx_word' id='word_1_449' title='bbox 278 1806 311 1833; x_wconf 87' lang='grc' dir='ltr'><strong>ἐκ</strong></span> <span class='ocrx_word' id='word_1_450' title='bbox 323 1814 355 1833; x_wconf 83' lang='grc' dir='ltr'><strong>τε</strong></span> <span class='ocrx_word' id='word_1_451' title='bbox 369 1806 424 1833; x_wconf 87' lang='grc' dir='ltr'><strong>τῶν</strong></span> <span class='ocrx_word' id='word_1_452' title='bbox 438 1805 587 1841; x_wconf 85' lang='grc' dir='ltr'>βασιλικῶν</span> <span class='ocrx_word' id='word_1_453' title='bbox 600 1804 723 1841; x_wconf 74' lang='grc' dir='ltr'>χειλέων,</span> <span class='ocrx_word' id='word_1_454' title='bbox 734 1805 782 1832; x_wconf 80' lang='grc' dir='ltr'>καὶ</span> <span class='ocrx_word' id='word_1_455' title='bbox 796 1804 829 1832; x_wconf 77' lang='grc' dir='ltr'><strong>ἐκ</strong></span> <span class='ocrx_word' id='word_1_456' title='bbox 845 1803 901 1831; x_wconf 85' lang='grc' dir='ltr'>τῶν</span> 
     </span>
    </p>
   </div>
   <div class='ocr_carea' id='block_1_68' title="bbox 106 1850 902 1888">
    <p class='ocr_par' dir='ltr' id='par_1_68' title="bbox 106 1850 902 1888">
     <span class='ocr_line' id='line_1_68' title="bbox 106 1850 902 1888; baseline -0.003 -10"><span class='ocrx_word' id='word_1_457' title='bbox 106 1851 265 1887; x_wconf 80' lang='grc' dir='ltr'>προκρίτων</span> <span class='ocrx_word' id='word_1_458' title='bbox 283 1852 333 1888; x_wconf 86' lang='grc' dir='ltr'>τῆς</span> <span class='ocrx_word' id='word_1_459' title='bbox 349 1852 502 1887; x_wconf 83' lang='grc' dir='ltr'>συγκλήτου</span> <span class='ocrx_word' id='word_1_460' title='bbox 534 1850 643 1887; x_wconf 84' lang='grc' dir='ltr'>βουλῆς.</span> <span class='ocrx_word' id='word_1_461' title='bbox 661 1851 751 1886; x_wconf 85' lang='grc' dir='ltr'>Ὀπερ</span> <span class='ocrx_word' id='word_1_462' title='bbox 775 1851 822 1877; x_wconf 83' lang='grc' dir='ltr'>καὶ</span> <span class='ocrx_word' id='word_1_463' title='bbox 835 1850 902 1886; x_wconf 85' lang='grc' dir='ltr'>πρό-</span> 
     </span>
    </p>
   </div>
   <div class='ocr_carea' id='block_1_69' title="bbox 103 1896 903 1934">
    <p class='ocr_par' dir='ltr' id='par_1_69' title="bbox 103 1896 903 1934">
     <span class='ocr_line' id='line_1_69' title="bbox 103 1896 903 1934; baseline -0.003 -10"><span class='ocrx_word' id='word_1_464' title='bbox 103 1906 186 1934; x_wconf 87' lang='grc' dir='ltr'>τερον</span> <span class='ocrx_word' id='word_1_465' title='bbox 202 1898 302 1934; x_wconf 66' lang='grc' dir='ltr'>ἤκουεν</span> <span class='ocrx_word' id='word_1_466' title='bbox 326 1899 366 1930; x_wconf 86' lang='grc' dir='ltr'>εἰς</span> <span class='ocrx_word' id='word_1_467' title='bbox 387 1897 436 1934; x_wconf 84' lang='grc' dir='ltr'>τὴν</span> <span class='ocrx_word' id='word_1_468' title='bbox 450 1898 497 1925; x_wconf 84' lang='grc' dir='ltr'><strong>τοῦ</strong></span> <span class='ocrx_word' id='word_1_469' title='bbox 521 1896 654 1932; x_wconf 79' lang='grc' dir='ltr'>παρόντος</span> <span class='ocrx_word' id='word_1_470' title='bbox 670 1897 828 1932; x_wconf 83' lang='grc' dir='ltr'>πονήματος</span> <span class='ocrx_word' id='word_1_471' title='bbox 852 1896 903 1922; x_wconf 84' lang='grc' dir='ltr'>ἐπ-</span> 
     </span>
    </p>
   </div>
   <div class='ocr_carea' id='block_1_70' title="bbox 104 1942 905 1979">
    <p class='ocr_par' dir='ltr' id='par_1_70' title="bbox 104 1942 905 1979">
     <span class='ocr_line' id='line_1_70' title="bbox 104 1942 905 1979; baseline -0.004 -8"><span class='ocrx_word' id='word_1_472' title='bbox 104 1944 226 1971; x_wconf 81' lang='grc' dir='ltr'>ἐσπευσε</span> <span class='ocrx_word' id='word_1_473' title='bbox 243 1944 405 1979; x_wconf 78' lang='grc' dir='ltr'>συγγραφὴν</span> <span class='ocrx_word' id='word_1_474' title='bbox 417 1943 508 1976; x_wconf 82' lang='grc' dir='ltr'>καθὼς</span> <span class='ocrx_word' id='word_1_475' title='bbox 522 1943 569 1970; x_wconf 75' lang='grc' dir='ltr'>καὶ</span> <span class='ocrx_word' id='word_1_476' title='bbox 579 1943 608 1970; x_wconf 87' lang='grc' dir='ltr'><strong>ἐν</strong></span> <span class='ocrx_word' id='word_1_477' title='bbox 623 1942 663 1978; x_wconf 86' lang='grc' dir='ltr'>τῷ</span> <span class='ocrx_word' id='word_1_478' title='bbox 682 1942 818 1977; x_wconf 86' lang='grc' dir='ltr'>προοιμίῳ</span> <span class='ocrx_word' id='word_1_479' title='bbox 833 1951 905 1978; x_wconf 85' lang='grc' dir='ltr'>παρ-</span> 
     </span>
    </p>
   </div>
   <div class='ocr_carea' id='block_1_71' title="bbox 103 1988 903 2026">
    <p class='ocr_par' dir='ltr' id='par_1_71' title="bbox 103 1988 903 2026">
     <span class='ocr_line' id='line_1_71' title="bbox 103 1988 903 2026; baseline -0.001 -10"><span class='ocrx_word' id='word_1_480' title='bbox 103 1989 294 2026; x_wconf 80' lang='grc' dir='ltr'>εδηλὼσαμεν.</span> <span class='ocrx_word' id='word_1_481' title='bbox 321 1990 376 2026; x_wconf 85' lang='grc' dir='ltr'><strong>Τῆς</strong></span> <span class='ocrx_word' id='word_1_482' title='bbox 388 1989 454 2024; x_wconf 84' lang='grc' dir='ltr'>γοῦν</span> <span class='ocrx_word' id='word_1_483' title='bbox 466 1991 597 2025; x_wconf 80' lang='grc' dir='ltr'>τοιαύτης</span> <span class='ocrx_word' id='word_1_484' title='bbox 607 1989 709 2024; x_wconf 85' lang='grc' dir='ltr'>νεαρᾶς</span> <span class='ocrx_word' id='word_1_485' title='bbox 724 1988 762 2024; x_wconf 86' lang='grc' dir='ltr'><strong>μὴ</strong></span> <span class='ocrx_word' id='word_1_486' title='bbox 775 1988 903 2024; x_wconf 85' lang='grc' dir='ltr'>ἐνεργού-</span> 
     </span>
    </p>
   </div>
   <div class='ocr_carea' id='block_1_72' title="bbox 105 2035 902 2073">
    <p class='ocr_par' dir='ltr' id='par_1_72' title="bbox 105 2035 902 2073">
     <span class='ocr_line' id='line_1_72' title="bbox 105 2035 902 2073; baseline -0.003 -9"><span class='ocrx_word' id='word_1_487' title='bbox 105 2045 158 2072; x_wconf 79' lang='grc' dir='ltr'><strong>σης</strong></span> <span class='ocrx_word' id='word_1_488' title='bbox 174 2037 270 2072; x_wconf 80' lang='grc' dir='ltr'>κρατεῖ</span> <span class='ocrx_word' id='word_1_489' title='bbox 283 2038 298 2064; x_wconf 87' lang='grc' dir='ltr'><strong>ό</strong></span> <span class='ocrx_word' id='word_1_490' title='bbox 311 2036 361 2070; x_wconf 86' lang='grc' dir='ltr'>κε’,</span> <span class='ocrx_word' id='word_1_491' title='bbox 380 2037 470 2064; x_wconf 82' lang='grc' dir='ltr'>κανὼν</span> <span class='ocrx_word' id='word_1_492' title='bbox 488 2037 537 2073; x_wconf 86' lang='grc' dir='ltr'>τῆς</span> <span class='ocrx_word' id='word_1_493' title='bbox 560 2037 589 2064; x_wconf 87' lang='grc' dir='ltr'><strong>ἐν</strong></span> <span class='ocrx_word' id='word_1_494' title='bbox 609 2035 760 2071; x_wconf 82' lang='grc' dir='ltr'>Χαλκηδόνι</span> <span class='ocrx_word' id='word_1_495' title='bbox 780 2035 902 2063; x_wconf 79' lang='grc' dir='ltr'>συνόδου.</span> 
     </span>
    </p>
   </div>
   <div class='ocr_carea' id='block_1_73' title="bbox 145 2199 904 2238">
    <p class='ocr_par' dir='ltr' id='par_1_73' title="bbox 145 2199 904 2238">
     <span class='ocr_line' id='line_1_73' title="bbox 145 2199 904 2238; baseline -0.005 -9"><span class='ocrx_word' id='word_1_496' title='bbox 145 2201 268 2238; x_wconf 86' lang='grc' dir='ltr'>Σχόλιον.</span> <span class='ocrx_word' id='word_1_497' title='bbox 277 2200 307 2228; x_wconf 89' lang='lat'><strong>&#39;0</strong></span> <span class='ocrx_word' id='word_1_498' title='bbox 319 2200 399 2237; x_wconf 82' lang='grc' dir='ltr'>χάριν</span> <span class='ocrx_word' id='word_1_499' title='bbox 409 2200 459 2236; x_wconf 79' lang='grc' dir='ltr'>τῆς</span> <span class='ocrx_word' id='word_1_500' title='bbox 467 2200 633 2237; x_wconf 84' lang='grc' dir='ltr'>χειροτονίας</span> <span class='ocrx_word' id='word_1_501' title='bbox 644 2199 691 2226; x_wconf 87' lang='grc' dir='ltr'><strong>τοῦ</strong></span> <span class='ocrx_word' id='word_1_502' title='bbox 702 2199 853 2226; x_wconf 81' lang='grc' dir='ltr'>ἐπισκόπου</span> <span class='ocrx_word' id='word_1_503' title='bbox 864 2199 904 2235; x_wconf 83' lang='grc' dir='ltr'>τῷ</span> 
     </span>
    </p>
   </div>
   <div class='ocr_carea' id='block_1_74' title="bbox 957 1627 1752 1664">
    <p class='ocr_par' dir='ltr' id='par_1_74' title="bbox 957 1627 1752 1664">
     <span class='ocr_line' id='line_1_74' title="bbox 957 1627 1752 1664; baseline 0.001 -10"><span class='ocrx_word' id='word_1_504' title='bbox 957 1632 1046 1663; x_wconf 90' lang='lat' dir='ltr'><strong>ptum,</strong></span> <span class='ocrx_word' id='word_1_505' title='bbox 1069 1627 1186 1663; x_wconf 87' lang='lat' dir='ltr'><strong>ideoque</strong></span> <span class='ocrx_word' id='word_1_506' title='bbox 1211 1628 1349 1656; x_wconf 88' lang='lat' dir='ltr'><strong>nullarum</strong></span> <span class='ocrx_word' id='word_1_507' title='bbox 1368 1628 1467 1656; x_wconf 88' lang='lat' dir='ltr'><strong>virium</strong></span> <span class='ocrx_word' id='word_1_508' title='bbox 1486 1635 1567 1660; x_wconf 90' lang='lat' dir='ltr'><strong>esse;</strong></span> <span class='ocrx_word' id='word_1_509' title='bbox 1598 1627 1752 1664; x_wconf 86' lang='lat' dir='ltr'><strong>[nihilomi-</strong></span> 
     </span>
    </p>
   </div>
   <div class='ocr_carea' id='block_1_75' title="bbox 957 1674 1750 1711">
    <p class='ocr_par' dir='ltr' id='par_1_75' title="bbox 957 1674 1750 1711">
     <span class='ocr_line' id='line_1_75' title="bbox 957 1674 1750 1711; baseline 0.001 -10"><span class='ocrx_word' id='word_1_510' title='bbox 957 1674 1022 1710; x_wconf 90' lang='lat' dir='ltr'><strong>nus]</strong></span> <span class='ocrx_word' id='word_1_511' title='bbox 1037 1674 1187 1708; x_wconf 80' lang='lat' dir='ltr'><strong>permansit</strong></span> <span class='ocrx_word' id='word_1_512' title='bbox 1201 1674 1240 1711; x_wconf 90' lang='lat' dir='ltr'><strong>[in</strong></span> <span class='ocrx_word' id='word_1_513' title='bbox 1258 1674 1418 1710; x_wconf 84' lang='lat' dir='ltr'><strong>sententia],</strong></span> <span class='ocrx_word' id='word_1_514' title='bbox 1432 1679 1514 1710; x_wconf 85' lang='lat' dir='ltr'><strong>atque</strong></span> <span class='ocrx_word' id='word_1_515' title='bbox 1527 1674 1670 1709; x_wconf 84' lang='lat' dir='ltr'><strong>indignum</strong></span> <span class='ocrx_word' id='word_1_516' title='bbox 1687 1681 1750 1702; x_wconf 88' lang='lat' dir='ltr'><strong>esse</strong></span> 
     </span>
    </p>
   </div>
   <div class='ocr_carea' id='block_1_76' title="bbox 956 1718 1751 1763">
    <p class='ocr_par' dir='ltr' id='par_1_76' title="bbox 956 1718 1751 1763">
     <span class='ocr_line' id='line_1_76' title="bbox 956 1718 1751 1763; baseline 0 -16"><span class='ocrx_word' id='word_1_517' title='bbox 956 1720 1036 1754; x_wconf 82' lang='lat' dir='ltr'><strong>dixit,</strong></span> <span class='ocrx_word' id='word_1_518' title='bbox 1057 1720 1079 1748; x_wconf 92' lang='lat' dir='ltr'><strong>si</strong></span> <span class='ocrx_word' id='word_1_519' title='bbox 1098 1719 1152 1756; x_wconf 86' lang='lat' dir='ltr'><strong>[vel</strong></span> <span class='ocrx_word' id='word_1_520' title='bbox 1170 1719 1253 1756; x_wconf 92' lang='lat' dir='ltr'><strong>unus]</strong></span> <span class='ocrx_word' id='word_1_521' title='bbox 1275 1727 1343 1755; x_wconf 78' lang='lat' dir='ltr'><strong>apex</strong></span> <span class='ocrx_word' id='word_1_522' title='bbox 1360 1727 1457 1763; x_wconf 68' lang='lat' dir='ltr'><strong>eorum</strong></span> <span class='ocrx_word' id='word_1_523' title='bbox 1477 1727 1538 1754; x_wconf 72' lang='lat' dir='ltr'><strong>quae</strong></span> <span class='ocrx_word' id='word_1_524' title='bbox 1563 1721 1590 1747; x_wconf 85' lang='lat' dir='ltr'><strong>in</strong></span> <span class='ocrx_word' id='word_1_525' title='bbox 1611 1718 1751 1747; x_wconf 85' lang='lat' dir='ltr'><strong>Nomoca-</strong></span> 
     </span>
    </p>
   </div>
   <div class='ocr_carea' id='block_1_77' title="bbox 957 1765 1753 1802">
    <p class='ocr_par' dir='ltr' id='par_1_77' title="bbox 957 1765 1753 1802">
     <span class='ocr_line' id='line_1_77' title="bbox 957 1765 1753 1802; baseline -0.003 -8"><span class='ocrx_word' id='word_1_526' title='bbox 957 1774 1040 1799; x_wconf 86' lang='lat' dir='ltr'><strong>none,</strong></span> <span class='ocrx_word' id='word_1_527' title='bbox 1062 1766 1102 1802; x_wconf 91' lang='lat' dir='ltr'><strong>[id</strong></span> <span class='ocrx_word' id='word_1_528' title='bbox 1113 1770 1165 1800; x_wconf 85' lang='lat' dir='ltr'><strong>est,</strong></span> <span class='ocrx_word' id='word_1_529' title='bbox 1183 1766 1210 1794; x_wconf 94' lang='lat' dir='ltr'><strong>in</strong></span> <span class='ocrx_word' id='word_1_530' title='bbox 1226 1767 1296 1794; x_wconf 93' lang='lat' dir='ltr'><strong>libro</strong></span> <span class='ocrx_word' id='word_1_531' title='bbox 1307 1774 1340 1794; x_wconf 85' lang='lat' dir='ltr'><strong>ex</strong></span> <span class='ocrx_word' id='word_1_532' title='bbox 1353 1766 1461 1802; x_wconf 72' lang='lat' dir='ltr'><strong>legibus</strong></span> <span class='ocrx_word' id='word_1_533' title='bbox 1473 1770 1500 1793; x_wconf 88' lang='lat' dir='ltr'><strong>et</strong></span> <span class='ocrx_word' id='word_1_534' title='bbox 1513 1765 1669 1793; x_wconf 87' lang='lat' dir='ltr'><strong>canonibus</strong></span> <span class='ocrx_word' id='word_1_535' title='bbox 1686 1773 1753 1793; x_wconf 93' lang='lat' dir='ltr'><strong>con-</strong></span> 
     </span>
    </p>
   </div>
   <div class='ocr_carea' id='block_1_78' title="bbox 959 1810 1754 1847">
    <p class='ocr_par' dir='ltr' id='par_1_78' title="bbox 959 1810 1754 1847">
     <span class='ocr_line' id='line_1_78' title="bbox 959 1810 1754 1847; baseline 0 -8"><span class='ocrx_word' id='word_1_536' title='bbox 959 1811 1121 1847; x_wconf 82' lang='lat' dir='ltr'><strong>sarcinato],</strong></span> <span class='ocrx_word' id='word_1_537' title='bbox 1136 1812 1240 1847; x_wconf 86' lang='lat' dir='ltr'><strong>scripta</strong></span> <span class='ocrx_word' id='word_1_538' title='bbox 1260 1816 1327 1839; x_wconf 86' lang='lat' dir='ltr'><strong>sunt</strong></span> <span class='ocrx_word' id='word_1_539' title='bbox 1343 1818 1407 1839; x_wconf 87' lang='lat' dir='ltr'><strong>cum</strong></span> <span class='ocrx_word' id='word_1_540' title='bbox 1433 1810 1503 1847; x_wconf 87' lang='lat' dir='ltr'><strong>[ille]</strong></span> <span class='ocrx_word' id='word_1_541' title='bbox 1521 1815 1651 1846; x_wconf 88' lang='lat' dir='ltr'><strong>tanquam</strong></span> <span class='ocrx_word' id='word_1_542' title='bbox 1665 1818 1682 1838; x_wconf 89' lang='lat' dir='ltr'><strong>a</strong></span> <span class='ocrx_word' id='word_1_543' title='bbox 1697 1810 1754 1839; x_wconf 90' lang='lat' dir='ltr'><strong>Deo</strong></span> 
     </span>
    </p>
   </div>
   <div class='ocr_carea' id='block_1_79' title="bbox 958 1858 1755 1894">
    <p class='ocr_par' dir='ltr' id='par_1_79' title="bbox 958 1858 1755 1894">
     <span class='ocr_line' id='line_1_79' title="bbox 958 1858 1755 1894; baseline -0.004 -7"><span class='ocrx_word' id='word_1_544' title='bbox 958 1859 1068 1894; x_wconf 80' lang='lat' dir='ltr'><strong>scriptae</strong></span> <span class='ocrx_word' id='word_1_545' title='bbox 1085 1859 1186 1887; x_wconf 83' lang='lat' dir='ltr'><strong>tabulae</strong></span> <span class='ocrx_word' id='word_1_546' title='bbox 1211 1858 1239 1886; x_wconf 89' lang='lat' dir='ltr'><strong>in</strong></span> <span class='ocrx_word' id='word_1_547' title='bbox 1265 1858 1390 1886; x_wconf 86' lang='lat' dir='ltr'><strong>Ecclesia</strong></span> <span class='ocrx_word' id='word_1_548' title='bbox 1408 1858 1568 1890; x_wconf 75' lang='lat' dir='ltr'><strong>aestimetur,</strong></span> <span class='ocrx_word' id='word_1_549' title='bbox 1591 1858 1755 1893; x_wconf 86' lang='lat' dir='ltr'><strong>reprobare-</strong></span> 
     </span>
    </p>
   </div>
   <div class='ocr_carea' id='block_1_80' title="bbox 959 1903 1754 1940">
    <p class='ocr_par' dir='ltr' id='par_1_80' title="bbox 959 1903 1754 1940">
     <span class='ocr_line' id='line_1_80' title="bbox 959 1903 1754 1940; baseline -0.004 -7"><span class='ocrx_word' id='word_1_550' title='bbox 959 1909 1015 1933; x_wconf 86' lang='lat' dir='ltr'><strong>tur.</strong></span> <span class='ocrx_word' id='word_1_551' title='bbox 1030 1905 1133 1933; x_wconf 77' lang='lat' dir='ltr'><strong>Verum</strong></span> <span class='ocrx_word' id='word_1_552' title='bbox 1154 1913 1217 1932; x_wconf 86' lang='lat' dir='ltr'><strong>cum</strong></span> <span class='ocrx_word' id='word_1_553' title='bbox 1238 1904 1416 1940; x_wconf 84' lang='lat' dir='ltr'><strong>postmodum</strong></span> <span class='ocrx_word' id='word_1_554' title='bbox 1435 1904 1519 1936; x_wconf 89' lang='lat' dir='ltr'><strong>idem,</strong></span> <span class='ocrx_word' id='word_1_555' title='bbox 1537 1903 1611 1939; x_wconf 87' lang='lat' dir='ltr'><strong>quod</strong></span> <span class='ocrx_word' id='word_1_556' title='bbox 1629 1908 1704 1936; x_wconf 87' lang='lat' dir='ltr'><strong>ante,</strong></span> <span class='ocrx_word' id='word_1_557' title='bbox 1720 1911 1754 1931; x_wconf 77' lang='lat' dir='ltr'><strong>ex</strong></span> 
     </span>
    </p>
   </div>
   <div class='ocr_carea' id='block_1_81' title="bbox 960 1948 1752 1986">
    <p class='ocr_par' dir='ltr' id='par_1_81' title="bbox 960 1948 1752 1986">
     <span class='ocr_line' id='line_1_81' title="bbox 960 1948 1752 1986; baseline -0.004 -8"><span class='ocrx_word' id='word_1_558' title='bbox 960 1951 1136 1986; x_wconf 84' lang='lat' dir='ltr'><strong>imperatoris</strong></span> <span class='ocrx_word' id='word_1_559' title='bbox 1151 1957 1208 1982; x_wconf 90' lang='lat' dir='ltr'><strong>ore,</strong></span> <span class='ocrx_word' id='word_1_560' title='bbox 1223 1954 1251 1978; x_wconf 89' lang='lat' dir='ltr'><strong>et</strong></span> <span class='ocrx_word' id='word_1_561' title='bbox 1261 1949 1409 1985; x_wconf 64' lang='lat' dir='ltr'><strong>praecipuis</strong></span> <span class='ocrx_word' id='word_1_562' title='bbox 1424 1948 1601 1976; x_wconf 88' lang='lat' dir='ltr'><strong>senatoribus</strong></span> <span class='ocrx_word' id='word_1_563' title='bbox 1609 1948 1734 1976; x_wconf 82' lang='lat' dir='ltr'><strong>audisset</strong></span> <span class='ocrx_word' id='word_1_564' title='bbox 1744 1968 1752 1981; x_wconf 96' lang='lat'><strong>,</strong></span> 
     </span>
    </p>
   </div>
   <div class='ocr_carea' id='block_1_82' title="bbox 962 1988 1752 2030">
    <p class='ocr_par' dir='ltr' id='par_1_82' title="bbox 962 1988 1752 2030">
     <span class='ocr_line' id='line_1_82' title="bbox 962 1988 1752 2030; baseline -0.006 -5"><span class='ocrx_word' id='word_1_565' title='bbox 962 1988 992 2026; x_wconf 30' lang='lat' dir='ltr'><strong>sle</strong></span> <span class='ocrx_word' id='word_1_566' title='bbox 1015 1996 1160 2024; x_wconf 83' lang='lat' dir='ltr'><strong>confestim</strong></span> <span class='ocrx_word' id='word_1_567' title='bbox 1189 1996 1222 2023; x_wconf 91' lang='lat' dir='ltr'><strong>ad</strong></span> <span class='ocrx_word' id='word_1_568' title='bbox 1240 1995 1384 2030; x_wconf 68' lang='lat' dir='ltr'><strong>praesentis</strong></span> <span class='ocrx_word' id='word_1_569' title='bbox 1407 1994 1499 2030; x_wconf 87' lang='lat' dir='ltr'><strong>operis</strong></span> <span class='ocrx_word' id='word_1_570' title='bbox 1522 1993 1752 2028; x_wconf 89' lang='lat' dir='ltr'><strong>compositionem</strong></span> 
     </span>
    </p>
   </div>
   <div class='ocr_carea' id='block_1_83' title="bbox 959 2039 1756 2078">
    <p class='ocr_par' dir='ltr' id='par_1_83' title="bbox 959 2039 1756 2078">
     <span class='ocr_line' id='line_1_83' title="bbox 959 2039 1756 2078; baseline -0.006 -7"><span class='ocrx_word' id='word_1_571' title='bbox 959 2043 1088 2075; x_wconf 88' lang='lat' dir='ltr'><strong>contulit,</strong></span> <span class='ocrx_word' id='word_1_572' title='bbox 1114 2041 1348 2078; x_wconf 87' lang='lat' dir='ltr'><strong>quemadmodum</strong></span> <span class='ocrx_word' id='word_1_573' title='bbox 1369 2040 1477 2077; x_wconf 87' lang='lat' dir='ltr'><strong>[etiam]</strong></span> <span class='ocrx_word' id='word_1_574' title='bbox 1501 2041 1530 2067; x_wconf 93' lang='lat' dir='ltr'><strong>in</strong></span> <span class='ocrx_word' id='word_1_575' title='bbox 1552 2039 1689 2075; x_wconf 84' lang='lat' dir='ltr'><strong>prooemio</strong></span> <span class='ocrx_word' id='word_1_576' title='bbox 1719 2040 1756 2067; x_wconf 90' lang='lat' dir='ltr'><strong>si-</strong></span> 
     </span>
    </p>
   </div>
   <div class='ocr_carea' id='block_1_84' title="bbox 960 2086 1752 2126">
    <p class='ocr_par' dir='ltr' id='par_1_84' title="bbox 960 2086 1752 2126">
     <span class='ocr_line' id='line_1_84' title="bbox 960 2086 1752 2126; baseline -0.006 -8"><span class='ocrx_word' id='word_1_577' title='bbox 960 2090 1164 2126; x_wconf 75' lang='lat' dir='ltr'><strong>gniﬁcavimus.</strong></span> <span class='ocrx_word' id='word_1_578' title='bbox 1179 2089 1270 2124; x_wconf 85' lang='lat' dir='ltr'><strong>Atque</strong></span> <span class='ocrx_word' id='word_1_579' title='bbox 1286 2089 1322 2116; x_wconf 86' lang='lat' dir='ltr'><strong>ita</strong></span> <span class='ocrx_word' id='word_1_580' title='bbox 1339 2095 1407 2116; x_wconf 87' lang='lat' dir='ltr'><strong>sane</strong></span> <span class='ocrx_word' id='word_1_581' title='bbox 1426 2086 1558 2114; x_wconf 77' lang='lat' dir='ltr'><strong>inefﬁcaci</strong></span> <span class='ocrx_word' id='word_1_582' title='bbox 1573 2087 1619 2114; x_wconf 88' lang='lat' dir='ltr'><strong>isti</strong></span> <span class='ocrx_word' id='word_1_583' title='bbox 1634 2087 1752 2114; x_wconf 61' lang='lat' dir='ltr'><strong>novellae</strong></span> 
     </span>
    </p>
   </div>
   <div class='ocr_carea' id='block_1_85' title="bbox 960 2132 1613 2170">
    <p class='ocr_par' dir='ltr' id='par_1_85' title="bbox 960 2132 1613 2170">
     <span class='ocr_line' id='line_1_85' title="bbox 960 2132 1613 2170; baseline -0.008 -5"><span class='ocrx_word' id='word_1_584' title='bbox 960 2136 1193 2165; x_wconf 76' lang='lat' dir='ltr'><strong>Chalcedonensis</strong></span> <span class='ocrx_word' id='word_1_585' title='bbox 1204 2134 1314 2162; x_wconf 86' lang='lat' dir='ltr'><strong>concilii</strong></span> <span class='ocrx_word' id='word_1_586' title='bbox 1323 2140 1413 2162; x_wconf 85' lang='lat' dir='ltr'><strong>canon</strong></span> <span class='ocrx_word' id='word_1_587' title='bbox 1427 2133 1471 2170; x_wconf 43' lang='lat'><strong>25.</strong></span> <span class='ocrx_word' id='word_1_588' title='bbox 1476 2132 1613 2168; x_wconf 86' lang='lat' dir='ltr'><strong>praevalet.</strong></span> 
     </span>
    </p>
   </div>
   <div class='ocr_carea' id='block_1_86' title="bbox 996 2187 1754 2225">
    <p class='ocr_par' dir='ltr' id='par_1_86' title="bbox 996 2187 1754 2225">
     <span class='ocr_line' id='line_1_86' title="bbox 996 2187 1754 2225; baseline -0.004 -5"><span class='ocrx_word' id='word_1_589' title='bbox 996 2193 1143 2221; x_wconf 82' lang='lat' dir='ltr'><strong>Scholium.</strong></span> <span class='ocrx_word' id='word_1_590' title='bbox 1158 2192 1197 2220; x_wconf 90' lang='lat' dir='ltr'><strong>De</strong></span> <span class='ocrx_word' id='word_1_591' title='bbox 1211 2191 1387 2219; x_wconf 86' lang='lat' dir='ltr'><strong>ordinatione</strong></span> <span class='ocrx_word' id='word_1_592' title='bbox 1412 2189 1605 2225; x_wconf 87' lang='lat' dir='ltr'><strong>episcoporum</strong></span> <span class='ocrx_word' id='word_1_593' title='bbox 1629 2187 1656 2216; x_wconf 89' lang='lat' dir='ltr'><strong>in</strong></span> <span class='ocrx_word' id='word_1_594' title='bbox 1680 2196 1754 2224; x_wconf 75' lang='lat' dir='ltr'><strong>prae-</strong></span> 
     </span>
    </p>
   </div>
   <div class='ocr_carea' id='block_1_87' title="bbox 104 2235 897 2284">
    <p class='ocr_par' dir='ltr' id='par_1_87' title="bbox 104 2235 897 2284">
     <span class='ocr_line' id='line_1_87' title="bbox 104 2235 897 2284; baseline -0.005 -8"><span class='ocrx_word' id='word_1_595' title='bbox 104 2235 225 2284; x_wconf 62' lang='grc' dir='ltr'>παρόντι</span> <span class='ocrx_word' id='word_1_596' title='bbox 235 2235 536 2283; x_wconf 18' lang='grc' dir='ltr'>κανόνιγπεριεχόμενος</span> <span class='ocrx_word' id='word_1_597' title='bbox 547 2245 642 2282; x_wconf 75' lang='grc' dir='ltr'>χρόνος</span> <span class='ocrx_word' id='word_1_598' title='bbox 654 2246 748 2277; x_wconf 77' lang='grc' dir='ltr'>διττῶς</span> <span class='ocrx_word' id='word_1_599' title='bbox 758 2246 897 2282; x_wconf 85' lang='grc' dir='ltr'>έρμηνεύε</span> 
     </span>
    </p>
   </div>
   <div class='ocr_carea' id='block_1_88' title="bbox 957 2235 1756 2284">
    <p class='ocr_par' dir='ltr' id='par_1_88' title="bbox 961 2235 1756 2275">
     <span class='ocr_line' id='line_1_88' title="bbox 961 2235 1756 2275; baseline -0.006 -7"><span class='ocrx_word' id='word_1_600' title='bbox 961 2240 1031 2269; x_wconf 88' lang='lat' dir='ltr'><strong>senti</strong></span> <span class='ocrx_word' id='word_1_601' title='bbox 1053 2247 1115 2275; x_wconf 85' lang='lat' dir='ltr'><strong>cap.</strong></span> <span class='ocrx_word' id='word_1_602' title='bbox 1135 2243 1246 2275; x_wconf 86' lang='lat' dir='ltr'><strong>tempus</strong></span> <span class='ocrx_word' id='word_1_603' title='bbox 1263 2237 1494 2273; x_wconf 86' lang='lat' dir='ltr'><strong>comprehensum</strong></span> <span class='ocrx_word' id='word_1_604' title='bbox 1519 2235 1656 2271; x_wconf 85' lang='lat' dir='ltr'><strong>duplicem</strong></span> <span class='ocrx_word' id='word_1_605' title='bbox 1672 2235 1756 2263; x_wconf 86' lang='lat' dir='ltr'><strong>habet</strong></span> 
     </span>
    </p>
   </div>
   <div class='ocr_carea' id='block_1_89' title="bbox 103 2288 908 2329">
    <p class='ocr_par' dir='ltr' id='par_1_89' title="bbox 103 2288 908 2329">
     <span class='ocr_line' id='line_1_89' title="bbox 103 2288 908 2329; baseline -0.007 -8"><span class='ocrx_word' id='word_1_606' title='bbox 103 2303 166 2321; x_wconf 75' lang='grc' dir='ltr'>ται.</span> <span class='ocrx_word' id='word_1_607' title='bbox 182 2293 212 2320; x_wconf 83' lang='lat'><strong>&#39;0</strong></span> <span class='ocrx_word' id='word_1_608' title='bbox 227 2292 275 2329; x_wconf 90' lang='grc' dir='ltr'><strong>μέν</strong></span> <span class='ocrx_word' id='word_1_609' title='bbox 291 2292 346 2328; x_wconf 87' lang='grc' dir='ltr'><strong>γὰρ</strong></span> <span class='ocrx_word' id='word_1_610' title='bbox 356 2290 394 2318; x_wconf 87' lang='grc' dir='ltr'>κε’</span> <span class='ocrx_word' id='word_1_611' title='bbox 411 2291 512 2323; x_wconf 79' lang='grc' dir='ltr'>κανὼν,</span> <span class='ocrx_word' id='word_1_612' title='bbox 528 2290 580 2326; x_wconf 82' lang='grc' dir='ltr'>τῆς</span> <span class='ocrx_word' id='word_1_613' title='bbox 595 2291 624 2317; x_wconf 89' lang='grc' dir='ltr'><strong>ἐν</strong></span> <span class='ocrx_word' id='word_1_614' title='bbox 635 2289 787 2326; x_wconf 78' lang='grc' dir='ltr'>Χαλκηδόνι</span> <span class='ocrx_word' id='word_1_615' title='bbox 799 2288 908 2316; x_wconf 80' lang='grc' dir='ltr'>συνόδου</span> 
     </span>
    </p>
   </div>
   <div class='ocr_carea' id='block_1_90' title="bbox 103 2336 910 2377">
    <p class='ocr_par' dir='ltr' id='par_1_90' title="bbox 103 2336 910 2377">
     <span class='ocr_line' id='line_1_90' title="bbox 103 2336 910 2377; baseline -0.007 -9"><span class='ocrx_word' id='word_1_616' title='bbox 103 2340 356 2377; x_wconf 78' lang='grc' dir='ltr'>διορίζεται,1ἐντὺς</span> <span class='ocrx_word' id='word_1_617' title='bbox 371 2338 454 2374; x_wconf 83' lang='grc' dir='ltr'>τριῶν</span> <span class='ocrx_word' id='word_1_618' title='bbox 468 2337 560 2374; x_wconf 84' lang='grc' dir='ltr'>μηνῶν</span> <span class='ocrx_word' id='word_1_619' title='bbox 568 2338 608 2369; x_wconf 83' lang='grc' dir='ltr'><strong>εις</strong></span> <span class='ocrx_word' id='word_1_620' title='bbox 617 2336 666 2369; x_wconf 82' lang='grc' dir='ltr'><strong>τὰς</strong></span> <span class='ocrx_word' id='word_1_621' title='bbox 676 2336 848 2372; x_wconf 86' lang='grc' dir='ltr'>χηρευούσας</span> <span class='ocrx_word' id='word_1_622' title='bbox 863 2337 910 2363; x_wconf 78' lang='grc' dir='ltr'>ἐκ·</span> 
     </span>
    </p>
   </div>
   <div class='ocr_carea' id='block_1_91' title="bbox 105 2381 908 2424">
    <p class='ocr_par' dir='ltr' id='par_1_91' title="bbox 105 2381 908 2424">
     <span class='ocr_line' id='line_1_91' title="bbox 105 2381 908 2424; baseline -0.007 -9"><span class='ocrx_word' id='word_1_623' title='bbox 105 2387 228 2424; x_wconf 84' lang='grc' dir='ltr'>κλησίας</span> <span class='ocrx_word' id='word_1_624' title='bbox 243 2386 411 2418; x_wconf 78' lang='grc' dir='ltr'>ἐπισκόπους</span> <span class='ocrx_word' id='word_1_625' title='bbox 428 2384 680 2420; x_wconf 83' lang='grc' dir='ltr'>ἀποκηρύττεσθαι.</span> <span class='ocrx_word' id='word_1_626' title='bbox 707 2383 736 2410; x_wconf 76' lang='lat'><strong>’0</strong></span> <span class='ocrx_word' id='word_1_627' title='bbox 755 2383 783 2409; x_wconf 81' lang='grc' dir='ltr'>δὲ</span> <span class='ocrx_word' id='word_1_628' title='bbox 802 2381 843 2415; x_wconf 83' lang='grc' dir='ltr'>ιδ’,</span> <span class='ocrx_word' id='word_1_629' title='bbox 858 2391 908 2410; x_wconf 88' lang='grc' dir='ltr'>κα-</span> 
     </span>
    </p>
   </div>
   <div class='ocr_carea' id='block_1_92' title="bbox 104 2427 909 2468">
    <p class='ocr_par' dir='ltr' id='par_1_92' title="bbox 104 2427 909 2468">
     <span class='ocr_line' id='line_1_92' title="bbox 104 2427 909 2468; baseline -0.009 -7"><span class='ocrx_word' id='word_1_630' title='bbox 104 2434 165 2462; x_wconf 86' lang='grc' dir='ltr'>νὼν</span> <span class='ocrx_word' id='word_1_631' title='bbox 178 2433 230 2468; x_wconf 84' lang='grc' dir='ltr'>τῆς</span> <span class='ocrx_word' id='word_1_632' title='bbox 245 2432 272 2465; x_wconf 84' lang='grc' dir='ltr'>ς’</span> <span class='ocrx_word' id='word_1_633' title='bbox 285 2432 395 2459; x_wconf 84' lang='grc' dir='ltr'>συνόδου</span> <span class='ocrx_word' id='word_1_634' title='bbox 413 2431 478 2467; x_wconf 76' lang='grc' dir='ltr'>περὶ</span> <span class='ocrx_word' id='word_1_635' title='bbox 499 2429 548 2457; x_wconf 84' lang='grc' dir='ltr'><strong>τοῦ</strong></span> <span class='ocrx_word' id='word_1_636' title='bbox 563 2427 661 2466; x_wconf 79' lang='grc' dir='ltr'>χρόνου</span> <span class='ocrx_word' id='word_1_637' title='bbox 677 2428 726 2464; x_wconf 80' lang='grc' dir='ltr'>τῆς</span> <span class='ocrx_word' id='word_1_638' title='bbox 742 2428 850 2464; x_wconf 81' lang='grc' dir='ltr'>ἡλικίας</span> <span class='ocrx_word' id='word_1_639' title='bbox 861 2427 909 2454; x_wconf 81' lang='grc' dir='ltr'><strong>τοῦ</strong></span> 
     </span>
    </p>
   </div>
   <div class='ocr_carea' id='block_1_93' title="bbox 105 2474 909 2511">
    <p class='ocr_par' dir='ltr' id='par_1_93' title="bbox 105 2474 909 2511">
     <span class='ocr_line' id='line_1_93' title="bbox 105 2474 909 2511; baseline -0.01 -4"><span class='ocrx_word' id='word_1_640' title='bbox 105 2479 267 2507; x_wconf 78' lang='grc' dir='ltr'>ἐπισκόπου</span> <span class='ocrx_word' id='word_1_641' title='bbox 295 2478 430 2505; x_wconf 84' lang='grc' dir='ltr'>διδάσκει.</span> <span class='ocrx_word' id='word_1_642' title='bbox 452 2476 486 2504; x_wconf 84' lang='grc' dir='ltr'><strong>Ἡ</strong></span> <span class='ocrx_word' id='word_1_643' title='bbox 511 2476 541 2503; x_wconf 77' lang='grc' dir='ltr'>δὲ</span> <span class='ocrx_word' id='word_1_644' title='bbox 564 2475 720 2511; x_wconf 72' lang='grc' dir='ltr'>παράῦασις</span> <span class='ocrx_word' id='word_1_645' title='bbox 737 2474 843 2501; x_wconf 82' lang='grc' dir='ltr'>ἐκείνου</span> <span class='ocrx_word' id='word_1_646' title='bbox 859 2474 909 2509; x_wconf 84' lang='grc' dir='ltr'>μὲν</span> 
     </span>
    </p>
   </div>
   <div class='ocr_carea' id='block_1_94' title="bbox 104 2519 910 2562">
    <p class='ocr_par' dir='ltr' id='par_1_94' title="bbox 104 2519 910 2562">
     <span class='ocr_line' id='line_1_94' title="bbox 104 2519 910 2562; baseline -0.01 -8"><span class='ocrx_word' id='word_1_647' title='bbox 104 2525 337 2562; x_wconf 80' lang='grc' dir='ltr'>ἑκκλησιαστικῷ</span> <span class='ocrx_word' id='word_1_648' title='bbox 365 2523 569 2552; x_wconf 80' lang='grc' dir='ltr'>καθυποόἀλλει</span> <span class='ocrx_word' id='word_1_649' title='bbox 593 2521 744 2558; x_wconf 85' lang='grc' dir='ltr'>ἐπιτιμίῳ,</span> <span class='ocrx_word' id='word_1_650' title='bbox 771 2520 859 2556; x_wconf 85' lang='grc' dir='ltr'>τούτῳ</span> <span class='ocrx_word' id='word_1_651' title='bbox 882 2519 910 2546; x_wconf 83' lang='grc' dir='ltr'>δὲ</span> 
     </span>
    </p>
   </div>
   <div class='ocr_carea' id='block_1_95' title="bbox 103 2572 285 2609">
    <p class='ocr_par' dir='ltr' id='par_1_95' title="bbox 103 2572 285 2609">
     <span class='ocr_line' id='line_1_95' title="bbox 103 2572 285 2609; baseline -0.005 -9"><span class='ocrx_word' id='word_1_652' title='bbox 103 2572 285 2609; x_wconf 75' lang='grc' dir='ltr'>καθαιρέσει.</span> 
     </span>
    </p>
   </div>
   <div class='ocr_carea' id='block_1_96' title="bbox 147 2623 911 2662">
    <p class='ocr_par' dir='ltr' id='par_1_96' title="bbox 147 2623 911 2662">
     <span class='ocr_line' id='line_1_96' title="bbox 147 2623 911 2662; baseline -0.01 -4"><span class='ocrx_word' id='word_1_653' title='bbox 147 2630 278 2658; x_wconf 77' lang='grc' dir='ltr'><strong>ΚΕΦΑΛ.</strong></span> <span class='ocrx_word' id='word_1_654' title='bbox 295 2630 324 2657; x_wconf 74' lang='grc' dir='ltr'>ιι.</span> <span class='ocrx_word' id='word_1_655' title='bbox 344 2644 378 2650; x_wconf 89' lang='grc'><strong>-</strong></span> <span class='ocrx_word' id='word_1_656' title='bbox 392 2627 465 2662; x_wconf 78' lang='grc' dir='ltr'>Περὶ</span> <span class='ocrx_word' id='word_1_657' title='bbox 476 2626 530 2654; x_wconf 84' lang='grc' dir='ltr'>τοῦ</span> <span class='ocrx_word' id='word_1_658' title='bbox 536 2625 580 2662; x_wconf 78' lang='grc' dir='ltr'>μὴ</span> <span class='ocrx_word' id='word_1_659' title='bbox 595 2624 830 2661; x_wconf 74' lang='grc' dir='ltr'>χειροτονεῖσθαι</span> <span class='ocrx_word' id='word_1_660' title='bbox 844 2623 911 2651; x_wconf 81' lang='grc' dir='ltr'>τινὰ</span> 
     </span>
    </p>
   </div>
   <div class='ocr_carea' id='block_1_97' title="bbox 103 2671 910 2711">
    <p class='ocr_par' dir='ltr' id='par_1_97' title="bbox 103 2671 910 2711">
     <span class='ocr_line' id='line_1_97' title="bbox 103 2671 910 2711; baseline -0.011 -5"><span class='ocrx_word' id='word_1_661' title='bbox 103 2678 294 2710; x_wconf 75' lang='grc' dir='ltr'>ἐπίσκοπον,</span> <span class='ocrx_word' id='word_1_662' title='bbox 310 2675 329 2711; x_wconf 79' lang='grc' dir='ltr'><strong>ἢ</strong></span> <span class='ocrx_word' id='word_1_663' title='bbox 359 2674 574 2709; x_wconf 81' lang='grc' dir='ltr'>πρεσϐύτερον,</span> <span class='ocrx_word' id='word_1_664' title='bbox 590 2672 609 2707; x_wconf 77' lang='grc' dir='ltr'>ἢ</span> <span class='ocrx_word' id='word_1_665' title='bbox 625 2672 768 2699; x_wconf 79' lang='grc' dir='ltr'>διάκονον</span> <span class='ocrx_word' id='word_1_666' title='bbox 797 2671 868 2706; x_wconf 76' lang='grc' dir='ltr'>πρὶν</span> <span class='ocrx_word' id='word_1_667' title='bbox 890 2671 910 2705; x_wconf 78' lang='grc' dir='ltr'><em>ἢ</em></span> 
     </span>
    </p>
   </div>
   <div class='ocr_carea' id='block_1_98' title="bbox 103 2718 911 2757">
    <p class='ocr_par' dir='ltr' id='par_1_98' title="bbox 103 2718 911 2757">
     <span class='ocr_line' id='line_1_98' title="bbox 103 2718 911 2757; baseline -0.007 -5"><span class='ocrx_word' id='word_1_668' title='bbox 103 2724 231 2757; x_wconf 77' lang='grc' dir='ltr'>πάντας</span> <span class='ocrx_word' id='word_1_669' title='bbox 249 2723 320 2756; x_wconf 81' lang='grc' dir='ltr'>τοὺς</span> <span class='ocrx_word' id='word_1_670' title='bbox 333 2723 368 2750; x_wconf 82' lang='grc' dir='ltr'>ἐν</span> <span class='ocrx_word' id='word_1_671' title='bbox 382 2720 423 2755; x_wconf 84' lang='grc' dir='ltr'>τῷ</span> <span class='ocrx_word' id='word_1_672' title='bbox 435 2721 507 2753; x_wconf 79' lang='grc' dir='ltr'>οῖκῳ</span> <span class='ocrx_word' id='word_1_673' title='bbox 517 2720 611 2748; x_wconf 82' lang='grc' dir='ltr'>αὑτοῦ</span> <span class='ocrx_word' id='word_1_674' title='bbox 621 2718 820 2755; x_wconf 81' lang='grc' dir='ltr'>Χριστιανοὺς</span> <span class='ocrx_word' id='word_1_675' title='bbox 827 2719 911 2753; x_wconf 82' lang='grc' dir='ltr'>ὀρθο-</span> 
     </span>
    </p>
   </div>
   <div class='ocr_carea' id='block_1_99' title="bbox 88 2769 378 2804">
    <p class='ocr_par' dir='ltr' id='par_1_99' title="bbox 88 2769 378 2804">
     <span class='ocr_line' id='line_1_99' title="bbox 88 2769 378 2804; baseline -0.014 -4"><span class='ocrx_word' id='word_1_676' title='bbox 88 2772 224 2804; x_wconf 54' lang='grc' dir='ltr'>νδόξους</span> <span class='ocrx_word' id='word_1_677' title='bbox 235 2769 378 2804; x_wconf 68' lang='grc' dir='ltr'>ξποιῆσαι.</span> 
     </span>
    </p>
   </div>
   <div class='ocr_carea' id='block_1_100' title="bbox 147 2810 649 2851">
    <p class='ocr_par' dir='ltr' id='par_1_100' title="bbox 147 2810 649 2851">
     <span class='ocr_line' id='line_1_100' title="bbox 147 2810 649 2851; baseline -0.012 -6"><span class='ocrx_word' id='word_1_678' title='bbox 147 2817 268 2845; x_wconf 80' lang='grc' dir='ltr'>Συνόδου</span> <span class='ocrx_word' id='word_1_679' title='bbox 282 2814 478 2851; x_wconf 82' lang='grc' dir='ltr'>Καρθαγέννης</span> <span class='ocrx_word' id='word_1_680' title='bbox 490 2811 579 2839; x_wconf 84' lang='grc' dir='ltr'>κανὼν</span> <span class='ocrx_word' id='word_1_681' title='bbox 593 2810 649 2844; x_wconf 80' lang='grc' dir='ltr'>λς’.</span> 
     </span>
    </p>
   </div>
   <div class='ocr_carea' id='block_1_101' title="bbox 145 2855 911 2899">
    <p class='ocr_par' dir='ltr' id='par_1_101' title="bbox 145 2855 911 2899">
     <span class='ocr_line' id='line_1_101' title="bbox 145 2855 911 2899; baseline -0.012 -7"><span class='ocrx_word' id='word_1_682' title='bbox 145 2864 309 2899; x_wconf 77' lang='grc' dir='ltr'>Κείμενον.</span> <span class='ocrx_word' id='word_1_683' title='bbox 324 2862 379 2888; x_wconf 72' lang='grc' dir='ltr'><strong>Καὶ</strong></span> <span class='ocrx_word' id='word_1_684' title='bbox 389 2862 406 2897; x_wconf 78' lang='grc' dir='ltr'><strong>η</strong></span> <span class='ocrx_word' id='word_1_685' title='bbox 414 2859 449 2896; x_wconf 81' lang='grc' dir='ltr'>ιη’</span> <span class='ocrx_word' id='word_1_686' title='bbox 457 2859 528 2886; x_wconf 84' lang='grc' dir='ltr'>διάτ.</span> <span class='ocrx_word' id='word_1_687' title='bbox 538 2858 584 2885; x_wconf 82' lang='grc' dir='ltr'>τοῦ</span> <span class='ocrx_word' id='word_1_688' title='bbox 598 2857 618 2886; x_wconf 90' lang='grc' dir='ltr'>ε’</span> <span class='ocrx_word' id='word_1_689' title='bbox 628 2858 681 2886; x_wconf 85' lang='grc' dir='ltr'>τίτ.</span> <span class='ocrx_word' id='word_1_690' title='bbox 691 2857 739 2884; x_wconf 77' lang='grc' dir='ltr'>τοῦ</span> <span class='ocrx_word' id='word_1_691' title='bbox 746 2855 780 2890; x_wconf 81' lang='grc' dir='ltr'><strong>α’,</strong></span> <span class='ocrx_word' id='word_1_692' title='bbox 797 2865 824 2884; x_wconf 82' lang='grc' dir='ltr'>κ.</span> <span class='ocrx_word' id='word_1_693' title='bbox 837 2865 862 2886; x_wconf 86' lang='grc' dir='ltr'>τ,</span> <span class='ocrx_word' id='word_1_694' title='bbox 873 2855 911 2891; x_wconf 76' lang='grc' dir='ltr'><strong>λ.,</strong></span> 
     </span>
    </p>
   </div>
   <div class='ocr_carea' id='block_1_102' title="bbox 101 2906 586 2950">
    <p class='ocr_par' dir='ltr' id='par_1_102' title="bbox 101 2906 586 2950">
     <span class='ocr_line' id='line_1_102' title="bbox 101 2906 586 2950; baseline -0.021 -8"><span class='ocrx_word' id='word_1_695' title='bbox 101 2919 203 2950; x_wconf 75' lang='lat' dir='ltr'><strong>“Squc</strong></span> <span class='ocrx_word' id='word_1_696' title='bbox 217 2909 305 2946; x_wconf 38' lang='lat' dir='ltr'><strong>adﬁgi:</strong></span> <span class='ocrx_word' id='word_1_697' title='bbox 317 2908 386 2944; x_wconf 80' lang='grc' dir='ltr'>ἁγίῳ</span> <span class='ocrx_word' id='word_1_698' title='bbox 404 2906 586 2944; x_wconf 75' lang='grc' dir='ltr'>βαπτίσματι,</span> 
     </span>
    </p>
   </div>
   <div class='ocr_carea' id='block_1_103' title="bbox 963 2281 1750 2322">
    <p class='ocr_par' dir='ltr' id='par_1_103' title="bbox 963 2281 1750 2322">
     <span class='ocr_line' id='line_1_103' title="bbox 963 2281 1750 2322; baseline -0.006 -7"><span class='ocrx_word' id='word_1_699' title='bbox 963 2287 1228 2322; x_wconf 84' lang='lat' dir='ltr'><strong>interpretationem.</strong></span> <span class='ocrx_word' id='word_1_700' title='bbox 1254 2284 1394 2320; x_wconf 86' lang='lat' dir='ltr'><strong>Siquidem</strong></span> <span class='ocrx_word' id='word_1_701' title='bbox 1422 2283 1458 2310; x_wconf 72' lang='grc'><strong>25</strong></span> <span class='ocrx_word' id='word_1_702' title='bbox 1476 2290 1565 2310; x_wconf 89' lang='lat' dir='ltr'><strong>canon</strong></span> <span class='ocrx_word' id='word_1_703' title='bbox 1594 2281 1750 2310; x_wconf 83' lang='lat' dir='ltr'><strong>Chalcedo-</strong></span> 
     </span>
    </p>
   </div>
   <div class='ocr_carea' id='block_1_104' title="bbox 960 2329 1754 2365">
    <p class='ocr_par' dir='ltr' id='par_1_104' title="bbox 960 2329 1754 2365">
     <span class='ocr_line' id='line_1_104' title="bbox 960 2329 1754 2365; baseline -0.006 -4"><span class='ocrx_word' id='word_1_704' title='bbox 960 2334 1054 2362; x_wconf 88' lang='lat' dir='ltr'><strong>nensis</strong></span> <span class='ocrx_word' id='word_1_705' title='bbox 1070 2333 1180 2361; x_wconf 91' lang='lat' dir='ltr'><strong>concilii</strong></span> <span class='ocrx_word' id='word_1_706' title='bbox 1198 2332 1304 2365; x_wconf 75' lang='lat' dir='ltr'><strong>statuit,</strong></span> <span class='ocrx_word' id='word_1_707' title='bbox 1325 2337 1355 2359; x_wconf 90' lang='lat' dir='ltr'><strong>ut</strong></span> <span class='ocrx_word' id='word_1_708' title='bbox 1369 2332 1441 2359; x_wconf 84' lang='lat' dir='ltr'><strong>intra</strong></span> <span class='ocrx_word' id='word_1_709' title='bbox 1453 2335 1509 2358; x_wconf 89' lang='lat' dir='ltr'><strong>tres</strong></span> <span class='ocrx_word' id='word_1_710' title='bbox 1526 2337 1636 2358; x_wconf 89' lang='lat' dir='ltr'><strong>menses</strong></span> <span class='ocrx_word' id='word_1_711' title='bbox 1656 2329 1682 2357; x_wconf 88' lang='lat' dir='ltr'><strong>in</strong></span> <span class='ocrx_word' id='word_1_712' title='bbox 1704 2337 1754 2357; x_wconf 68' lang='lat' dir='ltr'><strong>vri-</strong></span> 
     </span>
    </p>
   </div>
   <div class='ocr_carea' id='block_1_105' title="bbox 960 2376 1757 2414">
    <p class='ocr_par' dir='ltr' id='par_1_105' title="bbox 960 2376 1757 2414">
     <span class='ocr_line' id='line_1_105' title="bbox 960 2376 1757 2414; baseline -0.008 -5"><span class='ocrx_word' id='word_1_713' title='bbox 960 2386 1054 2409; x_wconf 90' lang='lat' dir='ltr'><strong>cantes</strong></span> <span class='ocrx_word' id='word_1_714' title='bbox 1071 2380 1203 2408; x_wconf 87' lang='lat' dir='ltr'><strong>ecclesias</strong></span> <span class='ocrx_word' id='word_1_715' title='bbox 1212 2378 1334 2414; x_wconf 89' lang='lat' dir='ltr'><strong>episcopi</strong></span> <span class='ocrx_word' id='word_1_716' title='bbox 1357 2377 1495 2412; x_wconf 70' lang='lat' dir='ltr'><strong>praeconio</strong></span> <span class='ocrx_word' id='word_1_717' title='bbox 1508 2376 1638 2405; x_wconf 83' lang='lat' dir='ltr'><strong>declarati</strong></span> <span class='ocrx_word' id='word_1_718' title='bbox 1655 2376 1757 2413; x_wconf 88' lang='lat' dir='ltr'><strong>[intro-</strong></span> 
     </span>
    </p>
   </div>
   <div class='ocr_carea' id='block_1_106' title="bbox 961 2423 1757 2464">
    <p class='ocr_par' dir='ltr' id='par_1_106' title="bbox 961 2423 1757 2464">
     <span class='ocr_line' id='line_1_106' title="bbox 961 2423 1757 2464; baseline -0.005 -9"><span class='ocrx_word' id='word_1_719' title='bbox 961 2427 1121 2464; x_wconf 86' lang='lat' dir='ltr'><strong>ducantur.]</strong></span> <span class='ocrx_word' id='word_1_720' title='bbox 1150 2426 1266 2454; x_wconf 82' lang='lat' dir='ltr'><strong>Concilii</strong></span> <span class='ocrx_word' id='word_1_721' title='bbox 1294 2432 1360 2452; x_wconf 87' lang='lat' dir='ltr'><strong>vero</strong></span> <span class='ocrx_word' id='word_1_722' title='bbox 1387 2424 1404 2452; x_wconf 85' lang='lat'><strong>6</strong></span> <span class='ocrx_word' id='word_1_723' title='bbox 1428 2431 1517 2451; x_wconf 89' lang='lat' dir='ltr'><strong>canon</strong></span> <span class='ocrx_word' id='word_1_724' title='bbox 1543 2423 1577 2451; x_wconf 77' lang='grc' dir='ltr'>Η</span> <span class='ocrx_word' id='word_1_725' title='bbox 1605 2423 1639 2451; x_wconf 86' lang='lat' dir='ltr'><strong>de</strong></span> <span class='ocrx_word' id='word_1_726' title='bbox 1667 2423 1757 2451; x_wconf 73' lang='lat' dir='ltr'><strong>aetatis</strong></span> 
     </span>
    </p>
   </div>
   <div class='ocr_carea' id='block_1_107' title="bbox 961 2469 1757 2508">
    <p class='ocr_par' dir='ltr' id='par_1_107' title="bbox 961 2469 1757 2508">
     <span class='ocr_line' id='line_1_107' title="bbox 961 2469 1757 2508; baseline -0.005 -8"><span class='ocrx_word' id='word_1_727' title='bbox 961 2473 1158 2508; x_wconf 82' lang='lat' dir='ltr'><strong>episcoporum</strong></span> <span class='ocrx_word' id='word_1_728' title='bbox 1183 2476 1307 2506; x_wconf 86' lang='lat' dir='ltr'><strong>tempore</strong></span> <span class='ocrx_word' id='word_1_729' title='bbox 1325 2469 1417 2497; x_wconf 81' lang='lat' dir='ltr'><strong>docet.</strong></span> <span class='ocrx_word' id='word_1_730' title='bbox 1434 2469 1474 2496; x_wconf 90' lang='lat' dir='ltr'><strong>Ac</strong></span> <span class='ocrx_word' id='word_1_731' title='bbox 1495 2469 1679 2504; x_wconf 79' lang='lat' dir='ltr'><strong>transgressio</strong></span> <span class='ocrx_word' id='word_1_732' title='bbox 1693 2469 1757 2504; x_wconf 89' lang='lat' dir='ltr'><strong>qui-</strong></span> 
     </span>
    </p>
   </div>
   <div class='ocr_carea' id='block_1_108' title="bbox 960 2514 1756 2552">
    <p class='ocr_par' dir='ltr' id='par_1_108' title="bbox 960 2514 1756 2552">
     <span class='ocr_line' id='line_1_108' title="bbox 960 2514 1756 2552; baseline -0.005 -5"><span class='ocrx_word' id='word_1_733' title='bbox 960 2520 1021 2547; x_wconf 85' lang='lat' dir='ltr'><strong>dem</strong></span> <span class='ocrx_word' id='word_1_734' title='bbox 1046 2519 1132 2551; x_wconf 88' lang='lat' dir='ltr'><strong>illius,</strong></span> <span class='ocrx_word' id='word_1_735' title='bbox 1157 2517 1353 2545; x_wconf 69' lang='lat' dir='ltr'><strong>ecclesiasticae</strong></span> <span class='ocrx_word' id='word_1_736' title='bbox 1377 2523 1465 2552; x_wconf 63' lang='lat' dir='ltr'><strong>paenae</strong></span> <span class='ocrx_word' id='word_1_737' title='bbox 1488 2514 1590 2552; x_wconf 89' lang='lat' dir='ltr'><strong>[reum]</strong></span> <span class='ocrx_word' id='word_1_738' title='bbox 1626 2515 1756 2550; x_wconf 66' lang='lat' dir='ltr'><strong>sulljicit:</strong></span> 
     </span>
    </p>
   </div>
   <div class='ocr_carea' id='block_1_109' title="bbox 962 2562 1546 2602">
    <p class='ocr_par' dir='ltr' id='par_1_109' title="bbox 962 2562 1546 2602">
     <span class='ocr_line' id='line_1_109' title="bbox 962 2562 1546 2602; baseline -0.009 -8"><span class='ocrx_word' id='word_1_739' title='bbox 962 2566 1045 2602; x_wconf 87' lang='lat' dir='ltr'><strong>hujus</strong></span> <span class='ocrx_word' id='word_1_740' title='bbox 1058 2573 1132 2598; x_wconf 80' lang='lat' dir='ltr'><strong>vero,</strong></span> <span class='ocrx_word' id='word_1_741' title='bbox 1149 2565 1186 2601; x_wconf 90' lang='lat' dir='ltr'><strong>[a</strong></span> <span class='ocrx_word' id='word_1_742' title='bbox 1202 2563 1371 2600; x_wconf 85' lang='lat' dir='ltr'><strong>sacerdotio]</strong></span> <span class='ocrx_word' id='word_1_743' title='bbox 1387 2562 1546 2591; x_wconf 90' lang='lat' dir='ltr'><strong>remotioni.</strong></span> 
     </span>
    </p>
   </div>
   <div class='ocr_carea' id='block_1_110' title="bbox 998 2618 1759 2656">
    <p class='ocr_par' dir='ltr' id='par_1_110' title="bbox 998 2618 1759 2656">
     <span class='ocr_line' id='line_1_110' title="bbox 998 2618 1759 2656; baseline -0.009 -6"><span class='ocrx_word' id='word_1_744' title='bbox 998 2622 1075 2650; x_wconf 75' lang='lat' dir='ltr'><strong>CAP.</strong></span> <span class='ocrx_word' id='word_1_745' title='bbox 1090 2621 1125 2649; x_wconf 74' lang='grc' dir='ltr'><strong>Χ.</strong></span> <span class='ocrx_word' id='word_1_746' title='bbox 1144 2636 1179 2641; x_wconf 85' lang='lat'><strong>—</strong></span> <span class='ocrx_word' id='word_1_747' title='bbox 1193 2619 1235 2648; x_wconf 90' lang='lat' dir='ltr'><strong>Ne</strong></span> <span class='ocrx_word' id='word_1_748' title='bbox 1246 2620 1388 2656; x_wconf 71' lang='lat' dir='ltr'><strong>quisquam</strong></span> <span class='ocrx_word' id='word_1_749' title='bbox 1410 2623 1458 2646; x_wconf 78' lang='lat' dir='ltr'><strong>aut</strong></span> <span class='ocrx_word' id='word_1_750' title='bbox 1470 2618 1619 2654; x_wconf 73' lang='lat' dir='ltr'><strong>episcopus,</strong></span> <span class='ocrx_word' id='word_1_751' title='bbox 1638 2622 1683 2645; x_wconf 83' lang='lat' dir='ltr'><strong>au!</strong></span> <span class='ocrx_word' id='word_1_752' title='bbox 1698 2625 1759 2652; x_wconf 82' lang='lat' dir='ltr'><strong>pre-</strong></span> 
     </span>
    </p>
   </div>
   <div class='ocr_carea' id='block_1_111' title="bbox 961 2666 1758 2705">
    <p class='ocr_par' dir='ltr' id='par_1_111' title="bbox 961 2666 1758 2705">
     <span class='ocr_line' id='line_1_111' title="bbox 961 2666 1758 2705; baseline -0.006 -9"><span class='ocrx_word' id='word_1_753' title='bbox 961 2670 1059 2705; x_wconf 76' lang='lat' dir='ltr'><strong>sbyter,</strong></span> <span class='ocrx_word' id='word_1_754' title='bbox 1088 2674 1134 2695; x_wconf 86' lang='lat' dir='ltr'><strong>aut</strong></span> <span class='ocrx_word' id='word_1_755' title='bbox 1154 2668 1283 2695; x_wconf 74' lang='lat' dir='ltr'><strong>diaconus</strong></span> <span class='ocrx_word' id='word_1_756' title='bbox 1310 2667 1469 2699; x_wconf 82' lang='lat' dir='ltr'><strong>ordinetur,</strong></span> <span class='ocrx_word' id='word_1_757' title='bbox 1496 2666 1650 2701; x_wconf 80' lang='lat' dir='ltr'><strong>priusquam</strong></span> <span class='ocrx_word' id='word_1_758' title='bbox 1669 2672 1758 2691; x_wconf 72' lang='lat' dir='ltr'><strong>omne:</strong></span> 
     </span>
    </p>
   </div>
   <div class='ocr_carea' id='block_1_112' title="bbox 963 2711 1702 2749">
    <p class='ocr_par' dir='ltr' id='par_1_112' title="bbox 963 2711 1702 2749">
     <span class='ocr_line' id='line_1_112' title="bbox 963 2711 1702 2749; baseline -0.009 -5"><span class='ocrx_word' id='word_1_759' title='bbox 963 2717 1121 2744; x_wconf 72' lang='lat' dir='ltr'><strong>domesticos</strong></span> <span class='ocrx_word' id='word_1_760' title='bbox 1139 2724 1201 2742; x_wconf 77' lang='lat' dir='ltr'><strong>suos</strong></span> <span class='ocrx_word' id='word_1_761' title='bbox 1212 2714 1330 2749; x_wconf 76' lang='lat' dir='ltr'><strong>e/fecert&#39;t</strong></span> <span class='ocrx_word' id='word_1_762' title='bbox 1345 2713 1513 2741; x_wconf 73' lang='lat' dir='ltr'><strong>Christianas</strong></span> <span class='ocrx_word' id='word_1_763' title='bbox 1529 2711 1702 2739; x_wconf 73' lang='lat' dir='ltr'><strong>orthodoxos.</strong></span> 
     </span>
    </p>
   </div>
   <div class='ocr_carea' id='block_1_113' title="bbox 998 2805 1516 2844">
    <p class='ocr_par' dir='ltr' id='par_1_113' title="bbox 998 2805 1516 2844">
     <span class='ocr_line' id='line_1_113' title="bbox 998 2805 1516 2844; baseline -0.01 -7"><span class='ocrx_word' id='word_1_764' title='bbox 998 2809 1115 2837; x_wconf 86' lang='lat' dir='ltr'><strong>Cnncilii</strong></span> <span class='ocrx_word' id='word_1_765' title='bbox 1127 2807 1355 2844; x_wconf 73' lang='lat' dir='ltr'><strong>Cartliagincnsis</strong></span> <span class='ocrx_word' id='word_1_766' title='bbox 1366 2814 1455 2834; x_wconf 83' lang='lat' dir='ltr'><strong>canon</strong></span> <span class='ocrx_word' id='word_1_767' title='bbox 1472 2805 1516 2833; x_wconf 84' lang='grc'><strong>56.</strong></span> 
     </span>
    </p>
   </div>
   <div class='ocr_carea' id='block_1_114' title="bbox 1002 2849 1758 2887">
    <p class='ocr_par' dir='ltr' id='par_1_114' title="bbox 1002 2849 1758 2887">
     <span class='ocr_line' id='line_1_114' title="bbox 1002 2849 1758 2887; baseline -0.011 -4"><span class='ocrx_word' id='word_1_768' title='bbox 1002 2855 1112 2884; x_wconf 63' lang='lat' dir='ltr'><strong>Tutus.</strong></span> <span class='ocrx_word' id='word_1_769' title='bbox 1131 2855 1218 2883; x_wconf 85' lang='lat' dir='ltr'><strong>Etiam</strong></span> <span class='ocrx_word' id='word_1_770' title='bbox 1233 2858 1322 2881; x_wconf 74' lang='lat' dir='ltr'><strong>const.</strong></span> <span class='ocrx_word' id='word_1_771' title='bbox 1338 2852 1443 2887; x_wconf 62' lang='lat' dir='ltr'><strong>18,5lit.</strong></span> <span class='ocrx_word' id='word_1_772' title='bbox 1455 2851 1482 2885; x_wconf 83' lang='lat'><strong>5,</strong></span> <span class='ocrx_word' id='word_1_773' title='bbox 1496 2850 1542 2878; x_wconf 87' lang='lat' dir='ltr'><strong>lib.</strong></span> <span class='ocrx_word' id='word_1_774' title='bbox 1558 2849 1584 2882; x_wconf 83' lang='grc' dir='ltr'>Ι,</span> <span class='ocrx_word' id='word_1_775' title='bbox 1597 2854 1662 2883; x_wconf 87' lang='lat' dir='ltr'><strong>ctc.,</strong></span> <span class='ocrx_word' id='word_1_776' title='bbox 1677 2856 1758 2884; x_wconf 84' lang='lat' dir='ltr'><strong>usque</strong></span> 
     </span>
    </p>
   </div>
   <div class='ocr_carea' id='block_1_115' title="bbox 918 2898 1437 2937">
    <p class='ocr_par' dir='ltr' id='par_1_115' title="bbox 918 2898 1437 2937">
     <span class='ocr_line' id='line_1_115' title="bbox 918 2898 1437 2937; baseline -0.012 -6"><span class='ocrx_word' id='word_1_777' title='bbox 918 2926 922 2937; x_wconf 55' lang='grc' dir='ltr'><strong>τ</strong></span> <span class='ocrx_word' id='word_1_778' title='bbox 964 2903 999 2931; x_wconf 79' lang='grc' dir='ltr'>(ιιι</span> <span class='ocrx_word' id='word_1_779' title='bbox 1021 2910 1074 2931; x_wconf 90' lang='lat' dir='ltr'><strong>non</strong></span> <span class='ocrx_word' id='word_1_780' title='bbox 1092 2901 1238 2935; x_wconf 85' lang='lat' dir='ltr'><strong>adducant,</strong></span> <span class='ocrx_word' id='word_1_781' title='bbox 1255 2905 1284 2927; x_wconf 80' lang='lat' dir='ltr'><strong>ul</strong></span> <span class='ocrx_word' id='word_1_782' title='bbox 1297 2907 1358 2936; x_wconf 83' lang='lat' dir='ltr'><strong>pag.</strong></span> <span class='ocrx_word' id='word_1_783' title='bbox 1374 2898 1437 2927; x_wconf 63' lang='lat' dir='ltr'><strong>A98.</strong></span> 
     </span>
    </p>
   </div>
  </div>
