1956 3049
206 142 261 176 995

779 142 912 172 ΡΠΟΤΙῙ
932 141 1188 172 PATRIARCH/E
1203 142 1259 172 ΕΡ.

1805 143 1858 175 996

245 199 391 226 Scito/ium.
404 198 499 228 Const.
513 199 554 232 18,
572 199 614 228 tit.
632 199 660 232 5,
677 199 725 226 lib.
745 207 771 230 I.
787 199 854 226 Cod.
872 200 899 226 in
918 199 1001 226 Basil.

1091 199 1233 234 Σχόλιον.
1252 198 1285 226 Ἠ
1314 198 1348 234 ιη’
1371 198 1441 226 διὰτ.
1463 198 1510 226 τοῦ
1525 198 1545 226 ε’
1569 199 1622 227 τίτ.
1643 199 1691 226 τοῦ
1706 198 1731 226 α’
1752 199 1856 235 βιϐλίου

210 251 264 271 nou
288 248 330 271 est
352 245 452 279 posita,
476 252 565 279 neque
590 249 679 272 consl.
696 245 740 276 10,
759 245 801 271 tit.
825 245 855 271 M
882 244 1006 279 ejusdem

208 289 256 318 lib.
271 288 380 322 Quaeret
393 289 511 317 fortasse
527 290 638 324 aliquis,
655 298 718 317 cum
734 290 768 317 '56
781 297 871 317 canon
898 290 1006 317 concilii

209 335 435 371 Carthagineusis
452 339 566 367 statuat,
578 344 613 363 ne
627 336 776 371 quisquam
796 336 823 362 in
841 336 1006 363 clericorum

210 389 356 409 numerum
375 382 535 416 recipiatur,
563 382 616 409 nisi
639 389 738 409 omnes
754 382 922 410 domestiCUs
943 390 1008 409 suos

211 428 386 456 Christianos
412 428 506 461 faciat,
528 429 671 463 quomodo
695 433 844 463 praesentes
870 427 1007 455 constitu-

209 475 311 506 tiones,
337 483 400 502 cum
417 475 511 502 dicant
531 483 580 503 eos
603 475 650 510 qui
664 482 697 502 ex
721 474 837 510 paganis
856 474 1008 501 Christiani

211 521 277 549 facti
304 527 381 553 sunt,
409 522 514 558 puniri,
544 521 597 548 uisi
619 529 721 548 uxores
750 528 815 548 suas
843 525 871 547 et
895 520 1007 552 liberos,

210 574 362 602 omnesque
379 566 548 594 domesticos
576 573 642 594 suos
666 567 698 593 ad
724 569 930 593 sacrosanctum
958 564 1009 591 ba-

212 613 313 648 ptisma
340 613 490 644 adducant,
515 613 610 647 positze
623 620 676 639 non
708 617 772 640 sunt
787 613 813 639 iu
833 611 918 639 Basil.
946 619 1008 638 cum

215 658 333 696 [tamen]
350 659 378 686 in
396 659 438 686 his
456 667 518 686 cum
535 667 639 686 canone
656 660 832 687 conveniant.
849 658 964 687 Constit.
982 659 1009 686 in

215 704 300 732 Basil.
329 709 478 740 assumpta:
514 713 566 731 non
591 710 666 737 sunt,
691 710 802 740 propter
826 706 913 732 sancti
933 704 1009 732 Pauli

213 750 329 784 apostoli
353 755 520 785 przrceptutn
544 751 702 783 statuentis,
725 759 759 778 ue
778 750 928 778 inﬁdelium
952 758 1010 778 ma-

213 797 374 824 trimonium
389 797 521 828 solvalur,
540 797 562 824 si
577 798 645 824 alter
660 797 767 824 illorum
784 797 872 825 ﬁdelis
889 798 944 825 liat.
959 797 1010 831 Qui

213 849 333 875 namque
349 841 415 874 scis,
433 841 533 875 inquit,
554 849 588 868 au
607 841 694 868 fidelis
710 842 846 869 inﬁdelem
866 841 1010 876 conjugem

1059 245 1106 272 τοῦ
1119 245 1241 278 Κὼδικος
1252 246 1302 273 οὐκ
1320 246 1399 282 ἐτέθη
1415 247 1455 279 είς
1473 247 1507 274 τὰ
1523 246 1665 279 Βασιλικὰ,
1675 247 1765 284 οὐδὲὴ
1783 257 1792 274 ι
1808 247 1857 275 τοῦ

1061 290 1094 317 ια’
1113 290 1157 318 τίτ
1170 292 1217 318 τοῦ
1234 291 1317 318 αὐτοῦ
1333 291 1448 327 βιϐλίου.
1462 292 1613 328 Ἐρωτήσει
1633 302 1675 325 τις
1690 294 1728 325 ὡς
1749 293 1797 321 τοῦ
1813 294 1858 327 λς’

1060 337 1173 365 κανόνος
1182 338 1231 372 τῆς
1244 338 1273 364 ὲν
1282 338 1463 374 Καρθαγέννῃ
1484 339 1595 365 συνόδου
1613 339 1802 376 διοριζομένου
1820 341 1858 376 μὴ

1059 382 1229 418 κληροῦσθαι
1249 392 1311 410 τινα
1329 384 1353 410 εί
1372 385 1410 420 μὴ
1426 385 1526 419 ποιήσῃ
1547 385 1730 420 Χριστιανοὺς
1751 386 1860 417 πάντας

1060 430 1124 460 τοὺς
1143 429 1173 454 ὲν
1186 428 1225 464 τῷ
1237 430 1305 464 οτκῳ
1318 430 1413 462 αὐτοῦ,
1439 431 1497 463 πῶς
1518 431 1546 457 αί
1566 431 1705 466 παρούσαι
1722 431 1860 465 διατάξεις

1061 475 1089 502 αι
1115 475 1244 510 λέγουσαι
1270 476 1334 507 τοὺς
1360 476 1390 508 ἐξ
1420 476 1558 513 Ἑλλήνων
1575 478 1723 511 γεγονότας
1745 478 1860 509 πιστοὺς

1061 522 1252 557 τιμωρεῖσθαι.
1269 523 1293 548 εἰ
1309 521 1346 558 μὴ
1366 522 1534 558 προσάγουσι
1549 522 1587 558 τῷ
1603 523 1673 558 ἁγίῳ
1690 523 1858 558 βαπτίσματι

1060 567 1185 603 γαμετὰς
1198 568 1299 600 αὐτῶν,
1316 568 1364 595 καὶ
1377 569 1476 600 παῖδας
1490 569 1538 595 καὶ
1553 569 1659 601 πάντας
1679 569 1742 601 τοὺς
1761 570 1790 596 ἐν
1802 570 1860 601 τοῖς

1061 614 1145 645 οἴκοις
1154 613 1253 646 αὐτῶν,
1267 615 1317 641 οὐκ
1327 615 1461 649 ἐτέθησαν
1475 615 1516 647 εἰς
1523 615 1558 642 τὰ
1568 615 1700 642 Βασιλικὰ
1715 614 1858 649 σύνδεσμοι

1061 660 1150 693 οὖσαι,
1167 661 1216 688 καὶ
1233 661 1320 688 ταῦτα
1337 660 1376 697 τῷ
1387 661 1596 694 κανόνι.Λύσις.
1615 662 1649 688 Δί
1664 662 1713 697 μὲν
1723 661 1859 694 διατάξεις

1062 707 1092 734 οὐ
1107 707 1326 743 παρελήφθησαν
1342 709 1381 740 είς
1400 708 1434 735 τὰ
1449 708 1582 735 Βασιλικὰ
1596 707 1640 735 διὰ
1650 707 1699 743 τὴν
1714 707 1761 735 τοῦ
1780 707 1858 742 ἁγίου

1068 753 1231 780 Ἀποστόλου
1269 754 1459 788 παραγγελίαν
1503 753 1553 790 τὴν
1591 753 1781 790 διοριζομένην
1823 753 1862 788 μὴ

1062 798 1174 826 λύεσθαι
1203 799 1253 834 τὴν
1277 799 1333 826 τῶν
1352 799 1475 826 ἀπίστων
1495 799 1663 836 συνοίκησιν,
1681 799 1729 826 ἐὰν
1743 800 1758 825 ὁ
1772 795 1813 830 εἷς
1831 798 1863 830 ἐξ

1062 845 1153 872 αὐτῶν
1186 846 1281 878 πιστὸς
1300 847 1426 881 γένηται.
1449 846 1482 873 Τί
1508 846 1574 881 γὰρ,
1590 847 1684 882 φησιν,
1700 843 1774 877 οἶδας
1786 845 1834 872 ἐὰν
1847 845 1864 872 ὁ

212 896 290 917 suam
315 889 348 915 ad
367 888 447 916 ﬁdem
474 888 510 916 sit
544 889 724 920 deducturus,
752 892 779 915 et
808 896 822 915 ο
849 888 1009 916 contrario?

1069 892 1158 924 rus-co;
1176 893 1320 929 μεταγάγῃ
1334 893 1401 928 πρὸς
1421 892 1470 928 τὴν
1495 893 1589 920 πίστιν
1612 892 1662 928 τὴν
1678 892 1795 919 ἄπιστον
1812 891 1862 918 σύ-

214 934 309 962 Cunon
323 939 415 961 autem
430 934 498 966 vult,
515 942 579 961 eum
594 934 642 969 qui
660 941 802 969 nunquam
818 933 947 964 inﬁdelis,
962 934 1010 961 sed

212 980 344 1016 [semper]
359 981 519 1008 erthodoxae
535 980 594 1008 ﬁdei
616 980 678 1013 fuit,
700 981 861 1008 cohabitare
885 980 986 1007 inﬁdeli
1002 989 1009 1007 :

211 1025 262 1062 [et]
286 1026 375 1053 multo
398 1027 509 1062 quidem
547 1026 650 1057 minus.
676 1031 820 1060 postquam
848 1026 876 1053 in
903 1027 1008 1053 clerum

212 1071 339 1107 [allectus
355 1073 413 1108 sit):
427 1081 458 1099 av.
477 1073 581 1099 idcirco
594 1072 621 1099 in
637 1072 741 1100 clerum
759 1072 862 1099 assumi
877 1080 930 1100 non
948 1080 1010 1108 per-

214 1118 310 1145 mittit.
334 1117 407 1150 Quin
430 1118 476 1145 alii
490 1126 599 1153 quoque
622 1126 743 1146 canones
767 1118 872 1146 ﬁdelem
895 1117 933 1154 [in
950 1127 1010 1146 ma-

213 1162 390 1198 trimonium]
405 1163 535 1199 conjungi
554 1164 655 1191 inﬁdeli
673 1171 727 1190 nou
754 1164 858 1191 sitmut.
876 1163 924 1191 Est
944 1172 1010 1199 ergo

213 1208 370 1236 diﬂ'erentia
396 1209 468 1237 inter
482 1218 545 1237 eum
570 1210 615 1245 qui
636 1217 698 1237 cum
721 1211 839 1238 inﬁdelis
853 1211 958 1244 fuisset,
975 1212 1007 1238 ad

214 1255 294 1282 ﬁdem
311 1263 462 1284 conversus
477 1262 530 1288 est,
544 1261 571 1284 et
585 1265 647 1284 eum
662 1256 709 1292 qui
727 1265 741 1284 a
763 1258 909 1285 nativitale
922 1257 1009 1286 ﬁdelis

213 1301 275 1329 fuit.
291 1301 338 1329 Ille
361 1302 434 1329 enim
456 1303 535 1330 venia
550 1303 650 1338 dignus
671 1303 805 1335 habetur,
830 1304 852 1330 si
876 1309 1008 1338 cognatos

213 1347 251 1383 [et
263 1348 448 1384 necessarios]
465 1349 590 1376 inﬁdeles
608 1356 663 1376 non
684 1349 788 1385 ejiciat,
808 1350 881 1385 quod
899 1358 929 1378 se
948 1350 1010 1378 illos

212 1395 295 1422 etiam
319 1395 352 1422 ad
375 1396 558 1423 orthodoxam
581 1396 659 1423 ﬁdem
683 1404 883 1424 conversurum
900 1403 1010 1432 sperct:

214 1440 259 1467 hic
275 1448 340 1468 vero
368 1441 491 1475 punitur,
515 1446 645 1476 tanquam
663 1449 724 1469 cum
754 1442 911 1470 inﬁdelibus
932 1450 1009 1470 com-

214 1487 348 1514 mercium
375 1487 484 1521 haheat,
502 1492 529 1515 et
553 1492 582 1514 ut
608 1487 634 1514 in
650 1488 754 1515 clerum
772 1493 930 1516 assumatur
953 1497 1008 1516 nou

213 1532 392 1565 permittitur.

1066 939 1148 973 ζυγον
1163 939 1291 966 αὑτοῦ....
1315 939 1344 966 ‘0
1361 939 1390 965 δὲ
1410 939 1501 966 κανὼν
1528 939 1560 965 οὐ
1585 938 1658 966 θέλει
1671 939 1807 965 συνοικεῖν
1830 938 1863 964 οὐ

1068 983 1204 1019 μηδέποτε
1218 984 1350 1018 γεγονότα
1363 984 1489 1016 ἄπιστον,
1506 983 1563 1010 ἀλλ’
1584 983 1780 1019 ὀρθοδοξοῦντα
1792 983 1864 1018 μετᾶ

1066 1029 1194 1062 ἀπίστου,
1209 1029 1299 1066 πολλῷ
1321 1030 1349 1057 δὲ
1370 1029 1452 1057 πλέον
1482 1030 1552 1065 μετὰ
1574 1030 1713 1066 κλήρωσιν
1727 1029 1771 1056 διὰ
1784 1029 1866 1056 τοῦτο

1065 1075 1096 1102 οὐ
1111 1076 1274 1112 παραχωρεῖ
1288 1076 1368 1104 αὐτὸν
1395 1075 1583 1112 κληρωθῆναι.
1598 1076 1654 1103 Καὶ
1669 1075 1758 1111 ἕτεροι
1769 1075 1798 1102 δὲ
1812 1084 1865 1102 κα-

1066 1120 1140 1152 νόνες
1156 1122 1186 1147 οὐ
1204 1121 1402 1157 παραχωροῦσι
1429 1121 1468 1157 τῷ
1488 1121 1578 1157 πιστῷ
1602 1121 1773 1157 συναφθῆναι
1795 1121 1865 1158 μετὰ

1067 1168 1193 1195 ἀπίστου.
1210 1169 1332 1204 Διαφορὰ
1352 1168 1399 1196 οὖν
1420 1169 1495 1196 ἐστιν
1517 1170 1635 1196 ἀπίστου
1650 1169 1690 1200 είς
1708 1169 1758 1204 τὴν
1771 1168 1864 1195 πίστιν

1066 1214 1292 1250 ἐπιστρέψαντος,
1314 1215 1362 1242 καὶ
1388 1215 1434 1242 τοῦ
1462 1215 1494 1242 ἐκ
1514 1215 1628 1249 γενετῆς
1652 1214 1730 1246 ὄντος
1753 1214 1863 1240 πιστοῦ.

1071 1260 1102 1286 '0
1115 1259 1165 1294 μὲν
1179 1260 1233 1296 γὰρ
1249 1259 1417 1296 συγγνώμης
1440 1260 1563 1293 ἀξιοῦται
1589 1260 1627 1297 μὴ
1641 1260 1781 1287 ἐκϐάλλων
1800 1259 1863 1291 τοὺς

1066 1306 1227 1341 προσγενεῖς
1239 1306 1315 1342 αὐτῷ
1346 1306 1488 1340 ἀπίστους,
1515 1306 1704 1343 μεταστρέψαι
1719 1306 1865 1338 κάκείνους

1065 1351 1245 1386 ὲλπιζόμενος
1260 1352 1301 1383 είς
1336 1351 1385 1386 τὴν
1413 1351 1555 1386 ὀρθόδοξον
1587 1351 1690 1385 πίστιν,
1706 1353 1720 1378 ὁ
1735 1351 1764 1378 δὲ
1778 1360 1866 1386 τιμω-

1066 1398 1152 1432 ρεῖται
1168 1396 1206 1428 ὡς
1222 1397 1292 1431 μετὰ
1305 1397 1429 1424 ἀπίστων
1446 1398 1648 1432 συγκοινωνῶν,
1665 1398 1713 1425 καὶ
1728 1398 1758 1424 οὑ
1773 1406 1865 1432 παρα-

1066 1444 1194 1479 χωρεῖται
1210 1443 1390 1479 κληροῦσθαι.
1415 1444 1566 1478 Ἀνάγνωθι
1582 1446 1629 1473 καὶ
1643 1446 1690 1472 τὸν
1705 1445 1743 1480 οβ’
1760 1444 1864 1472 κανόνα

1066 1490 1117 1524 τῆς
1134 1490 1162 1516 ὲν
1178 1490 1218 1525 τῷ
1237 1490 1365 1526 Τρούλλῳ
1394 1490 1505 1517 συνόδου
1534 1491 1605 1528 οὕτω
1629 1491 1788 1527 διαιροῦντα
1801 1491 1865 1522 τοὺς

1068 1536 1181 1568 πιστοὺς
1190 1536 1238 1563 καὶ
1251 1537 1319 1572 πρὸς
1332 1537 1371 1572 τῷ
1385 1537 1457 1564 τέλει
1470 1536 1557 1564 ταῦτα
1575 1537 1720 1571 διεξιόντα,
1734 1537 1865 1573 ἡγίασται

213 1577 269 1612 γὰρ
282 1579 295 1604 ὁ
323 1579 438 1610 ἄπιστος
464 1579 535 1616 ἀνὴρ
551 1579 581 1605 ἐν
595 1580 628 1614 τῇ
648 1580 772 1613 γυναικὶ,
786 1580 834 1606 καὶ
854 1580 1013 1616 ἡγίασταιή
1034 1582 1149 1614 ἄπιστος
1178 1582 1248 1618 γυνὴ
1262 1583 1291 1610 ἐν
1323 1583 1363 1618 τῷ
1377 1583 1465 1619 ἀνδρί.
1491 1584 1641 1618 Ἀνάγνωθι
1665 1584 1713 1610 καὶ
1741 1582 1795 1609 ἀπὸ
1814 1581 1866 1618 τῆς

213 1625 282 1659 πρὸς
305 1625 466 1661 Κορινθίους
478 1626 640 1661 Ἐπιστολῆς
669 1626 716 1653 τοῦ
742 1627 821 1660 ἁγίου
853 1628 1002 1654 ἀποστόλου

1041 1628 1147 1655 Παύλου
1173 1629 1204 1656 τὸ
1231 1629 1296 1664 περὶ
1328 1629 1424 1656 τούτου
1461 1631 1618 1666 πρόσφορον
1639 1629 1738 1665 χωρίον
1771 1628 1863 1662 λέγον.

213 1664 350 1706 ’Λδελφοὶ,
362 1672 437 1704 εἴτις
451 1672 568 1706 ἀδελφὴν
578 1674 696 1707 γυναῖκα
711 1672 767 1708 ἔχει
779 1674 904 1708 ᾱπιστον,
921 1675 969 1701 καὶ
990 1675 1024 1701 τὰ
1044 1675 1117 1710 ἑξῆς,
1131 1677 1178 1702 καὶ
1191 1675 1253 1702 εἰπὲ
1267 1675 1322 1702 ἀπὸ
1344 1676 1452 1703 πάντων
1476 1664 1577 1708 παλῶςν
1591 1664 1743 1712 ἱερωσύνης
1772 1674 1866 1707 ἀξιοῦ-

214 1717 276 1744 σθαι
292 1717 476 1753 βαπτισθέντα
489 1719 536 1744 καὶ
551 1718 700 1753 ἀγιάζοντα
715 1719 812 1751 ἄλλους
825 1720 873 1746 καὶ
887 1719 941 1754 πρὸ
963 1720 1010 1746 τοῦ
1032 1720 1165 1755 βαπτίσαι
1178 1720 1242 1752 τοὺς
1259 1721 1307 1748 σὺν
1318 1721 1394 1757 αὐτῷ
1405 1721 1560 1754 οἰκοῦντας.

250 1776 326 1803 CAP.
346 1775 392 1803 XI.
412 1791 445 1796 —
472 1776 511 1804 De
528 1777 569 1804 Itis
594 1778 639 1813 qui
651 1787 684 1805 ea:
707 1778 836 1806 [uicorum
860 1784 933 1807 statu
958 1781 1010 1815 epi-

1103 1781 1228 1807 ΚΕΦΑΛ.
1242 1780 1295 1807 lA’.
1307 1795 1343 1801 —
1362 1781 1433 1816 Περὶ
1458 1779 1518 1808 τῶν
1541 1781 1602 1809 ἀπὸ
1618 1780 1735 1809 λαῑκῶν
1753 1780 1867 1816 γινομέ-

214 1821 287 1851 scopi
299 1821 379 1855 ﬁunt.

251 1877 367 1905 Coucilii
385 1877 561 1907 Sardieeusis
577 1887 666 1907 canon
685 1881 737 1915 i0;
751 1881 861 1910 concilii
883 1883 964 1918 primi
985 1888 1012 1911 et

216 1923 331 1949 secundi
367 1923 395 1950 in
421 1929 582 1952 sanctorum
609 1926 805 1960 Apostolorum
828 1928 888 1955 aede
911 1929 1011 1960 coacti,

215 1976 303 1995 canon
323 1969 366 1996 Π.

254 2015 403 2045 Sclialium.
429 2017 526 2047 Const.
553 2019 738 2055 erusdemi
773 2022 814 2050 tit.
838 2023 1011 2052 Novellarum

217 2069 261 2091 est
275 2064 318 2099 (ut
334 2065 461 2100 superius
471 2065 576 2094 dictum
589 2068 642 2101 est)
658 2067 807 2096 .Iustiniani
822 2071 927 2098 novella
949 2071 1010 2098 125.

219 2109 277 2137 lluc
297 2119 361 2138 vero
377 2112 437 2146 ejus
452 2118 535 2147 caput
556 2121 610 2141 non
629 2120 671 2142 est
685 2117 805 2149 positum
826 2117 851 2144 in
875 2116 958 2144 Basil.
983 2117 1015 2144 iit

219 2162 307 2184 cuust.
323 2157 348 2189 1,
363 2159 405 2184 tit.
423 2166 430 2185 ι
453 2159 641 2192 Novellarutu,
653 2167 694 2188 est
705 2163 813 2190 novella
824 2162 972 2191 Iustiniani
985 2164 1013 2192 6.

218 2203 251 2230 lit
266 2212 356 2239 neque
375 2206 442 2238 ham,
461 2213 523 2233 cum
545 2206 663 2244 [tamen]
686 2208 721 2236 de
745 2209 787 2237 his
814 2210 862 2245 qui
876 2218 909 2237 ex
935 2211 1014 2238 laicis

217 2250 337 2285 episcopi
353 2251 431 2285 ﬁunt,
444 2256 550 2284 tractet,
561 2254 661 2281 inserta
674 2260 714 2282 est
726 2255 822 2287 Basil.,
834 2257 1014 2291 quemn-imo-

218 2295 284 2323 dum
314 2305 404 2332 neque
431 2307 604 2335 quaecunque
627 2300 798 2329 Justitiniani
814 2303 921 2330 novella
949 2303 1013 2336 alia,

217 2349 280 2375 quae
295 2342 344 2368 hac
359 2344 393 2370 de
409 2353 437 2371 re
454 2345 574 2373 disserit.
591 2347 678 2382 Hujus
695 2348 776 2383 igitur
790 2348 853 2385 [rei]
867 2357 949 2376 causa
967 2352 1013 2377 uni

221 2389 252 2414 17
268 2391 366 2416 cauoni
384 2391 437 2418 iet
458 2393 476 2418 ﬁ
499 2395 606 2422 concilii
638 2395 664 2422 iu
689 2402 847 2423 sanctorqu
869 2397 1015 2432 Apostolo-

219 2443 279 2462 tutn
296 2437 353 2463 inde
369 2438 466 2471 coacti,
479 2441 602 2468 animum
616 2441 725 2469 adhibe.
744 2442 801 2470 illic
811 2443 884 2469 enim
901 2445 1015 2470 omnino

219 2481 337 2515 dicetur,
372 2486 513 2518 quomodo
540 2496 629 2515 canon
660 2488 884 2523 interpr-claudus
919 2491 964 2521 sit.
991 2495 1018 2518 ιι

219 2527 285 2562 quid
305 2535 336 2555 cx
356 2528 505 2559 Justiuiaui
520 2533 696 2567 imperatoris
713 2534 829 2562 novellis
844 2535 980 2563 obtineat.

218 2584 220 2588 ι
255 2573 333 2602 CAP.
347 2574 406 2602 XII.
427 2592 461 2597 —-
475 2580 613 2611 Quomodo
625 2580 742 2615 gentilis,
762 2586 807 2607 aut
819 2588 944 2616 wgt'olus,
974 2588 1020 2610 aut

219 2628 307 2647 recens
328 2621 490 2656 baptizatus,
517 2630 562 2651 nul
585 2625 771 2662 [quisquam]
802 2635 834 2654 ex
856 2628 928 2654 mula
957 2637 1020 2655 con-

218 2668 366 2696 uersatione
393 2669 540 2707 [pradiem]
563 2673 701 2699 ordinetur
715 2672 786 2709 [ruit]
808 2674 957 2709 cpiscopus,
972 2681 1018 2702 aut

219 2713 342 2742 clericus.

255 2761 451 2795 Apostolorum
468 2771 557 2791 canon
571 2765 622 2797 80;
641 2764 749 2791 concilii
764 2764 865 2792 Nicurni
881 2774 967 2793 t’allOll
980 2767 1015 2800 2;

219 2808 327 2834 concilii
355 2807 587 2838 Neoewsaricnsis
606 2818 693 2838 canon
716 2811 765 2843 12;
782 2812 891 2839 concilii
917 2812 1015 2840 Laodi-

217 2853 307 2880 censis
324 2862 413 2883 canon
426 2857 453 2884 5.

1068 1835 1130 1854 νων
1142 1827 1329 1854 ἐπισκόπων.

1105 1884 1221 1911 Συνόδου
1252 1885 1388 1921 Σαρδικῆς
1411 1885 1503 1913 κανὼν
1534 1886 1569 1913 ι’·
1599 1886 1711 1914 συνόδου
1733 1886 1757 1913 α’
1772 1886 1821 1914 καὶ
1844 1885 1866 1921 β’

1070 1931 1306 1967 συγκροτηθείσης
1325 1933 1354 1959 ἐν
1375 1933 1415 1968 τῷ
1431 1932 1487 1968 ναῷ
1504 1932 1560 1959 τῶν
1585 1933 1673 1968 ἁγίων
1695 1932 1868 1960 Ἀποστόλων

1070 1977 1161 2005 κανὼν
1177 1977 1221 2009 ιζ’.

1106 2025 1247 2059 Σχόλιον.
1273 2026 1304 2052 'H
1320 2024 1342 2060 β’
1355 2025 1424 2052 διάτ.
1439 2024 1486 2052 τοῦ
1498 2024 1650 2054 α’τίτ.τῶν
1664 2025 1781 2061 Νεαρῶν
1791 2025 1869 2052 ἐστιν

1069 2069 1106 2101 ὼς
1123 2070 1227 2098 ἄνωθεν
1238 2071 1347 2106 εἴρηται
1359 2071 1444 2107 νεαρὰ
1464 2071 1682 2103 Ἰουστινιάνειος
1700 2070 1772 2106 ρκγ’,
1788 2071 1869 2098 τοῦτο

1071 2115 1099 2142 δὲ
1114 2115 1200 2150 αὐτῆς
1215 2116 1246 2142 τὺ
1263 2125 1327 2151 κεφ.
1344 2117 1394 2143 οὐκ
1408 2117 1488 2151 ἐτέθη
1509 2117 1549 2150 εἰς
1573 2117 1608 2144 τὰ
1622 2117 1765 2149 Βασιλικὰ,
1785 2118 1835 2144 καὶ
1847 2117 1871 2143 α’

1069 2161 1139 2189 διάτ.
1151 2161 1197 2188 τοῦ
1214 2161 1237 2188 α’
1254 2163 1307 2190 τίτ.
1331 2163 1386 2190 τῶν
1400 2163 1516 2199 Νεαρῶν
1531 2165 1589 2190 ἐστι
1606 2164 1691 2199 νεαρὰ
1710 2164 1869 2191 Ίουπτινιά-

1071 2217 1142 2240 νειος
1154 2208 1192 2241 ς’.
1210 2209 1264 2235 Καὶ
1279 2209 1338 2236 οὐδὲ
1362 2209 1431 2245 αὐτὴ
1455 2210 1520 2245 περὶ
1538 2210 1592 2236 τῶν
1607 2210 1661 2237 ἀπὸ
1684 2210 1785 2237 λαῖκῶν
1794 2219 1869 2244 γινο-

1073 2255 1162 2289 μένων
1177 2254 1335 2281 ἐπισκόπων
1351 2254 1584 2290 διαλαμϐάνουσα,
1599 2255 1776 2292 κατεστρώθη
1787 2256 1828 2287 είς
1838 2256 1872 2283 τὰ

1072 2301 1325 2336 Ιῖασιλικὰ,ὦσπερ
1341 2301 1408 2337 ἄλλη
1440 2301 1563 2337 οἰαδήτις
1587 2302 1762 2337 ’1ουστινιανὴ
1784 2302 1872 2337 νεαρὰ

1072 2348 1137 2383 περὶ
1149 2349 1247 2374 τούτου
1265 2348 1339 2384 μόνῳ
1355 2348 1395 2383 τῷ
1423 2347 1455 2380 ιζ’
1472 2349 1565 2375 κανόνι
1579 2348 1629 2383 τῆς
1646 2349 1674 2374 ἐν
1690 2348 1729 2383 τῷ
1745 2347 1802 2383 ναῷ
1816 2349 1872 2374 τῶν

1073 2396 1159 2429 ἁγίων
1172 2395 1344 2422 Ἀπυτςτόλων
1359 2395 1594 2431 συγκροτηθεὶσης
1613 2394 1638 2422 α’
1651 2394 1699 2422 καὶ
1713 2394 1735 2429 β’
1747 2394 1871 2422 συνόδου.

1033 2454 1054 2481 π)
1078 2442 1182 2468 Ἐκείσε
1208 2441 1235 2467 δὲ
1263 2441 1373 2473 πάντως
1397 2440 1539 2476 εἰρήσεται
1557 2441 1631 2472 ὅπως
1643 2440 1677 2467 τὰ
1690 2440 1736 2466 τοῦ
1758 2441 1873 2472 κανόνος

1072 2489 1302 2524 ὲκλαμὸάνονται,
1320 2489 1368 2515 καὶ
1383 2488 1438 2515 ἀπὸ
1451 2487 1503 2515 τῶν
1517 2488 1634 2523 Neapth
1650 2487 1698 2514 τοῦ
1714 2487 1875 2514 Ἰουστινιαε

1073 2536 1120 2564 νοῦ
1132 2535 1179 2562 τοῦ
1195 2535 1330 2571 βασιλέως
1348 2545 1374 2562 τι
1389 2536 1496 2571 κρατεῖ.

1110 2583 1236 2609 ΚΕΦΑΛ.
1249 2582 1300 2609 m'.
1313 2597 1348 2602 --
1358 2581 1425 2615 Πῶς
1439 2583 1456 2609 ὀ
1468 2581 1597 2614 ἐθνικὸς,
1614 2582 1633 2615 ἢ
1651 2583 1667 2609 ό
1689 2581 1724 2608 ἐν
1738 2583 1833 2614 νίσῳ,
1856 2581 1874 2615 ἢ

1074 2629 1090 2654 o'
1104 2627 1212 2654 νεωστὶ
1231 2627 1413 2660 ,βαπτισθεὶς
1445 2627 1493 2654 καὶ
1513 2629 1529 2654 ὁ
1546 2628 1579 2654 ἐκ
1591 2628 1710 2662 φαύλης
1722 2627 1877 2662 διαγωγῆς

1073 2673 1283 2710 χειροτονεῖται
1303 2674 1482 2707 ἐπίσκοπος,
1495 2673 1514 2708 ἡ
1528 2675 1683 2709 κληρικός.

1108 2765 1206 2792 Κανὼν
1226 2766 1383 2793 ἀποστόλων
1400 2765 1440 2792 π’·
1468 2766 1579 2793 συνόδου
1594 2767 1710 2798 Νικαίας
1723 2767 1817 2794 κανὼν
1833 2768 1856 2802 β’
1871 2776 1878 2783 ο

1073 2811 1182 2838 συνόδου
1195 2813 1411 2849 Νεοκαισαρείας
1423 2813 1511 2839 καιὼν
1523 2813 1554 2848 ιβ’
1566 2823 1572 2828 ·
1590 2814 1700 2841 συνόδου
1712 2814 1881 2846 Λαοδικείας

1071 2857 1162 2885 κανὼν
1177 2858 1211 2892 γ’.
