1956 3049
108 169 160 200 997

601 170 846 202 NOMOCANON.
863 172 974 203 -TIT.
990 173 1016 210 Ι,
1033 174 1112 204 CAP.
1133 174 1269 206 XI-XIV.

1710 175 1763 208 998

145 228 273 255 ΚΕΦΔΛ.
287 227 337 255 Il".
358 227 425 260 Πῶς
442 229 459 254 ὁ
471 227 629 262 σχολάζων·
644 229 812 263 ἐπίσκοπος
830 231 909 264 γίνε-

996 231 1073 259 CAP.
1093 231 1164 260 XIII.
1181 247 1216 252 —
1249 232 1387 265 Quomodo
1412 233 1552 268 episcopus
1580 234 1763 268 episcopatum

109 283 158 301 ται
171 275 214 307 εἰς
230 274 455 308 σχολάζουσιαν
470 274 653 309 ἐπισκοπήν.

144 320 258 347 Συνόδου
276 321 443 356 Ἀντιοχείας
459 321 550 348 κανὼν
564 321 614 354 ις’.

145 375 273 404 ΚΕΦΑΛ.
289 377 338 403 1Δ’.
351 391 386 396 -
401 376 477 403 Πότε
490 376 602 412 γίνεται
622 377 790 412 ἐπίσκοπος
803 379 823 414 ἢ
837 379 911 415 κλῆ-

105 421 192 456 ρικὸς
210 421 367 457 ἐυνοῦχος,
379 423 398 457 ἢ
416 422 518 456 ἄλλως
531 423 669 458 ἐμπαθὴς
685 425 719 451 τὸ
740 425 836 460 σῶμα.

144 513 314 541 Ἀποστόλων
328 513 420 541 κανὼν
428 514 482 547 κα’,
495 513 550 550 κβ¹,
564 514 615 549 οζν,
630 518 670 551 οη’
690 523 697 531 ·
723 516 834 544 συνόδου
859 519 911 546 Νι-

108 558 190 589 καίας
206 558 296 585 κανὼν
311 561 346 585 α’.

142 605 296 639 κείμενον.
315 604 345 631 '0
359 604 498 638 πολιτικὸς
513 606 596 642 νόμος
613 608 678 640 τοὺς
689 609 801 641 ἑαυτοὺς
816 610 833 646 ἢ
854 610 912 638 ἐτέ-

107 658 172 685 ρους
191 650 408 685 εὐνουχίζοντας,
429 651 527 679 κ.τ.λ.
541 660 628 688 usque
650 653 684 681 ad
702 654 912 690 εὐνουχιζόντων

107 695 172 731 ρμβ¹
187 696 283 731 νεαρᾷ-

142 743 283 777 Σχολιον.
302 742 334 769 Ἦ
350 746 375 768 α’
385 742 432 769 καὶ
447 743 469 778 β’
484 743 555 772 διάτ.
570 744 617 771 τοῦ
636 745 682 781 μβ“
698 746 750 774 τίτ.
777 747 824 774 τοῦ
836 747 858 774 δ’
872 747 913 783 βι-

105 787 182 814 ϐλίου
208 787 257 814 τοῦ
287 787 411 820 Κώδικος
435 789 568 824 ἐτέθησαν
592 791 621 817 ἐν
653 790 749 827 βλιὸίῳ
779 792 835 820 τῶν
860 793 913 819 Βα-

106 834 218 861 σιλικῶν
245 835 289 866 ιϐ’,
317 835 370 862 τίτ.
397 839 421 862 α’
440 856 446 867 ,
475 845 537 871 κεφ.
565 836 662 870 πζ’,ὃ
693 839 742 865 καὶ
772 838 828 874 ἔχει
866 838 911 865 οὒ-

105 890 171 912 τως·
196 881 229 908 Ἠ
257 881 378 916 διάταξις
407 883 514 910 κελεύει
543 883 614 910 ὥστε
641 884 743 920 μηδένα
778 885 913 921 Ῥωμαῖον

105 928 322 964 εύνουχίζεσθαι,
337 929 404 965 μηδὲ
418 928 470 961 ἔξω
485 928 532 955 τοῦ
548 929 703 964 Ῥωμαϊκοῦ
718 930 844 965 ἐδάφους,
856 940 909 967 μη-

105 973 134 999 δὲ
156 974 303 1009 ἀγοράζειν
336 974 438 1010 μηδένα
457 975 503 1002 τὸν
529 975 740 1010 εύνουχισθέντα
759 976 907 1012 Ῥωμαῖον,

103 1019 174 1045 ἀλλὰ
188 1020 235 1046 καὶ
249 1019 295 1046 τὸν
309 1020 515 1055 εὐνουχίσαντα,
526 1021 572 1047 καὶ
581 1022 663 1048 αὑτὸν
674 1022 851 1057 ἀγοράσαντα
861 1024 909 1050 καὶ

104 1065 152 1092 τὸν
161 1065 418 1102 συμϐολαιογράφον
430 1066 476 1093 τὺν
487 1067 685 1102 συγγράψαντα
698 1068 782 1095 αὑτοῦ
792 1069 822 1094 τὸ
839 1077 909 1104 συμ-

105 1110 226 1144 6ὀλαιον,
243 1111 348 1138 καὶτὸν
360 1111 480 1147 τελώνην
502 1113 547 1138 τον
568 1113 754 1148 κομισάμενον
782 1113 860 1146 τέλος
881 1123 907 1141 τι

105 1156 178 1193 ὑπὲρ
192 1156 288 1184 τούτου
300 1157 490 1193 τιμωρεῖσθαι.
507 1158 548 1186 Τὰ
564 1159 593 1185 δὲ
609 1159 736 1196 βάρϐαρα
753 1160 909 1195 ἀνδράποδα

103 1205 140 1230 τὰ
156 1204 368 1240 εύνουχιζόμενα
380 1204 481 1237 ἔξωθεν
494 1206 543 1232 τοῦ
555 1205 711 1241 Ῥωμαῖκοῦ
730 1205 846 1241 ἐδάφους
861 1206 906 1238 ἐξ·

105 1249 177 1275 έστω
194 1250 260 1276 πᾶσι
274 1250 330 1280 τοῖς
342 1249 474 1285 ἐμπόροις
489 1250 537 1276 καὶ
560 1249 708 1286 ἀγοράζειν
727 1251 774 1278 καὶ
803 1251 908 1287 πιπρά-

106 1303 193 1321 σχειν.
201 1295 255 1322 Τοῦ
269 1295 298 1322 δὲ
315 1295 361 1332 μη¹
377 1296 478 1331 βιϐλίου
490 1296 537 1323 τοῦ
549 1297 673 1329 Κώδικος
685 1298 698 1324 6
708 1301 734 1332 η’
747 1297 834 1330 τίτλος
849 1299 908 1325 κεῖ-

104 1350 150 1368 ται
166 1342 196 1368 ὲν
210 1341 306 1377 βιϐλίῳ
317 1342 337 1375 ξ’
348 1342 402 1368 τῶν
414 1341 576 1374 Βασιλικῶν,
595 1344 648 1370 τΞτ.
666 1343 716 1373 λο’.
728 1343 762 1370 τὰ
776 1343 805 1370 δὲ
821 1345 908 1378 κεφά-

108 1387 173 1414 λαια
186 1387 274 1414 ταῦτα
289 1387 513 1423 παρελείφῡησσν
525 1389 571 1414 καὶ
597 1389 648 1415 οὐκ
663 1388 807 1425 ὲτὲοησαν.
829 1389 861 1415 Ἡ
880 1389 910 1416 δὲ

108 1437 174 1469 ρμα¹
193 1433 280 1468 νεαρὰ
303 1433 350 1459 τοῦ
372 1433 564 1460 ’ῐουστινιοινοῦ
583 1433 664 1469 ἐτέθη
680 1435 720 1466 εἷς
738 1434 840 1469 βιϐλίον
853 1435 908 1462 τῶν

106 1478 260 1506 Βασιλικῶν
276 1479 308 1511 ξ’,
329 1478 417 1505 τίτλον
432 1482 482 1510 να¹,
499 1489 562 1514 κεφ.
579 1480 598 1506 δ’
612 1489 618 1495 ·
630 1480 644 1506 ὃ
663 1481 709 1507 καὶ
733 1481 788 1515 ἕχει
803 1481 889 1513 οὓτως
900 1489 908 1497 ο

107 1524 281 1560 θεσπίζομεν
295 1525 324 1552 ὲν
346 1525 495 1560 οἱῳδήποτε
524 1527 600 1561 τόπῳ
611 1526 660 1561 τῆς
674 1527 812 1563 ἡμετέρας
830 1527 908 1554 πολι-

105 1571 181 1603 τείας
205 1571 372 1607 εύνουχίζειν
406 1571 568 1608 τολμῶντας
587 1573 604 1607 ἢ
635 1573 821 1609 τολμήσοντας
835 1574 906 1600 οἱον-

105 1617 207 1653 δήποτε
225 1618 384 1654 πρόσωπον,
401 1618 425 1644 ει
449 1618 499 1654 μὲν
515 1618 611 1654 ἄνδρες
626 1617 681 1645 εἷεν
699 1619 724 1645 ot
749 1619 829 1646 τοῦτο
847 1620 908 1646 τολ-

108 1665 255 1699 μήσαντες,
278 1665 294 1700 ἢ
321 1665 368 1691 καὶ
384 1664 539 1699 τολμῶντες
553 1685 561 1698 ,
579 1665 662 1692 ταὺτὸ
679 1665 758 1692 τοῦτο
777 1665 875 1693 παθεῖν
895 1666 910 1693 ὃ

107 1710 286 1744 πεποιήκασι,
299 1711 346 1737 καὶ
366 1711 391 1737 εξ
419 1711 614 1746 περισωθεῖεν,
636 1711 670 1738 τὰ
684 1712 839 1748 πράγματα
855 1713 905 1739 αύ-

107 1755 163 1782 τών
174 1755 214 1790 τῷ
238 1756 361 1792 δημοσῑῳ
380 1757 616 1792 προσκυροῦσθαι,
634 1757 679 1785 διὰ
697 1757 746 1784 τοῦ
762 1759 832 1785 κατὰ
847 1767 909 1785 καια

108 1802 156 1838 ρον
170 1802 220 1838 τὴν
236 1803 285 1836 τῆς
301 1803 351 1838 σῆς
365 1803 538 1839 ἐνδοξότητος
552 1803 680 1835 ἀνύοντος
696 1804 796 1839 ἀρχὴν,
813 1804 908 1831 κάκεί-

106 1857 162 1879 νοις
180 1849 210 1875 ὲν
222 1848 302 1884 γύψῳ
316 1849 485 1884 πέμπεσθαι,
501 1849 660 1884 ὀφείλοντας
675 1849 721 1877 τὸν
733 1850 840 1878 ἅπαντα
859 1850 908 1886 τῆς

107 1895 181 1930 ζωῆς
196 1895 286 1921 αὐτῶν
300 1895 396 1931 χρόνον
413 1897 471 1922 ἐκεῖ
482 1894 562 1923 εἶναι.
578 1896 609 1922 Εἰ
619 1896 648 1922 δὲ
669 1898 797 1930 γυναῖκες
811 1894 866 1923 εἶεν
878 1896 907 1923 αἱ

106 1940 187 1966 τοῦτο
197 1940 332 1973 ποιοῦσαι,
350 1941 396 1966 καὶ
407 1940 508 1972 ταύτας
519 1940 712 1976 τιμωρεῖσθαι,
724 1942 770 1968 καὶ
779 1941 813 1968 τὰ
832 1941 905 1975 πρά-

107 1994 206 2021 γματα
222 1986 310 2013 αὐτῶν
319 1987 362 2013 διὰ
373 1986 420 2013 τοῦ
433 1987 503 2013 κατὰ
516 1986 611 2022 καιρὸν
620 1987 669 2023 τὴν
684 1988 770 2022 αὐτὴν
780 1987 907 2019 ἀνύοντος

106 2033 196 2068 ἀρχὴν
211 2033 250 2068 τῷ
257 2033 379 2069 δημοσίῳ
390 2033 621 2069 προσκυροῦσθαι,
630 2034 676 2060 καὶ
685 2035 725 2066 εἰς
732 2034 838 2070 ἑξορίαν
851 2036 908 2072 πέμ

107 2079 210 2106 πεσθαι
226 2099 234 2112 ,
259 2079 305 2106 ῐνα
331 2079 362 2112 ἐξ
381 2077 416 2116 ἦς
433 2080 564 2114 ὲνόμισαν
589 2080 606 2116 ἢ
627 2081 741 2117 ὲνόησαν
780 2082 908 2115 ἀσεϐείας

107 2126 206 2162 κέρδος
222 2126 315 2159 αὐτοῖς
340 2128 495 2162 περιποιεῖν
507 2127 538 2159 ἐξ
553 2127 640 2163 αὐτῆς
654 2128 789 2164 τιμωρίαν
802 2129 849 2156 καὶ
863 2129 910 2156 ἔκ-

107 2180 212 2198 πτωσιν
224 2171 280 2199 τῶν
292 2172 365 2199 ῑδίων
380 2173 554 2208 πραγμάτων
568 2172 718 2201 ύποστῶσι.
729 2173 798 2206 Τοὺς
817 2174 908 2209 μέντοι

107 2218 303 2252 ἑπιτάξαντας,
315 2218 363 2246 καὶ
369 2219 415 2244 ἐπὶ
422 2219 508 2254 τούτῳ
518 2218 662 2254 πρόσωπον
670 2220 908 2254 παραδεδωιώτας,

923 1594 945 1623 C

962 285 1014 304 non
1026 279 1135 310 habens,
1151 278 1186 307 ad
1199 283 1336 306 vacantem
1349 279 1530 314 episcopatum
1549 281 1695 315 perveniat.

997 323 1113 351 Coneilii
1131 324 1297 352 Antiocheni
1311 332 1401 353 canon
1418 325 1462 353 t6.

999 369 1073 396 CAP.
1090 368 1161 396 XIV.
1175 384 1211 389 —
1225 369 1338 402 Quando
1350 371 1498 403 eunuchus,
1520 376 1566 398 aut
1590 371 1636 406 qui
1660 371 1761 406 alioqui

962 416 1032 443 male
1061 416 1156 451 aﬁ‘eclo
1180 425 1289 452 corpore
1314 421 1365 450 est,
1387 418 1525 452 episcopus
1542 438 1550 451 ,
1577 422 1624 444 aut
1645 417 1758 445 clericus

962 467 1075 489 creetur.

999 508 1192 543 Apostolorum
1213 515 1302 547 canon
1316 507 1364 541 21,
1386 507 1433 540 2‘2,
1447 507 1490 540 7'1,
1505 507 1539 535 78
1557 516 1565 541 ;
1583 507 1693 536 concilii
1712 508 1760 536 Ni‘

967 555 1036 582 casui
1058 562 1145 582 canon
1161 555 1187 582 1.

1001 599 1107 626 Tenus.
1128 599 1223 628 Civilis
1239 600 1281 628 lex
1294 607 1341 628 eos
1359 599 1406 635 qui
1427 600 1534 634 seipsos
1554 603 1602 627 aut
1627 599 1696 628 alios
1713 608 1760 628 ca-

964 649 1062 676 strant,
1084 649 1148 677 etc.,
1176 652 1258 680 usque
1282 644 1318 672 ad
1340 643 1388 679 qui
1413 645 1554 672 eunuchos
1580 643 1706 679 faciunt,
1731 649 1760 672 ut

963 698 1025 725 pag.
1042 689 1107 725 503τ

1000 735 1149 763 Scholium.
1174 735 1269 763 Const.
1294 736 1307 763 l
1333 739 1361 763 et
1384 735 1413 767 2,
1431 735 1473 763 tit.
1501 736 1547 770 42,
1568 736 1616 764 lib.
1645 744 1672 764 tv
1698 737 1760 764 cod.

963 782 1060 816 positae
1074 787 1138 809 sunt
1164 782 1191 809 in
1212 782 1258 810 lib.
1276 782 1349 809 Basil
1370 790 1430 815 xix,
1449 782 1489 810 tit.
1507 782 1532 816 l,
1550 791 1610 817 cap.
1628 782 1672 814 l7,
1687 784 1762 818 quod

963 829 997 855 ad
1013 830 1085 856 hunc
1100 829 1212 856 modum
1231 829 1329 856 habet:
1357 828 1525 857 Constitutio
1543 830 1632 864 jubet,
1649 838 1683 858 ne
1699 831 1762 865 quis

965 873 1107 903 Romanus
1134 875 1279 903 eunuchus
1297 875 1354 906 ﬁat,
1379 883 1414 902 ne
1427 880 1506 902 extra
1524 875 1678 903 Romanum
1702 877 1763 911 qni-

929 917 950 944 Β
965 921 1025 949 dem
1048 921 1162 955 solum;
1189 926 1216 948 et
1239 928 1272 948 ne
1301 919 1387 957 [quis]
1413 921 1570 949 Romanum
1603 922 1762 950 eunuchum

965 968 1067 996 factum
1095 971 1192 995 emat:
1225 967 1272 995 sed
1309 972 1338 995 ut
1366 968 1412 1001 qui
1440 969 1600 996 eunuchum
1627 968 1704 1002 fecit,
1730 977 1763 995 ac

964 1015 1022 1051 ipse
1036 1020 1154 1051 emptor,
1168 1013 1252 1051 [tum]
1267 1018 1294 1042 et
1306 1014 1416 1042 tabellio
1430 1015 1475 1050 qui
1493 1016 1526 1043 de
1541 1023 1572 1043 ea
1588 1015 1642 1052 [re]
1659 1015 1763 1043 instru-

965 1067 1089 1090 mentum
1117 1063 1293 1098 conscripsit,
1319 1067 1348 1090 ct
1363 1063 1526 1098 publicanus
1550 1062 1692 1099 [denique]
1714 1063 1762 1098 qui

966 1108 1110 1143 vectigalis
1128 1109 1233 1144 aliquid
1250 1116 1300 1144 pro
1316 1115 1349 1136 eo
1363 1109 1496 1144 suscepit,
1512 1109 1677 1144 puniantur.
1695 1107 1763 1135 Bar-

965 1154 1032 1182 bara
1061 1163 1126 1182 vero
1151 1155 1300 1190 mancipia,
1321 1160 1398 1183 extra
1410 1154 1577 1189 ,Ilomanum
1602 1155 1690 1182 solum
1710 1162 1758 1182 ca-

965 1202 1288 1237 strata,quibusrunque
1318 1202 1535 1237 negotiatoribus
1562 1208 1656 1229 emere
1681 1201 1763 1229 liceat

965 1254 994 1277 et
1018 1249 1148 1276 vendere.
1173 1248 1226 1276 Tit.
1253 1256 1335 1284 porro
1349 1248 1376 1281 8,
1401 1249 1450 1275 lib.
1479 1256 1562 1276 vant
1583 1247 1645 1284 Dig.
1665 1252 1709 1277 est
1732 1249 1760 1276 in

964 1296 1011 1322 lib.
1027 1303 1061 1322 ιι(
1078 1294 1162 1327 Basil,
1183 1296 1225 1322 tit.
1241 1296 1285 1322 58.
1306 1294 1370 1322 llaec
1385 1302 1450 1322 vero
1465 1294 1553 1328 capita
1567 1295 1671 1322 omissa
1685 1299 1761 1327 sunt,

964 1346 1054 1369 etnon
1071 1342 1171 1376 posita.
1188 1341 1299 1368 Novella
1316 1345 1409 1369 autem
1424 1340 1570 1368 .lnstiniani
1587 1340 1648 1373 142,
1671 1341 1761 1376 posita

963 1393 1006 1416 est
1018 1389 1044 1415 in
1057 1388 1104 1415 lib.
1120 1387 1202 1415 Basil.
1217 1387 1261 1419 I7,
1275 1388 1316 1414 tit.
1330 1387 1376 1419 51,
1389 1395 1450 1421 cap.
1465 1387 1500 1420 4;
1516 1387 1590 1422 quod
1607 1387 1647 1414 sic
1663 1387 1760 1414 habet:

965 1434 1122 1466 Sancimus,
1147 1433 1236 1468 utqui
1260 1433 1288 1460 in
1307 1440 1479 1469 quocunque
1523 1433 1681 1468 reipublicm
1712 1440 1762 1460 no«

964 1487 1028 1508 SII'iB
1044 1481 1102 1508 I000
1130 1488 1325 1516 quamcunque
1339 1487 1485 1515 personam
1511 1483 1632 1507 castrare
1653 1486 1762 1514 ρι’πξειι-

963 1531 1053 1558 munt,
1079 1531 1126 1554 aut
1149 1528 1230 1554 etiam
1252 1530 1497 1562 prmsmnpserunt,
1533 1526 1555 1553 si
1570 1525 1680 1561 quidem
1709 1525 1760 1552 viri

964 1577 1029 1601 sunt
1043 1573 1089 1608 qui
1104 1573 1156 1601 hoc
1171 1573 1262 1601 facere
1278 1572 1515 1608 praesumpserint,
1532 1577 1578 1599 aut
1589 1572 1671 1599 etiam
1688 1579 1760 1606 pra:-

964 1623 1088 1650 sumunt,
1116 1619 1187 1647 idem
1205 1619 1257 1646 hoc
1278 1619 1351 1654 quod
1367 1619 1428 1647 aliis
1446 1619 1579 1651 fecerunt,
1601 1622 1628 1646 et
1643 1618 1694 1653 ipsi
1709 1625 1760 1653 pa-

965 1665 1078 1693 tiantur.
1093 1666 1126 1693 Et
1138 1666 1160 1693 si
1178 1665 1330 1694 incolumes
1340 1669 1499 1697 evaserunt,
1511 1669 1567 1692 tam
1582 1665 1654 1692 bona
1663 1672 1758 1691 eorum

963 1713 1124 1740 addicantur
1141 1713 1216 1745 lisco,
1233 1720 1281 1746 per
1300 1720 1362 1739 eum
1389 1712 1436 1747 qui
1453 1719 1504 1747 pro
1521 1716 1644 1746 tempore
1669 1710 1758 1746 magi-

964 1764 1080 1787 stratum
1105 1760 1163 1787 obit
1188 1760 1281 1795 gloria:
1302 1764 1355 1787 tuae
1375 1769 1380 1786 :
1397 1766 1480 1795 quam
1497 1758 1549 1794 ipsi
1573 1759 1717 1786 mittantur
1732 1757 1758 1784 in

964 1814 1090 1842 gypsum.
1108 1806 1154 1834 ubi
1175 1807 1299 1834 locomm
1325 1813 1374 1841 per
1396 1813 1482 1833 omne
1498 1805 1560 1832 vitae
1581 1812 1639 1832 sua:
1651 1809 1760 1838 tempus

963 1861 1025 1892 esse
1040 1853 1189 1881 debebunt.
1212 1852 1260 1881 Sin
1279 1860 1344 1880 vero
1355 1852 1487 1880 mulieres
1504 1855 1570 1879 sunt
1584 1858 1646 1886 qua!
1661 1850 1688 1878 id
1697 1857 1761 1884 ego-

964 1904 1039 1933 runt,
1055 1899 1209 1927 adiciantur
1234 1903 1261 1926 et
1281 1899 1346 1934 ipsa:
1365 1898 1512 1934 supplicio,
1531 1902 1559 1925 et
1574 1898 1646 1925 bona
1663 1904 1759 1924 earmn

964 1955 1013 1982 per
1029 1954 1090 1974 eum
1114 1946 1160 1982 qui
1178 1954 1228 1981 pro
1241 1951 1364 1981 tempore
1378 1945 1448 1980 gerit
1463 1944 1654 1979 magistratum
1671 1949 1760 1973 tuum,

964 1993 1127 2020 addicintur
1141 1993 1218 2026 ﬁsco,
1243 1992 1442 2026 mittanturque
1463 1991 1489 2018 in
1507 1990 1636 2018 exsilium
1648 2010 1655 2022 ,
1673 1993 1702 2016 ut
1727 1995 1760 2015 ex

964 2046 1020 2074 quo
1051 2038 1173 2073 putarint
1200 2041 1248 2064 aut
1270 2037 1421 2071 cogitat-int
1446 2035 1561 2070 impium
1595 2042 1624 2062 se
1651 2034 1758 2061 lucrum

965 2088 1153 2116 assecuturas,
1172 2091 1206 2111 ex
1223 2091 1255 2110 eo
1268 2083 1384 2118 suplicia
1399 2082 1481 2110 simul
1497 2087 1524 2108 et
1541 2081 1677 2108 bonorum
1693 2087 1761 2107 suo-

965 2137 1026 2157 rum
1049 2129 1228 2157 amissionem
1246 2128 1415 2156 sustineant.
1434 2126 1521 2154 Porro
1537 2131 1566 2154 et
1589 2133 1637 2153 eos
1662 2125 1708 2160 qtti
1725 2124 1759 2151 ad

965 2175 1018 2202 hoc
1041 2175 1201 2201 mandatum
1222 2173 1358 2204 dederint.
1391 2172 1575 2200 obtulerinlve
1615 2177 1759 2206 personas.

965 2221 1108 2248 autetiam
1135 2221 1234 2248 domos
1251 2220 1294 2247 vel
1312 2219 1400 2247 locum
1419 2219 1537 2253 aliquem
1560 2217 1594 2244 ad
1616 2217 1668 2244 hoc
1690 2223 1761 2250 pra:-

107 2265 124 2299 ἢ
145 2264 193 2290 καὶ
206 2264 302 2296 οἴκοις,
317 2264 334 2300 ἢ
350 2264 433 2291 τόπον
460 2265 522 2291 τινὰ
537 2265 583 2291 ἐπὶ
600 2265 688 2301 τούτῳ
704 2267 909 2301 παρεχομένους

969 2267 1088 2298 huerint,
1103 2269 1150 2294 aut
1164 2266 1299 2301 praebent.
1317 2265 1375 2292 sive
1397 2264 1447 2291 viri
1462 2263 1519 2291 sint
1534 2263 1593 2290 sive
1615 2261 1758 2293 mulieros,

107 2311 165 2337 εἴτε
183 2312 365 2345 παρέχοντας,
383 2311 438 2337 εἴτε
452 2311 549 2346 ἄνδρες
565 2309 631 2345 εἷεν,
641 2312 697 2338 εἴτε
713 2313 843 2347 γυναῖκες
858 2314 907 2345 τὰς

107 2350 194 2388 αὖτὰς
209 2357 357 2392 κελεύομεν
383 2357 534 2393 ὑποστῆναι
561 2359 696 2394 τιμωρίας
723 2359 761 2390 ὡς
784 2359 908 2387 συνίστο-

109 2411 160 2436 ρας
177 2403 332 2437 γινομένοις
348 2403 399 2438 τῆς
424 2403 519 2430 ἀδίκου
535 2404 637 2440 ταύτης
653 2405 790 2441 πράξεως,
811 2407 908 2438 αὐτοὺς

107 2449 136 2476 δὲ
153 2450 218 2480 τοὺς
232 2449 456 2484 εὐνουχισθὲντας
474 2450 560 2485 ἐχρῆν
579 2450 628 2486 μὲν
651 2451 704 2477 ἀπὸ
719 2451 910 2486 παλαιοτέρων

107 2495 225 2530 χρόνων.
239 2495 473 2531 Πλὴν-κελεύομεν
500 2497 565 2529 τοὺς
581 2497 636 2524 ἀπὺ
667 2498 717 2533 τῆς
749 2498 765 2525 ι’
777 2499 910 2534 ἐπινεμή-

108 2550 179 2574 σεως
209 2542 257 2569 τοῦ
283 2543 331 2570 νῦν
353 2543 516 2576 ἐπελθόντος
535 2552 542 2559 ·
560 2543 663 2571 κύκλου
685 2545 910 2580 εὐνουχισῦἐντας

108 2588 177 2625 παρ’
200 2589 358 2616 οὑτινοσοῦν
378 2590 408 2617 ὲν
421 2590 514 2622 τόποις
530 2591 579 2626 τῆς
606 2591 746 2627 ἡμετέρας
773 2591 911 2623 πολιτείας

106 2636 269 2671 ιλευθέρους
284 2634 365 2670 εἶναι,
378 2637 427 2664 καὶ
441 2638 513 2664 κατὰ
526 2638 629 2672 μηδένα
647 2638 748 2673 τρόπον
766 2637 783 2673 ἢ
808 2639 911 2674 οῑονδή-

107 2689 176 2707 ποτε
197 2679 266 2713 εἶδος
282 2681 507 2717 συναλλάγματος
523 2684 563 2714 είς
576 2683 698 2710 δουλείαν
717 2683 911 2716 καθέλκεσοαι,

107 2727 177 2762 μηδὲ
194 2727 356 2762 συμϐόλαιον
377 2728 420 2754 ἐπ’
440 2729 532 2760 αὐτοῖς
547 2730 674 2763 ἀγοραῖον
689 2749 695 2761 ,
725 2730 741 2761 ἦ
770 2729 911 2765 ἰδιόχειρον

107 2773 171 2800 καθ’
191 2773 350 2809 οἱονδήποτε
365 2773 495 2810 τρόπονῆ
515 2775 586 2801 κατὰ
603 2775 746 2810 περίνοιαν
765 2775 910 2811 γινόμενον

105 2818 123 2854 ἢ
141 2819 325 2854 γενησόμενον
342 2821 473 2853 κρατεῖν,
501 2819 569 2846 ἁλλὰ
597 2820 663 2856 μηδὲ
687 2821 736 2851 τὰς
764 2819 913 2856 λεγομένας

106 2864 268 2900 ἀνακρίσεις
278 2865 324 2892 ἐπὶ
334 2865 466 2897 τοιούτοις
479 2865 602 2900 γίνεσθαι
613 2866 795 2903 προσώποιςῆ
806 2867 913 2903 γινομέ-

108 2919 157 2942 νας
173 2913 294 2949 κρατεῖν.
313 2912 393 2939 una
410 2912 457 2939 zz".
469 2912 648 2947 πᾶνταςζτοῦς
662 2912 800 2945 τοιούτους
817 2914 913 2941 συναλ-

963 2313 1056 2340 eadem
1070 2312 1165 2339 subire
1178 2312 1312 2347 supplicia
1324 2311 1471 2346 iubemus:
1485 2314 1580 2344 utpote
1591 2307 1639 2343 qui
1651 2307 1760 2342 injustzn

962 2360 1044 2395 hujus
1060 2359 1177 2386 aclionis
1196 2363 1280 2386 testes
1296 2358 1359 2385 facti
1385 2362 1460 2385 sunt.
1490 2355 1590 2384 Verum
1608 2356 1685 2390 ipsos
1712 2361 1759 2381 ca-

961 2411 1062 2433 stratos
1076 2407 1184 2432 tametsi
1201 2414 1215 2432 a
1232 2405 1430 2432 vetustioribus
1453 2403 1623 2438 temporibus
1657 2401 1758 2428 liberos

960 2460 1021 2479 esse
1035 2453 1179 2486 oportebat
1193 2461 1199 2478 :
1216 2451 1346 2483 iubemus
1363 2455 1465 2481 tamen.
1485 2453 1515 2476 ut
1529 2448 1576 2483 qui
1591 2448 1649 2483 jam
1664 2447 1728 2474 inde
1741 2454 1756 2473 a

961 2498 1066 2526 decima
1084 2498 1234 2524 indictione
1248 2497 1372 2524 ineuntis
1385 2495 1481 2523 circuli
1499 2502 1546 2528 per
1564 2500 1759 2529 quemcunque

962 2545 1004 2570 in‘
1019 2544 1086 2571 locis
1107 2549 1207 2570 nostra!
1227 2543 1383 2578 reipublicae
1407 2542 1520 2570 castrati
1536 2541 1657 2572 inerunt,
1680 2539 1757 2566 liberi

961 2591 1036 2617 sint:
1052 2598 1141 2624 neque
1156 2590 1212 2616 ullo
1226 2589 1316 2620 modo,
1332 2594 1380 2616 aut
1400 2588 1500 2624 quovis
1513 2594 1613 2622 genere
1645 2590 1759 2613 contra-

962 2642 1023 2664 ctus
1042 2636 1068 2663 in
1087 2637 1249 2664 servitutem
1267 2636 1457 2663 retrahantur:
1470 2642 1560 2669 neque
1573 2634 1639 2660 item
1656 2632 1760 2659 instru-

964 2687 1084 2710 mentum
1104 2683 1136 2708 de
1152 2683 1220 2718 ipsis
1243 2682 1285 2709 vel
1313 2682 1465 2717 publicum,
1489 2682 1531 2707 vel
1555 2679 1661 2714 privata
1677 2685 1759 2704 manu

964 2730 1159 2764 conscriptum,
1187 2736 1352 2764 quocunque
1378 2728 1487 2755 laudent
1517 2726 1610 2756 modo,
1636 2728 1685 2751 aut
1711 2730 1760 2757 per

964 2773 1089 2801 fraudem
1116 2773 1230 2807 factum,
1246 2778 1293 2801 aut
1317 2773 1448 2806 tiendum,
1466 2772 1565 2799 valeat.
1590 2768 1643 2796 Sed
1670 2775 1760 2803 neque

965 2821 1120 2855 inquirendi
1141 2821 1248 2848 illorqu
1262 2826 1352 2849 status
1375 2828 1458 2847 causa
1477 2817 1648 2852 cognitiones
1663 2837 1670 2849 ,
1697 2823 1760 2850 qua:

965 2868 1126 2903 ἀνακρίσεις
1140 2868 1279 2900 dicuntur,
1295 2867 1329 2894 de
1350 2865 1507 2894 istiusmodi
1525 2862 1651 2899 personis
1673 2861 1759 2889 inter-

967 2920 1117 2951 ponantur,
1143 2919 1190 2942 aul
1211 2913 1378 2949 interposita:
1396 2911 1513 2941 valeant.
1536 2911 1588 2939 Sed
1616 2912 1643 2938 et
1663 2915 1760 2937 omnes
