  <div class='ocr_page' id='page_1' title='image "/cluster/home/n/w/nwhite01/storage/ocr_20150623/104/njp.32101077772885/507.png"; bbox 0 0 1946 3076; ppageno 0'>
   <div class='ocr_carea' id='block_1_1' title="bbox 193 171 246 203">
    <p class='ocr_par' dir='ltr' id='par_1_1' title="bbox 193 171 246 203">
     <span class='ocr_line' id='line_1_1' title="bbox 193 171 246 203; baseline -0.019 0"><span class='ocrx_word' id='word_1_1' title='bbox 193 171 246 203; x_wconf 82' lang='lat'><strong>999</strong></span> 
     </span>
    </p>
   </div>
   <div class='ocr_carea' id='block_1_2' title="bbox 773 164 1253 197">
    <p class='ocr_par' dir='ltr' id='par_1_2' title="bbox 773 164 1253 197">
     <span class='ocr_line' id='line_1_2' title="bbox 773 164 1253 197; baseline -0.004 0"><span class='ocrx_word' id='word_1_2' title='bbox 773 165 907 197; x_wconf 87' lang='lat' dir='ltr'><strong>PHOTII</strong></span> <span class='ocrx_word' id='word_1_3' title='bbox 923 164 1178 196; x_wconf 63' lang='lat' dir='ltr'><strong>PATRIARCHIE</strong></span> <span class='ocrx_word' id='word_1_4' title='bbox 1197 164 1253 195; x_wconf 71' lang='grc' dir='ltr'><strong>(ΞΡ.</strong></span> 
     </span>
    </p>
   </div>
   <div class='ocr_carea' id='block_1_3' title="bbox 1777 162 1838 196">
    <p class='ocr_par' dir='ltr' id='par_1_3' title="bbox 1777 162 1838 196">
     <span class='ocr_line' id='line_1_3' title="bbox 1777 162 1838 196; baseline 0.016 -1"><span class='ocrx_word' id='word_1_5' title='bbox 1777 162 1838 196; x_wconf 80' lang='lat'><strong>1000</strong></span> 
     </span>
    </p>
   </div>
   <div class='ocr_carea' id='block_1_4' title="bbox 192 217 997 260">
    <p class='ocr_par' dir='ltr' id='par_1_4' title="bbox 192 223 984 260">
     <span class='ocr_line' id='line_1_4' title="bbox 192 223 984 260; baseline -0.006 -6"><span class='ocrx_word' id='word_1_6' title='bbox 192 233 241 254; x_wconf 88' lang='lat' dir='ltr'><strong>eos</strong></span> <span class='ocrx_word' id='word_1_7' title='bbox 259 225 307 260; x_wconf 99' lang='lat' dir='ltr'><strong>qui</strong></span> <span class='ocrx_word' id='word_1_8' title='bbox 337 225 384 253; x_wconf 84' lang='lat' dir='ltr'><strong>tali</strong></span> <span class='ocrx_word' id='word_1_9' title='bbox 404 223 558 252; x_wconf 83' lang='lat' dir='ltr'><strong>contractui</strong></span> <span class='ocrx_word' id='word_1_10' title='bbox 582 223 609 250; x_wconf 93' lang='lat' dir='ltr'><strong>in</strong></span> <span class='ocrx_word' id='word_1_11' title='bbox 635 227 775 258; x_wconf 88' lang='lat' dir='ltr'><strong>posterum</strong></span> <span class='ocrx_word' id='word_1_12' title='bbox 801 223 984 250; x_wconf 73' lang='lat' dir='ltr'><strong>ministerium</strong></span> 
     </span>
    </p>
   </div>
   <div class='ocr_carea' id='block_1_5' title="bbox 1059 217 1836 260">
    <p class='ocr_par' dir='ltr' id='par_1_5' title="bbox 1059 217 1836 256">
     <span class='ocr_line' id='line_1_5' title="bbox 1059 217 1836 256; baseline -0.004 -8"><span class='ocrx_word' id='word_1_13' title='bbox 1059 221 1160 256; x_wconf 74' lang='grc' dir='ltr'>ίγμασι</span> <span class='ocrx_word' id='word_1_14' title='bbox 1170 221 1201 247; x_wconf 84' lang='grc' dir='ltr'><strong>τὺ</strong></span> <span class='ocrx_word' id='word_1_15' title='bbox 1215 219 1309 246; x_wconf 79' lang='grc' dir='ltr'>λοιπὸν</span> <span class='ocrx_word' id='word_1_16' title='bbox 1317 217 1534 254; x_wconf 77' lang='grc' dir='ltr'>ὑπουργοῦντας,</span> <span class='ocrx_word' id='word_1_17' title='bbox 1542 217 1592 250; x_wconf 83' lang='grc' dir='ltr'><strong>τὰς</strong></span> <span class='ocrx_word' id='word_1_18' title='bbox 1601 218 1730 254; x_wconf 79' lang='grc' dir='ltr'><strong>ἀνωτέρω</strong></span> <span class='ocrx_word' id='word_1_19' title='bbox 1745 219 1836 246; x_wconf 73' lang='grc' dir='ltr'>κελεύ-</span> 
     </span>
    </p>
   </div>
   <div class='ocr_carea' id='block_1_6' title="bbox 192 265 992 306">
    <p class='ocr_par' dir='ltr' id='par_1_6' title="bbox 192 265 992 306">
     <span class='ocr_line' id='line_1_6' title="bbox 192 265 992 306; baseline -0.003 -7"><span class='ocrx_word' id='word_1_20' title='bbox 192 272 326 306; x_wconf 74' lang='lat' dir='ltr'><strong>praebent,</strong></span> <span class='ocrx_word' id='word_1_21' title='bbox 349 270 475 305; x_wconf 83' lang='lat' dir='ltr'><strong>superius</strong></span> <span class='ocrx_word' id='word_1_22' title='bbox 491 270 607 298; x_wconf 86' lang='lat' dir='ltr'><strong>traditas</strong></span> <span class='ocrx_word' id='word_1_23' title='bbox 629 269 723 297; x_wconf 86' lang='lat' dir='ltr'><strong>subire</strong></span> <span class='ocrx_word' id='word_1_24' title='bbox 737 276 834 304; x_wconf 64' lang='lat' dir='ltr'><strong>poenas</strong></span> <span class='ocrx_word' id='word_1_25' title='bbox 851 265 992 304; x_wconf 78' lang='lat' dir='ltr'><strong>jubemus.</strong></span> 
     </span>
    </p>
   </div>
   <div class='ocr_carea' id='block_1_7' title="bbox 196 315 992 350">
    <p class='ocr_par' dir='ltr' id='par_1_7' title="bbox 196 315 992 350">
     <span class='ocr_line' id='line_1_7' title="bbox 196 315 992 350; baseline -0.006 -4"><span class='ocrx_word' id='word_1_26' title='bbox 196 318 332 346; x_wconf 74' lang='lat' dir='ltr'><strong>Praeterea</strong></span> <span class='ocrx_word' id='word_1_27' title='bbox 357 317 380 345; x_wconf 91' lang='lat' dir='ltr'><strong>si</strong></span> <span class='ocrx_word' id='word_1_28' title='bbox 401 317 558 349; x_wconf 85' lang='lat' dir='ltr'><strong>usuveniat,</strong></span> <span class='ocrx_word' id='word_1_29' title='bbox 575 320 605 343; x_wconf 88' lang='lat' dir='ltr'><strong>ut</strong></span> <span class='ocrx_word' id='word_1_30' title='bbox 618 322 716 343; x_wconf 85' lang='lat' dir='ltr'><strong>servus</strong></span> <span class='ocrx_word' id='word_1_31' title='bbox 737 319 850 350; x_wconf 83' lang='lat' dir='ltr'><strong>propter</strong></span> <span class='ocrx_word' id='word_1_32' title='bbox 864 315 992 342; x_wconf 88' lang='lat' dir='ltr'><strong>morbum</strong></span> 
     </span>
    </p>
   </div>
   <div class='ocr_carea' id='block_1_8' title="bbox 195 361 993 397">
    <p class='ocr_par' dir='ltr' id='par_1_8' title="bbox 195 361 993 397">
     <span class='ocr_line' id='line_1_8' title="bbox 195 361 993 397; baseline -0.005 -5"><span class='ocrx_word' id='word_1_33' title='bbox 195 368 332 393; x_wconf 85' lang='lat' dir='ltr'><strong>castretnr</strong></span> <span class='ocrx_word' id='word_1_34' title='bbox 345 383 352 395; x_wconf 90' lang='lat'><strong>,</strong></span> <span class='ocrx_word' id='word_1_35' title='bbox 374 363 515 397; x_wconf 87' lang='lat' dir='ltr'><strong>jnbemus,</strong></span> <span class='ocrx_word' id='word_1_36' title='bbox 529 366 559 389; x_wconf 89' lang='lat' dir='ltr'><strong>ut</strong></span> <span class='ocrx_word' id='word_1_37' title='bbox 571 365 598 388; x_wconf 91' lang='lat' dir='ltr'><strong>et</strong></span> <span class='ocrx_word' id='word_1_38' title='bbox 612 361 657 388; x_wconf 89' lang='lat' dir='ltr'><strong>ille</strong></span> <span class='ocrx_word' id='word_1_39' title='bbox 675 361 829 388; x_wconf 87' lang='lat' dir='ltr'><strong>libertatem</strong></span> <span class='ocrx_word' id='word_1_40' title='bbox 846 361 993 389; x_wconf 82' lang='lat' dir='ltr'><strong>nancisca-</strong></span> 
     </span>
    </p>
   </div>
   <div class='ocr_carea' id='block_1_9' title="bbox 195 406 994 443">
    <p class='ocr_par' dir='ltr' id='par_1_9' title="bbox 195 406 994 443">
     <span class='ocr_line' id='line_1_9' title="bbox 195 406 994 443; baseline -0.005 -5"><span class='ocrx_word' id='word_1_41' title='bbox 195 415 252 438; x_wconf 89' lang='lat' dir='ltr'><strong>tur.</strong></span> <span class='ocrx_word' id='word_1_42' title='bbox 264 409 316 443; x_wconf 86' lang='lat' dir='ltr'><strong>Qui</strong></span> <span class='ocrx_word' id='word_1_43' title='bbox 342 409 416 436; x_wconf 87' lang='lat' dir='ltr'><strong>enim</strong></span> <span class='ocrx_word' id='word_1_44' title='bbox 435 408 469 435; x_wconf 83' lang='lat' dir='ltr'><strong>ab</strong></span> <span class='ocrx_word' id='word_1_45' title='bbox 488 407 565 434; x_wconf 89' lang='lat' dir='ltr'><strong>initio</strong></span> <span class='ocrx_word' id='word_1_46' title='bbox 578 407 655 434; x_wconf 94' lang='lat' dir='ltr'><strong>liberi</strong></span> <span class='ocrx_word' id='word_1_47' title='bbox 671 411 746 439; x_wconf 87' lang='lat' dir='ltr'><strong>sunt.</strong></span> <span class='ocrx_word' id='word_1_48' title='bbox 760 407 782 434; x_wconf 95' lang='lat' dir='ltr'><strong>si</strong></span> <span class='ocrx_word' id='word_1_49' title='bbox 805 406 876 434; x_wconf 79' lang='lat' dir='ltr'><strong>forte</strong></span> <span class='ocrx_word' id='word_1_50' title='bbox 899 407 924 434; x_wconf 91' lang='lat' dir='ltr'><strong>in</strong></span> <span class='ocrx_word' id='word_1_51' title='bbox 943 407 994 434; x_wconf 89' lang='lat' dir='ltr'><strong>hoc</strong></span> 
     </span>
    </p>
   </div>
   <div class='ocr_carea' id='block_1_10' title="bbox 195 453 995 492">
    <p class='ocr_par' dir='ltr' id='par_1_10' title="bbox 195 453 995 492">
     <span class='ocr_line' id='line_1_10' title="bbox 195 453 995 492; baseline -0.005 -8"><span class='ocrx_word' id='word_1_52' title='bbox 195 464 284 492; x_wconf 76' lang='lat' dir='ltr'><strong>genus</strong></span> <span class='ocrx_word' id='word_1_53' title='bbox 301 455 391 483; x_wconf 88' lang='lat' dir='ltr'><strong>morbi</strong></span> <span class='ocrx_word' id='word_1_54' title='bbox 418 454 554 487; x_wconf 87' lang='lat' dir='ltr'><strong>incidunt,</strong></span> <span class='ocrx_word' id='word_1_55' title='bbox 576 453 618 480; x_wconf 89' lang='lat' dir='ltr'><strong>sui</strong></span> <span class='ocrx_word' id='word_1_56' title='bbox 637 457 801 488; x_wconf 83' lang='lat' dir='ltr'><strong>potestatem</strong></span> <span class='ocrx_word' id='word_1_57' title='bbox 827 453 941 486; x_wconf 83' lang='lat' dir='ltr'><strong>habent,</strong></span> <span class='ocrx_word' id='word_1_58' title='bbox 964 458 995 480; x_wconf 94' lang='lat' dir='ltr'><strong>ut</strong></span> 
     </span>
    </p>
   </div>
   <div class='ocr_carea' id='block_1_11' title="bbox 196 497 994 538">
    <p class='ocr_par' dir='ltr' id='par_1_11' title="bbox 196 497 994 538">
     <span class='ocr_line' id='line_1_11' title="bbox 196 497 994 538; baseline -0.004 -9"><span class='ocrx_word' id='word_1_59' title='bbox 196 501 269 538; x_wconf 83' lang='lat' dir='ltr'><strong>quod</strong></span> <span class='ocrx_word' id='word_1_60' title='bbox 298 501 393 533; x_wconf 88' lang='lat' dir='ltr'><strong>velim,</strong></span> <span class='ocrx_word' id='word_1_61' title='bbox 420 500 472 528; x_wconf 87' lang='lat' dir='ltr'><strong>sibi</strong></span> <span class='ocrx_word' id='word_1_62' title='bbox 495 499 647 527; x_wconf 85' lang='lat' dir='ltr'><strong>remedium</strong></span> <span class='ocrx_word' id='word_1_63' title='bbox 670 499 830 526; x_wconf 81' lang='lat' dir='ltr'><strong>adhibeant.</strong></span> <span class='ocrx_word' id='word_1_64' title='bbox 860 497 994 527; x_wconf 83' lang='lat' dir='ltr'><strong>anemus</strong></span> 
     </span>
    </p>
   </div>
   <div class='ocr_carea' id='block_1_12' title="bbox 198 542 993 582">
    <p class='ocr_par' dir='ltr' id='par_1_12' title="bbox 198 542 993 582">
     <span class='ocr_line' id='line_1_12' title="bbox 198 542 993 582; baseline -0.004 -9"><span class='ocrx_word' id='word_1_65' title='bbox 198 546 292 582; x_wconf 79' lang='lat' dir='ltr'><strong>igitur,</strong></span> <span class='ocrx_word' id='word_1_66' title='bbox 321 549 351 573; x_wconf 88' lang='lat' dir='ltr'><strong>ut</strong></span> <span class='ocrx_word' id='word_1_67' title='bbox 377 545 404 572; x_wconf 90' lang='lat' dir='ltr'><strong>in</strong></span> <span class='ocrx_word' id='word_1_68' title='bbox 427 548 523 572; x_wconf 86' lang='lat' dir='ltr'><strong>nostra</strong></span> <span class='ocrx_word' id='word_1_69' title='bbox 546 543 684 578; x_wconf 83' lang='lat' dir='ltr'><strong>republica</strong></span> <span class='ocrx_word' id='word_1_70' title='bbox 703 542 816 570; x_wconf 81' lang='lat' dir='ltr'><strong>castrati</strong></span> <span class='ocrx_word' id='word_1_71' title='bbox 829 542 886 578; x_wconf 89' lang='lat' dir='ltr'><strong>jam</strong></span> <span class='ocrx_word' id='word_1_72' title='bbox 902 543 965 571; x_wconf 89' lang='lat' dir='ltr'><strong>inde</strong></span> <span class='ocrx_word' id='word_1_73' title='bbox 979 551 993 570; x_wconf 74' lang='grc' dir='ltr'><strong>ο</strong></span> 
     </span>
    </p>
   </div>
   <div class='ocr_carea' id='block_1_13' title="bbox 196 591 994 626">
    <p class='ocr_par' dir='ltr' id='par_1_13' title="bbox 196 591 994 626">
     <span class='ocr_line' id='line_1_13' title="bbox 196 591 994 626; baseline -0.006 -5"><span class='ocrx_word' id='word_1_74' title='bbox 196 596 351 621; x_wconf 88' lang='lat' dir='ltr'><strong>memorato</strong></span> <span class='ocrx_word' id='word_1_75' title='bbox 378 596 511 626; x_wconf 85' lang='lat' dir='ltr'><strong>tempore,</strong></span> <span class='ocrx_word' id='word_1_76' title='bbox 533 591 604 626; x_wconf 86' lang='lat' dir='ltr'><strong>apud</strong></span> <span class='ocrx_word' id='word_1_77' title='bbox 630 597 825 625; x_wconf 74' lang='lat' dir='ltr'><strong>quamcunque</strong></span> <span class='ocrx_word' id='word_1_78' title='bbox 846 597 994 625; x_wconf 73' lang='lat' dir='ltr'><strong>personam</strong></span> 
     </span>
    </p>
   </div>
   <div class='ocr_carea' id='block_1_14' title="bbox 198 636 995 674">
    <p class='ocr_par' dir='ltr' id='par_1_14' title="bbox 198 636 995 674">
     <span class='ocr_line' id='line_1_14' title="bbox 198 636 995 674; baseline -0.004 -8"><span class='ocrx_word' id='word_1_79' title='bbox 198 639 266 672; x_wconf 86' lang='lat' dir='ltr'><strong>sint,</strong></span> <span class='ocrx_word' id='word_1_80' title='bbox 287 638 494 674; x_wconf 87' lang='lat' dir='ltr'><strong>perquirantur,</strong></span> <span class='ocrx_word' id='word_1_81' title='bbox 519 642 546 664; x_wconf 88' lang='lat' dir='ltr'><strong>et</strong></span> <span class='ocrx_word' id='word_1_82' title='bbox 566 637 644 664; x_wconf 84' lang='lat' dir='ltr'><strong>liberi</strong></span> <span class='ocrx_word' id='word_1_83' title='bbox 672 636 738 669; x_wconf 84' lang='lat' dir='ltr'><strong>sint,</strong></span> <span class='ocrx_word' id='word_1_84' title='bbox 759 644 848 672; x_wconf 89' lang='lat' dir='ltr'><strong>neque</strong></span> <span class='ocrx_word' id='word_1_85' title='bbox 872 643 995 671; x_wconf 86' lang='lat' dir='ltr'><strong>unquam</strong></span> 
     </span>
    </p>
   </div>
   <div class='ocr_carea' id='block_1_15' title="bbox 197 683 995 719">
    <p class='ocr_par' dir='ltr' id='par_1_15' title="bbox 197 683 995 719">
     <span class='ocr_line' id='line_1_15' title="bbox 197 683 995 719; baseline -0.004 -6"><span class='ocrx_word' id='word_1_86' title='bbox 197 686 225 714; x_wconf 92' lang='lat' dir='ltr'><strong>in</strong></span> <span class='ocrx_word' id='word_1_87' title='bbox 241 686 402 714; x_wconf 83' lang='lat' dir='ltr'><strong>servitutem</strong></span> <span class='ocrx_word' id='word_1_88' title='bbox 427 686 615 713; x_wconf 71' lang='lat' dir='ltr'><strong>retrahuntur.</strong></span> <span class='ocrx_word' id='word_1_89' title='bbox 639 684 774 712; x_wconf 62' lang='lat' dir='ltr'><strong>Caeterum</strong></span> <span class='ocrx_word' id='word_1_90' title='bbox 789 684 811 711; x_wconf 90' lang='lat' dir='ltr'><strong>si</strong></span> <span class='ocrx_word' id='word_1_91' title='bbox 827 683 874 719; x_wconf 93' lang='lat' dir='ltr'><strong>qui</strong></span> <span class='ocrx_word' id='word_1_92' title='bbox 900 690 995 711; x_wconf 90' lang='lat' dir='ltr'><strong>eorum</strong></span> 
     </span>
    </p>
   </div>
   <div class='ocr_carea' id='block_1_16' title="bbox 194 729 995 768">
    <p class='ocr_par' dir='ltr' id='par_1_16' title="bbox 194 729 995 768">
     <span class='ocr_line' id='line_1_16' title="bbox 194 729 995 768; baseline -0.005 -8"><span class='ocrx_word' id='word_1_93' title='bbox 194 736 261 768; x_wconf 80' lang='lat' dir='ltr'><strong>post</strong></span> <span class='ocrx_word' id='word_1_94' title='bbox 276 737 438 767; x_wconf 67' lang='lat' dir='ltr'><strong>praesentem</strong></span> <span class='ocrx_word' id='word_1_95' title='bbox 464 736 586 759; x_wconf 86' lang='lat' dir='ltr'><strong>nostram</strong></span> <span class='ocrx_word' id='word_1_96' title='bbox 616 730 704 766; x_wconf 69' lang='lat' dir='ltr'><strong>legem</strong></span> <span class='ocrx_word' id='word_1_97' title='bbox 728 729 834 764; x_wconf 83' lang='lat' dir='ltr'><strong>aliquos</strong></span> <span class='ocrx_word' id='word_1_98' title='bbox 857 729 995 756; x_wconf 82' lang='lat' dir='ltr'><strong>destinere</strong></span> 
     </span>
    </p>
   </div>
   <div class='ocr_carea' id='block_1_17' title="bbox 199 775 995 814">
    <p class='ocr_par' dir='ltr' id='par_1_17' title="bbox 199 775 995 814">
     <span class='ocr_line' id='line_1_17' title="bbox 199 775 995 814; baseline -0.004 -8"><span class='ocrx_word' id='word_1_99' title='bbox 199 779 270 814; x_wconf 86' lang='lat' dir='ltr'><strong>apud</strong></span> <span class='ocrx_word' id='word_1_100' title='bbox 282 785 311 806; x_wconf 80' lang='lat' dir='ltr'><strong>se</strong></span> <span class='ocrx_word' id='word_1_101' title='bbox 321 783 458 806; x_wconf 86' lang='lat' dir='ltr'><strong>castratos</strong></span> <span class='ocrx_word' id='word_1_102' title='bbox 470 777 695 813; x_wconf 74' lang='lat' dir='ltr'><strong>praesumpserint</strong></span> <span class='ocrx_word' id='word_1_103' title='bbox 706 797 714 809; x_wconf 86' lang='lat'><strong>,</strong></span> <span class='ocrx_word' id='word_1_104' title='bbox 726 776 824 804; x_wconf 91' lang='lat' dir='ltr'><strong>damus</strong></span> <span class='ocrx_word' id='word_1_105' title='bbox 834 775 917 804; x_wconf 88' lang='lat' dir='ltr'><strong>etiam</strong></span> <span class='ocrx_word' id='word_1_106' title='bbox 928 775 995 810; x_wconf 85' lang='lat' dir='ltr'><strong>ipsis</strong></span> 
     </span>
    </p>
   </div>
   <div class='ocr_carea' id='block_1_18' title="bbox 197 823 996 858">
    <p class='ocr_par' dir='ltr' id='par_1_18' title="bbox 197 823 996 858">
     <span class='ocr_line' id='line_1_18' title="bbox 197 823 996 858; baseline -0.005 -5"><span class='ocrx_word' id='word_1_107' title='bbox 197 826 327 853; x_wconf 81' lang='lat' dir='ltr'><strong>castratis</strong></span> <span class='ocrx_word' id='word_1_108' title='bbox 342 825 495 857; x_wconf 76' lang='lat' dir='ltr'><strong>licentiam,</strong></span> <span class='ocrx_word' id='word_1_109' title='bbox 511 824 642 851; x_wconf 89' lang='lat' dir='ltr'><strong>nimirum</strong></span> <span class='ocrx_word' id='word_1_110' title='bbox 655 824 701 858; x_wconf 91' lang='lat' dir='ltr'><strong>qui</strong></span> <span class='ocrx_word' id='word_1_111' title='bbox 716 823 801 851; x_wconf 87' lang='lat' dir='ltr'><strong>semel</strong></span> <span class='ocrx_word' id='word_1_112' title='bbox 811 830 843 851; x_wconf 80' lang='lat' dir='ltr'><strong>ex</strong></span> <span class='ocrx_word' id='word_1_113' title='bbox 862 826 996 858; x_wconf 75' lang='lat' dir='ltr'><strong>praesente</strong></span> 
     </span>
    </p>
   </div>
   <div class='ocr_carea' id='block_1_19' title="bbox 199 869 996 907">
    <p class='ocr_par' dir='ltr' id='par_1_19' title="bbox 199 869 996 907">
     <span class='ocr_line' id='line_1_19' title="bbox 199 869 996 907; baseline -0.004 -8"><span class='ocrx_word' id='word_1_114' title='bbox 199 876 295 899; x_wconf 85' lang='lat' dir='ltr'><strong>nostra</strong></span> <span class='ocrx_word' id='word_1_115' title='bbox 307 872 366 907; x_wconf 81' lang='lat' dir='ltr'><strong>lege</strong></span> <span class='ocrx_word' id='word_1_116' title='bbox 384 871 536 899; x_wconf 76' lang='lat' dir='ltr'><strong>libertatem</strong></span> <span class='ocrx_word' id='word_1_117' title='bbox 552 870 768 906; x_wconf 83' lang='lat' dir='ltr'><strong>promeruerint.</strong></span> <span class='ocrx_word' id='word_1_118' title='bbox 783 874 813 897; x_wconf 90' lang='lat' dir='ltr'><strong>ut</strong></span> <span class='ocrx_word' id='word_1_119' title='bbox 825 869 870 898; x_wconf 87' lang='lat' dir='ltr'><strong>hic</strong></span> <span class='ocrx_word' id='word_1_120' title='bbox 885 869 996 905; x_wconf 89' lang='lat' dir='ltr'><strong>quidem</strong></span> 
     </span>
    </p>
   </div>
   <div class='ocr_carea' id='block_1_20' title="bbox 198 916 995 953">
    <p class='ocr_par' dir='ltr' id='par_1_20' title="bbox 198 916 995 953">
     <span class='ocr_line' id='line_1_20' title="bbox 198 916 995 953; baseline -0.004 -7"><span class='ocrx_word' id='word_1_121' title='bbox 198 917 371 953; x_wconf 84' lang='lat' dir='ltr'><strong>majestatem</strong></span> <span class='ocrx_word' id='word_1_122' title='bbox 400 917 617 953; x_wconf 81' lang='lat' dir='ltr'><strong>imperatoriam,</strong></span> <span class='ocrx_word' id='word_1_123' title='bbox 647 921 675 945; x_wconf 89' lang='lat' dir='ltr'><strong>et</strong></span> <span class='ocrx_word' id='word_1_124' title='bbox 705 916 912 944; x_wconf 81' lang='lat' dir='ltr'><strong>sanctissimum</strong></span> <span class='ocrx_word' id='word_1_125' title='bbox 943 924 995 951; x_wconf 88' lang='lat' dir='ltr'><strong>pro</strong></span> 
     </span>
    </p>
   </div>
   <div class='ocr_carea' id='block_1_21' title="bbox 199 962 995 999">
    <p class='ocr_par' dir='ltr' id='par_1_21' title="bbox 199 962 995 999">
     <span class='ocr_line' id='line_1_21' title="bbox 199 962 995 999; baseline -0.005 -7"><span class='ocrx_word' id='word_1_126' title='bbox 199 970 325 999; x_wconf 86' lang='lat' dir='ltr'><strong>tempore</strong></span> <span class='ocrx_word' id='word_1_127' title='bbox 340 963 527 998; x_wconf 80' lang='lat' dir='ltr'><strong>patriarcham</strong></span> <span class='ocrx_word' id='word_1_128' title='bbox 542 963 652 996; x_wconf 79' lang='lat' dir='ltr'><strong>adeant,</strong></span> <span class='ocrx_word' id='word_1_129' title='bbox 672 970 759 997; x_wconf 86' lang='lat' dir='ltr'><strong>neque</strong></span> <span class='ocrx_word' id='word_1_130' title='bbox 777 970 832 989; x_wconf 89' lang='lat' dir='ltr'><strong>non</strong></span> <span class='ocrx_word' id='word_1_131' title='bbox 845 962 916 997; x_wconf 89' lang='lat' dir='ltr'><strong>apud</strong></span> <span class='ocrx_word' id='word_1_132' title='bbox 937 962 995 997; x_wconf 77' lang='lat' dir='ltr'><strong>glo-</strong></span> 
     </span>
    </p>
   </div>
   <div class='ocr_carea' id='block_1_22' title="bbox 200 1009 996 1045">
    <p class='ocr_par' dir='ltr' id='par_1_22' title="bbox 200 1009 996 1045">
     <span class='ocr_line' id='line_1_22' title="bbox 200 1009 996 1045; baseline -0.004 -7"><span class='ocrx_word' id='word_1_133' title='bbox 200 1011 368 1039; x_wconf 83' lang='lat' dir='ltr'><strong>riosissimos</strong></span> <span class='ocrx_word' id='word_1_134' title='bbox 392 1009 501 1045; x_wconf 91' lang='lat' dir='ltr'><strong>imperii</strong></span> <span class='ocrx_word' id='word_1_135' title='bbox 525 1010 612 1037; x_wconf 80' lang='lat' dir='ltr'><strong>nostri</strong></span> <span class='ocrx_word' id='word_1_136' title='bbox 631 1016 759 1044; x_wconf 87' lang='lat' dir='ltr'><strong>proceres</strong></span> <span class='ocrx_word' id='word_1_137' title='bbox 786 1009 946 1036; x_wconf 84' lang='lat' dir='ltr'><strong>relationem</strong></span> <span class='ocrx_word' id='word_1_138' title='bbox 965 1015 996 1035; x_wconf 90' lang='lat' dir='ltr'><strong>ca</strong></span> 
     </span>
    </p>
   </div>
   <div class='ocr_carea' id='block_1_23' title="bbox 199 1053 999 1091">
    <p class='ocr_par' dir='ltr' id='par_1_23' title="bbox 199 1053 999 1091">
     <span class='ocr_line' id='line_1_23' title="bbox 199 1053 999 1091; baseline -0.005 -7"><span class='ocrx_word' id='word_1_139' title='bbox 199 1056 235 1084; x_wconf 89' lang='lat' dir='ltr'><strong>de</strong></span> <span class='ocrx_word' id='word_1_140' title='bbox 256 1065 285 1084; x_wconf 87' lang='lat' dir='ltr'><strong>re</strong></span> <span class='ocrx_word' id='word_1_141' title='bbox 298 1056 461 1084; x_wconf 80' lang='lat' dir='ltr'><strong>instituant:</strong></span> <span class='ocrx_word' id='word_1_142' title='bbox 479 1056 506 1083; x_wconf 90' lang='lat' dir='ltr'><strong>in</strong></span> <span class='ocrx_word' id='word_1_143' title='bbox 523 1055 673 1091; x_wconf 87' lang='lat' dir='ltr'><strong>provinciis</strong></span> <span class='ocrx_word' id='word_1_144' title='bbox 696 1062 774 1087; x_wconf 89' lang='lat' dir='ltr'><strong>vero,</strong></span> <span class='ocrx_word' id='word_1_145' title='bbox 794 1054 867 1089; x_wconf 84' lang='lat' dir='ltr'><strong>apud</strong></span> <span class='ocrx_word' id='word_1_146' title='bbox 889 1053 999 1089; x_wconf 80' lang='lat' dir='ltr'><strong>religio-</strong></span> 
     </span>
    </p>
   </div>
   <div class='ocr_carea' id='block_1_24' title="bbox 200 1100 996 1136">
    <p class='ocr_par' dir='ltr' id='par_1_24' title="bbox 200 1100 996 1136">
     <span class='ocr_line' id='line_1_24' title="bbox 200 1100 996 1136; baseline -0.004 -7"><span class='ocrx_word' id='word_1_147' title='bbox 200 1102 329 1130; x_wconf 88' lang='lat' dir='ltr'><strong>sissimos</strong></span> <span class='ocrx_word' id='word_1_148' title='bbox 352 1102 475 1128; x_wconf 85' lang='lat' dir='ltr'><strong>locorum</strong></span> <span class='ocrx_word' id='word_1_149' title='bbox 491 1101 648 1136; x_wconf 85' lang='lat' dir='ltr'><strong>episcopos,</strong></span> <span class='ocrx_word' id='word_1_150' title='bbox 674 1105 700 1128; x_wconf 89' lang='lat' dir='ltr'><strong>et</strong></span> <span class='ocrx_word' id='word_1_151' title='bbox 720 1100 819 1127; x_wconf 89' lang='lat' dir='ltr'><strong>borum</strong></span> <span class='ocrx_word' id='word_1_152' title='bbox 846 1100 996 1135; x_wconf 84' lang='lat' dir='ltr'><strong>praesides:</strong></span> 
     </span>
    </p>
   </div>
   <div class='ocr_carea' id='block_1_25' title="bbox 200 1146 997 1183">
    <p class='ocr_par' dir='ltr' id='par_1_25' title="bbox 200 1146 997 1183">
     <span class='ocr_line' id='line_1_25' title="bbox 200 1146 997 1183; baseline -0.003 -8"><span class='ocrx_word' id='word_1_153' title='bbox 200 1155 256 1183; x_wconf 82' lang='lat' dir='ltr'><strong>quo</strong></span> <span class='ocrx_word' id='word_1_154' title='bbox 273 1148 386 1175; x_wconf 79' lang='lat' dir='ltr'><strong>omnino</strong></span> <span class='ocrx_word' id='word_1_155' title='bbox 413 1147 583 1182; x_wconf 84' lang='lat' dir='ltr'><strong>providentia</strong></span> <span class='ocrx_word' id='word_1_156' title='bbox 602 1151 758 1174; x_wconf 89' lang='lat' dir='ltr'><strong>nostrorum</strong></span> <span class='ocrx_word' id='word_1_157' title='bbox 777 1146 997 1181; x_wconf 77' lang='lat' dir='ltr'><strong>magistratuum,</strong></span> 
     </span>
    </p>
   </div>
   <div class='ocr_carea' id='block_1_26' title="bbox 200 1192 997 1229">
    <p class='ocr_par' dir='ltr' id='par_1_26' title="bbox 200 1192 997 1229">
     <span class='ocr_line' id='line_1_26' title="bbox 200 1192 997 1229; baseline -0.004 -7"><span class='ocrx_word' id='word_1_158' title='bbox 200 1198 228 1222; x_wconf 94' lang='lat' dir='ltr'><strong>ct</strong></span> <span class='ocrx_word' id='word_1_159' title='bbox 241 1194 364 1229; x_wconf 88' lang='lat' dir='ltr'><strong>periculo</strong></span> <span class='ocrx_word' id='word_1_160' title='bbox 389 1193 636 1228; x_wconf 84' lang='lat' dir='ltr'><strong>obtemperantium</strong></span> <span class='ocrx_word' id='word_1_161' title='bbox 661 1193 729 1228; x_wconf 77' lang='lat' dir='ltr'><strong>ipsis</strong></span> <span class='ocrx_word' id='word_1_162' title='bbox 745 1193 902 1220; x_wconf 85' lang='lat' dir='ltr'><strong>cohortium</strong></span> <span class='ocrx_word' id='word_1_163' title='bbox 927 1192 997 1227; x_wconf 85' lang='lat' dir='ltr'><strong>(sive</strong></span> 
     </span>
    </p>
   </div>
   <div class='ocr_carea' id='block_1_27' title="bbox 200 1238 998 1275">
    <p class='ocr_par' dir='ltr' id='par_1_27' title="bbox 200 1238 998 1275">
     <span class='ocr_line' id='line_1_27' title="bbox 200 1238 998 1275; baseline -0.001 -8"><span class='ocrx_word' id='word_1_164' title='bbox 200 1239 450 1275; x_wconf 85' lang='lat' dir='ltr'><strong>Constantinopoli,</strong></span> <span class='ocrx_word' id='word_1_165' title='bbox 469 1239 527 1266; x_wconf 84' lang='lat' dir='ltr'><strong>sive</strong></span> <span class='ocrx_word' id='word_1_166' title='bbox 548 1238 727 1274; x_wconf 85' lang='lat' dir='ltr'><strong>alibicunque</strong></span> <span class='ocrx_word' id='word_1_167' title='bbox 745 1239 868 1266; x_wconf 86' lang='lat' dir='ltr'><strong>locorum</strong></span> <span class='ocrx_word' id='word_1_168' title='bbox 896 1243 998 1266; x_wconf 60' lang='lat' dir='ltr'><strong>nostra:</strong></span> 
     </span>
    </p>
   </div>
   <div class='ocr_carea' id='block_1_28' title="bbox 199 1284 997 1321">
    <p class='ocr_par' dir='ltr' id='par_1_28' title="bbox 199 1284 997 1321">
     <span class='ocr_line' id='line_1_28' title="bbox 199 1284 997 1321; baseline -0.001 -9"><span class='ocrx_word' id='word_1_169' title='bbox 199 1284 370 1321; x_wconf 66' lang='lat' dir='ltr'><strong>reipublicae)</strong></span> <span class='ocrx_word' id='word_1_170' title='bbox 397 1285 440 1313; x_wconf 89' lang='lat' dir='ltr'><strong>his</strong></span> <span class='ocrx_word' id='word_1_171' title='bbox 456 1285 608 1313; x_wconf 88' lang='lat' dir='ltr'><strong>secnndunt</strong></span> <span class='ocrx_word' id='word_1_172' title='bbox 630 1285 783 1312; x_wconf 82' lang='lat' dir='ltr'><strong>libertatem</strong></span> <span class='ocrx_word' id='word_1_173' title='bbox 809 1285 910 1312; x_wconf 84' lang='lat' dir='ltr'><strong>dentur</strong></span> <span class='ocrx_word' id='word_1_174' title='bbox 937 1284 997 1312; x_wconf 91' lang='lat' dir='ltr'><strong>vin-</strong></span> 
     </span>
    </p>
   </div>
   <div class='ocr_carea' id='block_1_29' title="bbox 201 1331 998 1367">
    <p class='ocr_par' dir='ltr' id='par_1_29' title="bbox 201 1331 998 1367">
     <span class='ocr_line' id='line_1_29' title="bbox 201 1331 998 1367; baseline 0 -9"><span class='ocrx_word' id='word_1_175' title='bbox 201 1332 291 1364; x_wconf 68' lang='lat' dir='ltr'><strong>diciaz,</strong></span> <span class='ocrx_word' id='word_1_176' title='bbox 307 1331 472 1367; x_wconf 83' lang='lat' dir='ltr'><strong>libertasque</strong></span> <span class='ocrx_word' id='word_1_177' title='bbox 485 1339 519 1359; x_wconf 82' lang='lat' dir='ltr'><strong>ex</strong></span> <span class='ocrx_word' id='word_1_178' title='bbox 530 1337 665 1367; x_wconf 65' lang='lat' dir='ltr'><strong>praesente</strong></span> <span class='ocrx_word' id='word_1_179' title='bbox 677 1336 772 1360; x_wconf 87' lang='lat' dir='ltr'><strong>nostra</strong></span> <span class='ocrx_word' id='word_1_180' title='bbox 784 1332 844 1367; x_wconf 79' lang='lat' dir='ltr'><strong>lege</strong></span> <span class='ocrx_word' id='word_1_181' title='bbox 858 1331 926 1367; x_wconf 70' lang='lat' dir='ltr'><strong>ipsis</strong></span> <span class='ocrx_word' id='word_1_182' title='bbox 940 1331 998 1358; x_wconf 79' lang='lat' dir='ltr'><strong>lar-</strong></span> 
     </span>
    </p>
   </div>
   <div class='ocr_carea' id='block_1_30' title="bbox 203 1377 998 1414">
    <p class='ocr_par' dir='ltr' id='par_1_30' title="bbox 203 1377 998 1414">
     <span class='ocr_line' id='line_1_30' title="bbox 203 1377 998 1414; baseline -0.001 -9"><span class='ocrx_word' id='word_1_183' title='bbox 203 1379 257 1414; x_wconf 78' lang='lat' dir='ltr'><strong>gita</strong></span> <span class='ocrx_word' id='word_1_184' title='bbox 286 1382 478 1406; x_wconf 84' lang='lat' dir='ltr'><strong>conservetur.</strong></span> <span class='ocrx_word' id='word_1_185' title='bbox 505 1377 574 1405; x_wconf 86' lang='lat' dir='ltr'><strong>Nam</strong></span> <span class='ocrx_word' id='word_1_186' title='bbox 603 1382 644 1405; x_wconf 84' lang='lat' dir='ltr'><strong>tot</strong></span> <span class='ocrx_word' id='word_1_187' title='bbox 672 1379 761 1406; x_wconf 59' lang='lat' dir='ltr'><strong>caedes</strong></span> <span class='ocrx_word' id='word_1_188' title='bbox 784 1377 998 1405; x_wconf 72' lang='lat' dir='ltr'><strong>conniventibus</strong></span> 
     </span>
    </p>
   </div>
   <div class='ocr_carea' id='block_1_31' title="bbox 201 1424 999 1463">
    <p class='ocr_par' dir='ltr' id='par_1_31' title="bbox 201 1424 999 1463">
     <span class='ocr_line' id='line_1_31' title="bbox 201 1424 999 1463; baseline -0.001 -11"><span class='ocrx_word' id='word_1_189' title='bbox 201 1425 289 1452; x_wconf 87' lang='lat' dir='ltr'><strong>oculis</strong></span> <span class='ocrx_word' id='word_1_190' title='bbox 306 1425 431 1460; x_wconf 85' lang='lat' dir='ltr'><strong>accipere</strong></span> <span class='ocrx_word' id='word_1_191' title='bbox 447 1432 494 1460; x_wconf 90' lang='lat' dir='ltr'><strong>per</strong></span> <span class='ocrx_word' id='word_1_192' title='bbox 508 1432 622 1453; x_wconf 81' lang='lat' dir='ltr'><strong>causam</strong></span> <span class='ocrx_word' id='word_1_193' title='bbox 638 1432 733 1452; x_wconf 90' lang='lat' dir='ltr'><strong>eorum</strong></span> <span class='ocrx_word' id='word_1_194' title='bbox 748 1425 795 1460; x_wconf 87' lang='lat' dir='ltr'><strong>qui</strong></span> <span class='ocrx_word' id='word_1_195' title='bbox 812 1424 877 1451; x_wconf 83' lang='lat' dir='ltr'><strong>talia</strong></span> <span class='ocrx_word' id='word_1_196' title='bbox 892 1431 999 1463; x_wconf 63' lang='lat' dir='ltr'><strong>prmsu-</strong></span> 
     </span>
    </p>
   </div>
   <div class='ocr_carea' id='block_1_32' title="bbox 201 1471 1000 1507">
    <p class='ocr_par' dir='ltr' id='par_1_32' title="bbox 201 1471 1000 1507">
     <span class='ocr_line' id='line_1_32' title="bbox 201 1471 1000 1507; baseline -0.001 -9"><span class='ocrx_word' id='word_1_197' title='bbox 201 1476 290 1504; x_wconf 83' lang='lat' dir='ltr'><strong>munt,</strong></span> <span class='ocrx_word' id='word_1_198' title='bbox 309 1472 337 1498; x_wconf 93' lang='lat' dir='ltr'><strong>in</strong></span> <span class='ocrx_word' id='word_1_199' title='bbox 365 1476 461 1499; x_wconf 73' lang='lat' dir='ltr'><strong>nostra</strong></span> <span class='ocrx_word' id='word_1_200' title='bbox 482 1472 634 1507; x_wconf 85' lang='lat' dir='ltr'><strong>republica,</strong></span> <span class='ocrx_word' id='word_1_201' title='bbox 657 1471 818 1507; x_wconf 81' lang='lat' dir='ltr'><strong>neutiquam</strong></span> <span class='ocrx_word' id='word_1_202' title='bbox 837 1471 1000 1500; x_wconf 86' lang='lat' dir='ltr'><strong>sustinueri-</strong></span> 
     </span>
    </p>
   </div>
   <div class='ocr_carea' id='block_1_33' title="bbox 202 1516 1033 1562">
    <p class='ocr_par' dir='ltr' id='par_1_33' title="bbox 202 1516 1033 1562">
     <span class='ocr_line' id='line_1_33' title="bbox 202 1516 1033 1562; baseline 0 -18"><span class='ocrx_word' id='word_1_203' title='bbox 202 1525 275 1545; x_wconf 86' lang='lat' dir='ltr'><strong>mus.</strong></span> <span class='ocrx_word' id='word_1_204' title='bbox 294 1516 323 1545; x_wconf 90' lang='lat' dir='ltr'><strong>Si</strong></span> <span class='ocrx_word' id='word_1_205' title='bbox 338 1518 413 1545; x_wconf 91' lang='lat' dir='ltr'><strong>enim</strong></span> <span class='ocrx_word' id='word_1_206' title='bbox 441 1517 566 1552; x_wconf 84' lang='lat' dir='ltr'><strong>Barbari,</strong></span> <span class='ocrx_word' id='word_1_207' title='bbox 588 1518 756 1553; x_wconf 83' lang='lat' dir='ltr'><strong>simulatque</strong></span> <span class='ocrx_word' id='word_1_208' title='bbox 770 1523 866 1545; x_wconf 88' lang='lat' dir='ltr'><strong>nostra</strong></span> <span class='ocrx_word' id='word_1_209' title='bbox 886 1517 921 1546; x_wconf 88' lang='lat' dir='ltr'><strong>de</strong></span> <span class='ocrx_word' id='word_1_210' title='bbox 944 1517 996 1545; x_wconf 87' lang='lat' dir='ltr'><strong>hoe</strong></span> <span class='ocrx_word' id='word_1_211' title='bbox 1011 1533 1033 1562; x_wconf 65' lang='grc' dir='ltr'>α</span> 
     </span>
    </p>
   </div>
   <div class='ocr_carea' id='block_1_34' title="bbox 202 1563 997 1599">
    <p class='ocr_par' dir='ltr' id='par_1_34' title="bbox 202 1563 997 1599">
     <span class='ocr_line' id='line_1_34' title="bbox 202 1563 997 1599; baseline 0.001 -9"><span class='ocrx_word' id='word_1_212' title='bbox 202 1563 350 1591; x_wconf 85' lang='lat' dir='ltr'><strong>audierunt</strong></span> <span class='ocrx_word' id='word_1_213' title='bbox 374 1564 513 1598; x_wconf 86' lang='lat' dir='ltr'><strong>mandata,</strong></span> <span class='ocrx_word' id='word_1_214' title='bbox 544 1565 602 1592; x_wconf 65' lang='lat' dir='ltr'><strong>hare</strong></span> <span class='ocrx_word' id='word_1_215' title='bbox 617 1565 829 1593; x_wconf 87' lang='lat' dir='ltr'><strong>custodierunt:</strong></span> <span class='ocrx_word' id='word_1_216' title='bbox 859 1564 997 1599; x_wconf 89' lang='lat' dir='ltr'><strong>quomodo</strong></span> 
     </span>
    </p>
   </div>
   <div class='ocr_carea' id='block_1_35' title="bbox 201 1608 996 1645">
    <p class='ocr_par' dir='ltr' id='par_1_35' title="bbox 201 1608 996 1645">
     <span class='ocr_line' id='line_1_35' title="bbox 201 1608 996 1645; baseline 0.003 -11"><span class='ocrx_word' id='word_1_217' title='bbox 201 1608 311 1635; x_wconf 83' lang='lat' dir='ltr'><strong>tandem</strong></span> <span class='ocrx_word' id='word_1_218' title='bbox 336 1609 537 1643; x_wconf 84' lang='lat' dir='ltr'><strong>permittemus,</strong></span> <span class='ocrx_word' id='word_1_219' title='bbox 561 1614 590 1637; x_wconf 91' lang='lat' dir='ltr'><strong>nt</strong></span> <span class='ocrx_word' id='word_1_220' title='bbox 612 1615 675 1645; x_wconf 78' lang='lat' dir='ltr'><strong>post</strong></span> <span class='ocrx_word' id='word_1_221' title='bbox 691 1614 731 1636; x_wconf 92' lang='lat' dir='ltr'><strong>tot</strong></span> <span class='ocrx_word' id='word_1_222' title='bbox 754 1613 828 1637; x_wconf 88' lang='lat' dir='ltr'><strong>retro</strong></span> <span class='ocrx_word' id='word_1_223' title='bbox 843 1609 996 1644; x_wconf 86' lang='lat' dir='ltr'><strong>principum</strong></span> 
     </span>
    </p>
   </div>
   <div class='ocr_carea' id='block_1_36' title="bbox 201 1654 997 1690">
    <p class='ocr_par' dir='ltr' id='par_1_36' title="bbox 201 1654 997 1690">
     <span class='ocr_line' id='line_1_36' title="bbox 201 1654 997 1690; baseline 0.005 -10"><span class='ocrx_word' id='word_1_224' title='bbox 201 1655 360 1682; x_wconf 72' lang='lat' dir='ltr'><strong>sanctiones</strong></span> <span class='ocrx_word' id='word_1_225' title='bbox 379 1654 432 1681; x_wconf 82' lang='lat' dir='ltr'><strong>tale</strong></span> <span class='ocrx_word' id='word_1_226' title='bbox 448 1656 512 1689; x_wconf 84' lang='lat' dir='ltr'><strong>quid</strong></span> <span class='ocrx_word' id='word_1_227' title='bbox 531 1655 623 1682; x_wconf 90' lang='lat' dir='ltr'><strong>denuo</strong></span> <span class='ocrx_word' id='word_1_228' title='bbox 641 1655 828 1690; x_wconf 86' lang='lat' dir='ltr'><strong>delinquatnr,</strong></span> <span class='ocrx_word' id='word_1_229' title='bbox 842 1659 890 1683; x_wconf 85' lang='lat' dir='ltr'><strong>aut</strong></span> <span class='ocrx_word' id='word_1_230' title='bbox 913 1655 997 1684; x_wconf 87' lang='lat' dir='ltr'><strong>etiam</strong></span> 
     </span>
    </p>
   </div>
   <div class='ocr_carea' id='block_1_37' title="bbox 202 1699 845 1736">
    <p class='ocr_par' dir='ltr' id='par_1_37' title="bbox 202 1699 845 1736">
     <span class='ocr_line' id='line_1_37' title="bbox 202 1699 845 1736; baseline 0.003 -10"><span class='ocrx_word' id='word_1_231' title='bbox 202 1699 321 1727; x_wconf 91' lang='lat' dir='ltr'><strong>inultum</strong></span> <span class='ocrx_word' id='word_1_232' title='bbox 340 1700 512 1735; x_wconf 84' lang='lat' dir='ltr'><strong>relinquatur</strong></span> <span class='ocrx_word' id='word_1_233' title='bbox 525 1701 552 1728; x_wconf 92' lang='lat' dir='ltr'><strong>in</strong></span> <span class='ocrx_word' id='word_1_234' title='bbox 569 1705 664 1728; x_wconf 86' lang='lat' dir='ltr'><strong>nostra</strong></span> <span class='ocrx_word' id='word_1_235' title='bbox 680 1701 845 1736; x_wconf 80' lang='lat' dir='ltr'><strong>republica?</strong></span> 
     </span>
    </p>
   </div>
   <div class='ocr_carea' id='block_1_38' title="bbox 235 1767 998 1803">
    <p class='ocr_par' dir='ltr' id='par_1_38' title="bbox 235 1767 998 1803">
     <span class='ocr_line' id='line_1_38' title="bbox 235 1767 998 1803; baseline 0.004 -8"><span class='ocrx_word' id='word_1_236' title='bbox 235 1767 312 1795; x_wconf 80' lang='lat' dir='ltr'><strong>CAP.</strong></span> <span class='ocrx_word' id='word_1_237' title='bbox 330 1767 390 1796; x_wconf 78' lang='lat' dir='ltr'><strong>XV.</strong></span> <span class='ocrx_word' id='word_1_238' title='bbox 416 1782 452 1788; x_wconf 91' lang='lat'><strong><em>—</em></strong></span> <span class='ocrx_word' id='word_1_239' title='bbox 470 1767 505 1795; x_wconf 87' lang='lat' dir='ltr'><strong>Ut</strong></span> <span class='ocrx_word' id='word_1_240' title='bbox 523 1768 569 1803; x_wconf 85' lang='lat' dir='ltr'><strong>qui</strong></span> <span class='ocrx_word' id='word_1_241' title='bbox 597 1768 744 1795; x_wconf 67' lang='lat' dir='ltr'><strong>daemonem</strong></span> <span class='ocrx_word' id='word_1_242' title='bbox 771 1768 862 1802; x_wconf 80' lang='lat' dir='ltr'><strong>habet,</strong></span> <span class='ocrx_word' id='word_1_243' title='bbox 887 1769 998 1798; x_wconf 79' lang='lat' dir='ltr'><strong>clericus</strong></span> 
     </span>
    </p>
   </div>
   <div class='ocr_carea' id='block_1_39' title="bbox 200 1813 326 1847">
    <p class='ocr_par' dir='ltr' id='par_1_39' title="bbox 200 1813 326 1847">
     <span class='ocr_line' id='line_1_39' title="bbox 200 1813 326 1847; baseline -0.008 -7"><span class='ocrx_word' id='word_1_244' title='bbox 200 1821 253 1840; x_wconf 84' lang='lat' dir='ltr'><strong>non</strong></span> <span class='ocrx_word' id='word_1_245' title='bbox 266 1813 326 1847; x_wconf 85' lang='lat' dir='ltr'><strong>ﬁat.</strong></span> 
     </span>
    </p>
   </div>
   <div class='ocr_carea' id='block_1_40' title="bbox 236 1858 597 1893">
    <p class='ocr_par' dir='ltr' id='par_1_40' title="bbox 236 1858 597 1893">
     <span class='ocr_line' id='line_1_40' title="bbox 236 1858 597 1893; baseline 0.006 -8"><span class='ocrx_word' id='word_1_246' title='bbox 236 1858 433 1893; x_wconf 81' lang='lat' dir='ltr'><strong>Apostolorum</strong></span> <span class='ocrx_word' id='word_1_247' title='bbox 445 1866 534 1887; x_wconf 81' lang='lat' dir='ltr'><strong>canon</strong></span> <span class='ocrx_word' id='word_1_248' title='bbox 552 1860 597 1887; x_wconf 85' lang='lat'><strong>78.</strong></span> 
     </span>
    </p>
   </div>
   <div class='ocr_carea' id='block_1_41' title="bbox 237 1923 1000 1965">
    <p class='ocr_par' dir='ltr' id='par_1_41' title="bbox 237 1923 1000 1965">
     <span class='ocr_line' id='line_1_41' title="bbox 237 1923 1000 1965; baseline 0.007 -14"><span class='ocrx_word' id='word_1_249' title='bbox 237 1923 315 1952; x_wconf 87' lang='lat' dir='ltr'><strong>CAP.</strong></span> <span class='ocrx_word' id='word_1_250' title='bbox 332 1924 402 1952; x_wconf 79' lang='lat' dir='ltr'><strong>XVI.</strong></span> <span class='ocrx_word' id='word_1_251' title='bbox 416 1940 452 1945; x_wconf 95' lang='lat'>—</span> <span class='ocrx_word' id='word_1_252' title='bbox 476 1925 514 1952; x_wconf 85' lang='lat' dir='ltr'><strong>De</strong></span> <span class='ocrx_word' id='word_1_253' title='bbox 529 1934 558 1953; x_wconf 88' lang='lat' dir='ltr'><strong>eo</strong></span> <span class='ocrx_word' id='word_1_254' title='bbox 583 1927 685 1962; x_wconf 79' lang='lat' dir='ltr'><strong>quisue</strong></span> <span class='ocrx_word' id='word_1_255' title='bbox 704 1930 825 1965; x_wconf 71' lang='lat' dir='ltr'><strong>episcopo</strong></span> <span class='ocrx_word' id='word_1_256' title='bbox 841 1938 894 1958; x_wconf 85' lang='lat' dir='ltr'><strong>non</strong></span> <span class='ocrx_word' id='word_1_257' title='bbox 911 1929 1000 1958; x_wconf 83' lang='lat' dir='ltr'><strong>obedit</strong></span> 
     </span>
    </p>
   </div>
   <div class='ocr_carea' id='block_1_42' title="bbox 201 1970 868 2010">
    <p class='ocr_par' dir='ltr' id='par_1_42' title="bbox 201 1970 868 2010">
     <span class='ocr_line' id='line_1_42' title="bbox 201 1970 868 2010; baseline 0.009 -13"><span class='ocrx_word' id='word_1_258' title='bbox 201 1970 299 1998; x_wconf 78' lang='lat' dir='ltr'><strong>volenti</strong></span> <span class='ocrx_word' id='word_1_259' title='bbox 318 1971 405 2006; x_wconf 69' lang='lat' dir='ltr'><strong>ipxum</strong></span> <span class='ocrx_word' id='word_1_260' title='bbox 422 1971 548 1999; x_wconf 79' lang='lat' dir='ltr'><strong>ordinare</strong></span> <span class='ocrx_word' id='word_1_261' title='bbox 561 1973 589 2000; x_wconf 82' lang='lat' dir='ltr'><strong>in</strong></span> <span class='ocrx_word' id='word_1_262' title='bbox 605 1973 728 2002; x_wconf 81' lang='lat' dir='ltr'><strong>altiorem</strong></span> <span class='ocrx_word' id='word_1_263' title='bbox 742 1977 868 2010; x_wconf 81' lang='lat' dir='ltr'><strong>gradum.</strong></span> 
     </span>
    </p>
   </div>
   <div class='ocr_carea' id='block_1_43' title="bbox 237 2055 998 2093">
    <p class='ocr_par' dir='ltr' id='par_1_43' title="bbox 237 2055 998 2093">
     <span class='ocr_line' id='line_1_43' title="bbox 237 2055 998 2093; baseline 0.012 -11"><span class='ocrx_word' id='word_1_264' title='bbox 237 2055 351 2083; x_wconf 87' lang='lat' dir='ltr'><strong>Concilii</strong></span> <span class='ocrx_word' id='word_1_265' title='bbox 362 2056 586 2092; x_wconf 79' lang='lat' dir='ltr'><strong>Carthaginensis</strong></span> <span class='ocrx_word' id='word_1_266' title='bbox 595 2066 683 2087; x_wconf 87' lang='lat' dir='ltr'><strong>canon</strong></span> <span class='ocrx_word' id='word_1_267' title='bbox 691 2060 737 2093; x_wconf 74' lang='grc'><strong>54,</strong></span> <span class='ocrx_word' id='word_1_268' title='bbox 749 2059 843 2089; x_wconf 86' lang='lat' dir='ltr'><strong>Basilii</strong></span> <span class='ocrx_word' id='word_1_269' title='bbox 853 2069 941 2090; x_wconf 81' lang='lat' dir='ltr'><strong>canon</strong></span> <span class='ocrx_word' id='word_1_270' title='bbox 954 2063 998 2090; x_wconf 88' lang='lat' dir='ltr'><strong>lO.</strong></span> 
     </span>
    </p>
   </div>
   <div class='ocr_carea' id='block_1_44' title="bbox 237 2149 1000 2190">
    <p class='ocr_par' dir='ltr' id='par_1_44' title="bbox 237 2149 1000 2190">
     <span class='ocr_line' id='line_1_44' title="bbox 237 2149 1000 2190; baseline 0.01 -14"><span class='ocrx_word' id='word_1_271' title='bbox 237 2149 315 2177; x_wconf 72' lang='lat' dir='ltr'><strong>CAP.</strong></span> <span class='ocrx_word' id='word_1_272' title='bbox 333 2149 417 2178; x_wconf 75' lang='grc' dir='ltr'>λνιι.</span> <span class='ocrx_word' id='word_1_273' title='bbox 436 2166 471 2171; x_wconf 86' lang='lat'><strong>—-</strong></span> <span class='ocrx_word' id='word_1_274' title='bbox 488 2151 525 2179; x_wconf 86' lang='lat' dir='ltr'><strong>De</strong></span> <span class='ocrx_word' id='word_1_275' title='bbox 545 2153 680 2188; x_wconf 80' lang='lat' dir='ltr'><strong>episcopo,</strong></span> <span class='ocrx_word' id='word_1_276' title='bbox 693 2158 740 2181; x_wconf 88' lang='lat' dir='ltr'><strong>aut</strong></span> <span class='ocrx_word' id='word_1_277' title='bbox 755 2155 851 2182; x_wconf 83' lang='lat' dir='ltr'><strong>clerico</strong></span> <span class='ocrx_word' id='word_1_278' title='bbox 864 2156 1000 2190; x_wconf 84' lang='lat' dir='ltr'><strong>ordinato,</strong></span> 
     </span>
    </p>
   </div>
   <div class='ocr_carea' id='block_1_45' title="bbox 1045 264 1838 302">
    <p class='ocr_par' dir='ltr' id='par_1_45' title="bbox 1045 264 1838 302">
     <span class='ocr_line' id='line_1_45' title="bbox 1045 264 1838 302; baseline -0.003 -8"><span class='ocrx_word' id='word_1_279' title='bbox 1045 275 1111 302; x_wconf 88' lang='grc' dir='ltr'>ομεν</span> <span class='ocrx_word' id='word_1_280' title='bbox 1128 265 1278 302; x_wconf 69' lang='grc' dir='ltr'>εἰρημένας</span> <span class='ocrx_word' id='word_1_281' title='bbox 1287 264 1561 300; x_wconf 62' lang='grc' dir='ltr'>ὑποστῆναιξποινὰς.ῗ</span> <span class='ocrx_word' id='word_1_282' title='bbox 1575 264 1606 291; x_wconf 84' lang='lat' dir='ltr'><strong>Ei</strong></span> <span class='ocrx_word' id='word_1_283' title='bbox 1623 264 1716 299; x_wconf 86' lang='grc' dir='ltr'>μέντοι</span> <span class='ocrx_word' id='word_1_284' title='bbox 1732 264 1776 292; x_wconf 73' lang='grc' dir='ltr'><strong>διὰ</strong></span> <span class='ocrx_word' id='word_1_285' title='bbox 1789 265 1838 292; x_wconf 80' lang='grc' dir='ltr'><strong>πά-</strong></span> 
     </span>
    </p>
   </div>
   <div class='ocr_carea' id='block_1_46' title="bbox 1046 311 1838 349">
    <p class='ocr_par' dir='ltr' id='par_1_46' title="bbox 1046 311 1838 349">
     <span class='ocr_line' id='line_1_46' title="bbox 1046 311 1838 349; baseline -0.003 -8"><span class='ocrx_word' id='word_1_286' title='bbox 1046 314 1093 346; x_wconf 83' lang='grc' dir='ltr'>θος</span> <span class='ocrx_word' id='word_1_287' title='bbox 1111 314 1204 349; x_wconf 82' lang='grc' dir='ltr'>συμὸῇ</span> <span class='ocrx_word' id='word_1_288' title='bbox 1218 313 1312 340; x_wconf 83' lang='grc' dir='ltr'>δοῦλον</span> <span class='ocrx_word' id='word_1_289' title='bbox 1338 311 1546 348; x_wconf 81' lang='grc' dir='ltr'>εὐνουχισθῆναι</span> <span class='ocrx_word' id='word_1_290' title='bbox 1557 333 1564 343; x_wconf 84' lang='grc'><strong>.</strong></span> <span class='ocrx_word' id='word_1_291' title='bbox 1581 312 1709 339; x_wconf 85' lang='grc' dir='ltr'>κάκεῖνον</span> <span class='ocrx_word' id='word_1_292' title='bbox 1733 312 1838 339; x_wconf 80' lang='grc' dir='ltr'>κελεύο-</span> 
     </span>
    </p>
   </div>
   <div class='ocr_carea' id='block_1_47' title="bbox 1047 358 1839 396">
    <p class='ocr_par' dir='ltr' id='par_1_47' title="bbox 1047 358 1839 396">
     <span class='ocr_line' id='line_1_47' title="bbox 1047 358 1839 396; baseline -0.004 -8"><span class='ocrx_word' id='word_1_293' title='bbox 1047 370 1097 396; x_wconf 87' lang='grc' dir='ltr'><strong>μεν</strong></span> <span class='ocrx_word' id='word_1_294' title='bbox 1108 362 1159 396; x_wconf 86' lang='grc' dir='ltr'>τῆς</span> <span class='ocrx_word' id='word_1_295' title='bbox 1175 359 1335 395; x_wconf 77' lang='grc' dir='ltr'><strong>ἐλευθερίας</strong></span> <span class='ocrx_word' id='word_1_296' title='bbox 1345 358 1500 394; x_wconf 74' lang='grc' dir='ltr'><strong>τυγχάνειν.</strong></span> <span class='ocrx_word' id='word_1_297' title='bbox 1515 359 1547 385; x_wconf 83' lang='grc' dir='ltr'><strong>Οί</strong></span> <span class='ocrx_word' id='word_1_298' title='bbox 1560 358 1614 393; x_wconf 83' lang='grc' dir='ltr'><strong>γὰρ</strong></span> <span class='ocrx_word' id='word_1_299' title='bbox 1627 358 1757 394; x_wconf 63' lang='grc' dir='ltr'><strong>ὲξξὰρχῆς</strong></span> <span class='ocrx_word' id='word_1_300' title='bbox 1770 359 1839 392; x_wconf 75' lang='grc' dir='ltr'>ὄντες</span> 
     </span>
    </p>
   </div>
   <div class='ocr_carea' id='block_1_48' title="bbox 1045 405 1840 443">
    <p class='ocr_par' dir='ltr' id='par_1_48' title="bbox 1045 405 1840 443">
     <span class='ocr_line' id='line_1_48' title="bbox 1045 405 1840 443; baseline -0.001 -9"><span class='ocrx_word' id='word_1_301' title='bbox 1045 407 1182 443; x_wconf 75' lang='grc' dir='ltr'>ἐλεύθεροι</span> <span class='ocrx_word' id='word_1_302' title='bbox 1196 407 1278 434; x_wconf 82' lang='grc' dir='ltr'>πάθει</span> <span class='ocrx_word' id='word_1_303' title='bbox 1289 406 1327 437; x_wconf 85' lang='grc' dir='ltr'>ὡς</span> <span class='ocrx_word' id='word_1_304' title='bbox 1340 405 1414 438; x_wconf 73' lang='grc' dir='ltr'>εἰκὸς</span> <span class='ocrx_word' id='word_1_305' title='bbox 1428 405 1542 441; x_wconf 83' lang='grc' dir='ltr'><strong>τοιούτῳ</strong></span> <span class='ocrx_word' id='word_1_306' title='bbox 1557 406 1769 440; x_wconf 72' lang='grc' dir='ltr'><strong>περιπίπτοντες</strong></span> <span class='ocrx_word' id='word_1_307' title='bbox 1781 407 1840 433; x_wconf 75' lang='grc' dir='ltr'>ἐαυ-</span> 
     </span>
    </p>
   </div>
   <div class='ocr_carea' id='block_1_49' title="bbox 1045 450 1839 488">
    <p class='ocr_par' dir='ltr' id='par_1_49' title="bbox 1045 450 1839 488">
     <span class='ocr_line' id='line_1_49' title="bbox 1045 450 1839 488; baseline -0.001 -9"><span class='ocrx_word' id='word_1_308' title='bbox 1045 453 1098 479; x_wconf 85' lang='grc' dir='ltr'><strong>τῶν</strong></span> <span class='ocrx_word' id='word_1_309' title='bbox 1111 452 1219 488; x_wconf 82' lang='grc' dir='ltr'>ἔχουσιν</span> <span class='ocrx_word' id='word_1_310' title='bbox 1235 451 1359 485; x_wconf 76' lang='grc' dir='ltr'><strong>ἐξουσίαν</strong></span> <span class='ocrx_word' id='word_1_311' title='bbox 1373 451 1407 486; x_wconf 82' lang='grc' dir='ltr'>ἡν</span> <span class='ocrx_word' id='word_1_312' title='bbox 1423 450 1457 477; x_wconf 82' lang='grc' dir='ltr'>ἂν</span> <span class='ocrx_word' id='word_1_313' title='bbox 1475 450 1573 477; x_wconf 79' lang='grc' dir='ltr'><strong>θέλωσι</strong></span> <span class='ocrx_word' id='word_1_314' title='bbox 1602 450 1752 486; x_wconf 73' lang='grc' dir='ltr'><strong>θεραπείαν</strong></span> <span class='ocrx_word' id='word_1_315' title='bbox 1779 452 1839 478; x_wconf 73' lang='grc' dir='ltr'>ἑαυ-</span> 
     </span>
    </p>
   </div>
   <div class='ocr_carea' id='block_1_50' title="bbox 1045 497 1839 534">
    <p class='ocr_par' dir='ltr' id='par_1_50' title="bbox 1045 497 1839 534">
     <span class='ocr_line' id='line_1_50' title="bbox 1045 497 1839 534; baseline -0.004 -8"><span class='ocrx_word' id='word_1_316' title='bbox 1045 500 1102 531; x_wconf 83' lang='grc' dir='ltr'>τοτς</span> <span class='ocrx_word' id='word_1_317' title='bbox 1129 499 1297 534; x_wconf 81' lang='grc' dir='ltr'>προσάγειν.</span> <span class='ocrx_word' id='word_1_318' title='bbox 1316 497 1387 529; x_wconf 80' lang='grc' dir='ltr'>Τοὺς</span> <span class='ocrx_word' id='word_1_319' title='bbox 1420 497 1646 532; x_wconf 78' lang='grc' dir='ltr'>εύνουχισθέντας</span> <span class='ocrx_word' id='word_1_320' title='bbox 1671 497 1762 524; x_wconf 80' lang='grc' dir='ltr'><strong>τοίνυν</strong></span> <span class='ocrx_word' id='word_1_321' title='bbox 1788 497 1839 524; x_wconf 74' lang='grc' dir='ltr'>ἀπὺ</span> 
     </span>
    </p>
   </div>
   <div class='ocr_carea' id='block_1_51' title="bbox 1046 541 1839 579">
    <p class='ocr_par' dir='ltr' id='par_1_51' title="bbox 1046 541 1839 579">
     <span class='ocr_line' id='line_1_51' title="bbox 1046 541 1839 579; baseline -0.003 -8"><span class='ocrx_word' id='word_1_322' title='bbox 1046 544 1094 571; x_wconf 83' lang='grc' dir='ltr'><strong>τοῦ</strong></span> <span class='ocrx_word' id='word_1_323' title='bbox 1110 543 1345 579; x_wconf 78' lang='grc' dir='ltr'>μνημονευθέντος</span> <span class='ocrx_word' id='word_1_324' title='bbox 1356 541 1453 577; x_wconf 78' lang='grc' dir='ltr'>χρόνου</span> <span class='ocrx_word' id='word_1_325' title='bbox 1469 543 1499 569; x_wconf 77' lang='grc' dir='ltr'>ὲν</span> <span class='ocrx_word' id='word_1_326' title='bbox 1516 544 1548 578; x_wconf 88' lang='grc' dir='ltr'>τῇ</span> <span class='ocrx_word' id='word_1_327' title='bbox 1565 542 1690 578; x_wconf 65' lang='grc' dir='ltr'>ἡμετέρᾳ.</span> <span class='ocrx_word' id='word_1_328' title='bbox 1719 542 1839 578; x_wconf 72' lang='grc' dir='ltr'><strong>πολιτείᾳ</strong></span> 
     </span>
    </p>
   </div>
   <div class='ocr_carea' id='block_1_52' title="bbox 1048 588 1840 626">
    <p class='ocr_par' dir='ltr' id='par_1_52' title="bbox 1048 588 1840 626">
     <span class='ocr_line' id='line_1_52' title="bbox 1048 588 1840 626; baseline -0.003 -9"><span class='ocrx_word' id='word_1_329' title='bbox 1048 590 1114 626; x_wconf 85' lang='grc' dir='ltr'>παρ’</span> <span class='ocrx_word' id='word_1_330' title='bbox 1127 590 1278 625; x_wconf 82' lang='grc' dir='ltr'>οῑῳδήποτε</span> <span class='ocrx_word' id='word_1_331' title='bbox 1291 588 1431 625; x_wconf 78' lang='grc' dir='ltr'>προσώπῳ</span> <span class='ocrx_word' id='word_1_332' title='bbox 1448 588 1528 621; x_wconf 80' lang='grc' dir='ltr'>δντας</span> <span class='ocrx_word' id='word_1_333' title='bbox 1543 588 1694 624; x_wconf 80' lang='grc' dir='ltr'>κελεύομεν</span> <span class='ocrx_word' id='word_1_334' title='bbox 1707 588 1840 625; x_wconf 82' lang='grc' dir='ltr'><strong>ἀναζητη-</strong></span> 
     </span>
    </p>
   </div>
   <div class='ocr_carea' id='block_1_53' title="bbox 1046 632 1842 673">
    <p class='ocr_par' dir='ltr' id='par_1_53' title="bbox 1046 632 1842 673">
     <span class='ocr_line' id='line_1_53' title="bbox 1046 632 1842 673; baseline -0.003 -10"><span class='ocrx_word' id='word_1_335' title='bbox 1046 636 1137 673; x_wconf 82' lang='grc' dir='ltr'>θῆναι,</span> <span class='ocrx_word' id='word_1_336' title='bbox 1144 637 1192 664; x_wconf 73' lang='grc' dir='ltr'><strong>καὶ</strong></span> <span class='ocrx_word' id='word_1_337' title='bbox 1204 635 1367 671; x_wconf 72' lang='grc' dir='ltr'>ἐλευθέρους</span> <span class='ocrx_word' id='word_1_338' title='bbox 1380 632 1450 662; x_wconf 80' lang='grc' dir='ltr'>εἶναι</span> <span class='ocrx_word' id='word_1_339' title='bbox 1462 635 1509 662; x_wconf 75' lang='grc' dir='ltr'>καὶ</span> <span class='ocrx_word' id='word_1_340' title='bbox 1525 635 1662 671; x_wconf 84' lang='grc' dir='ltr'>μηδέποτε</span> <span class='ocrx_word' id='word_1_341' title='bbox 1673 635 1713 667; x_wconf 77' lang='grc' dir='ltr'>εἰς</span> <span class='ocrx_word' id='word_1_342' title='bbox 1724 635 1842 662; x_wconf 76' lang='grc' dir='ltr'><strong>δουλείαν</strong></span> 
     </span>
    </p>
   </div>
   <div class='ocr_carea' id='block_1_54' title="bbox 1046 680 1842 718">
    <p class='ocr_par' dir='ltr' id='par_1_54' title="bbox 1046 680 1842 718">
     <span class='ocr_line' id='line_1_54' title="bbox 1046 680 1842 718; baseline -0.004 -8"><span class='ocrx_word' id='word_1_343' title='bbox 1046 683 1159 715; x_wconf 85' lang='grc' dir='ltr'>τούτους</span> <span class='ocrx_word' id='word_1_344' title='bbox 1180 682 1371 710; x_wconf 82' lang='grc' dir='ltr'>καθέλκεσθαι.</span> <span class='ocrx_word' id='word_1_345' title='bbox 1391 682 1423 708; x_wconf 83' lang='grc' dir='ltr'>Εἰ</span> <span class='ocrx_word' id='word_1_346' title='bbox 1440 681 1532 717; x_wconf 86' lang='grc' dir='ltr'>μέντοι</span> <span class='ocrx_word' id='word_1_347' title='bbox 1546 681 1715 718; x_wconf 72' lang='grc' dir='ltr'><strong>θαρρήσουσι</strong></span> <span class='ocrx_word' id='word_1_348' title='bbox 1728 689 1799 713; x_wconf 88' lang='grc' dir='ltr'>τινες</span> <span class='ocrx_word' id='word_1_349' title='bbox 1815 680 1842 714; x_wconf 61' lang='lat' dir='ltr'><strong>EE</strong></span> 
     </span>
    </p>
   </div>
   <div class='ocr_carea' id='block_1_55' title="bbox 1046 728 1843 765">
    <p class='ocr_par' dir='ltr' id='par_1_55' title="bbox 1046 728 1843 765">
     <span class='ocr_line' id='line_1_55' title="bbox 1046 728 1843 765; baseline -0.004 -8"><span class='ocrx_word' id='word_1_350' title='bbox 1046 730 1138 758; x_wconf 77' lang='grc' dir='ltr'>αὐτῶν</span> <span class='ocrx_word' id='word_1_351' title='bbox 1162 729 1217 757; x_wconf 86' lang='grc' dir='ltr'><strong>τῶν</strong></span> <span class='ocrx_word' id='word_1_352' title='bbox 1230 729 1471 765; x_wconf 86' lang='grc' dir='ltr'>εὑνουχισθέντων,</span> <span class='ocrx_word' id='word_1_353' title='bbox 1489 729 1565 761; x_wconf 82' lang='grc' dir='ltr'>τινὰς</span> <span class='ocrx_word' id='word_1_354' title='bbox 1581 729 1651 764; x_wconf 86' lang='grc' dir='ltr'>μετά</span> <span class='ocrx_word' id='word_1_355' title='bbox 1660 728 1706 755; x_wconf 77' lang='grc' dir='ltr'><strong>τὸν</strong></span> <span class='ocrx_word' id='word_1_356' title='bbox 1723 728 1843 764; x_wconf 85' lang='grc' dir='ltr'>παρόντα</span> 
     </span>
    </p>
   </div>
   <div class='ocr_carea' id='block_1_56' title="bbox 1046 775 1844 813">
    <p class='ocr_par' dir='ltr' id='par_1_56' title="bbox 1046 775 1844 813">
     <span class='ocr_line' id='line_1_56' title="bbox 1046 775 1844 813; baseline -0.003 -10"><span class='ocrx_word' id='word_1_357' title='bbox 1046 777 1125 813; x_wconf 82' lang='grc' dir='ltr'>ἡμῶν</span> <span class='ocrx_word' id='word_1_358' title='bbox 1136 777 1261 812; x_wconf 74' lang='grc' dir='ltr'>ἐπισχεῖν</span> <span class='ocrx_word' id='word_1_359' title='bbox 1274 776 1367 811; x_wconf 80' lang='grc' dir='ltr'>νόμον,</span> <span class='ocrx_word' id='word_1_360' title='bbox 1380 776 1508 811; x_wconf 75' lang='grc' dir='ltr'>διδόαμεν</span> <span class='ocrx_word' id='word_1_361' title='bbox 1522 775 1615 803; x_wconf 77' lang='grc' dir='ltr'>ἄδειαν</span> <span class='ocrx_word' id='word_1_362' title='bbox 1628 776 1743 807; x_wconf 76' lang='grc' dir='ltr'>καὶτοῖς</span> <span class='ocrx_word' id='word_1_363' title='bbox 1757 775 1844 802; x_wconf 79' lang='grc' dir='ltr'>εὐνου-</span> 
     </span>
    </p>
   </div>
   <div class='ocr_carea' id='block_1_57' title="bbox 1047 821 1842 860">
    <p class='ocr_par' dir='ltr' id='par_1_57' title="bbox 1047 821 1842 860">
     <span class='ocr_line' id='line_1_57' title="bbox 1047 821 1842 860; baseline -0.003 -10"><span class='ocrx_word' id='word_1_364' title='bbox 1047 823 1165 860; x_wconf 85' lang='grc' dir='ltr'>χισθεῖσι</span> <span class='ocrx_word' id='word_1_365' title='bbox 1187 823 1280 855; x_wconf 83' lang='grc' dir='ltr'>αὐτοῖς</span> <span class='ocrx_word' id='word_1_366' title='bbox 1304 824 1342 855; x_wconf 84' lang='grc' dir='ltr'>ὡς</span> <span class='ocrx_word' id='word_1_367' title='bbox 1363 822 1438 855; x_wconf 75' lang='grc' dir='ltr'>ἅπαξ</span> <span class='ocrx_word' id='word_1_368' title='bbox 1454 822 1613 860; x_wconf 75' lang='grc' dir='ltr'>ἐλευθερίας</span> <span class='ocrx_word' id='word_1_369' title='bbox 1626 823 1658 849; x_wconf 84' lang='grc' dir='ltr'>ὲκ</span> <span class='ocrx_word' id='word_1_370' title='bbox 1673 821 1721 849; x_wconf 83' lang='grc' dir='ltr'>τοῦ</span> <span class='ocrx_word' id='word_1_371' title='bbox 1739 821 1842 856; x_wconf 86' lang='grc' dir='ltr'>παρόν-</span> 
     </span>
    </p>
   </div>
   <div class='ocr_carea' id='block_1_58' title="bbox 1050 867 1845 906">
    <p class='ocr_par' dir='ltr' id='par_1_58' title="bbox 1050 867 1845 906">
     <span class='ocr_line' id='line_1_58' title="bbox 1050 867 1845 906; baseline -0.004 -9"><span class='ocrx_word' id='word_1_372' title='bbox 1050 878 1096 902; x_wconf 88' lang='grc' dir='ltr'>τος</span> <span class='ocrx_word' id='word_1_373' title='bbox 1111 869 1192 906; x_wconf 87' lang='grc' dir='ltr'>ἡμῶν</span> <span class='ocrx_word' id='word_1_374' title='bbox 1207 869 1320 905; x_wconf 79' lang='grc' dir='ltr'>τυχοῦσι</span> <span class='ocrx_word' id='word_1_375' title='bbox 1337 869 1433 905; x_wconf 85' lang='grc' dir='ltr'>νόμου,</span> <span class='ocrx_word' id='word_1_376' title='bbox 1456 868 1576 896; x_wconf 71' lang='grc' dir='ltr'>ἐνταῦθα</span> <span class='ocrx_word' id='word_1_377' title='bbox 1595 868 1645 904; x_wconf 75' lang='grc' dir='ltr'><strong>μὲν</strong></span> <span class='ocrx_word' id='word_1_378' title='bbox 1659 869 1692 904; x_wconf 81' lang='grc' dir='ltr'>τῇ</span> <span class='ocrx_word' id='word_1_379' title='bbox 1719 876 1750 894; x_wconf 88' lang='grc' dir='ltr'><strong>τε</strong></span> <span class='ocrx_word' id='word_1_380' title='bbox 1767 867 1845 903; x_wconf 82' lang='grc' dir='ltr'>βασι-</span> 
     </span>
    </p>
   </div>
   <div class='ocr_carea' id='block_1_59' title="bbox 1051 913 1843 951">
    <p class='ocr_par' dir='ltr' id='par_1_59' title="bbox 1051 913 1843 951">
     <span class='ocr_line' id='line_1_59' title="bbox 1051 913 1843 951; baseline -0.003 -9"><span class='ocrx_word' id='word_1_381' title='bbox 1051 915 1112 951; x_wconf 81' lang='grc' dir='ltr'>λεία</span> <span class='ocrx_word' id='word_1_382' title='bbox 1127 915 1282 950; x_wconf 80' lang='grc' dir='ltr'>προσιέναι,</span> <span class='ocrx_word' id='word_1_383' title='bbox 1307 915 1347 950; x_wconf 83' lang='grc' dir='ltr'>τῷ</span> <span class='ocrx_word' id='word_1_384' title='bbox 1366 924 1397 942; x_wconf 85' lang='grc' dir='ltr'><strong>τε</strong></span> <span class='ocrx_word' id='word_1_385' title='bbox 1413 915 1483 942; x_wconf 81' lang='grc' dir='ltr'>κατὰ</span> <span class='ocrx_word' id='word_1_386' title='bbox 1510 915 1606 950; x_wconf 78' lang='grc' dir='ltr'>καιρὸν</span> <span class='ocrx_word' id='word_1_387' title='bbox 1621 913 1767 950; x_wconf 80' lang='grc' dir='ltr'>ἁγιωτάτῳ</span> <span class='ocrx_word' id='word_1_388' title='bbox 1791 923 1843 940; x_wconf 87' lang='grc' dir='ltr'>πα-</span> 
     </span>
    </p>
   </div>
   <div class='ocr_carea' id='block_1_60' title="bbox 1051 961 1847 998">
    <p class='ocr_par' dir='ltr' id='par_1_60' title="bbox 1051 961 1847 998">
     <span class='ocr_line' id='line_1_60' title="bbox 1051 961 1847 998; baseline -0.003 -9"><span class='ocrx_word' id='word_1_389' title='bbox 1051 962 1237 998; x_wconf 76' lang='grc' dir='ltr'>τριάρχῃ,καὶ</span> <span class='ocrx_word' id='word_1_390' title='bbox 1249 963 1305 993; x_wconf 88' lang='grc' dir='ltr'>τοῖς</span> <span class='ocrx_word' id='word_1_391' title='bbox 1317 961 1499 994; x_wconf 70' lang='grc' dir='ltr'>ἐνδοξοτάτοις</span> <span class='ocrx_word' id='word_1_392' title='bbox 1509 961 1587 997; x_wconf 84' lang='grc' dir='ltr'>ἡμῶν</span> <span class='ocrx_word' id='word_1_393' title='bbox 1598 961 1712 997; x_wconf 72' lang='grc' dir='ltr'>ἄρχουσι</span> <span class='ocrx_word' id='word_1_394' title='bbox 1726 969 1847 996; x_wconf 82' lang='grc' dir='ltr'>προσαγ-</span> 
     </span>
    </p>
   </div>
   <div class='ocr_carea' id='block_1_61' title="bbox 1051 1007 1844 1044">
    <p class='ocr_par' dir='ltr' id='par_1_61' title="bbox 1051 1007 1844 1044">
     <span class='ocr_line' id='line_1_61' title="bbox 1051 1007 1844 1044; baseline -0.003 -8"><span class='ocrx_word' id='word_1_395' title='bbox 1051 1008 1168 1044; x_wconf 79' lang='grc' dir='ltr'>γέλλειν.</span> <span class='ocrx_word' id='word_1_396' title='bbox 1202 1009 1248 1036; x_wconf 88' lang='grc' dir='ltr'>Ἐν</span> <span class='ocrx_word' id='word_1_397' title='bbox 1268 1009 1297 1036; x_wconf 81' lang='grc' dir='ltr'>δὲ</span> <span class='ocrx_word' id='word_1_398' title='bbox 1324 1009 1385 1040; x_wconf 82' lang='grc' dir='ltr'>ταῖς</span> <span class='ocrx_word' id='word_1_399' title='bbox 1409 1008 1555 1044; x_wconf 72' lang='grc' dir='ltr'>ἐπαρχίαις</span> <span class='ocrx_word' id='word_1_400' title='bbox 1578 1009 1638 1040; x_wconf 76' lang='grc' dir='ltr'>τοῖς</span> <span class='ocrx_word' id='word_1_401' title='bbox 1664 1008 1737 1035; x_wconf 77' lang='grc' dir='ltr'>κατὰ</span> <span class='ocrx_word' id='word_1_402' title='bbox 1762 1007 1844 1034; x_wconf 78' lang='grc' dir='ltr'>τόπον</span> 
     </span>
    </p>
   </div>
   <div class='ocr_carea' id='block_1_62' title="bbox 1051 1053 1847 1090">
    <p class='ocr_par' dir='ltr' id='par_1_62' title="bbox 1051 1053 1847 1090">
     <span class='ocr_line' id='line_1_62' title="bbox 1051 1053 1847 1090; baseline -0.004 -7"><span class='ocrx_word' id='word_1_403' title='bbox 1051 1056 1211 1088; x_wconf 82' lang='grc' dir='ltr'>ὁσιωτάτοις</span> <span class='ocrx_word' id='word_1_404' title='bbox 1226 1055 1386 1086; x_wconf 73' lang='grc' dir='ltr'>ἐπισκόποις</span> <span class='ocrx_word' id='word_1_405' title='bbox 1403 1055 1450 1082; x_wconf 74' lang='grc' dir='ltr'>καὶ</span> <span class='ocrx_word' id='word_1_406' title='bbox 1469 1056 1526 1086; x_wconf 84' lang='grc' dir='ltr'>τοῖς</span> <span class='ocrx_word' id='word_1_407' title='bbox 1540 1054 1645 1081; x_wconf 88' lang='grc' dir='ltr'>τούτων</span> <span class='ocrx_word' id='word_1_408' title='bbox 1659 1054 1789 1090; x_wconf 78' lang='grc' dir='ltr'>ἄρχουσιν</span> <span class='ocrx_word' id='word_1_409' title='bbox 1804 1053 1847 1088; x_wconf 76' lang='grc' dir='ltr'><strong>ἐφ’</strong></span> 
     </span>
    </p>
   </div>
   <div class='ocr_carea' id='block_1_63' title="bbox 1051 1099 1848 1139">
    <p class='ocr_par' dir='ltr' id='par_1_63' title="bbox 1051 1099 1848 1139">
     <span class='ocr_line' id='line_1_63' title="bbox 1051 1099 1848 1139; baseline -0.001 -11"><span class='ocrx_word' id='word_1_410' title='bbox 1051 1099 1074 1137; x_wconf 84' lang='grc' dir='ltr'>ᾧ</span> <span class='ocrx_word' id='word_1_411' title='bbox 1100 1102 1215 1139; x_wconf 76' lang='grc' dir='ltr'>προνοίᾳ</span> <span class='ocrx_word' id='word_1_412' title='bbox 1247 1102 1356 1134; x_wconf 79' lang='grc' dir='ltr'>πάντως</span> <span class='ocrx_word' id='word_1_413' title='bbox 1379 1101 1434 1128; x_wconf 85' lang='grc' dir='ltr'><strong>τῶν</strong></span> <span class='ocrx_word' id='word_1_414' title='bbox 1460 1101 1603 1138; x_wconf 82' lang='grc' dir='ltr'>ἡμετέρων</span> <span class='ocrx_word' id='word_1_415' title='bbox 1627 1101 1777 1137; x_wconf 79' lang='grc' dir='ltr'>ἀρχόντων,</span> <span class='ocrx_word' id='word_1_416' title='bbox 1801 1100 1848 1128; x_wconf 69' lang='grc' dir='ltr'><strong>καὶ</strong></span> 
     </span>
    </p>
   </div>
   <div class='ocr_carea' id='block_1_64' title="bbox 1051 1146 1847 1184">
    <p class='ocr_par' dir='ltr' id='par_1_64' title="bbox 1051 1146 1847 1184">
     <span class='ocr_line' id='line_1_64' title="bbox 1051 1146 1847 1184; baseline -0.004 -8"><span class='ocrx_word' id='word_1_417' title='bbox 1051 1149 1168 1184; x_wconf 83' lang='grc' dir='ltr'><strong>κινδύνῳ</strong></span> <span class='ocrx_word' id='word_1_418' title='bbox 1187 1149 1241 1175; x_wconf 83' lang='grc' dir='ltr'>τῶν</span> <span class='ocrx_word' id='word_1_419' title='bbox 1270 1147 1438 1184; x_wconf 79' lang='grc' dir='ltr'>πειθομένων</span> <span class='ocrx_word' id='word_1_420' title='bbox 1461 1147 1554 1180; x_wconf 83' lang='grc' dir='ltr'>αὐτοῖς</span> <span class='ocrx_word' id='word_1_421' title='bbox 1589 1147 1705 1181; x_wconf 78' lang='grc' dir='ltr'>τάξεων,</span> <span class='ocrx_word' id='word_1_422' title='bbox 1732 1146 1788 1173; x_wconf 80' lang='grc' dir='ltr'>εἴτε</span> <span class='ocrx_word' id='word_1_423' title='bbox 1817 1146 1847 1172; x_wconf 86' lang='grc' dir='ltr'><strong>ὲν</strong></span> 
     </span>
    </p>
   </div>
   <div class='ocr_carea' id='block_1_65' title="bbox 1051 1193 1849 1231">
    <p class='ocr_par' dir='ltr' id='par_1_65' title="bbox 1051 1193 1849 1231">
     <span class='ocr_line' id='line_1_65' title="bbox 1051 1193 1849 1231; baseline -0.004 -9"><span class='ocrx_word' id='word_1_424' title='bbox 1051 1194 1349 1226; x_wconf 79' lang='grc' dir='ltr'>Κωνσταντινουπόλει,</span> <span class='ocrx_word' id='word_1_425' title='bbox 1367 1194 1424 1221; x_wconf 73' lang='grc' dir='ltr'>εἴτε</span> <span class='ocrx_word' id='word_1_426' title='bbox 1446 1194 1475 1221; x_wconf 76' lang='grc' dir='ltr'>ἓν</span> <span class='ocrx_word' id='word_1_427' title='bbox 1499 1194 1585 1231; x_wconf 76' lang='grc' dir='ltr'>ἑτέρῳ</span> <span class='ocrx_word' id='word_1_428' title='bbox 1600 1193 1749 1229; x_wconf 84' lang='grc' dir='ltr'>οίῳδήποτε</span> <span class='ocrx_word' id='word_1_429' title='bbox 1774 1193 1849 1228; x_wconf 84' lang='grc' dir='ltr'>τόπῳ</span> 
     </span>
    </p>
   </div>
   <div class='ocr_carea' id='block_1_66' title="bbox 1050 1240 1848 1277">
    <p class='ocr_par' dir='ltr' id='par_1_66' title="bbox 1050 1240 1848 1277">
     <span class='ocr_line' id='line_1_66' title="bbox 1050 1240 1848 1277; baseline -0.003 -9"><span class='ocrx_word' id='word_1_430' title='bbox 1050 1242 1101 1277; x_wconf 82' lang='grc' dir='ltr'>τῆς</span> <span class='ocrx_word' id='word_1_431' title='bbox 1116 1241 1256 1277; x_wconf 86' lang='grc' dir='ltr'>ἡμετέρας</span> <span class='ocrx_word' id='word_1_432' title='bbox 1268 1240 1407 1273; x_wconf 85' lang='grc' dir='ltr'>πολιτείας</span> <span class='ocrx_word' id='word_1_433' title='bbox 1427 1240 1539 1273; x_wconf 85' lang='grc' dir='ltr'>τούτους</span> <span class='ocrx_word' id='word_1_434' title='bbox 1550 1240 1718 1268; x_wconf 80' lang='grc' dir='ltr'>ὲκδικεῖσθαι</span> <span class='ocrx_word' id='word_1_435' title='bbox 1734 1241 1782 1267; x_wconf 80' lang='grc' dir='ltr'>καὶ</span> <span class='ocrx_word' id='word_1_436' title='bbox 1795 1249 1848 1274; x_wconf 77' lang='grc' dir='ltr'><strong>φυ-</strong></span> 
     </span>
    </p>
   </div>
   <div class='ocr_carea' id='block_1_67' title="bbox 1051 1285 1850 1323">
    <p class='ocr_par' dir='ltr' id='par_1_67' title="bbox 1051 1285 1850 1323">
     <span class='ocr_line' id='line_1_67' title="bbox 1051 1285 1850 1323; baseline -0.003 -9"><span class='ocrx_word' id='word_1_437' title='bbox 1051 1287 1200 1314; x_wconf 75' lang='grc' dir='ltr'>λάττεσθαι</span> <span class='ocrx_word' id='word_1_438' title='bbox 1215 1287 1265 1323; x_wconf 80' lang='grc' dir='ltr'>τὴν</span> <span class='ocrx_word' id='word_1_439' title='bbox 1274 1288 1312 1314; x_wconf 71' lang='grc' dir='ltr'>ἐκ</span> <span class='ocrx_word' id='word_1_440' title='bbox 1335 1286 1383 1313; x_wconf 86' lang='grc' dir='ltr'>τοῦ</span> <span class='ocrx_word' id='word_1_441' title='bbox 1396 1287 1531 1322; x_wconf 80' lang='grc' dir='ltr'>παρόντος</span> <span class='ocrx_word' id='word_1_442' title='bbox 1545 1286 1625 1322; x_wconf 85' lang='grc' dir='ltr'>ἡμῶν</span> <span class='ocrx_word' id='word_1_443' title='bbox 1639 1286 1722 1322; x_wconf 86' lang='grc' dir='ltr'>νόμου</span> <span class='ocrx_word' id='word_1_444' title='bbox 1742 1285 1850 1321; x_wconf 82' lang='grc' dir='ltr'>δεδομέ-</span> 
     </span>
    </p>
   </div>
   <div class='ocr_carea' id='block_1_68' title="bbox 1053 1332 1849 1370">
    <p class='ocr_par' dir='ltr' id='par_1_68' title="bbox 1053 1332 1849 1370">
     <span class='ocr_line' id='line_1_68' title="bbox 1053 1332 1849 1370; baseline -0.001 -10"><span class='ocrx_word' id='word_1_445' title='bbox 1053 1342 1103 1370; x_wconf 85' lang='grc' dir='ltr'><strong>νην</strong></span> <span class='ocrx_word' id='word_1_446' title='bbox 1118 1334 1212 1366; x_wconf 83' lang='grc' dir='ltr'>αὐτοῖς</span> <span class='ocrx_word' id='word_1_447' title='bbox 1237 1333 1407 1369; x_wconf 70' lang='grc' dir='ltr'>ἐλευθερίαν.</span> <span class='ocrx_word' id='word_1_448' title='bbox 1425 1333 1554 1369; x_wconf 88' lang='grc' dir='ltr'>Παριδεῖν</span> <span class='ocrx_word' id='word_1_449' title='bbox 1569 1333 1623 1369; x_wconf 84' lang='grc' dir='ltr'>γὰρ</span> <span class='ocrx_word' id='word_1_450' title='bbox 1639 1333 1738 1367; x_wconf 84' lang='grc' dir='ltr'>φόνους</span> <span class='ocrx_word' id='word_1_451' title='bbox 1752 1332 1849 1360; x_wconf 83' lang='grc' dir='ltr'>τοσού-</span> 
     </span>
    </p>
   </div>
   <div class='ocr_carea' id='block_1_69' title="bbox 1051 1378 1851 1416">
    <p class='ocr_par' dir='ltr' id='par_1_69' title="bbox 1051 1378 1851 1416">
     <span class='ocr_line' id='line_1_69' title="bbox 1051 1378 1851 1416; baseline -0.004 -9"><span class='ocrx_word' id='word_1_452' title='bbox 1051 1389 1115 1412; x_wconf 89' lang='grc' dir='ltr'>τους</span> <span class='ocrx_word' id='word_1_453' title='bbox 1125 1380 1285 1416; x_wconf 80' lang='grc' dir='ltr'>γινομένους</span> <span class='ocrx_word' id='word_1_454' title='bbox 1294 1380 1366 1407; x_wconf 78' lang='grc' dir='ltr'>κατὰ</span> <span class='ocrx_word' id='word_1_455' title='bbox 1387 1379 1525 1416; x_wconf 83' lang='grc' dir='ltr'>πρόφασιν</span> <span class='ocrx_word' id='word_1_456' title='bbox 1539 1378 1593 1406; x_wconf 85' lang='grc' dir='ltr'><strong>τῶν</strong></span> <span class='ocrx_word' id='word_1_457' title='bbox 1604 1379 1718 1406; x_wconf 80' lang='grc' dir='ltr'>τοιαῦτα</span> <span class='ocrx_word' id='word_1_458' title='bbox 1728 1379 1851 1414; x_wconf 86' lang='grc' dir='ltr'>τολμών-</span> 
     </span>
    </p>
   </div>
   <div class='ocr_carea' id='block_1_70' title="bbox 1051 1424 1850 1462">
    <p class='ocr_par' dir='ltr' id='par_1_70' title="bbox 1051 1424 1850 1462">
     <span class='ocr_line' id='line_1_70' title="bbox 1051 1424 1850 1462; baseline -0.004 -9"><span class='ocrx_word' id='word_1_459' title='bbox 1051 1435 1106 1453; x_wconf 87' lang='grc' dir='ltr'>των</span> <span class='ocrx_word' id='word_1_460' title='bbox 1122 1427 1151 1452; x_wconf 81' lang='grc' dir='ltr'><strong>ὲν</strong></span> <span class='ocrx_word' id='word_1_461' title='bbox 1165 1427 1199 1462; x_wconf 81' lang='grc' dir='ltr'><strong>τῇ</strong></span> <span class='ocrx_word' id='word_1_462' title='bbox 1216 1425 1339 1462; x_wconf 80' lang='grc' dir='ltr'>ἡμετέρᾳ</span> <span class='ocrx_word' id='word_1_463' title='bbox 1353 1425 1476 1460; x_wconf 76' lang='grc' dir='ltr'>πολιτείᾳ</span> <span class='ocrx_word' id='word_1_464' title='bbox 1497 1424 1623 1461; x_wconf 73' lang='grc' dir='ltr'>οὐδαμῶς</span> <span class='ocrx_word' id='word_1_465' title='bbox 1636 1424 1800 1460; x_wconf 81' lang='grc' dir='ltr'>ἀνεχόμεθα.</span> <span class='ocrx_word' id='word_1_466' title='bbox 1818 1424 1850 1451; x_wconf 79' lang='lat' dir='ltr'><strong>El</strong></span> 
     </span>
    </p>
   </div>
   <div class='ocr_carea' id='block_1_71' title="bbox 1053 1469 1849 1509">
    <p class='ocr_par' dir='ltr' id='par_1_71' title="bbox 1053 1469 1849 1509">
     <span class='ocr_line' id='line_1_71' title="bbox 1053 1469 1849 1509; baseline -0.005 -9"><span class='ocrx_word' id='word_1_467' title='bbox 1053 1473 1107 1509; x_wconf 78' lang='grc' dir='ltr'><strong>γὰρ</strong></span> <span class='ocrx_word' id='word_1_468' title='bbox 1122 1472 1262 1508; x_wconf 80' lang='grc' dir='ltr'>Βάρόαροι</span> <span class='ocrx_word' id='word_1_469' title='bbox 1276 1472 1443 1503; x_wconf 81' lang='grc' dir='ltr'>ἀκούσαντες</span> <span class='ocrx_word' id='word_1_470' title='bbox 1458 1471 1512 1497; x_wconf 84' lang='grc' dir='ltr'><strong>τῶν</strong></span> <span class='ocrx_word' id='word_1_471' title='bbox 1524 1471 1667 1507; x_wconf 81' lang='grc' dir='ltr'>ἡμετέρων</span> <span class='ocrx_word' id='word_1_472' title='bbox 1680 1471 1744 1506; x_wconf 80' lang='grc' dir='ltr'>περὶ</span> <span class='ocrx_word' id='word_1_473' title='bbox 1753 1469 1849 1497; x_wconf 80' lang='grc' dir='ltr'>τούτου</span> 
     </span>
    </p>
   </div>
   <div class='ocr_carea' id='block_1_72' title="bbox 1051 1517 1852 1556">
    <p class='ocr_par' dir='ltr' id='par_1_72' title="bbox 1051 1517 1852 1556">
     <span class='ocr_line' id='line_1_72' title="bbox 1051 1517 1852 1556; baseline -0.005 -9"><span class='ocrx_word' id='word_1_474' title='bbox 1051 1519 1290 1556; x_wconf 84' lang='grc' dir='ltr'>παραγγελμάτων</span> <span class='ocrx_word' id='word_1_475' title='bbox 1305 1518 1392 1546; x_wconf 80' lang='grc' dir='ltr'>ταῦτα</span> <span class='ocrx_word' id='word_1_476' title='bbox 1406 1517 1554 1552; x_wconf 77' lang='grc' dir='ltr'>ἐφύλαξαν,</span> <span class='ocrx_word' id='word_1_477' title='bbox 1568 1517 1626 1549; x_wconf 85' lang='grc' dir='ltr'>πῶς</span> <span class='ocrx_word' id='word_1_478' title='bbox 1643 1517 1676 1544; x_wconf 85' lang='grc' dir='ltr'><strong>ἂν</strong></span> <span class='ocrx_word' id='word_1_479' title='bbox 1692 1518 1775 1553; x_wconf 77' lang='grc' dir='ltr'>ἡμεῖς</span> <span class='ocrx_word' id='word_1_480' title='bbox 1786 1525 1852 1552; x_wconf 87' lang='grc' dir='ltr'>συγ-</span> 
     </span>
    </p>
   </div>
   <div class='ocr_carea' id='block_1_73' title="bbox 1053 1558 1853 1602">
    <p class='ocr_par' dir='ltr' id='par_1_73' title="bbox 1053 1558 1853 1602">
     <span class='ocr_line' id='line_1_73' title="bbox 1053 1558 1853 1602; baseline -0.004 -9"><span class='ocrx_word' id='word_1_481' title='bbox 1053 1566 1225 1602; x_wconf 80' lang='grc' dir='ltr'>χωρήσωμεν</span> <span class='ocrx_word' id='word_1_482' title='bbox 1245 1565 1314 1601; x_wconf 78' lang='grc' dir='ltr'>μετὰ</span> <span class='ocrx_word' id='word_1_483' title='bbox 1340 1564 1476 1597; x_wconf 80' lang='grc' dir='ltr'>τοσαύτας</span> <span class='ocrx_word' id='word_1_484' title='bbox 1501 1565 1556 1592; x_wconf 83' lang='grc' dir='ltr'><strong>τῶν</strong></span> <span class='ocrx_word' id='word_1_485' title='bbox 1572 1558 1625 1601; x_wconf 72' lang='grc' dir='ltr'>’πρὸ</span> <span class='ocrx_word' id='word_1_486' title='bbox 1643 1564 1722 1600; x_wconf 86' lang='grc' dir='ltr'>ἡμῶν</span> <span class='ocrx_word' id='word_1_487' title='bbox 1738 1563 1853 1599; x_wconf 78' lang='grc' dir='ltr'>βεὸασι-</span> 
     </span>
    </p>
   </div>
   <div class='ocr_carea' id='block_1_74' title="bbox 1055 1610 1853 1649">
    <p class='ocr_par' dir='ltr' id='par_1_74' title="bbox 1055 1610 1853 1649">
     <span class='ocr_line' id='line_1_74' title="bbox 1055 1610 1853 1649; baseline -0.004 -8"><span class='ocrx_word' id='word_1_488' title='bbox 1055 1614 1192 1641; x_wconf 82' lang='grc' dir='ltr'>λευκότων</span> <span class='ocrx_word' id='word_1_489' title='bbox 1221 1612 1384 1649; x_wconf 86' lang='grc' dir='ltr'>νομοθεσίας</span> <span class='ocrx_word' id='word_1_490' title='bbox 1408 1612 1530 1639; x_wconf 80' lang='grc' dir='ltr'>τοιοῦτόν</span> <span class='ocrx_word' id='word_1_491' title='bbox 1560 1621 1586 1638; x_wconf 90' lang='grc' dir='ltr'><strong>τι</strong></span> <span class='ocrx_word' id='word_1_492' title='bbox 1603 1610 1853 1647; x_wconf 79' lang='grc' dir='ltr'>ἁμαρτάνεσθαι,ἡ</span> 
     </span>
    </p>
   </div>
   <div class='ocr_carea' id='block_1_75' title="bbox 1055 1657 1853 1696">
    <p class='ocr_par' dir='ltr' id='par_1_75' title="bbox 1055 1657 1853 1696">
     <span class='ocr_line' id='line_1_75' title="bbox 1055 1657 1853 1696; baseline -0.004 -8"><span class='ocrx_word' id='word_1_493' title='bbox 1055 1661 1104 1689; x_wconf 75' lang='grc' dir='ltr'>καὶ</span> <span class='ocrx_word' id='word_1_494' title='bbox 1127 1660 1305 1696; x_wconf 81' lang='grc' dir='ltr'>ἀνεκδίκητον</span> <span class='ocrx_word' id='word_1_495' title='bbox 1330 1660 1365 1696; x_wconf 84' lang='grc' dir='ltr'><strong>τῇ</strong></span> <span class='ocrx_word' id='word_1_496' title='bbox 1391 1659 1515 1695; x_wconf 74' lang='grc' dir='ltr'>ἡμετέρᾳ</span> <span class='ocrx_word' id='word_1_497' title='bbox 1539 1658 1664 1694; x_wconf 76' lang='grc' dir='ltr'>πολιτεία</span> <span class='ocrx_word' id='word_1_498' title='bbox 1675 1657 1853 1693; x_wconf 74' lang='grc' dir='ltr'>καταλιμπά-</span> 
     </span>
    </p>
   </div>
   <div class='ocr_carea' id='block_1_76' title="bbox 1055 1706 1160 1734">
    <p class='ocr_par' dir='ltr' id='par_1_76' title="bbox 1055 1706 1160 1734">
     <span class='ocr_line' id='line_1_76' title="bbox 1055 1706 1160 1734; baseline 0.01 -2"><span class='ocrx_word' id='word_1_499' title='bbox 1055 1706 1160 1734; x_wconf 85' lang='grc' dir='ltr'>νεσθαι.</span> 
     </span>
    </p>
   </div>
   <div class='ocr_carea' id='block_1_77' title="bbox 1090 1769 1854 1808">
    <p class='ocr_par' dir='ltr' id='par_1_77' title="bbox 1090 1769 1854 1808">
     <span class='ocr_line' id='line_1_77' title="bbox 1090 1769 1854 1808; baseline -0.001 -9"><span class='ocrx_word' id='word_1_500' title='bbox 1090 1772 1218 1800; x_wconf 78' lang='grc' dir='ltr'><strong>ΚΕΦΑΛ,</strong></span> <span class='ocrx_word' id='word_1_501' title='bbox 1232 1772 1283 1800; x_wconf 87' lang='grc' dir='ltr'><strong>1Ε’.</strong></span> <span class='ocrx_word' id='word_1_502' title='bbox 1301 1787 1336 1793; x_wconf 91' lang='grc'><strong>-</strong></span> <span class='ocrx_word' id='word_1_503' title='bbox 1358 1772 1429 1808; x_wconf 73' lang='grc' dir='ltr'>Περὶ</span> <span class='ocrx_word' id='word_1_504' title='bbox 1448 1772 1503 1800; x_wconf 80' lang='grc' dir='ltr'>τοῦ</span> <span class='ocrx_word' id='word_1_505' title='bbox 1528 1771 1583 1800; x_wconf 82' lang='grc' dir='ltr'>τὸν</span> <span class='ocrx_word' id='word_1_506' title='bbox 1602 1769 1854 1807; x_wconf 74' lang='grc' dir='ltr'>δαιμονιζόμενον</span> 
     </span>
    </p>
   </div>
   <div class='ocr_carea' id='block_1_78' title="bbox 1054 1818 1317 1855">
    <p class='ocr_par' dir='ltr' id='par_1_78' title="bbox 1054 1818 1317 1855">
     <span class='ocr_line' id='line_1_78' title="bbox 1054 1818 1317 1855; baseline 0 -9"><span class='ocrx_word' id='word_1_507' title='bbox 1054 1819 1098 1855; x_wconf 81' lang='grc' dir='ltr'>μὴ</span> <span class='ocrx_word' id='word_1_508' title='bbox 1118 1818 1317 1854; x_wconf 74' lang='grc' dir='ltr'>κληροῦσθαι.</span> 
     </span>
    </p>
   </div>
   <div class='ocr_carea' id='block_1_79' title="bbox 1100 1864 1442 1899">
    <p class='ocr_par' dir='ltr' id='par_1_79' title="bbox 1100 1864 1442 1899">
     <span class='ocr_line' id='line_1_79' title="bbox 1100 1864 1442 1899; baseline -0.003 -7"><span class='ocrx_word' id='word_1_509' title='bbox 1100 1865 1270 1892; x_wconf 81' lang='grc' dir='ltr'>’Λποστόλων</span> <span class='ocrx_word' id='word_1_510' title='bbox 1286 1865 1377 1892; x_wconf 86' lang='grc' dir='ltr'>κανὼν</span> <span class='ocrx_word' id='word_1_511' title='bbox 1390 1864 1442 1899; x_wconf 87' lang='grc' dir='ltr'><strong>οη’.</strong></span> 
     </span>
    </p>
   </div>
   <div class='ocr_carea' id='block_1_80' title="bbox 1092 1931 1862 1967">
    <p class='ocr_par' dir='ltr' id='par_1_80' title="bbox 1092 1931 1862 1967">
     <span class='ocr_line' id='line_1_80' title="bbox 1092 1931 1862 1967; baseline 0 -8"><span class='ocrx_word' id='word_1_512' title='bbox 1092 1932 1221 1960; x_wconf 79' lang='grc' dir='ltr'>ΚΕΦΑΔ.</span> <span class='ocrx_word' id='word_1_513' title='bbox 1235 1931 1296 1966; x_wconf 72' lang='lat' dir='ltr'><strong>Iq&#39;.</strong></span> <span class='ocrx_word' id='word_1_514' title='bbox 1308 1946 1343 1951; x_wconf 91' lang='lat'><em>—</em></span> <span class='ocrx_word' id='word_1_515' title='bbox 1356 1931 1428 1966; x_wconf 75' lang='grc' dir='ltr'>Περὶ</span> <span class='ocrx_word' id='word_1_516' title='bbox 1447 1931 1501 1960; x_wconf 84' lang='grc' dir='ltr'>τοῦ</span> <span class='ocrx_word' id='word_1_517' title='bbox 1512 1932 1555 1967; x_wconf 82' lang='grc' dir='ltr'>μὴ</span> <span class='ocrx_word' id='word_1_518' title='bbox 1578 1932 1795 1967; x_wconf 78' lang='grc' dir='ltr'>πειθαρχοῦντι</span> <span class='ocrx_word' id='word_1_519' title='bbox 1818 1932 1862 1966; x_wconf 83' lang='grc' dir='ltr'>τῷ</span> 
     </span>
    </p>
   </div>
   <div class='ocr_carea' id='block_1_81' title="bbox 1055 1978 1863 2014">
    <p class='ocr_par' dir='ltr' id='par_1_81' title="bbox 1055 1978 1863 2014">
     <span class='ocr_line' id='line_1_81' title="bbox 1055 1978 1863 2014; baseline 0 -8"><span class='ocrx_word' id='word_1_520' title='bbox 1055 1978 1122 2013; x_wconf 79' lang='grc' dir='ltr'>ἰδίῳ</span> <span class='ocrx_word' id='word_1_521' title='bbox 1131 1979 1300 2011; x_wconf 82' lang='grc' dir='ltr'>ἐπισκόπῳ,</span> <span class='ocrx_word' id='word_1_522' title='bbox 1313 1978 1494 2014; x_wconf 74' lang='grc' dir='ltr'>βουλομένῳ</span> <span class='ocrx_word' id='word_1_523' title='bbox 1508 1979 1692 2014; x_wconf 79' lang='grc' dir='ltr'>χειροτονεῖν</span> <span class='ocrx_word' id='word_1_524' title='bbox 1702 1978 1800 2006; x_wconf 82' lang='grc' dir='ltr'>αὑτὸν</span> <span class='ocrx_word' id='word_1_525' title='bbox 1815 1980 1863 2012; x_wconf 81' lang='grc' dir='ltr'>εὶς</span> 
     </span>
    </p>
   </div>
   <div class='ocr_carea' id='block_1_82' title="bbox 1054 2025 1318 2061">
    <p class='ocr_par' dir='ltr' id='par_1_82' title="bbox 1054 2025 1318 2061">
     <span class='ocr_line' id='line_1_82' title="bbox 1054 2025 1318 2061; baseline 0 -9"><span class='ocrx_word' id='word_1_526' title='bbox 1054 2025 1177 2061; x_wconf 75' lang='grc' dir='ltr'>μείζονα</span> <span class='ocrx_word' id='word_1_527' title='bbox 1186 2025 1318 2060; x_wconf 72' lang='grc' dir='ltr'>βαθμόν.</span> 
     </span>
    </p>
   </div>
   <div class='ocr_carea' id='block_1_83' title="bbox 1093 2071 1864 2108">
    <p class='ocr_par' dir='ltr' id='par_1_83' title="bbox 1093 2071 1864 2108">
     <span class='ocr_line' id='line_1_83' title="bbox 1093 2071 1864 2108; baseline 0.001 -10"><span class='ocrx_word' id='word_1_528' title='bbox 1093 2071 1208 2099; x_wconf 84' lang='grc' dir='ltr'>Συνόδου</span> <span class='ocrx_word' id='word_1_529' title='bbox 1233 2071 1433 2108; x_wconf 84' lang='grc' dir='ltr'>Καρθαγέννης</span> <span class='ocrx_word' id='word_1_530' title='bbox 1456 2071 1547 2099; x_wconf 86' lang='grc' dir='ltr'>κανὼν</span> <span class='ocrx_word' id='word_1_531' title='bbox 1556 2071 1616 2099; x_wconf 87' lang='grc' dir='ltr'>λα’·</span> <span class='ocrx_word' id='word_1_532' title='bbox 1639 2072 1785 2099; x_wconf 85' lang='grc' dir='ltr'>Βασιλείου</span> <span class='ocrx_word' id='word_1_533' title='bbox 1811 2081 1864 2100; x_wconf 78' lang='grc' dir='ltr'>κα-</span> 
     </span>
    </p>
   </div>
   <div class='ocr_carea' id='block_1_84' title="bbox 1058 2117 1152 2145">
    <p class='ocr_par' dir='ltr' id='par_1_84' title="bbox 1058 2117 1152 2145">
     <span class='ocr_line' id='line_1_84' title="bbox 1058 2117 1152 2145; baseline -0.011 0"><span class='ocrx_word' id='word_1_534' title='bbox 1058 2118 1110 2145; x_wconf 86' lang='grc' dir='ltr'><strong>νὼν</strong></span> <span class='ocrx_word' id='word_1_535' title='bbox 1127 2117 1152 2144; x_wconf 86' lang='grc' dir='ltr'><strong>ι’.</strong></span> 
     </span>
    </p>
   </div>
   <div class='ocr_carea' id='block_1_85' title="bbox 1096 2162 1865 2199">
    <p class='ocr_par' dir='ltr' id='par_1_85' title="bbox 1096 2162 1865 2199">
     <span class='ocr_line' id='line_1_85' title="bbox 1096 2162 1865 2199; baseline 0 -8"><span class='ocrx_word' id='word_1_536' title='bbox 1096 2163 1222 2191; x_wconf 78' lang='grc' dir='ltr'><strong>ΚΕΦΑΛ.</strong></span> <span class='ocrx_word' id='word_1_537' title='bbox 1247 2162 1297 2190; x_wconf 79' lang='grc' dir='ltr'><strong>1Ζ’.</strong></span> <span class='ocrx_word' id='word_1_538' title='bbox 1309 2178 1344 2183; x_wconf 92' lang='lat'><strong>-—</strong></span> <span class='ocrx_word' id='word_1_539' title='bbox 1368 2163 1439 2198; x_wconf 76' lang='grc' dir='ltr'>Περὶ</span> <span class='ocrx_word' id='word_1_540' title='bbox 1457 2163 1644 2196; x_wconf 76' lang='grc' dir='ltr'>ἐπισκόπου,</span> <span class='ocrx_word' id='word_1_541' title='bbox 1664 2164 1683 2198; x_wconf 80' lang='grc' dir='ltr'><strong>ἢ</strong></span> <span class='ocrx_word' id='word_1_542' title='bbox 1709 2164 1865 2199; x_wconf 77' lang='grc' dir='ltr'>κληρικσῦ</span> 
     </span>
    </p>
   </div>
   <div class='ocr_carea' id='block_1_86' title="bbox 202 2198 997 2249">
    <p class='ocr_par' dir='ltr' id='par_1_86' title="bbox 202 2198 997 2238">
     <span class='ocr_line' id='line_1_86' title="bbox 202 2198 997 2238; baseline 0.01 -15"><span class='ocrx_word' id='word_1_543' title='bbox 202 2198 248 2232; x_wconf 85' lang='lat' dir='ltr'><strong>qui</strong></span> <span class='ocrx_word' id='word_1_544' title='bbox 261 2198 292 2224; x_wconf 85' lang='lat' dir='ltr'><strong>ab</strong></span> <span class='ocrx_word' id='word_1_545' title='bbox 308 2198 403 2225; x_wconf 81' lang='lat' dir='ltr'><strong>incolis</strong></span> <span class='ocrx_word' id='word_1_546' title='bbox 418 2207 472 2225; x_wconf 85' lang='lat' dir='ltr'><strong>non</strong></span> <span class='ocrx_word' id='word_1_547' title='bbox 485 2199 643 2234; x_wconf 73' lang='lat' dir='ltr'><strong>suscipitur,</strong></span> <span class='ocrx_word' id='word_1_548' title='bbox 666 2206 712 2228; x_wconf 79' lang='lat' dir='ltr'><strong>aut</strong></span> <span class='ocrx_word' id='word_1_549' title='bbox 736 2209 789 2229; x_wconf 83' lang='lat' dir='ltr'><strong>non</strong></span> <span class='ocrx_word' id='word_1_550' title='bbox 811 2203 933 2238; x_wconf 70' lang='lat' dir='ltr'><strong>suscipit,</strong></span> <span class='ocrx_word' id='word_1_551' title='bbox 956 2212 997 2231; x_wconf 65' lang='lat' dir='ltr'><strong>aut</strong></span> 
     </span>
    </p>
   </div>
   <div class='ocr_carea' id='block_1_87' title="bbox 1059 2198 1866 2249">
    <p class='ocr_par' dir='ltr' id='par_1_87' title="bbox 1059 2210 1866 2246">
     <span class='ocr_line' id='line_1_87' title="bbox 1059 2210 1866 2246; baseline -0.001 -8"><span class='ocrx_word' id='word_1_552' title='bbox 1059 2210 1332 2246; x_wconf 77' lang='grc' dir='ltr'>χειροτονηθέντος,</span> <span class='ocrx_word' id='word_1_553' title='bbox 1344 2210 1394 2238; x_wconf 77' lang='grc' dir='ltr'>καὶ</span> <span class='ocrx_word' id='word_1_554' title='bbox 1408 2210 1452 2246; x_wconf 85' lang='grc' dir='ltr'><strong>μὴ</strong></span> <span class='ocrx_word' id='word_1_555' title='bbox 1472 2211 1632 2246; x_wconf 81' lang='grc' dir='ltr'>δεχθέντος</span> <span class='ocrx_word' id='word_1_556' title='bbox 1643 2211 1703 2238; x_wconf 80' lang='grc' dir='ltr'><strong>ὑπὸ</strong></span> <span class='ocrx_word' id='word_1_557' title='bbox 1715 2210 1772 2245; x_wconf 83' lang='grc' dir='ltr'>τῆς</span> <span class='ocrx_word' id='word_1_558' title='bbox 1784 2219 1866 2245; x_wconf 81' lang='grc' dir='ltr'>παρ-</span> 
     </span>
    </p>
   </div>
   <div class='ocr_carea' id='block_1_88' title="bbox 204 2245 463 2280">
    <p class='ocr_par' dir='ltr' id='par_1_88' title="bbox 204 2245 463 2280">
     <span class='ocr_line' id='line_1_88' title="bbox 204 2245 463 2280; baseline 0.012 -10"><span class='ocrx_word' id='word_1_559' title='bbox 204 2245 278 2271; x_wconf 83' lang='lat' dir='ltr'><strong>abire</strong></span> <span class='ocrx_word' id='word_1_560' title='bbox 299 2252 352 2272; x_wconf 79' lang='lat' dir='ltr'><strong>non</strong></span> <span class='ocrx_word' id='word_1_561' title='bbox 367 2249 463 2280; x_wconf 77' lang='lat' dir='ltr'><strong>potest.</strong></span> 
     </span>
    </p>
   </div>
   <div class='ocr_carea' id='block_1_89' title="bbox 242 2338 999 2380">
    <p class='ocr_par' dir='ltr' id='par_1_89' title="bbox 242 2338 999 2380">
     <span class='ocr_line' id='line_1_89' title="bbox 242 2338 999 2380; baseline 0.011 -15"><span class='ocrx_word' id='word_1_562' title='bbox 242 2338 435 2374; x_wconf 78' lang='lat' dir='ltr'><strong>Apostolorum</strong></span> <span class='ocrx_word' id='word_1_563' title='bbox 466 2347 555 2368; x_wconf 86' lang='lat' dir='ltr'><strong>canon</strong></span> <span class='ocrx_word' id='word_1_564' title='bbox 572 2341 624 2374; x_wconf 74' lang='lat'><strong>56.;</strong></span> <span class='ocrx_word' id='word_1_565' title='bbox 655 2342 766 2370; x_wconf 88' lang='lat' dir='ltr'><strong>concilii</strong></span> <span class='ocrx_word' id='word_1_566' title='bbox 785 2343 923 2380; x_wconf 82' lang='lat' dir='ltr'><strong>Ancyrani</strong></span> <span class='ocrx_word' id='word_1_567' title='bbox 956 2353 999 2373; x_wconf 78' lang='grc' dir='ltr'>(ιιι-</span> 
     </span>
    </p>
   </div>
   <div class='ocr_carea' id='block_1_90' title="bbox 206 2385 1004 2424">
    <p class='ocr_par' dir='ltr' id='par_1_90' title="bbox 206 2385 1004 2424">
     <span class='ocr_line' id='line_1_90' title="bbox 206 2385 1004 2424; baseline 0.01 -12"><span class='ocrx_word' id='word_1_568' title='bbox 206 2394 260 2412; x_wconf 83' lang='grc' dir='ltr'>ηοιι</span> <span class='ocrx_word' id='word_1_569' title='bbox 276 2385 324 2418; x_wconf 73' lang='lat'><strong>18;</strong></span> <span class='ocrx_word' id='word_1_570' title='bbox 344 2387 453 2414; x_wconf 87' lang='lat' dir='ltr'><strong>concilii</strong></span> <span class='ocrx_word' id='word_1_571' title='bbox 469 2388 632 2416; x_wconf 87' lang='lat' dir='ltr'><strong>Antiocheni</strong></span> <span class='ocrx_word' id='word_1_572' title='bbox 649 2396 738 2417; x_wconf 88' lang='lat' dir='ltr'><strong>canon</strong></span> <span class='ocrx_word' id='word_1_573' title='bbox 755 2391 800 2422; x_wconf 80' lang='grc'><strong>17,</strong></span> <span class='ocrx_word' id='word_1_574' title='bbox 821 2391 874 2424; x_wconf 74' lang='grc' dir='ltr'>18ς</span> <span class='ocrx_word' id='word_1_575' title='bbox 893 2392 1004 2420; x_wconf 87' lang='lat' dir='ltr'><strong>concilii</strong></span> 
     </span>
    </p>
   </div>
   <div class='ocr_carea' id='block_1_91' title="bbox 207 2433 400 2460">
    <p class='ocr_par' dir='ltr' id='par_1_91' title="bbox 207 2433 400 2460">
     <span class='ocr_line' id='line_1_91' title="bbox 207 2433 400 2460; baseline -0.005 0"><span class='ocrx_word' id='word_1_576' title='bbox 207 2440 232 2460; x_wconf 64' lang='grc' dir='ltr'>τι</span> <span class='ocrx_word' id='word_1_577' title='bbox 251 2440 339 2460; x_wconf 85' lang='lat' dir='ltr'><strong>canon</strong></span> <span class='ocrx_word' id='word_1_578' title='bbox 358 2433 400 2460; x_wconf 83' lang='lat' dir='ltr'><strong>l7.</strong></span> 
     </span>
    </p>
   </div>
   <div class='ocr_carea' id='block_1_92' title="bbox 243 2499 1006 2542">
    <p class='ocr_par' dir='ltr' id='par_1_92' title="bbox 243 2499 1006 2542">
     <span class='ocr_line' id='line_1_92' title="bbox 243 2499 1006 2542; baseline 0.009 -15"><span class='ocrx_word' id='word_1_579' title='bbox 243 2499 321 2528; x_wconf 85' lang='lat' dir='ltr'><strong>CAP.</strong></span> <span class='ocrx_word' id='word_1_580' title='bbox 337 2500 564 2535; x_wconf 78' lang='lat' dir='ltr'><strong>XVlll.—Quod</strong></span> <span class='ocrx_word' id='word_1_581' title='bbox 581 2504 716 2539; x_wconf 73' lang='lat' dir='ltr'><strong>episcopus</strong></span> <span class='ocrx_word' id='word_1_582' title='bbox 730 2506 844 2533; x_wconf 70' lang='lat' dir='ltr'><strong>moriens</strong></span> <span class='ocrx_word' id='word_1_583' title='bbox 857 2515 907 2534; x_wconf 87' lang='lat' dir='ltr'><strong>mm</strong></span> <span class='ocrx_word' id='word_1_584' title='bbox 923 2508 1006 2542; x_wconf 70' lang='lat' dir='ltr'><strong>possit</strong></span> 
     </span>
    </p>
   </div>
   <div class='ocr_carea' id='block_1_93' title="bbox 207 2547 548 2584">
    <p class='ocr_par' dir='ltr' id='par_1_93' title="bbox 207 2547 548 2584">
     <span class='ocr_line' id='line_1_93' title="bbox 207 2547 548 2584; baseline 0.009 -9"><span class='ocrx_word' id='word_1_585' title='bbox 207 2547 291 2575; x_wconf 80' lang='lat' dir='ltr'><strong>alium</strong></span> <span class='ocrx_word' id='word_1_586' title='bbox 307 2557 355 2584; x_wconf 83' lang='lat' dir='ltr'><strong>pro</strong></span> <span class='ocrx_word' id='word_1_587' title='bbox 370 2557 397 2576; x_wconf 77' lang='lat' dir='ltr'><strong>se</strong></span> <span class='ocrx_word' id='word_1_588' title='bbox 412 2550 548 2578; x_wconf 82' lang='lat' dir='ltr'><strong>ordinare.</strong></span> 
     </span>
    </p>
   </div>
   <div class='ocr_carea' id='block_1_94' title="bbox 243 2639 1010 2676">
    <p class='ocr_par' dir='ltr' id='par_1_94' title="bbox 243 2639 1010 2676">
     <span class='ocr_line' id='line_1_94' title="bbox 243 2639 1010 2676; baseline 0.009 -10"><span class='ocrx_word' id='word_1_589' title='bbox 243 2639 439 2675; x_wconf 79' lang='lat' dir='ltr'><strong>Apostolorum</strong></span> <span class='ocrx_word' id='word_1_590' title='bbox 457 2649 546 2670; x_wconf 88' lang='lat' dir='ltr'><strong>canon</strong></span> <span class='ocrx_word' id='word_1_591' title='bbox 570 2642 618 2676; x_wconf 77' lang='lat'><strong>76;</strong></span> <span class='ocrx_word' id='word_1_592' title='bbox 642 2644 751 2671; x_wconf 88' lang='lat' dir='ltr'><strong>concilii</strong></span> <span class='ocrx_word' id='word_1_593' title='bbox 774 2645 937 2673; x_wconf 84' lang='lat' dir='ltr'><strong>Antiocheni</strong></span> <span class='ocrx_word' id='word_1_594' title='bbox 963 2653 1010 2674; x_wconf 79' lang='lat' dir='ltr'><strong>ca-</strong></span> 
     </span>
    </p>
   </div>
   <div class='ocr_carea' id='block_1_95' title="bbox 209 2687 324 2714">
    <p class='ocr_par' dir='ltr' id='par_1_95' title="bbox 209 2687 324 2714">
     <span class='ocr_line' id='line_1_95' title="bbox 209 2687 324 2714; baseline 0.009 -1"><span class='ocrx_word' id='word_1_595' title='bbox 209 2693 264 2714; x_wconf 91' lang='lat' dir='ltr'><strong>non</strong></span> <span class='ocrx_word' id='word_1_596' title='bbox 278 2687 324 2714; x_wconf 75' lang='grc'><strong>23.</strong></span> 
     </span>
    </p>
   </div>
   <div class='ocr_carea' id='block_1_96' title="bbox 243 2753 1010 2793">
    <p class='ocr_par' dir='ltr' id='par_1_96' title="bbox 243 2753 1010 2793">
     <span class='ocr_line' id='line_1_96' title="bbox 243 2753 1010 2793; baseline 0.01 -14"><span class='ocrx_word' id='word_1_597' title='bbox 243 2753 320 2781; x_wconf 84' lang='lat' dir='ltr'><strong>CAP.</strong></span> <span class='ocrx_word' id='word_1_598' title='bbox 338 2753 410 2781; x_wconf 73' lang='lat' dir='ltr'><strong>XIX.</strong></span> <span class='ocrx_word' id='word_1_599' title='bbox 428 2770 462 2776; x_wconf 89' lang='lat'><strong>—-</strong></span> <span class='ocrx_word' id='word_1_600' title='bbox 478 2754 519 2783; x_wconf 85' lang='lat' dir='ltr'><strong>Ne</strong></span> <span class='ocrx_word' id='word_1_601' title='bbox 544 2760 639 2784; x_wconf 79' lang='lat' dir='ltr'><strong>temere</strong></span> <span class='ocrx_word' id='word_1_602' title='bbox 666 2758 693 2784; x_wconf 82' lang='lat' dir='ltr'><strong>in</strong></span> <span class='ocrx_word' id='word_1_603' title='bbox 721 2766 804 2793; x_wconf 78' lang='lat' dir='ltr'><strong>parra</strong></span> <span class='ocrx_word' id='word_1_604' title='bbox 829 2759 936 2787; x_wconf 73' lang='lat' dir='ltr'><strong>civitate</strong></span> <span class='ocrx_word' id='word_1_605' title='bbox 963 2765 1010 2787; x_wconf 85' lang='lat' dir='ltr'><strong>aut</strong></span> 
     </span>
    </p>
   </div>
   <div class='ocr_carea' id='block_1_97' title="bbox 207 2800 498 2836">
    <p class='ocr_par' dir='ltr' id='par_1_97' title="bbox 207 2800 498 2836">
     <span class='ocr_line' id='line_1_97' title="bbox 207 2800 498 2836; baseline 0.01 -11"><span class='ocrx_word' id='word_1_606' title='bbox 207 2807 277 2833; x_wconf 79' lang='lat' dir='ltr'><strong>pago</strong></span> <span class='ocrx_word' id='word_1_607' title='bbox 289 2800 428 2835; x_wconf 67' lang='lat' dir='ltr'><strong>episcopus</strong></span> <span class='ocrx_word' id='word_1_608' title='bbox 439 2801 498 2836; x_wconf 80' lang='lat' dir='ltr'><strong>ﬁat.</strong></span> 
     </span>
    </p>
   </div>
   <div class='ocr_carea' id='block_1_98' title="bbox 242 2843 1013 2884">
    <p class='ocr_par' dir='ltr' id='par_1_98' title="bbox 242 2843 1013 2884">
     <span class='ocr_line' id='line_1_98' title="bbox 242 2843 1013 2884; baseline 0.016 -16"><span class='ocrx_word' id='word_1_609' title='bbox 242 2843 358 2871; x_wconf 89' lang='lat' dir='ltr'><strong>Concilii</strong></span> <span class='ocrx_word' id='word_1_610' title='bbox 375 2844 553 2876; x_wconf 81' lang='lat' dir='ltr'><strong>Laodtcensis</strong></span> <span class='ocrx_word' id='word_1_611' title='bbox 566 2855 654 2877; x_wconf 88' lang='lat' dir='ltr'><strong>canon</strong></span> <span class='ocrx_word' id='word_1_612' title='bbox 667 2848 719 2884; x_wconf 87' lang='lat'><strong>57;</strong></span> <span class='ocrx_word' id='word_1_613' title='bbox 737 2850 846 2878; x_wconf 90' lang='lat' dir='ltr'><strong>concilii</strong></span> <span class='ocrx_word' id='word_1_614' title='bbox 868 2849 1013 2880; x_wconf 82' lang='lat' dir='ltr'><strong>Sardicen-</strong></span> 
     </span>
    </p>
   </div>
   <div class='ocr_carea' id='block_1_99' title="bbox 209 2885 1030 2933">
    <p class='ocr_par' dir='ltr' id='par_1_99' title="bbox 209 2885 1030 2933">
     <span class='ocr_line' id='line_1_99' title="bbox 209 2885 1030 2933; baseline 0.004 -22"><span class='ocrx_word' id='word_1_615' title='bbox 209 2885 248 2912; x_wconf 80' lang='lat' dir='ltr'><strong>sis</strong></span> <span class='ocrx_word' id='word_1_616' title='bbox 263 2893 351 2915; x_wconf 83' lang='lat' dir='ltr'><strong>canon</strong></span> <span class='ocrx_word' id='word_1_617' title='bbox 366 2887 391 2916; x_wconf 83' lang='lat'><strong>6.</strong></span> <span class='ocrx_word' id='word_1_618' title='bbox 1013 2919 1030 2933; x_wconf 38' lang='grc' dir='ltr'>τ</span> 
     </span>
    </p>
   </div>
   <div class='ocr_carea' id='block_1_100' title="bbox 1058 2255 1865 2291">
    <p class='ocr_par' dir='ltr' id='par_1_100' title="bbox 1058 2255 1865 2291">
     <span class='ocr_line' id='line_1_100' title="bbox 1058 2255 1865 2291; baseline 0.001 -9"><span class='ocrx_word' id='word_1_619' title='bbox 1058 2256 1165 2289; x_wconf 79' lang='grc' dir='ltr'>οικίας,</span> <span class='ocrx_word' id='word_1_620' title='bbox 1183 2255 1203 2289; x_wconf 81' lang='grc' dir='ltr'><strong>ἦ</strong></span> <span class='ocrx_word' id='word_1_621' title='bbox 1229 2256 1273 2290; x_wconf 89' lang='grc' dir='ltr'>μὴ</span> <span class='ocrx_word' id='word_1_622' title='bbox 1304 2255 1561 2290; x_wconf 79' lang='grc' dir='ltr'>καταδεξομένου,</span> <span class='ocrx_word' id='word_1_623' title='bbox 1581 2256 1600 2290; x_wconf 71' lang='grc' dir='ltr'>ἢ</span> <span class='ocrx_word' id='word_1_624' title='bbox 1620 2255 1664 2291; x_wconf 79' lang='grc' dir='ltr'>μὴ</span> <span class='ocrx_word' id='word_1_625' title='bbox 1683 2255 1865 2291; x_wconf 81' lang='grc' dir='ltr'>δυναμένου</span> 
     </span>
    </p>
   </div>
   <div class='ocr_carea' id='block_1_101' title="bbox 1056 2301 1210 2329">
    <p class='ocr_par' dir='ltr' id='par_1_101' title="bbox 1056 2301 1210 2329">
     <span class='ocr_line' id='line_1_101' title="bbox 1056 2301 1210 2329; baseline 0 0"><span class='ocrx_word' id='word_1_626' title='bbox 1056 2301 1210 2329; x_wconf 78' lang='grc' dir='ltr'>ἀπελθεῖν.</span> 
     </span>
    </p>
   </div>
   <div class='ocr_carea' id='block_1_102' title="bbox 1100 2347 1867 2386">
    <p class='ocr_par' dir='ltr' id='par_1_102' title="bbox 1100 2347 1867 2386">
     <span class='ocr_line' id='line_1_102' title="bbox 1100 2347 1867 2386; baseline 0.004 -12"><span class='ocrx_word' id='word_1_627' title='bbox 1100 2348 1272 2375; x_wconf 82' lang='grc' dir='ltr'>’Λποστόλων</span> <span class='ocrx_word' id='word_1_628' title='bbox 1299 2347 1389 2375; x_wconf 85' lang='grc' dir='ltr'>κανὼν</span> <span class='ocrx_word' id='word_1_629' title='bbox 1411 2347 1475 2381; x_wconf 79' lang='grc' dir='ltr'>λς’·</span> <span class='ocrx_word' id='word_1_630' title='bbox 1497 2349 1608 2376; x_wconf 87' lang='grc' dir='ltr'>συνόδου</span> <span class='ocrx_word' id='word_1_631' title='bbox 1640 2348 1782 2386; x_wconf 80' lang='grc' dir='ltr'>Ἀγκύρας</span> <span class='ocrx_word' id='word_1_632' title='bbox 1811 2359 1867 2377; x_wconf 76' lang='grc' dir='ltr'>κα-</span> 
     </span>
    </p>
   </div>
   <div class='ocr_carea' id='block_1_103' title="bbox 1056 2392 1870 2430">
    <p class='ocr_par' dir='ltr' id='par_1_103' title="bbox 1056 2392 1870 2430">
     <span class='ocr_line' id='line_1_103' title="bbox 1056 2392 1870 2430; baseline 0 -10"><span class='ocrx_word' id='word_1_633' title='bbox 1056 2393 1111 2421; x_wconf 88' lang='grc' dir='ltr'>νὼν</span> <span class='ocrx_word' id='word_1_634' title='bbox 1129 2392 1181 2428; x_wconf 83' lang='grc' dir='ltr'><strong>ιη’·</strong></span> <span class='ocrx_word' id='word_1_635' title='bbox 1206 2393 1316 2420; x_wconf 81' lang='grc' dir='ltr'>συνόδου</span> <span class='ocrx_word' id='word_1_636' title='bbox 1345 2393 1511 2429; x_wconf 81' lang='grc' dir='ltr'>Ἀντιοχείας</span> <span class='ocrx_word' id='word_1_637' title='bbox 1534 2393 1625 2421; x_wconf 84' lang='grc' dir='ltr'>κανὼν</span> <span class='ocrx_word' id='word_1_638' title='bbox 1643 2393 1686 2426; x_wconf 75' lang='grc' dir='ltr'><strong>ιζ’,</strong></span> <span class='ocrx_word' id='word_1_639' title='bbox 1716 2397 1768 2430; x_wconf 88' lang='grc' dir='ltr'><strong>ιη’·</strong></span> <span class='ocrx_word' id='word_1_640' title='bbox 1797 2403 1870 2421; x_wconf 84' lang='grc' dir='ltr'>συν-</span> 
     </span>
    </p>
   </div>
   <div class='ocr_carea' id='block_1_104' title="bbox 1057 2438 1323 2472">
    <p class='ocr_par' dir='ltr' id='par_1_104' title="bbox 1057 2438 1323 2472">
     <span class='ocr_line' id='line_1_104' title="bbox 1057 2438 1323 2472; baseline 0 -6"><span class='ocrx_word' id='word_1_641' title='bbox 1057 2439 1119 2467; x_wconf 84' lang='grc' dir='ltr'>όδου</span> <span class='ocrx_word' id='word_1_642' title='bbox 1136 2438 1162 2472; x_wconf 85' lang='grc' dir='ltr'>ς’</span> <span class='ocrx_word' id='word_1_643' title='bbox 1174 2438 1264 2466; x_wconf 87' lang='grc' dir='ltr'>κανὼν</span> <span class='ocrx_word' id='word_1_644' title='bbox 1281 2438 1323 2472; x_wconf 76' lang='grc' dir='ltr'><strong>ιζ’.</strong></span> 
     </span>
    </p>
   </div>
   <div class='ocr_carea' id='block_1_105' title="bbox 1095 2505 1870 2542">
    <p class='ocr_par' dir='ltr' id='par_1_105' title="bbox 1095 2505 1870 2542">
     <span class='ocr_line' id='line_1_105' title="bbox 1095 2505 1870 2542; baseline 0.003 -10"><span class='ocrx_word' id='word_1_645' title='bbox 1095 2505 1220 2533; x_wconf 78' lang='grc' dir='ltr'><strong>ΚΕΦΛΛ.</strong></span> <span class='ocrx_word' id='word_1_646' title='bbox 1250 2505 1305 2532; x_wconf 89' lang='lat' dir='ltr'><strong>lll&#39;.</strong></span> <span class='ocrx_word' id='word_1_647' title='bbox 1327 2520 1363 2525; x_wconf 90' lang='lat'><strong>-—-</strong></span> <span class='ocrx_word' id='word_1_648' title='bbox 1388 2506 1459 2540; x_wconf 75' lang='grc' dir='ltr'>Περὶ</span> <span class='ocrx_word' id='word_1_649' title='bbox 1482 2506 1536 2534; x_wconf 79' lang='grc' dir='ltr'>τοῦ</span> <span class='ocrx_word' id='word_1_650' title='bbox 1561 2505 1607 2542; x_wconf 71' lang='grc' dir='ltr'>μὴ</span> <span class='ocrx_word' id='word_1_651' title='bbox 1632 2506 1784 2534; x_wconf 78' lang='grc' dir='ltr'>δύνασθαι</span> <span class='ocrx_word' id='word_1_652' title='bbox 1809 2508 1870 2534; x_wconf 76' lang='grc' dir='ltr'><strong>τὸν</strong></span> 
     </span>
    </p>
   </div>
   <div class='ocr_carea' id='block_1_106' title="bbox 1059 2550 1868 2589">
    <p class='ocr_par' dir='ltr' id='par_1_106' title="bbox 1059 2550 1868 2589">
     <span class='ocr_line' id='line_1_106' title="bbox 1059 2550 1868 2589; baseline 0.004 -11"><span class='ocrx_word' id='word_1_653' title='bbox 1059 2550 1249 2579; x_wconf 79' lang='grc' dir='ltr'>τελευτῶντα</span> <span class='ocrx_word' id='word_1_654' title='bbox 1263 2551 1437 2580; x_wconf 71' lang='grc' dir='ltr'>ἐπίσκοπον</span> <span class='ocrx_word' id='word_1_655' title='bbox 1452 2552 1556 2588; x_wconf 79' lang='grc' dir='ltr'>ἕτερον</span> <span class='ocrx_word' id='word_1_656' title='bbox 1567 2552 1633 2580; x_wconf 81' lang='grc' dir='ltr'>ἀντ’</span> <span class='ocrx_word' id='word_1_657' title='bbox 1651 2553 1747 2581; x_wconf 79' lang='grc' dir='ltr'>αὑτοῦ</span> <span class='ocrx_word' id='word_1_658' title='bbox 1760 2562 1868 2589; x_wconf 76' lang='grc' dir='ltr'>χειροο</span> 
     </span>
    </p>
   </div>
   <div class='ocr_carea' id='block_1_107' title="bbox 1058 2605 1169 2624">
    <p class='ocr_par' dir='ltr' id='par_1_107' title="bbox 1058 2605 1169 2624">
     <span class='ocr_line' id='line_1_107' title="bbox 1058 2605 1169 2624; baseline 0.009 -1"><span class='ocrx_word' id='word_1_659' title='bbox 1058 2605 1075 2623; x_wconf 84' lang='grc' dir='ltr'><em>τ</em></span> <span class='ocrx_word' id='word_1_660' title='bbox 1077 2605 1169 2624; x_wconf 80' lang='grc' dir='ltr'>ονειν.</span> 
     </span>
    </p>
   </div>
   <div class='ocr_carea' id='block_1_108' title="bbox 1097 2642 1871 2678">
    <p class='ocr_par' dir='ltr' id='par_1_108' title="bbox 1097 2642 1871 2678">
     <span class='ocr_line' id='line_1_108' title="bbox 1097 2642 1871 2678; baseline 0.006 -10"><span class='ocrx_word' id='word_1_661' title='bbox 1097 2642 1159 2668; x_wconf 80' lang='grc' dir='ltr'><strong>Τῶν</strong></span> <span class='ocrx_word' id='word_1_662' title='bbox 1174 2642 1261 2678; x_wconf 80' lang='grc' dir='ltr'>ἁγίων</span> <span class='ocrx_word' id='word_1_663' title='bbox 1271 2643 1430 2671; x_wconf 85' lang='grc' dir='ltr'>ἀποστόλων</span> <span class='ocrx_word' id='word_1_664' title='bbox 1443 2643 1534 2671; x_wconf 83' lang='grc' dir='ltr'>κανὼν</span> <span class='ocrx_word' id='word_1_665' title='bbox 1550 2643 1593 2676; x_wconf 86' lang='grc' dir='ltr'>ος¹</span> <span class='ocrx_word' id='word_1_666' title='bbox 1603 2651 1611 2658; x_wconf 90' lang='grc'>·</span> <span class='ocrx_word' id='word_1_667' title='bbox 1626 2644 1738 2671; x_wconf 87' lang='grc' dir='ltr'>συνόδου</span> <span class='ocrx_word' id='word_1_668' title='bbox 1757 2645 1871 2673; x_wconf 57' lang='grc' dir='ltr'>Ἀντιο-</span> 
     </span>
    </p>
   </div>
   <div class='ocr_carea' id='block_1_109' title="bbox 1060 2688 1358 2724">
    <p class='ocr_par' dir='ltr' id='par_1_109' title="bbox 1060 2688 1358 2724">
     <span class='ocr_line' id='line_1_109' title="bbox 1060 2688 1358 2724; baseline 0.007 -10"><span class='ocrx_word' id='word_1_669' title='bbox 1060 2688 1137 2724; x_wconf 82' lang='grc' dir='ltr'>χείας</span> <span class='ocrx_word' id='word_1_670' title='bbox 1152 2688 1243 2716; x_wconf 85' lang='grc' dir='ltr'>κανὼν</span> <span class='ocrx_word' id='word_1_671' title='bbox 1260 2688 1314 2724; x_wconf 84' lang='grc' dir='ltr'>κγ’.</span> <span class='ocrx_word' id='word_1_672' title='bbox 1355 2714 1358 2715; x_wconf 62' lang='lat'>,</span> 
     </span>
    </p>
   </div>
   <div class='ocr_carea' id='block_1_110' title="bbox 1099 2755 1872 2794">
    <p class='ocr_par' dir='ltr' id='par_1_110' title="bbox 1099 2755 1872 2794">
     <span class='ocr_line' id='line_1_110' title="bbox 1099 2755 1872 2794; baseline 0.008 -12"><span class='ocrx_word' id='word_1_673' title='bbox 1099 2756 1223 2783; x_wconf 82' lang='grc' dir='ltr'><strong>ΚΕΦΛΛ.</strong></span> <span class='ocrx_word' id='word_1_674' title='bbox 1243 2755 1294 2785; x_wconf 86' lang='grc' dir='ltr'><strong>1Θ’.</strong></span> <span class='ocrx_word' id='word_1_675' title='bbox 1309 2773 1343 2779; x_wconf 93' lang='grc'><strong>-</strong></span> <span class='ocrx_word' id='word_1_676' title='bbox 1359 2757 1429 2792; x_wconf 77' lang='grc' dir='ltr'>Περὶ</span> <span class='ocrx_word' id='word_1_677' title='bbox 1445 2759 1498 2786; x_wconf 82' lang='grc' dir='ltr'>τοῦ</span> <span class='ocrx_word' id='word_1_678' title='bbox 1519 2759 1564 2794; x_wconf 83' lang='grc' dir='ltr'>μὴ</span> <span class='ocrx_word' id='word_1_679' title='bbox 1586 2760 1690 2794; x_wconf 73' lang='grc' dir='ltr'>ἁπλῶς</span> <span class='ocrx_word' id='word_1_680' title='bbox 1713 2761 1749 2787; x_wconf 85' lang='grc' dir='ltr'><strong>ὲν</strong></span> <span class='ocrx_word' id='word_1_681' title='bbox 1773 2761 1872 2788; x_wconf 72' lang='grc' dir='ltr'>πόλει</span> 
     </span>
    </p>
   </div>
   <div class='ocr_carea' id='block_1_111' title="bbox 1060 2803 1686 2839">
    <p class='ocr_par' dir='ltr' id='par_1_111' title="bbox 1060 2803 1686 2839">
     <span class='ocr_line' id='line_1_111' title="bbox 1060 2803 1686 2839; baseline 0.01 -11"><span class='ocrx_word' id='word_1_682' title='bbox 1060 2803 1201 2838; x_wconf 79' lang='grc' dir='ltr'>βραχείᾳ,</span> <span class='ocrx_word' id='word_1_683' title='bbox 1217 2803 1236 2838; x_wconf 81' lang='grc' dir='ltr'>ἢ</span> <span class='ocrx_word' id='word_1_684' title='bbox 1255 2803 1337 2839; x_wconf 80' lang='grc' dir='ltr'><strong>κώμῃ</strong></span> <span class='ocrx_word' id='word_1_685' title='bbox 1352 2804 1489 2838; x_wconf 78' lang='grc' dir='ltr'>τίνεσθαι</span> <span class='ocrx_word' id='word_1_686' title='bbox 1506 2806 1686 2834; x_wconf 77' lang='grc' dir='ltr'>ἐπίσκοπον.</span> 
     </span>
    </p>
   </div>
   <div class='ocr_carea' id='block_1_112' title="bbox 1099 2849 1875 2891">
    <p class='ocr_par' dir='ltr' id='par_1_112' title="bbox 1099 2849 1875 2891">
     <span class='ocr_line' id='line_1_112' title="bbox 1099 2849 1875 2891; baseline 0.013 -16"><span class='ocrx_word' id='word_1_687' title='bbox 1099 2849 1214 2877; x_wconf 80' lang='grc' dir='ltr'>Συνόδου</span> <span class='ocrx_word' id='word_1_688' title='bbox 1231 2851 1393 2884; x_wconf 84' lang='grc' dir='ltr'>Λαοδικείας</span> <span class='ocrx_word' id='word_1_689' title='bbox 1408 2851 1498 2880; x_wconf 62' lang='grc' dir='ltr'>κανὼν</span> <span class='ocrx_word' id='word_1_690' title='bbox 1513 2851 1551 2885; x_wconf 72' lang='grc' dir='ltr'><strong>νζ¹</strong></span> <span class='ocrx_word' id='word_1_691' title='bbox 1564 2862 1570 2868; x_wconf 89' lang='grc'>·</span> <span class='ocrx_word' id='word_1_692' title='bbox 1595 2854 1704 2881; x_wconf 71' lang='grc' dir='ltr'>συνόδου</span> <span class='ocrx_word' id='word_1_693' title='bbox 1725 2855 1875 2891; x_wconf 80' lang='grc' dir='ltr'>Σαρδικῆς</span> 
     </span>
    </p>
   </div>
   <div class='ocr_carea' id='block_1_113' title="bbox 1066 2904 1204 2928">
    <p class='ocr_par' dir='ltr' id='par_1_113' title="bbox 1066 2904 1204 2928">
     <span class='ocr_line' id='line_1_113' title="bbox 1066 2904 1204 2928; baseline 0.007 -5"><span class='ocrx_word' id='word_1_694' title='bbox 1066 2904 1154 2924; x_wconf 81' lang='grc' dir='ltr'>κανων</span> <span class='ocrx_word' id='word_1_695' title='bbox 1168 2904 1187 2928; x_wconf 83' lang='grc' dir='ltr'><strong>ς</strong></span> <span class='ocrx_word' id='word_1_696' title='bbox 1197 2916 1204 2924; x_wconf 66' lang='grc' dir='ltr'><strong>ι</strong></span> 
     </span>
    </p>
   </div>
  </div>
