1956 3049
143 185 210 219 1001

588 187 832 219 NOMOCANON.
852 201 888 207 —
906 189 982 221 TIT.
1003 189 1028 227 Ι,
1050 190 1130 221 CAP.
1158 191 1338 223 XV-XXIII.

1722 192 1790 224 1002

175 244 303 272 ΚΕΦΑΛ.
319 243 407 272 K'.--
423 243 492 278 Περὶ
509 244 563 272 τοῦ
572 244 616 280 μὴ
633 244 712 272 εἶναι
729 246 765 273 ἐν
772 245 828 281 μιᾷ
847 247 937 282 exap-

1026 247 1102 276 CAP.
1118 247 1178 276 XX.
1192 264 1227 269 -
1242 249 1285 276 Ne
1306 250 1333 277 in
1345 257 1398 276 una
1415 251 1552 286 provincia
1571 251 1622 278 duo
1636 251 1789 286 metropoli-

142 290 194 325 χίᾳ
209 289 265 317 δύο
284 290 519 325 μητροπολίτας,
535 290 555 324 ἢ
569 290 604 317 ἐν
614 289 670 325 μιᾷ
690 291 778 318 πόλει
798 290 854 319 δύο
876 291 941 319 ἐπι-

142 336 293 369 σκόπους,
314 335 334 370 ἢ
347 336 382 362 ἐν
401 335 474 363 δυσὶ
495 336 626 363 πόλεσιν
642 336 696 363 ἕνα
710 337 868 372 κληρικὸν.

184 381 298 408 Συνόδου
317 381 438 413 Νικαίας
465 381 558 409 κανὼν
576 381 602 417 η’
614 390 622 398 '
642 382 754 410 συνόδου
768 382 942 418 Χαλκηδόνος

142 427 234 455 κανὼν
250 427 276 460 ι’,
295 427 329 463 ιβ’
341 436 348 443 ·
364 428 476 454 συνόδου
493 428 610 461 Νικαίας
631 429 662 456 τὸ
678 428 712 464 β’,
733 429 825 457 κανὼν
845 429 888 457 ιε’.

178 474 333 509 Κείμενογ,
358 473 387 500 '0
413 473 602 506 Ἐλενόποντος
624 475 671 502 δύο
693 476 750 510 ἔχει
776 476 943 513 μητροπολί-

142 530 203 554 τας,
216 529 243 549 κ.
271 529 298 548 τ.
329 521 367 554 λ..
385 527 474 556 usque
494 521 529 549 ad
558 521 629 550 διάτ.
651 521 689 549 λθ¹
715 522 762 549 τοῦ
791 523 874 549 αὑτοῦ
903 523 943 550 τί-

139 567 214 595 τλου.

176 614 319 649 Σχόαῑιον.
341 613 373 640 Ἦ
385 617 429 650 κη’
443 615 528 650 νεαρὰ
543 615 630 642 κεῖται
644 615 684 647 εἰς
701 614 803 650 βιϐλίον
818 615 873 642 τῶν
885 616 940 642 Βα-

143 660 256 688 σιλικῶν
269 659 308 694 ς’,
322 660 375 688 τίτ.
396 660 439 696 ιβ’,
460 669 524 695 κεφ.
537 659 573 693 α’,
592 661 653 696 ἥτις
670 661 788 688 ἐνταῦθα
802 662 852 688 οὐκ
863 662 942 698 ἐτέοη

143 706 210 742 παρ’
232 706 313 742 ἡμῶν
329 707 374 733 διὰ
387 706 420 733 τδ
437 707 566 741 μεγάλως
586 706 766 742 ἀλλοιωθῆναι
782 708 832 744 τὴν
847 708 901 735 τῶν
915 710 944 735 ὲν

141 753 228 788 ταύτῃ
239 752 414 788 δηλουμένων
427 753 526 788 χωρῶν
537 754 706 780 κατάστασιν
721 753 774 780 ὑπὸ
789 754 842 781 τῶν
856 754 943 781 ἀθέων

143 799 307 835 Βαρϐάρων,
316 799 364 825 καὶ
375 798 420 826 διὰ
429 799 510 826 τοῦτο
522 799 699 836 ἀπρακτῆσαι
713 801 760 827 καὶ
771 801 806 827 τὰ
818 801 869 836 τῆς
883 809 945 828 νεα-

141 846 204 881 ρᾶς.
221 845 305 882 Καὶ,ὴ
321 845 364 872 κθ¹
380 845 466 881 νεαρὰ
500 846 607 882 ἐγράφη
622 849 661 879 εἰς
676 847 778 882 βιϐλίον
793 847 848 874 τῶν
863 848 944 875 Βατι-

139 895 226 922 λικῶν
241 894 280 927 ς’,
294 895 349 922 τίτ.
367 894 412 930 ιγ’,
427 903 490 930 κεφ.
506 890 542 928 α’,
559 895 677 922 ἐνταῦθα
692 895 720 922 δὲ
736 895 786 921 οὐκ
804 895 884 929 ἐτέθη
900 894 944 920 διὰ

137 942 188 977 τὴν
209 942 295 978 αὐτὴν
318 943 419 970 αἰτίαν.
445 942 477 969 Ἦ
498 942 535 969 λε’
564 942 635 969 διάτ.
660 941 707 968 τοῦ
734 940 758 976 γ’
780 941 834 968 τίτ.
853 941 899 967 τοῦ
915 940 939 967 α’

141 988 245 1024 βιϐλίου
257 988 304 1015 τοῦ
323 989 439 1020 κώδικός
452 990 509 1016 ἐστι
524 997 589 1023 κεφ.
616 988 651 1022 γ’,
672 988 719 1015 τοῦ
738 987 762 1014 α’
778 987 831 1015 τίτ.
851 987 899 1014 τοῦ
916 986 940 1021 γ’

140 1035 245 1071 βιϐλίου
272 1035 328 1062 τῶν
351 1035 600 1066 Βασιλικῶν,οὓτω
617 1035 714 1070 λέγονο
735 1034 787 1062 Τὸν
808 1033 941 1069 ἀφαιρού-

141 1090 223 1117 μενον
237 1082 342 1113 πόλεως
367 1081 530 1117 οίασδήποτέ
547 1090 620 1113 τινος
643 1081 727 1108 πάλαι
742 1079 836 1116 οὔσης,
859 1080 876 1116 ἦ
891 1080 940 1106 νῦν

141 1127 317 1164 πολισθείσης
328 1129 359 1154 τδ
369 1128 418 1162 τῆς
433 1128 521 1162 ίδικῆς
537 1128 691 1162 ἐπισκοπῆς
707 1127 809 1154 δίκαιον
819 1126 835 1162 ἢ
846 1125 941 1161 ἕτερον

141 1174 290 1210 προνόμιον
320 1174 373 1201 κᾶν
400 1174 455 1201 ἀπὸ
481 1173 627 1209 βασιλικῆς
651 1173 814 1208 ἐπιτροπῆς,
848 1173 943 1207 ἀτιμοῖ

141 1220 190 1247 καὶ
206 1220 323 1256 δημεύει
342 1221 358 1255 ἡ
374 1219 506 1252 διάταξις,
523 1220 665 1256 ἀκυροῦσα
683 1220 730 1246 καὶ
745 1220 794 1254 τὴν
814 1218 942 1254 ἐγχείρη-

143 1273 196 1298 σιν,
212 1265 357 1301 ὑπεξαιρεῖ
373 1265 401 1292 δὲ
417 1265 467 1297 τὰς
482 1266 511 1291 ἐν
526 1265 630 1300 Σκυθίᾳ
647 1265 782 1300 ἔτιαρχίας
799 1264 845 1291 καὶ
859 1264 941 1291 Λεον-

141 1312 252 1339 τόπολιν
269 1312 319 1346 τῆς
339 1311 488 1347 ἰσαυρίας.
509 1312 541 1338 Ἦ
559 1311 587 1338 δὲ
604 1311 642 1338 λθ¹
657 1311 778 1344 διάταξις
794 1310 842 1337 τοῦ
858 1309 941 1337 αὐτοῦ

140 1359 196 1384 τίτ.
213 1359 261 1385 καὶ
276 1357 380 1393 βιϐλίου
393 1359 444 1385 οὐκ
458 1357 538 1393 ἐτέθη
556 1358 596 1389 εἰς
606 1357 641 1384 τὰ
654 1357 797 1384 Βασιλικά.
814 1356 940 1392 Σημείω-

142 1413 188 1432 σαι
212 1404 252 1440 τῷ
272 1403 391 1431 ἐνταῦθα
417 1403 641 1439 καταστρωθέντι
658 1403 733 1438 νόμῳ
754 1403 839 1439 ήγουν
864 1402 903 1438 τῷ
917 1411 942 1437 γ’

141 1458 206 1485 κεφ.
221 1449 269 1476 τοῦ
283 1449 307 1476 α’
320 1450 373 1477 τίτ.
383 1450 431 1477 τοῦ
447 1449 584 1485 γ’βιϐλίου
604 1450 642 1485 μὴ
653 1450 787 1486 πρόσχῃς.
804 1449 940 1485 Ἀνῃρέθη

144 1498 200 1536 γὰρ
216 1499 270 1526 ὑπὸ
290 1500 338 1526 τοῦ
364 1498 398 1531 ιζ’
415 1499 528 1530 κανόνος
541 1499 590 1533 τῆς
604 1498 634 1524 ὲν
652 1497 804 1533 Χαλκηδόνι
820 1497 941 1530 συνόδου,

141 1545 253 1573 καὶτοῦ
274 1546 315 1582 λη’
345 1547 457 1577 κανόνος
480 1546 531 1580 τῆς
559 1545 589 1571 ἑν
611 1544 649 1580 τῷ
669 1544 797 1581 Τρούλλῳ
820 1543 941 1571 συνόδου.

143 1594 198 1620 Καὶ
208 1593 347 1628 ἀνάγνωθι
360 1593 407 1620 τὸν
434 1593 555 1619 τοιοῦτον
565 1590 606 1627 λη’
623 1591 722 1618 κανόνα
734 1591 781 1640 κα).
794 1591 842 1626 τὴν
854 1591 942 1640 ἑρμη-
957 1610 978 1640 C

141 1639 217 1666 νείαν
246 1638 329 1666 αὑτοῦ
342 1647 349 1654 ·
365 1637 598 1673 κατεστρώθησαν
615 1637 670 1672 γὰρ
696 1637 725 1662 ὲν
743 1636 813 1672 αὐτῇ
833 1636 940 1671 σημείῳ

143 1685 214 1721 μετὰ
227 1684 356 1720 βασιλικὰ
367 1686 479 1721 ῥήματα
489 1683 711 1720 διαλαμϐάνοντα
722 1683 780 1715 πῶς
790 1683 847 1714 τοῖς
862 1682 939 1717 βασι-

141 1732 219 1759 λεῦσι
237 1733 342 1766 ἐφεῖται
366 1731 584 1766 ἐκκλησιαστικὰ
609 1729 825 1765 μετασκευάζειν
846 1729 939 1755 δίκαια

142 1778 191 1804 καὶ
217 1777 364 1814 προνόμια.
386 1778 544 1813 Σημείωσαι
558 1777 608 1803 "il
628 1775 668 1803 λθ¹
687 1775 758 1802 διάτ.
779 1775 828 1802 τοῦ
842 1774 868 1810 γ’
883 1775 936 1804 τίτ.

141 1822 188 1849 τοῦ
204 1822 227 1849 α’
243 1822 347 1858 βιὸλίου
359 1822 406 1850 τοῦ
420 1821 537 1854 κώδικος
549 1823 566 1858 ἡ
577 1821 748 1858 διοριζομένη
766 1821 803 1857 μὴ
816 1820 940 1856 γίνεσθαί

141 1877 204 1896 τινα
218 1869 265 1896 δύο
290 1869 492 1905 μοναστηρίων,
510 1868 547 1904 μὴ
563 1868 710 1903 ὀφείλουσα
721 1860 844 1904 ὲνέργεῖν
856 1868 900 1894 διὰ
910 1867 940 1893 τὸ

144 1916 182 1952 μὴ
198 1915 310 1951 τεθῆναι
332 1916 372 1947 είς
391 1916 426 1942 τὰ
442 1915 582 1950 βασιλικὰ,
599 1915 708 1949 ἐνεργεῖ
731 1913 885 1946 ἀκολούθως
900 1913 940 1949 τῷ

143 1961 175 1989 ιε’
199 1961 292 1988 κανόνι
303 1961 354 1996 τῆς
366 1960 387 1994 ζ’
401 1962 513 1988 συνόδου
529 1961 568 1998 τῷ
580 1960 759 1996 διοριζομένῳ
769 1960 806 1996 μὴ
816 1960 940 1994 γίνεσθαί

143 2015 204 2034 τινα
216 2006 348 2042 κληρικόν
365 2008 405 2038 είς
419 2006 465 2033 δύο
476 2006 624 2041 ἐκκλησίας
641 2007 704 2042 μιᾶς
718 2006 832 2038 πόλεως.
842 2005 875 2033 Εἰ
885 2006 940 2040 γὰρ

143 2054 194 2080 οὐκ
205 2053 309 2088 ἐφεῖται
320 2053 490 2089 κληροῦσθαι
501 2062 561 2079 τινα
573 2054 613 2084 εἰς
621 2052 667 2079 δύο
679 2052 838 2088 ἐκκλησίας,
849 2051 940 2085 πολλῷ

144 2100 225 2127 πλέον
244 2100 305 2127 οὐδὲ
321 2099 526 2135 ήγούμενοςδύο
536 2099 726 2135 μοναστηρίων
742 2098 937 2134 προστήσεται,

143 2146 238 2182 ὥσπερ
248 2146 309 2172 οὐδὲ
319 2145 425 2181 κεφαλὴ
439 2146 488 2181 μία
502 2145 549 2172 δύο
560 2146 705 2181 σωμάτων.
718 2145 755 2172 Τὸ
765 2144 794 2171 δὲ
806 2145 940 2179 προΐστα-

144 2191 207 2219 σθαι
226 2192 272 2218 τὸν
287 2191 546 2228 Παντοκρατορηνδν
557 2191 709 2227 ἡγούμενον
733 2190 838 2218 πολλῶν
854 2199 939 2226 μονα-

144 2237 265 2272 στηρίων
291 2237 342 2263 οὐκ
361 2236 530 2264 ἐναντιοῦται
549 2237 589 2272 τῷ
609 2237 719 2264 κανόνι·
733 2237 764 2263 τὺ
783 2237 838 2272 γὰρ
853 2235 939 2263 πολλὰ

146 2283 317 2318 μοναστὴρια
334 2283 372 2314 ὡς
395 2282 424 2309 ἓν
440 2282 607 2317 λογίζονται,
620 2283 665 2310 διὰ
687 2283 718 2310 τὸ
742 2283 802 2310 κατ’
822 2283 942 2310 ἐπίδοσιν
960 2292 982 2320 ι)

144 2329 301 2364 περιελθεῖν
316 2329 356 2360 είς
371 2329 417 2355 τὸν
432 2330 653 2365 παντοκράτορα.

181 2376 310 2403 ΚΕΦΛΛ.
334 2374 399 2402 KA'.
412 2391 447 2396 —
471 2377 540 2411 Περὶ
557 2377 618 2404 τῶν
633 2377 888 2412 χειροτονούντων
909 2377 944 2403 ἐν

147 2423 211 2456 ταῖς
237 2423 279 2458 μὴ
305 2423 414 2455 οὔσαις
443 2422 494 2451 ὑπ’
517 2423 630 2457 αὐτοὺς
656 2424 787 2451 πόλεσιν
809 2423 828 2458 ἣ
851 2423 944 2458 ἐπαρ-

146 2471 238 2505 χΙιιις.

190 2517 361 2545 ’Λποστόλων
387 2517 477 2546 κανὼν
493 2517 530 2544 λε’
541 2525 548 2534 ·

147 2563 201 2590 νὼν
216 2563 260 2598 ιγ’,
276 2563 318 2599 νβ’
329 2573 335 2580 ·
351 2565 461 2592 συνόδου
485 2565 598 2598 Ἐφέσου
614 2563 704 2590 κανὼν
720 2563 756 2599 η’.

184 2609 311 2638 ΚΕΦΛΛ.
341 2610 403 2638 Kll’.
427 2627 462 2631 —
486 2611 557 2646 Περὶ
583 2610 642 2638 τῶν
669 2610 718 2639 διὰ
751 2610 943 2645 προστασίας

146 2657 304 2692 ἀρχόντων
318 2658 484 2693 γινομένων
501 2657 654 2693 ἑγιιρατῶν
669 2656 853 2690 ἐκκλησιῶν.

190 2705 362 2731 Ἀποστόλων
405 2704 495 2731 κανὼν
521 2703 543 2732 λ’
558 2712 564 2718 ·
595 2704 705 2731 συνόδου
729 2704 849 2736 Νικαίας
872 2703 903 2731 τὸ
922 2703 945 2739 β’

149 2751 241 2778 κανὼν
251 2751 286 2786 γ’.

572 2517 682 2544 συνόδου
703 2515 872 2552 Ἀντιοχείας
895 2524 945 2542 κα-

192 2798 342 2832 Ἀνὰγνωθι
358 2798 387 2825 τὸ
404 2801 427 2826 α’
451 2808 514 2833 κεφ.
537 2797 583 2825 τοῦ
610 2797 636 2834 η’
661 2798 716 2826 τίτ.
733 2797 780 2825 τοῦ
797 2807 854 2834 παρ
869 2798 946 2830 όντος

153 2844 354 2880 συντάγματος,
370 2846 417 2872 καὶ
436 2846 471 2873 τὰ
487 2846 516 2872 ἐν
531 2845 606 2880 αὐτῷ
624 2846 896 2881 παραγεγραμμὲνα.

188 2891 315 2919 ΚΕΦᾹΛ.
334 2892 398 2919 Kl".
411 2908 446 2912 —
462 2893 531 2927 Περὶ
549 2891 608 2920 τῶν
623 2892 672 2920 διὰ
685 2892 782 2928 τάμον
795 2892 815 2928 ἣ
827 2894 946 2921 παλλα-

153 2937 264 2973 κισμὸν
276 2937 319 2973 μὴ
330 2938 603 2974 χειροτονουμένων
617 2938 803 2967 ἐπισκόπων.

317 2988 451 3019 ΡΑτιιοι..
467 2989 525 3021 Gn.
544 2987 622 3019 CIV.

997 295 1054 321 ι(ιηί
1068 295 1131 328 sint,
1148 300 1195 322 aut
1214 296 1242 323 in
1267 290 1323 324 una
1351 297 1461 325 civitate
1490 297 1544 325 duo
1560 297 1686 333 episcopi,
1700 303 1747 326 aut
1762 299 1790 324 in

994 339 1098 368 duabus
1115 337 1267 369 civitatibus
1288 351 1357 370 unus
1375 343 1499 371 clericus.

1031 387 1148 415 Concilii
1172 387 1274 416 Nicatni
1301 396 1390 417 canon
1409 389 1441 423 7;
1459 390 1569 418 concilii
1583 389 1791 419 Chalcedonen-

994 432 1033 460 sis
1049 440 1137 460 canon
1152 433 1196 466 10,
1213 433 1262 467 12ς
1278 434 1387 462 concilii
1400 434 1503 462 Nicacni
1519 436 1633 464 secundi
1645 444 1732 463 canon
1743 436 1789 463 15.

1032 477 1142 506 Toxlus.
1154 477 1359 515 Helenopontus
1373 480 1442 508 duos
1458 481 1683 516 metropolitanos
1699 481 1791 514 habet,

994 522 1060 558 e'tc.,
1074 531 1156 559 usque
1166 523 1201 551 ad
1212 529 1338 559 ut_const.
1353 526 1398 559 59,
1408 526 1531 562 ejusdem
1548 527 1603 560 tit.,
1618 533 1646 554 ut
1659 527 1792 563 ρας-510.

1031 617 1179 645 Scholium.
1213 617 1324 646 Novella
1337 620 1373 648 28
1387 620 1475 655 posita
1491 626 1533 648 est
1549 620 1576 648 in
1593 620 1641 648 lib.
1658 628 1694 648 vt.
1711 621 1792 649 Basil.

995 664 1038 690 tit.
1055 663 1100 696 I2,
1115 672 1176 700 cap.
1196 663 1222 697 I,
1239 673 1300 700 qua:
1315 665 1359 693 hic
1374 674 1388 693 a
1404 666 1484 694 nobis
1507 665 1593 702 [ideo]
1611 675 1664 694 non
1680 672 1722 694 est
1742 675 1790 702 po-

995 710 1059 743 sita,
1080 712 1153 746 quod
1165 719 1284 746 quarum
1303 712 1446 747 regionum
1458 713 1625 740 mentionem
1643 714 1718 745 facit,
1733 714 1794 741 illa—

996 764 1058 783 rum
1086 757 1204 785 multum
1236 759 1271 786 ab
1301 759 1394 794 impiis
1417 758 1548 786 Barbaris
1574 759 1736 788 immutatus
1757 761 1794 787 sit

996 807 1096 835 status,
1113 811 1202 839 eaque
1219 805 1325 832 ratione
1336 805 1422 832 irritae
1433 804 1512 833 factm
1528 805 1719 834 sintnovellaa.
1737 805 1794 833 No-

996 848 1066 876 vella
1090 857 1154 876 vero
1182 849 1217 877 29
1240 850 1343 885 scripta
1364 851 1445 879 estin
1467 851 1516 878 lib.
1534 850 1618 879 Basil.
1642 852 1669 884 6,
1687 853 1728 879 tit.
1746 852 1793 883 15.

997 902 1059 929 cap.
1076 896 1101 929 I;
1115 895 1160 923 hic
1174 900 1267 923 autem
1284 901 1397 932 propter
1411 897 1536 924 eamdem
1551 905 1664 925 causam
1680 906 1734 926 non
1752 902 1795 925 est

998 941 1098 975 posita.
1113 941 1198 968 Porro
1211 941 1246 968 55
1270 947 1358 970 consl.
1383 942 1425 969 tit.
1439 943 1457 970 5
1471 942 1517 970 lib.
1529 950 1548 975 ι,
1563 943 1624 970 cod.
1638 947 1680 970 est
1693 951 1753 978 cap.
1765 944 1793 974 ’.5,

997 987 1040 1014 lit.
1060 987 1071 1014 I
1102 987 1149 1015 lib.
1168 987 1196 1019 3.
1213 987 1309 1020 Basil.,
1325 988 1398 1023 quod
1412 988 1453 1016 sic
1465 988 1520 1015 ait:
1535 987 1616 1021 Eum,
1633 988 1679 1024 qui
1696 996 1794 1023 quam<

998 1042 1107 1069 cunque
1134 1041 1255 1062 veterem
1283 1039 1332 1062 aut
1361 1042 1457 1063 recens
1484 1035 1624 1063 conditam
1652 1035 1794 1063 civitatem

998 1079 1103 1115 proprii
1119 1080 1296 1115 episcopatus
1307 1080 1380 1115 jure,
1413 1080 1504 1108 aliove
1523 1081 1667 1117 privilegio
1693 1081 1793 1116 privat.

998 1126 1108 1154 tametsi
1125 1126 1259 1161 principis
1275 1126 1413 1161 permissu
1429 1125 1468 1163 [id
1488 1126 1580 1163 faciat]
1594 1136 1601 1154 :
1618 1126 1731 1154 infamia
1745 1135 1795 1154 uo-

998 1177 1037 1199 tat
1051 1171 1203 1207 multatque
1229 1172 1309 1200 bonis
1320 1173 1491 1204 constitutio,
1503 1180 1536 1200 ac
1556 1173 1639 1200 simul
1655 1174 1795 1208 inceptum

997 1217 1065 1246 facit
1079 1218 1200 1246 irritum.
1216 1218 1326 1254 Excipit
1339 1223 1430 1246 autem
1448 1218 1566 1255 Scythiie
1583 1220 1754 1255 provincias,
1767 1225 1796 1247 et

998 1264 1189 1300 Leontopolim
1205 1266 1233 1293 in
1255 1265 1372 1293 Isauria.
1394 1265 1552 1302 [Deinceps]
1573 1273 1639 1293 vero
1652 1266 1718 1294 huic
1734 1267 1795 1294 loco

999 1311 1110 1339 insertae
1132 1311 1184 1347 legi
1207 1313 1281 1347 (cap.
1308 1311 1433 1340 videlicet
1448 1312 1476 1345 ὅ,
1497 1313 1540 1340 tit.
1572 1320 1591 1345 ι,
1624 1312 1711 1347 Iib.5)
1731 1313 1794 1340 ani-

1005 1364 1081 1384 mum
1107 1364 1142 1384 ne
1170 1357 1309 1385 advertas.
1332 1357 1475 1393 Siquidem
1502 1365 1518 1385 a
1545 1365 1652 1385 canone
1671 1358 1685 1384 7
1711 1358 1793 1386 Chal—

999 1404 1163 1431 cedonensis
1189 1405 1309 1438 concilii,
1335 1409 1362 1432 et
1378 1412 1485 1432 canone
1516 1404 1552 1432 58
1577 1405 1604 1432 iu
1623 1404 1719 1432 Trullo
1734 1405 1794 1441 [ha-

999 1450 1060 1487 biti]
1076 1451 1198 1484 concilii,
1221 1455 1262 1478 est
1279 1450 1420 1486 abrogata.
1440 1450 1528 1485 Legas
1545 1455 1638 1477 autem
1653 1450 1688 1477 58
1715 1450 1791 1478 illum

999 1506 1144 1530 canonem.
1174 1498 1291 1534 ejusque
1334 1498 1549 1532 expositionem.
1595 1498 1700 1526 Inserta
1728 1503 1794 1525 sunt

999 1547 1072 1574 enim
1088 1547 1126 1574 illi
1145 1546 1242 1581 scripti
1258 1546 1428 1581 imperatorii
1453 1545 1548 1576 verba,
1565 1553 1638 1580 quae,
1654 1545 1794 1580 quomodo

999 1593 1212 1629 imperatoribus
1224 1592 1284 1627 jura
1293 1592 1489 1627 privilegiaque
1498 1591 1687 1619 ecclesiastica
1700 1595 1794 1619 trans-

998 1644 1107 1667 mutare
1133 1638 1310 1670 concedatur,
1325 1638 1472 1672 explicant.
1500 1636 1619 1665 Constil.
1638 1637 1684 1670 59,
1701 1637 1745 1664 tit.
1765 1637 1792 1669 5,

998 1686 1044 1713 lib.
1060 1693 1081 1717 I,
1089 1684 1151 1713 cod.
1159 1692 1220 1719 quae
1229 1684 1324 1712 statuit
1337 1693 1371 1712 ne
1382 1685 1444 1719 quis
1455 1685 1552 1720 praesul
1566 1685 1685 1713 duorum
1697 1693 1780 1713 mona
1793 1702 1795 1705 τ

997 1732 1144 1760 steriornm
1154 1733 1211 1765 (lat,
1224 1730 1406 1768 [quanquam]
1420 1732 1522 1760 nullius
1537 1732 1664 1760 etiicaciaa
1675 1740 1736 1760 esse
1745 1733 1794 1759 de—

998 1779 1072 1811 beat.
1096 1779 1170 1814 quod
1189 1779 1216 1805 in
1231 1777 1359 1806 Basilicis
1374 1779 1466 1812 posita
1495 1786 1550 1806 non
1574 1779 1627 1806 sit:
1643 1778 1792 1806 clllcaciam

998 1824 1115 1861 [tamen]
1129 1825 1211 1852 habet
1222 1831 1255 1852 ex
1271 1824 1497 1859 interpretatione
1514 1825 1548 1852 Η
1557 1825 1672 1852 canonis
1679 1825 1791 1853 concilii

997 1871 1108 1905 septimi
1120 1870 1326 1903 constituentis,
1350 1878 1386 1897 ne
1401 1870 1464 1906 quis
1489 1871 1516 1898 in
1532 1871 1641 1898 duabus
1663 1871 1791 1899 ecclesiis

999 1917 1081 1945 unius
1101 1917 1178 1944 urbis
1193 1917 1311 1944 clericus
1334 1916 1391 1944 fiat.
1406 1917 1434 1944 Si
1450 1925 1570 1952 namque
1583 1925 1636 1944 non
1652 1917 1792 1952 permitti-

999 1966 1043 1989 tur
1069 1963 1197 1997 cuiquam
1227 1962 1254 1989 in
1274 1962 1380 1989 duabus
1411 1962 1537 1990 ecclesiis
1560 1962 1693 1989 clericum
1719 1962 1789 1993 ﬁeri,

999 2008 1084 2035 multo
1109 2008 1196 2042 magis
1211 2007 1311 2042 prtesul
1332 2007 1387 2034 duo
1403 2007 1571 2035 monasteria
1593 2015 1649 2034 non
1663 2007 1790 2035 modera-

998 2054 1086 2081 bitur:
1102 2053 1334 2088 quemadmodum
1352 2060 1440 2087 neque
1456 2060 1541 2079 unum
1557 2056 1641 2087 caput
1653 2052 1709 2079 duo
1725 2060 1789 2080 cor-

997 2108 1073 2136 pora.
1102 2100 1179 2133 Quod
1198 2105 1289 2126 autem
1305 2098 1556 2126 I’antocratorcnus
1580 2098 1680 2134 praesul
1696 2097 1792 2124 multis

998 2146 1174 2173 monasteriis
1201 2149 1312 2180 praeest,
1341 2151 1396 2171 non
1412 2144 1574 2172 adversatur
1591 2143 1701 2171 cationi.
1719 2142 1789 2170 Nam

997 2191 1082 2218 multa
1101 2190 1145 2217 illa
1164 2188 1333 2225 monasteria.
1357 2194 1385 2215 ut
1408 2196 1492 2215 unum
1521 2191 1694 2223 reputantur,
1712 2187 1787 2222 quod

996 2237 1112 2265 auetarii
1123 2236 1252 2263 instat-ad
1265 2236 1341 2263 illum
1354 2235 1538 2262 devenerunt.

1033 2378 1110 2406 CAP.
1124 2377 1194 2405 XXI.
1209 2394 1244 2399 —
1261 2377 1298 2405 De
1310 2378 1350 2405 his
1363 2378 1407 2413 qui
1426 2377 1551 2404 ordinant
1577 2377 1604 2404 in
1625 2377 1789 2411 civitatibus,

998 2427 1044 2449 aut
1059 2423 1212 2458 provinciis,
1232 2431 1291 2458 qua:
1309 2423 1358 2450 sub
1380 2423 1444 2457 ipsis
1459 2431 1511 2450 non
1527 2427 1600 2450 sunt.

1034 2519 1228 2554 Apostolorum
1246 2526 1335 2546 canon
1351 2517 1400 2550 '55;
1415 2517 1525 2545 concilii
1541 2517 1711 2544 Antiochem
1739 2525 1788 2545 ca-

999 2574 1053 2594 non
1074 2566 1118 2598 I3,
1136 2566 1190 2598 22;
1203 2565 1311 2592 concilii
1326 2564 1457 2600 Ephesini
1478 2572 1566 2592 canon
1585 2565 1612 2592 8.

1034 2612 1109 2640 CAP.
1131 2611 1292 2639 XXII.—De
1306 2612 1345 2638 Itis
1359 2612 1404 2647 qui
1414 2611 1569 2647 :patrocinio
1585 2613 1793 2648 magistratuum

999 2657 1123 2685 ecclesias
1137 2660 1277 2690 occupant.

1035 2703 1227 2738 Apostolorum
1250 2709 1338 2730 canon
1357 2702 1406 2736 50;
1422 2701 1533 2729 concilii
1551 2701 1654 2730 Nicaeni
1678 2702 1794 2730 secundi

1000 2758 1088 2778 canon
1107 2750 1134 2777 5.

1037 2798 1185 2825 δεΙιοίίιιηι.
1204 2796 1276 2832 Lege
1290 2805 1354 2832 cap.
1374 2796 1400 2829 I,
1421 2796 1464 2824 lit.
1479 2797 1506 2828 8,
1530 2795 1673 2831 praesentis
1688 2795 1794 2832 operis,

1000 2849 1027 2872 et
1041 2851 1102 2880 quae
1118 2844 1145 2870 in
1162 2843 1208 2870 illo
1222 2848 1405 2870 annotantur.

1034 2890 1111 2918 CAP.
1133 2889 1229 2918 XXIII.
1244 2905 1279 2911 —
1296 2889 1334 2917 De
1344 2889 1386 2916 Itis
1409 2889 1454 2924 qui
1468 2893 1576 2923 propter
1595 2889 1795 2916 matrimonium

1002 2942 1048 2965 aut
1063 2936 1268 2965 concubinatum
1280 2945 1331 2964 non
1343 2935 1623 2971 ordinanturepiscopi
1637 2940 1682 2964 aut
1694 2936 1791 2964 clerici.

1529 2982 1569 3013 32
