1946 3076
163 180 232 212 1003

164 289 254 310 canon
273 283 302 315 ὅ,
317 281 376 318 ,12;
394 281 488 310 Basilii
502 289 591 310 canon
606 280 651 308 12.

203 325 315 354 Tactus.
332 325 404 363 Lege
419 327 462 354 tit.
480 327 508 354 1.
525 325 704 354 Novellarum
719 327 810 351 const.
821 322 850 354 1,
864 320 894 354 2,
914 320 960 354 1⁵1,

166 374 194 401 iu
210 373 312 409 quibus
328 372 442 408 dicitur,
456 376 523 406 etc.,
539 379 621 408 usque
631 371 666 400 ad
689 369 823 406 virginem
837 367 961 400 duxisse,

165 424 196 447 ut
211 427 272 456 pag.
285 419 350 448 515.

201 465 352 494 Scholium.
367 464 465 494 Const.
482 463 510 498 1,
523 464 543 492 2
557 468 585 493 et
599 464 645 497 17,
668 463 710 490 tit.
734 463 749 490 1
769 460 943 490 Novellarum
953 478 964 493 ,

169 515 236 540 suut
249 511 339 547 posita
364 510 393 538 in
414 510 537 538 NOVellis
549 507 699 538 Iustiniani
726 507 754 540 6,
776 506 829 535 125
851 510 879 534 οι
901 504 964 533 157.

168 556 366 584 Verumtamen
380 563 442 592 qum
457 556 491 584 ad
506 555 642 583 novellam
661 553 678 581 6
694 551 856 590 [pertinent]
876 551 966 587 posita

170 610 226 630 non
243 607 308 630 sunt
324 603 352 630 in
376 602 462 631 Basil.
485 602 551 636 Quae
570 605 662 629 autem
688 600 722 628 ad
750 599 886 627 novellam
915 598 968 625 ηδ

171 647 331 684 [pertinent]
343 649 432 684 posita
450 652 514 676 sunt
525 648 555 675 in
565 646 703 675 lih.Basil.
715 653 755 679 Ill,
765 645 838 678 tit.r,
848 652 909 680 cap.
920 644 966 676 27,

171 694 244 729 quod
261 694 301 722 sic
317 693 408 729 inquit
424 702 431 721 :
444 693 568 721 Clericos
581 696 672 719 autem
685 690 831 718 nonaliter
846 687 969 716 ordinari

172 740 361 773 concedimus,
377 739 431 767 nisi
446 740 553 767 litteras
570 738 660 766 sciant
672 757 680 770 ,
706 741 734 764 et
759 740 832 764 recta
861 734 915 762 fide
938 741 971 761 ac

175 787 290 814 honesta
305 786 360 813 vita
376 786 442 818 sint,
460 790 488 813 et
503 792 591 820 neque
607 783 788 812 concubinam
798 803 805 816 ,
821 788 910 816 neque
923 788 972 808 na-

175 832 278 859 turales
290 832 438 859 habuerint
458 835 506 859 aut
521 831 641 858 habeant
659 830 759 857 liberos
776 837 783 856 :
806 828 852 855 sed
864 826 911 862 qui
929 826 973 854 vel

174 881 251 904 caste
263 876 360 904 vivunt
372 876 416 904 vel
431 883 546 904 uxorem
568 875 714 903 habuerint
729 878 777 901 aut
791 873 894 900 habent
904 871 973 907 legi-

177 924 284 955 timam,
302 928 330 950 et
344 931 404 950 eam
431 930 515 950 unam
543 927 569 950 et
584 922 701 957 primam
714 942 721 954 ,
745 927 834 955 neque
848 919 971 952 viduam,
990 909 1011 937 Β

178 976 267 1003 neque
284 967 426 1004 [divortio]
442 972 598 1003 separatam
621 975 636 995 a
655 967 734 1001 viro,
762 973 852 1001 neque
870 964 972 1000 alioqui

176 1014 283 1049 legibus
297 1019 345 1041 aut
360 1013 446 1042 sacris
463 1013 638 1041 interdictam
649 1011 814 1040 canouibus.
831 1010 899 1044 Quae
910 1017 974 1037 vero

177 1059 230 1087 157
243 1063 333 1087 const.
351 1064 425 1091 sunt,
442 1060 531 1094 posita
550 1058 652 1087 suntin
669 1065 730 1093 cap.
753 1057 768 1084 7
785 1057 907 1092 ejusdem
926 1056 972 1083 lib.

178 1111 206 1134 et
220 1106 262 1133 tit.
278 1106 351 1141 quod
374 1105 415 1133 sic
432 1105 515 1133 habet
533 1115 538 1132 :
555 1104 714 1138 Saucimus,
730 1109 760 1132 ut
781 1103 891 1139 quoties
905 1109 976 1137 opus

179 1152 262 1180 fuerit
277 1152 406 1180 ordinare
431 1151 606 1187 episcopum,
620 1155 718 1178 coeant
734 1150 762 1177 in
784 1157 869 1177 unum
883 1149 977 1176 clerici

179 1203 207 1227 ct
220 1199 353 1234 primates
371 1197 492 1226 civitatis
515 1198 560 1226 cui
576 1198 723 1232 episcopus
738 1196 910 1224 ordinandus
924 1199 977 1228 est,

179 1250 207 1274 et
223 1245 371 1281 propositis
385 1245 574 1273 sacrosanctis
589 1243 745 1279 Evangeliis
762 1243 796 1271 de
811 1242 900 1270 tribus
915 1249 979 1277 per-

181 1292 258 1320 sonis
272 1291 382 1319 decreta
398 1291 512 1324 faciant,
535 1295 563 1318 et
583 1291 702 1326 quisque
725 1296 822 1317 eorum
844 1289 919 1322 joret
932 1295 980 1324 per

182 1347 260 1367 sacra
271 1337 399 1373 Eloquia,
416 1337 499 1373 idque
513 1337 582 1372 ipsis
592 1337 714 1365 decretis
730 1336 878 1369 inserant,
906 1334 980 1370 quod

183 1393 272 1420 neque
290 1392 338 1419 per
356 1384 541 1419 largitionem,
554 1390 642 1418 neque
653 1382 877 1418 promissionem,
893 1388 982 1416 neque

184 1430 334 1460 amicitiam
348 1450 356 1463 ,
383 1435 432 1458 aut
455 1430 592 1466 gratiam,
616 1433 665 1457 aut
680 1435 875 1464 quamcunque
898 1427 981 1455 aliam

184 1477 369 1510 aﬁectionem,
382 1477 429 1504 sed
444 1476 518 1512 quod
538 1476 629 1504 sciant
642 1475 718 1511 ipsos
730 1479 811 1502 rectae
824 1478 851 1502 et
868 1473 982 1502 catholi-

184 1533 225 1553 ea:
240 1523 303 1552 tidei
318 1531 352 1552 ac
368 1523 491 1551 honestae
511 1522 575 1551 vitae
602 1529 683 1556 esse,
704 1525 732 1550 et
758 1528 842 1556 supra
877 1520 984 1548 tricesi-

187 1578 263 1599 mum
278 1569 368 1598 aatatis
386 1576 489 1597 annum
507 1569 559 1598 hos
580 1569 723 1605 elegerunt
742 1576 749 1595 :
766 1572 794 1596 et
806 1567 879 1603 quod
895 1574 985 1603 neque

187 1623 302 1645 uxorem
319 1620 367 1643 aut
380 1615 575 1648 concubinam,
591 1619 640 1643 aut
664 1614 804 1642 naturales
819 1613 921 1642 liberos
935 1621 986 1642 no-

189 1666 292 1690 verunt
316 1662 391 1697 ipsos
408 1661 551 1693 habuisse,
566 1666 613 1688 aut
635 1661 737 1688 habere
750 1669 757 1687 :
770 1659 817 1688 sed
832 1664 860 1687 et
882 1659 906 1688 si
923 1659 986 1695 quis

191 1708 313 1744 ipsorum
326 1707 403 1743 prius
418 1714 532 1735 uxorem
546 1706 684 1739 habuerit,
705 1711 795 1734 tamen
809 1714 870 1734 eam
887 1707 986 1741 solam,

191 1759 220 1783 et
232 1761 320 1789 neque
335 1752 458 1786 viduam,
484 1760 572 1788 neque
596 1752 749 1788 sejunclam
775 1760 789 1780 θ
809 1752 879 1785 viro,
900 1759 989 1788 neque

192 1799 299 1834 legibus
318 1798 440 1826 sacrisve
455 1798 624 1833 Lcanonibus
648 1798 821 1826 interdictam
847 1798 985 1826 habuerit.

194 1845 249 1874 Sed
266 1852 357 1881 neque
374 1844 458 1872 curiae
473 1844 634 1872 muneribus
658 1844 796 1873 addictum
807 1865 814 1878 ,
839 1852 928 1880 neque
942 1852 991 1873 co-

196 1892 331 1921 horlaleui
351 1892 470 1927 aliquem
482 1899 516 1919 ex
534 1892 577 1919 his
594 1892 731 1926 noverint,
744 1893 791 1928 qui
805 1893 923 1921 decretis
936 1893 992 1920 ele-

196 1943 258 1967 ctus
274 1943 317 1966 est
330 1947 337 1965 :
351 1943 535 1974 praeterquam
551 1938 575 1966 si
587 1938 670 1966 curia
681 1940 842 1967 muneribus
855 1940 992 1972 addictus,

198 1989 245 2013 aut
257 1985 418 2018 cohortalis,
440 1993 494 2012 non
517 1985 610 2012 minus
626 1986 705 2013 annuis
719 1986 875 2021 quindecim
898 1994 995 2013 mona-

198 2032 305 2060 chicam
316 2031 342 2058 in
354 2032 523 2059 monasterio
530 2032 613 2059 vitam
624 2037 700 2059 extra
710 2040 818 2059 omnem
828 2032 992 2060 calumniam

200 2078 368 2113 transegerit
385 2087 392 2104 :
409 2078 536 2106 videlicet
564 2078 776 2112 observatione,
794 2086 854 2114 qute
876 2079 952 2113 prius
978 2086 994 2105 a

199 2126 281 2153 nobis
296 2125 370 2153 dicta
385 2128 438 2157 est,
453 2132 502 2160 per
517 2124 643 2153 facienda
654 2125 687 2153 de
701 2125 769 2161 ipsis
784 2126 903 2158 decreta,
923 2130 950 2152 et
966 2126 993 2152 iu

202 2173 244 2199 his
258 2171 386 2207 personis
404 2171 583 2199 custodienda
600 2181 607 2199 :
627 2176 656 2198 ιιι
672 2179 704 2199 ex
722 2171 808 2199 tribus
829 2172 882 2199 illis
901 2179 994 2206 perso-

202 2219 256 2251 nis,
271 2225 333 2253 quze
346 2218 465 2245 decretis
480 2218 533 2245 hoc
548 2218 631 2246 modo
647 2218 797 2253 eliguntur,
810 2218 906 2246 melior
921 2218 996 2246 ordi-

203 2267 293 2294 netur,
321 2262 455 2289 electione
475 2266 503 2289 et
527 2262 632 2298 judicio
656 2263 715 2297 ejus
730 2263 776 2298 qui
793 2263 935 2291 ordinandi
950 2264 996 2298 jus
1014 2278 1036 2306 ι)

205 2309 297 2336 habet.
322 2307 433 2341 Quaeret
463 2307 605 2345 [fortasse]
633 2309 782 2344 quispiam,
798 2318 860 2337 cum
878 2317 998 2345 przrscus

206 2354 356 2382 Jusliuiani
379 2355 486 2382 novella
509 2355 535 2382 iu
553 2355 750 2391 Basil.reccpta
773 2357 818 2391 sit,
836 2364 868 2384 ac
886 2360 999 2389 statuat,

208 2409 243 2428 ne
255 2400 335 2428 aliter
351 2402 498 2436 quisquam
515 2402 661 2437 episcopus
676 2404 827 2436 ordinetur,
847 2411 928 2438 quam
945 2403 968 2430 si
986 2411 1001 2430 a

208 2447 315 2475 clericis
330 2451 357 2474 et
374 2448 542 2482 primoribus
558 2449 677 2477 civitatis
703 2450 737 2477 de
763 2449 851 2477 tribus
878 2449 1003 2484 persentis

210 2494 351 2522 decretum
368 2493 426 2527 lial,
453 2499 481 2522 et
498 2495 616 2531 quisque
631 2496 740 2523 illorum
755 2496 936 2531 jurejurando
957 2504 1004 2531 per

211 2548 290 2568 sacra
319 2540 465 2577 Evangelia
486 2547 618 2577 concepto
642 2542 676 2569 de
693 2543 726 2569 iis
745 2550 776 2569 ca
793 2547 898 2570 asserat
911 2563 919 2576 ,
944 2550 1007 2577 quae

211 2588 238 2614 in
254 2587 361 2614 novella
378 2588 648 2622 comprehenduntur
661 2597 668 2616 :
679 2588 818 2624 quomodo
828 2589 895 2616 nihil
905 2590 1003 2616 horum

211 2632 292 2660 hodie
310 2631 349 2668 [in
369 2632 434 2668 usu]
451 2632 590 2660 obtineat?
614 2633 667 2662 Per
681 2642 815 2662 cauonem
845 2635 863 2662 4
891 2635 1001 2663 concilii

213 2677 332 2712 Nicaeui;
351 2686 484 2706 canouem
495 2679 528 2706 l9
539 2680 649 2707 concilii
669 2680 881 2713 Autiocheni,et
894 2681 928 2708 12
939 2681 1009 2709 Lao-

215 2725 321 2759 diceni,
333 2730 498 2758 statuentes,
511 2726 672 2761 episcopum
691 2727 725 2754 ab
739 2728 874 2763 episcopis
886 2728 1008 2763 ipsorum

213 2771 318 2806 judicio
333 2771 443 2799 decerni
459 2776 542 2807 atque
551 2773 672 2800 ordinari
689 2773 788 2801 debere
802 2782 809 2800 :
825 2774 933 2801 irritum
949 2775 1012 2802 red.

218 2818 310 2849 ditur,
337 2817 411 2852 quod
426 2818 576 2854 propositis
602 2820 788 2847 sacresanctis
813 2819 969 2855 Evangeliis
996 2828 1012 2849 a

219 2863 328 2890 clericis
336 2868 364 2890 et
371 2863 478 2892 civibus
488 2865 521 2892 de
531 2865 669 2900 episcopis
678 2866 784 2893 decreta
795 2866 851 2894 lleri
860 2867 1012 2904 [debeant].

223 2907 329 2935 idcirco
343 2909 416 2936 enim
434 2910 476 2946 (ut
490 2911 607 2948 videtur)
622 2912 706 2940 etiam
724 2912 770 2940 illa
796 2913 822 2940 in
838 2920 876 2941 vn
896 2914 944 2942 lib.
961 2922 1012 2950 po-

747 175 889 207 ΥΡΗΟΤΙῙ
906 175 1161 211 ΡΑΤΒῙΑΒΕΗΛΕ
1175 180 1235 211 CP.

194 235 388 271 Apostolorum
420 243 510 264 canon
541 235 586 268 17,
610 233 663 267 18,
683 232 733 267 19;
758 231 868 260 concilii
889 231 959 259 sexti
973 234 995 263 Α

1054 233 1226 262 Ἀποστόλων
1247 234 1338 263 κανὼν
1355 235 1399 271 ιβ’,
1427 235 1471 272 ιη’,
1498 235 1529 263 ιθ¹
1541 243 1547 250 ·
1570 234 1679 262 συνόδου
1696 237 1734 270 ς’,
1753 244 1802 262 κα-

1011 279 1066 307 νὼν
1081 288 1098 315 γ
1108 300 1116 314 ,
1133 280 1179 316 ιβ’.

1044 327 1201 363 Κοιμενον.
1220 328 1315 361 Τίτλος
1326 331 1352 356 α’
1367 328 1423 356 τῶν
1438 328 1563 365 Νεαρῶν,
1580 337 1609 357 κ.
1622 337 1648 358 τ.
1663 329 1703 363 λ..
1716 335 1806 365 usque

1012 373 1048 402 ad
1063 373 1258 410 μονογαμήσας
1273 374 1418 411 παρθένον.

1050 464 1191 499 Σχόλιον.
1211 464 1245 492 Ἦ
1261 467 1298 498 α’,
1314 463 1337 500 β’
1359 463 1408 492 καὶ
1430 464 1463 498 ιζ’
1479 464 1551 492 διάτ.
1569 464 1618 492 τοῦ
1637 463 1664 493 α’
1683 463 1737 492 τίτ.
1755 464 1808 492 τῶν

1016 508 1130 546 Νεαρῶν
1144 509 1275 546 ἐτέθησαν
1290 510 1330 542 είς
1342 510 1452 547 Νεαρὰς
1465 510 1696 542 Ἰουστινιανείους
1709 509 1746 542 ς’.
1757 518 1810 546 ρκτ

1017 555 1064 583 καὶ
1080 554 1146 591 ρλξ,
1162 556 1232 592 πλὴν
1246 556 1281 583 τὰ
1295 556 1346 592 τῆς
1375 559 1404 589 ς’
1428 557 1529 592 νεαρᾶς
1553 555 1604 583 οὐκ
1618 556 1750 591 ἐτέθησαν
1772 556 1811 588 είς

1017 601 1053 628 τὰ
1071 602 1215 630 Βασιλικά.
1236 602 1277 629 Τὰ
1303 602 1331 629 δὲ
1360 602 1410 638 τῆς
1434 606 1494 638 ρκγ
1519 603 1621 638 νεαρᾶς
1637 602 1768 635 ἐτέθησαν
1783 603 1810 629 ὲν

1021 648 1116 684 βιὸλίῳ
1131 648 1186 675 τῶν
1203 648 1357 676 Βασιλιχῶν
1371 648 1396 683 γ’
1418 649 1472 676 τίτ.
1493 651 1519 676 α’
1542 657 1605 683 κεφ.
1624 647 1665 681 κζ’
1685 648 1757 676 οὕτω
1768 647 1812 675 λέ-

1019 702 1096 728 γοντι
1107 702 1114 708 ·
1129 693 1286 730 Κληρικοὺς
1298 693 1326 720 δὲ
1341 694 1392 721 οὐκ
1411 694 1500 726 ἄλλως
1512 694 1726 731 χειροτονεῖσθαι
1752 701 1815 728 συγ-

1021 738 1164 775 χωροῦμεν
1181 739 1206 765 εἰ
1225 738 1263 775 μὴ
1278 740 1432 775 γράμματα
1453 739 1536 772 ἴσασι,
1552 740 1600 767 καὶ
1614 740 1699 775 ὀρθὴν
1724 740 1816 767 πίστιν

1023 785 1069 811 καὶ
1081 784 1139 820 βίον
1153 785 1252 820 σεμνδν
1269 785 1372 821 ἔχουσι,
1386 785 1434 812 καὶ
1453 785 1513 812 οὐδὲ
1523 785 1677 822 παλλακὴν,
1688 786 1720 813 οὺ
1737 794 1818 821 φυσι-

1024 831 1072 858 κόν
1087 831 1196 867 έσχονῆ
1215 831 1308 867 έχουσι
1325 832 1419 865 παῖδα,
1439 832 1508 860 ἀλλὰ
1524 832 1540 868 ἢ
1561 832 1708 868 σωφρόνως
1728 832 1819 868 βιοῦν-

1025 885 1084 910 τας,
1106 876 1123 911 ἢ
1147 877 1272 912 γαμετὴν
1285 876 1412 912 νόμιμον,
1428 877 1476 904 καὶ
1495 876 1581 912 αὐτὴν
1594 876 1669 912 μίαν,
1685 877 1734 903 καὶ
1746 875 1820 911 πρώ-

1027 930 1078 957 την
1097 922 1260 958 ἐσχηκότας,
1284 922 1300 958 ἢ
1322 922 1434 958 ἔχοντας
1455 923 1503 950 καὶ
1527 922 1597 959 μηδὲ
1616 922 1821 958 διαξευχθεῖσαν

1029 968 1138 1003 ἀνδρὸς,
1149 968 1217 1004 μηδὲ
1228 968 1317 1000 ἄλλως
1330 969 1387 1000 τοῖς
1398 968 1502 1004 νόμοις,
1519 968 1536 1004 ἢ
1548 969 1604 1000 τοῖς
1615 967 1698 1000 θείοις
1710 967 1822 995 κανόσιν

1029 1015 1271 1050 ἀπηγορευμένην.
1287 1014 1328 1041 Τὰ
1343 1013 1371 1041 δὲ
1386 1014 1436 1049 τῆς
1455 1013 1512 1051 ρλζ¹
1528 1014 1629 1050 νεαρᾶς
1644 1013 1778 1050 ἐτέθησαν
1793 1014 1823 1040 έν

1031 1069 1093 1095 κεφ.
1112 1059 1135 1093 ζ’
1152 1060 1200 1088 τοῦ
1214 1060 1297 1088 αὐτοῦ
1323 1060 1427 1096 βιϐλίου
1453 1061 1500 1087 καὶ
1511 1060 1565 1089 τίτ.
1590 1059 1677 1093 οὕτως
1698 1060 1823 1096 ἔχοντος·

1032 1106 1205 1143 Θεσπίζομεν
1229 1107 1325 1138 ὁσάκις
1341 1107 1422 1143 χρεία
1439 1106 1551 1142 γίνηται
1567 1106 1716 1134 ἐπίσκοπον
1736 1115 1826 1142 χειρο-

1032 1153 1179 1188 τονηθῆναι
1196 1153 1315 1180 συνιέναι
1330 1153 1393 1185 τοὺς
1406 1152 1553 1188 κληρικοὺς
1564 1153 1613 1180 καὶ
1625 1152 1689 1184 τοὺς
1703 1152 1828 1187 πρώτους

1035 1200 1085 1235 τῆς
1101 1199 1206 1230 πόλεως
1220 1197 1255 1236 ἧς
1271 1199 1363 1235 μέλλει
1376 1199 1526 1227 ἐπίσκοπον
1539 1198 1762 1235 χειροτονεῖσθαι,
1781 1199 1828 1225 καὶ

1034 1245 1226 1282 προκειμένων
1240 1245 1296 1272 τῶν
1313 1247 1345 1280 ἀγ
1354 1245 1400 1272 ίων
1411 1244 1587 1280 Εὑαγγελίων
1598 1245 1645 1272 ἐπὶ
1656 1244 1730 1281 τρισὶ
1743 1252 1829 1280 προσ-

1035 1292 1131 1324 ώποις.
1147 1291 1278 1327 ψήφισμα
1290 1293 1380 1318 ποιεῖν
1397 1291 1445 1319 καὶ
1473 1291 1590 1318 ἕκαστον
1605 1291 1696 1318 αὐτῶν
1713 1290 1830 1326 ὀμνύναι

1036 1337 1109 1364 κατὰ
1121 1337 1176 1364 τῶν
1191 1337 1271 1364 θείων
1286 1337 1403 1372 Λογίων,
1415 1337 1463 1364 καὶ
1473 1337 1624 1373 ἐγγράφειν
1636 1337 1665 1363 ἐν
1680 1336 1772 1368 αὐτοῖς
1788 1337 1830 1363 ὃτι

1026 1388 1066 1410 ⁴τε
1082 1384 1113 1410 οὐ
1141 1384 1185 1411 διὰ
1205 1383 1289 1416 δόσιν,
1305 1383 1368 1411 οὕτε
1389 1383 1433 1411 διὰ
1450 1383 1612 1420 ὑπόσχεσιν,
1638 1383 1700 1410 οὔτε
1728 1383 1773 1410 διὰ
1787 1391 1833 1418 φι-

1036 1431 1108 1465 λίαν,
1125 1430 1142 1467 ἢ
1161 1431 1253 1467 χάριν,
1270 1431 1287 1466 ἢ
1310 1430 1396 1466 ἄλλην
1421 1427 1480 1457 οἷαν
1494 1430 1526 1466 δή
1552 1438 1613 1457 τινα
1628 1429 1831 1466 προκάθειαν,

1038 1477 1096 1505 ἀλλ’
1111 1477 1214 1510 ειδότες
1234 1478 1334 1510 αὐτοὺς
1354 1477 1402 1513 τῆς
1430 1476 1524 1513 ὀρθῆς,
1539 1477 1589 1504 καὶ
1614 1475 1763 1511 Μθολιχῆς
1785 1476 1834 1503 πί-

1039 1532 1136 1557 στεως,
1160 1524 1208 1551 καὶ
1232 1523 1334 1559 σεμνοῦ
1350 1523 1420 1559 βίου,
1433 1523 1483 1551 καὶ
1497 1523 1568 1559 ὑπὲρ
1592 1522 1622 1550 τὸ
1642 1521 1665 1549 λ’
1686 1522 1747 1554 ἔτος
1763 1519 1835 1549 εἶναι

1039 1570 1151 1603 τούτους
1165 1570 1340 1605 ἐπελέξαντο,
1369 1570 1418 1597 καὶ
1432 1570 1474 1598 ὅτι
1491 1570 1552 1598 οὐδὲ
1577 1569 1703 1606 γαμετὴν
1718 1569 1803 1605 ἔχειν,
1817 1568 1835 1603 ἢ

1041 1616 1194 1653 παλλακὴν,
1209 1617 1226 1653 ἢ
1241 1617 1340 1649 παῖδας
1359 1617 1492 1651 φυσικοὺς
1508 1616 1610 1648 αὐτοὺς
1635 1615 1837 1651 γιγνώσκουσιν

1042 1663 1216 1700 ὲσχηκέναιῆ
1235 1663 1319 1700 ἔχειν,
1333 1663 1391 1691 ἀλλ’
1407 1664 1432 1690 εἰ
1444 1664 1492 1690 καὶ
1506 1663 1639 1700 πρότερόν
1653 1671 1695 1695 τις
1705 1662 1736 1695 ἑξ
1745 1662 1839 1690 αὐτῶν

1043 1709 1168 1746 γαμετὴν
1185 1707 1255 1746 εἶχε,
1270 1710 1318 1737 καὶ
1332 1710 1418 1746 αὐτὴν
1434 1710 1500 1746 μίαν
1515 1710 1563 1737 καὶ
1576 1709 1637 1737 οὐδὲ
1659 1710 1759 1745 χήραν,
1775 1708 1839 1735 οὐδὲ

1043 1757 1141 1793 ἀνδρὸς
1164 1756 1398 1792 ὰποζευχθεϊσαν,
1423 1757 1485 1784 οὐδὲ
1502 1757 1559 1788 τοῖς
1585 1756 1689 1791 νόμοις,
1706 1754 1767 1782 οὐδὲ
1781 1756 1840 1787 τοῖς

1046 1803 1131 1838 ἱεροῖς
1147 1802 1260 1830 κανόσιν
1277 1803 1520 1839 ἀπηγορευμένην,
1540 1801 1599 1829 ἀλλ’
1618 1801 1680 1828 οὐδὲ
1701 1800 1842 1828 πολιτευό-

1048 1856 1128 1884 μενον
1140 1848 1157 1882 ἢ
1167 1847 1309 1883 ταξεώτην
1322 1848 1385 1875 τινὰ
1396 1848 1451 1875 τῶν
1465 1847 1660 1883 ψηφιζομένων
1672 1844 1742 1874 εἶναι
1758 1847 1843 1881 γινώ-

1047 1902 1153 1921 σκουσι.
1167 1893 1240 1929 Πλὴν
1257 1895 1282 1921 εί
1299 1894 1337 1930 μὴ
1354 1895 1384 1921 ὲν
1399 1894 1574 1930 μοναστηρίῳ
1587 1894 1635 1929 οὐχ
1657 1891 1739 1930 ἦττον
1761 1893 1845 1920 δεκά-

1048 1947 1130 1966 πεντε
1146 1939 1226 1972 ἑτῶν,
1242 1939 1387 1974 μοναχικὸν
1399 1940 1413 1965 ό
1424 1938 1632 1974 πολιτευόμενος
1644 1938 1661 1974 ἢ
1674 1939 1687 1964 ὁ
1701 1936 1845 1971 ταξεώτης

1049 1984 1107 2020 βίον
1122 1985 1294 2018 ἁδιαῦλήτως
1313 1984 1462 2018 ἐξετέλεσε,
1486 1984 1589 2020 δηλαδὴ
1610 1983 1661 2018 τῆς
1684 1982 1846 2018 ἔμπροσθεν

1049 2033 1115 2067 ἡμῖν
1129 2031 1281 2067 είρημένης
1298 2031 1528 2067 παρατηρήσεως.
1542 2031 1598 2058 Καὶ
1612 2030 1659 2056 ἐπὶ
1673 2029 1777 2056 τούτων
1789 2027 1848 2054 τῶν

1050 2079 1207 2115 προσώπων
1220 2079 1249 2105 ἐν
1263 2079 1320 2110 τοῖς
1335 2077 1493 2113 γενομένοις
1509 2077 1574 2113 περὶ
1587 2076 1675 2103 αὐτῶν
1685 2075 1849 2110 ψηφίσμασι

1051 2125 1259 2161 φυλαττομένης
1277 2124 1321 2151 ἵνα
1331 2125 1364 2150 ὲκ
1383 2123 1438 2151 τῶν
1461 2123 1533 2150 οὕτω
1551 2121 1746 2158 ψηφιζομένων
1760 2120 1850 2156 τριῶν

1052 2172 1208 2208 προσώπων
1222 2173 1236 2198 ὁ
1249 2171 1361 2206 βελτίων
1375 2169 1552 2206 χειροτονηθῇ
1568 2170 1601 2204 τῇ
1615 2169 1728 2204 ὲπιλογῇ
1742 2168 1791 2194 καὶ
1808 2166 1852 2202 τῷ

1052 2220 1168 2255 κρίματι
1184 2218 1232 2245 τοῦ
1254 2218 1485 2254 χειροτονοῦντος.
1498 2216 1656 2252 Σημείωσαι
1672 2217 1696 2242 εί
1721 2215 1769 2242 καὶ
1792 2214 1853 2241 ἀπὸ

1052 2265 1102 2301 τῆς
1125 2265 1268 2301 παρούσης
1287 2263 1342 2299 ρλξ¹
1366 2263 1584 2291 ¹1ουστινιανείου
1603 2262 1703 2297 νεαρᾶς
1723 2261 1784 2296 ἦτοι
1800 2260 1853 2288 τοῦ

1052 2311 1074 2344 ζ’
1089 2320 1152 2346 κεφ.
1175 2311 1222 2338 τοῦ
1239 2310 1263 2337 α’
1278 2311 1331 2338 τίτ.
1350 2310 1396 2337 τοῦ
1434 2309 1457 2345 γ’
1482 2309 1585 2346 βιϐλίου
1613 2310 1668 2336 τῶν
1694 2308 1855 2335 Βασιλικῶν

1054 2357 1190 2384 κωλύεται
1205 2356 1236 2383 τὸ
1254 2356 1423 2392 ψηφίζεσθαι
1436 2365 1496 2383 τινα
1521 2357 1562 2387 είς
1581 2354 1733 2390 ἐπισκοπὴν
1751 2354 1855 2389 ἔχοντα

1053 2403 1177 2439 γαμετὴν
1192 2404 1320 2438 νόμιμον,
1343 2403 1413 2430 ἀλλὰ
1427 2404 1460 2429 σὺ
1486 2402 1524 2438 μὴ
1537 2401 1661 2438 πρόσχῃς
1673 2401 1770 2437 ταύτῃ,
1782 2400 1856 2436 πρό-

1056 2459 1119 2485 σχες
1136 2451 1164 2477 δὲ
1182 2450 1282 2485 μᾶλλον
1306 2449 1345 2484 τῷ
1372 2448 1416 2485 μη¹
1427 2449 1519 2476 κανόνι
1542 2449 1591 2484 τῆς
1611 2450 1641 2474 έν
1662 2447 1702 2482 τῷ
1721 2446 1859 2482 Τρούλλῳ

1057 2496 1180 2528 συνόδου,
1194 2495 1224 2522 ὃν
1244 2496 1291 2522 καὶ
1305 2495 1444 2529 ἀνάγνωθι
1460 2494 1506 2521 καὶ
1520 2494 1582 2528 λέγε
1604 2494 1651 2520 καὶ
1681 2493 1736 2520 ἀπὸ
1750 2491 1855 2519 τούτου

1057 2542 1243 2579 προτιμᾶσθαι
1264 2542 1319 2569 τῶν
1340 2542 1432 2577 νόμων
1463 2541 1525 2572 τοὺς
1547 2541 1672 2572 κανόνας.
1701 2539 1859 2573 Ἀνάγνωθι

1058 2589 1086 2616 δὲ
1100 2590 1148 2615 καὶ
1163 2588 1197 2616 τὰ
1213 2587 1357 2623 γραφέντα
1374 2587 1439 2623 παρ’
1453 2587 1532 2623 ἡμῶν
1549 2587 1589 2617 είς
1608 2586 1654 2613 τὸν
1669 2585 1860 2621 διαληφθέντα

1060 2636 1171 2664 κανόνα.
1191 2636 1361 2670 Σημείωσαι·
1381 2635 1530 2670 Ἐρωτήσει
1544 2633 1574 2661 δέ
1600 2642 1642 2665 τις
1658 2633 1696 2665 ὼς
1712 2633 1763 2668 τῆς
1782 2642 1860 2669 παρ-

1059 2681 1143 2717 ούσης
1160 2680 1378 2708 Ἰουστινιανείου
1395 2680 1492 2714 νεαρᾶς
1509 2678 1651 2714 δεχθείσης
1664 2678 1704 2709 είς
1719 2679 1754 2704 τὰ
1772 2678 1862 2704 Βασι-

1060 2725 1125 2752 λικὰ
1139 2724 1190 2759 τῆς
1203 2724 1404 2760 διοριζομένης,
1419 2725 1456 2760 μὴ
1470 2724 1556 2755 ἄλλως
1570 2723 1782 2758 χειροτονεῖσθαι
1794 2731 1862 2749 τινα

1063 2772 1213 2799 ἐπίσκοπον
1228 2771 1303 2806 εἰμὴ
1319 2771 1364 2797 ἐπὶ
1389 2770 1462 2806 τρισὶ
1480 2769 1638 2806 προσώποις
1661 2768 1791 2804 ψήφισμα
1809 2769 1862 2803 γέ-

1063 2827 1135 2847 νοιτο
1153 2818 1229 2853 παρά
1242 2825 1272 2843 τε
1293 2817 1348 2843 τῶν
1373 2816 1513 2852 κληριχῶν
1527 2816 1573 2842 καὶ
1592 2815 1646 2842 τῶν
1665 2815 1784 2851 πρώτων
1807 2815 1863 2850 τῆς

1066 2866 1180 2898 πόλεως,
1196 2865 1243 2892 καὶ
1266 2864 1381 2896 ἕκαστος
1406 2864 1496 2890 αὐτῶν
1512 2863 1679 2898 ἐπομόσεται
1708 2863 1780 2890 κατὰ
1803 2862 1863 2889 τῶν

1067 2914 1147 2942 θείων
1165 2911 1340 2946 Εὑαγγελίων
1360 2912 1425 2946 περὶ
1450 2910 1533 2938 αὐτοῦ
1553 2911 1604 2938 ὅσα
1621 2910 1654 2946 τῇ
1678 2910 1764 2946 νεαρᾷ
1779 2918 1862 2946 περι-
