1946 3076
109 181 180 216 1005

592 157 835 211 NOMOCANON.
854 187 889 195 -
906 176 982 209 TIT.
1000 176 1026 215 ι,
1047 177 1127 209 CAP.
1146 178 1253 211 χχιιι.

1684 179 1753 213 1006

106 237 224 273 έχονται,
248 237 309 271 πῶς
323 237 400 266 οὐδέν
427 246 454 266 τι
473 235 507 264 ἐκ
527 235 631 263 τούτων
658 235 780 271 σήμερον
801 234 904 269 ἐνεργεῖ

963 234 1012 261 sita
1027 234 1088 268 lex,
1115 243 1178 271 quin
1203 236 1300 264 statuit
1315 240 1346 265 ut
1356 236 1465 273 judioes
1491 237 1639 273 propositis
1655 244 1754 266 sacro-

105 282 162 309 ἀπὸ
183 282 231 310 τοῦ
246 281 268 310 δ’
283 283 396 315 κανόνος
420 281 472 317 τῆς
500 282 530 308 ἐν
551 279 656 316 Νικαίᾳ
672 278 794 312 συνόδου,
811 278 860 305 τοῦ
875 277 909 306 ιθ¹

961 281 1066 309 sanctis
1085 281 1242 318 Evangeliis
1256 283 1389 319 judlcent,
1406 284 1507 312 nullam
1519 284 1576 312 vim
1590 288 1618 312 et
1634 284 1755 312 auctori-

106 327 158 363 τῆς
185 328 215 355 ἐν
244 327 408 364 Ἀντιοχείᾳ,
428 327 478 354 καὶ
501 325 550 353 τοῦ
575 325 610 362 ιη’
636 325 687 360 τῆς
703 325 732 352 ἐν
760 324 904 361 Λαοδικείᾳ

963 331 1040 355 tatem
1054 327 1146 356 habet.
1160 328 1240 362 Quod
1265 338 1331 358 vero
1355 331 1389 358 de
1403 331 1493 359 tribus
1504 331 1630 366 personis
1646 331 1681 359 ab
1695 330 1754 366 epi-

104 373 301 410 διοριζομένων
326 375 377 407 τὰς
401 373 510 411 ψήφους
523 372 579 399 τῶν
602 371 766 408 ἀρχιερέων,
785 369 834 397 καὶ
857 370 907 402 τὰς

957 373 1049 408 scopis
1064 372 1171 411 [etiam]
1188 375 1269 404 hodie
1283 376 1394 405 decreta
1407 377 1477 405 ﬁunt
1492 385 1500 405 :
1516 377 1550 405 ad
1569 377 1608 411 id,
1621 377 1649 405 ni
1659 376 1752 410 fallor,

105 419 277 455 χειροτονίας
292 420 370 457 παρὰ
386 419 548 447 ἐπισκόπων
564 418 612 446 ἐπὶ
625 417 664 453 τῷ
675 417 790 453 κρίματι
802 416 904 444 τούτων

963 425 1078 453 praesens
1094 421 1202 448 novella
1220 421 1318 458 [ipsos]
1334 423 1429 458 adigit.

113 464 248 499 γίνεσθαι,
265 466 429 502 ἡπράκτησε
443 465 485 498 τὸ,
501 463 691 500 προκειμένων
704 463 760 490 τῶν
775 462 861 498 ἁγίων
872 463 1045 498 Εὐαγγελίων
1058 466 1181 500 γίνεσθαι
1190 467 1240 500 τὰς
1249 467 1359 504 ψήφους
1372 469 1427 496 τῶν
1438 469 1598 497 ἐπισκόπων
1609 470 1686 506 παρὰ
1699 470 1755 497 τῶν

104 511 256 547 κληρικῶν,
266 512 315 539 καὶ
327 512 381 539 τῶν
390 511 517 539 πολιτῶν.
525 511 574 538 Διὰ
583 511 637 546 γὰρ
645 509 736 544 τοῦτο,
746 509 784 542 ὡς
794 510 893 542 ἔοικεν,
905 510 956 537 οὐκ
969 512 1078 548 ἐνεργεῖ
1087 513 1136 540 καὶ
1147 514 1196 541 όέν
1208 515 1248 551 τῷ
1260 513 1283 547 ζ’
1293 515 1389 552 βιϐλίῳ
1399 516 1525 552 κείμενος
1536 517 1628 552 νόμος.
1641 517 1689 544 καὶ
1699 517 1755 545 διο-

103 555 247 592 ριζόμνος
257 556 380 590 δικάζειν
390 557 453 589 τοὺς
463 557 594 589 δικαστὰς
604 557 793 592 προκειμένων
802 556 856 583 τῶν
868 556 953 591 ἁγίων
964 557 1150 593 Εὑαγγελίων.
1163 561 1201 587 Τὸ
1209 562 1285 589 δὲέπὶ
1303 563 1378 596 τρισὶ
1393 562 1552 598 προσώποις
1566 562 1691 597 γίνεσθαι
1703 564 1755 598 τὰς

101 603 211 639 ψήφους
225 603 299 639 παρὰ
310 603 364 631 τῶν
373 604 531 631 ἐπισκόπων
547 603 597 640 τὴν
607 604 738 640 σήμερον,
753 603 792 635 ὡς
805 602 919 638 νομίζω,
932 603 988 630 ἀπὸ
1001 604 1054 639 τῆς
1067 606 1312 643 παρούσηςνεαρᾶς
1326 608 1534 644 ἠναγκασμένον
1550 609 1620 637 ἐστί.

139 651 266 678 ΚΕΦΔΛ.
285 650 349 678 ΚΔ’.
366 664 400 671 —-
415 652 486 686 Περὶ
505 650 566 679 τῶν
584 651 634 678 ἐπὶ
656 649 790 686 χρήμασι
802 658 899 685 χειρο-

103 696 296 731 τονουμένων
309 697 446 732 ὀφερίκια.

139 743 256 769 Συνόδου
276 743 451 779 Χαλκηδόνος
471 743 561 771 κανὼν
578 743 618 779 β⁴ο
630 743 788 771 ἀποστόλων
807 742 899 770 κανὼν

102 788 144 815 κθ¹
156 797 163 805 ·
183 788 294 816 συνόδου
317 792 355 822 ς’,
380 790 472 817 κανὼν
482 789 536 825 κβ’,
551 793 604 825 κγ’.
618 790 755 826 Ταρασίου
772 791 899 826 ἀρχιεπι-

103 834 207 862 σκόπου
219 835 289 871 πρὸς
304 835 446 871 Ἀδριανδν
458 836 553 863 πάπαν
565 836 676 871 Ῥώμης
686 836 826 871 ἐπιστολὴ,
841 844 905 862 συν-

988 649 1066 678 CAP.
1082 651 1178 681 XXIV.
1193 668 1228 674 —
1241 653 1281 681 De
1290 654 1331 682 his
1349 655 1394 690 qui
1405 655 1477 682 datis
1488 655 1609 690 pecuniis
1625 656 1755 684 ordinan-

953 700 1007 730 tur,
1023 702 1070 725 aut
1084 699 1229 734 suscipiunt
1246 701 1341 736 ofﬁcia.

988 743 1103 773 Concilii
1128 745 1364 776 Chalcedonensis
1384 755 1472 776 canon
1498 748 1533 782 ες
1563 749 1754 784 apostolorum

953 798 1044 819 canon
1063 791 1118 825 29;
1135 792 1245 821 concilii
1257 793 1329 821 sexti
1343 801 1432 822 canon
1447 794 1494 828 22,
1511 795 1547 822 25
1561 803 1568 829 ;
1586 794 1694 824 Tarasii
1709 804 1755 823 ar-

956 837 1126 873 chiepiscopi
1157 839 1191 867 ad
1221 839 1372 867 Adrianum
1393 848 1492 876 papam
1509 841 1591 869 Rom.
1612 842 1751 877 epistola;

102 881 166 908 όδου
176 881 296 913 Νικαίας
307 882 337 909 τὸ
349 882 382 917 β’,
397 882 489 910 κανὼν
501 883 533 916 δ’,
546 886 578 916 ε’,
593 883 636 915 ιθ⁷,
649 883 791 909 Βαοιλείου
805 883 838 909 ἐκ
852 884 901 918 τῆς

963 885 1063 911 :oncilii
1079 883 1184 913 Νιρεεηί
1202 886 1316 913 secundi
1332 893 1420 914 canon
1437 887 1465 919 4,
1484 887 1511 921 5,
1530 888 1583 920 l9;
1608 888 1701 916 Basilii
1716 895 1750 916 ex

102 926 172 960 πρὸς
183 927 247 959 τοὺς
270 927 439 960 ἐπισκόπους
465 928 620 964 ἐπιστολῆς·
634 928 654 954 Γ
656 928 777 955 ενναδίου
789 927 837 954 καὶ
850 927 899 962 τῆς

963 929 1037 964 :pist.
1054 929 1086 957 ad
1105 937 1172 957 suos
1188 930 1351 966 episcopos;
1367 930 1502 959 Geunadii
1517 936 1545 960 et
1559 931 1672 969 [coacti]
1689 941 1753 961 cum

103 975 155 1001 σὺν
169 975 244 1011 αὐτῷ
259 976 369 1003 συνόδου
385 977 417 1004 ὲκ
429 976 479 1012 τῆς
494 976 640 1011 ἐγκυκλίου
658 976 729 1012 πρὸς
742 975 806 1008 τοὺς
819 976 900 1003 ὁσιω-

104 1020 204 1052 τάτους
223 1022 426 1058 μητροπολίτας
441 1022 598 1057 ἐπιπολῆς.

140 1065 297 1101 Κείμενον.
312 1066 421 1094 Βιϐλίον
433 1066 469 1100 α’,
485 1067 538 1094 τίτ.
551 1066 585 1102 γ’,
597 1067 719 1100 διάταξις
733 1066 767 1099 λ’,
783 1065 840 1102 μα’,
854 1067 903 1094 καὶ

104 1111 161 1138 τίτ.
171 1110 207 1144 α’,
223 1112 278 1139 τῶν
296 1112 411 1148 Νεαρῶν
427 1112 549 1146 διάταξις
560 1112 594 1146 α’,
611 1112 644 1148 β’,
659 1112 704 1146 ια’,
721 1113 750 1139 ἐν
764 1110 809 1145 αἶς
825 1113 902 1149 εἴρη-

100 1167 158 1190 ται,
176 1167 205 1191 κ,
220 1168 246 1187 τ,
262 1159 398 1195 λ.,ιιεψιθ
410 1160 442 1187 ad
456 1161 515 1192 ταῖς
532 1159 707 1196 Ἐκκλησίαις
723 1160 901 1195 προσφέρειν.

139 1205 281 1239 Σχόλιον.
303 1205 336 1232 Ἦ
352 1204 374 1232 λ’
394 1206 442 1233 καὶ
456 1205 513 1242 μα’.
543 1206 616 1235 διὰτ.
631 1206 680 1233 τοῦ
694 1209 719 1240 γ’
739 1206 792 1234 τίτ.
822 1205 869 1232 τοῦ
880 1208 904 1232 α’

103 1250 208 1286 βιϐλίου
226 1250 274 1277 τοῦ
290 1250 405 1283 κώδικος
419 1250 470 1278 οὐκ
488 1250 622 1287 ἐτέθησαν
643 1251 684 1283 είς
706 1251 741 1279 τὰ
759 1250 903 1284 Βασιλικὰ,

103 1296 154 1323 καὶ
175 1295 221 1323 διὰ
236 1295 317 1323 τοῦτο
342 1297 537 1333 ήπράκτησαν.
557 1297 590 1324 Ἡ
609 1297 702 1333 μέντοι
713 1295 748 1330 α’,
765 1295 789 1333 β’
803 1298 851 1324 καὶ
871 1301 906 1324 ια’

101 1342 176 1370 διάτ.
191 1341 239 1369 τοῦ
265 1340 291 1368 α’
311 1342 365 1369 τίτ.
377 1342 432 1369 τῶν
457 1342 571 1378 Νεαρῶν
584 1343 653 1370 είσιν
664 1343 771 1379 Νεαραὶ
792 1342 904 1370 ἰουστι-

103 1388 220 1415 νιάνειοι
237 1387 275 1420 ς’,
292 1386 352 1424 ρκγ¹
378 1389 427 1415 καὶ
441 1387 502 1420 νς¹·
521 1388 569 1415 καὶ
585 1389 635 1424 τῆς
658 1389 708 1424 μὲν
727 1387 754 1420 ς’
771 1388 802 1416 τδ
819 1389 906 1425 παρὸν

103 1443 169 1469 κεφ.
188 1434 240 1461 οὐκ
255 1434 335 1469 ἐτέθη
355 1434 396 1467 είς
419 1434 453 1462 τὰ
476 1435 620 1468 Βασιλικὰ,
643 1434 774 1467 ὡσαύτως
799 1434 861 1462 οὐδὲ
887 1436 905 1470 ἡ

65 1515 69 1517 ἓ
105 1479 152 1513 νς¹
164 1481 250 1517 νεαρὰ
267 1481 433 1509 διδάσκουσα
450 1482 516 1517 περὶ
537 1482 594 1521 τῶν
609 1484 638 1510 ἐν
654 1482 694 1518 τῷ
713 1482 853 1518 Βυζαντίῳ
867 1482 906 1509 δι-

104 1527 231 1563 δομένων
241 1528 448 1564 ἐμφανιστικῶν
466 1528 539 1565 παρὰ
550 1528 605 1556 τῶν
617 1530 646 1556 ἐν
658 1529 745 1565 τούτῳ
755 1529 907 1565 γινομένων

955 975 1016 1009 ipso
1030 975 1150 1010 concilii,
1161 984 1195 1003 ex
1205 976 1344 1012 encyclica
1360 977 1394 1004 ad
1409 978 1601 1006 sanctissimos
1613 983 1754 1015 metropo-

955 1020 1055 1049 litanOs
1069 1022 1194 1057 epistola.

995 1066 1105 1095 Tutus.
1123 1067 1194 1104 Lege
1209 1068 1256 1096 lib.
1273 1069 1299 1103 l,
1317 1069 1361 1097 tit.
1371 1069 1400 1102 3,
1411 1073 1501 1097 const.
1516 1069 1562 1103 50,
1579 1071 1611 1098 All
1627 1075 1655 1098 et
1669 1071 1711 1099 tit.
1726 1070 1753 1098 l.

957 1112 1142 1147 Novellarum,
1155 1119 1220 1148 etc.,
1235 1123 1318 1151 usque
1330 1115 1365 1143 ad
1376 1115 1507 1144 Ecclesiis
1516 1114 1673 1153 [quidlibet]
1688 1116 1756 1146 olle-

959 1164 1030 1192 rant,
1044 1165 1073 1186 ut
1089 1169 1150 1196 pug.
1166 1161 1229 1189 559.

998 1204 1147 1234 Scholium.
1167 1207 1263 1236 Const.
1283 1208 1356 1236 δῦθι
1370 1209 1416 1243 41,
1435 1210 1479 1237 tit.
1495 1210 1522 1243 5,
1535 1209 1582 1238 lib.
1600 1217 1608 1238 t
1628 1209 1689 1238 cod.
1703 1217 1756 1246 po-

962 1251 1023 1280 sita:
1033 1260 1087 1280 non
1100 1258 1165 1282 sntit
1178 1253 1205 1281 in
1221 1254 1307 1283 Basil.
1325 1259 1409 1291 atque
1421 1256 1484 1284 ideo
1493 1256 1578 1284 irrita:
1591 1255 1670 1284 facta
1679 1260 1754 1284 sunt.

960 1298 1056 1326 Const.
1070 1304 1160 1328 autem
1176 1301 1202 1333 l,
1221 1301 1249 1335 2,
1266 1301 1311 1334 ll,
1331 1302 1372 1330 tit.
1393 1303 1407 1329 1
1421 1302 1608 1336 Novellarum,
1621 1307 1686 1330 sunt
1698 1301 1757 1330 No-

960 1345 1036 1372 vellae
1045 1344 1194 1374 Iustiniani
1205 1347 1233 1381 6,
1245 1347 1298 1375 125
1313 1352 1340 1375 et
1355 1348 1493 1384 56.Atque
1513 1348 1530 1375 6
1541 1349 1652 1384 quidem
1664 1354 1754 1376 const.

960 1399 1084 1428 przesens
1095 1397 1178 1428 caput
1192 1401 1246 1421 non
1257 1399 1300 1422 est
1308 1395 1427 1430 positum
1445 1395 1473 1423 iu
1486 1394 1569 1423 Basil.
1587 1403 1678 1430 neque
1689 1395 1755 1422 item

961 1439 1069 1467 novella
1084 1439 1130 1473 56,
1146 1447 1208 1475 qua:
1221 1440 1254 1468 de
1266 1441 1443 1469 insinuativis
1455 1449 1517 1476 quae
1531 1441 1654 1477 Byzantii
1668 1449 1684 1469 a
1700 1442 1756 1469 cle-

962 1486 1028 1514 ricis
1047 1485 1104 1513 illic
1133 1486 1295 1514 ordinandis
1318 1487 1432 1519 dantur,
1451 1487 1542 1514 docet.
1560 1486 1672 1515 Novella
1688 1495 1756 1515 vero

962 1532 1025 1566 525,
1040 1537 1071 1560 ut
1086 1540 1159 1568 saepe
1173 1533 1279 1561 dictum
1292 1537 1351 1566 est,
1366 1534 1455 1568 posita
1467 1538 1510 1561 est
1521 1533 1548 1560 in
1567 1541 1596 1560 ιιι
1610 1533 1657 1560 lib.
1671 1532 1754 1561 Basil.

106 1573 259 1611 κληρικῶν.
280 1574 312 1601 Ἦ
333 1574 361 1601 δὲ
376 1574 435 1610 ρκγ¹
454 1576 540 1612 νεαρὰ
553 1575 646 1611 ἐτέθη,
663 1575 702 1607 ὡς
718 1575 851 1606 πολλάκις
865 1576 904 1602 ετ-

963 1579 1006 1606 tit.
1023 1579 1049 1612 l,
1065 1587 1125 1614 cap.
1141 1580 1168 1612 9,
1180 1584 1208 1607 et
1221 1580 1361 1615 deinceps.
1380 1579 1458 1614 Quod
1484 1579 1634 1616 [quidem]
1658 1579 1675 1607 9
1693 1588 1755 1616 cap.

106 1629 191 1657 ρηται
210 1622 240 1649 ἐν
259 1622 355 1658 βιϐλίῳ
369 1621 393 1657 γ’
416 1622 470 1649 τῶν
478 1622 640 1649 ,Βασιλικῶν
663 1623 716 1649 τίτ.
732 1620 768 1654 α’,
784 1630 848 1657 κεφ.
870 1622 904 1655 θ’,

105 1668 156 1695 καὶ
166 1669 210 1703 ἐφ’
231 1669 306 1705 ἑξῆς,
325 1670 393 1705 ὅπερ
419 1668 442 1696 θ’
457 1678 521 1704 κεφ.
536 1668 716 1704 κατεστρώθη
731 1668 833 1702 ἔξωθεν
854 1670 902 1697 τοῦ

105 1712 128 1740 ε’
143 1722 208 1748 κεφ,
228 1714 275 1741 τοῦ
293 1716 428 1752 παρόντος
442 1716 508 1747 τίτ.,
525 1715 540 1742 ὃ
562 1715 608 1742 καὶ
622 1716 760 1750 ἀνάγνωθι
777 1715 904 1743 διδάσκον

107 1761 174 1796 περὶ
187 1761 241 1788 τῶν
255 1762 301 1789 ἐπὶ
318 1763 440 1798 χρήμασι
455 1763 711 1799 χειροτονουμένων.
726 1762 794 1799 Περὶ
807 1762 836 1789 δέ
848 1763 903 1790 τῶν

106 1807 255 1842 διδομένων
267 1808 380 1844 διαρίων
391 1808 469 1844 ζήτει
486 1809 533 1836 τοῦ
548 1808 631 1836 αὑτοῦ
659 1808 763 1844 βιϐλίου
778 1808 826 1836 καὶ
849 1809 902 1836 τίτ.

108 1861 174 1886 κεφ.
189 1852 226 1880 λε’
248 1854 295 1881 καὶ
322 1853 376 1887 λς’,
392 1854 480 1887 οὕτως
505 1855 575 1891 ἔχον·
599 1855 669 1882 Ἀλλ’
695 1855 757 1883 οὑδέ
773 1856 903 1892 κληρικὺν

107 1899 266 1935 οἱουδήποτε
283 1900 388 1936 βαθμοῦ
405 1901 505 1928 διδόναι
523 1909 551 1927 τι
569 1901 667 1937 ἐκείνῳ
682 1901 727 1937 ὑφ¹
739 1898 770 1928 οὗ
783 1910 904 1938 χειροτο-

107 1947 196 1973 νεῖται
211 1945 227 1982 ἦ
247 1947 320 1982 ἄλλῳ
333 1948 471 1983 οἱῳδήτινι
491 1948 630 1984 προσώπῳ
645 1949 676 1975 οὐ
694 1949 902 1984 συγχωροῦμεν,

110 1992 195 2027 μόνας
207 1993 235 2019 δέ
250 1994 382 2030 παρέχειν
396 1994 478 2022 αὑτὸν
489 1995 539 2027 τὰς
556 1995 699 2030 συνηθείας
720 1997 778 2027 τοῖς
792 1995 832 2031 τῷ
845 2004 904 2031 χει-

109 2038 265 2073 ροτονοῦντι
292 2039 528 2075 ὑπηρετουμένοις
541 2059 549 2073 ,
578 2041 627 2067 καὶ
641 2041 671 2073 ἐξ
692 2040 770 2073 ἔθους
793 2041 900 2077 κομιζο-

110 2083 204 2119 μένοις
218 2085 278 2117 ἐνὸς
293 2086 420 2113 ἐνιαυτοῦ
440 2087 534 2122 διάρια
550 2086 588 2122 μὴ
604 2087 832 2123 ὑπερϐαινούσας.
859 2087 904 2114 Ἐν

107 2129 137 2156 δὲ
149 2131 183 2165 τῇ
199 2130 339 2167 ἁγιωτάτῃ
353 2131 505 2168 Ἐκκλησία
519 2129 536 2169 ᾖ
556 2132 754 2159 κατατάττεται
768 2132 817 2168 τὴν
829 2131 905 2159 θείαν

109 2176 234 2211 πληροῦν
248 2177 431 2213 λειτουργίαν,
444 2178 490 2205 καὶ
505 2178 588 2214 μηδὲν
603 2178 743 2210 παντελῶς
757 2179 813 2210 τοῖς
830 2178 905 2210 ἰδίοις

110 2223 306 2259 συγκληρικοῖς
320 2223 421 2251 διδόναι
434 2224 505 2260 ὑπὲρ
519 2225 570 2260 τῆς
583 2224 651 2256 ιδίας
662 2225 824 2260 ἐμφανείας,
837 2225 905 2260 μηδέ

108 2272 156 2298 διὰ
167 2272 270 2308 ταύτην
284 2272 333 2308 τὴν
346 2272 436 2299 αίτίαν
450 2273 505 2300 τῶν
525 2273 599 2300 ἰδίων
611 2273 806 2309 παραμυθιῶν,
820 2273 837 2309 ἢ
851 2273 907 2301 τῶν

109 2317 202 2344 ἄλλων
225 2318 375 2353 μεριτικῶν
399 2318 481 2346 αὐτὸν
505 2319 729 2355 ἀποστερεῖσθαι,
746 2319 814 2346 ἀλλὰ
841 2319 908 2356 μηδέ

113 2363 256 2399 ξενοδόχον
270 2364 287 2400 ἢ
304 2365 510 2400 πτωχοτρόφον,
528 2365 545 2400 ἢ
557 2366 717 2401 νοσοκόμον,
729 2366 746 2402 ἢ
760 2366 841 2393 ἄλλου
860 2367 907 2393 εὐ-

109 2409 196 2445 αγοῦς
208 2410 365 2445 οίουδήποτε
387 2412 463 2438 οῐκου
483 2411 633 2448 διοικητὴν,
651 2412 668 2447 ἦ
684 2412 841 2444 οίονδήποτε
863 2414 907 2439 ἐκ·

110 2457 308 2491 κλησιαστικὺν
321 2457 476 2494 φρόντισμα
492 2459 646 2494 χειρίζοντα
657 2458 757 2486 διδόναι
771 2468 797 2485 τι
812 2459 908 2493 ἐκείνῳ

111 2503 159 2538 ὑφ’
185 2499 216 2530 οὗ
245 2503 440 2538 προϐάλλεται,
462 2504 479 2540 ἢ
499 2504 573 2540 ἄλλῳ
596 2505 749 2541 οἰῳδήποτε
769 2505 908 2541 προσώπῳ

110 2549 184 2585 ὑπὲρ
197 2549 247 2585 τῆς
261 2550 493 2586 ἐμπιστευθείσης
501 2551 577 2586 αὐτῷ
584 2551 755 2587 διοικήσεως,
766 2553 780 2578 ὀ
790 2552 820 2579 δέ
832 2553 908 2588 παρὰ

109 2595 200 2622 ταῦτα
228 2596 301 2631 ᾇπερ
327 2595 537 2631 διετυπώσαμεν
550 2597 567 2632 ἢ
588 2596 706 2633 διδοὺςῆ
731 2597 909 2634 λαμϐάνωνῆ

114 2642 231 2678 μεσίτης
245 2642 392 2677 γενόμενος
412 2642 462 2678 τῆς
481 2643 632 2679 ἱερωσύνης
659 2643 718 2679 ἦτοι
743 2644 790 2670 τοῦ
805 2644 907 2680 κλήρου

111 2689 129 2724 ἣ
159 2688 210 2724 τῆς
237 2688 471 2724 ἐμπιστευθείσης
502 2688 578 2724 αὐτῷ
616 2689 779 2726 οιασδήποτε
803 2689 906 2725 διοική-

113 2744 196 2768 σεως,
215 2736 429 2772 γυμνωθήσεται
445 2736 501 2763 τῶν
522 2737 681 2773 διδομένων,
707 2737 908 2774 ἐκδικουμὲνων

112 2783 152 2818 τῷ
170 2782 265 2817 εὐαγεί
279 2783 355 2819 τόπῳ
368 2779 473 2815 οὗτινος
495 2783 526 2811 τὸ
545 2783 666 2811 τοιοῦτον
691 2784 839 2819 πρόσωπον
859 2785 909 2820 τὴν

112 2829 282 2865 χειροτονίαν
297 2830 314 2866 ἢ
329 2831 484 2866 φρόντισμα
510 2830 527 2866 ἢ
553 2830 686 2867 διοίκησιν
704 2832 810 2859 ἐλαϐεν.
833 2832 864 2859 Εἰ
880 2833 908 2860 δὲ

114 2875 249 2911 κοσμικὺς
262 2875 305 2911 εῐη
323 2877 337 2903 ὁ
353 2876 512 2911 λαμϐάνων.
527 2875 544 2911 ἢ
562 2876 676 2912 μεσίτης
700 2877 855 2913 γινόμενος,
879 2878 909 2905 τὸ

113 2921 190 2949 δοθὲν
210 2920 323 2949 διπλοῦν
345 2921 578 2959 ἁπαιτηοήσεται,
603 2924 650 2951 καὶ
674 2923 713 2960 τῷ
728 2924 824 2959 εὐαγεῖ
836 2924 910 2961 τόπῳ

964 1626 1107 1661 praesentis
1115 1625 1159 1653 tit.
1173 1633 1234 1661 cap.
1244 1626 1263 1654 5
1276 1626 1449 1654 extrinsecus
1464 1625 1503 1662 [in
1517 1625 1630 1653 Schulio
1644 1625 1754 1662 ncmpc]

964 1671 1096 1698 insertum
1111 1675 1154 1698 est
1172 1680 1179 1698 :
1204 1671 1275 1706 quod
1295 1671 1380 1707 legas,
1398 1670 1515 1707 |utpote]
1529 1671 1602 1706 quod
1614 1670 1648 1698 de
1664 1671 1698 1698 iis
1707 1672 1755 1706 qui

963 1717 1035 1745 dalis
1049 1717 1174 1753 pecuniis
1186 1717 1361 1750 ordinantur,
1375 1718 1483 1745 doceat.
1501 1717 1587 1745 Porro
1606 1717 1640 1744 de
1658 1716 1756 1744 diariis

962 1771 1023 1798 quas
1037 1764 1155 1797 dantur,
1181 1772 1274 1799 quaere
1287 1764 1409 1799 ejusdem
1432 1764 1480 1791 lib.
1498 1768 1526 1791 et
1541 1764 1582 1791 tit.
1599 1771 1660 1799 cap.
1676 1763 1712 1791 '55
1728 1768 1757 1791 et

962 1808 1015 1841 56,
1040 1817 1101 1844 qua:
1130 1809 1171 1837 sic
1198 1810 1322 1837 habent:
1339 1808 1476 1837 Caeterum
1507 1816 1598 1843 neque
1623 1808 1756 1836 clericum

962 1855 1155 1891 cujuscunque
1170 1856 1273 1892 gradus
1292 1856 1359 1883 dare
1383 1855 1524 1890 quippiam
1542 1855 1582 1881 illi
1608 1862 1623 1881 a
1639 1861 1694 1889 quo
1711 1862 1758 1882 or-

961 1902 1074 1930 dinatur
1086 1923 1094 1935 ,
1116 1903 1159 1930 vel
1182 1903 1338 1937 cuicunque
1359 1902 1404 1929 alii
1420 1909 1544 1937 personae
1559 1901 1756 1936 permittimus.

961 1948 1165 1976 Tantummodo
1179 1949 1240 1984 ejus
1252 1949 1299 1984 qui
1329 1949 1448 1980 ordinat,
1461 1948 1605 1976 ministris.
1619 1951 1647 1975 et
1658 1947 1706 1983 qui
1723 1954 1756 1975 ex

963 2003 1039 2023 more
1053 1995 1178 2030 accipere
1198 1993 1322 2031 [solent],
1345 1994 1561 2022 consuetudines
1577 1993 1662 2026 dabit,
1694 2000 1757 2028 quae

962 2047 1052 2069 tamen
1069 2042 1152 2069 unius
1172 2041 1238 2068 anni
1252 2041 1338 2068 diaria
1363 2048 1418 2068 non
1442 2045 1619 2075 exsuperent.
1642 2040 1670 2067 ln
1691 2047 1758 2067 san-

962 2089 1087 2116 ctissima
1102 2086 1224 2114 Ecclesia
1236 2087 1264 2114 in
1279 2094 1363 2121 quam
1375 2085 1512 2121 allegitur,
1527 2093 1637 2113 sacrum
1653 2092 1757 2112 munus

962 2133 1081 2168 explebit
1095 2154 1102 2165 ,
1127 2138 1154 2160 et
1169 2133 1237 2160 nihil
1254 2132 1368 2159 omnino
1383 2132 1495 2166 collegis
1510 2131 1568 2159 suis
1581 2139 1632 2166 pro
1647 2138 1698 2159 sua
1714 2130 1758 2158 in-

963 2179 1123 2207 sinuatione
1135 2179 1223 2209 dabit.
1237 2185 1327 2214 neque
1341 2186 1390 2214 per
1404 2178 1477 2206 hanc
1493 2185 1619 2209 causam,
1631 2182 1679 2205 aut
1694 2177 1758 2205 soli-

963 2225 997 2253 da
1013 2233 1062 2253 sua
1080 2226 1216 2258 mercede,
1235 2229 1283 2252 aut
1297 2224 1359 2252 aliis
1381 2232 1443 2259 quae
1457 2223 1644 2259 particulatim
1673 2223 1758 2251 obve-

961 2272 1059 2304 niuut,
1087 2271 1278 2299 irustrabitur.
1311 2271 1364 2299 Sed
1393 2278 1482 2306 neque
1501 2270 1683 2304 xenodocho,
1710 2274 1759 2297 aut

960 2317 1172 2353 ptocltotroplio,
1188 2321 1236 2344 aut
1248 2324 1409 2351 nosocomo,
1421 2320 1469 2344 aut
1481 2316 1552 2344 alius
1566 2316 1758 2351 cujuscunque

961 2370 1048 2391 sacra:
1071 2364 1170 2391 domus
1189 2363 1390 2398 dispensatori,
1420 2367 1466 2390 aut
1486 2362 1642 2399 [denique]
1667 2362 1693 2390 ei
1708 2363 1758 2398 qui

961 2410 1183 2445 qualemcunque
1208 2409 1429 2437 ecelesiasticam
1447 2418 1543 2437 curam
1563 2410 1688 2445 suscipit,
1707 2417 1757 2444 pro

960 2456 1120 2485 concredita
1135 2457 1184 2492 ipsi
1198 2457 1440 2484 administratione
1448 2456 1599 2492 quidquam
1616 2456 1653 2484 illi
1670 2465 1686 2484 a
1702 2463 1757 2492 quo

961 2504 1120 2540 praeﬁcitur,
1146 2504 1226 2531 aliive
1241 2504 1427 2539 qualicunque
1448 2512 1583 2540 personat,
1600 2504 1666 2532 dare
1678 2503 1759 2540 [con-

961 2551 1110 2588 cedimus].
1125 2551 1177 2584 Qui
1197 2559 1263 2578 vero
1281 2551 1450 2586 praeteritam
1465 2558 1527 2586 qua!
1546 2551 1755 2584 constituimus,

961 2604 1009 2626 aut
1020 2597 1138 2631 dederit,
1156 2603 1203 2625 aut
1217 2598 1331 2633 ceperit,
1347 2602 1397 2625 aut
1408 2598 1543 2625 mediator
1558 2597 1647 2626 factus
1663 2597 1757 2630 fuerit,

962 2645 1117 2673 sacerdotio
1137 2646 1195 2672 sive
1213 2645 1344 2672 clericatu
1356 2665 1364 2678 ,
1378 2649 1426 2672 aut
1442 2645 1600 2673 concredita
1618 2645 1669 2680 ipsi
1686 2652 1758 2679 qua-

962 2693 1091 2727 licunque
1117 2691 1358 2719 administratione
1387 2691 1537 2720 nudabitur
1552 2701 1560 2719 :
1577 2700 1638 2727 qua:
1662 2696 1755 2719 autem

962 2739 1027 2767 data
1048 2743 1140 2772 erunt,
1155 2739 1369 2766 vindicabuntur
1384 2746 1464 2767 sacro
1482 2739 1560 2770 loco,
1585 2738 1666 2773 cujus
1692 2738 1758 2765 talis

961 2792 1082 2820 persona
1098 2789 1146 2812 aut
1159 2785 1374 2817 ordinationem,
1388 2790 1435 2812 aut
1451 2792 1558 2818 curam,
1574 2788 1622 2811 aut
1637 2783 1757 2811 admini-

963 2832 1124 2860 strationem
1141 2832 1272 2867 suscepit.
1294 2832 1347 2859 Sed
1369 2832 1391 2859 si
1409 2831 1563 2858 mundanus
1581 2831 1626 2863 sit,
1644 2831 1691 2866 qui
1712 2839 1760 2858 ca-

962 2880 1067 2915 pit,aut
1077 2877 1212 2906 mediator
1224 2878 1358 2914 [negotio]
1374 2877 1650 2913 intervenerit:un
1664 2878 1759 2906 datum

971 2929 1023 2959 est,
1038 2926 1097 2961 ejus
1112 2925 1226 2961 duplum
1252 2925 1377 2961 exigetur
1389 2946 1397 2958 ,
1414 2931 1549 2961 sacroque
1565 2925 1627 2954 loco
1652 2925 1680 2953 in
1704 2934 1760 2961 quo
