1946 3076
193 178 259 209 10οἸ

767 174 901 206 ΙἮΟΤΙΙ
921 172 1176 204 ΡΛΤΒΙΑΒΟΗᾹΞ
1195 168 1250 204 CP.
1264 173 1268 179 “

1763 174 1827 207 ’Ξῦρὸ

193 235 239 261 illa
251 240 368 268 persona
379 231 420 260 vel
434 231 712 263 administrationem,
721 230 987 261 velordinationem,
1003 253 1008 261 Α

1068 238 1073 253 ν
1088 227 1111 263 ᾧ
1124 230 1155 256 τὸ
1172 229 1293 256 τοιοῦτον
1314 228 1461 264 πρόσωπον
1477 229 1526 264 τὴν
1541 229 1703 266 διοίκησινῆ
1720 232 1766 268 τὴν
1779 242 1829 267 χει-

193 279 237 307 vel
264 285 359 306 curam
386 277 527 312 suscepit,
554 276 730 312 praebebitur.
755 275 784 302 Si
809 275 872 310 quis
899 279 990 301 tamen

195 326 314 354 clericus
325 324 516 359 cujuscunque
528 322 640 359 gradus,
654 326 702 349 aut
712 321 887 356 dispensator
899 320 992 355 cujus-

196 378 306 406 cunque
321 377 407 398 sacra:
428 369 538 402 domus,
565 372 612 396 aut
635 372 698 396 ante
713 367 926 399 ordinationem,
945 370 993 393 aut

195 423 258 445 ante
275 415 461 444 coucreditam
474 414 526 450 ipsi
541 414 765 449 qualemcunque
776 411 994 440 administratio-

196 469 261 490 nem
278 461 320 488 vel
331 467 426 488 curam
441 457 607 495 [autetiam]
621 457 798 493 postmodum
814 455 994 484 volueritali-

195 509 260 544 quid
277 515 369 536 rerum
385 513 498 534 suartun
513 504 755 540 oﬂ'erretccclesia:
770 503 798 531 in
812 509 894 538 quam
917 502 993 530 ordi-

196 558 289 587 natur,
314 552 358 581 vel
383 552 444 580 loco
459 551 540 586 cujus
566 549 836 578 administrationem
861 555 994 577 curamve

197 589 313 635 suscipit
323 607 330 626 :
341 606 395 631 non
412 598 501 626 solum
517 597 544 625 id
554 597 610 625 [ieri
622 604 676 624 non
690 595 882 631 prohibemus,
895 602 993 623 verum

198 645 282 674 etiam
301 651 332 672 ut.
349 644 377 672 id
400 652 451 680 pro
474 644 563 672 salute
590 643 690 670 anima:
706 649 765 670 sua:
778 641 891 674 faciant,
913 641 996 668 etiam

200 697 284 727 atque
298 691 381 719 etiam
404 691 480 726 ipsos
502 691 656 718 hortamur.
673 688 722 716 llla
740 688 813 716 enim
827 687 887 716 dari
901 687 998 723 prohi-

201 739 310 770 hemus,
328 745 390 772 qua:
418 736 533 771 privatis
547 735 723 771 quibuspiam
743 733 905 762 hominibus
925 740 997 768 prae-

200 785 309 817 bentur,
322 792 377 811 non
388 783 469 810 etiam
482 790 543 818 quae
552 781 738 810 sanctissimis
748 781 872 808 ecclesiis
883 780 1000 814 aliisque

202 830 289 858 sacris
305 829 373 857 locis
389 828 551 856 offeruntur.
567 828 640 863 Lege
666 827 748 854 etiam
766 827 846 854 finem
879 833 939 861 cap.
970 824 997 857 9,

1045 275 1167 311 ροτονίαν
1185 274 1262 311 ἢτὴν
1277 275 1406 310 φροντίδα
1421 275 1502 302 ἔλαϐε
1519 276 1692 312 παρεχέσθω.
1705 277 1734 304 Et
1750 277 1776 304 δέ
1790 287 1828 310 τις

1043 321 1174 357 κληρικδς
1185 322 1346 357 οἱουδήποτε
1361 321 1411 357 βαθ
1417 321 1479 356 μοῢ¹
1500 321 1516 357 ἦ
1527 322 1668 358 διοικητὴς
1681 323 1829 360 οἱανδήποτε

1044 367 1160 401 ἐναγοῦς
1186 366 1274 400 οἴκου,
1289 367 1305 402 ἢ
1335 367 1389 402 πρὸ
1401 367 1450 402 τῆς
1470 367 1651 402 χοιροτονίας,
1667 368 1742 403 ητῆς
1756 370 1829 404 ἐμπι-

1045 412 1205 448 στευθείσης
1220 412 1296 448 αὐτῷ
1309 413 1472 448 οῑασδήποτε
1487 413 1649 448 διοικήσεως
1667 413 1684 449 ἢ
1701 415 1830 449 φροντίδος

1047 457 1116 493 μετὰ
1129 457 1215 484 ταῦτα
1235 456 1354 492 βουληθῇ
1370 465 1397 483 τι
1411 456 1465 483 τῶν
1478 456 1552 483 ἰδίων
1566 457 1736 492 πραγμάτων
1751 466 1829 493 προσ-

1046 505 1161 538 αγαγεῖν
1180 504 1213 539 τῇ
1230 502 1364 538 ἐκκλησίᾳ
1378 503 1407 529 ὲν
1456 505 1662 539 χειροτονεῖται,
1684 504 1701 540 ἢ
1717 504 1755 539 τῷ
1764 505 1831 539 τόπῳ

1047 546 1153 582 οὗτινος
1170 549 1218 585 τὴν
1243 548 1388 585 διοίκησιν,
1408 549 1424 585 ἢ
1441 549 1491 585 τὴν
1517 549 1646 586 φροντίδα
1671 550 1830 586 ἀναδέχεται,

1047 596 1077 623 οὒ
1093 596 1174 631 μόνον
1189 595 1220 622 οὺ
1235 594 1378 630 κωλύομεν
1391 595 1471 622 τοῦτο
1482 595 1696 629 γίνεσθαι,ἀλλὰ
1713 596 1758 623 καὶ
1772 596 1833 631 μᾶλ-

1047 642 1092 669 λον
1111 641 1304 678 προτρέπομεν
1320 641 1418 673 αὐτοὺς
1433 641 1466 668 τὰ
1481 641 1594 668 τοιαῦτα
1620 642 1689 677 ὑπὲρ
1705 642 1832 677 σωτηρίας

1048 689 1097 723 τῆς
1112 687 1181 719 ἰδίας
1203 687 1294 723 ψυχῆς
1312 688 1410 714 ποιεῖν.
1431 687 1527 722 Ἡμεῖς
1542 687 1598 723 γὰρ
1613 688 1706 714 ἐκεῖνα.
1721 688 1786 723 μόνα
1799 688 1835 715 δί-

1049 733 1146 760 δοσθαι
1163 732 1307 768 κωλύομεν
1327 732 1408 760 ἅτινα
1424 733 1517 765 ἰδιχοῖς
1531 741 1586 760 τισι
1600 733 1756 769 προσώποις
1774 742 1838 770 παρ.

1051 781 1172 816 έχονται,
1193 780 1224 807 οὐ
1247 781 1297 816 μὲν
1315 781 1374 812 ταῖς
1403 781 1570 815 ἁγιωτάταις
1599 780 1769 816 ἐκκλησίαις,
1791 782 1834 808 καὶ

1053 827 1110 858 τοῖς
1119 826 1209 859 ἄλλοις
1225 826 1353 861 εὑαγέσιν
1363 827 1448 858 οἴκοις
1462 827 1685 862 προσφερόμενα.
1700 826 1840 861 ’Δνάγνωθι

207 876 249 902 tit.
268 876 293 908 i,
312 874 361 901 lib.
381 881 422 906 Ill,
440 874 468 900 in
484 881 545 908 eap.
562 873 579 900 5
603 872 748 908 praesentis
777 873 818 900 tit.
845 871 919 906 quod
947 871 1001 898 illis

1068 874 1102 900 ιαὶ
1114 873 1144 900 τὸ
1154 873 1230 905 τέλος
1239 873 1285 900 τοῦ
1309 872 1332 900 θ’
1358 882 1422 908 κεφ.
1438 873 1484 899 τοῦ
1497 871 1581 900 α’τίτ.
1595 872 1642 900 τοῦ
1655 872 1681 908 γ’
1697 873 1794 908 βιϐλίου
1805 873 1841 903 είς

203 928 322 956 praesens
338 920 380 948 lex
394 920 496 947 inserta
511 919 556 946 sit.

239 1010 319 1038 Aliud
336 1010 476 1037 scltoliunt.
504 1010 628 1038 PIIBSBIlS
645 1009 752 1037 novella
768 1007 916 1036 remotioni
935 1006 1001 1034 sub-

203 1057 265 1092 jicit
291 1055 463 1088 canonicos,
492 1056 541 1090 qui
568 1055 640 1082 datis
671 1054 795 1090 pecuniis
825 1054 1001 1086 ordinantur,

207 1103 324 1130 aliamve
332 1100 489 1136 quampiam
500 1100 716 1128 ecclesiasticam
726 1100 883 1135 suscipiunt
891 1107 984 1127 curam
993 1107 1000 1125 :

207 1156 289 1184 atque
306 1149 392 1176 laicos
423 1148 470 1183 qui
486 1148 513 1174 in
537 1148 579 1175 his
607 1146 730 1183 [rebus]
759 1147 924 1174 tnediatores
940 1145 1004 1173 facti

208 1198 284 1227 sunt,
295 1195 437 1230 ejusquod
449 1194 516 1229 ipsis
527 1193 623 1221 datum
637 1198 690 1226 est,
705 1193 731 1220 in
743 1193 856 1228 duplum
868 1193 1004 1221 exactioni

207 1241 275 1269 facit
296 1240 443 1268 obnoxios.
468 1239 562 1267 Canon
584 1239 706 1267 autem?
719 1239 829 1266 concilii
854 1238 1005 1266 Chalcedo-

211 1286 420 1320 nensis,laicos
434 1286 482 1321 qui
506 1285 535 1313 iu
559 1286 601 1313 his
626 1285 793 1313 mediatores
809 1284 1005 1316 interveniunt,

210 1333 376 1360 anathemati
402 1331 525 1367 subiicit.
546 1330 645 1359 Verum
674 1331 748 1367 quod
772 1331 836 1358 laici
860 1331 907 1366 qui
935 1330 1007 1358 datis

209 1379 335 1415 pecuniis
352 1385 496 1406 sacrorum
514 1377 639 1405 locorum
657 1376 913 1405 administrationes
940 1383 1005 1403 sus-

210 1425 327 1460 cipiunt,
356 1424 520 1459 puniantur,
549 1432 583 1452 ex
606 1423 736 1459 praesenti
760 1423 868 1450 novella
885 1427 1006 1450 constat.

213 1470 286 1507 [At]
310 1470 438 1507 quisnam
460 1468 593 1506 [tandem]
618 1470 705 1497 laicus
722 1469 790 1497 citra
805 1469 945 1496 dationem
961 1473 1010 1496 aut

212 1518 435 1552 procurationem
447 1517 519 1545 sacri
531 1517 596 1550 loci,
608 1517 827 1545 ministeriumve
841 1517 1009 1544 ecclesiasti-

213 1571 275 1591 cum
292 1564 436 1599 suscipiat,
453 1568 500 1591 aut
515 1564 633 1591 clericus
648 1564 706 1596 ﬁat,
732 1568 781 1590 aut
796 1563 824 1590 in
839 1563 935 1591 cellam
952 1570 1010 1590 mo-
1026 1557 1047 1586 C

213 1608 348 1636 nastieam
368 1608 531 1635 admittatur
544 1627 552 1640 ,
573 1607 736 1644 [equidem]
758 1608 875 1643 ignoro;
899 1615 932 1635 ac
947 1615 1012 1642 pro-

215 1658 309 1688 pterea
325 1652 404 1681 ﬂexis
419 1654 536 1688 genibus
551 1654 635 1681 Deum
662 1661 712 1681 oro
729 1659 759 1681 ut
785 1661 834 1682 nos
857 1654 892 1681 ab
915 1654 1012 1682 istius-

214 1702 289 1730 modi
308 1701 393 1729 miuis
409 1702 526 1729 liberare
542 1700 607 1729 velit
623 1700 771 1737 [clamans]
788 1710 795 1728 :
813 1700 844 1729 Si
859 1701 1012 1736 iniquitates

216 1747 410 1780 observaveris,
422 1747 541 1780 Domine,
551 1748 609 1782 quis
622 1747 760 1774 sustinebit
772 1748 800 1774 ‘?

251 1793 328 1822 CAP.
341 1792 428 1820 XXV.
442 1807 478 1814 —-
495 1793 538 1820 Ne
554 1793 736 1821 ordinationes
751 1795 891 1822 iterantur.

253 1883 449 1919 Apostolorum
466 1891 555 1912 canon
575 1884 610 1913 68
627 1893 634 1919 ;
656 1886 768 1913 concilii
785 1885 1013 1922 Carthagincnsis

218 1935 307 1956 canon
320 1928 365 1955 53.

258 1974 335 2002 CAP.
350 1973 447 2002 XXVI.
460 1990 495 1996 —
515 1974 555 2002 Ne
570 1976 707 2012 episcopus
725 1982 772 2004 aut
786 1977 897 2006 clericus
914 1986 946 2005 ea:
961 1987 1015 2006 una

219 2021 328 2048 civitate
342 2020 368 2047 in
390 2020 473 2047 aliam
489 2025 619 2050 transeat.

255 2066 483 2095 ConciliiNicaeni
498 2075 588 2096 canon
607 2069 650 2102 l5,
668 2069 717 2103 16;
731 2071 1015 2099 conciliiAntiochcni

221 2121 310 2142 canon
324 2113 357 2140 ‘21
370 2122 378 2147 ;
399 2114 749 2145 conciliiChalcedonensis
762 2124 849 2144 canon
863 2117 889 2151 5,
903 2117 946 2150 12,
963 2117 1016 2151 2ος

222 2161 332 2188 concilii
351 2160 525 2190 Sardiceusis
536 2169 624 2189 canon
638 2163 701 2196 ΗΞ,
713 2163 764 2196 15;
780 2164 891 2191 concilii
903 2163 1018 2191 Cartha-

223 2206 344 2242 giniensis
351 2214 439 2234 canon
451 2207 498 2239 54,
505 2207 540 2235 90
551 2216 558 2241 ;
568 2209 678 2236 concilii
686 2210 754 2236 sexti
766 2217 855 2237 canon
864 2209 906 2243 17,
921 2210 1014 2241 18,20.

261 2253 368 2280 Textus.
387 2253 460 2289 Lege
486 2254 582 2282 Const.
603 2255 620 2282 9
633 2260 660 2282 et
683 2255 728 2288 10,
745 2257 786 2283 tit.
805 2256 817 2283 1
844 2256 1019 2284 Novellarum

223 2305 290 2331 ctc.,
307 2308 388 2335 usque
401 2300 436 2327 ad
446 2301 540 2329 clerici
559 2302 772 2336 transferantur,
781 2309 845 2336 etc.,
859 2308 888 2331 ut
903 2312 929 2338 p.
940 2304 1004 2332 5H.

261 2345 514 2375 Scholium.Const.
529 2347 558 2380 9,
576 2349 617 2375 tit.
635 2347 843 2382 iNovcllarum,
859 2355 902 2378 est
916 2351 1022 2378 novella

227 2392 375 2419 Justiniani
388 2393 416 2425 5,
436 2395 634 2430 propositaque
649 2399 693 2423 est
712 2397 739 2422 in
764 2395 812 2423 lib.
828 2395 912 2424 Basil.
933 2397 960 2430 5,
979 2398 1019 2424 tit.

226 2440 323 2473 ξλεαρ.
338 2439 364 2471 l,
376 2447 436 2473 qna:
448 2440 492 2467 ubi
507 2442 692 2473 enumeravit,
706 2443 876 2477 quotclerici
886 2443 912 2470 in
925 2443 1022 2479 Magna

228 2485 346 2512 ecclesia
372 2485 491 2521 aliisque
518 2487 605 2514 sacris
629 2488 735 2515 aedibus
760 2496 821 2516 esse
841 2488 968 2522 debeant,
995 2494 1024 2517 et

228 2530 420 2558 transitionem
438 2531 602 2560 clericorum
625 2541 659 2560 ex
675 2541 730 2561 una
753 2534 869 2562 ecclesia
894 2535 920 2562 in
941 2535 1022 2562 aliam

228 2576 370 2612 prohibuit
383 2586 389 2605 :
402 2577 429 2605 in
442 2580 500 2606 haac
515 2578 598 2606 verba
612 2578 734 2615 loquitur
751 2589 758 2607 :
771 2579 840 2608 Nam
855 2581 877 2609 si
896 2581 922 2608 in
937 2582 1022 2610 sacris

229 2623 405 2651 monasteriis
421 2623 612 2659 prohibemus,
634 2632 669 2652 ne
685 2625 747 2660 quis
761 2626 795 2653 de
812 2634 866 2657 uno
889 2627 923 2654 ad
950 2627 1024 2656 aliud

228 2673 371 2697 transeat:
389 2670 476 2697 multo
492 2671 584 2699 minus
605 2671 633 2699 id
653 2673 893 2702 reverendissimis
914 2674 1023 2703 clericis

226 2714 429 2750 permittemus,
446 2716 497 2743 rati
515 2716 674 2752 hujusmodi
699 2719 876 2754 cupiditatem
902 2720 1022 2755 speciem

228 2769 283 2796 pra:
296 2769 325 2789 se
338 2761 410 2790 ferre
425 2768 549 2797 quazstus
569 2769 596 2791 et
608 2765 828 2794 uuudinatiouis.
846 2766 983 2795 Creterqu
999 2768 1022 2796 si

227 2808 338 2849 quando
363 2813 390 2836 et
419 2809 473 2837 hoc
499 2811 673 2840 transitionis
697 2820 783 2847 genus
800 2814 841 2841 vel
861 2813 1022 2843 beatitudini

265 2887 274 2901 ¹
291 2886 362 2914 Psal.
377 2895 470 2924 cxxtx,
486 2890 512 2917 5.

1058 926 1119 952 κεφ.
1131 916 1150 943 ε’
1158 917 1205 945 τοῦ
1222 917 1355 953 παρόντος
1367 917 1433 950 τίτ.,
1447 916 1493 943 διὰ
1506 916 1536 943 τδ
1551 917 1610 944 ἐκεῖ
1623 917 1842 953 καταστρωοῆναι

1058 964 1105 990 τὸν
1116 963 1242 998 παρόντα
1252 963 1344 999 νόμον.

1095 1009 1142 1045 [aL
1162 1009 1289 1044 Ἕτερον
1315 1007 1468 1045 σκόλιον.]
1492 1009 1661 1044 Σημείωσαι·
1682 1009 1713 1036 'H
1722 1010 1770 1045 μὲν
1797 1018 1845 1036 πα-

1063 1056 1149 1090 ροῦσα.
1172 1055 1258 1091 νεαρὰ
1287 1055 1446 1090 καθαιρέσει
1471 1054 1674 1082 καουτιοϐἀλλει
1697 1056 1759 1087 τοὺς
1773 1064 1846 1083 κανο-

1059 1102 1151 1133 νικοὺς
1165 1101 1429 1137 χειροτονουμένους,
1445 1100 1463 1137 ἢ
1476 1100 1570 1136 ἕτερόν
1597 1109 1624 1128 τι
1637 1102 1790 1137 φρόντισμα
1804 1102 1845 1128 ὲκ-

1061 1147 1251 1183 κλησιαστικδν
1277 1147 1323 1174 ἐπὶ
1352 1148 1475 1182 χρήμασι
1496 1146 1702 1182 λαμϐάνοντας,
1719 1148 1765 1176 καὶ
1790 1148 1846 1179 τοὺς

1064 1193 1236 1229 μεσάσαντας
1249 1194 1295 1220 ἐπὶ
1311 1193 1417 1225 τούτοις
1430 1192 1551 1225 λαῖκοὺς,
1569 1195 1602 1228 τῇ
1619 1195 1660 1226 είς
1677 1194 1707 1220 τὸ
1716 1194 1846 1221 διπλάσιον

1062 1240 1210 1274 ἀπαιτήσει
1231 1239 1278 1266 τοῦ
1298 1239 1420 1271 δοθέντος
1442 1240 1534 1271 αὐτοῖς
1550 1240 1712 1276 ὲνοχοποιεῖ.
1730 1240 1757 1267 '0
1777 1241 1803 1267 δὲ
1817 1239 1846 1275 β’,

1063 1284 1154 1312 κανὼν
1166 1285 1215 1320 τῆς
1232 1285 1261 1312 ὲν
1272 1286 1425 1320 Χαλκηδόνι
1440 1287 1549 1313 συνόδου
1560 1287 1714 1324 ἀναθέματι
1737 1288 1848 1315 καθυπο-

1064 1332 1156 1359 ϐὰλλει
1175 1332 1238 1364 τοὺς
1257 1332 1293 1358 τὰ
1305 1333 1418 1360 τοιαῦτα
1433 1333 1602 1368 μεσάζοντας
1618 1334 1741 1368 λαῖκοὺς.
1757 1335 1791 1361 Τὸ
1803 1334 1847 1370 μέν

1063 1386 1105 1404 τοι
1129 1378 1311 1413 τιμωρεῖσθαι
1325 1379 1389 1410 τοὺς
1406 1379 1517 1412 λαῖκοὺς
1539 1381 1585 1407 ἐπὶ
1604 1382 1744 1416 χρήμασιν
1761 1381 1849 1408 ἀναδε-

1064 1424 1196 1460 χομένους
1212 1424 1361 1460 διοικήσεις
1374 1425 1482 1460 εὐαγῶν
1492 1425 1575 1453 οἴκων
1588 1427 1646 1453 ἀπὸ
1656 1428 1705 1463 τῆς
1720 1427 1849 1463 παρούσης

1065 1471 1165 1506 νεαρᾶς
1183 1472 1372 1505 ἀναφαίνεται.
1387 1472 1467 1504 Ποῑος
1483 1472 1531 1499 οὖν
1545 1473 1621 1500 ἑστιν
1637 1475 1651 1500 ό
1667 1474 1850 1510 ἀναδεχόμενος

1066 1517 1160 1549 λαῖκὺς
1179 1517 1313 1553 διοίκησιν
1337 1518 1454 1553 εὐαγοῦς
1479 1520 1565 1553 οίκου,
1583 1519 1600 1555 ἢ
1622 1520 1745 1548 δουλείαν
1761 1520 1850 1555 ἐκκλη-

1068 1563 1224 1599 σιαστικὴν,
1244 1564 1261 1599 ἢ
1282 1564 1413 1600 κληρικδς
1433 1567 1585 1601 γινόμενος,
1612 1567 1630 1604 ἢ
1649 1568 1678 1594 ἐν
1701 1567 1850 1601 χελλιωτικῇ

1069 1611 1137 1646 μονῇ
1155 1612 1392 1646 καταταττόμενος
1418 1612 1504 1645 ἀδοτὶ,
1521 1613 1622 1648 ἀγνοῶ,
1645 1615 1700 1641 Καὶ
1717 1614 1760 1641 διὰ
1782 1613 1852 1640 τοῦτο

1067 1657 1210 1691 γονυπετῶ
1233 1657 1301 1692 πρὸς
1321 1658 1388 1684 Θεὸν
1405 1658 1509 1690 πάντας
1531 1659 1604 1694 ἡμᾶς
1621 1660 1654 1686 ἐκ
1671 1659 1721 1694 τῆς
1737 1658 1853 1692 τοιαύτης

1069 1703 1201 1738 ρυσθῆναι
1218 1703 1345 1738 ἀπειλῆς,
1366 1703 1437 1731 Ἐὰν
1449 1704 1504 1739 γὰρ
1520 1705 1649 1739 ἀνομίας
1666 1703 1853 1740 παρατηρήσῃ

1068 1749 1187 1784 Κύριος,
1201 1749 1248 1782 τίς
1260 1748 1491 1783 ﬁnemﬁnem;

1105 1795 1230 1821 ΚΕΦΛΛ.
1247 1794 1312 1822 KE’.
1326 1809 1359 1814 ——
1375 1795 1445 1829 Περὶ
1465 1794 1519 1823 τοῦ
1531 1795 1575 1831 μὴ
1593 1796 1731 1830 γίνεσθαι
1747 1796 1856 1829 ἀνακει-

1065 1840 1257 1875 ροτονήσεις.

1112 1888 1282 1915 Ἀποστόλων
1297 1888 1388 1915 κανὼν
1405 1887 1445 1924 ξη¹
1457 1896 1463 1903 ”
1483 1888 1593 1916 συνόδου
1616 1889 1795 1925 Καρθαγένης
1810 1896 1856 1914 κα-

1069 1933 1122 1961 νὼν
1142 1933 1197 1970 μη’.

1106 1981 1233 2008 ΚΕΦΑΛ.
1253 1981 1326 2015 KG’.
1336 1996 1372 2001 —-
1382 1982 1454 2016 Περὶ
1470 1982 1524 2009 τοῦ
1536 1982 1580 2018 μὴ
1592 1984 1730 2017 μετιέναι
1745 1988 1858 2009 ἐπισκυ-

1071 2034 1130 2055 πον
1141 2027 1160 2063 ἢ
1172 2029 1320 2062 κληρικὸν
1334 2029 1394 2055 ἀπὸ
1411 2030 1529 2062 πόλεως
1545 2030 1589 2063 εἰς
1604 2030 1709 2056 πόλιν.

1108 2075 1222 2102 Συνόδου
1247 2074 1367 2106 Νικαίας
1382 2074 1473 2102 κανὼν
1491 2074 1534 2108 ιε’,
1553 2075 1609 2108 ις’·
1637 2075 1747 2102 συνόδου
1767 2075 1858 2100 Ἀντιο-

1073 2119 1149 2155 χείας
1164 2119 1256 2147 κανὼν
1272 2119 1329 2146 καί·
1347 2120 1457 2147 συνόδου
1477 2120 1651 2156 Χαλκηδόνος
1670 2119 1760 2148 κανὼν
1773 2118 1802 2151 ε’,
1821 2118 1859 2153 ιβ’,

1074 2165 1097 2193 κ’
1108 2174 1115 2181 ·
1134 2165 1243 2193 συνόδου
1259 2165 1396 2201 Σαρδικῆς
1410 2166 1499 2193 κανὼν
1512 2165 1547 2199 α’,
1560 2165 1593 2201 β’,
1605 2165 1636 2193 ιε’
1648 2175 1655 2182 ι
1671 2165 1781 2192 συνόδου
1794 2165 1859 2198 Καρ-

1075 2211 1208 2247 Θαγέννης
1216 2210 1354 2244 κανὼννδ’,
1363 2210 1397 2245 LL"
1412 2211 1568 2247 aovéaoo:g',
1579 2212 1673 2239 κανὼν
1683 2210 1726 2244 ιζ’,
1738 2210 1771 2246 ιη’
1780 2210 1823 2237 καὶ
1830 2207 1860 2235 κ’-

1110 2257 1267 2292 Κείμενον.
1292 2257 1323 2284 'H
1350 2257 1372 2284 θ’
1390 2258 1437 2284 καὶ
1456 2256 1471 2284 ι’
1489 2258 1611 2290 διάταξις
1632 2258 1681 2285 τοῦ
1700 2256 1725 2285 α’
1739 2257 1789 2284 τίτ.
1813 2254 1860 2281 τῶν

1071 2302 1198 2339 Νεαρῶν,
1214 2303 1317 2336 κ.τ.λ.,
1327 2311 1415 2338 usque
1425 2304 1458 2331 ad
1473 2303 1674 2338 μετατίθενται.

1109 2350 1249 2384 Σχόλιον.
1275 2349 1307 2376 Ἦ
1327 2349 1348 2377 0'
1369 2351 1439 2378 διάτ.
1465 2351 1513 2377 τοῦ
1547 2350 1571 2379 α’
1594 2352 1650 2378 τίτ.
1676 2351 1730 2378 τῶν
1758 2347 1862 2385 Νεαρῶν

1074 2398 1131 2423 ἐστι
1159 2397 1244 2432 νεαρὰ
1257 2397 1473 2430 Ἰουστινιόινειος
1490 2401 1525 2432 γ’,
1541 2399 1588 2424 καὶ
1610 2398 1691 2433 mon
1718 2398 1758 2429 είς
1771 2393 1861 2432 βιϐλίον

1074 2444 1128 2470 τῶν
1146 2443 1299 2471 Βασιλικῶν
1312 2443 1347 2478 γ’,
1365 2445 1418 2471 τίτ.
1431 2443 1463 2480 β’,
1480 2453 1544 2479 κεφ.
1565 2443 1602 2477 α’,
1614 2444 1678 2479 ἥτις
1697 2443 1765 2479 μετὰ
1775 2442 1803 2468 τὸ
1817 2441 1862 2468 ἁπ-

1075 2490 1230 2525 αριομῆσαι
1252 2490 1316 2521 τοὺς
1336 2490 1494 2524 ὀφείλοντας
1516 2487 1586 2517 εἶναι
1609 2490 1759 2526 κληρικοὺς
1777 2487 1814 2519 εἷς
1837 2493 1863 2511 τε

1075 2538 1125 2572 τὴν
1157 2536 1289 2572 Μεγάλην
1315 2536 1475 2572 ἐκκλησίαν,
1508 2537 1556 2563 καὶ
1577 2537 1619 2568 εἰς
1646 2537 1736 2567 θείους
1763 2534 1862 2569 ἐτέρους

1076 2583 1169 2616 ναοὺς,
1195 2583 1243 2610 καὶ
1267 2582 1390 2610 κωλῦσαι
1417 2583 1466 2618 τὴν
1491 2582 1520 2616 ἐξ
1545 2581 1644 2618 ἐτέρας
1666 2580 1812 2617 ἐκκλησίας
1829 2577 1863 2608 εἰς

1078 2630 1176 2665 ἑτέραν
1197 2629 1348 2665 μετάϐασιν
1371 2629 1424 2657 τῶν
1441 2629 1582 2665 κληρικῶν
1595 2650 1603 2662 ,
1627 2629 1697 2665 φησὶ
1723 2625 1862 2656 καὶταῦτα

1078 2675 1177 2711 ῥητῶς·
1193 2676 1217 2702 εἰ
1230 2676 1284 2712 γὰρ
1299 2676 1346 2703 ἐπὶ
1360 2676 1414 2703 τῶν
1431 2675 1539 2710 εὐαγῶν
1557 2675 1752 2711 μοναστηρίων
1771 2671 1862 2701 κωλύο-

1079 2731 1129 2757 μεν
1143 2721 1173 2754 ἐξ
1184 2722 1280 2757 ἐτέρου
1293 2722 1476 2758 μοναστηρίου
1493 2722 1562 2757 πρὸς
1574 2722 1672 2757 ἓτερον
1689 2719 1861 2756 μεταϐαίνειν,

1078 2768 1168 2804 πολλῷ
1196 2769 1297 2803 μᾶλλον
1326 2769 1386 2796 οὐδὲ
1416 2770 1472 2801 τοῖς
1494 2767 1706 2800 amoenam;
1731 2763 1860 2802 κληρικοῖς

1078 2815 1157 2842 τοῦτο
1171 2816 1310 2851 ὲφήσομεν
1327 2815 1439 2851 κέρδους
1465 2823 1494 2842 τε
1513 2815 1560 2842 καὶ
1579 2815 1718 2850 ἐμπορίας
1739 2809 1862 2841 ἀπόδειξιν
