1946 3076
131 168 202 201 1009

544 174 787 208 NOMOCANON.
809 191 844 196 —-
859 179 932 210 TIT.
954 179 978 216 Ι,
999 180 1078 211 CAP.
1099 182 1330 214 XXV-XXVIII.

1714 189 1782 221 1010

134 227 208 263 ἔχειν
227 227 277 263 τὴν
292 227 420 275 τοιαυτην
437 230 587 267 ἐπιθυμίαν
605 233 763 269 ἡγούμενοι.
782 235 815 263 Et
836 236 865 263 δὲ
883 237 929 264 καί

986 242 1046 270 tum,
1065 238 1106 266 vel
1120 246 1170 274 pro
1184 244 1308 275 tempore
1323 241 1461 277 majestati
1478 241 1661 278 imperatoriae
1682 247 1781 282 proba-

133 282 199 300 ποτε
215 273 345 310 τοιαύτην
360 272 527 310 μετάστασιν
538 278 554 313 ἡ
567 278 600 314 σὴ
614 281 783 315 μακαριότης
797 282 814 318 ἦ
830 283 846 316 ἡ
858 283 930 310 κατὰ

132 318 228 354 καιρὸν
256 318 381 353 βασιλεία
407 321 535 355 γενέσθαι
557 323 650 360 συνίδῃ
673 325 711 361 μὴ
742 325 830 359 ἄλλως
848 327 930 354 τοῦτο

131 364 324 399 πράττεσθαι,
354 366 418 401 πρὶν
453 367 487 394 ἄν
525 369 565 401 εἰς
598 370 644 397 τὸν
682 372 829 407 εἰρημένον
862 374 929 408 ἡμῖν

131 408 251 445 ἀριθμὸν
275 411 436 447 περισταίη.
458 411 529 439 ὥστε
545 413 596 449 τὴν
621 415 668 441 τοῦ
686 415 827 449 λείποντος
851 417 929 450 τάξιν

130 455 265 490 γίνεσθαι.
282 456 352 484 Ἀλλ’
372 457 420 493 οὐχ
433 458 502 495 ὑπὲρ
520 459 566 487 τὸν
577 460 696 497 ἀριθμόν
711 471 771 489 τινα
789 464 929 496 παντελῶς

130 500 308 536 ἑμϐαίνοντα·
320 504 401 530 τοῦτο
418 503 472 540 γὰρ
488 505 518 538 ἐξ
530 506 660 542 οὐδεμιᾶς
674 509 810 544 μηχανῆς,
822 509 883 536 οὐδὲ
898 510 929 536 ἔκ

129 556 204 579 τινος
221 549 322 583 τρόπου
338 549 463 583 γίνεσθαι
489 552 696 588 συγχωροῦμεν.
719 555 750 581 Ἡ
764 555 792 582 δὲ
817 559 833 583 ι’
855 556 927 584 διάτ.

129 591 178 618 τοῦ
189 591 213 618 α’
222 593 274 620 τίτ,
288 593 344 620 τῶν
352 593 477 630 Νεαρῶν,
487 595 544 622 ἔστι
557 599 642 633 νεαρὰ
651 599 866 632 Ίουστινιάνειος
877 600 927 634 ις’,

130 638 179 664 καὶ
190 638 270 674 ἐτέθη
282 640 311 666 ἐν
322 639 418 676 βιϐλίῳ
429 640 453 676 Υ
466 642 520 669 τῶν
530 642 694 677 Βασιλικῶν,
706 645 759 672 τίτ.
770 645 805 680 γ’,
818 655 881 682 κεφ.
893 646 928 680 α’,

129 684 144 712 ὅ
156 685 203 711 καὶ
214 685 363 720 ἀνάγνωθι,
373 687 498 715 διδάσκον
511 690 543 716 τὰ
560 690 630 718 αὐτὰ
647 691 741 726 σχεδὸν
757 693 803 719 καὶ
817 693 847 720 τὺ
865 695 929 726 τοὺς

130 730 275 763 λείποντας
298 732 456 768 κληρικοὺς,
471 735 524 762 ἀπὸ
548 736 604 763 τῶν
626 739 764 773 περισσῶν
779 739 929 767 δουλευτῶν

130 777 265 810 γίνεσθαι.
283 778 440 814 Σημείωσαι
455 781 496 808 ὅτι
515 781 570 808 ἀπὸ
590 783 642 817 τῆς
667 785 809 821 παρούσης
829 788 929 822 νεαρᾶς

128 821 239 858 ἐνεδόθη
255 822 294 858 τῷ
311 824 623 859 Κωνσταντινουτιόλεως
643 829 801 866 πατριάρχῃ
813 831 861 858 καὶ
879 821 929 859 οιαὶ

132 867 207 903 μόνῳ
225 869 322 904 ἑτέρας
341 871 449 906 ὲνορίας
463 872 511 898 καὶ
526 873 590 908 δίχα
603 873 718 910 γνώμης
738 875 785 902 τοῦ
810 877 924 904 ἐπισκό-

981 282 1056 311 bitur
1071 292 1078 310 :
1096 291 1130 312 ne
1147 284 1226 312 aliter
1240 285 1268 312 id
1284 285 1341 318 tiat,
1364 287 1416 315 nisi
1430 289 1507 323 prius
1523 288 1579 325 [res
1591 290 1662 327 ipsa]
1678 292 1711 320 ad
1728 300 1780 320 nu-

982 335 1091 356 merum
1110 337 1192 365 quem
1211 331 1400 365 przediximus.
1419 334 1570 370 redigatur,
1582 341 1613 363 ut
1626 344 1658 364 ea
1675 338 1778 366 transi-

981 375 1019 402 tio
1036 375 1063 403 in
1079 376 1232 405 deﬁcientis
1247 377 1336 406 locum
1364 379 1410 407 tiat
1424 400 1432 412 ,
1453 388 1544 416 neque
1567 390 1780 418 Supernumera-

980 421 1040 450 rius
1053 422 1167 451 omnino
1182 423 1284 459 aliquis
1300 425 1414 461 irrepat.
1434 426 1513 455 Nulla
1531 429 1604 456 enim
1624 429 1651 457 id
1675 430 1780 460 machi-

980 468 1104 501 natione,
1120 477 1209 505 neque
1224 470 1280 498 ullo
1304 472 1385 499 modo
1399 473 1457 500 ﬁeri
1482 475 1678 509 permittimus.
1694 476 1780 504 Porro

983 514 1017 542 l0
1037 521 1125 543 const.
1144 516 1157 543 1
1177 516 1219 544 tit.
1240 515 1426 550 Novellarum.
1447 524 1489 548 est
1502 519 1650 550 Iustiniani
1670 523 1778 550 novella

983 559 1027 593 16,
1047 562 1193 598 positaque
1207 568 1250 591 est
1265 564 1292 591 in
1307 564 1356 592 lib.
1378 565 1463 595 BaSil.
1487 574 1538 598 In.
1561 568 1603 595 tit.
1625 568 1657 601 ὅ,
1673 576 1736 603 cap.
1751 569 1778 601 1,

981 607 1056 642 quod
1075 607 1143 643 lege,
1157 609 1222 644 quia
1237 611 1332 637 eadem
1346 610 1452 643 ferme;
1467 617 1534 640 etut
1550 612 1618 649 [quo
1634 614 1706 650 loco]
1723 614 1779 642 cle-

980 652 1030 679 rici
1053 652 1173 686 desunt,
1205 661 1239 681 ex
1265 655 1411 690 superﬂuis
1432 657 1594 686 ministeriis
1621 658 1777 694 [defectus]

981 697 1141 732 suppleatur
1154 698 1243 726 docet.
1255 698 1324 727 Nota
1343 708 1418 731 vero.
1437 703 1510 737 quod
1534 711 1550 730 a
1572 705 1700 738 praesenti
1729 711 1780 732 no-

980 743 1052 771 vella
1078 743 1320 782 [archiepiscopo]
1343 747 1650 784 Constantinopolitano
1668 757 1701 777 ex
1718 750 1780 777 aliis

980 789 1104 818 ecclesiis
1121 790 1236 819 clericos
1250 793 1402 827 suscipere,
1412 801 1519 829 suoque
1530 795 1604 822 clero
1619 803 1780 830 accensam,

981 840 1026 862 aut
1042 836 1124 863 etiam
1138 837 1282 872 episcopos
1295 838 1402 867 ofﬁcere
1413 841 1584 875 conceditur.
1604 841 1681 876 Quod
1696 843 1779 871 etiam

981 888 995 907 a
1015 888 1121 908 canone
1136 883 1300 910 conceditur
1311 884 1442 920 episcopo
1455 885 1676 922 Carthaginiensi.

127 924 181 970 στου
194 917 294 970 αέῢτῶν.
315 918 392 954 Ἔχει
406 919 435 946 δὲ
449 919 530 947 τοῦτο
552 922 700 958 προνόμιον
715 925 763 950 καὶ
784 925 797 951 ὁ
827 926 1022 964 Καρθαγέννης
1037 928 1187 961 ἐπίσκοπος
1219 931 1266 957 καὶ
1292 917 1367 966 ζήτει
1396 917 1451 958 απὸ
1479 917 1579 969 ἑτέρων
1608 934 1782 970 Ἑκκλησιῶν

125 963 261 1017 δέᾈεσίξαι.
285 966 443 1017 κληρικοὺς,
468 968 516 995 καὶ
542 969 580 1004 τῷ
605 970 662 1006 ἰδίῳ
698 971 791 1008 κλήρῳ
811 974 1018 1010 ἐγκαταλέγειν,
1051 977 1068 1012 ἣ
1093 977 1141 1004 καὶ
1167 963 1335 1010 ἐπισκόπους
1379 981 1476 1006 ποιεῖν.
1496 963 1582 1008 Τοῦτο
1600 981 1630 1008 δὲ
1666 963 1777 1017 ἐνεδόθη

127 1009 175 1036 καὶ
190 1011 228 1046 τῷ
252 1012 396 1062 ὲμῖτισκόπῳ
419 1015 605 1050 Καρχηδόνος.
636 1017 786 1052 Ἀνάγνωθι
807 1020 854 1047 καὶ
873 1021 923 1056 τῆς
941 1009 970 1049 ἐν
1004 1009 1184 1060 Καρθαγὲννῃ
1219 1009 1332 1051 συνόδου
1342 1025 1442 1053 κανόνα
1460 1025 1506 1058 νε’,
1535 1027 1583 1053 καὶ
1609 1027 1659 1062 τῆς
1685 1009 1779 1055 οἰκου-ἶ

129 1058 243 1093 μενικῆς
259 1057 281 1092 ζ’
302 1059 412 1086 συνόδου
427 1062 529 1088 κανόνα
543 1062 569 1096 ι’⁷
586 1063 679 1091 καὶτὰ
694 1066 723 1091 ὲν
743 1066 834 1098 αὐτοῖς
854 1068 1004 1102 γραφέντα,
1036 1070 1096 1096 τότε
1109 1069 1138 1096 δέ
1169 1069 1298 1104 λέγεσθαι
1329 1071 1461 1098 δύνασθαι
1493 1072 1538 1098 τὸν
1551 1073 1778 1100 Κωνσταντινου-

129 1103 234 1155 πόλεως
261 1105 571 1156 ἦαὶΙτὺΨΚαρχηδόνρς
587 1110 640 1137 ἀπὸ
654 1111 755 1146 ἐτέρων
771 1112 885 1148 ὲνοριῶν
917 1114 1066 1156 κληρικοὺς
1087 1103 1294 1152 σφετερίζεσθαι
1316 1118 1389 1154 παρὰ
1404 1118 1516 1154 γνώμην
1545 1118 1599 1145 τῶν
1621 1128 1779 1156 χειροτονη-

129 1149 237 1176 σάντων
252 1151 350 1184 αὑτοὺς
368 1153 412 1179 ὅτε
437 1154 467 1180 ἐν
482 1153 572 1190 ἐνδείᾳ
598 1156 651 1182 εἰσὶ
689 1156 834 1192 κληρικοῦ.
855 1158 945 1195 Ὅπερ
964 1154 1034 1193 τέως
1056 1162 1097 1193 εἰς
1110 1161 1159 1197 τὴν
1185 1162 1502 1195 Κωνσταντινουπόλεως
1526 1163 1619 1200 χώραν
1652 1166 1702 1192 οὐκ
1721 1166 1778 1200 ἔχει

128 1195 173 1222 διὰ
191 1197 221 1222 τὸ
238 1197 341 1232 πλῆθος
356 1199 402 1225 τοῦ
419 1200 521 1236 κλήρου
533 1201 627 1234 αὑτοῦ,
647 1203 736 1229 καὶτὸ
755 1204 864 1236 πάντως
880 1205 927 1232 ἐπὶ
946 1207 1031 1234 πᾶσιν
1044 1208 1166 1240 ἀνενδεές
1197 1209 1245 1237 καὶ
1259 1209 1322 1237 ὅταν
1349 1209 1377 1236 δὲ
1397 1210 1505 1246 ἀνάγκη
1539 1211 1646 1247 συνωθῇ
1667 1212 1780 1245 τούτους

129 1242 272 1294 ἀλλότριον
282 1244 375 1272 λαϐεῖν
391 1246 522 1284 κληρικδν
534 1248 621 1281 ἄλλως
635 1249 664 1276 οὐ
678 1250 838 1286 δυνήσονται
849 1251 929 1279 τοῦτο
949 1254 1063 1288 ποιῆσαι
1081 1256 1106 1281 εἰ
1124 1255 1161 1292 μὴ
1177 1255 1291 1290 ἐλλιπής
1324 1257 1398 1283 ἐστιν
1418 1242 1534 1292 ἀριθμὸς
1563 1257 1618 1284 τῶν
1634 1242 1781 1294 ἀληρικῶν

130 1289 231 1337 αὐτῶν.
248 1290 343 1323 Ὅπως
360 1292 389 1318 δὲ
404 1293 524 1329 σήμερον
536 1294 582 1321 τοῦ
598 1295 717 1331 ἀριθμοῦ
734 1297 790 1324 τῶν
807 1297 947 1335 κληρικῶν
967 1301 983 1336 ἠ
999 1289 1139 1336 ἀθέτησις,
1153 1289 1304 1333 δικινδύνίυς
1318 1289 1551 1337 γίνεταιξάγνοῶ.

167 1336 292 1364 ΚΕΦΑΛ.
308 1339 372 1366 ΚΖ’.
389 1354 424 1360 ——
441 1341 511 1375 Περὶ
524 1341 724 1377 ὑποκειμένου
742 1344 927 1380 ἁμαρτήματι

1014 1345 1090 1374 CAP.
1106 1346 1212 1374 XXVII.
1226 1362 1260 1366 —
1275 1347 1315 1375 De
1323 1356 1368 1380 eu,
1384 1349 1429 1382 qui
1445 1349 1507 1376 dum
1521 1350 1649 1377 obnoxius
1669 1356 1779 1385 peccato

131 1382 183 1409 καὶ
201 1385 476 1420 χειροτονηθέντος.

168 1429 282 1457 Συνόδου
298 1431 416 1464 Νικαίας
431 1433 523 1461 κανὼν
539 1433 572 1467 θ’,
586 1433 617 1461 ι’·
640 1435 749 1463 συνόδου
774 1437 927 1465 Νεοκαισα-

131 1476 209 1511 ρείας
235 1477 326 1505 κανὼν
341 1478 374 1511 θ’,
388 1478 419 1505 ι’·
446 1480 589 1509 Βασιλείου
617 1481 706 1508 κανὼν
722 1483 763 1516 κζ’
774 1491 780 1499 ·
796 1483 926 1518 Θεοφίλου

129 1523 163 1548 ἐκ
177 1523 224 1550 τοῦ
239 1523 444 1560 ὑπομνηστικοῠ
458 1524 547 1553 κανὼν
562 1525 593 1556 δ’,
610 1525 642 1558 ε’,
658 1527 694 1563 η’.

167 1569 295 1597 ΚΕΦΑΛ.
309 1570 377 1599 KH'.
391 1586 428 1590 —
441 1572 510 1606 Περὶ
534 1571 589 1607 τῆς
611 1573 733 1607 ἡλικίας
755 1573 816 1601 τῶν
829 1583 926 1609 χειρο-

129 1616 323 1651 τονουμένων
336 1617 472 1651 ἁῤῥένων
486 1619 538 1647 καὶ
553 1620 692 1654 θηλειῶν.

167 1661 280 1689 Συνόδου
289 1664 487 1700 Καρθαγὲννης
504 1666 593 1693 κανὼν
604 1666 652 1700 ις’·
664 1667 775 1695 συνόδου
788 1667 825 1702 ς’,
835 1667 926 1696 κανὼν

130 1707 178 1741 ια’,
196 1707 241 1735 ιε’⁸
257 1710 367 1736 συνόδου
385 1711 604 1749 Νεοκαισαρείας
626 1713 717 1741 κανὼν
745 1713 796 1741 ια”
815 1715 925 1742 συνόδου

129 1754 303 1790 Χαλκηδόνος
316 1756 405 1787 κανὼν
423 1757 463 1784 ιε’.

166 1802 322 1838 Κεᾲιενογ.
344 1803 376 1830 Ἠ
392 1803 413 1829 θ’
431 1804 553 1837 διάταξις
573 1806 621 1833 τοῦ
633 1806 656 1841 γ’
684 1807 736 1836 τίτ.
752 1807 799 1835 τοῦ
824 1807 848 1835 α’
869 1808 924 1844 βιϐ.

128 1848 178 1875 τοῦ
197 1849 310 1882 κώδικος
322 1851 353 1877 οὺ
378 1853 527 1887 συγχωρεῖ,
547 1861 574 1880 κ.
586 1861 612 1880 τ.
628 1853 665 1886 λ..
684 1862 772 1890 usque
788 1855 821 1882 ad
842 1856 926 1891 ὑπερ-

131 1895 279 1931 ϐεϐηκέναι
294 1897 328 1924 τὰ
341 1897 362 1924 λ’
378 1898 436 1933 ἔτη.

167 1943 305 1976 Σχόλιον,
330 1944 363 1971 Ἡ
383 1944 405 1970 θ’
429 1945 499 1972 διάτ.
533 1945 580 1972 τοῦ
603 1945 627 1972 α’
654 1946 708 1981 βιΰ.
740 1947 786 1974 τοῦ
810 1947 926 1981 κώδικος

128 1988 181 2015 οὐκ
194 1989 275 2025 ἐτέθη
291 1991 330 2021 εἰς
349 1990 384 2019 τὰ
397 1991 540 2024 Βασιλικὰ,
570 1992 631 2019 οὐδὲ
654 1994 669 2028 ἡ
691 1993 715 2020 α’
736 1994 858 2027 διάταξις
877 1994 925 2021 τοῦ

985 1398 1062 1426 esset,
1083 1393 1223 1421 ordinatus
1241 1399 1291 1421 est.

1022 1438 1136 1466 Concilii
1146 1438 1249 1466 Νίσιεηὶ
1260 1446 1349 1467 canon
1359 1439 1386 1472 9,
1397 1439 1446 1473 l0;
1459 1441 1568 1468 concilii
1578 1441 1780 1472 Nenctesarlon-

984 1484 1024 1512 sis
1037 1491 1125 1512 canon
1139 1484 1173 1518 9;
1196 1485 1291 1513 Basilii
1313 1494 1402 1514 canon
1419 1486 1470 1520 27;
1488 1487 1631 1522 Theophili
1655 1497 1688 1516 ex
1703 1497 1778 1516 com-

985 1530 1135 1558 monitorio
1150 1538 1239 1558 canon
1252 1531 1279 1563 4,
1295 1531 1322 1562 5.
1334 1533 1360 1559 8.

1020 1576 1096 1605 CAP.
1119 1576 1238 1604 XXVIII.
1258 1592 1293 1597 —
1315 1577 1351 1605 De
1384 1583 1462 1606 (elate
1489 1579 1701 1610 ordinamlorum
1726 1582 1779 1609 sive

985 1630 1070 1649 mares
1088 1623 1141 1649 sive
1156 1623 1261 1657 femin
1274 1624 1338 1650 sint.

1021 1667 1374 1703 ConciliiCarthaginensis
1391 1676 1480 1696 conon
1507 1669 1557 1703 l6;
1577 1671 1685 1698 concilii
1710 1673 1782 1699 sexti

983 1721 1071 1746 canon
1089 1713 1133 1744 l4.
1153 1714 1200 1747 l5;
1229 1714 1336 1742 concilii
1354 1715 1584 1744 Ncocmsariensis
1606 1724 1695 1744 canon
1724 1719 1777 1750 ll;

983 1758 1093 1786 concilii
1112 1758 1346 1791 Chalcedonensis
1362 1768 1450 1788 canon
1466 1761 1509 1788 l5.

1022 1807 1126 1832 Tenus.
1157 1805 1228 1841 Lege
1253 1810 1342 1833 const.
1363 1806 1390 1839 9,
1415 1807 1457 1835 tit.
1486 1809 1510 1840 l,
1533 1808 1580 1835 lib.
1600 1809 1624 1836 l.
1641 1810 1702 1838 cod.
1718 1809 1777 1838 Non

983 1851 1118 1884 concedit,
1145 1856 1209 1884 etc.,
1237 1860 1316 1887 usque
1348 1852 1383 1880 ad
1414 1860 1519 1881 annum
1550 1855 1710 1883 excesserit.
1750 1861 1778 1883 ut

981 1905 1043 1932 pag.
1059 1897 1122 1925 555.

1019 1942 1165 1969 Scliolium.
1178 1943 1272 1972 Const.
1291 1944 1317 1975 9,
1336 1944 1378 1972 tit.
1396 1945 1422 1976 l,
1436 1945 1483 1972 lib.
1499 1953 1519 1978 ι,
1534 1946 1596 1973 cod.
1616 1946 1705 1982 posita
1725 1955 1777 1974 non

982 1995 1024 2015 est
1038 1989 1065 2015 in
1081 1989 1163 2016 Busil.
1180 1997 1268 2024 neque
1291 1997 1356 2017 vero
1371 1996 1459 2019 const.
1476 1992 1501 2023 1,
1519 1992 1560 2019 tit.
1576 1993 1585 2019 'l
1602 1991 1778 2021 Novcliarnm

130 2034 156 2062 α’
170 2035 221 2062 τίτ.
237 2036 291 2064 τῶν
315 2037 430 2072 Νεαρῶν
444 2037 480 2070 ς’,
494 2037 561 2065 οὖσα
575 2039 881 2074 νεαρὰῚουστινάνειος,
893 2039 931 2072 ὡς

986 2042 1044 2069 qua:
1058 2035 1165 2062 novella
1180 2041 1255 2063 sexta
1267 2035 1416 2064 Iustiniani
1432 2042 1484 2069 est,
1502 2043 1531 2065 ut
1546 2038 1710 2073 explicatum
1724 2045 1775 2067 est.

129 2081 295 2117 διείληπται.
313 2083 347 2109 'II
358 2082 379 2118 β’
393 2083 515 2116 διάταξις
534 2084 581 2111 τοῦ
596 2083 619 2111 α’
633 2085 724 2112 τιτλου
738 2085 793 2112 τῶν
809 2085 925 2120 Νεαρῶν

128 2129 189 2154 ἐστι
204 2129 289 2165 νεαρὰ
307 2130 521 2162 Ἰουστινιάνειος
538 2131 610 2166 ρκγ’,
626 2133 715 2160 κεῖται
733 2133 761 2159 δὲ
785 2133 813 2159 ἐν
829 2133 925 2168 βιϐλίῳ

128 2174 348 2202 τῶνΒασιλικῶν
365 2176 400 2210 γ’,
425 2177 476 2204 τίτ.
495 2182 531 2210 α’,
549 2187 612 2214 κεφ.
635 2178 686 2212 κθ’,
714 2178 802 2214 ἔχοντι
828 2178 924 2210 οὕτως·

128 2220 310 2248 Διακόνισσαν
321 2222 348 2248 δέ
363 2223 390 2248 ἐν
406 2224 471 2258 ἁγίᾳ
484 2224 633 2260 Ἐκκλησία
648 2225 685 2260 μὴ
702 2224 925 2260 χειροτονεῖσθαι,

127 2267 192 2301 ἥτις
222 2267 342 2295 ἐλάττων
372 2269 446 2296 ἐστὶν
474 2270 607 2297 ἐνιαυτῶν
624 2270 660 2306 μ’,
687 2270 704 2306 ἢ
731 2272 771 2303 εἰς
798 2270 924 2306 δεύτερον

128 2309 196 2347 ἧ).οε
212 2313 311 2347 γάμον.
326 2314 475 2347 Ὡσαύτως,
488 2316 564 2351 φησι,
575 2316 623 2343 τοῦ
635 2316 717 2342 αὑτοῦ
729 2316 782 2343 τίτ.
797 2325 858 2351 χείρ.
870 2316 924 2352 κη’,

129 2357 214 2393 μέρος
228 2358 258 2384 ὃν
272 2359 322 2394 τῆς
340 2359 426 2395 αὐτῆς
446 2361 556 2396 νεαρᾶς,
570 2360 667 2387 ταῦτα’
687 2361 878 2397 Πρεσϐύτερον
895 2362 924 2388 δὲ

128 2403 261 2430 ἐλάττονα
276 2404 330 2431 τῶν
350 2405 372 2431 λ’
403 2406 535 2433 ἐνιαυτῶν
550 2407 689 2441 γενέσθαι,
708 2407 759 2433 οὐκ
779 2407 925 2442 ἐπιτρέπο-

130 2458 192 2484 μεν,
203 2449 261 2476 ἀλλ’
273 2450 333 2477 οὐδὲ
348 2451 473 2478 διάκονον
488 2451 505 2488 ἣ
523 2452 698 2479 ὑποδιάκονον
709 2453 809 2488 ἥττονα
819 2452 873 2478 τῶν
887 2451 925 2479 κε’

127 2498 273 2531 ἐνιαυτῶν,
294 2499 356 2525 οὔτε
371 2499 549 2536 ἀναγνώστην
575 2500 704 2527 ἐλάττονα
719 2500 772 2527 τῶν
785 2499 818 2535 ιη’
836 2501 925 2526 ἐνιαυ-

128 2545 196 2572 τών.
211 2545 283 2581 Πλὴν
301 2546 418 2580 γίνωσκε
431 2547 471 2573 ὅτι
485 2547 502 2582 ἡ
516 2548 564 2582 μὲν
579 2547 663 2582 νεαρὰ
679 2546 726 2573 τοῦ
735 2545 924 2573 Ἰουστινιανοῦ

128 2592 170 2623 εἰς
186 2591 287 2624 πλάτος
304 2592 498 2628 εὐρισκομὲνη,
518 2593 590 2628 λέγει
608 2593 731 2628 γίνεσθαι
747 2593 924 2628 ἀναγνώστην

127 2639 175 2664 τὸν
189 2637 254 2664 ὄντα
272 2639 376 2674 χρόνων
391 2642 428 2675 η’,
447 2640 495 2667 καὶ
509 2641 657 2667 ἐπίσκοπον
680 2640 726 2667 τὸν
742 2640 806 2667 ὄντα
820 2640 924 2676 χρόνων

128 2683 175 2709 λε’.
192 2683 292 2716 Καθὼς
307 2684 386 2712 τοῦτό
408 2694 484 2720 φησι,
500 2687 547 2712 καὶ
562 2686 592 2713 τὸ
609 2687 697 2722 παρὸν
718 2687 831 2722 βιϐλίον,
847 2688 876 2714 ἐν
897 2687 925 2714 δὲ

129 2732 164 2766 τῇ
179 2731 368 2766 ἁναχαθάρσει
384 2733 397 2759 ὁ
416 2733 465 2768 μὲν
486 2733 583 2769 χρόνος
603 2733 649 2760 τοῦ
664 2733 827 2766 ἐπισκόπου,
853 2743 926 2769 παρ’

129 2778 242 2814 ελείφθη
257 2779 379 2812 τελείως,
393 2780 407 2805 o’
426 2780 454 2806 δὲ
470 2780 564 2815 χρόνος
583 2780 629 2806 τοῦ
643 2779 818 2815 ἀναγνώστου
834 2780 927 2807 ἐπλεὸ-

130 2833 224 2851 νασενο
241 2826 302 2852 ἀντὶ
315 2826 371 2862 γὰρ
386 2826 410 2862 η’
433 2827 547 2862 χρόνων,
574 2826 608 2862 ιη’
628 2827 733 2862 χρόνων
764 2826 833 2854 εἶναι
858 2836 925 2863 φησι

130 2871 176 2898 τὶν
190 2871 379 2909 ἀναγνώστην.
405 2873 538 2907 Ὸᾳείλεις
557 2873 602 2900 ιῦν
617 2874 759 2909 προσέχειν
777 2873 856 2901 πλέον
872 2874 927 2906 τοῖς

982 2081 1079 2109 Const.
1094 2086 1187 2111 autem
1203 2082 1231 2113 2,
1251 2082 1292 2109 tit.
1312 2081 1509 2110 INovellarum
1521 2090 1563 2111 est
1574 2084 1678 2111 novella
1691 2083 1778 2112 Justi-

982 2127 1057 2155 niani
1074 2128 1137 2161 I25,
1155 2127 1326 2163 habeturque
1340 2128 1387 2156 lib.
1404 2128 1488 2156 Basil.
1502 2130 1528 2161 5,
1548 2130 1587 2156 tit.
1610 2130 1635 2162 I,
1653 2137 1713 2165 cap.
1730 2130 1776 2162 29,

982 2174 1055 2209 quod
1069 2175 1108 2203 sic
1121 2174 1204 2203 habet
1220 2183 1227 2202 :
1246 2173 1404 2202 Diaconissu
1419 2179 1509 2203 autem
1525 2176 1551 2202 in
1568 2181 1663 2204 sancta
1683 2176 1778 2204 Eccle-

983 2220 1023 2248 sia
1039 2227 1094 2247 non
1122 2219 1276 2253 ordinator,
1300 2228 1361 2255 quae
1385 2220 1475 2248 minor
1497 2221 1679 2256 quadraginta
1695 2222 1775 2248 annis

983 2267 1030 2299 sit,
1059 2271 1107 2294 aut
1131 2266 1165 2294 ad
1191 2267 1327 2294 secundas
1349 2267 1472 2302 pervenit
1496 2267 1615 2304 nuptias.
1645 2267 1777 2300 Similiter

982 2313 1106 2352 ejusdem
1123 2314 1165 2341 tit.
1183 2321 1244 2350 cap.
1262 2313 1307 2344 28,
1332 2313 1406 2348 quod
1423 2313 1545 2350 ejusdem
1571 2313 1685 2342 novellte
1711 2322 1776 2349 pars

982 2365 1035 2391 est.
1062 2360 1120 2387 btec
1135 2359 1219 2387 dicit:
1237 2359 1433 2394 Presbyterum
1451 2367 1516 2386 vero
1537 2359 1670 2387 minorem
1695 2359 1776 2387 annis

984 2406 1094 2441 triginta
1110 2406 1167 2434 ﬁeri
1182 2413 1237 2434 non
1250 2406 1438 2434 concedimus.
1456 2405 1508 2434 Sed
1522 2413 1611 2441 neque
1627 2406 1775 2434 diaconum

982 2458 1029 2480 aut
1045 2452 1245 2480 subdiaconum
1262 2452 1396 2480 minorem
1418 2452 1512 2487 viginti
1526 2453 1649 2488 quinque
1667 2462 1673 2480 :
1687 2461 1775 2489 neque

982 2499 1046 2525 item
1068 2498 1197 2526 lectorem
1215 2498 1347 2525 minorem
1369 2498 1450 2526 annis
1472 2499 1565 2526 decem
1583 2503 1610 2526 et
1628 2503 1701 2526 octo.
1723 2499 1775 2526 \‘e-

983 2550 1140 2573 rnmtamen
1165 2544 1247 2577 scias,
1268 2545 1341 2580 quod
1358 2543 1515 2578 ,Justiniani
1540 2545 1659 2578 novella,
1687 2550 1717 2573 ut
1739 2547 1776 2574 ad

981 2592 1093 2627 longum
1110 2591 1258 2622 invenitur,
1274 2591 1404 2618 lectorem
1420 2590 1478 2618 fieri
1501 2592 1578 2625 dicit,
1597 2592 1644 2626 qui
1665 2597 1708 2619 est
1724 2599 1775 2619 an-

982 2647 1078 2670 norum
1095 2642 1156 2665 octo
1172 2647 1179 2665 :
1196 2642 1222 2665 et
1238 2638 1408 2673 episcopum,
1425 2637 1471 2673 qui
1498 2644 1541 2666 cst
1567 2638 1679 2673 triginta
1694 2638 1774 2673 quin-

982 2693 1035 2720 que
1047 2693 1054 2712 :
1068 2684 1299 2720 quemadmodum
1312 2684 1364 2712 hoc
1379 2685 1461 2712 etiam
1482 2692 1602 2719 przescns
1616 2683 1685 2711 liber
1695 2684 1772 2710 dicit.

982 2731 1129 2759 Enimvero
1143 2731 1169 2758 in
1187 2730 1303 2767 [legum]
1316 2731 1509 2767 rcpurgatiene
1528 2730 1647 2765 episcopi
1663 2733 1772 2765 tempus

979 2776 1099 2813 pctfccte
1131 2781 1171 2804 est
1196 2781 1340 2812 txccptum
1367 2776 1375 2812 [
1390 2784 1422 2804 ac
1437 2775 1622 2811 descriptum]
1637 2784 1643 2802 :
1661 2775 1773 2803 lectoris

980 2829 1072 2852 autent
1090 2828 1208 2858 tempus,
1226 2823 1492 2859 Supcrubundanter.
1509 2821 1562 2849 Pio
1574 2827 1636 2851 octo
1655 2829 1773 2856 namque

980 2871 1070 2905 annis,
1085 2870 1236 2900 octodecim
1252 2869 1342 2907 [habet
1362 2878 1393 2897 ac
1415 2868 1464 2905 tot]
1483 2876 1618 2897 annorum
1642 2867 1773 2896 lectorem
