1956 3049
203 165 268 199 1011

786 166 920 198 ΡΗΟΤΙΙ
938 163 1193 197 ΡΑΤΕΙΑΒΕΗᾹΞ
1208 167 1263 198 CP.

1783 166 1854 199 1012

203 211 327 257 [debere]
342 228 403 250 esse
416 221 493 250 dicit.
507 222 594 251 Debes
605 223 700 258 itaque
716 223 804 259 magis
816 224 912 252 audire
937 230 994 259 quat

1051 223 1258 258 γεγραμμένοις
1273 224 1302 249 ὲν
1319 222 1376 254 τοῖς
1389 221 1545 254 Βασιλικοϊς
1558 220 1634 257 παρὰ
1650 221 1707 254 τοῖς
1726 230 1854 259 περιεχο-

202 269 230 296 in
249 268 333 296 Basil.
349 269 451 304 scripta
464 273 539 303 sunt,
553 277 634 305 quam
648 278 710 305 quin
722 270 998 306 comprehenduntur

202 314 230 342 in
245 314 323 342 libris
339 314 384 350 qui
403 319 466 342 ante
484 316 705 351 repurgationem
727 316 920 344 auctoritatem
944 316 997 344 ob—

201 359 354 394 tinuerunt,
368 360 465 397 [nunc]
478 366 569 388 autem
586 361 654 389 irriti
672 368 747 389 sunt.

237 405 319 432 Aliud
332 405 580 434 scholium.Const.
597 407 638 439 l7,
656 408 698 436 tit.
714 408 739 439 1,
755 407 942 443 Novellarum,
955 416 998 438 est

200 451 310 479 novella
325 451 475 480 Justiniani
496 453 558 484 137.
577 461 639 488 quae
654 454 741 488 posita
755 460 797 482 est
811 455 837 482 in
851 455 898 483 lib.
912 455 996 484 Basil.

201 505 233 529 ιι,
250 498 293 525 tit.
309 498 336 532 1,
351 506 413 534 cap.
428 500 455 531 8,
472 500 544 534 quod
569 499 682 536 [ipsum]
698 504 781 536 caput
797 509 941 536 aspersum
955 507 998 530 est

200 543 249 577 25,
266 552 327 579 cap.
345 546 493 580 praesentis
507 545 550 573 tit.
567 546 600 573 ad
615 547 688 574 hunc
711 546 822 574 modum
838 548 972 584 incipiens
989 559 996 577 :

203 590 362 623 Sancimus,
379 596 410 618 ut
426 592 536 626 quoties
552 600 622 627 opus
636 592 719 620 fuerit
734 593 864 621 ordinare
889 595 998 629 episco-

200 643 277 671 pum.
294 636 333 664 De
346 644 380 664 eo
397 642 504 670 autem,
529 639 577 673 qui
594 639 741 674 episcopus
755 639 927 669 ordinandus
944 646 996 674 est,

199 682 267 710 illud
288 688 372 718 caput
389 692 422 711 ex
448 689 525 719 parte
543 685 601 713 haec
623 686 726 713 diserte
749 686 817 714 dicit
833 696 840 714 :
857 686 910 715 Sed
922 688 995 723 quod

199 729 291 757 sciant
314 731 390 765 ipsos
417 723 500 759 rectae
522 737 549 760 et
573 733 715 760 catholicae
731 733 811 767 ﬁdei,
827 741 859 762 ac
875 735 996 763 honestae

199 776 264 804 vita:
278 785 349 810 esse,
363 782 390 805 et
402 785 485 812 supra
498 778 668 814 trigesimum
687 780 776 807 aetatis
792 787 894 807 annum
909 801 917 813 ,
943 781 995 809 hos

199 825 341 861 elegerint.
355 826 477 861 Abrogat
504 827 588 863 igitur
610 828 669 855 haec
684 828 801 861 novella,
815 833 946 864 quantum
959 830 994 858 ad

199 875 306 898 aetatem
322 872 443 907 episcopi
463 871 586 909 [attinet]
598 873 732 901 novellam
749 874 810 901 l2'5.

233 916 316 944 Aliud
341 917 480 946 scholium.
508 918 547 946 Ex
573 920 702 956 praesenti
724 919 761 948 28
787 928 848 956 cap.
866 929 899 949 ac
915 922 942 949 in
962 929 996 950 eo

200 963 324 998 scriptis,
339 963 459 992 didicisti
480 969 575 994 aetates
591 966 821 994 ordinandorum.
840 967 878 996 De
895 967 929 996 iis
943 976 993 995 au-

200 1012 254 1035 tem
276 1008 324 1043 qui
346 1009 374 1036 in
390 1008 548 1045 imperfecta
572 1015 652 1039 aetate
677 1012 764 1040 ollicia
782 1017 828 1040 aut
848 1013 995 1049 dignitates

200 1055 364 1090 suscipiunt,
373 1057 522 1091 repositum
532 1061 575 1085 est
583 1057 609 1084 in
621 1057 737 1092 publicis
747 1060 862 1087 secretis
874 1061 995 1089 edictum

200 1108 248 1128 un.
260 1102 348 1130 Alexii
357 1102 491 1130 Comneni
506 1111 616 1138 semper
624 1104 780 1132 celebrandi
806 1105 994 1141 imperatoris.

202 1145 256 1182 [Tu
274 1147 350 1184 vero]
371 1148 438 1175 illud
449 1148 532 1175 etiam
548 1156 696 1184 cognosce.
716 1149 803 1178 Habet
820 1150 936 1188 [autem]
957 1153 995 1180 ita

201 1193 236 1220 ad
251 1194 362 1221 verbum
379 1203 385 1221 :
401 1193 478 1222 Multi
494 1194 550 1228 ubi,
570 1195 606 1223 ob
628 1195 818 1225 denuntiatam
838 1199 996 1233 reipublicae

201 1238 321 1274 aliquam
336 1239 480 1267 utilitatem
491 1260 498 1273 ,
514 1246 561 1268 aut
579 1247 629 1275 per
653 1242 843 1275 ambitionem,
868 1244 996 1279 qualem-

201 1291 311 1320 cunque
327 1285 487 1321 dignitatem
500 1287 543 1314 vcl
554 1287 671 1315 cilicium
688 1293 735 1316 aut
749 1297 857 1324 capere,
874 1295 995 1326 autper-

201 1336 320 1364 mutare,
339 1337 388 1359 aut
395 1333 514 1361 vendere
529 1334 666 1369 petierunt
678 1344 684 1361 :
694 1342 726 1362 ea
743 1335 768 1362 in
781 1343 880 1370 parvos
892 1346 996 1373 pueros

201 1377 384 1405 transferunt.
411 1378 451 1406 Ne
465 1379 548 1415 igitur
566 1380 618 1407 hoc
634 1380 696 1413 iiat,
716 1388 805 1416 neque
821 1383 889 1411 tales
905 1384 996 1419 impo-

200 1431 266 1451 nere
291 1423 409 1461 [nobis]
428 1431 475 1452 aut
500 1426 626 1461 decipere
650 1428 858 1462 conspiciantur
875 1438 882 1456 :
900 1431 996 1458 statuit

200 1469 377 1504 imperatoria
398 1478 460 1498 mea
477 1472 610 1507 majestas
624 1478 653 1500 ut
663 1475 822 1510 quicunque
831 1475 994 1510 dignitatem

198 1516 241 1543 vel
256 1515 375 1544 oﬂicium
392 1516 452 1545 sive
471 1522 583 1553 propter
598 1519 847 1554 denuntiationem,
857 1522 914 1550 sive
930 1531 995 1558 pro-

198 1564 259 1595 pter
277 1561 498 1589 benevolentiam
518 1562 651 1598 aliquam,
664 1564 722 1592 sire
735 1572 784 1600 per
799 1569 994 1597 commutatio-

198 1615 273 1640 nem,
296 1608 354 1636 sive
380 1610 407 1635 in
436 1617 536 1636 munus
549 1613 576 1636 et
597 1618 643 1644 per
662 1610 846 1646 largitionem,
868 1619 916 1642 aut
929 1614 995 1644 dum

197 1652 320 1680 animum
340 1657 465 1680 nostrum
479 1654 663 1688 oblectamus,
686 1655 720 1682 ab
745 1656 921 1692 imperatoria
935 1668 995 1689 ma-

195 1697 295 1733 jestate
319 1699 457 1734 acceperit
473 1708 480 1726 :
495 1707 530 1727 ne
544 1699 590 1736 [is]
601 1701 759 1736 quempiam
771 1703 818 1738 qui
834 1705 995 1742 honoretur,

197 1744 295 1780 viginti
308 1745 390 1773 annis
407 1746 543 1773 minorem
574 1746 614 1782 [in
638 1747 729 1776 locum
747 1750 842 1787 suum]
857 1752 993 1782 admittat.

197 1789 270 1823 Quin
300 1797 396 1818 omnes
418 1791 578 1826 quicunque
601 1800 651 1828 per
683 1794 795 1822 easdem
821 1804 920 1826 causas
946 1805 995 1829 aut

198 1836 356 1871 dignitatem
371 1841 419 1864 aut
431 1836 549 1865 cilicium
566 1839 729 1875 accipiunt,
758 1842 878 1878 majores
896 1846 993 1881 viginti

197 1882 279 1909 annis
295 1887 387 1910 sunto.
396 1883 514 1916 Quando
525 1885 778 1920 veroimperatoria
791 1895 851 1916 mea
863 1891 995 1925 majestas

197 1937 253 1958 non
271 1934 382 1965 propter
401 1931 482 1958 talem
504 1939 628 1964 causam,
647 1933 694 1961 sed
715 1935 790 1962 nulla
805 1943 889 1966 causa
909 1938 994 1967 inter-

196 1977 324 2005 veniente
350 1978 528 2007 honoraverit
546 1981 715 2015 quempiam,
732 1987 780 2009 aut
797 1983 887 2012 cilicio
908 1985 996 2014 dona-

197 2021 268 2048 verit
284 2030 291 2048 :
305 2023 414 2050 tametsi
431 2023 582 2052 honoratus
594 2024 689 2060 viginti
700 2027 780 2054 armis
793 2028 886 2056 minor
901 2030 993 2065 fuerit,

198 2067 267 2095 citra
276 2067 475 2097 dubitationem
488 2074 578 2098 tamen
588 2071 625 2098 illi
636 2071 780 2110 [insignia]
792 2076 993 2105 insternuntor.

198 2112 359 2148 Reponatur
371 2115 454 2150 igitur
466 2124 588 2152 praesens
601 2118 659 2146 haec
676 2119 775 2147 tabella
793 2120 864 2149 inter
880 2123 992 2152 chartas

197 2165 368 2188 secretorum
385 2167 553 2197 nostrorum,
575 2164 608 2191 ad
623 2166 820 2194 ostendendam
838 2167 991 2204 imperandi

196 2207 423 2244 gnbernandique
437 2209 619 2244 imperatoria-
645 2219 713 2239 mea:
739 2214 892 2248 majestatis
907 2216 992 2244 ratio—

1049 270 1143 306 μένοις
1157 269 1187 295 ὲν
1203 270 1260 301 τοῖς
1279 268 1393 304 βιϐλίοις
1406 269 1463 300 τοῖς
1481 267 1625 303 ἐνεργοῦσι
1640 267 1696 303 πρὸ
1712 268 1763 304 τῆς
1781 268 1851 296 ἁνα-

1048 316 1209 351 καθάρσεως
1225 316 1273 343 καὶ
1293 314 1467 351 σχολάσασιν.

1079 412 1202 446 Ἕτερον
1209 411 1350 446 σκόλιον.
1358 410 1391 438 'H
1399 409 1432 443 ιζ’
1441 410 1512 438 διάτ.
1521 409 1568 437 τοῦ
1579 408 1665 438 α’τίτ.
1675 409 1731 437 τῶν
1737 410 1854 446 Νεαρῶν

1047 459 1107 485 ἐστι
1120 458 1206 494 νεαρὰ
1223 458 1436 489 Ἰουστινιάνειος
1448 456 1515 493 ρλξ,
1525 456 1588 492 ἥτις
1609 456 1689 492 ὲτέθη
1704 458 1733 484 ἐν
1758 456 1856 492 βιϐλίῳ

1047 503 1102 530 τῶν
1112 503 1264 530 Βασιλικῶν
1277 502 1313 537 γ’,
1330 502 1383 529 τίτ.
1397 501 1439 535 α’,
1461 511 1524 536 κεφ.
1540 501 1566 538 η’
1591 522 1599 534 ,
1621 501 1690 538 ὅπερ
1704 501 1853 536 κεφάλαιον

1048 548 1227 585 κατεστρώθη
1244 549 1273 575 ὲν
1287 548 1327 584 τῷ
1341 547 1385 582 κγ’
1400 556 1464 583 κεφ.
1485 547 1532 574 τοῦ
1552 548 1688 582 παρόντος
1701 547 1769 580 τιτ.,
1790 547 1854 582 ἔχον

1047 595 1120 622 κατὰ
1153 594 1204 627 τὰς
1226 594 1313 630 ἀρχὰς
1331 593 1435 626 οὕτως·
1450 593 1622 628 Θεσπίζομεν
1653 593 1749 625 ὁσάκις
1772 592 1852 628 χρεία

1046 643 1161 678 γένηται
1193 640 1416 678 χειροτονηθῆναι
1441 640 1608 672 ἐπίσκοπον,
1637 639 1726 667 ταῦτα
1757 639 1847 674 ῥητῶς

1046 689 1075 716 ὲν
1100 688 1189 724 μέρει.
1209 687 1280 714 Ἀλλ’
1295 687 1395 718 εἰδότες
1408 686 1507 716 αὐτοὺς
1533 686 1582 720 τῆς
1600 685 1685 721 ὀρθῆς
1712 684 1761 712 καὶ
1783 685 1854 712 καθ-

1045 734 1140 769 ολικῆς
1157 734 1285 765 πίστεως,
1299 733 1347 760 καὶ
1367 731 1467 768 σεμνοῦ
1483 731 1542 767 βίου
1557 731 1606 758 καὶ
1618 730 1689 766 ὑπὲρ
1706 730 1737 757 τὸ
1751 729 1774 757 λ’
1788 730 1852 763 ἔτος

1045 780 1117 808 εἶναι
1129 780 1243 813 τούτους
1262 780 1435 813 ἐπελέξαντο.
1447 779 1569 814 Ἀναιρεῖ
1580 778 1647 813 γοῦν
1655 779 1770 816 τοιαύτη
1786 782 1855 812 νεαῖ

1046 827 1081 864 ρὰ
1103 827 1165 855 ὅσον
1198 827 1239 859 εἰς
1260 826 1324 858 τοὺς
1344 825 1459 861 χρόνους
1477 825 1524 852 τοῦ
1538 824 1690 852 ἐπισκόπου
1705 826 1755 862 τὴν
1791 834 1846 862 ρκγ

1051 874 1164 909 νεαρὰν.

1089 921 1214 956 Ἕτερον
1231 921 1371 956 σκόλιον.
1386 918 1545 954 Σημείωσαι
1566 919 1608 945 ὃτι
1629 917 1684 945 ἀπὸ
1705 917 1753 945 τοῦ
1774 927 1852 954 παρ-

1054 968 1130 1000 όντος
1143 966 1186 1003 κη’
1200 975 1264 1002 κεφ.
1282 967 1330 994 καὶ
1348 965 1403 993 τῶν
1418 967 1447 992 ὲν
1465 964 1540 1000 αὐτῷ
1560 965 1733 1000 γραφέντων,
1749 964 1854 999 ἔμαθες

1053 1016 1117 1046 τοὺς
1130 1014 1243 1050 χρόνους
1257 1013 1312 1040 τῶν
1333 1012 1498 1048 ὀφειλόντων
1524 1010 1750 1047 χειροτονεῖσθαι·
1761 1011 1802 1038 ὅτι
1822 1010 1855 1037 δὲ

1054 1061 1135 1097 χάριν
1147 1059 1202 1087 τῶν
1217 1059 1412 1095 λαμϐανόντων
1427 1057 1544 1092 όφφίκια
1557 1056 1580 1092 ἢ,
1591 1056 1737 1092 ἀξιώματα
1747 1056 1853 1084 ἀτελῶν

1053 1107 1243 1141 κατέπρωται
1257 1105 1297 1137 είς
1313 1106 1343 1131 τὸ
1359 1104 1527 1140 δημοσίακον
1544 1102 1672 1138 σέκρετον
1684 1103 1853 1138 πρόσταγμα

1053 1152 1101 1179 τοῦ
1117 1151 1241 1187 ἀοιδίμου
1264 1150 1398 1186 βασιλέως
1420 1149 1517 1185 κυρίου
1533 1149 1654 1181 Ἀλεξίου
1673 1148 1720 1175 τοῦ
1741 1149 1852 1183 Κομνη-

1053 1199 1110 1226 νοῦ.
1138 1198 1259 1224 Γίνωσκε
1281 1196 1328 1223 καὶ
1352 1195 1431 1223 τοῦτο
1448 1194 1510 1230 ἕχον
1534 1194 1606 1221 κατὰ
1631 1194 1708 1230 ῥῆμα
1724 1201 1732 1210 ·
1751 1193 1851 1220 Πολλοὶ

1053 1243 1302 1281 προσαγγείλαντες
1321 1241 1456 1276 ὠφέλειαν
1472 1240 1520 1267 τοῦ
1544 1239 1677 1276 δημοσίου
1701 1239 1763 1266 τινὰ
1776 1239 1793 1274 ἢ
1808 1239 1853 1266 αί-

1052 1290 1178 1326 τούμενοι
1204 1290 1275 1317 κατὰ
1303 1288 1459 1324 φιλοτιμίαν
1476 1287 1579 1319 λαϐεῖν,
1602 1287 1619 1322 ἦ
1640 1285 1816 1317 ἀνταλλάξαι,
1831 1285 1850 1320 ἢ

1053 1337 1180 1372 πωλῆσαι
1198 1335 1308 1372 ἀξίωμα
1329 1333 1518 1370 οἱονδήποτεῆ
1534 1333 1673 1368 όφφίκιον,
1696 1331 1852 1367 μεταϐιϐά-

1054 1384 1130 1417 ζουσι
1147 1383 1237 1410 ταῦτα
1249 1383 1290 1414 είς
1307 1382 1405 1414 παῖδας
1418 1379 1543 1416 μικρούς.
1564 1379 1625 1406 Ἵνα
1637 1376 1685 1406 οὖν
1705 1378 1743 1413 μὴ
1767 1377 1850 1404 τοῦτο

1053 1431 1168 1466 γένηται
1179 1429 1248 1466 μηδὲ
1259 1428 1360 1455 δοκῶσι
1369 1426 1551 1463 φενακίζεινῆ
1566 1426 1676 1461 ἁπατᾷν
1686 1426 1710 1452 oi
1719 1424 1852 1457 τοιοῦτοι,

1052 1476 1202 1512 διορίζεται
1217 1475 1234 1511 ή
1251 1474 1376 1511 βασιλεία
1394 1482 1446 1510 μου
1464 1473 1509 1500 ἵνα
1523 1473 1598 1504 ὅστις
1614 1471 1684 1508 λάϐῃ
1705 1470 1816 1505 ἀξίωμα
1831 1469 1850 1505 ἢ

1052 1522 1182 1558 ὀφφίκιον
1210 1521 1267 1548 είτε
1295 1521 1340 1547 διὰ
1364 1518 1586 1555 προσαγγελίαν,
1608 1518 1666 1544 εἴτε
1679 1517 1715 1544 δι’
1741 1515 1852 1543 εὔνοιάν

1056 1577 1128 1601 τινα,
1142 1569 1197 1595 εἴτε
1224 1567 1295 1595 κατὰ
1318 1565 1482 1602 ἐναλλαγὴν,
1510 1564 1566 1592 είτε
1593 1564 1666 1591 κατὰ
1683 1562 1790 1599 δωρεὰν
1801 1561 1853 1590 καὶ

1056 1614 1213 1650 φιλοτιμίαν
1225 1613 1275 1648 τῆς
1291 1612 1431 1649 βασιλείας
1451 1621 1515 1649 μου,
1530 1611 1547 1648 ἢ
1572 1611 1687 1647 ψυχικὸν
1706 1610 1794 1645 αὐτῆς
1810 1609 1853 1646 μὴ

1049 1661 1176 1696 δέχεσθαι
1190 1659 1337 1695 πρόσωπον
1349 1659 1379 1686 τδ
1394 1659 1551 1695 τιμώμενον
1562 1658 1674 1686 ἔλαττον
1683 1658 1738 1685 τῶν
1747 1656 1774 1693 η’
1783 1657 1851 1693 χρό-

1051 1715 1116 1734 νων.
1135 1706 1216 1734 Ἀλλὰ
1232 1706 1333 1738 πάντες
1351 1706 1376 1733 οἱ
1388 1705 1434 1732 διὰ
1445 1705 1495 1737 τὰς
1505 1705 1592 1737 αὑτὰς
1602 1704 1692 1736 αἰτίας
1707 1704 1725 1739 ἢ
1737 1703 1850 1740 ἀξίωμα

1050 1756 1066 1791 ἢ
1093 1755 1221 1791 ὀφφίκιον
1245 1754 1448 1790 λαμϐάνοντες,
1476 1753 1600 1781 ἔστωσαν
1624 1753 1735 1789 μείζους
1750 1751 1805 1779 τῶν
1823 1750 1850 1778 κ’

1050 1802 1243 1838 χρόνων.⁹’οτε
1260 1801 1289 1828 δὲ
1313 1802 1331 1837 ἡ
1360 1801 1484 1837 βασιλεία
1510 1809 1573 1835 μου,
1592 1800 1623 1827 οὐ
1646 1799 1691 1826 διὰ
1717 1798 1852 1834 τοιαύτην

1050 1848 1151 1881 αἰτίαν,
1168 1848 1237 1876 ἀλλὰ
1254 1848 1366 1884 ἀμέσως
1380 1848 1485 1884 τιμήσῃ
1497 1846 1585 1882 τινὰῆ
1601 1846 1754 1882 δωρήσεται
1767 1845 1851 1881 ἀφιεί-

1049 1895 1108 1922 κιόν
1120 1903 1185 1928 τινι,
1195 1894 1248 1922 κᾶν
1263 1894 1383 1921 ἐλάττων
1426 1893 1480 1920 τῶν
1492 1896 1518 1920 κ’
1531 1892 1636 1928 χρόνων
1647 1893 1662 1919 ὁ
1678 1891 1851 1927 τιμώμενος,

1050 1940 1321 1976 καταστρωννυὲσθω
1335 1939 1423 1972 οὕτως
1445 1934 1651 1974 ἀναμφιϐόλως.
1674 1938 1850 1972 Καταστρω-

1050 1986 1125 2021 θήτω
1140 1985 1187 2014 οὖν
1212 1986 1242 2014 τὸ
1259 1986 1347 2021 παρὸν
1363 1985 1508 2012 πιττάκιον
1523 1986 1552 2012 ὲν
1568 1985 1625 2016 τοῖς
1637 1984 1692 2011 τῶν
1709 1983 1755 2018 ὑφ’
1770 1983 1848 2019 ἡμᾶς

1048 2033 1185 2068 δεκρέτων
1200 2033 1334 2069 χαρτίοις,
1349 2033 1389 2065 είς
1405 2032 1522 2068 δήλωσιν
1538 2032 1588 2067 τῆς
1608 2030 1785 2067 προστάξεως
1798 2030 1849 2056 καὶ

1048 2079 1206 2114 οἰκονομίας
1222 2080 1272 2114 τῆς
1289 2078 1429 2114 βασιλείας
1447 2087 1510 2114 μου,
1534 2078 1572 2110 ὡς
1598 2077 1632 2105 ἃν
1653 2077 1741 2109 οὕτως
1765 2078 1848 2112 ἔνερ-

1048 2127 1138 2159 γετται
1150 2125 1204 2152 ἀπὺ
1220 2125 1267 2152 τοῦ
1281 2125 1329 2152 νῦν
1341 2126 1389 2151 καὶ
1408 2125 1454 2152 ἐπὶ
1471 2125 1506 2152 τὰ
1526 2123 1692 2160 ἔμπροσθεν.
1725 2123 1847 2158 Ὀφείλει

1048 2172 1076 2199 δὲ
1101 2171 1262 2208 προκεῖσθαι
1288 2172 1328 2203 είς
1346 2171 1375 2198 τὺ
1396 2171 1540 2198 πιττάκιον
1556 2169 1604 2197 τοῦ
1621 2170 1732 2205 ἀμέσως
1757 2178 1849 2205 τιμω-

1049 2219 1142 2253 μένου,
1157 2218 1188 2244 τδ
1217 2217 1449 2253 καταστρωθήτω,
1472 2217 1509 2253 μὴ
1530 2217 1704 2253 κωλυόμενον
1717 2217 1772 2244 ἀπὸ
1795 2218 1849 2252 τῆς

197 2259 271 2284 nem,
288 2253 341 2290 |ct]'
362 2259 392 2282 nt
409 2254 462 2282 hoc
478 2256 559 2283 tnodo
575 2256 704 2292 deinceps
720 2258 746 2285 in
767 2267 849 2287 omne
867 2260 990 2290 futurum

1051 2265 1191 2299 γεγονυίας
1209 2265 1386 2300 προστάξεως
1401 2264 1478 2300 παρὰ
1492 2266 1542 2300 τῆς
1558 2264 1699 2300 βασιλείας
1712 2273 1764 2299 μου
1778 2264 1847 2299 περὶ

197 2302 306 2333 tempus
319 2299 468 2328 elﬁcaciam
487 2301 595 2329 habeat.
612 2301 699 2330 Debet
711 2308 802 2332 autem
818 2305 845 2332 in
860 2306 920 2341 ejus
946 2308 993 2342 qui

1051 2313 1102 2339 τῶν
1115 2312 1282 2348 τιμωμένων
1303 2312 1456 2338 ἐλαττόνων
1476 2311 1530 2338 τῶν
1544 2311 1568 2337 κ’
1592 2311 1672 2337 ἑτῶν.
1695 2310 1751 2338 Kal.
1773 2310 1850 2337 ἔστω

196 2345 265 2373 citra
280 2345 417 2383 [causam]
437 2348 556 2376 mediam
574 2349 727 2378 honoratur
740 2372 747 2384 ,
777 2352 870 2380 tabula
887 2354 968 2388 adjici
984 2364 992 2383 :

196 2390 370 2421 lnsternitor.
388 2393 490 2430 [Atque
507 2395 556 2432 ita]
573 2397 801 2432 nonimpedietur
810 2407 858 2434 per
869 2400 993 2430 edictum

196 2438 231 2466 de
257 2439 291 2467 iis
317 2440 363 2475 qui
392 2441 513 2469 minores
533 2442 630 2478 viginti
647 2443 729 2471 annis
745 2444 935 2480 honorantur,
956 2448 992 2476 ab

1047 2358 1194 2395 γνώρισμα
1209 2358 1288 2385 τοῦτο
1301 2359 1354 2385 τῶν
1364 2359 1486 2394 ἀμέσως,
1502 2359 1540 2390 ὡς
1548 2359 1667 2394 είρηται,
1677 2358 1847 2393 τιμωμένων

1048 2405 1086 2436 ὡς
1103 2405 1132 2432 ὲν
1149 2405 1250 2440 εἰδήσει
1264 2404 1361 2432 τούτου
1377 2404 1526 2440 γινομένης
1549 2404 1599 2439 τῆς
1625 2403 1766 2439 βασιλείας
1791 2412 1846 2439 μου

1047 2450 1088 2485 τῷ
1101 2451 1167 2486 μηνὶ
1181 2450 1515 2487 ῚανουαρίῳΊνδικτιῶνος
1525 2454 1566 2484 ιε’,
1579 2451 1624 2478 διὰ
1636 2450 1682 2477 τοῦ
1697 2450 1846 2486 βασιλέως.

197 2484 375 2519 imperatoria
392 2493 452 2514 mea
473 2487 617 2522 majestate
638 2488 752 2517 factum.
778 2491 817 2518 Ac
843 2500 908 2520 vero
929 2498 991 2522 esto
1009 2495 1062 2523 hoc
1074 2484 1078 2485 ν
1091 2484 1199 2531 signum
1209 2484 1373 2532 eorum,qui
1390 2497 1432 2532 (ut
1462 2497 1565 2525 dictum
1580 2497 1633 2532 est)
1649 2497 1717 2525 citra
1728 2504 1844 2525 causam

194 2531 314 2559 mediam
341 2532 513 2561 honorantur
532 2543 540 2561 :
559 2540 690 2571 tanquam
721 2536 899 2572 imperatoria
926 2548 987 2569 mea
1008 2542 1159 2578 majestas,
1180 2543 1233 2570 hoc
1266 2531 1387 2571 sciverit.
1416 2542 1510 2571 Mense
1531 2531 1664 2571 Januario
1691 2542 1846 2572 indictione

193 2578 301 2612 qu'nta.
313 2586 362 2614 per
376 2579 582 2614 imperatorem.

229 2625 313 2653 Aliud
331 2626 474 2655 scholium.
486 2628 546 2656 Alia
560 2630 671 2664 quidem
683 2630 780 2669 [certe]
796 2633 886 2670 legum
901 2634 946 2663 hic
957 2635 992 2664 de

193 2673 399 2709 episcoporum,
415 2675 603 2709 sacerdotum,
615 2677 808 2713 diaconorum,
827 2685 911 2716 atque
921 2682 990 2710 sub-

191 2719 375 2748 diaconorum
389 2722 479 2750 aetatis
490 2722 570 2750 annis
581 2730 758 2758 aspersarum
773 2725 896 2763 [capita].
915 2728 988 2763 quod

191 2766 287 2793 eadem
298 2771 326 2794 et
338 2767 495 2795 canonibus
511 2768 683 2803 placuerunt,
699 2770 738 2807 [in
753 2773 907 2811 republica]
921 2775 990 2802 obti-

192 2816 257 2839 nent
276 2817 358 2847 atque.
374 2819 432 2841 rata
448 2819 515 2842 sunt
531 2823 539 2843 :
562 2815 628 2842 illud
648 2821 740 2845 autem
754 2818 788 2846 de
806 2824 887 2847 aelate
904 2821 990 2848 lecto-

192 2864 253 2883 rum
272 2865 326 2892 qua
346 2858 382 2887 de
408 2867 493 2888 causa
517 2868 572 2888 non
591 2861 724 2896 obtineat,
746 2872 800 2891 non
819 2865 909 2893 video.
932 2866 988 2894 Ta—

191 2903 273 2931 metsi
284 2905 358 2934 enim
376 2906 419 2935 lc:
435 2907 522 2944 dicat,
541 2909 692 2940 octodecim
710 2919 845 2941 annorum
859 2913 989 2943 lectorem

1070 2637 1196 2672 Ἕτερον
1203 2639 1343 2673 σκόλιον.
1352 2638 1392 2666 τὰ
1402 2638 1451 2673 μὲν
1456 2638 1526 2666 ἄλλα
1531 2638 1584 2666 τῶν
1594 2637 1846 2674 καταστρωϐἐντων

1044 2684 1161 2711 ὲνταῦῠα
1168 2684 1258 2720 νόμων
1267 2685 1347 2720 χάριν
1356 2685 1411 2712 τῶν
1422 2685 1593 2718 ἐπισκόπων,
1602 2685 1656 2712 τῶν
1663 2685 1770 2720 ἱερέων,
1786 2685 1846 2712 τῶν

1043 2731 1187 2765 διακόνων,
1203 2732 1251 2759 καὶ
1264 2731 1320 2758 τῶν
1333 2731 1519 2759 ὑποδιακόνων
1533 2731 1597 2767 περὶ
1607 2731 1662 2758 τῶν
1676 2731 1782 2767 χρόνων
1793 2731 1846 2766 τῆς

1044 2777 1152 2813 ἡλικίας
1168 2778 1268 2812 αὐτῶν,
1287 2778 1418 2814 κρατοῦσι
1428 2779 1476 2806 καὶ
1489 2778 1658 2813 ἐνεργοῦσιν,
1669 2778 1710 2805 ὅτι
1728 2778 1777 2805 καὶ⁸
1786 2779 1846 2812 τοῖς

1045 2823 1139 2851 κανόσι
1146 2825 1232 2852 ταῦτα
1239 2825 1343 2857 ἔδοξαν.
1354 2824 1391 2852 Τδ
1400 2825 1428 2852 δὲ
1436 2825 1559 2860 περὶτῆς
1569 2824 1678 2861 ἡλικίας
1687 2824 1735 2852 τοῦ
1744 2825 1845 2861 χρόνου

1043 2869 1098 2895 τῶν
1109 2869 1291 2905 ἀναγνωστῶν
1303 2870 1379 2902 ὅπως
1392 2870 1442 2896 οὐκ
1458 2871 1578 2905 ἐνεργεῖ,
1593 2870 1685 2904 ἀγνοῶ
1697 2878 1705 2885 ·
1721 2870 1770 2897 τοῦ
1787 2871 1845 2907 γὰρ

1044 2915 1126 2952 νόμου
1138 2915 1263 2952 λέγοντος
1279 2915 1315 2953 ιη’
1327 2916 1431 2952 χρόνων
1441 2915 1561 2950 ὀφείλειν
1577 2914 1648 2944 εἶναι
1662 2916 1708 2944 τὸν
1720 2916 1845 2952 ἁναγνὼρ
