1946 3076
141 150 210 184 1013

559 156 802 188 NOMOCANON.
822 169 859 176 ·-
875 156 950 187 TIT.
971 156 996 194 Ι,
1016 158 1096 190 CAP.
1117 161 1225 201 XXIX,
1246 164 1339 197 ΧΧΧ..

1718 170 1786 204 ῙΟΜ

141 219 219 247 στην.
244 211 365 248 σήμερον
383 212 582 249 σφραγίξονται
611 214 785 249 ὰναγνῶσται
809 214 936 250 κληρικοὶ

997 224 1051 245 asse
1067 219 1165 248 debere
1182 230 1188 248 :
1206 221 1393 258 insigniuntur
1419 229 1510 254 tamen
1541 228 1622 256 hodie
1648 229 1784 259 lectorum

141 257 272 290 ἑξαετεῖς,
289 257 348 285 ἔστι
364 257 386 285 δ’
399 259 444 286 ὅτε
453 259 501 286 καὶ
517 261 646 295 τριετεῖς.
668 260 818 296 ’Δνάγνωθι
831 259 879 288 οὖν
893 261 938 288 τὸν

143 303 175 330 ιδ’
190 303 238 330 καὶ
264 307 295 330 ιε’
321 305 424 332 κανόνα
438 305 489 340 τῆς
509 305 536 338 ς’
554 306 664 333 συνόδου
689 307 849 343 καθαιρέσει
871 307 940 334 καθ-

143 350 330 379 υποϐάλλοντα
345 352 409 384 τοὺς
417 353 638 388 χειροτονοῦντας
652 354 793 386 διακόνους
808 354 855 380 καὶ
868 354 935 381 ὐπο-

143 397 283 430 διακόνους
297 399 351 434 πρὸ
367 398 594 435 συμπληρώσεως
607 400 654 427 τοῦ
670 399 709 427 κε’
721 400 819 435 χρόνου
835 400 937 433 αὐτῶν,

143 443 274 476 ὡσαύτως
298 445 345 472 καὶ
364 445 427 476 τοὺς
452 446 534 480 ἱερεῖς
554 446 608 482 πρὸ
619 445 666 473 τοῦ
680 446 702 472 λ’
730 447 839 483 χρόνου.
861 447 893 473 Οἱ
911 446 939 473 δὲ

144 489 269 524 λέγοντες
284 491 322 526 μὴ
341 490 509 525 βλάπτεσθαι
532 492 596 523 τοὺς
615 492 853 528 σφραγιζομένους
869 493 938 519 ἁνα-

144 536 269 570 γνώστας
284 537 337 573 πρὸ
348 537 573 573 συμπληρώσεως
584 538 632 564 τοῦ
652 538 686 574 ιη’
697 539 795 575 χρόνου
814 539 865 574 τῆς
877 539 939 574 ἡλι-

144 583 207 614 κίας
224 583 314 610 αὐτῶν
332 583 417 611 διὰτὸ
434 584 472 620 μὴ
498 584 654 620 μεμνῆσθαι
677 585 724 612 καὶ
747 585 850 612 τούτων
875 585 939 617 τοὺς

145 631 263 662 κανόνας
288 631 384 662 κακῶς
404 631 541 666 λέγουσιν.
562 632 648 658 Ἔνθα
668 632 718 667 μὲν
741 632 795 668 γὰρ
821 633 898 660 οὐδέν
913 641 938 659 τι

144 677 170 704 ol
185 677 297 709 κανόνες
307 677 483 712 διορίζονται,
495 677 642 712 ὀφείλομεν
653 679 710 710 τοῖς
722 678 816 714 νόμοις
827 678 940 705 ἀκολου-

145 723 213 756 θεῖν,
232 723 248 759 ἢ
266 724 298 750 ὲκ
315 723 369 750 τῶν
386 723 488 759 ὁμοίων
502 724 612 759 τέμνειν
624 724 660 751 τὰ
673 724 764 760 ὅμοια.

179 825 305 852 ΚΕΦΔΛ.
321 825 386 852 K8’.
395 839 430 844 —
439 825 509 860 Περὶ
526 824 677 860 ποιήσεως
689 826 938 861 χωρεπισκόπων,

991 262 1152 292 clericorum
1169 265 1286 304 [titulo],
1305 269 1352 304 qui
1368 278 1416 298 sex
1430 278 1579 306 annorum,
1596 278 1624 301 et
1646 275 1784 304 interdum

990 309 1073 356 etiam
1087 311 1169 339 trium
1185 312 1398 353 [tantummodo]
1419 322 1494 345 sunt.
1520 319 1592 354 Lege
1605 321 1687 356 igitur
1705 322 1739 350 14
1758 327 1786 351 et

991 354 1025 382 15
1036 363 1156 385 canones
1183 360 1294 388 concilii
1311 362 1392 395 sexti,
1407 364 1454 398 qui
1469 354 1786 402 remotioniﬁsubjiciunt

989 408 1047 435 eos,
1065 403 1112 436 qui
1132 403 1264 433 diaconos
1281 411 1328 434 aut
1349 409 1541 453 [subdiaconos
1564 412 1694 440 ordinant
1722 419 1787 443 ante

990 449 1155 484 completum
1171 451 1333 487 vigesimum
1349 449 1476 490 quintum
1506 457 1636 495 [matis]
1663 461 1785 495 ipsorum

990 502 1093 524 annum
1113 503 1184 525 :aut
1204 501 1362 530 sacerdotes
1384 508 1448 531 ante
1476 505 1648 539 trigesimum
1670 515 1785 536 annum.

990 541 1043 575 Qui
1060 550 1125 571 vero
1140 543 1236 572 dicunt
1251 554 1304 574 non
1325 549 1446 583 peccari,
1457 550 1479 577 si
1497 550 1613 580 lectores
1636 557 1699 581 ante
1711 561 1787 582 com-

989 587 1091 622 pletum
1108 588 1361 626 duodevigcsimum
1378 595 1467 623 anatis
1496 604 1554 625 sua:
1586 606 1689 626 annum
1717 600 1786 628 insi-

989 635 1131 669 gniantur,
1150 637 1223 671 quod
1244 638 1366 672 ipsorum
1385 648 1507 669 canones
1535 644 1703 672 mentionem
1732 654 1787 673 non

991 680 1103 715 faciant,
1116 683 1188 711 male
1203 684 1308 712 dicunt.
1325 684 1377 713 Ubi
1391 687 1463 714 enim
1480 695 1603 717 canones
1615 690 1684 718 nihil
1695 691 1788 719 deter-

991 729 1108 763 minant,
1129 731 1208 763 sequi
1225 731 1358 759 debemus
1375 732 1460 768 leges,
1475 740 1501 762 et
1513 735 1614 764 similia
1631 744 1664 764 ex
1685 737 1785 765 simili-

991 773 1044 802 bus
1062 775 1198 804 dedicere.

1025 829 1102 859 CAP.
1129 831 1226 860 XXIX.
1253 848 1288 853 —
1322 834 1358 862 De
1408 836 1543 864 creatione
1582 838 1787 874 episcoporum,

143 870 194 900 καί
207 873 290 905 πότε,
306 871 355 898 καὶ
371 871 435 905 πῶς
452 871 682 907 προσφέρουσιν
701 871 720 906 ἢ
729 871 936 906 μεταδιδόασι,

997 877 1034 912 [ui
1054 877 1183 912 episcopis
1197 879 1327 913 subsunt,
1346 886 1371 908 et
1389 882 1508 915 quando,
1530 888 1555 910 et
1576 870 1707 919 quomodo
1723 870 1791 920 offa,-

142 918 192 946 καὶ
207 918 292 951 τινας
304 918 532 953 χειροτονοῦσιν
547 918 566 953 ἢ
585 918 632 945 οὔ.

177 963 290 990 Συνόδου
312 963 449 999 Ἀγκύρας
467 964 560 991 κανὼν
580 964 614 999 ιγ’
628 973 634 980 ·
656 964 764 992 συνόδου
779 965 934 994 Νεοκαισα-

143 1010 219 1046 ρείας
228 1011 370 1046 κανὼν¹ιγ¹
380 1019 388 1027 ·
405 1011 514 1038 συνόδου
527 1011 692 1047 Ἀντιοχείας
703 1011 794 1039 κανὼν
809 1015 823 1039 ι’
833 1021 841 1028 ·
855 1012 937 1040 Βασι-

141 1056 214 1084 λείου
228 1057 260 1084 ὲκ
274 1057 325 1092 τῆς
341 1057 408 1093 πρὸς
423 1057 487 1090 τοὺς
503 1059 729 1094 χωρεπισκόπους
743 1058 899 1094 ἐπιστολῆς.

176 1157 303 1186 ΚΕΦΔΛ.
333 1159 372 1186 Δ’.
386 1159 506 1194 *Περὶ
527 1159 581 1187 τοῦ
603 1159 628 1190 ζ’
646 1160 695 1187 καὶ
719 1161 835 1195 μόνους
859 1158 937 1188 εἶναι

141 1204 315 1239 διακόνους,
332 1205 391 1233 κᾶν
404 1206 424 1240 ὴ
439 1205 529 1239 πόλις
543 1205 662 1241 μεγάλη
677 1203 708 1242 ᾖ.

177 1263 292 1290 Συνόδου
315 1263 534 1299 Νεοκαισαρείας
559 1263 651 1291 κανὼν
685 1264 731 1291 ιδ’·
759 1265 868 1293 συνόδου
897 1265 936 1298 ς’,

142 1309 234 1336 κανὼν
252 1309 296 1344 ιβ’.

176 1356 333 1391 Κείμενον.
355 1356 388 1383 Ἦ
410 1355 434 1384 α’
450 1356 522 1383 διάτ.
543 1356 591 1384 τοῦ
607 1355 632 1384 α’
650 1356 704 1384 τίτ.
733 1357 789 1385 τῶν
810 1358 936 1394 Νεαρῶν,

141 1411 169 1430 κ.
184 1411 210 1430 τ.
225 1402 264 1436 λ.,
284 1410 372 1440 usque
391 1403 426 1431 ad
441 1403 543 1439 ψάλται
559 1402 610 1436 κε’,
627 1402 747 1440 θυρωροὶ
768 1403 815 1431 σε’.

176 1461 317 1496 Σχόλιον,
345 1460 377 1487 Ἣ
403 1460 427 1488 α’
460 1461 530 1489 διάτ.
552 1460 599 1487 τοῦ
615 1460 638 1488 α’
665 1461 718 1488 τίτ.
743 1461 798 1489 τῶν
822 1461 938 1496 Νεαρῶν

140 1507 201 1534 ἐστι
216 1507 302 1543 νεαρὰ
317 1507 534 1540 Ἰουστινιάνειος
549 1506 587 1541 ς’,
607 1507 686 1534 τοῦτο
696 1507 725 1535 δὲ
733 1507 764 1535 τὸ
775 1516 838 1543 κεφ.
852 1508 938 1543 αὐτῆς

992 929 1117 957 rant,aut
1128 927 1331 957 communicent,
1353 932 1378 954 et
1391 935 1456 962 quos
1469 929 1600 963 ordinent,
1617 936 1664 958 aut
1676 940 1738 958 non.

1028 971 1142 999 Concilii
1162 972 1301 1008 Ancyram
1326 974 1481 1007 cationi5,
1507 977 1617 1004 concilii
1643 977 1790 1006 Neocresa-

992 1017 1094 1045 riensis
1115 1025 1204 1045 canon
1233 1019 1276 1050 15,
1296 1018 1348 1052 M;
1370 1020 1480 1047 concilii
1503 1020 1670 1050 Antiocheni
1698 1030 1788 1051 canon

994 1063 1044 1097 10;
1066 1062 1186 1092 Basilius
1207 1071 1241 1091 ex
1263 1064 1378 1099 epistola
1413 1064 1447 1092 ad
1466 1065 1612 1102 episcopos
1643 1067 1698 1103 ipsi
1722 1068 1791 1096 sub-

994 1106 1089 1142 jectos.

1027 1163 1105 1192 CAP.
1118 1164 1250 1192 XXX.—
1268 1164 1302 1193 Ut
1323 1171 1420 1198 septem
1441 1167 1574 1194 duntaxat
1596 1167 1704 1196 diaconi
1725 1169 1790 1203 sint,

993 1211 1099 1238 etiamsi
1120 1211 1214 1238 civitas
1230 1219 1327 1247 magna
1343 1212 1389 1239 sit.

1032 1267 1148 1297 Concilii
1163 1268 1392 1298 Neoca-sariensis
1412 1277 1500 1298 canon
1526 1271 1580 1306 15;
1595 1272 1703 1300 concilii
1720 1274 1791 1300 sexti

994 1320 1083 1340 canon
1099 1313 1143 1345 12,
1163 1314 1208 1341 16.

1031 1359 1139 1387 Τεκιιιδ.
1151 1359 1247 1388 Const.
1261 1361 1288 1392 1,
1305 1361 1347 1389 tit.
1361 1363 1374 1390 1
1389 1362 1574 1396 Novellarum,
1590 1367 1644 1392 etc.
1659 1371 1741 1399 usque
1756 1363 1796 1390 atL

995 1405 1102 1434 ostiarii
1120 1407 1293 1442 septuaginta
1310 1409 1441 1445 quinque,
1457 1415 1486 1437 ut
1499 1418 1561 1445 pag.
1578 1409 1642 1438 555.

1031 1462 1178 1490 Scholium.
1189 1463 1285 1492 Const.
1300 1465 1327 1500 1,
1339 1465 1381 1494 tit.
1394 1466 1418 1493 1.
1434 1465 1620 1497 Novellarutn.
1633 1471 1676 1494 est
1684 1467 1800 1494 novclla~

994 1507 1143 1537 Iustiniani
1160 1509 1187 1537 6.
1209 1509 1268 1538 Hoc
1291 1516 1382 1539 autem
1396 1511 1457 1547 cjus
1473 1518 1556 1548 caput
1574 1520 1628 1541 non
1651 1519 1694 1542 est
1716 1514 1791 1549 posi-

139 1554 191 1580 οὐκ
211 1553 290 1589 ἐτέθη
310 1554 352 1585 εις
373 1554 409 1581 τὰ
424 1554 568 1587 Βαοιλικὰ,
586 1553 632 1581 τοῦ
659 1554 742 1581 αὐτοῦ
762 1554 792 1581 δὲ
809 1554 863 1582 τίτ.
878 1555 895 1590 ἡ
914 1553 935 1581 θ’

997 1563 1048 1583 .um
1066 1555 1092 1582 in
1108 1555 1190 1584 Basil.
1202 1556 1332 1592 Ejusdem
1349 1565 1413 1586 vero
1426 1559 1469 1587 tit.
1484 1564 1574 1588 const.
1590 1559 1618 1592 9,
1629 1565 1671 1588 est
1684 1560 1788 1588 novella

140 1599 286 1627 διάτ.ὲστὶ
317 1600 402 1636 νεαρὰ
428 1600 810 1637 Ἰουστινιάνειοςγκειμένη
838 1601 867 1628 ὲν
895 1600 938 1636 βι-

141 1645 210 1681 ϐλίῳ
221 1646 276 1672 τῶν
285 1646 437 1673 Βασιλικῶν
449 1646 484 1682 γ’,
499 1647 551 1674 τίτ.
571 1645 603 1682 β’,
626 1656 689 1682 κεφ.
703 1651 737 1681 α’,
753 1647 852 1683 θέματι
866 1656 936 1684 προ-

140 1691 299 1728 τελευταίῳ,
315 1692 401 1725 οὕτως
414 1693 502 1728 ἔχοντι
513 1703 520 1710 ·
539 1695 621 1722 Ὥστε
634 1695 797 1730 θεσπίζομεν
814 1694 852 1730 μὴ
867 1703 937 1730 περ·

140 1740 243 1776 αιτέρω
257 1739 308 1776 μὲν
321 1739 343 1774 ξ’
361 1741 556 1777 πρεσϐυτέρων
579 1741 650 1769 κατὰ
666 1741 716 1777 τὴν
738 1741 870 1776 Μεγάλην
890 1742 937 1768 ὲκ-

141 1787 258 1821 κλησίαν
271 1786 352 1820 εἶναι,
371 1788 512 1820 διακόνους
534 1789 562 1815 δὲ
585 1789 704 1825 ἄρρενας
721 1792 756 1824 ρ’,
787 1789 834 1816 καὶ
849 1791 874 1824 μ’
887 1787 936 1822 θη-

141 1830 228 1864 λείας,
255 1833 303 1859 κα¹ι
321 1833 516 1865 ὑποδιακόνους
527 1832 562 1867 ια,
578 1833 756 1867 ἀναγνώστας
769 1833 797 1860 δὲ
821 1835 865 1869 ρι’,
889 1833 938 1860 καὶ

141 1876 248 1911 ψάλτας
263 1881 313 1909 κε’,
330 1878 369 1909 ὡς
381 1875 451 1904 εἶναι
471 1877 517 1905 τὸν
531 1877 640 1905 ἅπαντα
655 1878 772 1913 ἀριθμὸν
787 1878 843 1905 τῶν
857 1878 938 1905 εὐλα-

142 1923 281 1951 ϐεστάτων
304 1923 444 1960 κληρικῶν
459 1924 509 1959 τῆς
524 1923 652 1959 Μεγάλης
670 1923 820 1958 ἐκκλησίας
836 1924 864 1951 ὲν
881 1927 938 1951 υκε’

141 1969 309 2004 προσώποις,
328 1970 375 1996 καὶ
390 1968 411 2005 ρ’
425 1969 492 2005 πρὸς
507 1969 613 2002 τούτοις
625 1970 679 1996 τῶν
696 1969 871 2004 καλουμένων
884 1978 937 1996 πυ-

140 2014 249 2049 λωρῶν,
263 2015 310 2041 καὶ
325 2015 341 2050 ἠ
362 2018 376 2041 ι’
392 2015 463 2042 διάτ.
487 2015 534 2042 τοῦ
567 2018 590 2042 α’
607 2015 659 2042 τίτ.
680 2015 734 2041 τῶν
751 2015 866 2050 Νεαρῶν
879 2015 938 2041 ἐστι

141 2059 227 2093 νεαρὰ
246 2059 460 2092 Ἰουστινιάνειος
479 2059 516 2092 ις’
539 2060 654 2096 κειμένη
674 2061 703 2086 ὲν
730 2059 824 2095 βιϐλίῳ
837 2058 863 2094 γ’
879 2059 934 2086 τῶν

141 2105 297 2132 Βισιλικῶν
326 2106 379 2133 τίτ.
396 2105 432 2140 γ’,
456 2115 518 2141 κεφ.
532 2106 566 2139 α’,
586 2106 600 2133 ὃ
630 2107 678 2133 καὶ
694 2105 829 2140 ἀνάγνωθι
846 2107 870 2132 εἰ
894 2105 938 2132 Θέ-

140 2152 199 2184 λεις
223 2152 255 2179 οὐ
283 2152 461 2189 κατεστρώθη
489 2153 543 2189 γὰρ
570 2153 687 2180 ἐνταῦθα
716 2153 760 2180 διὰ
787 2153 818 2179 τὺ
837 2161 938 2179 παντε-

139 2198 196 2230 λῶς
227 2199 411 2235 ἁχρηστῆσαι.
440 2200 478 2226 Οὐ
503 2199 572 2235 μόνα
606 2199 633 2226 δὲ
662 2199 696 2226 τὰ
730 2198 776 2226 τοῦ
816 2198 938 2225 τοιούτου

993 1602 1011 1630 5
1041 1601 1189 1631 Iustiniani
1217 1604 1307 1639 posita
1338 1603 1410 1640 [que
1425 1605 1487 1642 est]
1525 1606 1553 1633 in
1582 1606 1630 1634 lib.
1659 1605 1745 1635 Basil.
1774 1607 1791 1634 5

992 1647 1036 1674 tit.
1056 1647 1084 1679 2,
1099 1655 1160 1682 cap.
1176 1648 1202 1681 1,
1221 1649 1342 1676 themate
1358 1649 1521 1684 pcnultimo,
1538 1650 1610 1685 quod
1630 1650 1672 1678 sic
1690 1650 1789 1679 habet:

993 1692 1167 1726 Quapropter
1191 1693 1354 1726 sancimus,
1375 1700 1408 1721 ne
1433 1693 1544 1729 quando
1573 1694 1600 1722 in
1628 1693 1791 1730 Magna/ee-

993 1737 1077 1765 clesia
1096 1737 1168 1765 ultra
1201 1738 1343 1773 sexaginta
1371 1739 1558 1775 presbyteros,
1579 1739 1711 1767 diaconos
1725 1747 1792 1767 vero

993 1791 1086 1812 mares
1110 1788 1230 1816 centum,
1259 1784 1377 1812 feminas
1405 1785 1610 1821 quadraginta,
1633 1790 1660 1813 et
1679 1786 1790 1814 subdia-

994 1836 1081 1857 conos
1103 1830 1264 1863 nonaginta,
1287 1830 1406 1859 lectores
1433 1835 1523 1859 autem
1542 1831 1613 1858 ultra
1636 1836 1745 1859 centum
1766 1835 1794 1858 et

995 1876 1102 1908 decem,
1116 1880 1246 1904 cantores
1264 1876 1335 1904 ultra
1347 1877 1443 1913 viginti
1454 1878 1577 1913 quinque
1591 1877 1725 1906 exsistant
1738 1887 1744 1905 :
1764 1884 1798 1906 ut

995 1921 1141 1949 universus
1171 1922 1466 1950 reverendissimorum
1494 1924 1658 1951 clericorum
1682 1923 1794 1959 Maioris

994 1967 1118 1993 ecrlesiat
1136 1974 1268 1995 numerus
1286 1969 1313 1995 in
1329 1968 1539 2004 quadringentis
1556 1969 1652 2004 viginti
1671 1969 1793 2004 quinque

993 2011 1132 2046 personis,
1147 2017 1175 2040 et
1194 2018 1304 2040 centum
1326 2019 1457 2048 praeterea
1479 2015 1603 2042 ostiariis
1623 2015 1663 2050 (ut
1681 2016 1793 2050 vocant)

994 2057 1138 2085 consistat.
1166 2057 1200 2085 Et
1228 2063 1318 2086 const.
1340 2060 1384 2092 10,
1417 2059 1461 2087 tit.
1493 2059 1502 2086 l
1534 2059 1721 2093 Novellarum,
1752 2066 1795 2088 est

995 2103 1103 2131 novella
1129 2103 1277 2132 Justiniani
1300 2105 1353 2138 16,
1370 2104 1461 2140 posita
1486 2105 1551 2141 [que
1567 2105 1625 2142 est]
1656 2106 1682 2133 in
1709 2106 1791 2134 llasil.

996 2157 1038 2183 Ill,
1053 2149 1095 2177 tit.
1115 2150 1142 2182 5,
1163 2157 1224 2185 cap.
1239 2151 1265 2182 1.
1283 2151 1356 2185 quod
1379 2151 1463 2178 etiam
1491 2150 1577 2186 legas,
1594 2151 1616 2179 si
1633 2151 1720 2179 visum
1743 2153 1789 2180 sit.

997 2195 1066 2229 Quia
1091 2196 1165 2223 enim
1199 2195 1312 2224 omnino
1344 2196 1372 2224 in
1398 2205 1450 2224 usn
1478 2204 1540 2224 esse
1559 2197 1649 2230 desiit,
1678 2197 1722 2226 hic
1738 2206 1793 2226 non

141 2245 226 2280 νόμου
251 2245 441 2281 ὴχρήστησαν,
470 2245 539 2272 ἀλλὰ
567 2246 615 2273 καὶ
639 2246 674 2272 τὰ
696 2245 745 2281 τῆς
776 2245 939 2281 Ἡρακλείου

997 2241 1136 2270 inseritur.
1157 2240 1253 2277 Neque
1275 2249 1341 2269 vero
1373 2242 1431 2270 haec
1455 2242 1497 2270 lex
1514 2243 1571 2270 sola
1601 2244 1627 2270 in
1653 2251 1705 2271 usu
1731 2251 1793 2272 esse

141 2293 244 2329 νεαρᾶς
269 2293 320 2328 τῆς
344 2294 585 2328 μνημονευομένης
611 2293 641 2319 ὲν
672 2292 711 2328 τῷ
735 2293 848 2329 παρόντι
878 2302 942 2320 συν-

139 2340 263 2375 τάγματι
288 2340 336 2366 καὶ
357 2339 467 2372 ἐδέξατο
491 2339 546 2367 ἀπὸ
567 2340 710 2375 συνηθείας
735 2340 851 2376 ἀριομὺν
875 2340 941 2376 κλη-

142 2387 229 2423 ρικῶν
254 2387 271 2423 ή
297 2386 447 2422 Ἐκκλησία
471 2386 564 2422 ἕτερον
589 2387 633 2414 διὰ
653 2387 703 2422 τὴν
731 2387 786 2413 τῶν
809 2387 940 2422 πραγμά-

141 2441 198 2459 των
220 2433 389 2469 ἀνωμαλίαν.
417 2433 513 2460 Οὑδενὶ
537 2433 592 2468 γὰρ
617 2433 749 2469 ἠγνόηται
762 2432 800 2465 ὠς
815 2434 842 2460 εἴ
858 2434 895 2469 μὴ
910 2433 941 2460 τὸ

142 2480 219 2512 ἕλεος
236 2480 282 2507 τοῦ
301 2478 435 2516 κραταιοῦ
464 2479 512 2506 καὶ
535 2479 613 2514 ἁγίου
633 2479 711 2514 ἡμῶν
729 2480 874 2515 βασιλέως,
891 2481 941 2508 καὶ

141 2526 191 2553 τοῦ
209 2526 287 2560 ἁγίου
302 2525 435 2561 βασιλέως
457 2525 535 2562 ήμῶν
562 2526 609 2553 καὶ
631 2526 735 2562 πατρὸς
763 2527 845 2554 αὑτοῦ
874 2535 941 2562 προ-

142 2572 262 2607 έφθασεν
274 2573 315 2605 εἰς
329 2572 379 2609 τὴν
393 2572 523 2608 Μεγάλην
538 2572 687 2608 ἐκκλησίαν
712 2573 750 2605 ὼς
773 2573 821 2600 καὶ
837 2582 943 2600 παντα-

142 2619 193 2655 χοῦ
208 2619 247 2651 εἰς
258 2619 348 2653 ὀλίγον
364 2619 540 2646 παντάποσον
555 2619 599 2646 ἵνα
619 2619 750 2655 περιέστη
772 2619 789 2645 ὅ
802 2618 858 2646 τῶν
873 2618 942 2655 κλη-

144 2665 233 2703 ρικῶν
244 2665 362 2702 ἁριθμδς
376 2665 421 2692 διὰ
429 2665 480 2701 τὴν
492 2664 548 2692 τῶν
561 2665 734 2701 πραγμάτων
746 2665 940 2701 στενοχωρίαν.

145 2712 191 2739 Διὺ
209 2713 257 2739 καὶ
284 2711 375 2739 αὐτῶν
401 2711 452 2747 μὲν
470 2710 674 2747 ὑπερεύχεσῧαι
697 2710 798 2747 χρεὼν,
825 2712 887 2744 ταῖς
912 2711 942 2739 δὲ

144 2756 212 2792 περὶ
225 2755 274 2783 τοῦ
289 2756 408 2791 ἀριθμοῦ
426 2756 482 2783 τῶν
497 2756 637 2792 κληρικῶν
651 2756 848 2794 παλαιοτέραις
861 2765 944 2794 νομο-

145 2802 252 2834 Θεσίαις
280 2802 318 2838 μὴ
349 2802 507 2838 προσέχειν,
528 2801 645 2837 ἀρκετὸν
671 2802 725 2838 γὰρ
744 2803 769 2829 ει
792 2804 826 2839 τῇ
849 2803 944 2840 μακρᾷ

147 2847 279 2883 συνηθείᾳ
294 2847 426 2884 ἑπόμεθα,
444 2847 491 2875 καὶ
503 2847 576 2874 κατὰ
588 2847 690 2884 ταύτην
707 2847 850 2884 ποιοῦμεν.

993 2284 1083 2321 desiit,
1109 2296 1206 2315 verum
1236 2289 1318 2316 etiam
1353 2288 1475 2316 Heraclii
1500 2289 1620 2323 novella,
1652 2289 1733 2325 cujus
1764 2290 1792 2318 in

993 2336 1122 2370 praesenti
1141 2335 1230 2370 capite
1243 2335 1345 2363 mentio
1373 2336 1413 2364 iit.
1430 2335 1546 2370 Propter
1564 2344 1657 2363 rerum
1673 2344 1794 2371 namque

993 2380 1206 2415 ianualitatem
1224 2379 1345 2407 Ecclesia
1363 2387 1397 2407 ex
1416 2380 1619 2407 consuetudine
1643 2388 1791 2409 numerum

993 2426 1159 2455 clericorum
1185 2426 1268 2454 alium
1282 2426 1414 2461 suscepit.
1435 2425 1523 2454 Nemo
1544 2427 1618 2454 enim
1636 2435 1688 2455 non
1706 2429 1792 2460 novit,

992 2474 1064 2508 quod
1072 2473 1124 2501 nisi
1132 2473 1321 2501 misericordia
1329 2473 1425 2508 optimi
1433 2479 1514 2509 atque
1525 2475 1612 2503 sancti
1620 2475 1795 2510 imperatoris

993 2520 1218 2555 nostri,ejusque
1234 2520 1323 2555 patris
1335 2519 1488 2557 [similiter]
1504 2522 1593 2549 sancti
1606 2523 1692 2550 nostri
1708 2523 1794 2557 impc-

992 2566 1102 2598 ratoris,
1129 2566 1234 2601 Magnae
1254 2566 1377 2594 ecclesiae
1398 2567 1605 2601 succurrisset,
1625 2567 1792 2596 clericorum

993 2620 1127 2641 numerus
1158 2617 1271 2648 propter
1299 2620 1391 2640 rerum
1429 2613 1572 2649 angustias
1606 2614 1634 2640 in
1664 2614 1791 2649 exiguam

994 2659 1109 2687 omnino
1125 2659 1308 2694 quantitatem
1319 2678 1328 2692 ,
1352 2662 1383 2686 ut
1420 2658 1522 2693 ubique
1538 2658 1701 2696 [locorum]
1714 2660 1793 2688 reda-

994 2710 1056 2734 ctus
1072 2705 1180 2733 inisset.
1195 2705 1380 2738 Quamobrem
1400 2712 1451 2740 pro
1466 2704 1523 2733 illis
1542 2704 1654 2741 [Deus]
1677 2713 1794 2740 precan-

995 2753 1047 2781 dus
1062 2757 1114 2786 est,
1131 2752 1325 2787 veteribusque
1342 2751 1376 2779 de
1390 2751 1558 2779 clericorum
1579 2759 1694 2780 numero
1710 2752 1793 2788 legis-

996 2799 1146 2828 lationibus
1173 2805 1228 2826 non
1262 2798 1486 2826 auscultandum.
1516 2796 1622 2825 Sutlicit
1651 2799 1743 2831 enim,
1768 2800 1792 2827 si

995 2848 1105 2882 longam
1113 2846 1340 2874 corianetudinem
1348 2852 1507 2880 sequamur,
1515 2851 1548 2872 ac
1555 2843 1707 2872 secundum
1718 2845 1791 2874 illam

996 2894 1139 2923 iaciamus.
