1946 3076
158 144 227 178 1015

722 144 726 153 ¹
736 145 868 176 ΡΗΟΤΠ
886 145 1140 183 PATRIARCIL‘E
1154 147 1210 177 (ΣΡ.

1732 148 1799 180 1016

196 199 272 226 LAl‘.
294 199 389 226 XXXI.
407 214 442 219 —-
461 199 575 232 Quinum
593 199 682 226 clerici
696 200 897 228 ecclesiasticivc
909 208 954 227 or-

1045 201 1171 237 ΚΕΦΑΛ.
1185 202 1248 230 AA'.
1265 217 1299 222 —
1317 202 1399 236 Τίνες
1412 202 1472 231 εἱσι
1489 204 1628 237 κληρικοι
1649 204 1669 239 ἣ
1684 204 1739 240 τῆς
1751 207 1800 234 ἐθι-

156 247 227 274 (linis
241 246 306 274 sint.

196 292 311 320 Concilii
327 293 474 320 Laodiceni
494 300 584 324 canon
600 292 646 320 26.

195 337 304 366 Tcxlus.
319 337 413 365 Const.
423 339 440 364 ‘2.
452 338 493 365 tit.
508 339 549 366 14.
562 337 747 374 Νονειίιιτυιιι,
763 339 950 374 presbyteros,

156 385 305 416 diaconos,
328 384 462 416 lectores,
484 389 620 418 cantores,
638 385 752 412 clericos
766 384 851 421 [esse]
871 385 950 412 dicit.

157 431 228 463 Quin
248 431 448 466 exorcistarum
465 431 547 457 etiam
563 435 590 457 et
612 431 788 458 ostiariorum
811 436 902 464 coast.
923 431 950 465 6,

159 478 201 504 tit.
221 477 250 510 3,
263 477 310 504 lib.
329 477 341 504 1
358 476 418 504 cod.
437 476 573 504 meminit.

199 571 345 599 Sclzolium.
382 572 477 598 Const.
508 571 544 603 (Ξ,
573 571 615 598 tit.
644 571 656 598 ‘l
690 570 886 606 Novellarum,
911 576 953 600 est

157 619 261 646 novella
283 618 430 645 Justiniani
461 618 524 650 1‘25,
553 617 642 652 posita
675 617 748 654 [que
764 618 826 654 est]
847 618 874 647 in
902 618 950 646 lib.

156 665 240 692 Basil.
271 665 299 698 '5,
327 664 368 692 tit.
403 664 430 697 ‘l,
459 672 520 699 eap.
547 663 592 692 42.
619 664 693 698 quod
720 665 773 692 tale
802 665 951 701 quiddam,

154 710 236 745 quale
263 718 324 746 cap.
344 711 375 737 51
405 710 431 737 in
458 715 532 737 textu
562 710 638 744 dicit,
668 719 723 739 non
749 704 951 745 complectitur.

156 756 250 784 Tradit
282 762 372 784 autem
407 757 479 790 hzec,
511 757 538 783 in
572 757 629 784 haec
658 757 766 784 verba:
796 757 952 793 Presbyteri

157 806 248 828 autem
282 807 309 828 et
340 801 474 832 diaconi,
508 808 558 828 nec
592 808 646 828 nou
689 802 878 834 subdiaconi,
925 807 953 830 et

154 846 284 879 lectores,
298 854 330 874 ac
341 852 481 880 cantores,
498 855 568 882 quos
584 854 682 875 omnes
698 848 815 875 clericos
833 848 950 883 appella-

157 901 230 924 mus,
251 897 280 920 ut
301 900 345 920 res
362 900 528 927 quocunque
550 894 632 920 modo
658 893 692 920 ad
720 893 843 928 ipsorum
860 895 950 922 domi-
966 885 987 913 Β

157 939 232 966 nium
261 939 408 967 devolutas
435 939 487 966 sub
515 943 650 974 potestate
682 947 732 967 sua
764 941 883 969 habeant
917 942 951 969 ad

158 985 247 1011 instar
260 983 442 1012 castrensium
460 984 646 1018 peculiorum.
663 983 856 1018 praecipimus:
878 989 907 1012 ut.
926 989 953 1012 et

158 1025 269 1058 donare
286 1038 334 1058 eas
358 1029 475 1065 possint,
491 1035 519 1057 et
540 1030 574 1057 de
598 1029 642 1058 his
663 1030 757 1058 testari
775 1031 884 1058 tametsi
901 1031 953 1059 sul)

158 1079 298 1111 potestate
310 1081 455 1112 parentum
471 1076 535 1104 sint.
562 1077 600 1103 lta
615 1081 718 1109 tamen,
733 1081 762 1103 nt
776 1077 873 1104 horum
892 1077 951 1111 ﬁlii,

156 1127 204 1150 aut
220 1122 263 1150 his
275 1130 329 1150 non
347 1122 573 1155 subsistentibus,
589 1127 719 1157 parentes
741 1130 836 1150 eorum
863 1123 953 1159 legiti-

155 1178 228 1198 mam
245 1169 400 1205 portionem
418 1169 519 1197 lerant.

201 1260 298 1289 Const.
329 1260 356 1294 6,
377 1261 421 1288 tit.
447 1261 474 1292 5.
508 1260 546 1288 lib
572 1269 581 1288 ι
603 1261 664 1289 cod.
684 1261 771 1296 posita
799 1266 842 1290 est
863 1261 890 1289 in
905 1261 952 1289 lib.

157 1306 295 1338 Basil.nt,
311 1314 372 1341 cap.
389 1306 419 1340 5-,
438 1314 533 1334 verum
555 1307 699 1334 exorcista:
718 1307 814 1335 omissi
834 1312 898 1335 sunt
925 1307 953 1334 in

160 1353 368 1388 repurgatione;
393 1352 475 1380 habet
493 1353 565 1380 enim
586 1353 650 1389 illud
666 1359 749 1388 eaput
766 1354 837 1385 hunc
852 1354 880 1382 in
895 1361 955 1381 mo-

159 1399 224 1425 dum
237 1407 244 1425 :
258 1398 363 1439 IOmnis
385 1399 503 1427 clericus
518 1407 606 1436 usque
621 1400 654 1427 ad
673 1401 802 1433 ostiarios
820 1408 835 1427 a
857 1408 952 1435 perso-

159 1446 267 1473 nalibus
285 1451 432 1473 excusatur
457 1446 628 1474 muneribus.
647 1447 737 1481 Atque
756 1447 814 1474 haec
843 1447 955 1483 quidem

161 1492 213 1519 hoc
228 1492 317 1519 modo.
334 1492 445 1519 Interim
460 1492 541 1530 etiam
555 1493 636 1525 scias,
653 1492 726 1527 quod
741 1492 822 1521 hodie
833 1491 955 1525 Ecclesia

160 1538 230 1565 alios
240 1543 370 1574 agnoscat
385 1538 523 1566 ostiarios.
538 1536 711 1573 Quapropter
727 1546 780 1571 non
796 1538 831 1566 iis
846 1547 906 1575 qua:
922 1539 956 1566 de

161 1584 204 1612 his
221 1584 322 1622 scripta
348 1588 423 1615 sunt,
445 1584 491 1614 sed
513 1583 670 1611 inveteratae
684 1583 877 1611 consuetudini
900 1589 943 1611 est

161 1631 416 1666 obtemperantium.
434 1630 531 1661 Clerici
542 1636 633 1658 autem
651 1631 801 1658 etiamnum
823 1631 904 1658 hodie
918 1630 956 1658 illi

162 1682 314 1710 vocantur,
329 1684 399 1712 quos
418 1676 453 1703 42
471 1684 531 1712 cap.
553 1676 593 1703 tit.
608 1677 619 1709 l
633 1696 640 1710 ,
662 1676 709 1703 lib.
731 1676 758 1710 '5,
773 1677 954 1710 eumneravit,

162 1723 234 1759 quod
250 1728 278 1751 et
297 1723 425 1760 superius
437 1723 536 1758 partim
549 1724 683 1758 insertum
700 1727 752 1750 est.

201 1819 240 1846 Ex
256 1824 389 1854 prmsentc
400 1817 462 1850 hac,
474 1825 561 1853 eaque
570 1818 628 1846 sola
641 1818 700 1854 lege
711 1823 821 1847 constat
835 1839 844 1852 .
860 1827 913 1848 non
925 1819 959 1847 li-

166 1865 255 1895 berari
266 1871 432 1900 quemquam
446 1871 462 1892 a
474 1864 560 1899 patria
570 1868 715 1899 potestate,
724 1872 758 1892 eo
775 1864 848 1900 quod
861 1865 888 1892 in
901 1865 957 1893 cle-

165 1920 226 1938 rum
241 1910 397 1947 asciscitur.
408 1910 487 1943 Quod
502 1917 566 1938 vero
583 1909 704 1947 [dicitur]
719 1911 849 1939 clericum
866 1911 960 1946 patriae

166 1957 293 1993 potestati
302 1957 464 1989 obnoxium,
475 1957 554 1992 pleno
565 1957 679 1986 dominii
691 1962 774 1992 atque
783 1957 960 1986 ususl‘ructus

163 2005 225 2038 jure
238 2003 270 2031 ad
289 2003 376 2033 instar
394 2003 574 2031 castrensium
590 2003 761 2038 peculiorum
787 2003 887 2034 habere
916 2011 960 2032 res

165 2058 331 2086 quocunque
350 2050 432 2078 modo
452 2050 504 2085 ipsi
522 2051 688 2090 acquisitas;
707 2050 759 2087 [id]
774 2059 808 2084 ne
824 2051 959 2086 intelligas

164 2099 198 2125 de
212 2097 246 2125 iis
261 2105 322 2133 quae
336 2097 387 2132 ipsi
402 2105 433 2124 ex
456 2096 563 2134 legatis,
579 2097 793 2131 hmreditatibus,
814 2097 856 2131 vel
875 2097 960 2128 dona-

165 2144 286 2171 tionibus
318 2143 471 2176 obvenere,
493 2151 555 2178 quae
589 2143 695 2179 peculia
727 2142 882 2180 prolectitia
916 2143 958 2170 vel

164 2189 314 2217 adventitia
333 2189 523 2224 appellantur:
548 2189 596 2218 sed
618 2189 653 2218 de
667 2189 701 2217 iis
722 2189 814 2223 modo,
829 2198 890 2225 quae
907 2189 959 2224 ipsi

1005 247 1229 283 agiqmaﬂmﬁc
1245 247 1368 282 τάξεως.

1042 294 1155 321 Συνόδου
1172 294 1335 327 Λαοδικείας
1354 293 1444 327 κανὼν
1462 294 1501 321 κδ’
1506 315 1512 322 .

1040 340 1196 374 Κείμενον.
1232 340 1264 369 Ἰί
1284 339 1306 375 β’
1329 340 1399 367 διάτ.
1423 341 1470 367 τοῦ
1490 340 1514 368 α’
1530 341 1582 370 τίτ.
1606 342 1662 370 τῶν
1684 343 1801 379 Νεαρῶν

1005 386 1154 421 κληρικοὺς
1176 386 1260 419 λέγει,
1277 386 1497 422 πρεσϐυτέρους,
1515 386 1668 421 διακόνους,
1688 389 1802 416 ὒποδια-

1004 432 1112 464 κόνους,
1127 432 1318 467 ἀναγνώστας,
1342 432 1458 468 ψάλτας,
1477 433 1493 468 ἡ
1511 434 1602 468 μέντοι
1621 433 1648 466 ς’
1663 434 1736 461 διάτ.
1751 434 1801 462 τοῦ

1004 478 1029 514 γ’
1045 479 1098 506 τίτ.
1113 479 1160 506 τοῦ
1174 479 1199 506 α’
1222 479 1326 515 βιϐλίου
1341 479 1390 507 τοῦ
1413 480 1540 513 κώδικος,
1561 480 1609 508 καὶ
1634 479 1800 516 ἐξορκιστῶν

1005 524 1053 554 καὶ
1062 524 1197 561 πυλωρῶν
1213 525 1363 561 μέμνηται.

1040 569 1181 604 Σχόλιον.
1203 569 1234 596 'H
1250 569 1272 605 β’
1286 570 1357 597 διάτ.
1371 570 1419 598 τοῦ
1433 569 1458 598 α’
1474 570 1528 598 τίτ.
1542 571 1598 599 τῶν
1611 572 1728 608 Νεαρῶν
1739 574 1799 601 ἐστι

1004 616 1088 650 νεαρὰ
1109 615 1326 648 Ἰουστινιάνειος
1350 615 1421 653 ρκγ’,
1439 617 1556 653 κειμένη
1576 619 1607 645 ὲν
1637 618 1733 655 βιΰλίῳ
1744 621 1801 647 τῶν

1004 661 1156 697 Βασιλικῶν
1173 662 1207 697 γ’,
1224 663 1279 690 τίτ.
1296 667 1331 695 α’,
1360 672 1423 699 κεφ.
1445 663 1503 699 μβ¹,
1517 666 1639 694 τοιοῦτον
1667 666 1717 702 μὲν
1744 664 1801 694 οἷον

1003 709 1080 740 ἐντός
1098 717 1176 743 φησι,
1193 709 1223 736 τὸ
1248 709 1289 736 λα’
1305 718 1382 745 κεφ.,
1399 710 1436 745 μὴ
1462 711 1628 746 περιέχοντι,
1650 712 1803 748 διαλαμϐά-

1004 763 1077 781 νοντι
1092 755 1122 781 δὲ
1139 755 1227 782 ταῦτα
1251 755 1341 791 ῥητῶς
1356 764 1364 770 ·
1382 756 1453 788 Ίόὒς
1475 756 1503 783 δὲ
1517 757 1730 794 πρεσϐυτέρους,
1755 760 1803 787 καὶ

1003 801 1155 833 διακόνους,
1185 802 1232 828 καὶ
1257 802 1462 835 ὑποδιακόνους,
1476 804 1523 830 καὶ
1542 804 1730 838 ἀναγνώστας,
1754 807 1802 834 καὶ

1003 847 1108 882 ψάλτας
1117 847 1164 879 οὓς
1176 848 1280 880 πάντας
1290 848 1439 884 κληρικοὺς
1449 849 1597 885 καλοῦμεν,
1606 851 1639 877 τὰ
1651 852 1805 888 πράγματα

1002 893 1049 926 ἀφ’
1059 893 1218 928 οίουδήποτε
1231 894 1332 930 τρόπου
1343 895 1382 926 εἰς
1393 895 1444 930 τὴν
1457 895 1546 922 αὐτῶν
1554 895 1714 924 δεσποτείαν
1725 907 1804 934 περι-

1004 940 1134 972 ελθόντας
1150 940 1202 967 ὑπὸ
1218 940 1268 977 τὴν
1281 940 1350 968 ἰδίαν
1364 941 1437 978 ἔχειν
1455 942 1581 974 ἐξουσίαν
1597 944 1804 981 προστάττομεν

1003 987 1065 1013 καθ’
1080 987 1229 1022 ὁμοιότητα
1256 987 1311 1014 τῶν
1335 988 1540 1023 στρατιωτικῶν
1559 989 1711 1017 πεκουλίων
1732 990 1803 1018 ὥστε

1004 1032 1135 1059 δύνασθαι
1163 1032 1263 1064 αὐτοὺς
1290 1033 1338 1060 καὶ
1364 1032 1510 1068 δωρεῖσθαι
1535 1033 1605 1060 κατὰ
1631 1034 1731 1069 νόμους
1756 1036 1804 1062 καὶ

1004 1080 1048 1106 ἐπ’
1061 1080 1154 1111 αὐτοῖς
1169 1078 1346 1106 διατίθεσθαι.
1363 1079 1394 1105 Εἰ
1407 1079 1435 1106 δὲ
1449 1079 1497 1106 καὶ
1509 1079 1562 1106 ὑπὸ
1575 1079 1625 1116 τὴν
1637 1080 1690 1107 τῶν
1701 1081 1804 1115 γονέων

1004 1126 1072 1152 εἰσὶν
1088 1124 1225 1158 ἐξουσίαν,
1247 1125 1319 1153 οὕτω
1342 1127 1434 1161 μέντοι
1460 1135 1491 1160 γε
1516 1126 1587 1153 ὥστε
1613 1127 1677 1159 τοὺς
1699 1128 1805 1155 τούτων

1005 1171 1114 1204 παῖδας,
1133 1171 1150 1207 ἢ
1169 1172 1274 1199 τούτων
1295 1172 1334 1208 μὴ
1350 1173 1473 1206 ὑπόντων
1487 1172 1550 1205 τοὺς
1564 1174 1653 1207 γονεῖς
1665 1173 1756 1201 αὐτῶν
1772 1174 1802 1201 τὺ

1005 1218 1121 1253 νόμιμον
1136 1218 1218 1254 μέρος
1232 1218 1403 1254 κομίζεσθαι.

1046 1265 1077 1291 Ἡ
1098 1268 1126 1297 ς’
1139 1265 1214 1292 διάτ·
1229 1265 1276 1292 τοῦ
1290 1265 1314 1300 γ’
1327 1266 1381 1293 τίτ.
1398 1265 1443 1293 τοῦ
1459 1265 1482 1292 α’
1499 1265 1601 1301 βιϐλίου
1621 1267 1668 1294 τοῦ
1684 1267 1801 1299 κώδικος

1005 1310 1086 1346 ἐτέθη
1099 1312 1128 1337 ὲν
1140 1310 1234 1347 βιϐλίῳ
1244 1312 1328 1346 γ’τῶν
1337 1312 1551 1340 Βασιλικῶντίτ.
1565 1311 1668 1348 γ’,κεφ.
1683 1316 1714 1340 ε’.
1729 1313 1804 1349 Πλὴν

1005 1358 1036 1386 τδ
1044 1358 1169 1393 περὶτῶν
1178 1358 1344 1394 ἐξορκιστῶν
1352 1358 1520 1395 παρελείφθη
1528 1360 1556 1385 ὲν
1564 1361 1596 1395 τῇ
1605 1360 1804 1396 ἀνακαοάρσει,

1008 1403 1084 1438 Ἔχει
1099 1403 1154 1438 γὰρ
1171 1403 1243 1430 οὕτω
1258 1403 1289 1430 τὸ
1300 1412 1363 1438 κεφ.
1380 1405 1437 1435 Πᾶς
1459 1404 1590 1440 κληρικὺς
1611 1405 1675 1440 ἄχρι
1689 1406 1736 1432 καὶ
1750 1405 1806 1432 τῶν

1006 1448 1349 1485 όστιαρίων,προσωπικῶν
1355 1449 1611 1482 ὲξκουσσατευέσθω
1617 1449 1804 1485 λειτουργιῶν.

1007 1495 1062 1522 Καὶ
1070 1494 1155 1521 ταῦτα
1165 1495 1215 1529 μὲν
1228 1494 1309 1522 οὕτω.
1319 1495 1355 1522 Σὺ
1367 1494 1395 1521 δὲ
1403 1496 1520 1529 γίνωσκε
1531 1495 1672 1527 ὅτιᾶλλους
1684 1497 1808 1532 σήμερον

1007 1540 1188 1575 ἐπιγινώσκει
1208 1543 1225 1577 ἡ
1248 1541 1397 1578 Ἐκκλησία
1413 1543 1569 1578 ὀστιαρίους
1584 1543 1632 1574 καὶ
1650 1542 1806 1578 πυλωροὺς,

1008 1588 1049 1619 διὸ
1063 1588 1114 1615 οὐκ
1144 1588 1288 1623 ὀφείλομεν
1307 1589 1453 1624 προσέχειν
1473 1590 1531 1620 τοῖς
1548 1590 1612 1624 περὶ
1635 1588 1740 1616 τούτων
1760 1597 1808 1622 γε-

1008 1635 1191 1671 γραμμένοις,
1214 1635 1282 1661 ἀλλὰ
1297 1637 1330 1671 τῇ
1359 1635 1500 1672 κρατούσῃ
1515 1635 1656 1671 συνηθείᾳ.
1671 1635 1808 1671 Κληρικοὶ

1007 1681 1036 1716 δὲ
1048 1682 1148 1708 ἐκεῖνοι
1168 1680 1314 1707 καλοῦνται
1331 1681 1380 1708 καὶ
1406 1682 1527 1718 σήμερον
1548 1681 1595 1713 οὓς
1619 1681 1648 1708 τὸ
1669 1680 1713 1716 μβ’
1741 1690 1806 1716 κεφ.

1008 1727 1057 1759 τοῦ
1071 1725 1094 1753 α’
1114 1727 1168 1754 τίτ.
1193 1727 1240 1754 τοῦ
1256 1726 1280 1763 γ’
1303 1727 1406 1763 βιῦλίου
1428 1727 1653 1764 ἀπηριθμήσατο,
1673 1728 1742 1764 ὅπερ
1760 1729 1809 1756 καὶ

1016 1773 1196 1809 κατεστρώθη
1211 1774 1240 1800 ὲν
1254 1773 1332 1809 μέρει
1345 1773 1459 1801 ἄνωθεν.

1046 1818 1214 1854 Σημείωσαι.
1233 1818 1299 1844 ’Δπῇ
1320 1818 1367 1845 τοῦ
1389 1819 1523 1854 παρόντος
1543 1818 1627 1855 νόμου
1654 1819 1702 1846 καὶ
1723 1819 1809 1854 μόνου

1010 1864 1209 1899 ἀναφαίνεσθαι
1222 1864 1253 1891 τὸ
1267 1864 1304 1900 μὴ
1315 1864 1482 1892 ἀπολύεσθαι
1495 1865 1528 1891 ἐκ
1542 1865 1593 1900 τῆς
1609 1865 1810 1900 ὑπεεουσιότη-

1010 1920 1056 1943 τος
1071 1911 1116 1938 διὰ
1130 1911 1161 1938 τὸ
1179 1911 1362 1947 κληρωθῆναι.
1378 1910 1416 1938 Τὸ
1430 1912 1457 1938 δὲ
1470 1912 1542 1947 ἔχειν
1559 1910 1721 1946 δπεξούσιον
1740 1911 1810 1947 κλη-

1014 1958 1088 1993 ρικὺν
1109 1957 1143 1984 τὰ
1160 1958 1206 1993 ἀφ’
1229 1958 1388 1993 οίουδήποτε
1407 1954 1509 1994 τρόπου
1531 1957 1716 1993 ὲπικτηῦέντα
1734 1957 1812 1993 αὖτῷ

1012 2004 1164 2039 πράγματα
1175 2003 1245 2030 κατὰ
1258 2004 1417 2031 δεσποτείαν
1435 2005 1589 2040 καὶχρῆσιν
1601 2004 1812 2040 καθ’όμοιότητα

1011 2050 1066 2077 τῶν
1075 2051 1279 2086 στρατιωτικῶν
1293 2050 1445 2078 πεκουλίων
1462 2052 1499 2086 μὴ
1515 2051 1642 2083 ὲκλαϐοὖ,
1665 2051 1712 2077 καὶ
1724 2051 1764 2082 εἰς
1777 2051 1812 2077 τὰ

1011 2096 1065 2125 ἀπὸ
1089 2096 1215 2131 ληγάτων
1230 2096 1247 2131 ἢ
1270 2095 1448 2131 κληρονομῷν
1468 2095 1485 2131 ἣ
1509 2095 1618 2131 δωρεῶν
1631 2095 1812 2130 περιελθόντα

1011 2144 1103 2176 αὐτοῖς
1129 2143 1165 2170 τὰ
1190 2144 1238 2170 καὶ
1262 2143 1397 2179 λεγόμενα
1433 2142 1565 2169 πεκούλια
1589 2142 1813 2178 ἀπροσπόριστα.

1012 2190 1084 2217 Λλλά
1099 2191 1140 2222 εἰς
1156 2190 1224 2225 μόνα
1235 2190 1270 2217 τὰ
1282 2189 1420 2226 προφάσει
1444 2189 1489 2216 τοῦ
1505 2190 1608 2225 κλήρου
1626 2188 1814 2224 ὲπικτηθέντα

164 2237 312 2264 occasione
337 2236 484 2271 clericatus
511 2243 663 2269 accessere.
696 2236 733 2264 Ita
769 2237 843 2270 enim
875 2237 956 2270 illud,

1014 2237 1115 2268 αὐτοῖς.
1132 2235 1211 2263 Οὕτω
1225 2237 1278 2271 γὰρ
1295 2235 1445 2271 ὲκληπτέον
1461 2234 1492 2262 τὸ
1508 2235 1554 2270 ἀφ’
1571 2234 1735 2269 οἱουδήτινος
1747 2235 1814 2269 τρό-

164 2282 336 2319 Quocunque
354 2283 448 2315 modo,
462 2283 675 2318 intelligendum
697 2287 748 2313 est.
766 2283 836 2316 Nam
861 2291 875 2318 a,
891 2291 960 2319 prae

167 2334 246 2357 sonte
266 2329 324 2364 lege
337 2328 411 2364 leges
427 2328 462 2357 de
476 2329 589 2364 peCuliis
605 2336 658 2357 non
674 2333 848 2361 evertuntur.
861 2329 960 2362 Quaem

164 2383 231 2403 vero
243 2375 324 2402 etiam
345 2375 380 2402 35
393 2383 525 2407 canonem
541 2375 648 2408 concilii
663 2375 902 2410 Carthaginiensis.
912 2376 959 2411 qui

164 2423 198 2450 de
208 2422 291 2449 rebus
299 2429 360 2456 qua:
375 2422 521 2453 clericatus
533 2422 677 2453 occasione
690 2422 723 2450 ad
738 2422 853 2454 clericos
869 2422 962 2451 devol-

165 2473 282 2501 vuntur,
300 2472 328 2496 et
341 2476 400 2502 quae
414 2468 448 2496 ab
469 2467 535 2503 ipsis
554 2468 581 2502 in
595 2469 767 2501 testamentis
787 2468 904 2503 relinqui
917 2468 964 2496 de-

167 2516 250 2548 bent,
267 2515 407 2545 diversum
435 2515 565 2550 quiddam
591 2515 626 2543 ab
647 2515 698 2548 hac
717 2519 850 2549 praesente
872 2515 961 2543 docet.

164 2562 300 2591 Existimo
310 2562 383 2589 enim
397 2561 511 2589 canonis
527 2560 742 2597 [prtescriptum]
759 2562 900 2596 praelatum
917 2562 962 2595 iri,

164 2617 324 2645 quanquam
333 2609 359 2636 id
374 2616 428 2636 non
442 2608 524 2636 faciat
535 2609 604 2636 mala
614 2609 794 2637 consuetudo.
806 2609 894 2643 Atque
905 2609 964 2637 haec

164 2656 275 2692 quidem
289 2657 322 2684 de
333 2656 413 2685 bonis
428 2655 602 2688 clericorum,
619 2660 702 2691 atque
724 2655 811 2690 patria
829 2660 964 2691 potestate

163 2706 192 2733 in
219 2705 305 2740 ipsos.
340 2703 426 2731 Porro
466 2703 630 2738 patriarchae
653 2703 963 2738 Constantinopolitani,

167 2751 250 2788 [ejus]
265 2758 319 2786 que
341 2750 427 2778 solius
442 2749 651 2785 magistratuum
664 2750 795 2785 insignia,
809 2750 896 2785 patria
914 2758 964 2785 po-

165 2797 263 2832 testate
273 2795 390 2827 clericos
399 2795 528 2829 liberant.
543 2795 603 2828 Qua
617 2795 651 2823 de
668 2803 697 2822 re
715 2795 775 2830 lege
789 2802 850 2830 quae
863 2795 890 2823 in
901 2803 962 2831 cap.

165 2842 201 2876 56
228 2842 373 2877 praesentis
385 2842 428 2870 tit.
453 2849 470 2870 a
484 2841 562 2870 nobis
578 2841 679 2876 scripta
693 2845 767 2869 sunt.
781 2841 964 2877 Episcopatus

167 2895 235 2915 vero
247 2888 365 2923 dignitas
379 2889 405 2916 in
420 2888 478 2924 ipsa
494 2887 638 2917 confestim
655 2887 828 2921 ordinatione
847 2896 862 2916 a
875 2888 964 2924 patria

1016 2291 1080 2315 που,
1097 2283 1138 2309 ὅτι
1153 2283 1214 2309 οὐδὲ
1229 2283 1424 2317 ἀνετράπησαν
1438 2281 1493 2308 ὑπὸ
1510 2281 1645 2317 παρόντος
1664 2281 1759 2316 νόμου,
1787 2281 1815 2308 οἱ

1015 2330 1147 2365 περὶτῶν
1159 2329 1311 2355 πεκουλίων
1324 2329 1412 2364 νόμοι.
1428 2329 1510 2364 Ζήτει
1533 2327 1562 2354 δὲ
1578 2328 1627 2354 καὶ
1644 2327 1689 2353 τὸν
1703 2326 1742 2362 λβ⁸
1759 2336 1813 2354 κα-

1015 2376 1079 2402 νόνα
1092 2376 1141 2410 τῆς
1155 2376 1184 2402 ὲν
1196 2375 1376 2410 Καρθαγέννῃ
1393 2375 1502 2401 συνόδου
1515 2374 1608 2409 ἕτερόν
1618 2382 1644 2400 τι
1652 2373 1816 2402 διδάσκοντα

1017 2420 1092 2454 παρὰ
1104 2419 1149 2446 τὸν
1163 2419 1286 2455 παρόντα
1299 2418 1382 2454 νόμον
1390 2419 1469 2454 χάριν
1478 2418 1533 2444 τῶν
1543 2418 1678 2454 προφάσει
1689 2417 1736 2445 τοῦ
1747 2417 1817 2454 κλή-

1018 2474 1064 2502 ρου
1080 2465 1277 2501 περιελθόντων
1288 2464 1461 2500 πραγμάτων
1474 2465 1514 2499 εἰς
1526 2464 1590 2496 τοὺς
1602 2464 1752 2500 κληρικοὺς
1765 2465 1817 2492 καὶ

1016 2514 1096 2548 χάριν
1112 2512 1166 2539 τῶν
1188 2511 1360 2547 ὲνδιαθήκοις
1378 2510 1633 2546 καταλιμπάνεσθαι
1650 2509 1817 2546 ὀφειλόντων

1018 2559 1070 2586 ὑπὸ
1093 2558 1195 2586 τούτων
1212 2558 1383 2594 πραγμάτων
1396 2564 1403 2572 ”
1416 2553 1520 2592 νομίζω
1539 2556 1593 2592 γὰρ
1617 2556 1655 2587 ὡς
1676 2564 1816 2592 προτιμη-

1018 2605 1146 2640 θήσονται
1160 2605 1195 2631 τὰ
1208 2603 1255 2631 τοῦ
1270 2603 1382 2635 κανόνος
1396 2603 1448 2630 κᾶν
1461 2603 1515 2630 ἀπὸ
1531 2602 1677 2638 συνηθείας
1686 2601 1768 2629 τοῦτο
1784 2603 1817 2629 οὐ

1017 2653 1132 2688 γίνεται.
1150 2652 1205 2680 Καὶ
1227 2651 1315 2679 ταῦτα
1341 2651 1390 2683 μὲν
1406 2650 1486 2686 χάριν
1504 2650 1559 2676 τῶν
1574 2650 1747 2685 πραγμάτων
1759 2649 1818 2676 τῶν

1227 2699 1233 2707 κ
1261 2698 1286 2707 ,~
1326 2697 1389 2707 «,J‘

1016 2743 1331 2777 Κωνσταντινουπόλεως
1343 2743 1389 2770 καὶ
1402 2743 1483 2778 μόνον
1493 2741 1652 2777 ἁρχοντίκια
1665 2739 1819 2767 ἀπολύουσι

1017 2796 1066 2833 τῆς
1084 2792 1312 2827 ὑπεξουσιότητος
1326 2791 1390 2822 τοὺς
1404 2790 1563 2826 κληρικοὺς,
1573 2788 1620 2815 καὶ
1629 2787 1768 2833 ἀνάγνωθι
1783 2787 1820 2814 τὰ

1018 2831 1083 2875 περὶ
1112 2837 1208 2865 τούτου
1233 2836 1298 2872 παρ’
1312 2835 1391 2871 ἡμῶν
1410 2833 1550 2870 γραφέντα
1574 2833 1615 2864 είς
1635 2831 1666 2858 τὺ
1690 2832 1734 2864 λς’
1751 2839 1818 2866 κεφ.

1018 2885 1065 2913 τοῦ
1081 2884 1214 2920 παρόντος
1225 2883 1278 2910 τίτ.
1296 2883 1332 2909 Τὸ
1343 2881 1372 2908 δὲ
1388 2880 1498 2917 ἀξίωμα
1512 2879 1563 2915 τῆς
1578 2878 1732 2914 ἐπισκοπῆς
1748 2877 1817 2905 ἁπέ-
