1946 3076
103 152 167 184 1017

504 153 749 186 NOMOCANON.
770 167 805 172 —
822 155 896 186 TIT.
918 155 943 193 Ι,
965 155 1044 188 CAP.
1065 155 1312 188 XXXI-XXXIV.

1675 159 1745 192 1018

101 209 177 236 ναθεν
185 208 351 236 ἀπαλλάττει
364 209 427 242 τοὺς
436 209 694 245 χειροτονουμένους
705 211 737 237 ἐκ
757 211 807 246 τῆς
826 211 892 238 ὑπε-

956 215 1076 239 mteslate
1092 212 1199 244 liberat,
1217 214 1448 249 quemadmodum
1469 215 1521 242 hoc
1546 214 1629 243 etiam
1648 215 1675 243 in
1693 224 1742 244 co—

102 253 281 290 ξουσιότητος,
304 254 397 287 καθὼς
413 255 461 281 καὶ
482 255 517 281 τὰ
531 255 595 290 περὶ
610 255 706 283 τούτου
728 257 757 282 ὲν
769 255 808 292 τῷ
820 256 896 292 αὐτῷ

101 309 162 336 κεφ.
178 301 347 336 πλατύτερον
359 301 604 337 παρεδηλώσαμεν.

141 356 263 391 Ἕτερον·
271 357 409 390 σκόλιον.
431 357 599 392 Σημείωααι.
619 357 649 383 '0
661 357 710 392 μὲν
730 357 895 396 συνθέμενος

101 402 130 430 τὺ
144 403 325 437 νομοκάνονον
336 402 508 438 πατριάρχου
523 403 627 438 μέλλων
635 403 742 435 διδάξαι
754 403 826 436 τίνες
843 405 896 431 εἰσὶ

103 448 228 485 κληρικοὶ
248 449 431 485 παρέπεμψεν
447 449 513 476 αὐτὸ
533 449 573 480 εἰς
595 449 642 476 τὸν
660 449 698 476 κδ’
727 450 831 486 κανόνα
845 452 894 486 τῆς

103 497 131 522 ὲν
141 495 287 531 Λαοδικείᾳ
305 495 416 522 συνόδου
439 495 658 530 συναριθμοῦντα
672 497 728 527 τοῖς
754 496 897 532 κληρικοῖς

102 541 146 568 καὶ
160 541 222 572 τοὺς
234 541 379 576 μοναχούς.
388 540 458 575 Ἐγὼ
470 541 498 568 δὲ
509 542 561 568 οὐκ
573 541 726 576 ἀφίσταμαι
740 538 777 569 ὧν
791 541 898 577 ἔγραψα

101 588 139 619 εἰς
155 586 201 614 τὸν
218 585 247 627 ιδ’
258 587 360 614 κανόνα
385 586 437 621 τῆς
465 585 487 620 ζ’
515 588 636 619 συνόδου,
653 587 700 614 καὶ
726 588 777 614 ἀνὰ
796 588 896 616 ταῦτα.

106 633 274 669 Προστίθημι
287 633 315 660 δὲ
330 634 387 665 τοῖς
402 635 549 670 γραφεῖσιν
563 637 610 662 καὶ
624 635 720 669 ταῦτα,
736 635 777 662 ὄτι
790 636 815 661 ει
830 635 894 671 δοθῇ

101 680 155 707 ἀπὸ
172 680 255 716 μόνης
269 680 320 715 τῆς
341 681 523 716 ἀποκάρσεως
548 682 727 716 ἀναγνώστας
745 680 816 709 εἶναι
832 683 896 715 τοὺς

104 726 236 761 μοναχοὺς
254 726 435 759 ἁδιαστίκτως
453 727 487 754 τὰ
501 727 556 754 τῶν
577 727 761 762 ἀναγνωστῶν
778 728 894 762 ἐνεργή-

103 781 177 799 σουσι
204 773 307 805 πάντες
337 774 449 808 μοναχοὶ
478 773 702 810 ἀποκεκαρμένοι
735 773 786 801 κᾶν
817 773 895 810 παρὰ

103 819 228 854 μοναχῶν
259 819 355 854 ἱερέων
393 820 574 856 ὰπεκάρησαν
625 820 694 856 μήτε
730 820 894 856 ἡγουμένων

100 865 184 892 ὄντων
194 886 201 898 ,

101 919 196 946 σιμον,
216 911 286 947 ὅπερ
299 911 401 938 ἄτοπον
428 911 476 938 καὶ
496 911 603 945 γυναιξὶ
619 911 646 938 δὲ
668 913 798 947 μοναχαϊς
813 911 893 938 τοῦτο

99 958 129 984 τὸ
155 957 260 984 δίκαιον
293 957 586 993 ὲπιφιλοτιμηθὴοεται
619 957 664 985 διὰ
691 957 740 993 τὴν
769 957 893 993 ἀπόκαρ-

100 1013 154 1036 σιν,
173 1004 242 1039 ὅπερ
265 1003 340 1030 ἐστὶν
365 1004 412 1030 ἐπὶ
441 1004 523 1031 πλέον
546 1004 730 1031 ἀτοπώτατον.
750 1004 796 1039 Μὴ
828 1003 894 1038 γοῦν

98 1050 222 1085 πρόσχῃς
252 1050 285 1084 τῇ
310 1051 381 1084 κακῇ
407 1049 548 1085 συνηθείᾳ,
564 1050 639 1085 ζήτει
653 1049 681 1076 δὲ
697 1049 747 1085 τὴν
760 1049 891 1076 διάλυσιν.

134 1094 260 1120 ΚΕΦΑΛ.
281 1093 342 1120 AB’.
360 1108 396 1113 —-
419 1093 489 1126 Περὶ
511 1093 565 1120 τοῦ
587 1093 628 1128 μὴ
658 1093 894 1128 χειροτονεῖσθαι

97 1137 217 1173 cor/rm
230 1139 249 1173 ἡ
266 1139 345 1174 γυνὴ
363 1139 532 1175 ἐμοιχεύθη,
556 1140 606 1167 καὶ
621 1139 676 1167 ἐὰν
689 1139 769 1175 γυνὴ
787 1141 894 1174 κληρι-

99 1189 156 1214 κοῦ
172 1185 334 1221 μοιχευθῇ.

106 1234 109 1236 ’
132 1240 248 1267 Συνόδου
261 1240 481 1276 Νεοκαισαρείας
495 1240 587 1268 κανὼν
600 1240 637 1276 η’.

134 1287 289 1320 Κείμενον.
299 1287 355 1313 Καὶ
368 1287 383 1313 ό
396 1287 534 1320 πολιτικὸς
542 1288 624 1324 νόμος
638 1298 665 1316 κ.
674 1298 700 1318 τ.
713 1289 750 1323 λ.,
766 1290 893 1326 usquead

98 1331 242 1366 ρεπουδίου
263 1331 317 1367 ρλδ¹
330 1333 441 1368 νεαρᾶς.

133 1387 274 1422 Σχόλιον.
285 1386 314 1414 Ὀ
323 1387 345 1414 θ’
356 1387 408 1415 τίτ.
421 1387 468 1414 τοῦ
483 1387 505 1415 θ’
518 1388 621 1424 βιϐλίου
632 1389 678 1416 τοῦ
690 1389 805 1424 κώδικος
814 1391 895 1427 ἐτέθη

97 1434 127 1458 ὲν
146 1432 242 1468 βιϐλίῳ
255 1431 277 1466 ξ’
290 1432 344 1459 τῶν
359 1433 514 1459 Βασιλικῶν
533 1433 585 1460 τίτ.
597 1432 646 1466 λζ’,
662 1442 726 1468 κεφ,
746 1433 800 1470 μβ’,
816 1435 895 1461 τοῦτο

96 1479 126 1505 δὲ
141 1478 173 1505 τὺ
188 1487 251 1513 κεφ.
272 1478 462 1514 παρελείφθη’
485 1479 501 1514 ἡ
533 1479 586 1514 ρλδ¹
602 1479 687 1516 νεαρὰ
710 1480 758 1506 τοῦ
779 1481 895 1507 Ἰουστι-

97 1524 192 1553 νιανοῦ
219 1525 298 1560 ἐτέθη
317 1526 346 1552 ὲν
362 1525 458 1561 βιϐλίῳ
481 1524 526 1561 κη’
549 1526 602 1552 τῶν
618 1526 771 1560 Βασιλικῶν
792 1528 846 1560 τίτ.
860 1526 894 1561 ζ’,

97 1579 163 1605 κεφ.
177 1570 212 1604 α’,
228 1571 261 1603 0',
277 1574 328 1604 va’,
351 1571 403 1599 τίτ.
417 1571 451 1608 C’,
465 1573 493 1598 ὲν
515 1571 593 1607 μέρει
610 1572 697 1609 οὔπως
717 1573 817 1608 ἔχοντι·
838 1573 895 1608 Τὴν

99 1617 295 1654 μοιχευθεῖσαν
312 1619 430 1652 γυναῖκα
446 1619 506 1650 ταῖς
525 1618 731 1655 προσηκούσαις
743 1613 895 1654 ὑποϐαλλο-

99 1662 186 1697 μένην
200 1664 306 1694 ποιναῖς
317 1663 346 1689 ὲν
358 1663 532 1700 μονασνηρίῳ
545 1663 739 1700 ἐμϐάλλεσθαι,
751 1656 799 1692 uoti.
811 1666 835 1691 εἰ
848 1665 897 1701 μὲν

97 1709 168 1735 εἴσω
180 1708 282 1740 διετίας
297 1710 311 1736 ὁ
337 1709 408 1745 ἀνὴρ
420 1709 504 1745 αὐτὴν
519 1709 666 1737 ἀναλαϐεῖν
691 1710 836 1746 βουληθείη
855 1710 898 1743 ἑξ-

98 1755 198 1782 ίιυσίαν
220 1755 295 1788 αὺτῷ
314 1755 441 1791 διδόαμεν
469 1756 549 1786 τοῦτο
573 1758 671 1791 ποιεῖν,
692 1758 739 1785 καὶ
762 1758 897 1794 συνοικεῖν

98 1801 172 1837 αὐτῇ
194 1801 298 1837 μηδένα
327 1802 450 1829 κίνδυνον
464 1803 588 1830 ἐντεῦθεν
607 1803 810 1839 εὐλαϐουμένῳ,
829 1805 897 1839 μήτε

97 1847 146 1874 διὰ
172 1846 228 1873 τῶν
249 1847 279 1873 ὲν
300 1848 375 1882 μέσῳ
394 1848 546 1882 γινομένων
566 1848 829 1884 καταϐλαπτομένου
850 1848 897 1874 τοῦ

97 1893 203 1928 γάμου,
219 1893 364 1920 καὶταῦτα
380 1894 430 1929 μέν
454 1903 539 1929 φησιν
556 1895 570 1921 ὁ
588 1895 728 1926 πολιτικὸς
739 1895 832 1930 νόμος.
844 1895 898 1923 Καὶ

98 1939 148 1975 ἔχε
165 1940 199 1968 τὰ
220 1940 269 1975 τῆς
289 1942 390 1975 νεαρᾶς
408 1940 512 1976 ταύτης
537 1941 582 1968 ἐπὶ
607 1941 660 1968 τῶν
678 1940 792 1974 λαῖκῶν,
809 1941 823 1967 ὁ
843 1942 898 1977 γὰρ

97 1985 331 2019 ἐκκλησιαστικὸς
342 1986 423 2020 νόμος
436 1987 495 2022 ἤτοι
511 1988 524 2013 ὁ
534 1985 558 2022 η’
574 1985 664 2013 κανὼν
675 1986 725 2022 τῆς
739 1987 767 2015 ἐν
779 1987 898 2013 Νεοκαι-

99 2031 204 2068 σαρείᾳ
226 2032 336 2059 συνόδου
364 2032 426 2059 οὔτε
451 2033 495 2060 τὸν
522 2033 608 2068 ἄνδρα
631 2033 680 2068 τῆς
708 2033 899 2069 μοιχευθείσης

98 2079 233 2113 γυναικὸς
250 2081 290 2111 εις
309 2079 463 2114 ὑπηρεσίαν
480 2080 621 2116 ἱερατικὴν
641 2081 805 2116 παραχωρεί
822 2080 900 2117 ἔρχε-

99 2127 177 2159 σθαι,
193 2125 254 2152 οὔτε
271 2126 317 2153 τὸν
336 2126 412 2161 ἱερέα
435 2126 480 2154 τὸν
495 2126 611 2161 σύζυγον
625 2126 675 2162 τῆς
690 2126 759 2161 μετὰ
775 2126 824 2162 τὴν
840 2134 898 2161 χει-

99 2171 228 2208 ροτονίαν
259 2172 450 2207 μοιχευθείοης
474 2174 638 2208 παραχωρεῖ
658 2173 706 2199 καὶ
733 2170 813 2204 αὖθις
829 2169 899 2198 εἶναι

99 2217 192 2254 ἱερέα,
207 2217 275 2244 ἀλλὰ
291 2216 441 2250 ἀναγκάζει
461 2218 556 2245 τοῦτον
573 2218 708 2244 ἀπολῦσαι
724 2218 774 2253 τὴν
789 2226 900 2252 μοιχευ-
915 2229 937 2257 D

98 2264 198 2291 οεῐσαν
215 2264 333 2298 γυναῖκα
354 2263 449 2298 αὑτοῦ,
465 2265 490 2290 εἰ
509 2264 580 2290 θέλει
597 2264 666 2296 τέως
681 2263 842 2300 ἱερατεύειν.

137 2322 268 2350 ΚΕΦΔΛ.
286 2321 348 2349 AI".
369 2336 405 2341 ——
428 2321 500 2356 Περὶ
519 2321 572 2349 τοῦ
592 2321 634 2358 μὴ
661 2322 899 2357 χειροτονεῖσθαι

97 2368 250 2404 κληρικὸν
271 2368 515 2403 ἀπολελυμένως,
539 2368 620 2396 ἀλλὰ
648 2368 769 2401 πάντως
789 2369 833 2401 εις
852 2367 899 2394 ἐκ-

98 2414 250 2449 πλησίας,
265 2415 284 2448 ἣ
293 2414 496 2450 μοναστήρια.

139 2461 256 2493 Συνόδου
269 2461 441 2496 Χαλκηδόνος
453 2460 545 2489 κανὼν
559 2461 616 2494 κς’.

138 2515 268 2545 ΚΕΦΑΔ.
286 2515 480 2549 ΛΔ¹.-Περὶ
506 2515 737 2550 περιοδούντων,
764 2514 814 2545 καὶ
840 2514 901 2550 τῶν

98 2564 139 2594 ἐν
153 2561 220 2595 ταῖς
235 2561 347 2597 κώμαις
362 2554 546 2596 ἑκκλησιῧν.

140 2609 257 2636 Συνόδου
269 2608 431 2646 Λαοδικείας
450 2607 540 2640 κανὼν
554 2607 604 2640 νζ’.

139 2655 299 2690 Κείμενον.
319 2654 352 2683 Ἡ
366 2655 400 2685 ια’
413 2654 497 2687 διάτ.,
514 2654 562 2681 τοῦ
577 2653 601 2688 γ’
613 2653 665 2680 τίτ.
681 2653 728 2681 τοῦ
744 2652 767 2680 α’
784 2652 899 2688 βιϐλίου,

99 2703 193 2737 ὶέγει,
214 2710 241 2730 κ.
261 2711 289 2729 τ.
303 2702 342 2736 λ.,
361 2709 447 2736 usque
465 2701 499 2730 ad
525 2700 758 2742 ὑποιανιαστόιτων
776 2699 901 2734 λειτουρ-

98 2757 177 2783 raw.

141 2793 285 2827 Σχόλιον.
310 2793 343 2827 ᾚ
371 2792 406 2819 ια’
424 2791 494 2819 διάτ.
523 2791 572 2818 τοῦ
592 2795 616 2826 γ’
636 2791 690 2818 τίτ.
714 2790 761 2819 τοῦ
785 2789 902 2823 ιιώδικος

101 2840 190 2875 ἐτέθη
213 2842 254 2872 εὶς
272 2840 328 2875 βιϐ.
351 2840 376 2875 *ί
400 2840 454 2867 τῶν
470 2839 634 2873 Βασιλικῶν,
653 2839 706 2866 τίτ.
727 2841 762 2872 γ’,
783 2846 846 2872 κεφ.
864 2836 902 2870 ς’,

102 2887 196 2918 οὕτως
211 2885 272 2921 ἔχον
282 2886 328 2920 Ἐξ
340 2886 424 2923 αὐτῆς
437 2885 487 2921 τῆς
500 2884 597 2921 κώμης
611 2885 640 2912 ὲν
685 2885 759 2912 ἐστιν
772 2884 788 2919 ἡ
804 2883 903 2919 ἐκκλη-

947 255 1009 283 dem
1037 257 1126 291 capite
1156 257 1238 284 latius
1257 258 1518 288 demonstravimus.

984 361 1066 388 Aliud
1090 361 1231 388 scltolinm.
1259 362 1431 395 Patriarcha,
1451 363 1498 398 qui
1524 371 1743 392 nomocanonetu

947 410 1111 444 composuit,
1123 410 1255 438 docturus
1267 411 1381 445 qttinam
1395 411 1449 439 sint
1459 411 1563 444 clerici,
1581 412 1740 449 [lectorem]

947 463 1010 482 mox
1028 455 1134 482 remisit
1146 456 1180 482 ad
1193 463 1327 483 canonem
1343 456 1379 484 21,
1395 457 1504 484 concilii
1518 457 1679 492 Laodiceni,
1695 461 1741 495 qui

948 501 1054 529 clericis
1066 501 1148 534 etiam
1163 502 1315 530 monachos
1330 507 1523 530 connumerat.
1535 505 1592 540 Ego
1609 512 1673 532 vero
1689 513 1741 533 non

948 547 1047 574 recedo
1063 548 1097 574 ab
1115 547 1149 575 iis
1167 555 1229 582 quae
1255 547 1282 575 in
1310 555 1443 575 canonetn
1460 549 1494 576 14
1510 549 1619 576 concilii
1633 551 1743 584 septimi

949 592 1057 626 scripsi,
1084 599 1145 626 qua:
1170 592 1238 627 lege.
1258 592 1330 625 Quin
1353 593 1464 628 scriptis
1487 593 1599 628 adjicio.
1627 595 1700 629 quod
1721 595 1744 623 si

949 638 1117 666 cencedatur
1143 646 1192 672 per
1217 638 1305 666 solam
1327 640 1482 672 tousionem
1513 641 1664 668 monachos
1686 640 1745 668 Iieri

949 684 1076 716 lectores,
1107 685 1176 712 citra
1204 685 1409 712 distinctionem
1435 686 1592 721 quicunque
1617 687 1745 714 monachi

950 731 1041 764 tonsi,
1069 739 1131 766 qure
1166 730 1300 758 lectorum
1334 731 1488 768 [propria]
1520 736 1594 766 sunt,
1622 732 1745 760 facient:

950 776 1084 803 tametsia
1104 776 1247 803 monachis
1265 776 1466 808 sacerdotibus,
1485 776 1530 811 qui
1547 775 1747 812 [monasterio-

950 818 1032 856 rum]
1051 820 1181 854 praesulcs
1202 827 1257 847 non
1276 825 1350 852 sunt,
1373 828 1464 855 neque
1479 820 1513 847 ab
1528 820 1657 856 episcopo
1672 820 1748 856 [ton-

241 866 310 901 μήτε
331 865 386 892 ἀπὸ
415 866 567 893 ἐπισκόπου
593 866 731 893 λαϐόντων
758 866 788 893 τὸ
818 866 893 893 ὲνδό-

956 865 1044 900 lendi]
1063 864 1220 893 facultatem
1236 869 1420 900 acceperunt,
1439 865 1512 893 tonsi
1529 865 1604 893 sint:
1619 866 1694 901 quod
1712 866 1748 894 ab

948 912 1062 940 surdum
1082 915 1134 939 est.
1162 911 1220 938 Itno
1237 919 1302 938 vero
1331 911 1495 938 mulieribus
1522 912 1668 939 monachis
1693 912 1746 941 hoc

945 958 994 994 jus
1026 963 1136 994 propter
1157 958 1313 985 tonsionem
1345 958 1428 985 etiam
1452 957 1588 992 indulgeri
1618 958 1745 991 debebit,

949 1004 1022 1040 quod
1037 1005 1118 1039 longe
1134 1003 1364 1032 absurdissimum
1384 1008 1436 1031 est.
1452 1003 1492 1030 Ne
1508 1003 1592 1038 igitur
1606 1004 1745 1032 auscultes

950 1050 1028 1077 malae
1045 1049 1250 1080 consuetudini,
1267 1049 1314 1076 sed
1330 1049 1531 1076 correctionem
1550 1056 1668 1083 quteras.

985 1093 1064 1122 CAP.
1079 1093 1188 1121 XXXII.
1203 1106 1228 1112 -
1250 1091 1291 1119 Ne
1302 1093 1452 1126 ordinetur,
1469 1091 1546 1125 cuius
1573 1100 1642 1120 uxor
1668 1092 1747 1119 adul-

949 1141 1046 1167 terium
1077 1139 1219 1171 commisit,
1255 1143 1280 1165 et
1309 1138 1333 1166 si
1365 1138 1456 1165 clerici
1491 1146 1559 1165 uxor
1585 1139 1748 1167 adulterium

950 1184 1127 1212 conmiserit.

986 1239 1102 1266 Concilii
1119 1237 1351 1266 Neocwsariensis
1364 1246 1453 1266 canon
1473 1238 1500 1267 8.

987 1283 1092 1311 Tactus.
1113 1282 1201 1310 Etiam
1223 1283 1264 1309 lex
1288 1282 1375 1310 civilis
1395 1287 1461 1315 ete.,
1479 1291 1560 1319 usque
1576 1283 1611 1310 ad
1634 1282 1748 1311 novella;

951 1329 1003 1357 154
1018 1330 1051 1357 de
1067 1328 1199 1363 repudiis.
1216 1333 1244 1355 ut
1261 1337 1322 1363 pag.
1340 1328 1404 1356 555.

987 1384 1136 1411 Scholium.
1170 1383 1226 1411 Tit.
1247 1383 1264 1410 ί)
1298 1384 1345 1411 lib.
1368 1392 1395 1410 ιχ
1419 1384 1481 1411 cod.
1509 1384 1615 1419 posittts
1647 1388 1689 1411 est
1719 1383 1746 1411 in

949 1431 997 1458 lib.
1014 1424 1097 1458 Basil.
1124 1438 1169 1463 1.x,
1193 1430 1237 1458 tit.
1263 1430 1310 1463 37,
1340 1430 1462 1467 cap.4_'2.
1490 1430 1548 1458 IIoc
1575 1438 1641 1458 vero
1664 1434 1748 1465 caput

950 1477 1085 1505 omissum
1114 1481 1165 1504 est.
1199 1476 1310 1504 Novella
1351 1475 1487 1513 [autem]
1515 1475 1664 1504 Justiniani
1695 1476 1747 1507 155,

950 1525 1040 1560 posita
1057 1529 1099 1552 est
1116 1525 1143 1551 in
1161 1524 1208 1551 lib.
1224 1523 1309 1551 Basil.
1331 1531 1430 1557 xxviii,
1448 1523 1491 1559 tit.
1510 1523 1536 1555 7,
1554 1530 1616 1557 cap.
1642 1524 1667 1556 l,
1687 1523 1747 1551 tlte-

949 1577 1023 1599 male
1040 1571 1066 1606 7,
1083 1571 1156 1606 quod
1169 1578 1218 1606 pro
1230 1575 1307 1606 parte
1321 1570 1359 1598 ita
1375 1571 1477 1606 habet:
1496 1569 1593 1605 Mulier
1610 1577 1676 1597 vero
1687 1578 1748 1604 qua:

949 1617 1113 1644 adulterium
1126 1616 1275 1648 commisit,
1287 1616 1508 1652 competentibus
1523 1616 1632 1643 subdita
1645 1615 1746 1650 poenis,

949 1665 975 1692 in
989 1663 1185 1698 monasterium
1203 1663 1368 1698 conjiciatur
1385 1671 1392 1694 ;
1407 1667 1489 1697 atque
1505 1662 1527 1697 si
1542 1662 1658 1690 maritus
1676 1661 1748 1689 intra

948 1711 1089 1738 biennium
1115 1717 1175 1737 eam
1194 1710 1317 1745 recipere
1341 1710 1469 1744 voluerit,
1491 1709 1590 1739 damus
1613 1709 1639 1735 ei
1664 1707 1748 1743 hujus

951 1757 1048 1797 agendi
1064 1756 1216 1789 licentiam,
1232 1748 1262 1792 ut
1277 1759 1304 1784 et
1321 1755 1347 1782 in
1363 1754 1540 1790 tnatrimonio
1557 1762 1618 1782 eam
1637 1755 1748 1787 habent,

949 1811 1039 1839 neque
1056 1803 1142 1830 ullutn
1164 1810 1196 1830 ex
1216 1802 1268 1828 hoc
1286 1806 1445 1828 revereatur
1466 1801 1635 1837 periculum:
1654 1799 1748 1829 matri-

950 1850 1042 1879 monio
1062 1856 1174 1884 quoque
1203 1856 1253 1884 per
1278 1856 1309 1882 ea
1330 1855 1392 1889 qua:
1418 1842 1510 1875 medio
1540 1852 1661 1886 tempore
1677 1845 1750 1873 facta

950 1900 1024 1928 sunt,
1039 1903 1094 1922 non
1121 1895 1255 1927 laedendo.
1273 1894 1363 1930 Atque
1384 1894 1441 1921 haec
1457 1893 1567 1929 quidem
1583 1892 1671 1921 civilis
1695 1892 1748 1919 lex.

949 1942 1075 1977 lntellige
1099 1949 1164 1968 vero
1182 1941 1253 1968 hanc
1280 1941 1417 1968 novellam
1441 1941 1475 1968 de
1495 1940 1584 1967 laicis.
1612 1938 1748 1967 Ecclesia-

950 1988 1018 2018 stica
1034 1995 1152 2021 namque
1171 1986 1212 2013 lex
1226 2006 1232 2017 ,
1248 1988 1306 2012 sive
1323 1993 1412 2012 canon
1436 1985 1452 2011 8
1475 1985 1586 2020 concilii
1606 1983 1750 2011 Neocresa-

951 2029 1062 2061 riensis,
1077 2036 1166 2064 neque
1177 2029 1306 2055 maritum
1321 2029 1446 2056 mulieris
1459 2028 1590 2054 adulterae
1602 2028 1634 2054 ad
1651 2035 1746 2054 sacer-

950 2075 1041 2102 dotale
1073 2073 1258 2102 ministerium
1289 2073 1438 2104 devenire,
1456 2081 1546 2108 neque
1573 2073 1747 2108 sacerdotem

950 2120 1079 2148 ntaritutn
1094 2119 1228 2152 mulieris,
1249 2127 1309 2154 qum
1337 2123 1397 2154 post
1415 2118 1527 2156 lipsius]
1546 2118 1748 2145 ordinationem

951 2167 1115 2194 adulterium
1154 2166 1293 2194 commisit
1326 2165 1656 2200 deinceps‘sacerdotem
1688 2171 1750 2190 esse

952 2213 1036 2241 sinit:
1056 2213 1101 2240 sed
1123 2212 1198 2239 hunc
1227 2218 1340 2239 uxorem
1367 2211 1518 2238 adulteram
1533 2231 1541 2243 ,
1560 2210 1584 2237 si
1610 2210 1690 2238 modo
1703 2217 1750 2237 sa-

952 2259 1075 2288 cerdotio
1093 2258 1169 2293 fungi
1195 2258 1270 2291 velit,
1292 2256 1438 2292 repudiare
1449 2257 1532 2293 cogit.

988 2316 1064 2344 CAP.
1082 2315 1202 2344 XXXIII.
1216 2329 1251 2335 --
1268 2313 1309 2341 Ne
1320 2313 1431 2342 clericus
1451 2314 1478 2345 in
1498 2314 1610 2342 liberant
1630 2313 1752 2348 minisle-

954 2364 1034 2396 rium,
1056 2363 1101 2390 sed
1119 2363 1227 2390 omnino
1255 2363 1283 2390 iu
1303 2361 1442 2401 [certam]
1458 2361 1597 2396 ecclesiam
1622 2365 1669 2396 aut
1693 2368 1750 2394 mo:

955 2411 1101 2443 uaslen'um
1118 2409 1266 2437 ordinetur.

994 2456 1108 2489 Concilii
1123 2454 1355 2489 Chalcedonensis
1369 2461 1457 2488 canon
1476 2454 1503 2482 6.

991 2510 1067 2541 CAP.
1082 2509 1205 2545 XXXIV.
1216 2524 1252 2539 τ·-
1266 2508 1307 2541 De
1320 2508 1520 2542 circuitaribus,
1537 2513 1563 2537 et
1578 2508 1696 2536 vicorum
1708 2515 1752 2534 ec-

954 2558 1044 2591 clesiis
1050 2577 1057 2584 -

988 2602 1103 2637 concilii
1118 2601 1266 2636 Laudiceni
1281 2608 1371 2632 canon
1384 2600 1430 2633 57.

993 2647 1101 2683 Tactus.
1115 2647 1210 2681 Const.
1228 2646 1271 2681 II,
1293 2646 1334 2677 tit.
1352 2646 1379 2679 Et,
1401 2645 1449 2677 lib.
1466 2653 1486 2679 ι,
1500 2645 1576 2678 dicit,
1593 2650 1659 2677 ete.,
1670 2650 1752 2678 usque

954 2695 989 2723 ad
1007 2703 1054 2731 per
1070 2694 1199 2723 dominos
1211 2693 1423 2728 compellantur,
1434 2697 1463 2720 ut
1476 2701 1540 2728 pag.
1557 2691 1620 2720 558.

991 2785 1138 2814 Scltolium.
1153 2784 1271 2813 Constit.
1288 2784 1332 2817 Il,
1350 2785 1391 2819 tit.
1407 2784 1435 2818 ᾖ,
1451 2783 1499 2812 lib.
1514 2791 1522 2810 ι
1536 2781 1598 2813 cod.
1611 2780 1699 2815 pasita
1710 2784 1751 2807 est

956 2834 984 2862 in
1005 2833 1054 2861 lib.
1074 2831 1158 2860 Basil.
1173 2831 1200 2866 5,
1217 2839 1278 2867 cap.
1294 2831 1321 2863 6.
1338 2831 1411 2866 quod
1427 2830 1468 2857 sic
1482 2829 1582 2861 habet:
1598 2828 1637 2855 Ex
1651 2826 1747 2859 eodem

956 2881 1028 2916 vico,
1045 2880 1072 2908 in
1092 2887 1147 2915 quo
1155 2883 1198 2908 est
1219 2878 1347 2913 ecclesia,
1370 2877 1521 2911 secundum
1542 2875 1747 2912 proportionem
