1956 3049
206 184 270 217 loci,
278 183 510 221 judicioepiscopi
521 182 614 212 clerici
629 181 809 209 ordinantor:
824 189 856 208 ac
866 180 1004 216 propriam
1020 181 1045 211 Α

207 228 401 263 eapitationem
418 232 601 264 agnoscunto.
613 226 733 254 Constit.
747 225 782 253 l6
791 225 913 260 ejusdem
929 226 970 253 tit.
979 230 1006 253 et

208 274 258 301 lib.
275 274 302 301 in
318 273 402 302 Basil.
414 281 470 301 non
481 278 520 301 est
535 273 635 309 posita.
652 271 770 299 Constit.
784 275 876 298 autem
893 271 979 304 2,tit.
993 271 1006 297 1

208 318 396 350 Novellarum,
427 326 469 348 es:
488 319 595 347 novella
616 317 766 346 Justiniani
788 317 851 350 l25,
865 317 1010 353 positaque

208 371 252 394 est
271 367 298 394 in
315 367 364 394 lib.
375 366 458 395 Basil.
472 374 513 398 ιιι,
527 366 568 394 ιῐι.
582 366 609 398 1,
628 373 689 400 cap.
705 365 750 398 58,
765 365 838 400 quod
851 364 891 392 sic
907 364 1008 392 habet:

210 412 386 446 Ascriptitios
401 421 464 440 vero
480 413 507 440 in
523 413 565 448 his
575 411 642 450 solis
654 411 880 446 possessionibus
891 418 1009 446 quarum

209 457 352 493 ascriptitii
370 463 435 486 sunt
448 478 456 490 .
471 450 590 487 clericos
604 458 673 486 citra
695 458 860 485 voluntatem
882 456 1009 485 domino-

211 512 273 531 rum
300 505 358 532 tieri
380 506 580 534 concedimus:
601 513 633 533 ea
660 509 753 532 tamen
785 504 956 538 conditione,
980 508 1011 532 ut

211 550 306 578 clerici
331 551 396 579 facti
417 552 601 580 nihilominus
623 551 780 586 impositam
803 550 856 578 sibi
874 550 1010 585 agricola-

210 596 313 623 tionem
327 597 504 632 adimpleant.
518 598 596 626 Scias
612 602 715 629 autem,
728 596 801 632 quod
814 597 873 624 hac
888 597 1008 630 novella,

210 649 273 676 qua:
289 643 322 669 de
351 643 510 678 ascriptitiis
528 643 665 680 [tractat]
683 643 765 670 aliter
789 642 894 676 habuit,
917 643 1010 677 prius-

211 695 296 722 quam
318 694 532 724 componeretur
557 697 659 724 corpus
675 688 862 721 Novellarum,
891 692 918 715 et
931 688 1012 716 aliter

212 733 240 760 in
270 742 386 770 corpore
414 735 578 770 scripta,et
605 735 631 762 in
653 734 738 762 Basil.
759 733 929 769 transposita
957 738 1008 761 est.

211 779 300 808 Antea
327 781 400 808 enim
428 787 456 809 et
474 781 651 816 capitationis
675 781 769 816 (quod
801 780 885 808 etiam
921 781 1011 815 capita

212 826 320 855 Latinis
334 827 455 862 dicitur)
472 828 575 855 mentio
596 827 666 855 facta
681 847 689 859 ,
712 832 740 854 et
763 826 932 862 ascriptitios
962 834 1011 862 per

212 873 379 902 substitutos
403 874 505 902 ruralia
523 873 611 902 ollicia
637 873 751 909 exsequi
767 872 1011 909 [debere]statu-

211 924 269 947 tum
282 919 383 948 fuerat.
397 920 427 948 In
441 928 558 956 corpore
572 929 637 949 vero
656 920 666 957 [
678 921 855 949 Novellarum
868 921 878 957 ]
890 921 1010 949 alterum

211 965 334 1000 ipsorum
350 967 394 1002 (de
413 967 580 1002 capitatione
601 967 713 1003 nempe)
737 974 792 994 non
817 973 860 995 est
877 967 1009 1003 positum.

211 1011 384 1048 Quapropter
409 1014 491 1041 etiam
513 1018 648 1050 quantum
672 1014 705 1042 ad
731 1014 926 1050 capilationem
952 1015 1010 1043 sive

211 1060 391 1087 canonarium
417 1060 587 1096 [tributum]
604 1060 712 1093 attinet,
731 1061 765 1088 ad
778 1061 864 1095 legem
883 1062 1010 1097 superius

212 1105 357 1139 insertam,
370 1111 453 1142 atque
475 1107 504 1134 in
532 1107 580 1135 lib.
595 1115 637 1140 Ill,
653 1115 714 1142 cap.
730 1108 757 1140 6,
770 1108 887 1142 positam
901 1117 907 1135 :
926 1116 1009 1142 quan-

211 1155 270 1178 tum
287 1159 353 1179 vero
365 1153 399 1180 ad
414 1153 635 1187 ascriptitios,ad
652 1161 785 1182 canonem
806 1154 839 1181 57
861 1153 1010 1183 Laodiceni

212 1197 334 1230 concilii,
349 1202 377 1225 et
392 1199 526 1226 novellam
539 1198 688 1228 Iustiniani
714 1200 777 1232 125,
791 1200 849 1228 sive
863 1205 946 1236 caput
964 1201 1010 1234 38,

212 1243 255 1270 tit.
273 1243 301 1277 1,
313 1244 362 1271 lib.
383 1253 412 1272 ιιι
428 1245 512 1274 Basil.
528 1246 602 1281 quod
617 1247 712 1275 itidem
729 1248 858 1283 superius
875 1249 1008 1277 insertum

214 1293 267 1322 est,
283 1294 309 1317 te
327 1290 430 1319 referre
445 1291 539 1320 debes.
555 1293 591 1320 De
604 1294 753 1321 canonario
764 1299 855 1322 autem
871 1294 1010 1332 [tributo],

213 1338 241 1361 et
264 1336 513 1365 consuetudinibus
538 1345 599 1369 qua:
623 1346 673 1373 pro
696 1340 872 1368 ordinatione
897 1341 1010 1375 dantur,

213 1379 268 1407 huc
286 1380 434 1417 usque[in
456 1383 616 1420 republica]
642 1385 697 1412 vim
723 1385 804 1413 habet
824 1393 907 1414 aurea
936 1387 1010 1416 bulla

213 1425 330 1454 celebris
357 1427 439 1456 istius
459 1428 634 1465 imperatoris
656 1430 742 1459 lsaaci
766 1431 920 1467 Comneni,
947 1442 1010 1469 qua:

212 1472 312 1506 partim
334 1473 372 1501 ita
396 1473 497 1504 habet:
527 1476 630 1504 Statuit
658 1485 723 1505 vero
749 1478 925 1514 imperatoria
949 1488 1010 1508 mea

213 1517 356 1553 majestas,
374 1525 403 1547 ut
427 1522 509 1549 etiam
537 1522 565 1549 in
592 1523 768 1552 ordinatione
792 1524 968 1553 sacerdotum
985 1531 1049 1561 etc

213 1565 370 1593 canonariis
386 1565 536 1604 [tributis]
554 1573 632 1596 vetus
650 1568 738 1597 forma
757 1571 949 1598 auctoritatem
964 1571 1010 1599 ob-

214 1609 318 1638 tineat:
338 1616 366 1639 et
380 1612 448 1640 nihil
464 1613 492 1641 in
509 1614 685 1643 ordinatione
703 1615 851 1651 episcopus
866 1617 913 1652 qui
937 1617 1010 1645 ordi-

213 1661 272 1689 nat,
288 1658 407 1693 amplius
422 1660 550 1695 accipiat,
570 1668 653 1696 quam
669 1662 870 1697 prazaestimataa
894 1669 1012 1692 monetae

215 1701 402 1738 imperaloria:
426 1713 497 1733 meae
514 1706 670 1741 majestatis
694 1712 798 1743 septem
815 1716 915 1737 aureos
930 1718 1013 1737 nunt-

213 1755 276 1776 mos
288 1749 439 1777 duntaxat:
453 1759 538 1779 unum
554 1753 690 1786 videlicet,
707 1754 816 1789 quando
827 1755 1012 1784 ordinandum

213 1793 298 1822 faciat
336 1795 492 1831 simplicem
534 1806 632 1833 papam
669 1800 727 1827 sive
765 1800 916 1836 lectorem;
946 1807 1011 1835 tres,

213 1841 326 1875 quando
355 1842 466 1870 ordinat
491 1843 658 1876 diaconum;
687 1845 788 1873 alteros
811 1851 877 1880 tres,
901 1848 1012 1882 quando

214 1887 384 1915 sacerdotem
403 1888 462 1916 sive
479 1890 671 1926 presbyterum
690 1892 809 1926 perﬁcit,
828 1893 869 1920 sic
882 1893 1012 1922 similiter

214 1939 265 1967 pro
280 1935 430 1961 canonario
445 1933 585 1972 [tributo]
611 1944 626 1964 a
645 1937 707 1964 vico
721 1938 831 1973 triginta
846 1938 1012 1967 inl'umibula

213 1978 342 2012 habente,
367 1980 484 2009 similem
507 1989 621 2010 aureum
650 1991 733 2011 unum
747 2005 754 2018 ,
777 1990 922 2020 argenteos
933 1986 1013 2019 duos,

213 2025 328 2054 arietem
362 2029 576 2060 unum,hordei
609 2030 716 2057 modios
747 2038 804 2064 sex,
831 2031 886 2059 vini
901 2039 1014 2060 mensu-

213 2079 259 2099 ras
274 2079 333 2104 sex,
349 2072 445 2102 farina:
456 2075 562 2102 modios
579 2083 636 2108 sex,
647 2076 763 2111 gallinas
782 2077 909 2111 triginta:
924 2085 939 2105 a
953 2078 1014 2106 vico

213 2124 281 2144 vero
302 2118 348 2153 qui
370 2118 467 2155 viginti
489 2120 654 2149 iul‘umibula
679 2122 771 2156 habet,
786 2124 862 2151 aurei
891 2123 1013 2157 bessem,

213 2171 264 2199 pro
278 2165 385 2192 duobus
402 2166 539 2202 argenteis
562 2172 723 2203 argenteum
743 2168 847 2204 [unum
859 2168 869 2205 ]
881 2189 887 2201 ,
911 2177 1012 2204 agnum

214 2209 400 2244 dimidiatum,
427 2212 523 2240 hordei
555 2214 663 2242 modios
692 2218 823 2250 quatuor,
848 2215 906 2242 vini
932 2224 1011 2243 men-
1027 2213 1050 2242 D

215 2262 295 2284 suras
314 2261 444 2291 quatuor,
464 2257 562 2286 farina;
578 2260 685 2288 modios
703 2266 832 2296 quatuor,
848 2265 876 2289 et
895 2262 1011 2297 gallinas

213 2300 326 2335 viginti:
356 2310 371 2330 a
396 2303 456 2331 vico
486 2303 606 2339 denique
634 2305 683 2340 qui
715 2307 810 2334 decem
847 2306 1013 2335 infumibula

215 2346 308 2382 habet,
323 2355 469 2385 argenteos
485 2352 622 2387 quinque,
643 2354 781 2389 agnellum
801 2363 901 2388 unum,
917 2355 1013 2384 hordei

219 2394 330 2422 modios
349 2396 431 2427 duos.
451 2398 505 2425 viui
527 2406 672 2428 mensuras
691 2401 771 2435 duas,
791 2400 889 2429 farinae
907 2402 1014 2430 modios

215 2440 297 2474 duos,
312 2446 340 2468 et
356 2443 475 2477 gallinas
490 2444 603 2473 decem:
618 2446 853 2485 quemadmodum
867 2447 948 2483 [113:0
961 2447 970 2484 ]
987 2448 1015 2475 in

215 2491 340 2514 veterum
373 2489 568 2518 Actuariorum
607 2491 707 2527 sigillis
742 2492 825 2520 etiam
859 2494 1014 2529 perscripta

216 2538 292 2561 sunt.
306 2534 397 2570 Atque
421 2535 499 2572 [haec
518 2538 629 2572 quidem
657 2539 831 2576 dandarum]
861 2541 1014 2576 specierum

217 2580 388 2610 conveniens
408 2583 550 2611 ordinatio
571 2584 756 2620 imperatoriae
779 2593 849 2613 mea;
878 2586 1015 2621 :najestati

217 2626 333 2662 placuit.
351 2629 419 2656 Cum
439 2629 491 2657 hac
507 2638 572 2659 vero
588 2638 673 2659 aurea
690 2631 803 2659 formali
834 2631 909 2660 bulla
924 2633 1016 2661 confe-

216 2677 279 2701 ctus
293 2678 334 2701 est
356 2675 438 2702 etiam
456 2676 491 2703 15
504 2677 609 2706 mensis
627 2677 751 2705 Januarii
766 2678 926 2706 indictionis
941 2679 985 2713 10,
1001 2687 1017 2707 a

217 2719 397 2749 sanctissimo
406 2722 453 2750 illo
463 2724 622 2758 patriarcha
631 2724 745 2752 domino
754 2723 868 2752 Nicolao
879 2725 1018 2761 synodalis

217 2768 445 2801 commentarius,
456 2769 502 2804 qui
515 2770 604 2805 jubet,
622 2776 652 2798 ut
661 2770 814 2798 secundum
823 2771 895 2798 hanc
903 2779 1016 2799 auream

223 2811 327 2840 bullam
346 2815 495 2842 canonaria
516 2815 531 2851 ,Ῐ
541 2816 679 2853 tributa],
705 2824 738 2846 ac
767 2824 817 2852 pro
845 2817 1021 2846 ordinatione

221 2857 292 2891 [dari
306 2860 399 2897 solita]
415 2861 525 2891 dentur.

755 124 888 155 PHOTII
909 123 1170 154 PATRIARCHAE
1189 123 1247 154 (ΣΡ,

1027 854 1050 884 Β

1791 120 1858 154 1020

1063 180 1109 207 σία
1125 180 1197 207 κατά
1213 179 1365 214 ἀναλογίαν
1377 179 1432 206 τῶν
1451 179 1549 206 τόπων
1559 177 1689 214 κληρικοὶ
1705 178 1797 214 κρίσει
1814 175 1860 205 τιῦ

1063 226 1216 253 ἐπισκόπου
1237 226 1508 262 χειροτονείσθωσαν,
1535 225 1583 252 καὶ
1603 225 1654 260 τὴν
1671 225 1776 252 οἰκείαν
1800 225 1859 252 ὲπι-

1061 273 1274 308 γινωσκέτωσαν
1287 272 1485 308 κεφαλιτιῶνα.
1506 272 1539 299 Ἦ
1559 271 1596 305 ις’
1613 272 1685 299 διάτ.
1716 271 1764 298 τοῦ
1779 271 1860 298 αὑτοῦ

1062 318 1117 346 τίτ.
1132 318 1181 346 καὶ
1200 318 1303 354 βιϐλίου
1320 319 1370 345 οὐκ
1393 318 1474 353 ὲτέθη
1499 318 1540 349 είς
1560 318 1595 345 τὰ
1619 317 1764 345 Βασιλικά.
1787 317 1820 344 Ἦ
1833 317 1860 344 δὲ

1062 363 1085 400 β’
1100 364 1171 392 διάτ.
1196 364 1243 392 τοῦ
1257 367 1281 391 α’
1295 364 1349 391 τίτ.
1375 364 1430 391 τῶν
1447 363 1564 400 Νεαρῶν
1579 365 1639 390 ἐστι
1656 363 1861 399 νεαράἹουστι-

1061 408 1178 441 νιάνειος
1189 412 1259 444 ρκγ’,
1277 409 1325 436 καὶ
1350 408 1430 444 ὲ.τέοη
1447 409 1487 440 είς
1505 408 1607 444 βιϐλίον
1631 408 1686 436 τῶν
1709 408 1861 435 Βασιλικῶν

1061 459 1096 490 γ’,
1112 455 1165 483 τίτ.
1178 455 1214 489 α’,
1229 464 1293 490 κεφ.
1308 455 1360 492 λη’,
1376 455 1462 488 οὕτως
1477 455 1538 491 ἕχον
1550 464 1557 471 ”
1572 455 1643 487 Τοὺς
1653 455 1861 491 ὲναπογράφους

1061 501 1092 528 ὲν
1104 501 1201 534 αὑταῖς
1218 502 1300 537 μόνον
1326 503 1388 534 ταῖς
1399 502 1530 538 κτήσεσιν
1555 503 1585 529 ὲν
1610 500 1656 534 αἷς
1669 503 1739 529 εἰσιν
1763 502 1860 529 ἐναπό-

1064 555 1178 582 γραφοι,
1200 547 1348 583 κληρικοὺς
1367 548 1415 575 καὶ
1438 548 1514 584 παρὰ
1525 548 1639 583 γνώμην
1652 547 1709 574 τῶν
1726 548 1860 575 δεσποτῶν

1062 593 1186 627 γίνεσθαι
1204 594 1411 630 συγχωροῦμεν,
1428 594 1471 628 ἐφ’
1485 591 1507 628 ᾧ
1523 595 1615 629 μέντοι
1627 593 1698 621 ὥστε
1716 593 1860 630 κληρικοὺς

1064 639 1164 670 αὐτοὺς
1179 640 1340 676 γινομένους
1354 641 1403 675 τὴν
1421 641 1601 677 ἐπικειμένην
1616 640 1709 673 αὐτοῖς
1724 641 1859 676 γεωργίαν

1062 685 1195 721 πληροῦν.
1208 686 1281 722 Πλὴν
1292 687 1411 722 γίνωσκε
1426 687 1468 714 ὅτι
1483 687 1553 722 αὕτη
1567 688 1584 723 ἡ
1598 687 1684 724 νεαρὰ
1698 687 1715 722 ἡ
1729 687 1794 722 περὶ
1809 687 1862 714 τῶν

1062 732 1267 769 ὲναπογράφων
1291 734 1379 766 ἄλλως
1411 732 1469 770 εἶχε
1492 734 1546 770 πρὸ
1573 733 1621 761 τοῦ
1649 733 1814 768 συντεθῆναι
1832 735 1862 760 τὸ

1062 779 1165 811 πλάτος
1177 779 1231 806 τῶν
1246 779 1372 814 Νεαρῶν,
1390 780 1437 806 καὶ
1452 779 1540 812 ἄλλως
1559 779 1668 815 ἐγράφη
1688 780 1728 811 είς
1745 779 1776 805 τὸ
1794 779 1862 807 πλά-

1063 833 1120 857 τος,
1135 824 1184 851 καὶ
1207 824 1339 860 μετετέθη
1373 825 1413 856 είς
1434 825 1468 851 τὰ
1488 824 1622 852 Βασιλικά
1634 833 1642 841 ·
1664 824 1798 860 πρότερον
1816 824 1867 860 μὲν

1069 871 1124 906 γὰρ
1136 871 1305 903 καπιτιῶνός
1322 880 1352 898 τε
1369 871 1511 908 ἐμέμνητο
1525 872 1586 908 ἢτοι
1597 871 1805 906 κεφαλιτιῶνος,
1821 871 1863 898 ὅτι

1066 919 1114 946 καὶ
1126 919 1262 951 καπίτους
1278 921 1294 955 ἡ
1313 919 1420 955 κεφαλὴ
1435 920 1506 947 κατὰ
1526 919 1659 951 Λατίνους
1679 919 1801 953 λέγεται,
1819 920 1867 945 καὶ

1068 965 1102 993 δι’
1125 966 1358 993 ὑποκαταστάτων
1383 966 1551 1002 λειτουργεῖν
1568 968 1631 997 τοὺς
1655 965 1866 1000 ὲναπογράφους

1066 1012 1221 1048 διωρίζετο.
1238 1013 1285 1045 Εἰς
1299 1013 1327 1040 δὲ
1339 1013 1370 1039 τὸ
1385 1012 1488 1044 πλάτος
1503 1013 1552 1039 καὶ
1569 1013 1609 1044 είς
1633 1012 1669 1039 τὰ
1685 1011 1819 1039 Βασιλικὰ
1833 1011 1866 1038 τὸ

1065 1059 1094 1087 ἓν
1110 1059 1140 1091 ἐξ
1155 1059 1247 1087 αὐτῶν
1261 1059 1321 1095 ἦτοι
1347 1060 1398 1095 τῆς
1421 1059 1619 1093 κεφαλιτιῶνος
1631 1059 1682 1086 οὐκ
1699 1058 1792 1093 ἐτέθη.
1817 1058 1865 1084 Διὺ

1065 1108 1113 1135 καὶ
1122 1107 1242 1142 ὀφείλεις
1260 1106 1406 1143 προσέχειν
1422 1107 1503 1142 χάριν
1523 1106 1573 1142 μὲν
1593 1106 1644 1141 τῆς
1666 1105 1862 1140 κεφαλιτιὼνος

1064 1153 1124 1189 1ητοι
1139 1152 1186 1180 106
1201 1153 1344 1180 κανονικοῦ
1359 1153 1398 1188 τῷ
1410 1152 1517 1180 ἀνωθεν
1541 1151 1768 1187 καταστρωθέντι
1790 1151 1865 1186 νόμῳ

1063 1198 1113 1225 καὶ
1142 1198 1261 1233 κειμένῳ
1284 1199 1314 1224 ἐν
1334 1197 1428 1233 βιϐλίῳ
1453 1200 1489 1232 γ’,
1508 1197 1563 1224 τίτ.
1593 1200 1629 1231 γ’,
1645 1205 1708 1231 κεφ.
1729 1199 1767 1229 ς’,
1784 1197 1865 1232 χάριν

1065 1242 1094 1269 δὲ
1121 1242 1177 1269 τῶν
1210 1242 1412 1278 ὲναπογράφων
1447 1242 1488 1278 τῷ
1513 1241 1563 1275 νζ,
1581 1242 1675 1269 κανόνι
1691 1242 1740 1277 τῆς
1751 1243 1781 1268 ἐν
1792 1243 1866 1269 Λαυ-

1064 1289 1154 1325 δικείᾳ
1178 1289 1298 1322 συνόδου,
1325 1290 1372 1316 καὶ
1390 1291 1422 1325 τῇ
1453 1292 1525 1325 ρκγ’.
1546 1288 1754 1324 Ἰουστινιανείῳ
1769 1290 1864 1324 νεαρᾷ,

1065 1336 1150 1371 ἤγουν
1183 1336 1223 1371 τῷ
1256 1335 1298 1372 λη’
1324 1343 1386 1370 κεφ.
1420 1335 1468 1362 τοῦ
1505 1338 1530 1362 α’
1562 1335 1616 1362 τίτ.
1644 1335 1691 1362 τοῦ
1714 1337 1740 1369 γ’
1761 1335 1865 1370 βιϐλίου

1068 1381 1123 1409 τῶν
1155 1382 1328 1414 Βασιλικῶν,
1362 1381 1401 1417 τῷ
1428 1383 1476 1409 καὶ
1502 1381 1608 1409 ἀνωθεν
1631 1381 1863 1416 καταπρωθὲντι.

1067 1427 1161 1464 Χάριν
1174 1427 1204 1455 δὲ
1221 1427 1271 1454 τοῦ
1292 1427 1447 1458 κανονικοῦ,
1461 1427 1510 1453 καὶ
1529 1426 1584 1454 τῶν
1606 1426 1677 1463 ὑπὲρ
1697 1426 1866 1462 χειροτονίας

1067 1473 1217 1508 διδομένων
1232 1472 1393 1509 συνηθειῶν,
1414 1473 1523 1509 ἐνεργεῖ
1544 1472 1626 1508 μέχρι
1640 1472 1687 1499 τοῦ
1705 1473 1752 1500 νῦν
1768 1473 1866 1507 χρυσον

1066 1519 1178 1546 ϐουλλον
1191 1519 1239 1547 τοῦ
1253 1520 1378 1556 ἀοιδίμου
1393 1520 1529 1555 βασιλέως
1544 1519 1649 1555 Κυρίου
1665 1518 1801 1546 Ἰτααχίου
1816 1520 1864 1546 τοῦ

1064 1567 1210 1604 Κομνηνοῦ
1224 1567 1312 1600 οὕτως
1330 1567 1391 1603 ἔχον
1406 1569 1435 1594 εν
1453 1567 1542 1604 μέρει·
1563 1567 1651 1594 Τυποῖ
1666 1567 1695 1594 δὲ
1709 1567 1726 1602 ἡ
1742 1566 1867 1602 βασιλεία

1066 1622 1128 1650 μου,
1142 1614 1191 1641 καὶ
1201 1614 1249 1641 ἐπὶ
1267 1615 1300 1650 τῇ
1314 1613 1469 1650 χειροτονίᾳ
1489 1613 1544 1640 τῶν
1560 1613 1674 1649 ίερέων,,
1697 1612 1745 1639 καὶ
1762 1613 1812 1639 ἐπὶ
1825 1612 1866 1646 τῷ

1065 1659 1201 1696 κανονικῷ
1214 1660 1259 1687 τὺν
1276 1659 1390 1687 παλαιὸν
1402 1660 1525 1696 ἐνεργεῖν
1536 1659 1632 1691 τύπον,
1649 1659 1696 1686 καὶ
1714 1659 1800 1694 μηδὲν
1814 1659 1863 1685 ἐπὶ

1065 1709 1099 1744 τῇ
1126 1707 1280 1744 χειροτονίᾳ
1306 1706 1459 1743 λαμϐάνειν
1479 1705 1560 1732 πλέον
1587 1705 1633 1733 τὸν
1656 1705 1868 1741 χειροτονοῦντα

1065 1753 1161 1780 τοῦτον
1180 1753 1340 1784 ἐπίσκοπον,
1362 1751 1420 1779 ἀλλ’
1436 1751 1453 1788 ἢ
1477 1752 1546 1788 μόνα
1563 1751 1599 1778 τὰ
1619 1752 1641 1784 ζ’
1668 1751 1759 1786 χρυσᾶ
1787 1750 1869 1785 νομί-

1069 1809 1162 1836 σματα
1187 1801 1238 1833 τῆς
1259 1799 1474 1835 προτιμωμένης
1498 1798 1625 1834 χαραγῆς
1647 1797 1699 1832 τῆς
1726 1796 1870 1832 βασιλείας

1070 1855 1132 1882 μου,
1148 1846 1234 1882 ἤγουν
1250 1845 1279 1872 ἓν
1298 1845 1348 1881 μὲν
1362 1845 1407 1872 ὅτε
1426 1846 1500 1871 ποιεῖ
1513 1844 1595 1871 αὑτὸν
1608 1844 1681 1870 λιτὸν
1698 1844 1793 1870 παπᾶν
1808 1844 1871 1878 ἦτοι

1069 1892 1262 1928 ἀναγνώστην,
1279 1891 1344 1928 τρία
1358 1892 1387 1919 δὲ
1400 1891 1444 1918 ὅτε
1464 1892 1614 1927 χειροτονεῖ
1632 1890 1715 1917 αὐτον
1730 1890 1870 1921 διάκονον,

1068 1939 1116 1966 καὶ
1132 1938 1215 1974 ἕτερα
1228 1938 1291 1974 τρία
1300 1939 1344 1965 ὅτε
1361 1938 1461 1973 πληροῖ
1476 1936 1557 1964 αὑτὸν
1569 1936 1655 1972 ἱερέα,
1668 1937 1729 1972 ἦτοι
1745 1937 1872 1972 πρεσϐύ-

1067 1993 1157 2020 τερον.
1180 1984 1320 2016 Ὡσαύτως
1351 1984 1398 2010 καὶ
1420 1983 1490 2018 ὑπὲρ
1506 1982 1554 2009 τοῦ
1576 1982 1720 2009 κανονικοῦ
1743 1982 1800 2009 ἀπὸ
1821 1982 1872 2009 τοῦ

1068 2031 1175 2067 ἔχοντος
1186 2030 1288 2066 χωρίου
1300 2029 1322 2056 λ’
1335 2029 1467 2061 καπνοὺς,
1477 2029 1600 2064 νόμισμα
1610 2027 1638 2055 ἒν
1649 2028 1752 2064 χρυσοῦ
1763 2029 1871 2064 ὅμοιον,

1068 2078 1178 2113 ἀργυρᾶ
1203 2077 1260 2108 δύο,
1282 2075 1360 2112 κριδν
1383 2075 1442 2108 ἕνα,
1464 2075 1571 2111 καρπὸν
1593 2074 1702 2110 μοδίους
1724 2073 1766 2107 ἒξ,
1793 2073 1871 2101 οἴνου

1069 2123 1158 2159 μέτρα
1175 2122 1215 2155 ἒξ,
1232 2122 1350 2158 ἀλεύρου
1367 2122 1446 2158 μόδια
1468 2121 1510 2153 ἓξ,
1528 2120 1577 2148 καὶ
1600 2120 1707 2156 ὀρνίθια
1722 2120 1756 2153 λ’,
1772 2120 1828 2147 ἀπὸ
1842 2120 1873 2146 δὲ

1066 2170 1113 2197 τοῦ
1132 2169 1240 2205 ἔχοντος
1253 2168 1277 2196 κ’
1292 2169 1422 2202 καπνοὺς,
1443 2168 1473 2194 τὺ
1484 2167 1607 2203 δίμοιρον
1621 2167 1668 2194 τοῦ
1686 2167 1871 2202 νομίσματος,

1067 2217 1115 2243 καὶ
1128 2216 1189 2243 ἀντὶ
1203 2216 1258 2242 τῶν
1274 2215 1320 2243 δύο
1332 2214 1462 2251 ἀργυρῶν
1478 2213 1616 2250 ἀργυροῦν
1633 2217 1657 2240 α’
1678 2213 1816 2249 μέσαρνον
1829 2213 1873 2246 ἓν,

1064 2264 1170 2299 καρπὸν
1188 2263 1266 2298 μόδιοι
1289 2261 1321 2297 δ’,
1336 2262 1408 2289 οίνου
1433 2261 1522 2298 μέτρα
1545 2260 1577 2293 δ’,
1594 2260 1710 2296 ἀλεύρου
1733 2261 1815 2296 μόδια
1832 2261 1872 2295 δ’,

1063 2308 1112 2335 καὶ
1125 2308 1230 2344 ὀρνίθια
1243 2307 1279 2334 κ’·
1299 2308 1354 2335 ἀπὸ
1376 2308 1405 2334 δὲ
1421 2307 1470 2334 τοῦ
1488 2307 1597 2343 ἔχοντος
1621 2306 1650 2339 ι’,
1666 2308 1791 2340 καπνοὺς
1807 2317 1868 2343 χω-

1066 2354 1136 2390 ρίου,
1159 2355 1267 2390 ἀργυρᾶ
1284 2353 1315 2386 ε¹,
1340 2354 1409 2390 ἄρνα
1437 2353 1477 2386 ἓν,
1496 2353 1604 2389 καρπὸν
1628 2353 1707 2389 μόδια
1738 2353 1774 2388 β’,
1792 2354 1874 2381 οἴνου

1066 2400 1155 2436 μέτρα
1173 2399 1206 2436 β’,
1231 2400 1348 2436 ἀλεύρου
1365 2400 1445 2436 μόδια
1474 2398 1508 2435 β’,
1535 2400 1583 2427 καὶ
1594 2400 1701 2436 ὀρνίθια
1725 2399 1750 2427 ι’.
1771 2400 1876 2432 Καθὼς

1065 2449 1113 2475 καὶ
1127 2449 1156 2474 ὲν
1171 2441 1228 2480 τοῖς
1254 2447 1383 2483 σιχίλλοις
1398 2447 1454 2474 τῶν
1470 2447 1597 2474 παλαιῶν
1620 2447 1779 2483 πραιτόρων
1802 2448 1876 2474 ἀνα-

1067 2494 1232 2530 γράφονται,
1259 2493 1307 2520 καὶ
1323 2494 1340 2529 ή
1369 2493 1516 2529 σύμφωνος
1543 2493 1693 2525 κατάθεσις
1716 2493 1772 2519 τῶν
1800 2493 1877 2522 ὅλων

1068 2538 1225 2574 θεματικῶν
1240 2538 1398 2575 παρέστησε
1410 2540 1444 2573 τῇ
1461 2538 1587 2574 βασιλείᾳ
1611 2546 1672 2573 μου.
1689 2538 1743 2565 Σὺν
1755 2538 1797 2574 τῷ
1811 2547 1876 2566 τοι-

1068 2586 1140 2622 ούτῳ
1157 2586 1185 2613 δὲ
1205 2586 1397 2623 χρυσοϐούλλῳ
1413 2586 1522 2613 τυπιχῶ
1535 2586 1631 2621 γέγονε
1644 2586 1692 2614 καὶ
1718 2587 1878 2622 σημείωμα

1070 2633 1210 2660 συνοδικδν
1224 2633 1297 2660 κατά
1315 2633 1365 2668 τὴν
1386 2631 1416 2659 ιε’
1428 2632 1477 2659 τοῦ
1489 2632 1647 2668 Νοεμϐρίου
1664 2632 1750 2668 μηνὸς
1773 2633 1826 2668 τῆς
1844 2631 1882 2671 t',_

1072 2679 1230 2711 ίνδικτιόνος
1241 2679 1318 2715 παρὰ
1334 2679 1382 2706 τοῦ
1402 2679 1557 2714 ἁγιωτάτου
1572 2679 1680 2706 ἐκείνου
1694 2678 1877 2714 πατριάρχου

1071 2726 1167 2762 κυρίου
1179 2725 1315 2753 Νικολάου
1334 2725 1593 2761 παρακελευόμενον
1608 2724 1680 2752 κατὰ
1699 2725 1731 2751 τὸ
1744 2724 1878 2752 τοιοῦτον

1071 2771 1269 2808 χρυσόϐουλλον
1295 2772 1415 2800 δίδοσθαι
1442 2771 1478 2799 τὰ
1501 2771 1642 2805 κανονικὰ,
1661 2771 1709 2798 καὶ
1736 2770 1772 2798 τά
1798 2771 1880 2807 ὑπὲρ

1073 2818 1252 2854 χειροτονίας.

1073 2905 1096 2913 ν,
1110 2907 1112 2909 .
