1956 3049
128 162 194 197 1021
513 165 758 198 NOMOCANON.
777 179 813 185 —
830 166 906 198 TIT.
927 167 953 205 Ι,
974 167 1055 199 CAP.
1073 167 1191 208 XXXV,
1211 169 1346 202 XXXVI.
1711 171 1780 204 1022

161 223 331 259 Σημείωσαι.
351 223 515 258 Ἀναγκαῖον
533 223 578 251 διὰ
589 223 623 251 τὰ
639 223 797 260 ζητούμενα
811 224 945 252 κανονικὰ
955 225 1032 260 παρὰ
1046 225 1101 253 τῶν
1113 226 1277 262 ἀρχιερέων,
1288 227 1337 254 καὶ
1346 226 1385 263 μὴ
1393 227 1523 263 διδόμενα
1536 228 1612 261 τσως,
1629 229 1656 257 οι
1669 229 1779 261 πλείους

125 269 181 306 γὰρ
199 268 255 296 τῶν
279 269 383 296 λαῖκῶν
394 270 424 296 οὐ
446 269 550 297 διδόασι
569 269 725 302 καλοοελῶς
750 270 819 305 πρὸς
833 271 898 302 τοὺς
920 271 1059 307 ἀρχιερεῖς
1074 272 1166 299 αὐτῶν
1190 273 1224 299 τὰ
1247 273 1379 300 κανονικὰ
1393 273 1530 308 ,λέγοντες
1546 275 1577 302 τὺ
1600 276 1780 311 εὐαγγελικὺν

127 316 213 352 ῥῆμα,
229 316 347 351 Δωρεὰν
359 315 493 349 ἐλάϐετε,
509 315 625 351 δωρεὰν
642 316 722 350 δότε,
745 316 816 352 ὅπερ
835 317 910 344 ἐστὶν
937 317 1085 354 ἀμέτοχον,
1098 318 1159 345 οὐδὲ
1174 318 1229 355 γάρ
1244 319 1304 346 ἐστι
1328 320 1425 355 μισθὸς
1440 320 1471 348 τὺ
1485 321 1567 357 χάριν
1591 322 1646 349 ἀπὸ
1675 324 1780 359 τροφῆς

125 362 265 399 διδόμενον
284 362 323 398 τῷ
337 362 472 399 ἀρχιερεῖ.

160 421 288 449 ΚΕΦΑΔ.
302 423 312 450 l
324 419 388 447 AE’.
409 419 481 454 Περὶ
509 419 565 447 τοῦ
591 418 652 447 ὑπὸ
670 419 726 446 τὸν
747 419 919 446 ἐπίσκοπον

1009 419 1088 448 CAP.
1110 420 1221 448 XXXV.
1232 436 1268 442 —
1283 421 1319 449 Ut
1337 423 1514 457 ptocltiorum,
1542 426 1777 454 monasteriorum.

125 467 183 502 τῆς
194 467 313 500 πόλεως
326 464 404 494 εἷναι
417 465 490 498 τοὺς
500 465 665 500 κληρικοὺς
679 464 740 492 τῶν
753 465 921 500 πτωχείων,

126 514 176 541 καί
191 512 417 548 μοναστηρίων,
437 511 488 539 καί
499 511 681 546 μαρτυρίων.

127 573 133 592 ς
163 559 279 586 Συνόδου
294 557 469 594 Χαλκηδόνος
485 557 577 585 κανὼν
593 561 630 593 η’.

161 605 291 634 ΚΕΦΔΛ.
310 605 382 638 AG’.
397 619 432 625 ——
447 604 518 638 Περὶ
532 603 653 632 δούλων
669 604 897 641 κληρουμένων.

168 650 340 678 ’Δποστόλων
355 649 446 677 κανὼν
458 649 513 684 «ιβ’.

161 697 317 731 Κείμενον.
342 694 375 721 'ﬂ
387 694 433 727 λς’
447 694 580 727 διάταξιςῖ,
594 693 642 722 τοῦ
659 697 685 729 γ’
696 694 763 728 τίτ.,
775 694 824 723 τοῦ
838 695 863 724 α’
880 696 923 731 βι-

126 741 203 770 ϐλίου
212 741 259 769 τοῦ
269 741 384 774 κώδικος
397 741 490 777 φησιν,
509 749 536 769 κ.
554 750 580 768 τ.
598 741 636 775 λ.,
651 749 739 777 usque
753 742 787 770 ad
803 743 922 776 ὑπεξου-

126 789 262 824 σιότητος.

162 834 303 868 Σχόλιον.
327 834 357 861 '0
372 837 396 869 γ’
412 835 467 863 τίτ.
494 836 542 863 τοῦ
560 836 584 863 α’
613 836 718 872 βιϐλίου
743 836 791 864 τοῦ
806 837 923 869 κώδικος

126 881 206 916 ἐτέθη
221 881 251 908 ὲν
267 880 362 916 βιϐλίῳ
375 881 401 915 Υ
414 881 468 908 τῶν
494 883 647 910 Βασιλικῶν
676 892 740 918 κεφ.
759 883 793 919 β’.
807 883 881 920 Πλὴν
893 884 924 910 τὸ

126 936 190 962 κεφ.
217 927 297 954 τοῦτο
328 927 498 963 παρελείφθη
523 929 563 960 είς
582 929 633 963 τὴν
657 929 859 964 ἀνακάθαρσιν,
875 929 923 956 καὶ

125 974 177 1001 οὐκ
194 974 286 1009 ἐτέθη.
313 974 346 1001 Ἦ
359 973 381 1010 β’
392 974 463 1002 διάτ.
488 974 536 1001 τοῦ
549 978 574 1001 α’
587 975 640 1002 τίτ.
657 975 713 1002 τῶν
739 975 855 1010 Νεαρῶν
864 976 923 1002 ἐστι

125 1021 213 1056 νεαρὰ
233 1021 450 1053 Ἰουστινιάνειος
471 1024 543 1057 ρκγ’.
567 1022 624 1049 Καὶ
650 1022 731 1057 ἐτέθη
755 1022 796 1054 είς
820 1022 924 1058 βιϐλίον

125 1066 181 1093 τῶν
201 1065 354 1093 Βασιλικῶν
374 1069 410 1101 γ’,
432 1066 486 1094 τίτ.
507 1070 543 1100 α’,
557 1075 621 1100 amp.
637 1067 680 1100 λζ,
694 1067 781 1099 οὕτως
802 1067 924 1102 ἐχον,ὡ;

973 471 999 493 et
1016 466 1210 502 martyriorum
1225 466 1316 495 clerici
1330 467 1378 495 sub
1397 470 1519 506 episcopo
1534 471 1654 499 civitatis
1670 472 1736 508 sint.
1769 498 1775 508 ,

1008 558 1124 586 Concilii
1139 557 1372 589 Chalcedonensis
1385 568 1447 596 cap.
1462 560 1491 589 8.

1008 604 1084 633 CAP.
1102 604 1223 633 XXXVI.
1239 620 1275 625 -—
1290 605 1328 632 De
1342 607 1424 634 seruis
1438 607 1485 642 qui
1500 607 1592 635 clerici
1604 608 1686 643 ﬁunt.

1009 651 1206 685 Apostolorum
1223 658 1314 679 canon
1334 651 1380 679 82.

1011 695 1120 724 Textus.
1131 695 1226 725 Const.
1240 697 1285 729 56,
1302 697 1344 725 tit.
1360 698 1447 730 5,]ἰ1ι.
1468 706 1476 726 I
1491 699 1552 729 cod.
1572 700 1622 734 ait,
1655 708 1776 736 servum,

973 746 1038 775 etc.,
1051 750 1133 778 usque
1147 743 1181 770 ad
1197 742 1260 778 quis
1274 742 1415 777 liberetur,
1429 749 1457 771 ut
1470 753 1533 781 pag.
1552 745 1616 774 559.

1011 837 1159 866 Scholium.
1174 838 1229 867 Tit.
1242 840 1270 872 5,
1283 839 1332 868 lib.
1349 848 1357 867 ι
1373 841 1434 868 cod.
1450 841 1558 876 positus
1579 846 1621 870 est
1639 842 1666 870 in
1685 842 1733 871 lib.
1748 844 1776 870 ni

975 882 1058 911 Basil.
1080 890 1141 918 cap.
1168 883 1196 910 2.
1217 883 1413 912 Verumtamen
1435 886 1487 913 hoc
1504 893 1566 921 cap.
1595 886 1622 913 in
1647 894 1779 922 repurga-

975 929 1050 956 tione
1064 929 1209 960 omissum,
1227 935 1256 957 et
1268 937 1323 957 non
1345 931 1466 965 positum
1479 934 1532 958 est.
1548 931 1645 959 Const.
1661 932 1680 959 2
1703 932 1745 959 tit.
1761 933 1775 959 1

974 974 1162 1007 Novellarum,
1180 979 1224 1003 est
1248 976 1354 1003 novella
1374 975 1523 1004 Justiniani
1546 977 1610 1010 125,
1631 978 1778 1013 positaque

975 1025 1017 1048 est
1033 1021 1060 1048 in
1079 1021 1127 1049 lib.
1149 1020 1232 1049 Basil.
1251 1029 1294 1052 ιιι,
1314 1021 1355 1049 tit.
1384 1022 1409 1054 1,
1431 1029 1492 1057 cap.
1511 1022 1556 1056 57,
1576 1024 1650 1058 quod
1671 1024 1712 1051 sic
1726 1024 1778 1050 ha-

976 1067 1031 1100 bet,
1052 1067 1090 1094 uti
1113 1067 1140 1094 in
1164 1067 1329 1102 compendio
1350 1068 1520 1103 propositum
1543 1073 1597 1096 est.
1620 1068 1699 1102 Quod
1712 1077 1778 1096 vero

127 1111 296 1146 συνωψίσθη.
311 1112 348 1138 Τὸ
364 1112 393 1138 δὲ
405 1111 619 1147 ὲλευθεροῦσθαι
635 1113 699 1145 τοὺς
711 1100 919 1148 ἐναπογράφους

975 1113 1122 1147 aseriptitii
1155 1100 1328 1146 liberentur,
1351 1100 1418 1149 pars
1449 1117 1492 1142 est
1517 1100 1642 1149 ejusdem
1665 1114 1779 1142 novella:

128 1156 213 1192 μέρος
241 1157 300 1183 ἐστὶ
326 1157 376 1192 τῆς
401 1157 488 1191 αὐτῆς
512 1161 572 1194 ρκγ¹
592 1159 704 1193 νεαρᾶς,
732 1159 781 1186 καὶ
796 1159 877 1194 ἐτέθη
893 1159 919 1186 ὲν

979 1159 1043 1190 125.
1059 1159 1236 1194 positumque
1251 1163 1295 1187 est
1311 1159 1339 1186 in
1360 1160 1408 1188 lib.
1428 1159 1514 1187 Basil.
1542 1168 1584 1193 ιιι,
1610 1160 1653 1188 tit.
1670 1160 1697 1194 1,
1714 1168 1776 1196 cap.

127 1200 224 1236 βιϐλίῳ
234 1199 259 1235 γ’
269 1201 325 1228 τῶν
351 1202 505 1229 Βασιλικῶν
531 1202 584 1230 τίτ.
604 1202 641 1236 α’,
658 1212 724 1238 κεφ.
755 1203 803 1236 ια’,
832 1203 919 1240 ἔχοντι

979 1205 1024 1236 11,
1040 1205 1112 1239 quod
1128 1205 1169 1233 sic
1184 1205 1266 1232 habet
1285 1214 1291 1232 :
1317 1204 1383 1233 Post
1407 1205 1610 1233 ordinationem
1633 1213 1698 1234 vero
1719 1214 1778 1234 ser-

125 1248 213 1280 οὓτως
226 1255 234 1264 ⁸
245 1248 325 1275 Μετὰ
337 1248 365 1275 δὲ
375 1248 425 1284 τὴν
436 1249 606 1285 χειροτονίαν
618 1250 666 1278 καὶ
685 1250 811 1284 δουλικῆς
827 1253 926 1278 ἐναπο-

126 1292 235 1329 γράφου
258 1292 345 1328 τύχης
377 1295 441 1324 τοὺς
469 1293 637 1325 ἐπισκόπους
660 1291 733 1321 εἶναι
760 1294 923 1330 ἐλευθέρους

125 1338 286 1373 κελεύομεν,
302 1338 327 1365 εί
343 1337 382 1374 μὴ
396 1338 537 1374 ταξεώτης
549 1339 627 1374 παρὰ
644 1338 695 1375 τὴν
711 1340 920 1376 προειρημένην

125 1384 331 1421 χειροτονηθείη
344 1385 550 1420 παρατήρησιν.
565 1385 635 1416 Τοὺς
649 1385 704 1421 γὰρ
717 1385 857 1418 τοιούτους
873 1386 924 1422 τῆς

126 1431 281 1466 ἐπισκοπῆς
296 1431 531 1466 ἁποκινουμένους
545 1433 580 1468 τῇ
590 1431 667 1464 τάξει
682 1431 922 1460 ἀποκαθίστασθαι

125 1477 286 1514 κελεύομεν,
304 1478 349 1506 ἵνα
370 1479 409 1514 μὴ
431 1479 465 1506 ὲκ
484 1479 534 1514 τῆς
547 1479 676 1515 τοιαύτης
691 1479 778 1516 τύχης
796 1482 830 1516 τῇ
844 1481 924 1517 ἱερω-

126 1525 195 1562 σύνῃ
211 1525 291 1562 ὓὸρις
312 1525 437 1561 γίνηται.
464 1524 496 1552 Ἦ
518 1525 610 1561 μέντοι
637 1525 684 1553 πα¹
704 1526 923 1558 Ἰούστινιάνειος

125 1570 210 1607 νεαρὰ
226 1572 316 1598 κεῖται
333 1572 374 1603 είς
389 1571 492 1607 βιϐλίον
504 1570 545 1599 λα’
565 1571 622 1599 τῶν
652 1571 808 1600 Βασιλικῶν
823 1573 877 1600 τίτ.
889 1572 922 1607 ε’,

125 1628 189 1655 κεφ.
203 1618 239 1652 α’,
267 1619 356 1652 οὕτως
379 1619 441 1656 ἕχον
461 1620 527 1655 περὶ
549 1619 600 1656 τὴν
623 1620 722 1656 ἀρχήν·
749 1620 923 1656 Θεσπίζομεν

123 1666 188 1699 τούς
204 1674 234 1693 τε
247 1665 408 1702 ὲμὸάθμους
426 1667 558 1698 ὑπάτους.
573 1667 630 1694 Καὶ
653 1667 697 1702 ἐφ’
716 1666 782 1702 ἑξῆς
799 1675 923 1703 παρακε-

123 1712 233 1740 λεύεται
249 1713 266 1748 ἡ
280 1711 351 1749 αὐτὴ
362 1712 446 1747 νεαρὰ
462 1712 506 1739 ἵνα
519 1712 621 1745 πάντες
635 1713 661 1739 οι
676 1712 859 1748 ἀξιωματικοὶ
872 1712 922 1740 καὶ

979 1250 1027 1277 vili
1056 1249 1275 1284 ascriptitiorutn
1301 1251 1412 1278 fortuna
1436 1251 1582 1286 episcopos
1597 1251 1701 1279 liberos
1717 1258 1779 1279 esse

976 1297 1108 1332 juhemus
1124 1306 1131 1324 :
1147 1297 1200 1325 nisi
1219 1298 1372 1325 cohortalis
1389 1303 1489 1332 praeter
1506 1297 1664 1332 praedictam
1683 1297 1778 1326 obser-

978 1344 1116 1371 vationem
1139 1344 1285 1371 ordinatus
1313 1343 1360 1372 sit.
1388 1343 1530 1378 Ejusmodi
1557 1344 1631 1371 enim
1656 1347 1777 1371 remotos

977 1390 1013 1418 ab
1029 1390 1189 1425 episcopatu
1214 1389 1323 1417 cohorti
1351 1397 1410 1417 suae
1438 1389 1546 1417 restitui
1572 1389 1715 1424 iubemus.
1741 1398 1776 1417 ne

976 1443 1032 1471 qua
1048 1443 1081 1463 ex
1094 1435 1140 1463 tali
1159 1434 1270 1463 fortuna
1287 1435 1443 1464 sacerdotio
1462 1436 1606 1463 oboriatur
1631 1441 1776 1464 contume-

976 1483 1024 1511 lia.
1050 1482 1184 1511 Caeterum
1199 1481 1348 1510 Iustiniani
1374 1482 1405 1510 81
1426 1482 1536 1510 novella
1566 1482 1654 1518 posita
1679 1487 1723 1511 est
1746 1484 1774 1510 in

976 1529 1026 1558 lib.
1041 1537 1105 1557 xm
1117 1528 1200 1556 Basil.
1218 1529 1261 1556 tit.
1273 1528 1301 1561 5,
1316 1536 1376 1564 cap.
1394 1528 1421 1560 1.
1438 1529 1512 1564 quod
1529 1529 1569 1558 sic
1586 1530 1613 1557 in
1632 1529 1710 1558 initio
1726 1530 1777 1558 ba-

976 1575 1023 1603 bct
1038 1585 1045 1603 :
1067 1575 1227 1608 Sancimus,
1241 1578 1271 1602 ut
1290 1574 1423 1602 ordinarii
1438 1575 1577 1603 consules.
1594 1576 1633 1603 Ac
1647 1575 1776 1611 deinceps

971 1621 1051 1657 jubet
1074 1621 1168 1649 eadem
1190 1621 1311 1655 novella,
1342 1624 1373 1648 ut
1401 1621 1562 1657 quicunque
1589 1622 1777 1657 magistratus,

973 1667 1120 1703 dignitates
1143 1672 1170 1695 et
1194 1665 1285 1694 ofﬁcia
1304 1666 1394 1700 habet,
1409 1667 1452 1694 sui
1467 1667 1539 1702 juris
1566 1667 1613 1700 sit,
1636 1668 1745 1695 tametsi
1760 1676 1776 1696 a

973 1719 1050 1750 patre
1069 1713 1258 1748 emancipatus
1284 1721 1338 1741 non
1367 1713 1461 1741 fuerit.
1488 1714 1570 1749 Atqui
1599 1713 1626 1745 9.
1655 1713 1708 1745 10,
1730 1715 1775 1747 tl,

123 1759 149 1786 οἱ
163 1758 272 1794 ἔχοντες
295 1758 411 1793 όφφίκια
438 1758 570 1794 ἄρχοντες
590 1758 760 1791 αὐτεξούσιοι
777 1756 840 1792 ὦσι,
867 1759 919 1786 κᾶν

975 1760 1147 1796 imperatoris
1165 1759 1269 1788 domini
1293 1759 1393 1787 Leonis
1418 1759 1579 1795 Philosophi
1595 1759 1713 1788 Novella!
1729 1759 1776 1795 ju-

122 1803 174 1838 τῆς
203 1803 342 1839 πατρικῆς
363 1803 456 1839 χειρὸς
472 1804 523 1830 οὐκ
535 1803 657 1838 ἔφθασαν
681 1804 863 1839 ἀπολυθῆναι.
887 1805 919 1831 'H

124 1850 218 1886 μέντοι
244 1849 278 1883 θ’,
294 1849 310 1877 ι’
339 1850 387 1876 καὶ
414 1849 449 1878 ια’
474 1851 559 1885 νεαρὰ
585 1850 633 1877 τοῦ
663 1850 796 1886 βασιλέως
823 1851 919 1886 κυρίου

122 1896 241 1929 Λέοντος
255 1895 303 1923 τοῦ
318 1896 468 1931 Φιλοσόφου
493 1896 730 1932 παρακελεύονται
751 1898 797 1925 τὸν
813 1898 920 1933 κληρω-

122 1941 205 1968 οέντα
216 1941 308 1968 δοῦλον
326 1941 355 1968 ὲν
370 1941 468 1977 ἀγνοίᾳ
491 1941 538 1968 τοῦ
554 1941 697 1975 δεσπότου,
714 1942 784 1970 ἀλλὰ
801 1942 855 1978 μὴν
869 1942 918 1970 καὶ

120 1987 168 2014 τὸν
183 1987 340 2022 μονάσαντα
354 1987 402 2014 καὶ
420 1987 466 2013 τὸν
481 1988 613 2022 γεγονότα
627 1988 777 2016 ἐπίσκοπον
792 1989 919 2016 ἀποκαθ-

123 2032 251 2060 ίστασθαι
268 2031 306 2068 τῷ
320 2031 447 2068 προτέρῳ
461 2031 591 2068 δεσπότῃ.
610 2033 645 2060 Σὺ
662 2033 727 2067 γοῦν
752 2033 846 2068 μαθὼν
864 2032 920 2060 ἀπὸ

120 2077 170 2106 τοῦ
183 2081 217 2105 ια’
229 2087 292 2113 κεφ.
305 2078 354 2105 τοῦ
364 2077 388 2104 α’
413 2077 504 2104 τίτλου
519 2078 567 2105 τοῦ
583 2077 607 2113 γ’
621 2079 726 2114 βιϐλίου
741 2079 796 2106 τῶν
810 2079 920 2106 Βασιλι-

121 2124 190 2157 κῶν,
208 2125 250 2151 ὄτι
262 2124 309 2151 καὶ
325 2124 451 2160 ὼυλικῆς
462 2125 655 2161 ἑναπογράςρου
665 2125 751 2160 τύχης
763 2127 787 2152 οἱ
803 2126 918 2152 ἐπισκο-

121 2170 197 2206 πικῷ
208 2171 390 2206 τετιμημένοι
398 2170 533 2207 ἀξιώματι
542 2171 774 2207 ἐλευθεριάζουσι,
788 2171 826 2208 μὴ
838 2173 919 2199 ὲναν-

120 2217 224 2253 τιωθῇς
238 2217 278 2253 τῷ
285 2216 324 2249 λζ’
340 2226 403 2253 κεφ.
417 2217 465 2244 τοῦ
475 2217 558 2245 αὐτοῦ
571 2217 624 2245 τίτ.
639 2218 686 2245 καὶ
694 2217 810 2253 βιὸλίου,
823 2217 918 2252 λέγον-

118 2271 159 2297 τι,
179 2264 217 2298 μὴ
225 2262 314 2295 ἄλλως
324 2263 369 2290 τὸν
379 2262 472 2291 δοῦλον
489 2263 701 2300 ὲλευθεροῦσθαι
711 2263 764 2291 κᾶν
774 2263 916 2301 κληρωθῇ,

119 2309 146 2336 εί
177 2309 217 2345 μὴ
241 2309 476 2346 παρακολουθήσει
498 2310 546 2338 καὶ
571 2309 619 2337 τοῦ
646 2310 780 2337 δεσπότου
799 2311 916 2347 εἴδησις,

119 2356 192 2386 ἀλλὰ
206 2356 280 2384 κατὰ
291 2355 370 2383 τοῦτο
381 2356 436 2383 νόει
453 2356 502 2384 καὶ
523 2357 611 2384 ἐκεῖνο
637 2356 668 2384 τὸ
684 2365 749 2391 κεφ.
762 2357 787 2384 οί
803 2357 858 2393 γὰρ
872 2357 915 2384 λέ-

119 2412 228 2439 γοντες,
242 2403 282 2430 ὃτι
297 2402 342 2430 διὰ
366 2402 397 2439 τὸ
423 2403 474 2438 τῆς
500 2404 653 2439 ἐπισκοπῆς
673 2403 785 2438 ἀξίωμα
807 2403 918 2430 ἐλευθε-

981 1808 1065 1840 bent,
1081 1811 1111 1834 ut
1130 1807 1177 1842 qui
1189 1814 1285 1834 servus
1303 1805 1445 1841 ignorante
1459 1806 1572 1833 domino
1588 1810 1635 1833 aut
1649 1805 1776 1835 clericus.

978 1857 1026 1881 aut
1040 1853 1204 1884 monachus,
1221 1856 1269 1879 aut
1291 1851 1437 1887 episcopus
1462 1850 1554 1880 factus
1572 1850 1666 1884 fuerit,
1682 1851 1705 1879 is
1719 1851 1774 1886 pri-

978 1900 1051 1929 stino
1076 1899 1188 1927 domino
1221 1897 1394 1926 restituatur.
1421 1898 1461 1924 Tu
1487 1897 1572 1933 igitur
1600 1897 1646 1925 ubi
1674 1905 1708 1924 ex
1741 1897 1771 1924 11

976 1953 1037 1979 cap.
1053 1944 1096 1972 tit.
1114 1944 1126 1970 1
1141 1943 1189 1970 lib.
1212 1949 1243 1969 tu
1270 1941 1354 1969 Basil.
1370 1941 1502 1973 didicisti,
1530 1941 1622 1968 servili
1646 1940 1775 1976 ascripti-

978 1989 1078 2016 liorum
1119 1988 1237 2015 fortunae
1263 1986 1418 2018 obnoxios,
1443 1991 1593 2020 posteaque
1627 1985 1775 2020 episcopali

976 2035 1110 2070 dignitate
1126 2033 1229 2061 fuerint
1245 2032 1385 2065 honorati,
1409 2032 1512 2059 liberos
1527 2039 1588 2059 esse
1604 2041 1611 2058 :
1628 2039 1662 2058 ne
1676 2031 1775 2058 adver-

975 2081 1045 2110 seris
1061 2080 1097 2108 59
1109 2088 1169 2116 cap.
1183 2079 1306 2114 ejusdem
1320 2078 1363 2105 tit.
1375 2082 1402 2105 et
1414 2077 1542 2112 lih.qttod
1557 2085 1612 2105 non
1628 2077 1707 2105 aliter
1717 2084 1775 2105 ser-

974 2134 1051 2157 vum.
1067 2124 1177 2153 tametsi
1191 2124 1310 2152 clericus
1325 2123 1418 2151 factus
1431 2123 1478 2154 sit,
1491 2123 1608 2150 liberum
1624 2123 1681 2150 fieri
1696 2122 1774 2157 dicit,

974 2172 1091 2208 quam'si
1101 2171 1206 2200 domini
1215 2170 1336 2206 cognitio
1347 2169 1393 2206 [ad
1404 2177 1464 2197 eam
1478 2168 1548 2206 rem]
1556 2169 1703 2197 accesserit
1711 2178 1717 2197 :
1726 2169 1774 2197 sed

975 2219 1127 2248 secundum
1141 2217 1193 2245 hoc
1208 2217 1274 2245 illud
1287 2216 1368 2244 etiam
1379 2220 1461 2251 caput
1476 2216 1622 2251 intelligas.
1633 2214 1772 2250 Siquidem

975 2267 1022 2302 qui
1037 2272 1158 2296 servum,
1168 2264 1229 2292 licet
1243 2267 1343 2299 praeter
1354 2263 1523 2290 voluntatem
1545 2261 1648 2289 domini
1666 2262 1775 2296 episco-

975 2320 1039 2348 pum
1052 2310 1165 2343 factum,
1175 2309 1324 2337 etiiberum
1331 2316 1392 2336 esse
1403 2308 1498 2336 dicunt
1508 2315 1515 2334 :
1526 2315 1581 2335 non
1589 2311 1661 2335 recte
1667 2307 1772 2335 dicunt.

976 2357 1035 2386 Ποο
1052 2363 1172 2392 namque
1188 2359 1271 2390 caput
1287 2363 1319 2382 ex
1338 2356 1489 2390 posteriore
1505 2353 1593 2389 capite
1610 2354 1775 2389 interpreta-

975 2407 1077 2434 tionem
1097 2403 1207 2440 accipit.
1225 2403 1332 2431 Etenim
1360 2401 1540 2438 [quanquam]
1556 2401 1636 2429 ambo
1649 2400 1773 2436 ejusdem

121 2451 218 2487 ροῦται
244 2450 259 2476 ὁ
283 2449 378 2481 δοῦλος
405 2448 456 2476 κᾶν
484 2450 561 2485 παρὰ
577 2449 692 2485 γνώμην
709 2449 757 2476 τοῦ
782 2449 916 2477 δεσπότου

975 2451 1084 2479 novellae
1094 2450 1163 2481 sint,
1175 2449 1290 2476 omnino
1302 2447 1420 2484 [tamen]
1431 2455 1444 2474 ο
1458 2447 1620 2483 posteriore,
1630 2454 1729 2480 nempe
1737 2446 1773 2473 57

119 2497 274 2527 ἐπίσκοπος
289 2495 460 2531 γένηταινού
484 2495 576 2528 καλῶς
588 2495 724 2530 λέγουσιν.
747 2495 916 2532 Ἐρμηνεύε-

118 2550 166 2569 ται
181 2540 274 2577 γὰρτὸ
291 2540 412 2568 τοιοῦτον
425 2549 488 2575 κεφ.
501 2540 557 2568 ἀπὸ
571 2540 618 2568 τοῦ
628 2541 671 2575 ἐφ’
686 2540 750 2576 ἑξῆς
773 2549 838 2576 κεφ.
852 2541 918 2577 μιᾶς

118 2588 177 2624 γάρ
193 2589 248 2615 εἰσι
261 2588 361 2623 νεαρᾶς
376 2587 425 2614 καὶ
440 2587 597 2623 ἀμφότερα,
613 2587 662 2614 καὶ
675 2587 786 2618 πάντως
799 2587 855 2614 ἀπὸ
868 2586 917 2614 τοῦ

121 2633 361 2669 μεταγενεστέρου
379 2633 440 2669 ἢτοι
453 2633 502 2660 τοῦ
519 2632 558 2666 λζ’
576 2642 640 2668 κεφ.
653 2633 683 2660 τὸ
697 2633 916 2669 προγενέστερον

121 2690 186 2716 κεφ.
205 2681 266 2716 ἦτοι
282 2680 315 2707 τὸ
335 2679 370 2707 ια’
385 2680 632 2716 ἑρμηνευθήσεται.
656 2680 689 2707 Αἱ
703 2679 811 2715 Νεαρει.)⁵
826 2679 854 2706 δὲ
870 2679 918 2707 τοῦ

122 2726 259 2763 βασιλέως
273 2726 370 2762 κυρίου
385 2725 501 2758 Λέοντος
511 2725 558 2752 τοῦ
567 2725 667 2760 Σοῳοῦ,
685 2726 718 2758 ἃς
732 2727 780 2753 καὶ
793 2726 919 2761 ἀνάγνω-

122 2775 150 2800 οι
167 2774 228 2810 μετ’
236 2773 409 2807 ἐπιμελείας,
423 2773 471 2800 καὶ
482 2773 529 2799 τὸν
540 2772 727 2808 κληρωθέντα,
745 2773 792 2800 καὶ
804 2773 851 2800 τὸν
866 2782 918 2808 μο-

122 2820 309 2853 νάσαντα,καὶ
323 2820 369 2846 τὸν
381 2819 531 2846 ἰπίσκοπον
547 2819 678 2854 γεγονότα
689 2820 783 2848 δοῦλον
795 2820 903 2848 ἀποκαθ

123 2867 219 2894 ιπῶσι
245 2866 315 2901 πρὸς
340 2865 390 2902 τὴν
417 2865 553 2903 προτέραν
571 2865 699 2903 δουλικὴν
724 2866 824 2902 τύχην,
839 2865 873 2894 ἂν
890 2867 920 2894 ὲν

123 2912 222 2948 ἀγνοίι.
239 2912 289 2940 τοῦ
302 2911 435 2940 δεσπότου
448 2912 569 2941 τοιούτου
579 2912 651 2946 τινὸς
665 2913 679 2941 ό
695 2912 789 2946 δοῦλος
803 2912 917 2950 ἀξιωθῇ.

967 2498 1074 2533 capite,
1097 2496 1196 2531 prius.
1215 2503 1314 2530 nempe
1341 2494 1372 2521 11
1399 2498 1490 2529 caput,
1519 2492 1771 2528 interpretationem

968 2543 1094 2579 accipiet.
1121 2541 1240 2569 Novella:
1263 2548 1345 2576 porro
1360 2538 1535 2575 imperatoris
1548 2538 1653 2566 domini
1672 2537 1772 2565 Leonis

971 2588 1108 2625 Sapientis
1122 2596 1191 2624 quas
1201 2587 1255 2624 [tu]
1268 2586 1414 2622 diligenter
1425 2586 1493 2622 lege,
1502 2593 1612 2614 servum
1626 2585 1770 2618 clericum,

971 2635 1152 2666 monachum,
1171 2638 1219 2661 aut
1245 2633 1406 2669 episcopum
1428 2631 1530 2660 factum
1545 2652 1552 2664 ,
1570 2631 1594 2659 si
1626 2631 1771 2666 ignorante

971 2682 1094 2714 domino,
1106 2681 1200 2716 aliquo
1213 2679 1310 2707 borum
1327 2678 1428 2714 dignus
1445 2678 1555 2706 habitus
1569 2681 1622 2709 est,
1634 2677 1660 2704 in
1673 2676 1770 2711 pristi-

969 2736 1031 2756 nam
1045 2727 1171 2755 servilem
1184 2726 1335 2754 restituunt
1350 2725 1550 2753 conditiOnem.
1572 2722 1673 2750 Verum
1691 2722 1768 2749 enim

968 2782 1034 2802 ναι-ο
1057 2778 1201 2808 postquam
1229 2772 1367 2800 novellam
1389 2771 1422 2798 10
1447 2769 1572 2805 ejusdem
1593 2768 1768 2803 imperatoris

969 2819 1073 2848 domini
1088 2818 1188 2846 Leonis
1211 2817 1349 2854 Sapientis
1369 2816 1461 2844 inveni
1491 2815 1563 2851 (qum
1588 2814 1654 2841 olim
1677 2813 1769 2842 domi-

970 2875 1036 2895 num
1054 2863 1086 2894 ad
1105 2869 1160 2894 tres
1177 2872 1265 2900 usque
1279 2871 1366 2892 annos
1381 2862 1524 2899 fugitivum
1547 2868 1657 2890 servum
1672 2867 1769 2888 mona-

971 2913 1056 2944 chum
1072 2912 1176 2942 factum
1200 2918 1329 2941 revocare
1342 2910 1487 2947 potuisse;
1513 2908 1566 2938 hoc
1583 2911 1674 2936 autem
1696 2911 1766 2936 tem-
