1956 3049
179 142 250 177 1023

752 143 884 175 PIIOTII
904 141 1160 174 l‘ATRIARCH/E
1181 146 1235 176 ΟΡ.

1757 150 1827 182 1024

178 211 244 238 pore
263 207 371 235 exacto,
392 202 536 230 exclusum
554 201 639 229 fuisse
653 201 718 229 dicit
741 209 748 227 :
766 207 850 236 atque
870 205 900 228 ut
915 207 973 227 ser-

1043 202 1105 238 Ιλὴν
1126 203 1263 238 εὑρίσκων
1291 204 1340 240 τὴν
1357 203 1372 231 ι’
1399 205 1501 240 νεαρὰν
1517 205 1564 231 τοῦ
1593 205 1675 233 αὖτοῦ
1694 207 1829 242 βασιλέως

179 257 231 276 vus
251 249 298 276 tali
311 248 427 276 consilio
444 247 710 281 monachusfactus,
733 255 898 283 quocunque
916 250 977 273 tan-

180 296 241 323 dem
259 295 562 331 temporcinveniatur,
578 295 603 322 in
628 294 736 329 pristini
762 294 868 322 domini
902 299 982 329 pote-

187 348 285 371 statem
321 343 488 378 subigatur:
513 349 602 377 neque
614 342 686 377 quod
705 349 802 369 servus
822 341 921 372 lateat,
948 348 982 368 ex

182 389 293 416 triennii
310 389 426 415 decursu
451 388 580 415 dominus
605 387 731 419 laedatur,
754 386 861 420 statuit)
875 393 981 414 summa

180 435 321 471 diligentia
336 436 422 470 legem
439 434 473 461 de
488 433 607 461 triennio
621 433 767 461 docentem
784 432 909 467 quaesivi,
934 431 981 459 sed

187 489 242 509 non
261 481 372 509 inveni:
390 485 467 508 extra
480 488 563 516 quam
583 480 610 507 id
635 480 736 512 solum,
752 479 826 514 quod
851 478 980 513 superius

181 529 327 561 insertum,
342 529 484 556 dominum
500 528 573 555 intra
584 535 685 555 annum
699 535 808 555 servum
820 534 900 554 suum
915 526 983 554 citra

181 575 350 602 voluntatem
364 582 440 602 suam
458 573 699 602 clericnmfactum
711 573 877 608 investigare
903 580 984 608 posse

182 621 258 649 dicit.
282 621 417 654 Quocirca
433 620 515 648 etiam
532 620 609 655 sequi
627 627 722 655 cogor,
746 627 808 654 quae
823 626 838 646 a
856 618 985 654 Sapiente

183 672 248 695 sunt
266 667 426 695 constituta.
449 666 586 694 Existimo
609 673 687 698 vero,
703 665 777 701 quod
805 666 828 693 si
845 665 907 701 quis
935 673 985 692 no-

182 713 281 741 vellam
298 713 372 740 illam
390 717 539 740 extenuare
556 713 633 742 velit.
655 711 736 748 [non]
765 720 894 748 magnam
923 719 984 739 om-

183 758 251 786 nino
276 758 488 794 ambiguitatem
516 758 680 785 inventurus
699 758 745 786 sit.
771 757 879 785 Etenim
903 757 937 789 si,
954 763 986 784 ut

184 805 244 832 lucc
262 805 338 837 dicit,
358 805 486 831 dominus
511 804 657 839 fugitivum
682 811 792 831 servum
816 804 984 831 monachum

184 849 298 882 factum,
312 849 400 877 donec
426 849 475 886 [is]
492 854 661 885 compareat,
678 849 825 885 investigat
842 859 849 877 :
869 850 984 877 omnino

185 904 218 923 cx
235 896 373 922 contraria
387 896 561 930 oppositione
575 903 684 922 servum
702 895 868 922 monachum
884 902 937 923 non
954 895 982 922 in

185 940 250 975 fuga
266 940 455 973 exsistentem,
469 941 516 968 sed
538 941 727 971 manifestum.
749 940 820 968 intra
833 940 982 968 triennium

187 987 379 1015 tantummodo
391 987 522 1014 dominus
539 987 680 1014 revocabit
697 996 704 1013 ε
720 991 804 1021 atque
833 986 856 1014 si
873 987 909 1013 ita
928 994 983 1014 non

185 1033 292 1066 fecerit,
311 1033 345 1061 ab
378 1033 430 1060 hoc
456 1033 617 1060 excludetur
636 1042 642 1060 :
663 1033 688 1060 id
706 1033 779 1067 quod
806 1032 878 1060 dicta
902 1032 986 1060 Justi-

187 1079 260 1107 niani
277 1079 382 1107 novella
400 1080 472 1107 intra
487 1087 591 1107 annum
608 1079 666 1106 lieri
686 1079 809 1115 [debercl
830 1080 937 1107 statuit.
955 1079 985 1107 Si

187 1126 247 1153 haec
268 1125 305 1153 ita
321 1126 426 1153 dixeris
442 1131 525 1160 atque
543 1125 744 1160 interpreteris,
760 1125 985 1153 conciliabuntur

186 1171 385 1205 imperatorqu
398 1171 522 1202 novellae,
539 1174 723 1204 prmterqnam
737 1169 763 1196 in
777 1169 836 1196 solo
851 1175 985 1204 tempore,

186 1217 260 1252 quod
280 1217 442 1245 consolandi
467 1217 571 1244 domini
598 1224 682 1244 causa
707 1216 733 1243 in
753 1215 901 1243 triennium
921 1223 984 1250 pro-

186 1264 320 1291 tenditur.
333 1264 373 1290 Ex
388 1263 538 1291 Iustiniani
573 1262 681 1290 novella
710 1262 762 1288 125
785 1261 871 1298 [qum]
889 1263 931 1297 (ut
945 1263 986 1290 di-

187 1314 262 1337 ctum
288 1310 346 1344 est)
368 1309 457 1345 posita
485 1308 551 1345 [est]
571 1309 597 1336 in
621 1309 671 1336 lib.
698 1316 728 1336 ιιι
758 1307 840 1335 Basil.
858 1308 899 1335 tit.
914 1308 938 1341 1,
954 1315 986 1335 ac

187 1355 295 1386 statuit.
321 1359 351 1382 nt
364 1359 426 1390 post
445 1355 646 1382 ordinationem
675 1362 690 1382 a
708 1354 800 1382 servili
818 1354 987 1389 ascriptitio—

189 1409 251 1428 rnm
267 1401 377 1428 fortuna
400 1401 522 1436 episcopi
548 1400 628 1428 liberi
645 1400 723 1428 sint:
747 1401 866 1435 itemque
885 1407 916 1427 ex
938 1407 987 1427 no-

187 1447 257 1474 vella
270 1447 301 1475 8|
321 1447 404 1483 [qum]
418 1447 507 1482 posita
523 1447 588 1484 [est]
603 1447 630 1474 in
646 1447 694 1475 lib.
708 1447 790 1474 Basil.
805 1455 883 1478 xui,
901 1447 943 1474 tit.
957 1447 984 1479 5,

189 1500 251 1528 cap.
268 1493 296 1526 l,
316 1501 432 1528 quasque
447 1494 526 1528 jubet
545 1497 574 1520 ut
590 1494 751 1529 quicunque
777 1493 812 1521 ab
838 1493 987 1528 imperato-

189 1539 276 1572 ribus,
302 1539 480 1575 dignitatibus
494 1539 628 1568 ofﬁciisve
652 1539 832 1575 prafeotoriis
860 1539 1026 1584 honoratic

190 1585 304 1619 fuerint,
325 1587 412 1621 patria
429 1590 566 1621 potestate
580 1587 664 1614 etiam
690 1586 761 1614 citra
783 1586 870 1621 patris
886 1586 986 1613 volun-

174 1637 273 1660 .tatem
290 1633 440 1661 liberentur
457 1633 533 1670 [hinc
548 1632 685 1668 inquam,]
703 1633 830 1660 dixerunt
847 1632 985 1665 nonnulli,

190 1679 394 1707 ecclesiasticos
417 1680 500 1707 etiam
528 1680 717 1714 magistratus,
744 1679 910 1713 simulatque
934 1678 988 1714 [di-

191 1725 305 1762 gnitate]
320 1726 441 1761 insigniti
459 1726 572 1758 fuerint,
590 1726 713 1754 illustres
727 1730 755 1753 et
766 1733 827 1753 esse
844 1730 871 1753 et
882 1725 985 1759 vocari,

192 1781 224 1801 ac
235 1773 278 1800 sui
300 1773 372 1808 juris
399 1772 459 1800 fieri
479 1780 485 1799 :
505 1776 615 1800 utentes
641 1772 723 1799 etiam
741 1772 848 1799 novello
874 1772 988 1799 oraculo

192 1818 358 1853 pereelebris
396 1818 572 1852 imperatoris
605 1823 634 1845 et
668 1817 856 1853 apostolorum
892 1817 989 1845 similis

194 1864 284 1891 sancti
307 1863 484 1891 Constantini
511 1864 546 1891 ad
577 1868 703 1891 sanctum
728 1863 911 1898 Sylvestrum,
940 1863 987 1898 qui

191 1914 259 1937 tunc
270 1911 412 1937 homanns
427 1917 496 1944 papa
522 1914 591 1942 erat,
613 1909 709 1942 misso,
737 1909 811 1944 quod
827 1917 842 1936 a
856 1909 936 1936 nobis
960 1909 988 1936 in

192 1955 307 1988 SCIlOllO,
322 1963 382 1991 cap.
397 1956 423 1988 1,
442 1956 482 1983 tit.
495 1955 512 1983 8
526 1956 669 1991 praesentis
684 1956 774 1990 operis
789 1956 921 1983 inscrtum
933 1961 986 1989 est,

193 2001 267 2037 quod
283 2002 389 2042 statuit,
407 2005 438 2029 ut
458 2009 528 2038 papa
542 2001 684 2030 Romanus
705 2002 863 2030 facultatem
891 2002 990 2030 habent

192 2047 346 2075 honorandi
369 2048 549 2083 dignitatibus
571 2048 687 2076 clericos
705 2049 753 2084 qui
766 2049 817 2076 sub
836 2048 894 2083 ipso
912 2053 987 2081 sunt,

192 2093 323 2127 qualibus
341 2086 491 2128 imperator
501 2094 553 2121 sub
565 2102 594 2121 se
606 2094 773 2122 constitutos
791 2095 909 2122 honorat
925 2103 932 2121 :
949 2099 988 2126 et,

193 2142 223 2166 ut
239 2144 332 2167 sancta
348 2141 470 2176 synodus
491 2144 565 2167 esset
593 2140 684 2175 qualis
710 2140 925 2175 imperatoribus
945 2147 989 2168 se-

197 2189 281 2212 natus
295 2193 301 2211 :
320 2185 470 2219 itidemque
484 2186 588 2220 legibus
604 2186 754 2213 similitera
769 2186 849 2213 nobis
864 2186 988 2219 insertis,

1036 247 1142 282 Κυρίου
1159 248 1275 280 Λὲοντος
1294 248 1342 276 τοῦ
1357 248 1444 284 Σοφοῦ
1461 248 1594 284 λέγουσαν
1612 250 1654 278 ὅτι
1667 251 1697 278 τὸ
1715 253 1831 280 παλαιὸν

1038 293 1120 329 μέχρι
1135 293 1218 331 τριῶν
1243 294 1348 330 χρόνων
1363 294 1504 329 ἠδύνατοό
1525 295 1661 332 δεσπότης
1678 297 1724 324 τὸν
1747 299 1830 333 μονά-

1037 349 1122 367 σαντα
1134 340 1242 375 φυγάδα
1260 340 1355 367 δοῦλον
1366 340 1450 367 αὐτοῦ
1466 342 1672 376 ἀνακαλεῖσθαι,
1685 343 1781 371 τούτου
1802 345 1831 372 δὲ

1036 385 1083 413 τοῦ
1099 387 1197 422 χρόνου
1221 387 1405 422 παρελθόντος
1424 387 1595 421 ἀπεκλείετο,
1612 390 1659 416 καὶ
1674 388 1830 426 διοριζομέ-

1037 439 1086 467 νην
1103 431 1148 458 τὸν
1169 431 1268 468 γνώμῃ
1293 431 1406 468 τοιαύτῃ
1434 432 1591 467 μονάσαντα
1620 434 1731 470 οἰκέτην
1759 437 1830 463 κατὰ

1036 477 1128 504 πάντα
1143 477 1205 504 καθ’
1219 477 1249 504 ὃν
1266 478 1298 504 ἂν
1314 477 1477 513 εὑρίσκηται
1494 478 1592 513 καιρὸν
1607 479 1660 506 ὑπὸ
1674 480 1721 508 τὸν
1733 482 1831 517 πρότε-

1038 532 1084 560 ρον
1099 524 1235 559 δεσπότην
1249 525 1406 558 τάττεσθαι,
1422 525 1470 552 καὶ
1482 525 1526 552 διὰ
1544 525 1574 552 τὺ
1588 523 1659 553 εἶναι
1676 527 1722 554 τὸν
1738 528 1831 555 δοῦλον

1036 570 1127 605 ἀφανῆ
1153 570 1192 606 μὴ
1221 571 1389 606 βλάπτεσθαι
1406 571 1452 598 τὸν
1467 571 1603 606 δεσπότην
1623 572 1656 598 ἐκ
1672 574 1723 608 τῆς
1741 582 1831 609 παρα-

1036 615 1142 651 δρομῆς
1164 616 1215 651 τῆς
1233 617 1374 652 τριετίας·
1393 618 1550 645 ἐσπούδασα
1575 618 1667 654 εὑρεῖν
1689 620 1736 645 τδν
1768 619 1832 654 περὶ

1035 662 1086 697 τῆς
1100 663 1219 698 τριετίας
1234 662 1396 690 διδάσκοντα
1415 664 1508 699 νόμον,
1525 664 1573 691 καὶ
1590 665 1639 700 οὐχ
1655 662 1735 701 εὖρον
1749 666 1833 693 αὑτὸν

1036 708 1101 735 ἄνευ
1147 709 1229 744 μόνου
1254 708 1302 735 τοῦ
1339 709 1582 744 καταστρωοὲντος
1614 711 1734 743 ἄνωθεν,
1783 712 1831 738 καὶ

1036 755 1163 789 λέγοντος
1176 755 1252 787 ἐντὸς
1266 755 1391 782 ἐνιαυτοῦ
1406 755 1538 783 δύνασθαι
1551 756 1597 783 τὸν
1613 757 1748 792 δεσπότην
1763 758 1831 784 ἀνα-

1037 800 1129 836 ζητεῖν
1143 801 1189 828 τὺν
1216 802 1394 836 κληρωοέντα
1421 802 1516 829 δοῦλον
1532 802 1593 837 δίχα
1608 802 1722 838 γνώμης
1738 804 1834 831 αὐτοῦ.

1037 848 1083 874 Διὸ
1097 848 1144 875 καὶ
1159 848 1352 884 ἀναγκάζομαι
1377 848 1536 876 ἀκολουθεῖν
1555 850 1611 881 τοῖς
1627 850 1703 885 παρὰ
1717 850 1765 877 τοῦ
1783 851 1834 877 Σο-

1037 893 1089 928 φοῦ
1099 894 1314 929 νομοθετηθεῖσι.
1328 894 1445 928 Νομίζω
1452 894 1481 920 δὲ
1497 895 1538 921 ὅτι
1564 895 1658 922 καὶτὰ
1673 896 1722 930 τῆς
1739 897 1837 922 τοιαύ-

1038 948 1089 974 της
1105 940 1208 975 νεαρᾶς
1218 940 1299 975 εἴπερ
1314 939 1424 975 Θελήσει
1438 949 1481 972 τις
1495 939 1694 976 ἀπολειφθῆναι
1713 942 1838 977 μεγάλας

1039 985 1084 1012 ἵνα
1104 986 1209 1022 εὑρήσῃ
1223 985 1400 1021 ἀμφιϐολίας.
1417 986 1458 1018 Εἰ,
1474 985 1528 1022 γὰρ
1541 985 1578 1017 ὡς
1591 986 1659 1022 αὕτη
1678 987 1772 1022 φησὶν,
1790 987 1838 1014 τὸν

1039 1031 1068 1057 ὲν
1091 1032 1164 1066 φυγῇ
1193 1031 1258 1058 ὄντα
1290 1030 1384 1057 δοῦλον
1410 1031 1458 1057 καὶ
1489 1031 1646 1066 μονάσαντα
1681 1031 1764 1067 μέχρι
1786 1033 1838 1067 τῆς

1039 1078 1193 1112 ἐμφανείας
1214 1077 1299 1104 αὑτοῦ
1325 1072 1339 1104 ὂ
1364 1077 1499 1112 δεσπότης
1521 1077 1663 1111 ἀναζητεῖ.
1681 1078 1791 1110 πάντως
1806 1079 1836 1111 ἐξ

1039 1123 1243 1156 ἁντιδιαστολῆς
1262 1123 1308 1150 τὸν
1323 1123 1362 1158 μὴ
1384 1124 1413 1149 ὲν
1429 1124 1502 1158 φυγῇ
1520 1123 1637 1158 μοναχὸν
1652 1123 1716 1150 ὅντα
1729 1123 1836 1156 δοῦλον,

1040 1170 1098 1197 ἀλλ’
1114 1170 1335 1205 ὲμφανιζόμενον
1347 1169 1423 1201 ἐντὸς
1440 1169 1524 1205 μόνης
1538 1169 1661 1204 τριετίας
1676 1170 1690 1196 ὁ
1701 1169 1837 1206 δεσπότης

1040 1215 1259 1247 ἀνακαλέσεται,
1287 1215 1368 1242 τοῦτο
1394 1215 1422 1242 δὲ
1455 1215 1492 1251 μὴ
1515 1215 1634 1250 ποιήσας
1653 1216 1837 1251 ἀποκλεισῦή-

1041 1269 1128 1299 σεται.
1143 1261 1229 1288 Τοῦτο
1248 1261 1316 1297 ὅπερ
1340 1261 1490 1296 διορίζεται
1511 1261 1637 1295 γίνεσθαι
1652 1261 1728 1293 ἐντὸς
1743 1262 1837 1289 ἐνιαυ-

1039 1307 1087 1334 τοῦ
1100 1308 1117 1343 ἡ
1131 1307 1244 1343 ρηθεῖσα
1263 1308 1453 1340 Ἰουστιάνειος
1465 1307 1552 1343 νεαρὰ
1568 1307 1595 1339 ι’,
1610 1308 1634 1333 εἰ
1646 1307 1733 1335 ταῦτα
1750 1308 1840 1340 οὕτως

1041 1352 1121 1389 εἴπῃς
1151 1353 1199 1379 καὶ
1230 1353 1407 1388 ἐρμηνεύσῃς
1434 1352 1705 1388 συμϐιϐασοήσονται
1729 1355 1757 1380 al.
1780 1355 1838 1381 τῶν

1043 1399 1176 1435 βασιλέων
1202 1399 1299 1435 νεαραὶ
1323 1398 1387 1426 ἄνευ
1406 1399 1487 1434 μόνου
1510 1398 1559 1426 τοῦ
1576 1399 1672 1434 χρόνου
1689 1399 1737 1426 ἐπὶ
1761 1408 1839 1435 τριε-

1042 1445 1104 1472 τίαν
1118 1446 1308 1481 διικνουμὲνου
1326 1445 1370 1473 διὰ
1385 1445 1550 1482 περίθαλψιν
1564 1446 1611 1472 τοῦ
1635 1446 1767 1473 δεσπότου
1783 1447 1840 1474 ἀπ).

1042 1491 1093 1526 τῆς
1122 1490 1181 1526 ρκγ¹
1213 1491 1405 1518 Ἰουστιανείου
1425 1492 1527 1528 νεαρᾶς
1550 1493 1601 1527 τῆς
1623 1493 1772 1528 κειμένης,
1801 1493 1841 1524 ὠς

1041 1537 1149 1572 εἴρηται
1163 1538 1192 1564 ἐν
1203 1537 1298 1572 βιϐλίῳ
1307 1537 1332 1572 γ’
1342 1537 1397 1564 τῶν
1406 1538 1570 1569 Βασιλικῶν,
1583 1537 1636 1564 τίτ.
1647 1537 1683 1569 α’,
1695 1539 1744 1565 καὶ
1753 1538 1823 1572 διορι
1832 1555 1841 1559 -

1043 1583 1162 1619 ζομὲνης
1183 1583 1252 1618 μετὰ
1267 1584 1316 1619 τὴν
1332 1584 1513 1619 χειροτονίαν,
1531 1585 1578 1611 καὶ
1593 1584 1722 1618 δουλικῆς
1738 1585 1840 1611 Evam»

1043 1630 1151 1666 γράφου
1174 1629 1260 1665 τύχης
1292 1630 1356 1661 τοὺς
1383 1631 1551 1662 ἐπισκόπους
1577 1630 1738 1664 ἐλευθέρους
1756 1628 1840 1657 εἶναι.

1050 1676 1188 1708 Ὡσαύτως
1200 1677 1248 1703 καὶ
1269 1676 1323 1703 ἀπὸ
1340 1676 1392 1710 τῆς
1410 1676 1456 1703 πα¹
1473 1678 1575 1713 νεαρᾶς
1589 1678 1639 1712 τῆς
1664 1677 1797 1712 κειμένης
1811 1678 1843 1703 ἐν

1045 1722 1141 1758 βιὸλίῳ
1155 1722 1210 1749 τῶν
1225 1722 1380 1750 Βασιλικῶν
1399 1722 1450 1755 λα’,
1469 1723 1522 1749 τίτ.
1540 1726 1572 1755 ε’,
1586 1731 1652 1758 κεφ.
1670 1722 1707 1754 α’,
1723 1724 1771 1750 καὶ
1786 1733 1844 1750 πα-

1046 1768 1268 1804 ρακελευομένης
1283 1769 1389 1800 πάντας
1400 1769 1463 1800 τοὺς
1476 1768 1512 1804 μὴ
1527 1769 1656 1800 τεθέντας
1668 1769 1746 1804 παρά
1762 1769 1845 1804 βασι-

1044 1814 1115 1840 λέων
1133 1814 1287 1850 ἀξιώμασιν
1313 1815 1330 1850 ἢ
1351 1808 1491 1849 ὀφφίκίοις
1509 1815 1684 1850 ἀρχοντικοίς
1700 1815 1844 1843 ἀπαλλάτ-

1044 1859 1140 1886 τεσθαι
1161 1860 1210 1895 τῆς
1237 1860 1478 1896 ὑπεξουσιότητος,
1497 1861 1546 1888 καὶ
1571 1861 1635 1896 δίχα
1662 1861 1776 1897 γνώμης
1793 1863 1844 1889 τοῦ

1046 1905 1160 1941 πατρὸς,
1178 1903 1256 1932 εἶπόν
1269 1915 1343 1939 τινες
1354 1907 1401 1933 καὶ
1412 1907 1476 1938 τοὺς
1487 1907 1735 1942 ἐκκλησιαστικοὺς
1744 1908 1847 1943 ἄρχον-

1049 1959 1099 1983 τας
1115 1951 1174 1986 ἅμα
1191 1951 1230 1987 τῷ
1250 1952 1470 1987 σφραγισθῆναι,
1483 1952 1687 1988 ἀξιωματικοὺς
1702 1951 1773 1979 εἶναι
1797 1955 1847 1980 καὶ

1045 1998 1231 2034 ὀνομάζεσθαι
1256 2001 1303 2027 καὶ
1320 1999 1514 2033 αὐτεξουσίως
1541 2001 1678 2035 γίνεσθαι.
1696 2001 1846 2037 Χρώμενοι

1046 2045 1075 2071 δὲ
1092 2047 1139 2072 καὶ
1153 2046 1192 2081 τῷ
1213 2047 1290 2082 παρὰ
1310 2047 1357 2073 τοῦ
1373 2048 1500 2082 ἀοιδίμου
1517 2047 1652 2082 βασιλέως
1677 2048 1726 2075 καὶ
1747 2049 1847 2075 ῑσαπο-

1047 2092 1142 2119 στόλου
1154 2092 1233 2126 ἁγίου
1244 2093 1451 2120 Κωνσταντίνου
1465 2093 1629 2120 ἀπολυθέντι
1637 2102 1683 2120 νεα
1689 2095 1737 2129 ρᾶς
1748 2094 1847 2121 θεσπί-

1048 2147 1130 2174 σματι
1141 2139 1209 2175 πρὸς
1224 2139 1270 2166 τόν
1284 2149 1314 2166 τε
1334 2140 1427 2167 πάπαν
1444 2140 1556 2176 Ῥώμης
1574 2140 1652 2175 ἅγιον
1668 2141 1844 2177 Σίλϐεστρον,

1046 2185 1084 2220 τῷ
1098 2185 1145 2212 καὶ
1157 2186 1453 2221 καταστρωθέντιπαρ*
1464 2186 1544 2222 ἡμῶν
1558 2186 1659 2218 ἔξωθεν
1671 2186 1719 2213 τοῦ
1729 2186 1763 2221 α’,
1778 2196 1844 2223 κεφ.

193 2237 255 2265 qua:
268 2234 402 2263 statuunt,
425 2235 455 2258 ut
469 2231 591 2259 Ecclesia
615 2231 922 2267 Constantinopolitana
943 2240 986 2260 ve-

1045 2230 1091 2257 τοῦ
1105 2230 1129 2265 η’
1149 2231 1202 2258 τίτ.
1220 2231 1267 2258 τοῦ
1288 2232 1422 2266 παρόντος
1444 2231 1646 2266 συντάγματος,
1661 2232 1709 2259 καὶ
1724 2232 1845 2268 διοριζο-

192 2277 260 2304 teris
279 2276 373 2305 Romae
399 2277 540 2314 privilegia
564 2278 674 2305 habeat.
695 2278 747 2305 Alii
770 2286 835 2306 vero
858 2278 990 2315 [contra],

193 2323 249 2351 line
265 2324 380 2351 novellae
396 2324 426 2351 8|
455 2325 508 2356 usi,
536 2332 597 2360 qua:
611 2325 699 2360 posita
724 2330 767 2353 est
789 2326 816 2352 in
845 2325 888 2352 tit.
914 2325 993 2352 Eilib.

196 2378 261 2399 uxr
280 2376 362 2406 atque
389 2372 447 2399 hare
462 2372 495 2399 ad
515 2372 629 2399 verbum
647 2372 713 2400 dicit
732 2381 738 2399 :
753 2372 845 2399 Palam
860 2380 926 2399 vero
940 2377 992 2404 est,

195 2419 333 2447 neminem
356 2420 489 2448 exsistere
504 2421 550 2456 qui
577 2421 694 2457 ignoret,
711 2429 767 2455 pra:
791 2421 922 2448 omnibus
939 2421 994 2447 uti-

195 2473 249 2500 que
264 2466 481 2501 religiosissimis
492 2467 574 2494 etiam
595 2467 732 2502 episcopis
743 2474 796 2494 una
810 2474 873 2494 cum
886 2466 994 2494 ordina-

197 2511 273 2540 tione
294 2519 350 2539 sua:
372 2513 518 2547 potestatis
539 2512 585 2548 jus
601 2513 732 2540 accedere
755 2513 837 2548 (nam
859 2512 905 2547 qui
932 2520 994 2539 om-

197 2557 272 2585 nium
286 2559 443 2595 spiritualcs
457 2559 552 2587 Patres
569 2564 644 2593 sunt,
657 2560 797 2595 quomodo
816 2559 995 2592 aliorumjad-

197 2604 251 2632 huc
263 2605 390 2638 potestati
406 2605 507 2633 subditi
524 2606 578 2633 sint
586 2605 620 2642 ?),
637 2613 760 2634 asserere
773 2605 863 2633 conati
873 2609 948 2638 sunt,
958 2613 990 2633 ex

196 2650 254 2678 sola
270 2651 420 2686 episcopali
450 2651 584 2686 dignitate
603 2651 748 2687 episcopos
762 2659 778 2679 ιι
802 2651 890 2686 patria
909 2656 986 2686 pote-

196 2700 266 2724 state
293 2696 394 2725 liberos
412 2705 473 2724 csse
491 2706 498 2724 :
515 2705 568 2725 non
583 2705 646 2725 vero
673 2698 756 2725 etiam
789 2697 993 2725 ecclesiasticos

197 2741 373 2776 magistratus
393 2748 425 2768 ex
449 2741 634 2776 patriarchico
658 2741 749 2776 sigillo
769 2741 811 2768 sui
833 2741 904 2776 juris
923 2741 993 2769 lieri.

198 2787 264 2814 Nam
281 2787 415 2823 profecto,
433 2790 572 2823 inquiunt,
587 2789 729 2816 hocetiam
745 2789 858 2816 novellae
870 2789 994 2816 additum

199 2839 283 2862 esset.
303 2834 402 2862 Verum
432 2836 500 2863 mihi
516 2835 627 2863 vitietur
652 2836 704 2862 hos
729 2843 782 2862 non
804 2841 880 2873 recte~
892 2835 993 2864 dicere.

205 2881 263 2909 Non
280 2881 352 2910 enim
376 2882 513 2911 novellum
541 2882 628 2911 sancti
649 2882 823 2912 Constantini
840 2882 992 2917 oraculum,

1047 2277 1122 2312 μένῳ
1137 2276 1209 2312 ἔχειν
1225 2277 1268 2303 ἐπ’
1283 2277 1377 2309 ἁδείας
1391 2277 1437 2303 τὸν
1460 2277 1557 2304 πάπαν
1578 2277 1690 2313 Ῥώμης
1704 2279 1846 2314 ἀξιώμασι

1044 2323 1128 2359 τιμᾷν
1141 2324 1206 2354 τοὺς
1218 2323 1263 2349 ὑπ’
1282 2324 1365 2350 αὑτὸν
1379 2323 1542 2358 κληρικοὺς,
1561 2323 1664 2356 ὁποίοις
1680 2326 1726 2351 καὶ
1738 2325 1753 2351 ὁ
1770 2326 1847 2361 βασι-

1045 2369 1109 2401 λεὺς
1124 2370 1192 2405 τιμᾷ
1203 2370 1266 2401 τοὺς
1281 2370 1327 2396 ὑπ’
1346 2369 1438 2403 αὑτὸν,
1455 2370 1504 2396 καὶ
1517 2369 1587 2397 εἶναι
1602 2370 1652 2406 τὴν
1680 2370 1756 2405 ἱερὰν
1779 2371 1846 2398 σύν-

1052 2416 1112 2442 οδον
1126 2416 1186 2443 οἵαν
1207 2416 1255 2443 καὶ
1269 2415 1318 2452 τὴν
1345 2416 1491 2452 βασιλικὴν
1515 2417 1680 2453 σύγκλητον.
1703 2417 1847 2451 Ὡσαύτως

1047 2463 1094 2489 καὶ
1119 2463 1176 2494 τοῖς
1198 2462 1291 2497 νόμοις
1316 2463 1374 2494 τοῖς
1405 2463 1627 2498 καταστρωθεῖσι
1656 2463 1723 2498 παρ’
1751 2464 1846 2498 ἡμῶν,

1046 2509 1146 2543 ὁμοίως
1159 2510 1207 2536 καὶ
1229 2509 1429 2545 διοριζομένοις
1445 2508 1519 2544 ἔχειν
1542 2509 1593 2544 τὴν
1615 2509 1781 2545 Ἐκκλησίαν
1796 2511 1847 2546 τῆς

1047 2555 1364 2588 Κωνσταντινουπόλεως
1378 2555 1412 2582 τὰ
1425 2554 1563 2590 προνόμια
1574 2555 1624 2590 τῆς
1640 2555 1760 2588 παλαιᾶς
1781 2556 1851 2583 Ῥώ-

1049 2609 1114 2636 μης.
1132 2601 1242 2636 ’Ἑτεροι
1259 2601 1288 2628 δὲ
1303 2600 1342 2636 τῷ
1356 2600 1427 2628 τέλει
1444 2601 1494 2636 τῆς
1517 2600 1564 2627 πα¹
1587 2602 1690 2637 νεαρᾶς
1703 2601 1850 2637 χρησάμε-

1046 2656 1087 2674 νοι
1104 2647 1154 2682 τῆς
1179 2647 1311 2682 κειμένης
1332 2647 1361 2674 ὲν
1377 2647 1417 2682 τῷ
1433 2646 1453 2673 ε’
1472 2646 1570 2682 βιϐλίῳ
1585 2646 1632 2673 τοῦ
1657 2646 1697 2673 λα’
1715 2647 1782 2679 τίτ.,
1799 2648 1849 2674 καὶ

1048 2693 1183 2728 λεγούσης
1198 2693 1285 2721 ταῦτα
1306 2693 1408 2731 ῥητῶς,
1430 2693 1569 2729 Πρόδηλον
1593 2693 1622 2720 δὲ
1638 2692 1676 2724 ὡς
1694 2693 1745 2720 οὐκ
1771 2693 1848 2720 ἔστιν

1047 2740 1077 2772 ὃς
1087 2740 1189 2774 ἀγνοεῖ,
1203 2740 1272 2776 πρὸς
1293 2749 1327 2775 γε
1343 2741 1473 2767 ἁπάντων
1487 2741 1544 2772 τοῖς
1562 2739 1722 2770 ὁσιωτάτοις
1737 2740 1850 2767 ἐπισκό-

1048 2795 1112 2818 ποις
1140 2786 1199 2822 ἆμα
1226 2788 1259 2822 τῇ
1283 2787 1437 2822 χειροτονίᾳ.
1465 2786 1513 2812 καὶ
1536 2786 1586 2819 τὴν
1613 2785 1848 2821 αὑτεξουσιὸτητα

1049 2833 1256 2870 προσγίνεσθαι.
1279 2834 1310 2860 Οἱ
1337 2833 1392 2868 γὰρ
1413 2833 1522 2860 πάντων
1553 2833 1630 2863 ὄντες
1659 2833 1847 2867 πνευματικοὶ

1048 2880 1181 2916 Πατέρες,
1193 2880 1259 2915 πῶς,
1273 2880 1305 2907 ἂν
1323 2879 1376 2907 ὑπὸ
1386 2879 1434 2916 τὴν
1458 2879 1559 2916 ἐτέρων
1579 2877 1704 2912 ἐξουσίαν
1722 2878 1847 2913 τελοῖεν;
