1956 3049
119 184 187 217 1025

114 244 297 279 ἐπεχείρησαν
309 243 397 271 εἰπεῖν
405 243 459 271 ἀπὸ
472 243 555 279 μόνου
567 243 616 271 τοῦ
632 244 814 271 ὲπισκοπικοῦ
826 243 909 278 ἀξιώ-
924 247 947 275 Α

117 298 202 324 ματος
218 289 421 325 ἐλευθεριάζειν
436 290 500 322 τοὺς
517 290 685 323 ἐπισκόπους
696 291 747 326 τῆς
755 290 911 323 ὑπεξουσιό-

113 343 206 370 τητος.
219 336 257 362 Οὺ
275 333 329 372 μὴ⁴ν
344 336 372 362 δὲ
385 336 506 368 καὶτοὺς
518 336 764 372 ἐκκλησιαστικοὺς
776 337 911 372 ἄρχοντας

116 380 309 414 αὺτεξουσίους
323 382 448 417 γίνεσθαι
465 383 516 417 τῆς
531 383 738 419 πατριαρχικῆς
749 383 908 418 σφραγίδος,

115 426 132 461 ἦ
148 426 201 462 γὰρ
214 426 258 458 ἂν,
276 427 354 461 φασὶ,
374 427 509 454 καὶτοῦτο
525 429 557 462 τῇ
573 428 659 463 νεαρᾷ
672 428 836 464 προσετέθη,
849 428 911 462 ἐμοὶ

116 472 144 498 δὲ
158 472 232 498 δοκεῖ
246 472 283 507 μὴ
298 473 389 504 καλῶς
402 473 492 508 λέγειν
509 473 632 506 τούτους,
648 473 709 500 οὐδὲ
719 474 774 508 γὰρ
787 473 909 510 ἀνῃρέθη

116 519 147 545 τὸ
163 519 262 554 νεαρὸν
282 518 422 554 θέσπισμα
449 518 497 546 τοῦ
518 519 597 552 ἁγίου
621 519 829 546 Κωνσταντίνου
859 520 913 546 ὑπὸ

116 564 167 599 τῆς
189 565 406 591 Ἰουστινιανείου
424 566 525 601 νεαρᾶς
547 565 593 591 τὸν
608 565 794 600 διοριζόμενον
816 565 915 600 ἐπίσης

118 611 152 646 τῇ
170 609 294 646 βασιλείᾳ
319 610 368 637 καὶ
396 610 446 646 τὴν
472 609 638 645 Ἐκκλησίαν
667 611 717 645 τῆς
752 610 861 646 Ῥώμης
886 612 915 637 ὲν

121 656 260 691 ἀξιώμασι
274 655 468 691 σεμνύνεσθαι,
484 656 551 682 ἀλλὰ
565 654 613 682 τοῦ
635 655 817 683 έπισκοπικοῦ
835 655 917 688 ἀξιώ-

122 709 207 736 ματος
219 701 360 736 διδομένου
390 702 428 737 μὴ
453 701 533 737 μόνον
549 702 625 736 παρὰ
640 701 696 728 τῶν
721 702 914 737 πατριαρχῶν,

121 747 191 774 ἀλλὰ
207 747 255 774 καὶ
287 749 365 783 παρὰ
407 748 626 783 μητροπολιτῶν.
653 748 803 775 κὰντεῦθέν
832 756 916 775 τινων

120 793 349 828 ἀμφιϐαλλόντων
366 793 405 829 μὴ
427 794 552 829 γίνεσθαι
574 794 766 827 αὺτεξουσίους
781 795 844 826 τοὺς
858 794 919 821 ὲπι-

122 840 241 871 σκόπους
265 840 383 874 πάντας,
409 842 426 875 ή
457 841 675 872 ’1ουστινιάνειος
703 840 788 876 νεαρὰ
812 840 918 872 πάντας

120 886 185 917 τοὺς
212 887 380 919 ἐπισκόπους
402 886 595 919 αὐτεξουσίως
613 887 738 921 γίνεσθαι
759 887 916 922 διωρίσατο,

122 931 175 958 κᾶν
190 932 228 968 μὴ
247 932 326 968 παρὰ
350 932 532 968 πατριαρχῶν
554 933 776 968 χειροτονῶνται,
795 933 857 960 ὅθεν
872 934 919 961 καὶ
935 926 956 954 Β

122 978 320 1010 ἀνενδοιάστως
345 979 420 1014 φημὶ
449 979 655 1014 ἀξιωματικοὺς
682 977 752 1006 εἶναι
777 980 842 1012 τοὺς
870 981 920 1016 τῆς

123 1024 254 1060 Μεγάλης
275 1025 425 1060 ἐκκλησίας
455 1026 601 1061 ἄρχοντας,
622 1026 671 1053 καὶ
689 1026 808 1061 ὀφείλειν
822 1027 921 1059 αὐτοὺς

122 1070 253 1106 τιμᾶσθαι
268 1071 307 1103 ὡς
325 1071 376 1106 τῆς
390 1072 467 1106 ἱερᾶς
483 1072 637 1107 συγκλήτου
652 1071 779 1107 λογάδας,
800 1073 873 1100 κατὰ
887 1074 917 1102 τὸ

478 185 726 217 NOMOCANON.
746 193 782 205 ’⁵
801 187 875 218 ΤΙΤ.
897 186 921 224 I,

979 187 1023 218 lP.
1043 187 1193 226 XXXVII,
1213 189 1380 220 XXXVIII.

1693 188 1762 222 1026

962 245 1035 279 quod
1053 246 1166 280 perinde
1184 250 1267 280 atque
1280 246 1486 282 imperatoriam
1505 246 1687 282 majestatem,
1705 247 1760 274 ﬂo-

962 298 1073 318 mauam
1097 290 1250 319 Eculesiam
1276 291 1303 319 in
1328 291 1508 327 dignitatibus
1531 291 1679 327 gloriosam
1700 299 1762 319 esse

964 337 1070 370 statuit,
1087 345 1102 365 a
1124 337 1273 365 Justiniani
1296 338 1402 365 novella
1427 338 1589 373 abrogatum
1613 342 1665 365 est.
1690 338 1761 365 Cum

963 391 1029 410 vero
1045 383 1210 419 episcopalis
1236 385 1355 419 dignitas
1372 391 1427 411 non
1445 385 1526 412 modo
1541 392 1556 411 a
1580 384 1757 419 patriarchis,

966 438 1060 458 verum
1079 431 1162 459 etiam
1187 438 1202 458 a
1226 431 1448 467 metropolitanis
1465 431 1626 459 conteratur
1649 439 1657 458 :
1675 434 1759 466 atque

966 476 1030 503 hinc
1046 475 1129 512 [tum]
1150 477 1274 504 nonnulli
1287 477 1475 512 ambigerem,
1499 485 1564 504 num
1585 484 1682 505 omnes
1705 477 1764 512 epi-

966 523 1042 557 scopi
1059 523 1102 550 sui
1128 523 1201 557 juris
1224 523 1321 550 tierent
1345 522 1516 550 :Justiniani
1539 523 1647 550 novella
1666 530 1763 550 omnes

966 568 1123 603 episcopos,
1145 567 1255 595 etiamsi
1284 575 1299 595 a
1321 568 1487 602 patriarchis
1507 575 1562 595 non
1589 567 1764 599 ordinentur,

968 614 1011 641 sui
1027 614 1099 648 juris
1120 614 1179 640 licri
1191 614 1297 641 statuit.
1315 613 1391 642 Unde
1409 613 1595 641 indubitanter
1624 613 1687 641 dico
1703 613 1765 640 illu—

968 665 1040 689 stres
1057 669 1118 688 esse
1143 660 1248 696 Magum
1271 661 1395 688 ecclesia
1412 660 1603 694 magistratus,
1623 664 1648 687 et
1665 659 1766 687 debere

968 707 1043 737 ipsos
1073 706 1216 739 honorari,
1239 711 1369 741 tanquam
1394 705 1563 733 sacrosancti
1587 709 1700 732 senatus
1717 711 1766 739 pa—

968 757 1026 780 tres
1053 752 1224 787 conscriptos
1260 761 1267 779 :
1301 751 1408 788 [idque]
1442 752 1593 779 secundum
1623 751 1766 778 oraculum

969 798 1024 826 divi
1043 798 1230 831 Constantini,
1255 802 1283 825 ct
1302 798 1407 833 reliqua
1427 797 1490 832 jura
1504 797 1632 832 superius
1649 804 1769 824 commc-

969 849 1086 872 morata.
1103 845 1192 879 Atque
1215 844 1268 872 hoc
1283 843 1419 879 [quidem]
1437 843 1576 877 peculiare
1595 842 1769 877 privilegium

970 896 1022 923 est,
1042 889 1186 926 [solisque]
1204 889 1412 925 magistratibus
1430 889 1492 916 solii
1512 887 1770 922 Constantinopoli-

974 942 1045 966 tanae
1070 937 1200 965 Ecclesiae
1226 940 1274 972 per
1304 936 1360 964 divi
1393 934 1568 963 Constantini
1599 933 1770 961 sanctionem

974 983 1080 1019 [datum
1094 983 1161 1019 est].
1176 983 1245 1010 Nam
1261 982 1377 1010 aliorum
1404 981 1636 1016 patriarcharum,
1658 979 1772 1013 insuper

973 1035 1000 1057 et
1017 1029 1292 1064 metropolitanorum
1319 1032 1347 1056 et
1371 1028 1563 1063 episcoporum
1592 1026 1772 1062 magistratus

974 1076 1070 1104 iisdem
1085 1075 1236 1111 privilegiis
1249 1075 1323 1110 digni
1338 1082 1393 1102 non
1407 1074 1592 1102 habebuntur.

124 1116 264 1151 θέσπισμα
293 1116 341 1144 τοῦ
366 1117 446 1151 ἁγίου
471 1118 680 1146 Κωνσταντίνου
700 1119 747 1145 καὶ
771 1119 807 1146 τὰ
836 1119 918 1148 λοιπὰ
942 1122 1046 1158 νόμιμα
1087 1122 1122 1149 τὰ
1146 1121 1250 1149 ἄνωθεν
1273 1120 1507 1157 μνημονευθέντα.
1537 1119 1624 1146 Τοῦτο
1636 1119 1665 1145 δὲ
1686 1118 1772 1145 ἰδικόν

124 1163 183 1188 ἐστι
198 1162 350 1198 προνόμιον
366 1164 422 1194 τοίς
437 1162 552 1199 ἄρχουσι
580 1164 628 1191 τοῦ
656 1164 751 1200 θρόνου
764 1165 814 1201 τῆς
845 1167 1009 1204 Ἐκκλησίας
1040 1168 1095 1196 τῶν
1127 1167 1457 1196 Κωνσταντινουπολιτῶν
1482 1165 1528 1193 διὰ
1561 1165 1592 1192 τὸ
1617 1164 1666 1192 τοῦ
1692 1165 1772 1197 ἁγίου

125 1210 338 1238 Κωνσταντίνου
351 1211 502 1246 θέσπισμα.
516 1213 547 1239 0i
557 1212 612 1248 γὰρ
623 1212 755 1249 ἄρχοντες
765 1214 819 1241 τῶν
834 1214 924 1242 ἄλλων
944 1217 1125 1254 πατριαρχῶν
1145 1215 1260 1252 προσέτι
1275 1224 1307 1251 γε
1337 1215 1390 1251 μὴν
1407 1215 1453 1242 καὶ
1486 1214 1541 1241 τῶν
1567 1212 1774 1249 μητροπολιτῶν

125 1257 174 1284 καὶ
191 1257 246 1285 τῶν
257 1259 415 1285 ἐπισκόπων
431 1259 487 1286 τῶν
500 1260 590 1287 αὐτῶν
607 1261 764 1296 προνομίων
775 1263 827 1289 οὐκ
841 1261 1053 1300 ἁξιωθήσονται.

161 1305 287 1338 Ἕτερον
302 1306 441 1340 σκόλιον.
452 1305 610 1341 Σημείωσαι
625 1306 680 1333 ἀπὸ
687 1307 743 1334 τῶν
758 1308 788 1334 ὲν
802 1309 841 1345 τῷ
852 1318 921 1346 παρ-

125 1350 182 1376 όντι
194 1349 248 1382 λς’,
262 1358 326 1385 κεφ.
338 1351 586 1386 καταστρωθεισῶν
599 1351 712 1387 Naava
724 1353 862 1388 συνάγαγε
873 1356 921 1381 καὶ

125 1395 198 1428 ειπὲ,
216 1396 258 1423 ὃτι
273 1397 297 1423 οὶ
313 1396 389 1432 παρὰ
404 1397 518 1433 γνώμην
529 1399 577 1424 τοῦ
590 1398 722 1425 δεσπότου
740 1400 922 1437 κληρούμενοι

125 1441 260 1477 ὣῦλοιῖῆ
275 1442 506 1475 ἐπισκοπεύοντες
519 1445 559 1475 εἰς
577 1444 624 1471 τὸν
639 1445 772 1481 πρότερον
785 1446 920 1484 δεσπότην

127 1488 173 1514 καλ
190 1487 305 1520 ἄκοντες
322 1489 551 1525 ἁντιστρέφονται
571 1491 605 1517 ὲκ
623 1490 673 1526 τῆς
696 1493 865 1527 χειροτονίας
882 1494 919 1530 μὴ

125 1533 325 1569 ὠφελούμενοι.
347 1534 486 1568 Ὡσαύτως
495 1536 617 1569 εἱπὲ,ὃτι
628 1536 679 1564 οὐκ
691 1537 924 1574 ἀπροσδιορίστως
939 1558 961 1588 C

129 1579 155 1588 ,ι
260 1580 295 1588 ..
356 1581 363 1588 ,
436 1582 442 1588 .
522 1581 594 1588 .-λ
678 1583 697 1588 ..
781 1583 902 1588 .

126 1579 239 1607 δύναται
255 1581 269 1607 ό
281 1580 416 1617 δεσπότης
430 1581 627 1609 ἀνακαλεῖσθαι
639 1583 763 1615 τούτους,
775 1583 834 1610 ἀλλ’
849 1585 925 1616 ὲντὺς

127 1627 251 1663 τριετίας
268 1628 338 1663 μετὰ
347 1628 378 1654 τὸ
394 1628 488 1655 λαϐεῖν
503 1628 604 1660 αὐτοὺς
628 1628 730 1664 είδησιν
746 1630 793 1657 τοῦ
812 1631 925 1665 γεγονό-

127 1682 173 1705 τος
189 1674 394 1710 ψηφιζομένης.
413 1675 474 1702 Ἐτι
490 1675 552 1702 εἰπὲ
570 1675 612 1701 ὅτι
633 1675 681 1702 τοῦ
699 1676 784 1711 νόμου
800 1675 926 1710 λέγοντος

128 1719 175 1746 τὸν
192 1719 421 1755 ἐπερωτώμενον,
447 1721 495 1746 καὶ
517 1720 556 1755 μὴ
573 1719 761 1754 ἀντιλέγοντα,
776 1721 845 1749 ἀλλὰ
858 1730 923 1748 σιω-

96 1792 101 1794 ,
130 1764 237 1796 πῶντα,
256 1764 436 1800 κερδαίνοντα
461 1765 512 1801 μὲν
528 1765 592 1792 ἀντὶ
619 1766 810 1798 συναινοῧντος
834 1775 927 1803 παρα-

129 1809 330 1846 λαμϐάνεσθαι,
346 1811 530 1847 ζημιούμενον
546 1811 574 1838 δὲ
587 1810 648 1839 ἀντὶ
664 1813 845 1848 ἀρνουμένου.
863 1813 926 1841 Ἐπὶ

129 1857 178 1882 τοῦ
195 1858 331 1892 παρόντος
347 1857 476 1893 θέματος,
494 1859 509 1884 ὁ
531 1858 611 1890 εἰδὼς
630 1858 680 1894 τὴν
695 1860 864 1894 χειροτονίαν
880 1860 927 1887 τοῦ

129 1902 226 1929 δούλου
243 1903 327 1930 αὐτοῦ
347 1904 396 1930 καὶ
419 1904 457 1939 μὴ
482 1904 632 1938 ἀντιλέγων
649 1905 711 1931 ἀντὶ
739 1905 928 1938 συναινοῦντος

133 1947 303 1982 λογίζεσθαι,
330 1950 378 1976 καὶ
394 1949 479 1976 ταῦτα
494 1949 693 1985 βλαπτόμενος,
709 1951 755 1978 καὶ
773 1951 831 1978 ἐστι
848 1952 929 1978 τοῦτο

135 1994 221 2020 ίδικὺν
235 1994 280 2021 διὰ
292 1995 342 2030 τὴν
366 1995 537 2031 ἐλευθερίαν.
556 1996 618 2022 Ἔτι
642 1996 703 2023 εῑπὲ
715 1997 757 2023 ὅτι
774 1997 828 2024 ἀπὸ
845 1998 929 2033 μόνης

130 2040 183 2075 τῆς
202 2041 389 2077 ὲπισκοπικῆς
403 2042 571 2077 χειροτονίας
586 2043 610 2069 οἰ
626 2042 783 2075 ὑπεξούσιοι
798 2043 928 2077 αὐτεξού-

131 2095 186 2113 σιοι
203 2087 334 2120 γίνονται,
359 2088 390 2114 οὐ
409 2088 462 2123 μὴν
480 2089 534 2115 ἀπὸ
558 2088 723 2124 κληρώσεως
747 2089 927 2125 οἱασδήτινος.

133 2133 175 2160 Τὰ
191 2133 220 2159 δὲ
234 2133 397 2168 ἀρχοντίκια
411 2133 459 2160 τοῦ
475 2134 648 2170 πατριάρχου
665 2135 930 2162 Κωνσταντινουπό-

131 2179 201 2212 λεως
214 2180 262 2206 καὶ
278 2180 360 2215 μόνου
382 2180 578 2213 αὐτεξουσίους
604 2181 711 2207 ποιοῦσι
733 2181 797 2213 τοὺς
817 2181 932 2214 ὑπεξου-

132 2226 221 2258 σίους.
235 2226 272 2252 Τὸ
287 2226 315 2252 δὲ
328 2227 369 2258 εἰς
384 2228 507 2262 τριετίαν
518 2228 749 2263 παρεκτείνεσθαι
761 2228 799 2263 τῷ
813 2227 931 2264 δεσπότῃ
950 2249 970 2276 D

131 2272 183 2307 τὴν
200 2272 355 2307 ἀνάκλησιν
372 2273 420 2299 τοῦ
438 2273 679 2309 χειροτονηθέντος
702 2273 797 2300 δούλου
815 2274 868 2300 ἀπὸ
880 2275 930 2309 τῆς

132 2318 237 2353 νεαρᾶς
255 2317 302 2343 τοῦ
311 2316 449 2352 βασιλέως
469 2319 566 2354 κυρίου
580 2319 694 2350 Λέοντος
706 2318 753 2345 τοῦ
768 2319 856 2353 Σοφοῦ
872 2320 930 2345 ἐστι

133 2363 183 2391 καὶ
196 2364 303 2398 κρατεῖ,
322 2364 373 2391 κᾶν
386 2364 533 2397 ἐπιϐλαϐές
549 2366 582 2400 τῇ
600 2364 743 2400 ἐλευθερίᾳ
755 2366 825 2398 ἐστὶ,
841 2365 886 2392 διὰ
900 2365 931 2391 τὺ

133 2410 251 2437 δίκαιον.

172 2456 300 2484 ΚΕΦΛΛ.
333 2457 394 2484 AZ’.
415 2472 448 2478 —
478 2457 548 2492 Περὶ
572 2457 790 2491 ὃιακονισσῶν,
809 2458 859 2486 καὶ
873 2458 917 2485 ὃτι

135 2503 215 2537 γυνὴ
229 2504 266 2530 οὐ
277 2503 391 2539 γίνεται
405 2504 605 2539 πρεσϐυτέρα.

173 2549 288 2577 Συνόδου
320 2549 438 2581 Νικαίας
451 2549 543 2577 κανὼν
563 2549 606 2576 ιθ’·
630 2550 740 2578 συνόδου
771 2550 933 2583 Λαοδικείας

136 2597 229 2622 κανὼν
246 2594 292 2622 ια’·
305 2595 415 2622 συνόδου
426 2594 599 2631 Χαλκηδόνος
616 2596 708 2624 κανὼν
717 2595 758 2624 ιε’·
773 2596 884 2624 συνόδου
907 2596 933 2629 ς’

136 2640 229 2669 κανὼν
246 2641 286 2669 ιδ’.

174 2689 302 2717 ΚΕΦΑΛ.
325 2691 390 2719 AH’.
406 2706 441 2711 —
454 2692 524 2726 Περὶ
541 2693 600 2720 τῶν
619 2692 668 2720 διὰ
678 2691 735 2727 τῆς
749 2691 936 2727 χειροτονίας

139 2734 297 2769 λυομένων
309 2735 538 2772 ἁμαρτημάτων.

176 2780 291 2808 Σννόδου
310 2782 527 2819 Νεοκαισαρείας
539 2782 629 2811 κανὼν
643 2783 676 2815 θ’.

1010 1312 1092 1340 Aliud
1112 1311 1252 1339 scholium.
1280 1309 1321 1336 Ex
1347 1307 1463 1336 novellis
1492 1305 1620 1341 prazsenti
1649 1304 1714 1332 huic
1738 1304 1773 1332 56

975 1367 1036 1395 cap.
1052 1359 1164 1387 insertis
1177 1358 1286 1392 collige,
1301 1360 1328 1384 et
1344 1355 1388 1382 dic
1419 1358 1513 1381 servos
1531 1356 1629 1387 praeter
1646 1350 1774 1378 volunta—

977 1410 1030 1434 tem
1053 1404 1158 1432 domini
1182 1404 1298 1432 clericos
1321 1406 1369 1429 aut
1387 1400 1472 1428 etiam
1499 1399 1645 1433 episcopos
1674 1396 1772 1430 factos,

976 1453 1009 1480 ad
1039 1452 1185 1488 pristinum
1215 1449 1359 1478 dominum
1380 1445 1508 1482 quamvis
1531 1444 1634 1472 invitos
1660 1443 1772 1475 reverti,

979 1499 1101 1533 nihilque
1116 1505 1150 1525 ex
1164 1496 1338 1524 ordinatione
1354 1493 1480 1521 utilitatis
1494 1498 1603 1526 capere.
1623 1489 1672 1517 Dic
1696 1489 1775 1517 simi-

978 1545 1041 1573 liter
1054 1544 1196 1572 dominum
1225 1543 1274 1570 hos
1288 1549 1343 1568 non
1360 1539 1520 1567 indistincte
1537 1543 1667 1564 revocare
1679 1542 1770 1571 posse,

979 1590 1027 1618 sed
1045 1591 1116 1618 intra
1133 1588 1293 1619 triennium,
1311 1586 1493 1621 posteaquam
1522 1590 1581 1611 rem
1604 1581 1774 1617 cognoverit,

980 1634 1193 1670 supputandum.
1211 1633 1327 1667 Insuper
1341 1631 1396 1664 dic,
1418 1627 1602 1666 [quanquam]
1616 1627 1658 1654 lex
1674 1626 1776 1658 tradat,

980 1682 1176 1716 interrogatum
1192 1686 1247 1706 non
1265 1677 1510 1708 contradiretttem,
1527 1674 1574 1702 sed
1600 1678 1732 1700 tacentem
1747 1671 1775 1699 in

980 1734 1010 1755 re
1035 1726 1086 1761 ipsi
1110 1726 1219 1753 lucrosa
1246 1731 1297 1759 pro
1324 1721 1524 1752 consentiente,
1546 1719 1679 1746 damnosa
1710 1724 1777 1744 vero

981 1779 1031 1808 pro
1046 1776 1164 1808 negante
1188 1769 1284 1798 haberi
1308 1777 1315 1796 :
1344 1769 1371 1796 in
1388 1765 1516 1803 praesenti
1534 1762 1648 1801 [tamen]
1675 1762 1778 1797 specie,

983 1820 1115 1847 seieutem
1136 1817 1340 1845 ordinationem
1354 1814 1425 1842 servi
1441 1813 1484 1841 sui
1513 1816 1541 1839 et
1559 1818 1613 1838 non
1638 1808 1780 1837 contradi-

982 1871 1099 1899 centem,
1111 1864 1223 1892 tametsi
1237 1863 1340 1890 damno
1363 1860 1512 1892 afﬁciatur,
1527 1865 1577 1893 pro
1590 1855 1780 1884 consentiente

982 1911 1115 1947 reputari.
1134 1911 1222 1945 Atque
1239 1913 1281 1936 est
1298 1909 1349 1935 hoc
1372 1903 1508 1943 [quidem]
1532 1903 1650 1939 speciale
1670 1907 1781 1937 propter

984 1957 1151 1985 libertatem.
1172 1955 1295 1990 Denique
1319 1953 1374 1985 dic,
1392 1959 1441 1987 per
1466 1951 1554 1978 solam
1575 1948 1779 1976 ordinationem

983 2003 1010 2030 in
1020 2003 1177 2038 episcopum
1191 2001 1286 2037 patriae
1292 1998 1420 2035 potestati
1429 1997 1554 2025 subditos
1562 1995 1596 2022 ab
1608 2002 1639 2022 ea
1650 1993 1759 2021 liberari
1772 2002 1779 2020 :

984 2057 1039 2077 non
1072 2053 1164 2076 autem
1190 2047 1263 2083 [per
1295 2042 1518 2078 ordinationem]
1549 2042 1576 2069 in
1612 2040 1782 2075 qualiscum-

985 2103 1039 2130 que
1052 2095 1152 2130 gradus
1165 2093 1306 2120 clericum.
1328 2089 1449 2124 Insignia
1473 2095 1540 2116 vero
1567 2086 1779 2121 magistratuum

987 2141 1151 2177 patriarchae
1190 2135 1518 2172 Constantinopolitani,
1548 2133 1663 2168 ejusque
1695 2131 1782 2159 solius

986 2189 1083 2224 patrite
1106 2187 1235 2223 potestati
1258 2185 1394 2214 obnoxios
1417 2181 1603 2216 emancipant.
1620 2178 1699 2212 Quod
1716 2185 1782 2205 vero

985 2236 1097 2263 domino
1114 2234 1254 2262 revocatio
1269 2231 1386 2260 ordinati
1404 2229 1475 2258 servi
1492 2228 1521 2255 in
1544 2225 1693 2253 triennium
1717 2228 1782 2258 pro-

986 2281 1117 2314 tenditur,
1134 2279 1184 2316 [id]
1199 2287 1231 2307 οι
1253 2277 1362 2305 novella
1386 2272 1564 2310 imperatoris
1579 2270 1685 2299 domini
1710 2268 1782 2316 Leo-

987 2328 1031 2356 nis
1050 2315 1188 2362 Sapientis
1213 2321 1415 2362 [desumptnm]
1431 2326 1473 2349 est
1489 2329 1495 2348 :
1520 2324 1548 2347 et.
1563 2323 1723 2354 quanquam
1748 2315 1784 2362 li-

987 2361 1095 2402 bertati,
1122 2361 1266 2409 graveisit
1289 2370 1381 2407 [eique
1407 2368 1634 2404 impedimentum
1662 2361 1784 2398 afferat],

988 2424 1099 2456 propter
1111 2419 1158 2455 jus
1173 2418 1277 2454 [tamen
1292 2421 1319 2444 et
1330 2411 1499 2450 aequitatem]
1514 2414 1634 2447 vigorem
1645 2409 1740 2437 habet.

1022 2453 1100 2494 C-AP.
1113 2453 1257 2491 XXXVII.
1277 2476 1313 2482 —
1324 2461 1361 2488 De
1373 2458 1546 2492 diaconissis,
1558 2461 1581 2485 et
1598 2455 1668 2492 quod
1690 2453 1787 2481 mulier

987 2513 1139 2550 presbytero
1154 2518 1205 2538 non
1221 2509 1279 2540 ﬁat.

1023 2545 1140 2587 Concilii
1165 2556 1270 2584 Nicami
1299 2561 1387 2582 canon
1420 2551 1471 2585 i9;
1495 2548 1606 2578 concilii
1636 2545 1784 2575 Laodiceni

988 2613 1076 2634 canon
1089 2605 1119 2632 ti
1135 2614 1142 2638 ;
1158 2602 1267 2631 concilii
1282 2598 1519 2628 Chalcedonensis
1536 2603 1625 2624 canon
1641 2593 1697 2625 l5;
1716 2598 1784 2620 con-

988 2652 1044 2682 cilii
1059 2651 1130 2679 sexti
1150 2656 1240 2678 canon
1257 2647 1301 2676 14.

1023 2697 1099 2727 CAP.
1114 2695 1260 2723 XXXVI".
1278 2710 1312 2714 —
1326 2693 1364 2721 De
1382 2691 1498 2728 penatis
1521 2697 1580 2725 qua:
1607 2694 1654 2722 per
1676 2684 1788 2713 οηίίιιαε

993 2735 1091 2763 tionem
1107 2732 1289 2760 remittuntur.

1031 2779 1145 2809 Concilii
1161 2775 1393 2806 Neoctesariensis
1408 2780 1496 2802 canon
1511 2772 1538 2800 9.
