1946 3076
158 195 226 228 1οἪ

725 188 858 221 ΡΙΙΟΤῙΙ
872 184 1128 218 PATRIARCHZE
1147 183 1204 215 (ΖΡ.

1736 174 1807 208 1028

174 253 1799 282 ___________________—————

841 349 1047 396 ΤΙΤΛΟΣ
1092 349 1146 392 B'-

164 476 246 504 ΠΕΡι
268 474 442 503 nomzaoz
459 469 676 502 ΕκκΑηΣιοΝ,
695 468 756 496 KAl
774 457 1518 504 neglegama§§19§,_ualﬂamg§uarou,
1539 457 1602 485 KAI
1626 456 1809 485 numnum

251 495 442 512 ’“”’“”“”“
460 495 776 534 ""iiliiiiﬁ'sioMHN
793 500 995 530 EIIIZKOHON
1016 497 1188 527 txromnN
1213 495 1471 530 (tranantem.J

702 675 937 719 TlTULUS
977 671 1262 713 SECUNDUS.

168 788 221 819 DE
241 783 518 819 EXSTRUENDIS
546 781 759 814 ECCI.ES]IS.
782 780 837 810 DE
865 775 1164 819 saeuisyasts,
1185 767 1698 819 ATQU§-IA)O§‘§_I}‘III‘§,JEEHPE
1718 768 1812 800 CLE-

307 808 856 864 ἰὶιὶὶῖἔξῖὶἱιΑἾγὸἱδῖῑιῆῖιτᾸἰτιξῑιι
871 808 1166 848 Έιέιδροροιιυιι
1190 808 1370 844 ALTARIA
1388 808 1669 842 ERlGENTlBUS.

203 917 319 946 CAPUT
343 915 491 944 PRIMUM.
501 930 538 935 -—
552 914 590 942 De
605 911 772 941 astruendi:
787 910 904 939 ecclesiis
914 930 922 943 ,
937 913 963 937 et
977 913 987 942 Α

1049 905 1248 934 ΚΕΦΔΛΛΙΟΝ
1258 903 1408 932 ΠΡΩΤΟΝ.
1423 918 1459 924 -
1466 902 1536 937 Περὶ
1546 901 1696 935 ποιήσεως
1707 901 1819 935 ἐκκλη-

170 965 336 992 dedicatioue
352 963 543 999 martyriorum
558 960 647 988 nullas
667 965 821 987 sanctorum
839 957 967 993 reliquias

170 1011 334 1038 habentium.

210 1065 316 1093 Concili
345 1061 575 1098 Carthaginensis
600 1067 691 1088 canon
715 1058 748 1093 6,
776 1057 825 1091 85;
858 1055 969 1085 concilii

171 1112 274 1142 Nicami
291 1110 404 1139 secundi
420 1116 510 1137 canon
526 1107 612 1141 7,17.

209 1160 319 1188 Tenus.
343 1157 372 1184 ln
390 1164 452 1191 cap.
464 1155 509 1189 14,
527 1155 571 1182 tit.
591 1153 619 1185 5.
635 1151 779 1188 praesentis
795 1150 971 1186 operis,etc.,

173 1213 255 1242 usque
271 1203 307 1231 ad
320 1203 499 1238 magistratus
513 1207 613 1236 cogere
638 1197 772 1235 [debere],
790 1201 820 1224 ut
835 1204 896 1232 pag.
910 1195 975 1224 66'5-

213 1295 360 1325 Scltolium.
374 1293 471 1322 Const.
486 1292 520 1320 15
532 1312 540 1325 ,
553 1292 596 1319 tit.
609 1291 636 1324 2,
649 1290 699 1319 lib.
715 1297 736 1324 ι,
751 1289 813 1318 cod.
822 1289 912 1325 posita
932 1293 976 1318 est

176 1346 203 1371 in
218 1343 267 1371 lib.
282 1350 299 1370 ν
314 1341 397 1369 Basil.
412 1340 454 1368 tit.
472 1340 498 1367 1.
517 1346 579 1374 cap.
598 1338 614 1365 7
627 1357 635 1371 ,
656 1337 690 1365 ad
706 1344 769 1365 eum
793 1336 905 1364 modum
926 1335 977 1363 ha-

178 1391 256 1421 bens,
273 1392 304 1416 ut
317 1388 345 1415 in
358 1391 435 1415 textu
451 1384 648 1421 compendiose
663 1383 805 1420 proposita
816 1387 868 1410 est.
887 1380 976 1417 Legas

180 1444 243 1464 Vero
257 1435 274 1463 9
295 1441 357 1470 cap.
381 1433 424 1460 tit.
441 1432 470 1466 5,
495 1431 543 1459 lib.
566 1439 582 1458 ν
597 1430 681 1458 Basil.
701 1428 777 1465 quod
800 1432 844 1457 est
870 1427 978 1456 novella

179 1481 329 1510 Justiniani
346 1479 409 1511 151,
423 1477 576 1512 eademque
597 1476 657 1504 fere
670 1476 784 1508 statuit,
805 1481 838 1502 ac
855 1473 979 1509 proxime

181 1526 308 1563 sequenti
331 1524 440 1553 scholio
455 1523 591 1552 insertum
615 1525 668 1550 est.
693 1521 790 1549 Const.
814 1519 861 1552 45,
887 1519 930 1547 tit.
949 1518 979 1552 5,

185 1574 233 1601 lib.
248 1571 332 1600 Icod.
349 1571 377 1598 in
393 1569 478 1597 Basil.
500 1576 556 1597 non
572 1571 615 1596 est
636 1567 738 1603 posita,
764 1572 854 1601 neque
871 1571 936 1592 vero
951 1569 979 1591 tu

188 1594 723 1646 inlitercas.liensewauiemrhiartio
731 1594 834 1640 indic-t.
846 1611 892 1644 ﬂ,
908 1610 979 1638 facta
996 1594 1017 1623 Β

183 1669 227 1692 est
240 1660 390 1699 [quaedam]
408 1660 514 1688 novella
530 1659 619 1687 sancti
631 1657 722 1686 nostri
742 1655 917 1692 imperatoris
929 1654 980 1682 do-

191 1710 258 1738 tnini
272 1708 406 1736 Manuelis
418 1707 565 1740 Comneni,
582 1712 644 1741 quae
666 1703 766 1740 partim
783 1703 841 1730 haec
863 1701 980 1729 statuit:

188 1757 257 1783 (lum
272 1755 316 1782 his
329 1754 383 1781 hoc
397 1753 493 1786 etiam,
509 1752 543 1780 iis
554 1759 616 1786 qua:
631 1755 695 1778 ante
709 1749 812 1784 scripta
828 1753 904 1780 sunt,
917 1755 982 1775 san-

187 1802 285 1830 tiendo
313 1800 518 1835 coniungimus.
545 1798 621 1826 Multi
649 1797 776 1824 homines
798 1796 825 1823 in
850 1793 984 1822 extremis

191 1848 251 1874 suis
272 1846 505 1882 dispositionibus
516 1848 711 1880 procuratores
728 1843 786 1870 sive
808 1845 986 1869 exsccutores

189 1898 287 1918 eorum
314 1897 376 1924 quae
419 1890 651 1924 praescripserth
691 1887 871 1922 relinquunt,
898 1886 986 1921 iisque

192 1936 316 1969 Christo,
334 1936 408 1963 dulci
426 1936 479 1963 isto
493 1943 526 1963 ac
539 1935 642 1962 mundo
661 1934 775 1963 salutari
787 1933 910 1966 nomine,
928 1933 985 1960 liae-

197 1984 261 2011 rede
280 1984 394 2019 scripto,
407 1990 500 2010 rerum
517 1989 631 2010 suarum
652 1981 886 2017 dispensationem
905 1986 989 2014 atque

194 2029 466 2058 administrationem
492 2029 651 2064 injungunt.
668 2027 727 2055 Hoc
750 2033 842 2055 autem
862 2026 990 2054 videnlur

201 2079 303 2108 Iacere,
329 2083 392 2103 cum
421 2075 591 2111 pauperibus
618 2074 789 2102 substantias
816 2081 881 2101 suas
905 2072 990 2100 dividi

153 2133 155 2136 τ
201 2120 379 2156 praecipiunt.
404 2119 472 2147 Cum
499 2120 572 2146 enim
599 2118 759 2146 mendicans
784 2117 894 2152 accipit,
918 2120 992 2144 astat

193 2167 331 2198 Christus,
349 2173 382 2193 ac
398 2172 452 2193 una
472 2173 534 2193 cum
553 2165 600 2192 illo
621 2163 737 2200 [dantis]
750 2170 861 2190 manum
880 2165 990 2189 vacuat.

195 2212 333 2245 Quatenus
354 2219 478 2246 namque,
503 2211 602 2246 inquit,
633 2209 714 2246 [ipse]
739 2210 784 2236 uni
815 2216 848 2236 ea:
873 2209 989 2235 minimis

194 2261 264 2286 lusce
282 2258 413 2293 fratribus
432 2257 543 2292 fecistis,
562 2257 625 2283 mihi
641 2256 741 2291 fecistis
759 2256 780 2283 ³.
796 2254 928 2282 Jubemus
940 2254 992 2290 igi-

202 2310 259 2338 tur,
273 2310 304 2332 ut
322 2305 434 2339 quando
449 2304 617 2341 liujusmodi'
634 2302 830 2338 procuratorim
851 2302 994 2337 dispensa-

200 2353 299 2385 tiones,
324 2357 351 2380 et
376 2352 403 2379 in
430 2352 490 2387 pias
512 2358 612 2379 causas
630 2350 850 2382 distributiones,
874 2356 935 2385 quae
959 2348 995 2375 ad

201 2398 298 2426 animae
310 2403 416 2426 rectum
430 2398 555 2431 ductum,
568 2405 602 2424 ac
614 2397 791 2433 pupillorum,
803 2402 900 2424 senum
912 2399 995 2430 atque

203 2451 353 2479 pauperum
371 2444 576 2478 educationem,
592 2448 620 2471 et
634 2443 844 2476 exhibitionem,
865 2441 993 2475 tendunt,

203 2494 397 2525 proponuntur
424 2498 431 2516 ε
460 2490 489 2516 in
528 2489 571 2516 his
603 2488 773 2524 judiciorum
809 2487 997 2523 prolationes,

205 2541 289 2572 atque
298 2536 345 2571 qui
358 2535 421 2563 hinc
433 2536 570 2564 exsistunt
579 2537 678 2564 inanes
689 2540 843 2571 temporutn
853 2534 998 2567 decursus,

199 2583 295 2610 locutn
315 2590 371 2610 non
387 2582 518 2610 habeant.
536 2581 680 2618 Contingit
704 2583 769 2609 hinc
784 2581 869 2615 enim,
895 2588 926 2608 ut
949 2580 999 2609 de-

207 2630 366 2658 functorum
383 2630 483 2658 animae
500 2629 633 2657 damnum
649 2630 778 2663 subeant,
794 2632 822 2657 et
841 2628 999 2656 communis

205 2676 330 2704 omnium
349 2675 414 2703 boni
433 2676 616 2712 utilitatisque
636 2683 722 2704 causa
743 2675 806 2703 lata
832 2675 905 2711 leges
926 2681 1002 2701 com-

208 2727 351 2751 mutentur
369 2723 396 2751 in
410 2723 593 2752 contrarium.
608 2722 679 2751 Tum
693 2731 782 2759 neque
797 2723 903 2758 justum
918 2720 1001 2757 [esse]

210 2770 387 2806 imperatoria
404 2778 465 2798 mea
479 2770 612 2806 majestas
621 2770 740 2806 judicat,
759 2774 787 2797 ut
804 2769 853 2805 qui
878 2768 948 2797 ordo
974 2769 1002 2797 in

208 2816 447 2852 reliquisjudiciis
465 2817 581 2850 obtinet,
607 2816 656 2854 [is]
680 2817 765 2845 etiam
790 2817 818 2845 in
844 2815 1003 2844 istiusmodi

210 2863 340 2898 usurpari
359 2862 480 2900 [debeat]
495 2872 502 2891 :
519 2864 567 2893 sed
582 2868 612 2892 ut
630 2864 724 2892 talium
745 2864 898 2900 specierum
915 2862 1004 2891 ambi-

253 2939 263 2953 ²
279 2939 374 2966 Matth.
389 2948 453 2976 xxv,
468 2942 514 2970 40.

1020 952 1106 986 σιῶν,
1116 952 1165 980 καὶ
1178 951 1245 986 περὶ
1253 949 1453 985 καθιερώσεως
1465 946 1638 982 ἐκκλησιῶν
1649 947 1699 975 καὶ
1705 954 1820 983 μαρτυ-

1016 1000 1090 1035 ρίων
1098 998 1141 1034 μὴ
1153 998 1287 1033 ἐχόντων
1304 996 1438 1031 λείψανα
1451 995 1553 1030 ἁγίων.

1056 1054 1171 1081 Συνόδου
1190 1052 1372 1089 Καρθαγένης
1393 1049 1485 1078 κανὼν
1499 1048 1537 1084 ς’,
1557 1048 1614 1086 πγ’·
1630 1048 1741 1077 συνόδου
1767 1047 1820 1075 Νι-

1021 1102 1104 1133 καίας
1117 1100 1149 1126 τὸ
1161 1098 1196 1135 β’,
1213 1098 1307 1126 κανὼν
1320 1096 1354 1131 ζ’,
1367 1095 1410 1129 ιζ’.

1058 1146 1214 1180 Κείμεινον.
1237 1144 1282 1171 Ἑν
1306 1142 1347 1178 τῷ
1372 1142 1394 1169 δ’
1419 1141 1564 1178 κεφαλαίῳ
1575 1139 1630 1168 τοῦ
1645 1139 1670 1175 γ’
1694 1139 1748 1167 τίτ.
1770 1138 1821 1166 τοῦ

1023 1192 1159 1229 παρόντος
1170 1190 1369 1225 συντάγματος,
1379 1197 1407 1216 κ.
1419 1196 1444 1215 τ.
1453 1187 1492 1222 λ.,
1505 1195 1594 1222 usque
1602 1186 1637 1214 ad
1646 1185 1820 1221 ἀναγκάζου-

1025 1249 1052 1267 σι
1067 1238 1157 1266 ταῦτα
1173 1236 1354 1273 πληροῦσθαι.

1061 1284 1201 1320 Σχόλιον.
1235 1282 1267 1310 'H
1283 1280 1314 1308 ιε’
1336 1279 1460 1314 διάταξις
1479 1279 1526 1307 τοῦ
1553 1277 1575 1314 β’
1588 1279 1642 1306 τίτ.
1669 1277 1717 1305 τοῦ
1730 1275 1755 1305 α’
1783 1276 1826 1312 βι-

1026 1332 1104 1360 ϐλίου
1118 1331 1166 1358 τοῦ
1184 1329 1312 1361 κώδικος,
1331 1327 1414 1363 ἐτέθη
1431 1328 1460 1354 ὲν
1490 1325 1588 1361 βιϐλίῳ
1600 1324 1621 1352 ε’
1638 1325 1694 1352 τῶν
1713 1323 1826 1352 Βασιλι-

1027 1379 1088 1407 κῶκ
1108 1377 1162 1404 τίτ.
1189 1375 1225 1409 α’,
1243 1374 1386 1411 κεφαλαίῳ
1400 1372 1435 1407 ζ’,
1451 1372 1540 1406 οὕτως
1564 1372 1676 1408 ἔχουσα,
1694 1371 1733 1404 ὡς
1747 1370 1826 1402 ἐντὸς

1029 1423 1198 1459 συνωψίσθη.
1223 1422 1255 1449 'H
1277 1420 1319 1457 με’
1340 1420 1462 1453 διάταξις
1481 1418 1529 1447 τοῦ
1552 1421 1578 1454 γ’
1606 1418 1697 1445 τίτλου
1725 1416 1774 1444 τοῦ
1800 1415 1826 1444 α’

1031 1470 1137 1508 βιϐλίου
1150 1469 1199 1496 τοῦ
1213 1468 1341 1501 κὼδικος,
1360 1467 1413 1493 οὐκ
1427 1465 1509 1501 ἐτέθη
1519 1465 1559 1497 εἰς
1571 1465 1607 1492 τὰ
1622 1463 1765 1496 Βασιλικὰ,
1778 1461 1830 1490 καὶ

1032 1517 1102 1554 μηδὲ
1119 1516 1153 1543 σὺ
1174 1515 1262 1551 ταύτῃ
1288 1514 1423 1550 πρόσχῃς,
1441 1511 1579 1546 ἀνάγνωθι
1593 1511 1622 1538 δὲ
1645 1511 1676 1538 τὺ
1697 1508 1719 1536 θ’
1738 1509 1828 1544 κεφά-

1034 1565 1122 1597 λαιον,
1137 1561 1185 1590 τοῦ
1200 1560 1224 1596 γ’
1240 1561 1293 1588 τίτ.
1309 1559 1357 1588 τοῦ
1384 1558 1405 1586 ε’
1421 1559 1526 1594 βιϐλίου
1540 1558 1597 1586 τῶν
1612 1556 1765 1584 Βασιλικῶν
1782 1555 1831 1592 μέ-

1035 1620 1081 1648 ρος
1090 1610 1120 1637 ὃν
1145 1609 1196 1644 τῆς
1214 1606 1270 1644 ρλα¹
1287 1605 1503 1634 ’1ουστινιανείου
1519 1605 1620 1641 νεαρᾶς
1633 1603 1669 1631 τὰ
1685 1603 1756 1629 αὐτὰ
1768 1610 1833 1637 σχε-

1035 1658 1081 1685 δὸν
1092 1655 1256 1692 νομοθετοῦν
1271 1654 1318 1681 καὶ
1332 1652 1529 1687 καταστρωϐὲν
1552 1652 1592 1683 είς
1604 1650 1636 1677 τὸ
1652 1650 1729 1677 έπιῦν
1741 1657 1832 1676 κατα-

1036 1704 1130 1732 ϐατόν.
1151 1701 1231 1729 Κατὰ
1253 1701 1299 1728 τὸν
1320 1700 1446 1736 Μάρτιον
1460 1698 1532 1735 μῆνα
1554 1698 1605 1733 τῆς
1625 1695 1655 1723 ιδ’
1673 1696 1835 1726 ινδικτιόνος

1037 1750 1135 1786 γέγονε
1149 1748 1236 1784 νεαρὰ
1251 1747 1298 1774 τοῦ
1310 1746 1391 1782 ἁγίου
1405 1745 1487 1782 ἡμῶν
1506 1743 1710 1779 αὐτοκράτορος
1733 1742 1836 1776 κυρίου

1039 1794 1170 1831 Μανουὴλ
1184 1793 1232 1821 τοῦ
1246 1792 1391 1828 Κομνηνοῦ
1407 1793 1436 1819 ὲν
1448 1792 1528 1827 μέρει
1541 1790 1605 1818 τάδε
1618 1787 1765 1822 διεξιοῦσα·
1782 1787 1837 1814 Σὺν

1040 1842 1147 1873 τούτοις
1174 1841 1222 1867 καὶ
1249 1839 1329 1873 τοῦτο
1357 1838 1535 1869 θεσπίζοντες
1563 1837 1621 1868 τοῖς
1647 1833 1838 1870 προγραφεῖσι

1043 1886 1239 1923 προστίθεμεν·
1257 1884 1353 1911 Πολλοὶ
1374 1883 1429 1911 τῶν
1451 1881 1602 1918 ἀνθρώπων
1624 1882 1654 1908 ἐν
1674 1881 1730 1910 τοῖς
1745 1881 1841 1906 ἐπιτε-

1042 1932 1159 1964 λευτίοις
1172 1931 1264 1958 αὐτῶν
1273 1930 1470 1965 διατάγμασιν,
1485 1928 1654 1964 ἐπιτρόπους
1665 1927 1750 1963 ἤγουν
1766 1925 1839 1952 διοι-

1043 1980 1143 2016 κητὰς,
1155 1979 1211 2005 τῶν
1235 1977 1302 2013 παρ’
1319 1976 1411 2004 αὐτῶν
1441 1974 1631 2011 διορισθέντων
1659 1970 1842 2007 καταλιμπά-

1044 2034 1130 2058 νουσι,
1158 2025 1204 2052 καὶ
1227 2023 1334 2055 τούτοις
1351 2021 1510 2050 ἀνατιθέασι
1527 2020 1577 2056 τὴν
1591 2020 1647 2047 τῶν
1665 2018 1843 2055 πραγμάτων

1047 2069 1313 2105 αὺτῶνλοίκονομίαν
1322 2078 1352 2096 τε
1362 2069 1412 2096 καὶ
1424 2068 1569 2103 διοίκησιν,
1584 2066 1630 2093 τὸν
1643 2065 1762 2102 Χριστὸν
1776 2064 1845 2100 κλη-

1049 2119 1164 2156 ρονόμον
1175 2118 1339 2154 γράφοντες,
1355 2116 1386 2142 τὸ
1402 2115 1490 2150 γλυκὺ
1501 2113 1581 2140 τοῦτο
1592 2113 1640 2140 καὶ
1655 2110 1846 2147 κοσμοτήριον

1047 2165 1143 2201 ὖνομα.
1173 2164 1260 2192 Τοῦτο
1283 2164 1312 2191 δὲ
1338 2162 1449 2190 δοκοῦσι
1465 2162 1554 2188 ποιεῖν
1569 2159 1603 2187 δι’
1617 2156 1655 2186 ὧν
1669 2159 1727 2190 τοῖς
1741 2158 1847 2192 πένησι

1047 2213 1098 2245 τὰς
1116 2210 1279 2248 περιουσίας
1294 2209 1385 2237 αὐτῶν
1397 2207 1637 2244 καταμερισθῆναι
1656 2203 1847 2240 προστάττου-

1050 2267 1088 2291 σι,
1108 2258 1155 2285 τοῦ
1167 2258 1221 2294 γὰρ
1236 2256 1375 2287 αἰτοῦντος
1386 2255 1573 2291 λαμϐάνοντος
1585 2253 1714 2280 ἵσταταιὸ
1725 2250 1849 2286 Χριστὸς

1049 2304 1248 2339 συγκοιλαίνων
1263 2302 1350 2336 τούτῳ
1361 2301 1410 2338 τὴν
1421 2302 1511 2337 χεῖρα.
1519 2300 1649 2334 Ἑφόσον
1659 2298 1724 2333 γὰρ,
1748 2296 1848 2331 φησιν,

1047 2351 1094 2378 ἐνι
1110 2351 1225 2378 τούτων
1243 2349 1304 2377 τῶν
1326 2341 1499 2382 ἐλαχίστων
1512 2344 1654 2380 ἀδελφῶν
1669 2343 1848 2376 ἐποιήσατε,

1048 2398 1114 2433 ἐμοὶ
1127 2396 1302 2429 ἐποιήσατε.
1324 2391 1576 2431 Παρακελευόμεθα
1586 2390 1634 2418 οὖν
1646 2391 1711 2418 ὅταν
1726 2389 1844 2424 ἐπιτρο-

1049 2444 1129 2471 πικαὶ
1139 2443 1264 2471 τοιαῦται
1272 2443 1419 2477 διοικήσεις
1432 2440 1604 2475 πρόκεινται,
1614 2437 1662 2465 καὶ
1675 2438 1715 2468 εἰς
1723 2435 1851 2466 εὐσεϐεῖς

1051 2491 1141 2523 αἰτίας
1163 2489 1300 2524 διανομαὶ,
1315 2488 1363 2515 κα.)¹
1376 2487 1444 2523 πρὸς
1457 2485 1578 2522 ψυχικὰς
1602 2483 1773 2518 οἰκονομίας,
1801 2481 1853 2509 καὶ

1051 2535 1180 2572 ὀρφανῶν
1194 2533 1338 2570 ἀφηλίκων
1362 2541 1393 2559 τε
1418 2532 1467 2559 καὶ¹
1490 2531 1616 2566 πενήτων
1638 2528 1789 2563 ἀναγωγὰς
1801 2527 1855 2554 καὶ

1051 2581 1205 2617 διατροφὰς
1226 2580 1350 2612 τείνωσι,
1366 2579 1404 2614 μὴ
1421 2577 1515 2614 χώραν
1526 2576 1599 2612 ἔχειν
1613 2577 1643 2603 ὲν
1658 2574 1772 2606 ταύταις
1785 2573 1855 2605 τοὺς

1050 2629 1107 2656 τῶν
1123 2627 1310 2663 δικαστηρίων
1324 2623 1561 2660 ὑπερϐιϐασμοὺς,
1583 2623 1632 2650 καὶ
1652 2622 1703 2653 τὰς
1721 2619 1855 2648 ἐντεῦθεν

1051 2674 1292 2711 χρονοτριϐήσεις.
1319 2671 1468 2708 Συμϐαἰνει
1493 2670 1550 2707 γὰρ
1568 2667 1694 2696 ἐντεῦθεν
1719 2667 1771 2700 τὰς
1796 2665 1856 2693 τῶν

1053 2719 1244 2748 τελευτώντων
1257 2718 1425 2755 ζημιοῦσθαι
1444 2717 1546 2754 ψυχὰς,
1557 2717 1605 2744 καὶ
1617 2716 1681 2748 τοὺς
1696 2716 1740 2742 ἐπ’
1754 2715 1856 2752 ἀγαθῷ

1055 2767 1104 2795 καὶ
1125 2767 1203 2802 κοινῇ
1228 2764 1383 2801 λυσιτελείᾳ
1410 2763 1457 2791 τοῦ
1479 2763 1582 2795 παντὶις
1603 2762 1735 2793 τεθέντας
1752 2761 1858 2798 νόμους

1055 2816 1095 2848 εἰς
1116 2814 1274 2841 τούναντίον
1288 2811 1492 2848 περιίστασθαι.
1510 2810 1548 2837 Οὐ
1570 2809 1625 2846 γὰρ
1643 2808 1749 2836 δίκαιον
1763 2808 1859 2844 κρίνει

1054 2863 1072 2899 ἡ
1101 2861 1226 2898 βασιλεία
1245 2869 1296 2897 μου
1324 2859 1374 2896 τὴν
1393 2858 1443 2886 ἐπὶ
1458 2858 1514 2890 τοῖς
1539 2856 1646 2889 λοιποῖς
1668 2855 1863 2893 δικαστηρίοις
