  <div class='ocr_page' id='page_1' title='image "/cluster/home/n/w/nwhite01/storage/ocr_20150623/104/njp.32101077772885/522.png"; bbox 0 0 1956 3049; ppageno 0'>
   <div class='ocr_carea' id='block_1_1' title="bbox 86 195 150 228">
    <p class='ocr_par' dir='ltr' id='par_1_1' title="bbox 86 195 150 228">
     <span class='ocr_line' id='line_1_1' title="bbox 86 195 150 228; baseline -0.016 0"><span class='ocrx_word' id='word_1_1' title='bbox 86 195 150 228; x_wconf 74' lang='grc'><strong>1029</strong></span> 
     </span>
    </p>
   </div>
   <div class='ocr_carea' id='block_1_2' title="bbox 577 191 1184 229">
    <p class='ocr_par' dir='ltr' id='par_1_2' title="bbox 577 191 1184 229">
     <span class='ocr_line' id='line_1_2' title="bbox 577 191 1184 229; baseline 0.002 -6"><span class='ocrx_word' id='word_1_2' title='bbox 577 191 824 223; x_wconf 84' lang='lat' dir='ltr'><strong>NOMOCANON-</strong></span> <span class='ocrx_word' id='word_1_3' title='bbox 844 203 881 210; x_wconf 92' lang='grc'><strong><em>-</em></strong></span> <span class='ocrx_word' id='word_1_4' title='bbox 899 191 974 222; x_wconf 83' lang='grc' dir='ltr'><strong>ΤΙΤ.</strong></span> <span class='ocrx_word' id='word_1_5' title='bbox 994 192 1037 229; x_wconf 86' lang='grc' dir='ltr'><strong>ΙΙ,</strong></span> <span class='ocrx_word' id='word_1_6' title='bbox 1057 192 1137 223; x_wconf 88' lang='lat' dir='ltr'><strong>CAP.</strong></span> <span class='ocrx_word' id='word_1_7' title='bbox 1158 193 1184 224; x_wconf 90' lang='grc' dir='ltr'><strong>Ι.</strong></span> 
     </span>
    </p>
   </div>
   <div class='ocr_carea' id='block_1_3' title="bbox 1659 193 1728 226">
    <p class='ocr_par' dir='ltr' id='par_1_3' title="bbox 1659 193 1728 226">
     <span class='ocr_line' id='line_1_3' title="bbox 1659 193 1728 226; baseline -0.014 0"><span class='ocrx_word' id='word_1_8' title='bbox 1659 193 1728 226; x_wconf 87' lang='grc'><strong>1030</strong></span> 
     </span>
    </p>
   </div>
   <div class='ocr_carea' id='block_1_4' title="bbox 87 247 887 287">
    <p class='ocr_par' dir='ltr' id='par_1_4' title="bbox 87 247 880 287">
     <span class='ocr_line' id='line_1_4' title="bbox 87 247 880 287; baseline -0.006 -9"><span class='ocrx_word' id='word_1_9' title='bbox 87 249 241 287; x_wconf 81' lang='grc' dir='ltr'>κρατοῦσαν</span> <span class='ocrx_word' id='word_1_10' title='bbox 256 247 431 281; x_wconf 79' lang='grc' dir='ltr'>ἀκολουθίαν,</span> <span class='ocrx_word' id='word_1_11' title='bbox 451 247 499 275; x_wconf 76' lang='grc' dir='ltr'>καὶ</span> <span class='ocrx_word' id='word_1_12' title='bbox 515 247 563 274; x_wconf 77' lang='grc' dir='ltr'><strong>ἐπὶ</strong></span> <span class='ocrx_word' id='word_1_13' title='bbox 577 248 636 279; x_wconf 88' lang='grc' dir='ltr'>τοῖς</span> <span class='ocrx_word' id='word_1_14' title='bbox 653 247 788 279; x_wconf 83' lang='grc' dir='ltr'><strong>τοιούτοις</strong></span> <span class='ocrx_word' id='word_1_15' title='bbox 802 247 880 274; x_wconf 89' lang='grc' dir='ltr'>πολι-</span> 
     </span>
    </p>
   </div>
   <div class='ocr_carea' id='block_1_5' title="bbox 940 247 1729 287">
    <p class='ocr_par' dir='ltr' id='par_1_5' title="bbox 940 247 1729 285">
     <span class='ocr_line' id='line_1_5' title="bbox 940 247 1729 285; baseline 0.004 -11"><span class='ocrx_word' id='word_1_16' title='bbox 940 248 1050 283; x_wconf 71' lang='grc' dir='ltr'>ςυίιειοε</span> <span class='ocrx_word' id='word_1_17' title='bbox 1063 247 1208 276; x_wconf 72' lang='lat' dir='ltr'><strong>confestim</strong></span> <span class='ocrx_word' id='word_1_18' title='bbox 1226 248 1380 283; x_wconf 81' lang='lat' dir='ltr'><strong>solvantur,</strong></span> <span class='ocrx_word' id='word_1_19' title='bbox 1397 248 1447 285; x_wconf 85' lang='lat' dir='ltr'><strong>[ita</strong></span> <span class='ocrx_word' id='word_1_20' title='bbox 1460 248 1502 285; x_wconf 88' lang='lat' dir='ltr'><strong>ut]</strong></span> <span class='ocrx_word' id='word_1_21' title='bbox 1518 255 1608 285; x_wconf 89' lang='lat' dir='ltr'><strong>neque</strong></span> <span class='ocrx_word' id='word_1_22' title='bbox 1619 249 1729 277; x_wconf 85' lang='lat' dir='ltr'><strong>libellus</strong></span> 
     </span>
    </p>
   </div>
   <div class='ocr_carea' id='block_1_6' title="bbox 87 293 879 328">
    <p class='ocr_par' dir='ltr' id='par_1_6' title="bbox 87 293 879 328">
     <span class='ocr_line' id='line_1_6' title="bbox 87 293 879 328; baseline -0.004 -4"><span class='ocrx_word' id='word_1_23' title='bbox 87 296 223 328; x_wconf 80' lang='grc' dir='ltr'>τεύεσθαι,</span> <span class='ocrx_word' id='word_1_24' title='bbox 256 295 326 322; x_wconf 83' lang='grc' dir='ltr'>ἀλλὰ</span> <span class='ocrx_word' id='word_1_25' title='bbox 341 294 391 325; x_wconf 82' lang='grc' dir='ltr'>τὰς</span> <span class='ocrx_word' id='word_1_26' title='bbox 403 293 452 321; x_wconf 72' lang='grc' dir='ltr'><strong>ἐπὶ</strong></span> <span class='ocrx_word' id='word_1_27' title='bbox 478 294 540 326; x_wconf 82' lang='grc' dir='ltr'>ταῖς</span> <span class='ocrx_word' id='word_1_28' title='bbox 560 293 702 325; x_wconf 81' lang='grc' dir='ltr'><strong>τοιαύταις</strong></span> <span class='ocrx_word' id='word_1_29' title='bbox 716 293 879 321; x_wconf 72' lang='grc' dir='ltr'><strong>ὑποθέσεσιν</strong></span> 
     </span>
    </p>
   </div>
   <div class='ocr_carea' id='block_1_7' title="bbox 87 338 881 379">
    <p class='ocr_par' dir='ltr' id='par_1_7' title="bbox 87 338 881 379">
     <span class='ocr_line' id='line_1_7' title="bbox 87 338 881 379; baseline -0.008 -8"><span class='ocrx_word' id='word_1_30' title='bbox 87 342 262 379; x_wconf 80' lang='grc' dir='ltr'>ἀμφιϐολίας,</span> <span class='ocrx_word' id='word_1_31' title='bbox 275 340 445 369; x_wconf 75' lang='grc' dir='ltr'>άπεντεῠθεν</span> <span class='ocrx_word' id='word_1_32' title='bbox 465 339 589 372; x_wconf 88' lang='grc' dir='ltr'>λύεσθαι,</span> <span class='ocrx_word' id='word_1_33' title='bbox 607 339 645 376; x_wconf 81' lang='grc' dir='ltr'>μὴ</span> <span class='ocrx_word' id='word_1_34' title='bbox 667 338 794 366; x_wconf 83' lang='grc' dir='ltr'>λιϐέλλου</span> <span class='ocrx_word' id='word_1_35' title='bbox 810 339 881 366; x_wconf 86' lang='grc' dir='ltr'>διδο-</span> 
     </span>
    </p>
   </div>
   <div class='ocr_carea' id='block_1_8' title="bbox 87 384 876 423">
    <p class='ocr_par' dir='ltr' id='par_1_8' title="bbox 87 384 876 423">
     <span class='ocr_line' id='line_1_8' title="bbox 87 384 876 423; baseline -0.006 -8"><span class='ocrx_word' id='word_1_36' title='bbox 87 387 178 423; x_wconf 84' lang='grc' dir='ltr'>μένου,</span> <span class='ocrx_word' id='word_1_37' title='bbox 209 387 341 422; x_wconf 83' lang='grc' dir='ltr'>εἰδήσεως</span> <span class='ocrx_word' id='word_1_38' title='bbox 356 386 385 412; x_wconf 79' lang='grc' dir='ltr'>δὲ</span> <span class='ocrx_word' id='word_1_39' title='bbox 400 385 554 421; x_wconf 82' lang='grc' dir='ltr'>τριημέρου</span> <span class='ocrx_word' id='word_1_40' title='bbox 568 385 586 420; x_wconf 80' lang='grc' dir='ltr'>ἢ</span> <span class='ocrx_word' id='word_1_41' title='bbox 602 386 651 411; x_wconf 84' lang='grc' dir='ltr'>καὶ</span> <span class='ocrx_word' id='word_1_42' title='bbox 673 385 722 411; x_wconf 73' lang='grc' dir='ltr'><strong>ἐπὶ</strong></span> <span class='ocrx_word' id='word_1_43' title='bbox 742 384 876 420; x_wconf 80' lang='grc' dir='ltr'>τέταρτον</span> 
     </span>
    </p>
   </div>
   <div class='ocr_carea' id='block_1_9' title="bbox 87 429 882 470">
    <p class='ocr_par' dir='ltr' id='par_1_9' title="bbox 87 429 882 470">
     <span class='ocr_line' id='line_1_9' title="bbox 87 429 882 470; baseline -0.005 -9"><span class='ocrx_word' id='word_1_44' title='bbox 87 433 358 470; x_wconf 87' lang='grc' dir='ltr'>παρεκτεινομένης,</span> <span class='ocrx_word' id='word_1_45' title='bbox 387 433 500 468; x_wconf 86' lang='grc' dir='ltr'>μήτινος</span> <span class='ocrx_word' id='word_1_46' title='bbox 525 432 580 467; x_wconf 84' lang='grc' dir='ltr'><strong>γὰρ</strong></span> <span class='ocrx_word' id='word_1_47' title='bbox 596 430 760 466; x_wconf 77' lang='grc' dir='ltr'><strong>δικαστικῆς</strong></span> <span class='ocrx_word' id='word_1_48' title='bbox 785 429 882 457; x_wconf 81' lang='grc' dir='ltr'>ὑποθέ-</span> 
     </span>
    </p>
   </div>
   <div class='ocr_carea' id='block_1_10' title="bbox 89 477 883 514">
    <p class='ocr_par' dir='ltr' id='par_1_10' title="bbox 89 477 883 514">
     <span class='ocr_line' id='line_1_10' title="bbox 89 477 883 514; baseline -0.005 -7"><span class='ocrx_word' id='word_1_49' title='bbox 89 489 154 512; x_wconf 82' lang='grc' dir='ltr'>σεως</span> <span class='ocrx_word' id='word_1_50' title='bbox 177 478 409 514; x_wconf 82' lang='grc' dir='ltr'>ὲπεισαγομένης,</span> <span class='ocrx_word' id='word_1_51' title='bbox 422 479 439 514; x_wconf 83' lang='grc' dir='ltr'>ἡ</span> <span class='ocrx_word' id='word_1_52' title='bbox 466 478 521 505; x_wconf 84' lang='grc' dir='ltr'><strong>τῶν</strong></span> <span class='ocrx_word' id='word_1_53' title='bbox 534 477 693 513; x_wconf 77' lang='grc' dir='ltr'><strong>προσόντων</strong></span> <span class='ocrx_word' id='word_1_54' title='bbox 719 477 828 512; x_wconf 77' lang='grc' dir='ltr'><strong>ἑκάστῳ</strong></span> <span class='ocrx_word' id='word_1_55' title='bbox 843 477 883 503; x_wconf 77' lang='grc' dir='ltr'>δι·</span> 
     </span>
    </p>
   </div>
   <div class='ocr_carea' id='block_1_11' title="bbox 88 523 880 561">
    <p class='ocr_par' dir='ltr' id='par_1_11' title="bbox 88 523 880 561">
     <span class='ocr_line' id='line_1_11' title="bbox 88 523 880 561; baseline -0.006 -7"><span class='ocrx_word' id='word_1_56' title='bbox 88 526 171 554; x_wconf 78' lang='grc' dir='ltr'>καίων</span> <span class='ocrx_word' id='word_1_57' title='bbox 185 525 333 561; x_wconf 82' lang='grc' dir='ltr'>γενήσεται</span> <span class='ocrx_word' id='word_1_58' title='bbox 349 524 539 557; x_wconf 82' lang='grc' dir='ltr'>κατεξέτασις,</span> <span class='ocrx_word' id='word_1_59' title='bbox 554 524 603 551; x_wconf 84' lang='grc' dir='ltr'>καὶ</span> <span class='ocrx_word' id='word_1_60' title='bbox 624 523 880 559; x_wconf 85' lang='grc' dir='ltr'>μετακληθήσονται</span> 
     </span>
    </p>
   </div>
   <div class='ocr_carea' id='block_1_12' title="bbox 89 568 881 606">
    <p class='ocr_par' dir='ltr' id='par_1_12' title="bbox 89 568 881 606">
     <span class='ocr_line' id='line_1_12' title="bbox 89 568 881 606; baseline -0.004 -8"><span class='ocrx_word' id='word_1_61' title='bbox 89 571 133 598; x_wconf 78' lang='grc' dir='ltr'>καὶ</span> <span class='ocrx_word' id='word_1_62' title='bbox 155 571 241 606; x_wconf 81' lang='grc' dir='ltr'>ἄμφω</span> <span class='ocrx_word' id='word_1_63' title='bbox 269 570 305 597; x_wconf 87' lang='grc' dir='ltr'>τὰ</span> <span class='ocrx_word' id='word_1_64' title='bbox 333 570 404 605; x_wconf 86' lang='grc' dir='ltr'>μέρη</span> <span class='ocrx_word' id='word_1_65' title='bbox 425 569 487 605; x_wconf 84' lang='grc' dir='ltr'>δίχα</span> <span class='ocrx_word' id='word_1_66' title='bbox 513 569 586 601; x_wconf 82' lang='grc' dir='ltr'>τινὸς</span> <span class='ocrx_word' id='word_1_67' title='bbox 606 568 809 605; x_wconf 81' lang='grc' dir='ltr'><strong>ὑπερημερίας,</strong></span> <span class='ocrx_word' id='word_1_68' title='bbox 834 569 881 595; x_wconf 79' lang='grc' dir='ltr'>καὶ</span> 
     </span>
    </p>
   </div>
   <div class='ocr_carea' id='block_1_13' title="bbox 90 615 881 653">
    <p class='ocr_par' dir='ltr' id='par_1_13' title="bbox 90 615 881 653">
     <span class='ocr_line' id='line_1_13' title="bbox 90 615 881 653; baseline -0.004 -8"><span class='ocrx_word' id='word_1_69' title='bbox 90 617 326 653; x_wconf 80' lang='grc' dir='ltr'>άπαιτηθήσονται</span> <span class='ocrx_word' id='word_1_70' title='bbox 347 617 468 652; x_wconf 80' lang='grc' dir='ltr'>ἑκάτερα</span> <span class='ocrx_word' id='word_1_71' title='bbox 482 617 517 643; x_wconf 85' lang='grc' dir='ltr'>τὰ</span> <span class='ocrx_word' id='word_1_72' title='bbox 533 616 605 652; x_wconf 85' lang='grc' dir='ltr'>μέρη</span> <span class='ocrx_word' id='word_1_73' title='bbox 622 616 685 652; x_wconf 86' lang='grc' dir='ltr'>δίχα</span> <span class='ocrx_word' id='word_1_74' title='bbox 698 616 772 647; x_wconf 83' lang='grc' dir='ltr'>τινὸς</span> <span class='ocrx_word' id='word_1_75' title='bbox 789 616 824 643; x_wconf 88' lang='grc' dir='ltr'>τὰ</span> <span class='ocrx_word' id='word_1_76' title='bbox 836 615 881 642; x_wconf 89' lang='grc' dir='ltr'>δο-</span> 
     </span>
    </p>
   </div>
   <div class='ocr_carea' id='block_1_14' title="bbox 93 661 881 698">
    <p class='ocr_par' dir='ltr' id='par_1_14' title="bbox 93 661 881 698">
     <span class='ocr_line' id='line_1_14' title="bbox 93 661 881 698; baseline -0.001 -8"><span class='ocrx_word' id='word_1_77' title='bbox 93 663 191 690; x_wconf 82' lang='grc' dir='ltr'>κοῦντα</span> <span class='ocrx_word' id='word_1_78' title='bbox 209 662 361 690; x_wconf 76' lang='grc' dir='ltr'>συντείνειν</span> <span class='ocrx_word' id='word_1_79' title='bbox 372 663 465 694; x_wconf 78' lang='grc' dir='ltr'>αὐτοῖς</span> <span class='ocrx_word' id='word_1_80' title='bbox 480 662 678 698; x_wconf 80' lang='grc' dir='ltr'>προϐαλέσθαι,</span> <span class='ocrx_word' id='word_1_81' title='bbox 695 661 744 690; x_wconf 76' lang='grc' dir='ltr'>καὶ</span> <span class='ocrx_word' id='word_1_82' title='bbox 755 661 828 689; x_wconf 72' lang='grc' dir='ltr'>οὕτω</span> <span class='ocrx_word' id='word_1_83' title='bbox 847 661 881 689; x_wconf 85' lang='grc' dir='ltr'>δι’</span> 
     </span>
    </p>
   </div>
   <div class='ocr_carea' id='block_1_15' title="bbox 89 707 882 744">
    <p class='ocr_par' dir='ltr' id='par_1_15' title="bbox 89 707 882 744">
     <span class='ocr_line' id='line_1_15' title="bbox 89 707 882 744; baseline 0 -9"><span class='ocrx_word' id='word_1_84' title='bbox 89 709 177 743; x_wconf 78' lang='grc' dir='ltr'><strong>ὀλίγου</strong></span> <span class='ocrx_word' id='word_1_85' title='bbox 192 707 290 744; x_wconf 83' lang='grc' dir='ltr'>καιροῦ</span> <span class='ocrx_word' id='word_1_86' title='bbox 319 708 445 744; x_wconf 88' lang='grc' dir='ltr'>μηνιαίου</span> <span class='ocrx_word' id='word_1_87' title='bbox 459 708 554 743; x_wconf 80' lang='grc' dir='ltr'>τυχὸν,</span> <span class='ocrx_word' id='word_1_88' title='bbox 585 708 603 743; x_wconf 84' lang='grc' dir='ltr'>ἢ</span> <span class='ocrx_word' id='word_1_89' title='bbox 632 708 678 734; x_wconf 81' lang='grc' dir='ltr'>καὶ</span> <span class='ocrx_word' id='word_1_90' title='bbox 699 708 739 739; x_wconf 84' lang='grc' dir='ltr'>εἰς</span> <span class='ocrx_word' id='word_1_91' title='bbox 754 707 882 744; x_wconf 85' lang='grc' dir='ltr'>δεύτερον</span> 
     </span>
    </p>
   </div>
   <div class='ocr_carea' id='block_1_16' title="bbox 88 754 881 791">
    <p class='ocr_par' dir='ltr' id='par_1_16' title="bbox 88 754 881 791">
     <span class='ocr_line' id='line_1_16' title="bbox 88 754 881 791; baseline -0.003 -9"><span class='ocrx_word' id='word_1_92' title='bbox 88 754 335 791; x_wconf 78' lang='grc' dir='ltr'>παρεκτεινομένου</span> <span class='ocrx_word' id='word_1_93' title='bbox 354 755 426 782; x_wconf 86' lang='grc' dir='ltr'>κατὰ</span> <span class='ocrx_word' id='word_1_94' title='bbox 442 755 472 781; x_wconf 79' lang='grc' dir='ltr'>τὸ</span> <span class='ocrx_word' id='word_1_95' title='bbox 491 754 569 787; x_wconf 77' lang='grc' dir='ltr'>δόξαν</span> <span class='ocrx_word' id='word_1_96' title='bbox 587 754 627 790; x_wconf 82' lang='grc' dir='ltr'>τῷ</span> <span class='ocrx_word' id='word_1_97' title='bbox 641 754 774 790; x_wconf 79' lang='grc' dir='ltr'><strong>δικαστῇ,</strong></span> <span class='ocrx_word' id='word_1_98' title='bbox 793 762 881 790; x_wconf 85' lang='grc' dir='ltr'>προσ-</span> 
     </span>
    </p>
   </div>
   <div class='ocr_carea' id='block_1_17' title="bbox 88 800 881 837">
    <p class='ocr_par' dir='ltr' id='par_1_17' title="bbox 88 800 881 837">
     <span class='ocr_line' id='line_1_17' title="bbox 88 800 881 837; baseline -0.003 -9"><span class='ocrx_word' id='word_1_99' title='bbox 88 803 205 837; x_wconf 84' lang='grc' dir='ltr'>ήκουσαν</span> <span class='ocrx_word' id='word_1_100' title='bbox 230 801 333 834; x_wconf 79' lang='grc' dir='ltr'>δέξοιτο</span> <span class='ocrx_word' id='word_1_101' title='bbox 372 801 450 828; x_wconf 84' lang='grc' dir='ltr'>λύσιν</span> <span class='ocrx_word' id='word_1_102' title='bbox 476 801 507 828; x_wconf 83' lang='grc' dir='ltr'>τὸ</span> <span class='ocrx_word' id='word_1_103' title='bbox 536 800 680 836; x_wconf 79' lang='grc' dir='ltr'>ὰνακύψαν</span> <span class='ocrx_word' id='word_1_104' title='bbox 706 801 857 837; x_wconf 84' lang='grc' dir='ltr'>ἀμφίϐολον</span> <span class='ocrx_word' id='word_1_105' title='bbox 873 821 881 834; x_wconf 87' lang='grc'><strong>,</strong></span> 
     </span>
    </p>
   </div>
   <div class='ocr_carea' id='block_1_18' title="bbox 89 847 881 883">
    <p class='ocr_par' dir='ltr' id='par_1_18' title="bbox 89 847 881 883">
     <span class='ocr_line' id='line_1_18' title="bbox 89 847 881 883; baseline -0.001 -9"><span class='ocrx_word' id='word_1_106' title='bbox 89 847 264 883; x_wconf 74' lang='grc' dir='ltr'>τηρουμένων</span> <span class='ocrx_word' id='word_1_107' title='bbox 294 847 418 883; x_wconf 87' lang='grc' dir='ltr'>δηλονότι</span> <span class='ocrx_word' id='word_1_108' title='bbox 443 847 498 875; x_wconf 83' lang='grc' dir='ltr'><strong>τῶν</strong></span> <span class='ocrx_word' id='word_1_109' title='bbox 513 847 605 882; x_wconf 87' lang='grc' dir='ltr'>νόμων</span> <span class='ocrx_word' id='word_1_110' title='bbox 629 847 677 874; x_wconf 72' lang='grc' dir='ltr'><strong>ἐπὶ</strong></span> <span class='ocrx_word' id='word_1_111' title='bbox 693 847 744 883; x_wconf 86' lang='grc' dir='ltr'>τῆς</span> <span class='ocrx_word' id='word_1_112' title='bbox 773 847 881 879; x_wconf 75' lang='grc' dir='ltr'>οἰκείας</span> 
     </span>
    </p>
   </div>
   <div class='ocr_carea' id='block_1_19' title="bbox 88 892 882 930">
    <p class='ocr_par' dir='ltr' id='par_1_19' title="bbox 88 892 882 930">
     <span class='ocr_line' id='line_1_19' title="bbox 88 892 882 930; baseline -0.001 -10"><span class='ocrx_word' id='word_1_113' title='bbox 88 894 168 930; x_wconf 74' lang='grc' dir='ltr'>ἕδρας</span> <span class='ocrx_word' id='word_1_114' title='bbox 180 893 228 920; x_wconf 79' lang='grc' dir='ltr'>καὶ.</span> <span class='ocrx_word' id='word_1_115' title='bbox 240 893 418 929; x_wconf 81' lang='grc' dir='ltr'>παγιότητος.</span> <span class='ocrx_word' id='word_1_116' title='bbox 432 894 510 920; x_wconf 85' lang='grc' dir='ltr'>Ὅσοι</span> <span class='ocrx_word' id='word_1_117' title='bbox 525 893 564 929; x_wconf 86' lang='grc' dir='ltr'>μὴ</span> <span class='ocrx_word' id='word_1_118' title='bbox 575 893 650 928; x_wconf 81' lang='grc' dir='ltr'>μετὰ</span> <span class='ocrx_word' id='word_1_119' title='bbox 662 893 709 920; x_wconf 78' lang='grc' dir='ltr'><strong>τὸν</strong></span> <span class='ocrx_word' id='word_1_120' title='bbox 725 892 774 920; x_wconf 78' lang='grc' dir='ltr'>τοῦ</span> <span class='ocrx_word' id='word_1_121' title='bbox 787 893 882 920; x_wconf 86' lang='grc' dir='ltr'>τελευ-</span> 
     </span>
    </p>
   </div>
   <div class='ocr_carea' id='block_1_20' title="bbox 931 293 1730 331">
    <p class='ocr_par' dir='ltr' id='par_1_20' title="bbox 931 293 1730 331">
     <span class='ocr_line' id='line_1_20' title="bbox 931 293 1730 331; baseline 0.001 -10"><span class='ocrx_word' id='word_1_122' title='bbox 931 293 1025 328; x_wconf 90' lang='lat' dir='ltr'><strong>detur,</strong></span> <span class='ocrx_word' id='word_1_123' title='bbox 1052 300 1080 321; x_wconf 89' lang='lat' dir='ltr'><strong>et</strong></span> <span class='ocrx_word' id='word_1_124' title='bbox 1095 294 1216 329; x_wconf 77' lang='lat' dir='ltr'><strong>cognitio</strong></span> <span class='ocrx_word' id='word_1_125' title='bbox 1236 294 1263 322; x_wconf 94' lang='lat' dir='ltr'><strong>in</strong></span> <span class='ocrx_word' id='word_1_126' title='bbox 1288 298 1344 322; x_wconf 91' lang='lat' dir='ltr'><strong>tres</strong></span> <span class='ocrx_word' id='word_1_127' title='bbox 1361 300 1410 322; x_wconf 87' lang='lat' dir='ltr'><strong>aut</strong></span> <span class='ocrx_word' id='word_1_128' title='bbox 1431 294 1594 331; x_wconf 87' lang='lat' dir='ltr'><strong>[summum]</strong></span> <span class='ocrx_word' id='word_1_129' title='bbox 1610 299 1730 330; x_wconf 87' lang='lat' dir='ltr'><strong>quatuor</strong></span> 
     </span>
    </p>
   </div>
   <div class='ocr_carea' id='block_1_21' title="bbox 931 339 1730 375">
    <p class='ocr_par' dir='ltr' id='par_1_21' title="bbox 931 339 1730 375">
     <span class='ocr_line' id='line_1_21' title="bbox 931 339 1730 375; baseline 0.003 -8"><span class='ocrx_word' id='word_1_130' title='bbox 931 340 990 367; x_wconf 88' lang='lat' dir='ltr'><strong>dies</strong></span> <span class='ocrx_word' id='word_1_131' title='bbox 1007 339 1149 368; x_wconf 76' lang='lat' dir='ltr'><strong>differatur</strong></span> <span class='ocrx_word' id='word_1_132' title='bbox 1166 348 1173 368; x_wconf 90' lang='lat'><strong>:</strong></span> <span class='ocrx_word' id='word_1_133' title='bbox 1188 340 1263 368; x_wconf 86' lang='lat' dir='ltr'><strong>nulla</strong></span> <span class='ocrx_word' id='word_1_134' title='bbox 1274 340 1424 375; x_wconf 88' lang='lat' dir='ltr'><strong>judiciaria</strong></span> <span class='ocrx_word' id='word_1_135' title='bbox 1441 341 1575 369; x_wconf 74' lang='lat' dir='ltr'><strong>dilatione</strong></span> <span class='ocrx_word' id='word_1_136' title='bbox 1603 341 1730 369; x_wconf 85' lang='lat' dir='ltr'><strong>introdu-</strong></span> 
     </span>
    </p>
   </div>
   <div class='ocr_carea' id='block_1_22' title="bbox 932 385 1727 422">
    <p class='ocr_par' dir='ltr' id='par_1_22' title="bbox 932 385 1727 422">
     <span class='ocr_line' id='line_1_22' title="bbox 932 385 1727 422; baseline 0.003 -10"><span class='ocrx_word' id='word_1_137' title='bbox 932 385 1030 418; x_wconf 89' lang='lat' dir='ltr'><strong>ccnda,</strong></span> <span class='ocrx_word' id='word_1_138' title='bbox 1057 385 1123 420; x_wconf 88' lang='lat' dir='ltr'><strong>quid</strong></span> <span class='ocrx_word' id='word_1_139' title='bbox 1147 385 1250 420; x_wconf 87' lang='lat' dir='ltr'><strong>cuique</strong></span> <span class='ocrx_word' id='word_1_140' title='bbox 1273 385 1340 421; x_wconf 86' lang='lat' dir='ltr'><strong>jure</strong></span> <span class='ocrx_word' id='word_1_141' title='bbox 1367 390 1518 422; x_wconf 87' lang='lat' dir='ltr'><strong>competat,</strong></span> <span class='ocrx_word' id='word_1_142' title='bbox 1531 386 1727 422; x_wconf 88' lang='lat' dir='ltr'><strong>disquiratur:</strong></span> 
     </span>
    </p>
   </div>
   <div class='ocr_carea' id='block_1_23' title="bbox 932 432 1730 468">
    <p class='ocr_par' dir='ltr' id='par_1_23' title="bbox 932 432 1730 468">
     <span class='ocr_line' id='line_1_23' title="bbox 932 432 1730 468; baseline 0.003 -9"><span class='ocrx_word' id='word_1_143' title='bbox 932 432 1002 459; x_wconf 87' lang='lat' dir='ltr'><strong>citra</strong></span> <span class='ocrx_word' id='word_1_144' title='bbox 1017 439 1128 460; x_wconf 85' lang='lat' dir='ltr'><strong>onmem</strong></span> <span class='ocrx_word' id='word_1_145' title='bbox 1146 433 1308 461; x_wconf 83' lang='lat' dir='ltr'><strong>dilationem</strong></span> <span class='ocrx_word' id='word_1_146' title='bbox 1335 437 1455 468; x_wconf 88' lang='lat' dir='ltr'><strong>utraque</strong></span> <span class='ocrx_word' id='word_1_147' title='bbox 1475 441 1540 468; x_wconf 84' lang='lat' dir='ltr'><strong>pars</strong></span> <span class='ocrx_word' id='word_1_148' title='bbox 1556 438 1730 468; x_wconf 86' lang='lat' dir='ltr'><strong>accersatur,</strong></span> 
     </span>
    </p>
   </div>
   <div class='ocr_carea' id='block_1_24' title="bbox 931 478 1730 514">
    <p class='ocr_par' dir='ltr' id='par_1_24' title="bbox 931 478 1730 514">
     <span class='ocr_line' id='line_1_24' title="bbox 931 478 1730 514; baseline 0.003 -10"><span class='ocrx_word' id='word_1_149' title='bbox 931 482 1013 511; x_wconf 86' lang='lat' dir='ltr'><strong>atque</strong></span> <span class='ocrx_word' id='word_1_150' title='bbox 1025 481 1055 505; x_wconf 91' lang='lat' dir='ltr'><strong>ut</strong></span> <span class='ocrx_word' id='word_1_151' title='bbox 1068 478 1134 513; x_wconf 87' lang='lat' dir='ltr'><strong>quid</strong></span> <span class='ocrx_word' id='word_1_152' title='bbox 1150 478 1223 513; x_wconf 87' lang='lat' dir='ltr'><strong>juris</strong></span> <span class='ocrx_word' id='word_1_153' title='bbox 1239 485 1269 506; x_wconf 89' lang='lat' dir='ltr'><strong>se</strong></span> <span class='ocrx_word' id='word_1_154' title='bbox 1282 478 1390 506; x_wconf 86' lang='lat' dir='ltr'><strong>habere</strong></span> <span class='ocrx_word' id='word_1_155' title='bbox 1400 483 1487 514; x_wconf 89' lang='lat' dir='ltr'><strong>putet,</strong></span> <span class='ocrx_word' id='word_1_156' title='bbox 1502 484 1656 514; x_wconf 87' lang='lat' dir='ltr'><strong>proponat,</strong></span> <span class='ocrx_word' id='word_1_157' title='bbox 1668 479 1730 507; x_wconf 78' lang='lat' dir='ltr'><strong>exi-</strong></span> 
     </span>
    </p>
   </div>
   <div class='ocr_carea' id='block_1_25' title="bbox 933 524 1730 560">
    <p class='ocr_par' dir='ltr' id='par_1_25' title="bbox 933 524 1730 560">
     <span class='ocr_line' id='line_1_25' title="bbox 933 524 1730 560; baseline 0.003 -10"><span class='ocrx_word' id='word_1_158' title='bbox 933 528 1014 558; x_wconf 73' lang='lat' dir='ltr'><strong>gatur</strong></span> <span class='ocrx_word' id='word_1_159' title='bbox 1027 532 1035 551; x_wconf 90' lang='lat'><strong>:</strong></span> <span class='ocrx_word' id='word_1_160' title='bbox 1047 527 1160 558; x_wconf 90' lang='lat' dir='ltr'><strong>tumque</strong></span> <span class='ocrx_word' id='word_1_161' title='bbox 1171 524 1282 551; x_wconf 89' lang='lat' dir='ltr'><strong>demum</strong></span> <span class='ocrx_word' id='word_1_162' title='bbox 1293 531 1342 560; x_wconf 92' lang='lat' dir='ltr'><strong>per</strong></span> <span class='ocrx_word' id='word_1_163' title='bbox 1353 524 1436 552; x_wconf 80' lang='lat' dir='ltr'><strong>breve</strong></span> <span class='ocrx_word' id='word_1_164' title='bbox 1447 528 1556 560; x_wconf 83' lang='lat' dir='ltr'><strong>tempus</strong></span> <span class='ocrx_word' id='word_1_165' title='bbox 1568 526 1595 552; x_wconf 92' lang='lat' dir='ltr'><strong>in</strong></span> <span class='ocrx_word' id='word_1_166' title='bbox 1606 532 1730 553; x_wconf 87' lang='lat' dir='ltr'><strong>mensem</strong></span> 
     </span>
    </p>
   </div>
   <div class='ocr_carea' id='block_1_26' title="bbox 933 569 1731 605">
    <p class='ocr_par' dir='ltr' id='par_1_26' title="bbox 933 569 1731 605">
     <span class='ocr_line' id='line_1_26' title="bbox 933 569 1731 605; baseline 0.003 -9"><span class='ocrx_word' id='word_1_167' title='bbox 933 569 1006 597; x_wconf 86' lang='lat' dir='ltr'><strong>forte</strong></span> <span class='ocrx_word' id='word_1_168' title='bbox 1021 569 1130 605; x_wconf 91' lang='lat' dir='ltr'><strong>[unum]</strong></span> <span class='ocrx_word' id='word_1_169' title='bbox 1145 573 1192 597; x_wconf 85' lang='lat' dir='ltr'><strong>aut</strong></span> <span class='ocrx_word' id='word_1_170' title='bbox 1207 570 1290 597; x_wconf 88' lang='lat' dir='ltr'><strong>etiam</strong></span> <span class='ocrx_word' id='word_1_171' title='bbox 1308 570 1425 598; x_wconf 90' lang='lat' dir='ltr'><strong>alterum</strong></span> <span class='ocrx_word' id='word_1_172' title='bbox 1446 571 1658 604; x_wconf 75' lang='lat' dir='ltr'><strong>extendendum,</strong></span> <span class='ocrx_word' id='word_1_173' title='bbox 1686 578 1731 598; x_wconf 82' lang='lat' dir='ltr'><strong>res</strong></span> 
     </span>
    </p>
   </div>
   <div class='ocr_carea' id='block_1_27' title="bbox 932 615 1730 651">
    <p class='ocr_par' dir='ltr' id='par_1_27' title="bbox 932 615 1730 651">
     <span class='ocr_line' id='line_1_27' title="bbox 932 615 1730 651; baseline 0.003 -9"><span class='ocrx_word' id='word_1_174' title='bbox 932 615 959 642; x_wconf 94' lang='lat' dir='ltr'><strong>in</strong></span> <span class='ocrx_word' id='word_1_175' title='bbox 972 615 1189 643; x_wconf 86' lang='lat' dir='ltr'><strong>controversiam</strong></span> <span class='ocrx_word' id='word_1_176' title='bbox 1202 616 1330 648; x_wconf 86' lang='lat' dir='ltr'><strong>deducta,</strong></span> <span class='ocrx_word' id='word_1_177' title='bbox 1342 620 1424 651; x_wconf 88' lang='lat' dir='ltr'><strong>prout</strong></span> <span class='ocrx_word' id='word_1_178' title='bbox 1433 616 1520 651; x_wconf 85' lang='lat' dir='ltr'><strong>judici</strong></span> <span class='ocrx_word' id='word_1_179' title='bbox 1530 617 1621 644; x_wconf 91' lang='lat' dir='ltr'><strong>visum</strong></span> <span class='ocrx_word' id='word_1_180' title='bbox 1635 617 1730 648; x_wconf 83' lang='lat' dir='ltr'><strong>fuerit.</strong></span> 
     </span>
    </p>
   </div>
   <div class='ocr_carea' id='block_1_28' title="bbox 932 661 1730 701">
    <p class='ocr_par' dir='ltr' id='par_1_28' title="bbox 932 661 1730 701">
     <span class='ocr_line' id='line_1_28' title="bbox 932 661 1730 701; baseline 0.004 -12"><span class='ocrx_word' id='word_1_181' title='bbox 932 662 1131 689; x_wconf 84' lang='lat' dir='ltr'><strong>convenienter</strong></span> <span class='ocrx_word' id='word_1_182' title='bbox 1146 662 1293 689; x_wconf 84' lang='lat' dir='ltr'><strong>dirimatur</strong></span> <span class='ocrx_word' id='word_1_183' title='bbox 1309 671 1316 689; x_wconf 87' lang='lat'><strong>:</strong></span> <span class='ocrx_word' id='word_1_184' title='bbox 1332 661 1375 698; x_wconf 88' lang='lat' dir='ltr'><strong>[ut</strong></span> <span class='ocrx_word' id='word_1_185' title='bbox 1392 662 1497 699; x_wconf 87' lang='lat' dir='ltr'><strong>tamen]</strong></span> <span class='ocrx_word' id='word_1_186' title='bbox 1514 663 1541 690; x_wconf 96' lang='lat' dir='ltr'><strong>in</strong></span> <span class='ocrx_word' id='word_1_187' title='bbox 1559 671 1608 691; x_wconf 87' lang='lat' dir='ltr'><strong>sua</strong></span> <span class='ocrx_word' id='word_1_188' title='bbox 1626 662 1730 701; x_wconf 87' lang='lat' dir='ltr'><strong>[quasi]</strong></span> 
     </span>
    </p>
   </div>
   <div class='ocr_carea' id='block_1_29' title="bbox 932 707 1732 746">
    <p class='ocr_par' dir='ltr' id='par_1_29' title="bbox 932 707 1732 746">
     <span class='ocr_line' id='line_1_29' title="bbox 932 707 1732 746; baseline 0.005 -11"><span class='ocrx_word' id='word_1_189' title='bbox 932 708 997 735; x_wconf 89' lang='lat' dir='ltr'><strong>sede</strong></span> <span class='ocrx_word' id='word_1_190' title='bbox 1014 714 1047 734; x_wconf 91' lang='lat' dir='ltr'><strong>ac</strong></span> <span class='ocrx_word' id='word_1_191' title='bbox 1063 707 1202 735; x_wconf 84' lang='lat' dir='ltr'><strong>soliditate</strong></span> <span class='ocrx_word' id='word_1_192' title='bbox 1215 707 1332 735; x_wconf 86' lang='lat' dir='ltr'><strong>firmiter</strong></span> <span class='ocrx_word' id='word_1_193' title='bbox 1345 712 1476 735; x_wconf 86' lang='lat' dir='ltr'><strong>maneant</strong></span> <span class='ocrx_word' id='word_1_194' title='bbox 1489 707 1551 745; x_wconf 65' lang='lat' dir='ltr'><strong>[ea]</strong></span> <span class='ocrx_word' id='word_1_195' title='bbox 1570 709 1654 744; x_wconf 80' lang='lat' dir='ltr'><strong>leges,</strong></span> <span class='ocrx_word' id='word_1_196' title='bbox 1669 718 1732 746; x_wconf 69' lang='lat' dir='ltr'><strong>qua:</strong></span> 
     </span>
    </p>
   </div>
   <div class='ocr_carea' id='block_1_30' title="bbox 935 753 1732 790">
    <p class='ocr_par' dir='ltr' id='par_1_30' title="bbox 935 753 1732 790">
     <span class='ocr_line' id='line_1_30' title="bbox 935 753 1732 790; baseline 0.008 -10"><span class='ocrx_word' id='word_1_197' title='bbox 935 761 991 781; x_wconf 90' lang='lat' dir='ltr'><strong>non</strong></span> <span class='ocrx_word' id='word_1_198' title='bbox 1004 761 1069 781; x_wconf 87' lang='lat' dir='ltr'><strong>mox</strong></span> <span class='ocrx_word' id='word_1_199' title='bbox 1084 762 1098 780; x_wconf 88' lang='lat' dir='ltr'><strong>a</strong></span> <span class='ocrx_word' id='word_1_200' title='bbox 1110 753 1235 781; x_wconf 84' lang='lat' dir='ltr'><strong>defuncti</strong></span> <span class='ocrx_word' id='word_1_201' title='bbox 1251 759 1352 787; x_wconf 89' lang='lat' dir='ltr'><strong>morte,</strong></span> <span class='ocrx_word' id='word_1_202' title='bbox 1369 755 1417 782; x_wconf 88' lang='lat' dir='ltr'><strong>sed</strong></span> <span class='ocrx_word' id='word_1_203' title='bbox 1432 760 1495 790; x_wconf 83' lang='lat' dir='ltr'><strong>post</strong></span> <span class='ocrx_word' id='word_1_204' title='bbox 1507 755 1612 789; x_wconf 85' lang='lat' dir='ltr'><strong>aliquot</strong></span> <span class='ocrx_word' id='word_1_205' title='bbox 1624 757 1732 786; x_wconf 91' lang='lat' dir='ltr'><strong>dierum</strong></span> 
     </span>
    </p>
   </div>
   <div class='ocr_carea' id='block_1_31' title="bbox 931 799 1733 836">
    <p class='ocr_par' dir='ltr' id='par_1_31' title="bbox 931 799 1733 836">
     <span class='ocr_line' id='line_1_31' title="bbox 931 799 1733 836; baseline 0.005 -10"><span class='ocrx_word' id='word_1_206' title='bbox 931 799 1079 826; x_wconf 86' lang='lat' dir='ltr'><strong>decursum</strong></span> <span class='ocrx_word' id='word_1_207' title='bbox 1110 807 1291 827; x_wconf 83' lang='lat' dir='ltr'><strong>successores</strong></span> <span class='ocrx_word' id='word_1_208' title='bbox 1316 800 1405 835; x_wconf 83' lang='lat' dir='ltr'><strong>ipsius</strong></span> <span class='ocrx_word' id='word_1_209' title='bbox 1435 800 1463 827; x_wconf 92' lang='lat' dir='ltr'><strong>in</strong></span> <span class='ocrx_word' id='word_1_210' title='bbox 1492 800 1628 836; x_wconf 84' lang='lat' dir='ltr'><strong>judicium</strong></span> <span class='ocrx_word' id='word_1_211' title='bbox 1660 803 1733 831; x_wconf 82' lang='lat' dir='ltr'><strong>trahi</strong></span> 
     </span>
    </p>
   </div>
   <div class='ocr_carea' id='block_1_32' title="bbox 933 845 1730 881">
    <p class='ocr_par' dir='ltr' id='par_1_32' title="bbox 933 845 1730 881">
     <span class='ocr_line' id='line_1_32' title="bbox 933 845 1730 881; baseline 0.006 -10"><span class='ocrx_word' id='word_1_212' title='bbox 933 849 1066 878; x_wconf 88' lang='lat' dir='ltr'><strong>statuunt,</strong></span> <span class='ocrx_word' id='word_1_213' title='bbox 1081 845 1319 880; x_wconf 82' lang='lat' dir='ltr'><strong>quemadmodum</strong></span> <span class='ocrx_word' id='word_1_214' title='bbox 1334 853 1395 880; x_wconf 84' lang='lat' dir='ltr'><strong>quae</strong></span> <span class='ocrx_word' id='word_1_215' title='bbox 1414 846 1467 873; x_wconf 92' lang='lat' dir='ltr'><strong>huc</strong></span> <span class='ocrx_word' id='word_1_216' title='bbox 1483 846 1623 881; x_wconf 80' lang='lat' dir='ltr'><strong>pertinent</strong></span> <span class='ocrx_word' id='word_1_217' title='bbox 1640 847 1730 877; x_wconf 83' lang='lat' dir='ltr'><strong>fusius</strong></span> 
     </span>
    </p>
   </div>
   <div class='ocr_carea' id='block_1_33' title="bbox 933 889 1732 926">
    <p class='ocr_par' dir='ltr' id='par_1_33' title="bbox 933 889 1732 926">
     <span class='ocr_line' id='line_1_33' title="bbox 933 889 1732 926; baseline 0.005 -10"><span class='ocrx_word' id='word_1_218' title='bbox 933 889 960 916; x_wconf 95' lang='lat' dir='ltr'><strong>in</strong></span> <span class='ocrx_word' id='word_1_219' title='bbox 983 889 1108 917; x_wconf 86' lang='lat' dir='ltr'><strong>Basilicis</strong></span> <span class='ocrx_word' id='word_1_220' title='bbox 1127 894 1243 917; x_wconf 86' lang='lat' dir='ltr'><strong>tractata</strong></span> <span class='ocrx_word' id='word_1_221' title='bbox 1261 893 1335 916; x_wconf 85' lang='lat' dir='ltr'><strong>sunt.</strong></span> <span class='ocrx_word' id='word_1_222' title='bbox 1360 890 1389 917; x_wconf 86' lang='lat' dir='ltr'><strong>Si</strong></span> <span class='ocrx_word' id='word_1_223' title='bbox 1415 898 1479 918; x_wconf 80' lang='lat' dir='ltr'><strong>vero</strong></span> <span class='ocrx_word' id='word_1_224' title='bbox 1505 896 1668 926; x_wconf 82' lang='lat' dir='ltr'><strong>procurator</strong></span> <span class='ocrx_word' id='word_1_225' title='bbox 1695 892 1732 920; x_wconf 87' lang='lat' dir='ltr'><strong>ad</strong></span> 
     </span>
    </p>
   </div>
   <div class='ocr_carea' id='block_1_34' title="bbox 89 936 887 976">
    <p class='ocr_par' dir='ltr' id='par_1_34' title="bbox 89 939 887 976">
     <span class='ocr_line' id='line_1_34' title="bbox 89 939 887 976; baseline 0 -10"><span class='ocrx_word' id='word_1_226' title='bbox 89 941 224 976; x_wconf 76' lang='grc' dir='ltr'>τήσαντος</span> <span class='ocrx_word' id='word_1_227' title='bbox 240 940 368 974; x_wconf 85' lang='grc' dir='ltr'>θάνατον,</span> <span class='ocrx_word' id='word_1_228' title='bbox 387 940 472 972; x_wconf 82' lang='grc' dir='ltr'>εὐθὺς</span> <span class='ocrx_word' id='word_1_229' title='bbox 489 941 552 972; x_wconf 80' lang='grc' dir='ltr'>τοὺς</span> <span class='ocrx_word' id='word_1_230' title='bbox 569 941 676 967; x_wconf 77' lang='grc' dir='ltr'>ἐκείνου</span> <span class='ocrx_word' id='word_1_231' title='bbox 690 939 829 976; x_wconf 82' lang='grc' dir='ltr'>διαδόχους</span> <span class='ocrx_word' id='word_1_232' title='bbox 847 941 887 972; x_wconf 80' lang='grc' dir='ltr'><strong>εἰς</strong></span> 
     </span>
    </p>
   </div>
   <div class='ocr_carea' id='block_1_35' title="bbox 940 936 1734 976">
    <p class='ocr_par' dir='ltr' id='par_1_35' title="bbox 940 936 1734 971">
     <span class='ocr_line' id='line_1_35' title="bbox 940 936 1734 971; baseline 0.004 -8"><span class='ocrx_word' id='word_1_233' title='bbox 940 936 1098 964; x_wconf 82' lang='lat' dir='ltr'><strong>dilationem</strong></span> <span class='ocrx_word' id='word_1_234' title='bbox 1115 943 1230 971; x_wconf 82' lang='lat' dir='ltr'><strong>vergere</strong></span> <span class='ocrx_word' id='word_1_235' title='bbox 1245 936 1371 963; x_wconf 86' lang='lat' dir='ltr'><strong>videatur</strong></span> <span class='ocrx_word' id='word_1_236' title='bbox 1382 955 1391 969; x_wconf 86' lang='lat'><strong>,</strong></span> <span class='ocrx_word' id='word_1_237' title='bbox 1414 943 1502 971; x_wconf 86' lang='lat' dir='ltr'><strong>eaque</strong></span> <span class='ocrx_word' id='word_1_238' title='bbox 1527 937 1591 965; x_wconf 91' lang='lat' dir='ltr'><strong>dolo</strong></span> <span class='ocrx_word' id='word_1_239' title='bbox 1609 943 1734 967; x_wconf 84' lang='lat' dir='ltr'><strong>evertere</strong></span> 
     </span>
    </p>
   </div>
   <div class='ocr_carea' id='block_1_36' title="bbox 90 985 884 1022">
    <p class='ocr_par' dir='ltr' id='par_1_36' title="bbox 90 985 884 1022">
     <span class='ocr_line' id='line_1_36' title="bbox 90 985 884 1022; baseline 0 -10"><span class='ocrx_word' id='word_1_240' title='bbox 90 986 264 1022; x_wconf 83' lang='grc' dir='ltr'>δικαστήριον</span> <span class='ocrx_word' id='word_1_241' title='bbox 296 986 426 1013; x_wconf 72' lang='grc' dir='ltr'>ἕλκεσθαι</span> <span class='ocrx_word' id='word_1_242' title='bbox 455 985 669 1019; x_wconf 80' lang='grc' dir='ltr'>διακελεύονται,</span> <span class='ocrx_word' id='word_1_243' title='bbox 711 985 780 1013; x_wconf 80' lang='grc' dir='ltr'>ἀλλὰ</span> <span class='ocrx_word' id='word_1_244' title='bbox 814 986 884 1021; x_wconf 86' lang='grc' dir='ltr'>μετὰ</span> 
     </span>
    </p>
   </div>
   <div class='ocr_carea' id='block_1_37' title="bbox 91 1031 884 1068">
    <p class='ocr_par' dir='ltr' id='par_1_37' title="bbox 91 1031 884 1068">
     <span class='ocr_line' id='line_1_37' title="bbox 91 1031 884 1068; baseline 0.001 -10"><span class='ocrx_word' id='word_1_245' title='bbox 91 1032 270 1068; x_wconf 84' lang='grc' dir='ltr'>παραδρομὴν</span> <span class='ocrx_word' id='word_1_246' title='bbox 287 1032 401 1068; x_wconf 83' lang='grc' dir='ltr'>ἡμερῶν</span> <span class='ocrx_word' id='word_1_247' title='bbox 415 1040 508 1065; x_wconf 84' lang='grc' dir='ltr'>τινων,</span> <span class='ocrx_word' id='word_1_248' title='bbox 524 1031 617 1064; x_wconf 84' lang='grc' dir='ltr'>καθὼς</span> <span class='ocrx_word' id='word_1_249' title='bbox 642 1032 677 1059; x_wconf 82' lang='grc' dir='ltr'>τὰ</span> <span class='ocrx_word' id='word_1_250' title='bbox 700 1033 765 1068; x_wconf 75' lang='grc' dir='ltr'>περὶ</span> <span class='ocrx_word' id='word_1_251' title='bbox 780 1032 884 1059; x_wconf 87' lang='grc' dir='ltr'>τούτων</span> 
     </span>
    </p>
   </div>
   <div class='ocr_carea' id='block_1_38' title="bbox 92 1078 884 1114">
    <p class='ocr_par' dir='ltr' id='par_1_38' title="bbox 92 1078 884 1114">
     <span class='ocr_line' id='line_1_38' title="bbox 92 1078 884 1114; baseline -0.001 -9"><span class='ocrx_word' id='word_1_252' title='bbox 92 1079 260 1114; x_wconf 80' lang='grc' dir='ltr'>πλατύτερον</span> <span class='ocrx_word' id='word_1_253' title='bbox 288 1080 345 1110; x_wconf 83' lang='grc' dir='ltr'>τοῖς</span> <span class='ocrx_word' id='word_1_254' title='bbox 368 1078 521 1114; x_wconf 80' lang='grc' dir='ltr'>βασιλικοῖς</span> <span class='ocrx_word' id='word_1_255' title='bbox 550 1078 740 1114; x_wconf 83' lang='grc' dir='ltr'>διηγόρευται.</span> <span class='ocrx_word' id='word_1_256' title='bbox 758 1078 791 1104; x_wconf 78' lang='lat' dir='ltr'><strong>Et</strong></span> <span class='ocrx_word' id='word_1_257' title='bbox 808 1078 837 1105; x_wconf 81' lang='grc' dir='ltr'><strong>δέ</strong></span> <span class='ocrx_word' id='word_1_258' title='bbox 852 1086 884 1112; x_wconf 86' lang='grc' dir='ltr'>γε</span> 
     </span>
    </p>
   </div>
   <div class='ocr_carea' id='block_1_39' title="bbox 91 1123 886 1160">
    <p class='ocr_par' dir='ltr' id='par_1_39' title="bbox 91 1123 886 1160">
     <span class='ocr_line' id='line_1_39' title="bbox 91 1123 886 1160; baseline -0.001 -9"><span class='ocrx_word' id='word_1_259' title='bbox 91 1124 238 1160; x_wconf 74' lang='grc' dir='ltr'>ἐπίτροπος</span> <span class='ocrx_word' id='word_1_260' title='bbox 246 1125 288 1156; x_wconf 86' lang='grc' dir='ltr'><strong>είς</strong></span> <span class='ocrx_word' id='word_1_261' title='bbox 298 1124 462 1160; x_wconf 79' lang='grc' dir='ltr'>ὑπερθέσεις</span> <span class='ocrx_word' id='word_1_262' title='bbox 473 1124 571 1160; x_wconf 87' lang='grc' dir='ltr'>φανείη</span> <span class='ocrx_word' id='word_1_263' title='bbox 583 1124 693 1159; x_wconf 85' lang='grc' dir='ltr'>χωρῶν,</span> <span class='ocrx_word' id='word_1_264' title='bbox 709 1124 757 1150; x_wconf 77' lang='grc' dir='ltr'>καὶ</span> <span class='ocrx_word' id='word_1_265' title='bbox 771 1123 886 1150; x_wconf 85' lang='grc' dir='ltr'>τοιαῦτα</span> 
     </span>
    </p>
   </div>
   <div class='ocr_carea' id='block_1_40' title="bbox 92 1169 886 1206">
    <p class='ocr_par' dir='ltr' id='par_1_40' title="bbox 92 1169 886 1206">
     <span class='ocr_line' id='line_1_40' title="bbox 92 1169 886 1206; baseline -0.001 -9"><span class='ocrx_word' id='word_1_266' title='bbox 92 1170 237 1206; x_wconf 81' lang='grc' dir='ltr'>σκαιωρῶν</span> <span class='ocrx_word' id='word_1_267' title='bbox 255 1170 408 1206; x_wconf 87' lang='grc' dir='ltr'>φωραθείη,</span> <span class='ocrx_word' id='word_1_268' title='bbox 427 1171 474 1197; x_wconf 80' lang='grc' dir='ltr'>καὶ</span> <span class='ocrx_word' id='word_1_269' title='bbox 500 1170 567 1205; x_wconf 76' lang='grc' dir='ltr'>πρὸς</span> <span class='ocrx_word' id='word_1_270' title='bbox 593 1169 819 1206; x_wconf 83' lang='grc' dir='ltr'>ὑπερϐιϐασμοὺς</span> <span class='ocrx_word' id='word_1_271' title='bbox 832 1178 886 1205; x_wconf 86' lang='grc' dir='ltr'><strong>χω-</strong></span> 
     </span>
    </p>
   </div>
   <div class='ocr_carea' id='block_1_41' title="bbox 91 1216 890 1253">
    <p class='ocr_par' dir='ltr' id='par_1_41' title="bbox 91 1216 890 1253">
     <span class='ocr_line' id='line_1_41' title="bbox 91 1216 890 1253; baseline 0 -10"><span class='ocrx_word' id='word_1_272' title='bbox 91 1217 176 1253; x_wconf 82' lang='grc' dir='ltr'>ρήσῃ,</span> <span class='ocrx_word' id='word_1_273' title='bbox 194 1216 232 1252; x_wconf 80' lang='grc' dir='ltr'>μὴ</span> <span class='ocrx_word' id='word_1_274' title='bbox 246 1217 332 1244; x_wconf 83' lang='grc' dir='ltr'>ποιῶν</span> <span class='ocrx_word' id='word_1_275' title='bbox 350 1216 445 1248; x_wconf 89' lang='grc' dir='ltr'>καθὼς</span> <span class='ocrx_word' id='word_1_276' title='bbox 461 1217 475 1243; x_wconf 85' lang='grc' dir='ltr'><strong>ό</strong></span> <span class='ocrx_word' id='word_1_277' title='bbox 491 1216 652 1251; x_wconf 82' lang='grc' dir='ltr'>διαθέμενος</span> <span class='ocrx_word' id='word_1_278' title='bbox 666 1216 818 1249; x_wconf 82' lang='grc' dir='ltr'>διετάξατο,</span> <span class='ocrx_word' id='word_1_279' title='bbox 839 1217 890 1252; x_wconf 83' lang='grc' dir='ltr'><strong>τῆς</strong></span> 
     </span>
    </p>
   </div>
   <div class='ocr_carea' id='block_1_42' title="bbox 91 1261 882 1298">
    <p class='ocr_par' dir='ltr' id='par_1_42' title="bbox 91 1261 882 1298">
     <span class='ocr_line' id='line_1_42' title="bbox 91 1261 882 1298; baseline -0.001 -9"><span class='ocrx_word' id='word_1_280' title='bbox 91 1262 244 1298; x_wconf 77' lang='grc' dir='ltr'>ἐπιτροπῆς</span> <span class='ocrx_word' id='word_1_281' title='bbox 256 1262 304 1289; x_wconf 80' lang='grc' dir='ltr'>καὶ</span> <span class='ocrx_word' id='word_1_282' title='bbox 335 1262 492 1297; x_wconf 72' lang='grc' dir='ltr'>οἰκονομίας</span> <span class='ocrx_word' id='word_1_283' title='bbox 514 1262 569 1288; x_wconf 81' lang='grc' dir='ltr'><strong>τῶν</strong></span> <span class='ocrx_word' id='word_1_284' title='bbox 594 1261 641 1289; x_wconf 85' lang='grc' dir='ltr'>τοῦ</span> <span class='ocrx_word' id='word_1_285' title='bbox 667 1261 882 1297; x_wconf 75' lang='grc' dir='ltr'>τελευτήσαντος</span> 
     </span>
    </p>
   </div>
   <div class='ocr_carea' id='block_1_43' title="bbox 91 1305 888 1343">
    <p class='ocr_par' dir='ltr' id='par_1_43' title="bbox 91 1305 888 1343">
     <span class='ocr_line' id='line_1_43' title="bbox 91 1305 888 1343; baseline -0.003 -9"><span class='ocrx_word' id='word_1_286' title='bbox 91 1308 265 1343; x_wconf 79' lang='grc' dir='ltr'>πραγμάτων</span> <span class='ocrx_word' id='word_1_287' title='bbox 278 1306 542 1343; x_wconf 84' lang='grc' dir='ltr'>μετακινηθήσεται,</span> <span class='ocrx_word' id='word_1_288' title='bbox 551 1305 753 1342; x_wconf 80' lang='grc' dir='ltr'>ἀνατεθήσεται</span> <span class='ocrx_word' id='word_1_289' title='bbox 761 1306 790 1333; x_wconf 81' lang='grc' dir='ltr'>δὲ</span> <span class='ocrx_word' id='word_1_290' title='bbox 804 1305 888 1341; x_wconf 81' lang='grc' dir='ltr'>αὕτη,</span> 
     </span>
    </p>
   </div>
   <div class='ocr_carea' id='block_1_44' title="bbox 91 1350 886 1389">
    <p class='ocr_par' dir='ltr' id='par_1_44' title="bbox 91 1350 886 1389">
     <span class='ocr_line' id='line_1_44' title="bbox 91 1350 886 1389; baseline 0 -10"><span class='ocrx_word' id='word_1_291' title='bbox 91 1350 136 1385; x_wconf 75' lang='grc' dir='ltr'>οἷς</span> <span class='ocrx_word' id='word_1_292' title='bbox 149 1353 184 1380; x_wconf 84' lang='grc' dir='ltr'>ἂν</span> <span class='ocrx_word' id='word_1_293' title='bbox 196 1354 211 1380; x_wconf 85' lang='grc' dir='ltr'>ὁ</span> <span class='ocrx_word' id='word_1_294' title='bbox 227 1353 356 1388; x_wconf 87' lang='grc' dir='ltr'>βασιλεὺς</span> <span class='ocrx_word' id='word_1_295' title='bbox 372 1353 536 1388; x_wconf 85' lang='grc' dir='ltr'>διορίσηται,</span> <span class='ocrx_word' id='word_1_296' title='bbox 553 1353 570 1389; x_wconf 81' lang='grc' dir='ltr'><strong>ἢ</strong></span> <span class='ocrx_word' id='word_1_297' title='bbox 587 1352 684 1380; x_wconf 88' lang='grc' dir='ltr'>τούτου</span> <span class='ocrx_word' id='word_1_298' title='bbox 703 1352 767 1384; x_wconf 76' lang='grc' dir='ltr'>ἴσως</span> <span class='ocrx_word' id='word_1_299' title='bbox 782 1352 886 1387; x_wconf 82' lang='grc' dir='ltr'>ἀποδη-</span> 
     </span>
    </p>
   </div>
   <div class='ocr_carea' id='block_1_45' title="bbox 93 1399 888 1435">
    <p class='ocr_par' dir='ltr' id='par_1_45' title="bbox 93 1399 888 1435">
     <span class='ocr_line' id='line_1_45' title="bbox 93 1399 888 1435; baseline -0.001 -9"><span class='ocrx_word' id='word_1_300' title='bbox 93 1399 221 1434; x_wconf 84' lang='grc' dir='ltr'>μοῦντος,</span> <span class='ocrx_word' id='word_1_301' title='bbox 240 1400 255 1426; x_wconf 87' lang='grc' dir='ltr'><strong>ό</strong></span> <span class='ocrx_word' id='word_1_302' title='bbox 270 1400 319 1435; x_wconf 80' lang='grc' dir='ltr'>τῆς</span> <span class='ocrx_word' id='word_1_303' title='bbox 336 1399 441 1431; x_wconf 87' lang='grc' dir='ltr'>πόλεως</span> <span class='ocrx_word' id='word_1_304' title='bbox 457 1399 581 1435; x_wconf 75' lang='grc' dir='ltr'>ἔπαρχος</span> <span class='ocrx_word' id='word_1_305' title='bbox 607 1399 666 1433; x_wconf 75' lang='grc' dir='ltr'>ἅμα</span> <span class='ocrx_word' id='word_1_306' title='bbox 680 1399 720 1435; x_wconf 84' lang='grc' dir='ltr'><strong>τῷ</strong></span> <span class='ocrx_word' id='word_1_307' title='bbox 734 1399 784 1435; x_wconf 87' lang='grc' dir='ltr'>τῆς</span> <span class='ocrx_word' id='word_1_308' title='bbox 804 1399 888 1433; x_wconf 76' lang='grc' dir='ltr'>ἁγιω-</span> 
     </span>
    </p>
   </div>
   <div class='ocr_carea' id='block_1_46' title="bbox 90 1445 886 1482">
    <p class='ocr_par' dir='ltr' id='par_1_46' title="bbox 90 1445 886 1482">
     <span class='ocr_line' id='line_1_46' title="bbox 90 1445 886 1482; baseline -0.001 -10"><span class='ocrx_word' id='word_1_309' title='bbox 90 1446 176 1481; x_wconf 87' lang='grc' dir='ltr'>τάτης</span> <span class='ocrx_word' id='word_1_310' title='bbox 196 1445 362 1482; x_wconf 83' lang='grc' dir='ltr'>Ἐκκλησίας</span> <span class='ocrx_word' id='word_1_311' title='bbox 381 1446 528 1482; x_wconf 85' lang='grc' dir='ltr'>οἰκονόμῳ,</span> <span class='ocrx_word' id='word_1_312' title='bbox 555 1445 605 1481; x_wconf 88' lang='grc' dir='ltr'>τὴν</span> <span class='ocrx_word' id='word_1_313' title='bbox 620 1445 718 1472; x_wconf 83' lang='grc' dir='ltr'>τούτου</span> <span class='ocrx_word' id='word_1_314' title='bbox 740 1445 886 1480; x_wconf 85' lang='grc' dir='ltr'>ποιήσεται</span> 
     </span>
    </p>
   </div>
   <div class='ocr_carea' id='block_1_47' title="bbox 937 983 1734 1021">
    <p class='ocr_par' dir='ltr' id='par_1_47' title="bbox 937 983 1734 1021">
     <span class='ocr_line' id='line_1_47' title="bbox 937 983 1734 1021; baseline 0.005 -12"><span class='ocrx_word' id='word_1_315' title='bbox 937 983 1171 1018; x_wconf 87' lang='lat' dir='ltr'><strong>deprehendatur,</strong></span> <span class='ocrx_word' id='word_1_316' title='bbox 1195 989 1246 1009; x_wconf 90' lang='lat' dir='ltr'><strong>nec</strong></span> <span class='ocrx_word' id='word_1_317' title='bbox 1262 983 1496 1017; x_wconf 85' lang='lat' dir='ltr'><strong>quemadmodum</strong></span> <span class='ocrx_word' id='word_1_318' title='bbox 1526 988 1643 1012; x_wconf 82' lang='lat' dir='ltr'><strong>testator</strong></span> <span class='ocrx_word' id='word_1_319' title='bbox 1663 993 1734 1021; x_wconf 64' lang='lat' dir='ltr'><strong>pra!—</strong></span> 
     </span>
    </p>
   </div>
   <div class='ocr_carea' id='block_1_48' title="bbox 937 1029 1734 1064">
    <p class='ocr_par' dir='ltr' id='par_1_48' title="bbox 937 1029 1734 1064">
     <span class='ocr_line' id='line_1_48' title="bbox 937 1029 1734 1064; baseline 0.004 -8"><span class='ocrx_word' id='word_1_320' title='bbox 937 1029 1021 1063; x_wconf 86' lang='lat' dir='ltr'><strong>cepit,</strong></span> <span class='ocrx_word' id='word_1_321' title='bbox 1038 1029 1302 1064; x_wconf 83' lang='lat' dir='ltr'><strong>procrastinationes</strong></span> <span class='ocrx_word' id='word_1_322' title='bbox 1324 1030 1459 1056; x_wconf 90' lang='lat' dir='ltr'><strong>nectendo</strong></span> <span class='ocrx_word' id='word_1_323' title='bbox 1483 1029 1586 1057; x_wconf 82' lang='lat' dir='ltr'><strong>faciat:</strong></span> <span class='ocrx_word' id='word_1_324' title='bbox 1604 1038 1619 1058; x_wconf 89' lang='lat' dir='ltr'><strong>a</strong></span> <span class='ocrx_word' id='word_1_325' title='bbox 1640 1039 1734 1059; x_wconf 90' lang='lat' dir='ltr'><strong>rerum</strong></span> 
     </span>
    </p>
   </div>
   <div class='ocr_carea' id='block_1_49' title="bbox 938 1074 1734 1111">
    <p class='ocr_par' dir='ltr' id='par_1_49' title="bbox 938 1074 1734 1111">
     <span class='ocr_line' id='line_1_49' title="bbox 938 1074 1734 1111; baseline 0.003 -8"><span class='ocrx_word' id='word_1_326' title='bbox 938 1074 1058 1103; x_wconf 79' lang='lat' dir='ltr'><strong>defuncti</strong></span> <span class='ocrx_word' id='word_1_327' title='bbox 1073 1075 1268 1110; x_wconf 87' lang='lat' dir='ltr'><strong>procuratione</strong></span> <span class='ocrx_word' id='word_1_328' title='bbox 1277 1081 1309 1102; x_wconf 86' lang='lat' dir='ltr'><strong>ac</strong></span> <span class='ocrx_word' id='word_1_329' title='bbox 1321 1075 1532 1110; x_wconf 84' lang='lat' dir='ltr'><strong>dispensatione</strong></span> <span class='ocrx_word' id='word_1_330' title='bbox 1546 1083 1734 1111; x_wconf 81' lang='lat' dir='ltr'><strong>removeatur.</strong></span> 
     </span>
    </p>
   </div>
   <div class='ocr_carea' id='block_1_50' title="bbox 938 1119 1735 1157">
    <p class='ocr_par' dir='ltr' id='par_1_50' title="bbox 938 1119 1735 1157">
     <span class='ocr_line' id='line_1_50' title="bbox 938 1119 1735 1157; baseline 0.005 -10"><span class='ocrx_word' id='word_1_331' title='bbox 938 1127 1026 1155; x_wconf 84' lang='lat' dir='ltr'><strong>eaque</strong></span> <span class='ocrx_word' id='word_1_332' title='bbox 1040 1119 1141 1155; x_wconf 83' lang='lat' dir='ltr'><strong>quibus</strong></span> <span class='ocrx_word' id='word_1_333' title='bbox 1153 1119 1304 1154; x_wconf 85' lang='lat' dir='ltr'><strong>imperator</strong></span> <span class='ocrx_word' id='word_1_334' title='bbox 1321 1121 1459 1154; x_wconf 85' lang='lat' dir='ltr'><strong>statuerit,</strong></span> <span class='ocrx_word' id='word_1_335' title='bbox 1484 1121 1646 1157; x_wconf 82' lang='lat' dir='ltr'><strong>injungatur</strong></span> <span class='ocrx_word' id='word_1_336' title='bbox 1663 1132 1670 1150; x_wconf 91' lang='lat'><strong>:</strong></span> <span class='ocrx_word' id='word_1_337' title='bbox 1687 1128 1735 1151; x_wconf 86' lang='lat' dir='ltr'><strong>aut</strong></span> 
     </span>
    </p>
   </div>
   <div class='ocr_carea' id='block_1_51' title="bbox 941 1165 1735 1200">
    <p class='ocr_par' dir='ltr' id='par_1_51' title="bbox 941 1165 1735 1200">
     <span class='ocr_line' id='line_1_51' title="bbox 941 1165 1735 1200; baseline 0.006 -8"><span class='ocrx_word' id='word_1_338' title='bbox 941 1166 964 1193; x_wconf 88' lang='lat' dir='ltr'><strong>si</strong></span> <span class='ocrx_word' id='word_1_339' title='bbox 985 1165 1009 1193; x_wconf 90' lang='lat' dir='ltr'><strong>is</strong></span> <span class='ocrx_word' id='word_1_340' title='bbox 1032 1165 1105 1193; x_wconf 80' lang='lat' dir='ltr'><strong>forte</strong></span> <span class='ocrx_word' id='word_1_341' title='bbox 1129 1173 1244 1200; x_wconf 83' lang='lat' dir='ltr'><strong>peregre</strong></span> <span class='ocrx_word' id='word_1_342' title='bbox 1270 1165 1316 1199; x_wconf 86' lang='lat' dir='ltr'><strong>sit,</strong></span> <span class='ocrx_word' id='word_1_343' title='bbox 1340 1165 1486 1200; x_wconf 64' lang='lat' dir='ltr'><strong>praefectus</strong></span> <span class='ocrx_word' id='word_1_344' title='bbox 1506 1167 1582 1196; x_wconf 88' lang='lat' dir='ltr'><strong>urbis</strong></span> <span class='ocrx_word' id='word_1_345' title='bbox 1600 1176 1655 1196; x_wconf 86' lang='lat' dir='ltr'><strong>una</strong></span> <span class='ocrx_word' id='word_1_346' title='bbox 1670 1176 1735 1197; x_wconf 91' lang='lat' dir='ltr'><strong>cum</strong></span> 
     </span>
    </p>
   </div>
   <div class='ocr_carea' id='block_1_52' title="bbox 939 1211 1737 1249">
    <p class='ocr_par' dir='ltr' id='par_1_52' title="bbox 939 1211 1737 1249">
     <span class='ocr_line' id='line_1_52' title="bbox 939 1211 1737 1249; baseline 0.006 -11"><span class='ocrx_word' id='word_1_347' title='bbox 939 1211 1117 1239; x_wconf 86' lang='lat' dir='ltr'><strong>sanctissimo</strong></span> <span class='ocrx_word' id='word_1_348' title='bbox 1142 1211 1273 1239; x_wconf 75' lang='lat' dir='ltr'><strong>Ecclesia:</strong></span> <span class='ocrx_word' id='word_1_349' title='bbox 1295 1219 1440 1239; x_wconf 71' lang='lat' dir='ltr'><strong>mconorno</strong></span> <span class='ocrx_word' id='word_1_350' title='bbox 1461 1220 1506 1240; x_wconf 87' lang='lat' dir='ltr'><strong>res</strong></span> <span class='ocrx_word' id='word_1_351' title='bbox 1526 1213 1588 1241; x_wconf 87' lang='lat' dir='ltr'><strong>illas</strong></span> <span class='ocrx_word' id='word_1_352' title='bbox 1605 1220 1737 1249; x_wconf 89' lang='lat' dir='ltr'><strong>procuret</strong></span> 
     </span>
    </p>
   </div>
   <div class='ocr_carea' id='block_1_53' title="bbox 940 1257 1738 1297">
    <p class='ocr_par' dir='ltr' id='par_1_53' title="bbox 940 1257 1738 1297">
     <span class='ocr_line' id='line_1_53' title="bbox 940 1257 1738 1297; baseline 0.006 -12"><span class='ocrx_word' id='word_1_353' title='bbox 940 1265 973 1285; x_wconf 87' lang='lat' dir='ltr'><strong>ac</strong></span> <span class='ocrx_word' id='word_1_354' title='bbox 996 1258 1151 1293; x_wconf 86' lang='lat' dir='ltr'><strong>dispenset,</strong></span> <span class='ocrx_word' id='word_1_355' title='bbox 1177 1257 1224 1292; x_wconf 90' lang='lat' dir='ltr'><strong>qui</strong></span> <span class='ocrx_word' id='word_1_356' title='bbox 1240 1258 1274 1285; x_wconf 88' lang='lat' dir='ltr'><strong>de</strong></span> <span class='ocrx_word' id='word_1_357' title='bbox 1297 1257 1340 1285; x_wconf 80' lang='lat' dir='ltr'><strong>liis</strong></span> <span class='ocrx_word' id='word_1_358' title='bbox 1365 1266 1426 1293; x_wconf 66' lang='lat' dir='ltr'><strong>quae</strong></span> <span class='ocrx_word' id='word_1_359' title='bbox 1445 1258 1472 1285; x_wconf 97' lang='lat' dir='ltr'><strong>in</strong></span> <span class='ocrx_word' id='word_1_360' title='bbox 1496 1259 1655 1294; x_wconf 81' lang='lat' dir='ltr'><strong>bujusmodi</strong></span> <span class='ocrx_word' id='word_1_361' title='bbox 1674 1269 1738 1297; x_wconf 57' lang='lat' dir='ltr'><strong>spec</strong></span> 
     </span>
    </p>
   </div>
   <div class='ocr_carea' id='block_1_54' title="bbox 940 1303 1736 1339">
    <p class='ocr_par' dir='ltr' id='par_1_54' title="bbox 940 1303 1736 1339">
     <span class='ocr_line' id='line_1_54' title="bbox 940 1303 1736 1339; baseline 0.006 -8"><span class='ocrx_word' id='word_1_362' title='bbox 940 1304 1036 1331; x_wconf 88' lang='lat' dir='ltr'><strong>ciebus</strong></span> <span class='ocrx_word' id='word_1_363' title='bbox 1049 1303 1294 1337; x_wconf 83' lang='lat' dir='ltr'><strong>administrarunt,</strong></span> <span class='ocrx_word' id='word_1_364' title='bbox 1314 1303 1485 1339; x_wconf 86' lang='lat' dir='ltr'><strong>imperatori,</strong></span> <span class='ocrx_word' id='word_1_365' title='bbox 1501 1310 1548 1333; x_wconf 89' lang='lat' dir='ltr'><strong>aut</strong></span> <span class='ocrx_word' id='word_1_366' title='bbox 1561 1307 1584 1334; x_wconf 91' lang='lat' dir='ltr'><strong>si</strong></span> <span class='ocrx_word' id='word_1_367' title='bbox 1608 1306 1736 1336; x_wconf 80' lang='lat' dir='ltr'><strong>fortassis</strong></span> 
     </span>
    </p>
   </div>
   <div class='ocr_carea' id='block_1_55' title="bbox 941 1348 1738 1385">
    <p class='ocr_par' dir='ltr' id='par_1_55' title="bbox 941 1348 1738 1385">
     <span class='ocr_line' id='line_1_55' title="bbox 941 1348 1738 1385; baseline 0.006 -9"><span class='ocrx_word' id='word_1_368' title='bbox 941 1348 988 1376; x_wconf 83' lang='lat' dir='ltr'><strong>hic</strong></span> <span class='ocrx_word' id='word_1_369' title='bbox 1010 1355 1124 1384; x_wconf 76' lang='lat' dir='ltr'><strong>peregre</strong></span> <span class='ocrx_word' id='word_1_370' title='bbox 1152 1348 1213 1381; x_wconf 90' lang='lat' dir='ltr'><strong>erit,</strong></span> <span class='ocrx_word' id='word_1_371' title='bbox 1238 1349 1415 1377; x_wconf 87' lang='lat' dir='ltr'><strong>sanctissimo</strong></span> <span class='ocrx_word' id='word_1_372' title='bbox 1441 1351 1604 1385; x_wconf 65' lang='lat' dir='ltr'><strong>patriarchae</strong></span> <span class='ocrx_word' id='word_1_373' title='bbox 1623 1353 1738 1381; x_wconf 87' lang='lat' dir='ltr'><strong>reddere</strong></span> 
     </span>
    </p>
   </div>
   <div class='ocr_carea' id='block_1_56' title="bbox 941 1395 1738 1435">
    <p class='ocr_par' dir='ltr' id='par_1_56' title="bbox 941 1395 1738 1435">
     <span class='ocr_line' id='line_1_56' title="bbox 941 1395 1738 1435; baseline 0.006 -12"><span class='ocrx_word' id='word_1_374' title='bbox 941 1396 1078 1424; x_wconf 86' lang='lat' dir='ltr'><strong>rationem</strong></span> <span class='ocrx_word' id='word_1_375' title='bbox 1106 1395 1257 1423; x_wconf 88' lang='lat' dir='ltr'><strong>debebunt.</strong></span> <span class='ocrx_word' id='word_1_376' title='bbox 1282 1396 1340 1425; x_wconf 80' lang='lat' dir='ltr'><strong>Non</strong></span> <span class='ocrx_word' id='word_1_377' title='bbox 1365 1401 1457 1424; x_wconf 89' lang='lat' dir='ltr'><strong>tamen</strong></span> <span class='ocrx_word' id='word_1_378' title='bbox 1482 1402 1566 1433; x_wconf 82' lang='lat' dir='ltr'><strong>prout</strong></span> <span class='ocrx_word' id='word_1_379' title='bbox 1586 1399 1738 1435; x_wconf 84' lang='lat' dir='ltr'><strong>imperator</strong></span> 
     </span>
    </p>
   </div>
   <div class='ocr_carea' id='block_1_57' title="bbox 937 1441 1574 1479">
    <p class='ocr_par' dir='ltr' id='par_1_57' title="bbox 937 1441 1574 1479">
     <span class='ocr_line' id='line_1_57' title="bbox 937 1441 1574 1479; baseline 0.006 -9"><span class='ocrx_word' id='word_1_380' title='bbox 937 1443 1066 1478; x_wconf 81' lang='lat' dir='ltr'><strong>jusserit,</strong></span> <span class='ocrx_word' id='word_1_381' title='bbox 1086 1441 1212 1470; x_wconf 83' lang='lat' dir='ltr'><strong>defuncti</strong></span> <span class='ocrx_word' id='word_1_382' title='bbox 1225 1443 1353 1471; x_wconf 84' lang='lat' dir='ltr'><strong>voluntas</strong></span> <span class='ocrx_word' id='word_1_383' title='bbox 1369 1444 1574 1479; x_wconf 87' lang='lat' dir='ltr'><strong>adimplebitur.</strong></span> 
     </span>
    </p>
   </div>
   <div class='ocr_carea' id='block_1_58' title="bbox 90 1488 1739 1530">
    <p class='ocr_par' dir='ltr' id='par_1_58' title="bbox 90 1488 1739 1530">
     <span class='ocr_line' id='line_1_58' title="bbox 90 1488 1739 1530; baseline 0.001 -12"><span class='ocrx_word' id='word_1_384' title='bbox 90 1492 251 1528; x_wconf 79' lang='grc' dir='ltr'>οἰκονομίαν</span> <span class='ocrx_word' id='word_1_385' title='bbox 267 1500 298 1519; x_wconf 85' lang='grc' dir='ltr'><strong>τε</strong></span> <span class='ocrx_word' id='word_1_386' title='bbox 312 1493 361 1520; x_wconf 80' lang='grc' dir='ltr'>καὶ</span> <span class='ocrx_word' id='word_1_387' title='bbox 374 1492 509 1528; x_wconf 86' lang='grc' dir='ltr'>διοίκησιν</span> <span class='ocrx_word' id='word_1_388' title='bbox 525 1491 682 1526; x_wconf 79' lang='grc' dir='ltr'>ὀφείλοντες</span> <span class='ocrx_word' id='word_1_389' title='bbox 708 1491 812 1526; x_wconf 71' lang='grc' dir='ltr'>εἴδησιν</span> <span class='ocrx_word' id='word_1_390' title='bbox 846 1490 949 1518; x_wconf 81' lang='grc' dir='ltr'>διδόναι</span> <span class='ocrx_word' id='word_1_391' title='bbox 975 1488 1030 1516; x_wconf 86' lang='grc' dir='ltr'><strong>τῶν</strong></span> <span class='ocrx_word' id='word_1_392' title='bbox 1048 1488 1094 1515; x_wconf 72' lang='grc' dir='ltr'><strong>ἐπὶ</strong></span> <span class='ocrx_word' id='word_1_393' title='bbox 1123 1489 1185 1520; x_wconf 85' lang='grc' dir='ltr'>ταῖς</span> <span class='ocrx_word' id='word_1_394' title='bbox 1197 1488 1339 1521; x_wconf 88' lang='grc' dir='ltr'>τοιαύταις</span> <span class='ocrx_word' id='word_1_395' title='bbox 1365 1489 1528 1518; x_wconf 78' lang='grc' dir='ltr'>ὑποθέσεσιν</span> <span class='ocrx_word' id='word_1_396' title='bbox 1543 1493 1739 1530; x_wconf 69' lang='grc' dir='ltr'>οἰκονομουμέ-</span> 
     </span>
    </p>
   </div>
   <div class='ocr_carea' id='block_1_59' title="bbox 92 1535 1737 1577">
    <p class='ocr_par' dir='ltr' id='par_1_59' title="bbox 92 1535 1737 1577">
     <span class='ocr_line' id='line_1_59' title="bbox 92 1535 1737 1577; baseline 0.002 -11"><span class='ocrx_word' id='word_1_397' title='bbox 92 1548 147 1567; x_wconf 90' lang='grc' dir='ltr'><strong>νων</strong></span> <span class='ocrx_word' id='word_1_398' title='bbox 160 1539 199 1574; x_wconf 83' lang='grc' dir='ltr'>τῷ</span> <span class='ocrx_word' id='word_1_399' title='bbox 215 1538 323 1574; x_wconf 80' lang='grc' dir='ltr'>βασιλεί</span> <span class='ocrx_word' id='word_1_400' title='bbox 336 1540 385 1566; x_wconf 79' lang='grc' dir='ltr'>καὶ</span> <span class='ocrx_word' id='word_1_401' title='bbox 400 1538 440 1574; x_wconf 83' lang='grc' dir='ltr'>τῷ</span> <span class='ocrx_word' id='word_1_402' title='bbox 460 1538 535 1566; x_wconf 84' lang='grc' dir='ltr'>κατὰ</span> <span class='ocrx_word' id='word_1_403' title='bbox 549 1538 600 1574; x_wconf 82' lang='grc' dir='ltr'>τὴν</span> <span class='ocrx_word' id='word_1_404' title='bbox 619 1539 728 1575; x_wconf 81' lang='grc' dir='ltr'>ἡμέραν</span> <span class='ocrx_word' id='word_1_405' title='bbox 745 1538 892 1574; x_wconf 79' lang='grc' dir='ltr'>ἁγιωτάτῳ</span> <span class='ocrx_word' id='word_1_406' title='bbox 919 1535 1091 1573; x_wconf 83' lang='grc' dir='ltr'>πατριάρχῃ,</span> <span class='ocrx_word' id='word_1_407' title='bbox 1120 1536 1145 1562; x_wconf 78' lang='grc' dir='ltr'>εἰ</span> <span class='ocrx_word' id='word_1_408' title='bbox 1159 1537 1230 1572; x_wconf 85' lang='grc' dir='ltr'>τύχῃ</span> <span class='ocrx_word' id='word_1_409' title='bbox 1256 1536 1303 1564; x_wconf 82' lang='grc' dir='ltr'>τὸν</span> <span class='ocrx_word' id='word_1_410' title='bbox 1338 1537 1453 1573; x_wconf 83' lang='grc' dir='ltr'>βασιλέα</span> <span class='ocrx_word' id='word_1_411' title='bbox 1482 1539 1625 1577; x_wconf 79' lang='grc' dir='ltr'>ἀπόδημον</span> <span class='ocrx_word' id='word_1_412' title='bbox 1656 1539 1737 1576; x_wconf 78' lang='grc' dir='ltr'>εἶναι,</span> 
     </span>
    </p>
   </div>
   <div class='ocr_carea' id='block_1_60' title="bbox 91 1582 1202 1620">
    <p class='ocr_par' dir='ltr' id='par_1_60' title="bbox 91 1582 1202 1620">
     <span class='ocr_line' id='line_1_60' title="bbox 91 1582 1202 1620; baseline 0 -10"><span class='ocrx_word' id='word_1_413' title='bbox 91 1584 141 1611; x_wconf 77' lang='grc' dir='ltr'>καὶ</span> <span class='ocrx_word' id='word_1_414' title='bbox 155 1583 194 1620; x_wconf 85' lang='grc' dir='ltr'>μὴ</span> <span class='ocrx_word' id='word_1_415' title='bbox 209 1583 282 1611; x_wconf 82' lang='grc' dir='ltr'>κατὰ</span> <span class='ocrx_word' id='word_1_416' title='bbox 293 1583 444 1620; x_wconf 81' lang='grc' dir='ltr'>πρόσταξιν</span> <span class='ocrx_word' id='word_1_417' title='bbox 458 1584 544 1611; x_wconf 81' lang='grc' dir='ltr'>αὑτοῦ</span> <span class='ocrx_word' id='word_1_418' title='bbox 558 1583 593 1610; x_wconf 83' lang='grc' dir='ltr'>τὰ</span> <span class='ocrx_word' id='word_1_419' title='bbox 608 1584 658 1611; x_wconf 79' lang='grc' dir='ltr'>τοῦ</span> <span class='ocrx_word' id='word_1_420' title='bbox 673 1583 888 1620; x_wconf 82' lang='grc' dir='ltr'>τελευτήσαντος</span> <span class='ocrx_word' id='word_1_421' title='bbox 906 1582 1032 1619; x_wconf 85' lang='grc' dir='ltr'>πληρῶσι</span> <span class='ocrx_word' id='word_1_422' title='bbox 1048 1582 1202 1618; x_wconf 81' lang='grc' dir='ltr'>θελήματα.</span> 
     </span>
    </p>
   </div>
   <div class='ocr_carea' id='block_1_61' title="bbox 128 1626 887 1666">
    <p class='ocr_par' dir='ltr' id='par_1_61' title="bbox 128 1627 887 1664">
     <span class='ocr_line' id='line_1_61' title="bbox 128 1627 887 1664; baseline -0.001 -7"><span class='ocrx_word' id='word_1_423' title='bbox 128 1630 285 1664; x_wconf 78' lang='grc' dir='ltr'>Κειμενον.</span> <span class='ocrx_word' id='word_1_424' title='bbox 309 1629 341 1656; x_wconf 86' lang='lat' dir='ltr'><strong>&#39;H</strong></span> <span class='ocrx_word' id='word_1_425' title='bbox 357 1628 381 1663; x_wconf 86' lang='grc' dir='ltr'><strong>γ’</strong></span> <span class='ocrx_word' id='word_1_426' title='bbox 408 1629 479 1656; x_wconf 87' lang='grc' dir='ltr'>διάτ.</span> <span class='ocrx_word' id='word_1_427' title='bbox 504 1628 552 1655; x_wconf 85' lang='grc' dir='ltr'>τοῦ</span> <span class='ocrx_word' id='word_1_428' title='bbox 573 1627 596 1664; x_wconf 81' lang='grc' dir='ltr'>β’</span> <span class='ocrx_word' id='word_1_429' title='bbox 612 1629 667 1656; x_wconf 85' lang='grc' dir='ltr'>τίτ.</span> <span class='ocrx_word' id='word_1_430' title='bbox 694 1628 749 1656; x_wconf 85' lang='grc' dir='ltr'><strong>τῶν</strong></span> <span class='ocrx_word' id='word_1_431' title='bbox 774 1627 887 1664; x_wconf 84' lang='grc' dir='ltr'>Νεαρῶν</span> 
     </span>
    </p>
   </div>
   <div class='ocr_carea' id='block_1_62' title="bbox 940 1626 1739 1666">
    <p class='ocr_par' dir='ltr' id='par_1_62' title="bbox 979 1626 1739 1666">
     <span class='ocr_line' id='line_1_62' title="bbox 979 1626 1739 1666; baseline 0.008 -13"><span class='ocrx_word' id='word_1_432' title='bbox 979 1626 1089 1654; x_wconf 72' lang='lat' dir='ltr'><strong>Textus.</strong></span> <span class='ocrx_word' id='word_1_433' title='bbox 1100 1626 1196 1655; x_wconf 89' lang='lat' dir='ltr'><strong>Const.</strong></span> <span class='ocrx_word' id='word_1_434' title='bbox 1209 1627 1237 1660; x_wconf 79' lang='lat'><strong>5,</strong></span> <span class='ocrx_word' id='word_1_435' title='bbox 1254 1627 1294 1655; x_wconf 87' lang='lat' dir='ltr'><strong>tit.</strong></span> <span class='ocrx_word' id='word_1_436' title='bbox 1306 1628 1324 1655; x_wconf 78' lang='grc'>2</span> <span class='ocrx_word' id='word_1_437' title='bbox 1335 1627 1521 1664; x_wconf 80' lang='lat' dir='ltr'><strong>Novellarum,</strong></span> <span class='ocrx_word' id='word_1_438' title='bbox 1535 1635 1601 1664; x_wconf 89' lang='lat' dir='ltr'><strong>etc.,</strong></span> <span class='ocrx_word' id='word_1_439' title='bbox 1611 1638 1693 1666; x_wconf 76' lang='lat' dir='ltr'><strong>usque</strong></span> <span class='ocrx_word' id='word_1_440' title='bbox 1703 1631 1739 1659; x_wconf 83' lang='lat' dir='ltr'><strong>ad</strong></span> 
     </span>
    </p>
   </div>
   <div class='ocr_carea' id='block_1_63' title="bbox 91 1675 636 1711">
    <p class='ocr_par' dir='ltr' id='par_1_63' title="bbox 91 1675 636 1711">
     <span class='ocr_line' id='line_1_63' title="bbox 91 1675 636 1711; baseline -0.004 -6"><span class='ocrx_word' id='word_1_441' title='bbox 91 1686 122 1705; x_wconf 88' lang='grc' dir='ltr'>κ.</span> <span class='ocrx_word' id='word_1_442' title='bbox 136 1685 161 1703; x_wconf 86' lang='grc' dir='ltr'>τ.</span> <span class='ocrx_word' id='word_1_443' title='bbox 177 1676 216 1708; x_wconf 84' lang='grc' dir='ltr'><strong>λ..</strong></span> <span class='ocrx_word' id='word_1_444' title='bbox 230 1677 357 1711; x_wconf 86' lang='lat' dir='ltr'><strong>usquead</strong></span> <span class='ocrx_word' id='word_1_445' title='bbox 365 1675 488 1708; x_wconf 79' lang='grc' dir='ltr'>διατάξει</span> <span class='ocrx_word' id='word_1_446' title='bbox 499 1676 636 1703; x_wconf 78' lang='grc' dir='ltr'>δια-τυποῖ.</span> 
     </span>
    </p>
   </div>
   <div class='ocr_carea' id='block_1_64' title="bbox 127 1720 890 1757">
    <p class='ocr_par' dir='ltr' id='par_1_64' title="bbox 127 1720 890 1757">
     <span class='ocr_line' id='line_1_64' title="bbox 127 1720 890 1757; baseline -0.003 -8"><span class='ocrx_word' id='word_1_447' title='bbox 127 1722 269 1757; x_wconf 75' lang='grc' dir='ltr'><strong>Σχόλιον.</strong></span> <span class='ocrx_word' id='word_1_448' title='bbox 290 1721 322 1748; x_wconf 84' lang='grc' dir='ltr'><strong>Ἡ</strong></span> <span class='ocrx_word' id='word_1_449' title='bbox 339 1720 363 1756; x_wconf 84' lang='grc' dir='ltr'><strong>γ’</strong></span> <span class='ocrx_word' id='word_1_450' title='bbox 377 1721 509 1755; x_wconf 81' lang='grc' dir='ltr'>διάταξις,</span> <span class='ocrx_word' id='word_1_451' title='bbox 524 1721 572 1748; x_wconf 85' lang='grc' dir='ltr'>τοῦ</span> <span class='ocrx_word' id='word_1_452' title='bbox 591 1720 613 1757; x_wconf 81' lang='grc' dir='ltr'>β’</span> <span class='ocrx_word' id='word_1_453' title='bbox 626 1721 719 1748; x_wconf 85' lang='grc' dir='ltr'>τίτλου</span> <span class='ocrx_word' id='word_1_454' title='bbox 738 1720 794 1747; x_wconf 83' lang='grc' dir='ltr'>τῶν</span> <span class='ocrx_word' id='word_1_455' title='bbox 820 1720 890 1748; x_wconf 81' lang='grc' dir='ltr'>Νεα-</span> 
     </span>
    </p>
   </div>
   <div class='ocr_carea' id='block_1_65' title="bbox 91 1767 890 1804">
    <p class='ocr_par' dir='ltr' id='par_1_65' title="bbox 91 1767 890 1804">
     <span class='ocr_line' id='line_1_65' title="bbox 91 1767 890 1804; baseline -0.003 -9"><span class='ocrx_word' id='word_1_456' title='bbox 91 1768 150 1804; x_wconf 86' lang='grc' dir='ltr'>ρῶν</span> <span class='ocrx_word' id='word_1_457' title='bbox 174 1769 233 1795; x_wconf 79' lang='grc' dir='ltr'>ἐστι</span> <span class='ocrx_word' id='word_1_458' title='bbox 262 1768 348 1804; x_wconf 78' lang='grc' dir='ltr'>νεαρὰ</span> <span class='ocrx_word' id='word_1_459' title='bbox 383 1768 598 1800; x_wconf 83' lang='grc' dir='ltr'>Ὶουστινιάνειος</span> <span class='ocrx_word' id='word_1_460' title='bbox 634 1767 691 1804; x_wconf 80' lang='grc' dir='ltr'>ρλα¹</span> <span class='ocrx_word' id='word_1_461' title='bbox 711 1767 827 1803; x_wconf 86' lang='grc' dir='ltr'>κειμένη</span> <span class='ocrx_word' id='word_1_462' title='bbox 861 1767 890 1794; x_wconf 82' lang='grc' dir='ltr'>ὲν</span> 
     </span>
    </p>
   </div>
   <div class='ocr_carea' id='block_1_66' title="bbox 91 1812 891 1849">
    <p class='ocr_par' dir='ltr' id='par_1_66' title="bbox 91 1812 891 1849">
     <span class='ocr_line' id='line_1_66' title="bbox 91 1812 891 1849; baseline 0 -9"><span class='ocrx_word' id='word_1_463' title='bbox 91 1813 189 1849; x_wconf 75' lang='grc' dir='ltr'>βιϐλίῳ</span> <span class='ocrx_word' id='word_1_464' title='bbox 204 1817 235 1847; x_wconf 83' lang='grc' dir='ltr'>ε’,</span> <span class='ocrx_word' id='word_1_465' title='bbox 249 1813 332 1849; x_wconf 83' lang='grc' dir='ltr'>τίτλῳ</span> <span class='ocrx_word' id='word_1_466' title='bbox 344 1812 379 1848; x_wconf 86' lang='grc' dir='ltr'><strong>γ’.</strong></span> <span class='ocrx_word' id='word_1_467' title='bbox 396 1814 437 1841; x_wconf 85' lang='grc' dir='ltr'><strong>Τὰ</strong></span> <span class='ocrx_word' id='word_1_468' title='bbox 449 1814 479 1840; x_wconf 77' lang='grc' dir='ltr'>δὲ</span> <span class='ocrx_word' id='word_1_469' title='bbox 490 1814 696 1849; x_wconf 71' lang='grc' dir='ltr'>συνοψισθέντα,</span> <span class='ocrx_word' id='word_1_470' title='bbox 711 1815 766 1841; x_wconf 81' lang='grc' dir='ltr'>εἰσὶ</span> <span class='ocrx_word' id='word_1_471' title='bbox 780 1814 827 1841; x_wconf 83' lang='grc' dir='ltr'>τοῦ</span> <span class='ocrx_word' id='word_1_472' title='bbox 843 1814 891 1840; x_wconf 87' lang='grc' dir='ltr'><strong>αὺ-</strong></span> 
     </span>
    </p>
   </div>
   <div class='ocr_carea' id='block_1_67' title="bbox 90 1860 889 1896">
    <p class='ocr_par' dir='ltr' id='par_1_67' title="bbox 90 1860 889 1896">
     <span class='ocr_line' id='line_1_67' title="bbox 90 1860 889 1896; baseline -0.001 -9"><span class='ocrx_word' id='word_1_473' title='bbox 90 1860 140 1887; x_wconf 82' lang='grc' dir='ltr'>τοῦ</span> <span class='ocrx_word' id='word_1_474' title='bbox 166 1860 267 1892; x_wconf 86' lang='grc' dir='ltr'>τίτλου.</span> <span class='ocrx_word' id='word_1_475' title='bbox 299 1860 492 1895; x_wconf 68' lang='grc' dir='ltr'>κεφάλαιον,θ¹</span> <span class='ocrx_word' id='word_1_476' title='bbox 507 1860 596 1893; x_wconf 75' lang='grc' dir='ltr'>οὕτως</span> <span class='ocrx_word' id='word_1_477' title='bbox 619 1860 690 1896; x_wconf 81' lang='grc' dir='ltr'>έχον-</span> <span class='ocrx_word' id='word_1_478' title='bbox 720 1861 754 1887; x_wconf 84' lang='grc' dir='ltr'><strong>Εῑ</strong></span> <span class='ocrx_word' id='word_1_479' title='bbox 771 1860 800 1887; x_wconf 77' lang='grc' dir='ltr'>δὲ</span> <span class='ocrx_word' id='word_1_480' title='bbox 817 1861 889 1896; x_wconf 82' lang='grc' dir='ltr'>ὑπὲρ</span> 
     </span>
    </p>
   </div>
   <div class='ocr_carea' id='block_1_68' title="bbox 91 1905 890 1941">
    <p class='ocr_par' dir='ltr' id='par_1_68' title="bbox 91 1905 890 1941">
     <span class='ocr_line' id='line_1_68' title="bbox 91 1905 890 1941; baseline 0 -9"><span class='ocrx_word' id='word_1_481' title='bbox 91 1905 276 1941; x_wconf 79' lang='grc' dir='ltr'>ἁναρῥύσεως</span> <span class='ocrx_word' id='word_1_482' title='bbox 293 1905 478 1941; x_wconf 76' lang='grc' dir='ltr'>αἰχμαλώτων</span> <span class='ocrx_word' id='word_1_483' title='bbox 497 1915 523 1933; x_wconf 90' lang='grc' dir='ltr'><strong>τι</strong></span> <span class='ocrx_word' id='word_1_484' title='bbox 547 1906 772 1938; x_wconf 85' lang='grc' dir='ltr'>καταλέλειπται,</span> <span class='ocrx_word' id='word_1_485' title='bbox 787 1907 835 1933; x_wconf 78' lang='grc' dir='ltr'>καὶ</span> <span class='ocrx_word' id='word_1_486' title='bbox 853 1908 890 1941; x_wconf 81' lang='grc' dir='ltr'>μὴ</span> 
     </span>
    </p>
   </div>
   <div class='ocr_carea' id='block_1_69' title="bbox 90 1951 892 1988">
    <p class='ocr_par' dir='ltr' id='par_1_69' title="bbox 90 1951 892 1988">
     <span class='ocr_line' id='line_1_69' title="bbox 90 1951 892 1988; baseline -0.001 -9"><span class='ocrx_word' id='word_1_487' title='bbox 90 1952 209 1988; x_wconf 79' lang='grc' dir='ltr'>ὀνόματι</span> <span class='ocrx_word' id='word_1_488' title='bbox 236 1953 251 1978; x_wconf 86' lang='grc' dir='ltr'><strong>ό</strong></span> <span class='ocrx_word' id='word_1_489' title='bbox 266 1952 426 1988; x_wconf 78' lang='grc' dir='ltr'>διαθέμενος</span> <span class='ocrx_word' id='word_1_490' title='bbox 443 1953 520 1988; x_wconf 82' lang='grc' dir='ltr'>εἴπῃ,</span> <span class='ocrx_word' id='word_1_491' title='bbox 547 1952 593 1979; x_wconf 83' lang='grc' dir='ltr'>διά.</span> <span class='ocrx_word' id='word_1_492' title='bbox 614 1961 687 1984; x_wconf 79' lang='grc' dir='ltr'>τινος</span> <span class='ocrx_word' id='word_1_493' title='bbox 698 1951 752 1988; x_wconf 84' lang='grc' dir='ltr'><strong>χρὴ</strong></span> <span class='ocrx_word' id='word_1_494' title='bbox 764 1952 892 1986; x_wconf 81' lang='grc' dir='ltr'>γένεσθαι</span> 
     </span>
    </p>
   </div>
   <div class='ocr_carea' id='block_1_70' title="bbox 91 1998 892 2035">
    <p class='ocr_par' dir='ltr' id='par_1_70' title="bbox 91 1998 892 2035">
     <span class='ocr_line' id='line_1_70' title="bbox 91 1998 892 2035; baseline 0 -10"><span class='ocrx_word' id='word_1_495' title='bbox 91 1998 144 2035; x_wconf 83' lang='grc' dir='ltr'>τὴν</span> <span class='ocrx_word' id='word_1_496' title='bbox 160 1999 322 2035; x_wconf 78' lang='grc' dir='ltr'>ἀνάρρυσιν,</span> <span class='ocrx_word' id='word_1_497' title='bbox 344 1999 392 2026; x_wconf 77' lang='grc' dir='ltr'><strong>καὶ</strong></span> <span class='ocrx_word' id='word_1_498' title='bbox 412 1998 501 2030; x_wconf 82' lang='grc' dir='ltr'>οὕτως</span> <span class='ocrx_word' id='word_1_499' title='bbox 528 1998 676 2034; x_wconf 85' lang='grc' dir='ltr'>κελεύομεν</span> <span class='ocrx_word' id='word_1_500' title='bbox 691 1999 725 2025; x_wconf 87' lang='grc' dir='ltr'>τὰ</span> <span class='ocrx_word' id='word_1_501' title='bbox 741 1999 892 2034; x_wconf 83' lang='grc' dir='ltr'>πράγματα</span> 
     </span>
    </p>
   </div>
   <div class='ocr_carea' id='block_1_71' title="bbox 91 2045 892 2080">
    <p class='ocr_par' dir='ltr' id='par_1_71' title="bbox 91 2045 892 2080">
     <span class='ocr_line' id='line_1_71' title="bbox 91 2045 892 2080; baseline 0.001 -9"><span class='ocrx_word' id='word_1_502' title='bbox 91 2048 128 2072; x_wconf 81' lang='grc' dir='ltr'>τὰ</span> <span class='ocrx_word' id='word_1_503' title='bbox 143 2046 191 2071; x_wconf 75' lang='grc' dir='ltr'><strong>ἐπὶ</strong></span> <span class='ocrx_word' id='word_1_504' title='bbox 202 2045 300 2072; x_wconf 81' lang='grc' dir='ltr'>τούτου</span> <span class='ocrx_word' id='word_1_505' title='bbox 316 2045 546 2080; x_wconf 83' lang='grc' dir='ltr'>καταλειφθέντα,</span> <span class='ocrx_word' id='word_1_506' title='bbox 557 2045 661 2072; x_wconf 83' lang='grc' dir='ltr'>τούτων</span> <span class='ocrx_word' id='word_1_507' title='bbox 670 2046 763 2072; x_wconf 89' lang='grc' dir='ltr'>τόπων</span> <span class='ocrx_word' id='word_1_508' title='bbox 779 2047 892 2072; x_wconf 82' lang='grc' dir='ltr'>ἐπίσκο-</span> 
     </span>
    </p>
   </div>
   <div class='ocr_carea' id='block_1_72' title="bbox 91 2090 894 2126">
    <p class='ocr_par' dir='ltr' id='par_1_72' title="bbox 91 2090 894 2126">
     <span class='ocr_line' id='line_1_72' title="bbox 91 2090 894 2126; baseline 0.001 -10"><span class='ocrx_word' id='word_1_509' title='bbox 91 2098 156 2123; x_wconf 87' lang='grc' dir='ltr'>πον,</span> <span class='ocrx_word' id='word_1_510' title='bbox 176 2091 224 2117; x_wconf 77' lang='grc' dir='ltr'><strong>καὶ</strong></span> <span class='ocrx_word' id='word_1_511' title='bbox 239 2091 285 2117; x_wconf 78' lang='grc' dir='ltr'><strong>τὸν</strong></span> <span class='ocrx_word' id='word_1_512' title='bbox 297 2091 395 2117; x_wconf 87' lang='grc' dir='ltr'>τούτου</span> <span class='ocrx_word' id='word_1_513' title='bbox 410 2091 555 2126; x_wconf 84' lang='grc' dir='ltr'>οἰκονόμον</span> <span class='ocrx_word' id='word_1_514' title='bbox 571 2090 664 2118; x_wconf 84' lang='grc' dir='ltr'>λαϐεῖν</span> <span class='ocrx_word' id='word_1_515' title='bbox 685 2091 733 2118; x_wconf 74' lang='grc' dir='ltr'>καὶ</span> <span class='ocrx_word' id='word_1_516' title='bbox 762 2091 792 2118; x_wconf 82' lang='grc' dir='ltr'>τὸ</span> <span class='ocrx_word' id='word_1_517' title='bbox 806 2090 894 2118; x_wconf 79' lang='grc' dir='ltr'>τοιοῦ-</span> 
     </span>
    </p>
   </div>
   <div class='ocr_carea' id='block_1_73' title="bbox 91 2135 891 2171">
    <p class='ocr_par' dir='ltr' id='par_1_73' title="bbox 91 2135 891 2171">
     <span class='ocr_line' id='line_1_73' title="bbox 91 2135 891 2171; baseline 0.001 -10"><span class='ocrx_word' id='word_1_518' title='bbox 91 2144 141 2162; x_wconf 88' lang='grc' dir='ltr'><strong>τον</strong></span> <span class='ocrx_word' id='word_1_519' title='bbox 167 2135 280 2167; x_wconf 74' lang='grc' dir='ltr'>εὐσεϐὲς</span> <span class='ocrx_word' id='word_1_520' title='bbox 296 2135 379 2171; x_wconf 79' lang='grc' dir='ltr'>ἔργον</span> <span class='ocrx_word' id='word_1_521' title='bbox 399 2135 534 2171; x_wconf 82' lang='grc' dir='ltr'>πληροῦν.</span> <span class='ocrx_word' id='word_1_522' title='bbox 557 2136 602 2163; x_wconf 88' lang='grc' dir='ltr'>Ἐν</span> <span class='ocrx_word' id='word_1_523' title='bbox 626 2135 726 2167; x_wconf 80' lang='grc' dir='ltr'>πάσαις</span> <span class='ocrx_word' id='word_1_524' title='bbox 742 2136 798 2171; x_wconf 81' lang='grc' dir='ltr'><strong>γὰρ</strong></span> <span class='ocrx_word' id='word_1_525' title='bbox 829 2137 891 2168; x_wconf 84' lang='grc' dir='ltr'>ταῖς</span> 
     </span>
    </p>
   </div>
   <div class='ocr_carea' id='block_1_74' title="bbox 92 2182 892 2218">
    <p class='ocr_par' dir='ltr' id='par_1_74' title="bbox 92 2182 892 2218">
     <span class='ocr_line' id='line_1_74' title="bbox 92 2182 892 2218; baseline 0.001 -9"><span class='ocrx_word' id='word_1_526' title='bbox 92 2182 238 2215; x_wconf 81' lang='grc' dir='ltr'>τοιαύταις</span> <span class='ocrx_word' id='word_1_527' title='bbox 258 2183 386 2210; x_wconf 83' lang='grc' dir='ltr'>εὐσεϐέσι</span> <span class='ocrx_word' id='word_1_528' title='bbox 400 2183 558 2218; x_wconf 82' lang='grc' dir='ltr'>βουλήσεσι,</span> <span class='ocrx_word' id='word_1_529' title='bbox 574 2183 638 2215; x_wconf 79' lang='grc' dir='ltr'>τοὺς</span> <span class='ocrx_word' id='word_1_530' title='bbox 651 2183 817 2214; x_wconf 72' lang='grc' dir='ltr'>ὁσιωτάτους</span> <span class='ocrx_word' id='word_1_531' title='bbox 837 2183 892 2210; x_wconf 83' lang='grc' dir='ltr'>τῶν</span> 
     </span>
    </p>
   </div>
   <div class='ocr_carea' id='block_1_75' title="bbox 94 2228 892 2264">
    <p class='ocr_par' dir='ltr' id='par_1_75' title="bbox 94 2228 892 2264">
     <span class='ocr_line' id='line_1_75' title="bbox 94 2228 892 2264; baseline 0 -10"><span class='ocrx_word' id='word_1_532' title='bbox 94 2228 191 2254; x_wconf 83' lang='grc' dir='ltr'>τόπων</span> <span class='ocrx_word' id='word_1_533' title='bbox 213 2228 381 2260; x_wconf 79' lang='grc' dir='ltr'>ἐπισκόπους</span> <span class='ocrx_word' id='word_1_534' title='bbox 395 2228 547 2264; x_wconf 78' lang='grc' dir='ltr'>βουλόμεθα</span> <span class='ocrx_word' id='word_1_535' title='bbox 562 2230 698 2264; x_wconf 82' lang='grc' dir='ltr'>προνοεῖν,</span> <span class='ocrx_word' id='word_1_536' title='bbox 715 2228 785 2255; x_wconf 82' lang='grc' dir='ltr'>ὥστε</span> <span class='ocrx_word' id='word_1_537' title='bbox 803 2228 892 2254; x_wconf 84' lang='grc' dir='ltr'>πάντα</span> 
     </span>
    </p>
   </div>
   <div class='ocr_carea' id='block_1_76' title="bbox 91 2274 889 2310">
    <p class='ocr_par' dir='ltr' id='par_1_76' title="bbox 91 2274 889 2310">
     <span class='ocr_line' id='line_1_76' title="bbox 91 2274 889 2310; baseline 0 -9"><span class='ocrx_word' id='word_1_538' title='bbox 91 2275 167 2301; x_wconf 69' lang='grc' dir='ltr'>κατὰ</span> <span class='ocrx_word' id='word_1_539' title='bbox 185 2274 235 2310; x_wconf 82' lang='grc' dir='ltr'>τὴν</span> <span class='ocrx_word' id='word_1_540' title='bbox 249 2274 296 2301; x_wconf 81' lang='grc' dir='ltr'>τοῦ</span> <span class='ocrx_word' id='word_1_541' title='bbox 308 2274 521 2310; x_wconf 78' lang='grc' dir='ltr'>τελευτήσαντος</span> <span class='ocrx_word' id='word_1_542' title='bbox 534 2274 661 2310; x_wconf 78' lang='grc' dir='ltr'>βούλησιν</span> <span class='ocrx_word' id='word_1_543' title='bbox 677 2274 847 2310; x_wconf 79' lang='grc' dir='ltr'>προϐαίνειν,</span> <span class='ocrx_word' id='word_1_544' title='bbox 865 2276 889 2301; x_wconf 91' lang='grc' dir='ltr'>εἰ</span> 
     </span>
    </p>
   </div>
   <div class='ocr_carea' id='block_1_77' title="bbox 942 1673 1442 1710">
    <p class='ocr_par' dir='ltr' id='par_1_77' title="bbox 942 1673 1442 1710">
     <span class='ocr_line' id='line_1_77' title="bbox 942 1673 1442 1710; baseline 0.006 -10"><span class='ocrx_word' id='word_1_545' title='bbox 942 1673 977 1701; x_wconf 69' lang='grc'><strong>45</strong></span> <span class='ocrx_word' id='word_1_546' title='bbox 992 1677 1083 1701; x_wconf 84' lang='lat' dir='ltr'><strong>const.</strong></span> <span class='ocrx_word' id='word_1_547' title='bbox 1100 1673 1231 1708; x_wconf 85' lang='lat' dir='ltr'><strong>instituit,</strong></span> <span class='ocrx_word' id='word_1_548' title='bbox 1251 1678 1280 1701; x_wconf 79' lang='lat' dir='ltr'><strong>ut</strong></span> <span class='ocrx_word' id='word_1_549' title='bbox 1296 1682 1359 1710; x_wconf 82' lang='lat' dir='ltr'><strong>pag.</strong></span> <span class='ocrx_word' id='word_1_550' title='bbox 1377 1674 1442 1703; x_wconf 83' lang='lat'><strong>566.</strong></span> 
     </span>
    </p>
   </div>
   <div class='ocr_carea' id='block_1_78' title="bbox 980 1719 1741 1757">
    <p class='ocr_par' dir='ltr' id='par_1_78' title="bbox 980 1719 1741 1757">
     <span class='ocr_line' id='line_1_78' title="bbox 980 1719 1741 1757; baseline 0.011 -11"><span class='ocrx_word' id='word_1_551' title='bbox 980 1719 1130 1748; x_wconf 81' lang='lat' dir='ltr'><strong>Scholium.</strong></span> <span class='ocrx_word' id='word_1_552' title='bbox 1155 1720 1248 1748; x_wconf 88' lang='lat' dir='ltr'><strong>Const.</strong></span> <span class='ocrx_word' id='word_1_553' title='bbox 1275 1721 1303 1754; x_wconf 76' lang='grc'>5,</span> <span class='ocrx_word' id='word_1_554' title='bbox 1330 1722 1371 1749; x_wconf 91' lang='lat' dir='ltr'><strong>tit.</strong></span> <span class='ocrx_word' id='word_1_555' title='bbox 1387 1722 1405 1749; x_wconf 80' lang='lat'><strong>2</strong></span> <span class='ocrx_word' id='word_1_556' title='bbox 1421 1721 1608 1757; x_wconf 85' lang='lat' dir='ltr'><strong>Novellarum,</strong></span> <span class='ocrx_word' id='word_1_557' title='bbox 1630 1729 1673 1753; x_wconf 83' lang='lat' dir='ltr'><strong>est</strong></span> <span class='ocrx_word' id='word_1_558' title='bbox 1689 1733 1741 1754; x_wconf 89' lang='lat' dir='ltr'><strong>no-</strong></span> 
     </span>
    </p>
   </div>
   <div class='ocr_carea' id='block_1_79' title="bbox 945 1764 1737 1804">
    <p class='ocr_par' dir='ltr' id='par_1_79' title="bbox 945 1764 1737 1804">
     <span class='ocr_line' id='line_1_79' title="bbox 945 1764 1737 1804; baseline 0.01 -13"><span class='ocrx_word' id='word_1_559' title='bbox 945 1765 1015 1792; x_wconf 88' lang='lat' dir='ltr'><strong>vella</strong></span> <span class='ocrx_word' id='word_1_560' title='bbox 1028 1764 1179 1793; x_wconf 81' lang='lat' dir='ltr'><strong>Justiniani</strong></span> <span class='ocrx_word' id='word_1_561' title='bbox 1195 1766 1244 1793; x_wconf 78' lang='lat' dir='ltr'><strong>l3l</strong></span> <span class='ocrx_word' id='word_1_562' title='bbox 1264 1765 1304 1802; x_wconf 88' lang='lat' dir='ltr'><strong>[et</strong></span> <span class='ocrx_word' id='word_1_563' title='bbox 1320 1767 1374 1804; x_wconf 77' lang='lat' dir='ltr'><strong>est]</strong></span> <span class='ocrx_word' id='word_1_564' title='bbox 1388 1768 1476 1802; x_wconf 89' lang='lat' dir='ltr'><strong>posita</strong></span> <span class='ocrx_word' id='word_1_565' title='bbox 1492 1769 1520 1796; x_wconf 89' lang='lat' dir='ltr'><strong>in</strong></span> <span class='ocrx_word' id='word_1_566' title='bbox 1539 1770 1587 1798; x_wconf 88' lang='lat' dir='ltr'><strong>lib.</strong></span> <span class='ocrx_word' id='word_1_567' title='bbox 1606 1778 1633 1804; x_wconf 90' lang='lat' dir='ltr'><strong>v,</strong></span> <span class='ocrx_word' id='word_1_568' title='bbox 1651 1771 1692 1804; x_wconf 74' lang='lat' dir='ltr'><strong>tit,</strong></span> <span class='ocrx_word' id='word_1_569' title='bbox 1710 1772 1737 1799; x_wconf 79' lang='lat'><strong>5.</strong></span> 
     </span>
    </p>
   </div>
   <div class='ocr_carea' id='block_1_80' title="bbox 944 1812 1740 1853">
    <p class='ocr_par' dir='ltr' id='par_1_80' title="bbox 944 1812 1740 1853">
     <span class='ocr_line' id='line_1_80' title="bbox 944 1812 1740 1853; baseline 0.01 -15"><span class='ocrx_word' id='word_1_570' title='bbox 944 1812 1011 1846; x_wconf 70' lang='lat' dir='ltr'><strong>Qua:</strong></span> <span class='ocrx_word' id='word_1_571' title='bbox 1028 1820 1093 1840; x_wconf 86' lang='lat' dir='ltr'><strong>vero</strong></span> <span class='ocrx_word' id='word_1_572' title='bbox 1116 1813 1143 1840; x_wconf 93' lang='lat' dir='ltr'><strong>in</strong></span> <span class='ocrx_word' id='word_1_573' title='bbox 1158 1814 1330 1848; x_wconf 40' lang='lat' dir='ltr'><strong>,compendio</strong></span> <span class='ocrx_word' id='word_1_574' title='bbox 1355 1815 1494 1850; x_wconf 85' lang='lat' dir='ltr'><strong>proposita</strong></span> <span class='ocrx_word' id='word_1_575' title='bbox 1523 1821 1598 1850; x_wconf 89' lang='lat' dir='ltr'><strong>sunt,</strong></span> <span class='ocrx_word' id='word_1_576' title='bbox 1615 1818 1740 1853; x_wconf 82' lang='lat' dir='ltr'><strong>ejusdem</strong></span> 
     </span>
    </p>
   </div>
   <div class='ocr_carea' id='block_1_81' title="bbox 945 1859 1726 1899">
    <p class='ocr_par' dir='ltr' id='par_1_81' title="bbox 945 1859 1726 1899">
     <span class='ocr_line' id='line_1_81' title="bbox 945 1859 1726 1899; baseline 0.009 -13"><span class='ocrx_word' id='word_1_577' title='bbox 945 1859 988 1886; x_wconf 90' lang='lat' dir='ltr'><strong>tit.</strong></span> <span class='ocrx_word' id='word_1_578' title='bbox 1005 1864 1071 1887; x_wconf 89' lang='lat' dir='ltr'><strong>sunt</strong></span> <span class='ocrx_word' id='word_1_579' title='bbox 1085 1866 1146 1894; x_wconf 84' lang='lat' dir='ltr'><strong>cap.</strong></span> <span class='ocrx_word' id='word_1_580' title='bbox 1163 1860 1189 1892; x_wconf 89' lang='grc'>9,</span> <span class='ocrx_word' id='word_1_581' title='bbox 1206 1860 1279 1895; x_wconf 87' lang='lat' dir='ltr'><strong>quod</strong></span> <span class='ocrx_word' id='word_1_582' title='bbox 1310 1861 1350 1888; x_wconf 91' lang='lat' dir='ltr'><strong>sic</strong></span> <span class='ocrx_word' id='word_1_583' title='bbox 1374 1861 1456 1889; x_wconf 87' lang='lat' dir='ltr'><strong>habet</strong></span> <span class='ocrx_word' id='word_1_584' title='bbox 1470 1871 1477 1889; x_wconf 92' lang='lat'><strong>:</strong></span> <span class='ocrx_word' id='word_1_585' title='bbox 1491 1861 1557 1890; x_wconf 87' lang='lat' dir='ltr'><strong>Item</strong></span> <span class='ocrx_word' id='word_1_586' title='bbox 1574 1864 1596 1891; x_wconf 89' lang='lat' dir='ltr'><strong>si</strong></span> <span class='ocrx_word' id='word_1_587' title='bbox 1622 1872 1671 1899; x_wconf 90' lang='lat' dir='ltr'><strong>pro</strong></span> <span class='ocrx_word' id='word_1_588' title='bbox 1696 1873 1726 1893; x_wconf 88' lang='lat' dir='ltr'><strong>re</strong></span> 
     </span>
    </p>
   </div>
   <div class='ocr_carea' id='block_1_82' title="bbox 945 1905 1742 1946">
    <p class='ocr_par' dir='ltr' id='par_1_82' title="bbox 945 1905 1742 1946">
     <span class='ocr_line' id='line_1_82' title="bbox 945 1905 1742 1946; baseline 0.008 -14"><span class='ocrx_word' id='word_1_589' title='bbox 945 1905 1103 1940; x_wconf 87' lang='lat' dir='ltr'><strong>demptione</strong></span> <span class='ocrx_word' id='word_1_590' title='bbox 1129 1906 1299 1940; x_wconf 85' lang='lat' dir='ltr'><strong>captivorum</strong></span> <span class='ocrx_word' id='word_1_591' title='bbox 1317 1907 1421 1942; x_wconf 87' lang='lat' dir='ltr'><strong>aliquid</strong></span> <span class='ocrx_word' id='word_1_592' title='bbox 1444 1909 1567 1937; x_wconf 88' lang='lat' dir='ltr'><strong>relictum</strong></span> <span class='ocrx_word' id='word_1_593' title='bbox 1586 1911 1632 1943; x_wconf 86' lang='lat' dir='ltr'><strong>sit,</strong></span> <span class='ocrx_word' id='word_1_594' title='bbox 1653 1918 1742 1946; x_wconf 89' lang='lat' dir='ltr'><strong>neque</strong></span> 
     </span>
    </p>
   </div>
   <div class='ocr_carea' id='block_1_83' title="bbox 945 1951 1743 1989">
    <p class='ocr_par' dir='ltr' id='par_1_83' title="bbox 945 1951 1743 1989">
     <span class='ocr_line' id='line_1_83' title="bbox 945 1951 1743 1989; baseline 0.005 -12"><span class='ocrx_word' id='word_1_595' title='bbox 945 1954 1062 1978; x_wconf 86' lang='lat' dir='ltr'><strong>testator</strong></span> <span class='ocrx_word' id='word_1_596' title='bbox 1079 1951 1241 1977; x_wconf 84' lang='lat' dir='ltr'><strong>nominatim</strong></span> <span class='ocrx_word' id='word_1_597' title='bbox 1262 1951 1373 1984; x_wconf 85' lang='lat' dir='ltr'><strong>dixerit,</strong></span> <span class='ocrx_word' id='word_1_598' title='bbox 1401 1959 1449 1986; x_wconf 87' lang='lat' dir='ltr'><strong>per</strong></span> <span class='ocrx_word' id='word_1_599' title='bbox 1473 1960 1555 1987; x_wconf 88' lang='lat' dir='ltr'><strong>quem</strong></span> <span class='ocrx_word' id='word_1_600' title='bbox 1575 1953 1743 1989; x_wconf 87' lang='lat' dir='ltr'><strong>redemptio-</strong></span> 
     </span>
    </p>
   </div>
   <div class='ocr_carea' id='block_1_84' title="bbox 945 1996 1741 2033">
    <p class='ocr_par' dir='ltr' id='par_1_84' title="bbox 945 1996 1741 2033">
     <span class='ocr_line' id='line_1_84' title="bbox 945 1996 1741 2033; baseline 0.004 -9"><span class='ocrx_word' id='word_1_601' title='bbox 945 2004 1007 2024; x_wconf 89' lang='lat' dir='ltr'><strong>nem</strong></span> <span class='ocrx_word' id='word_1_602' title='bbox 1023 1996 1081 2023; x_wconf 81' lang='lat' dir='ltr'><strong>fieri</strong></span> <span class='ocrx_word' id='word_1_603' title='bbox 1104 2001 1251 2031; x_wconf 82' lang='lat' dir='ltr'><strong>oporteat:</strong></span> <span class='ocrx_word' id='word_1_604' title='bbox 1269 1997 1361 2024; x_wconf 85' lang='lat' dir='ltr'><strong>itidem</strong></span> <span class='ocrx_word' id='word_1_605' title='bbox 1381 1998 1522 2033; x_wconf 81' lang='lat' dir='ltr'><strong>jubernus,</strong></span> <span class='ocrx_word' id='word_1_606' title='bbox 1540 2003 1570 2026; x_wconf 87' lang='lat' dir='ltr'><strong>ut</strong></span> <span class='ocrx_word' id='word_1_607' title='bbox 1587 2007 1630 2027; x_wconf 86' lang='lat' dir='ltr'><strong>res</strong></span> <span class='ocrx_word' id='word_1_608' title='bbox 1647 2000 1673 2026; x_wconf 92' lang='lat' dir='ltr'><strong>in</strong></span> <span class='ocrx_word' id='word_1_609' title='bbox 1689 2000 1741 2028; x_wconf 86' lang='lat' dir='ltr'><strong>hoc</strong></span> 
     </span>
    </p>
   </div>
   <div class='ocr_carea' id='block_1_85' title="bbox 945 2042 1742 2079">
    <p class='ocr_par' dir='ltr' id='par_1_85' title="bbox 945 2042 1742 2079">
     <span class='ocr_line' id='line_1_85' title="bbox 945 2042 1742 2079; baseline 0.004 -9"><span class='ocrx_word' id='word_1_610' title='bbox 945 2043 1064 2075; x_wconf 87' lang='lat' dir='ltr'><strong>relictas,</strong></span> <span class='ocrx_word' id='word_1_611' title='bbox 1081 2042 1205 2070; x_wconf 90' lang='lat' dir='ltr'><strong>locorum</strong></span> <span class='ocrx_word' id='word_1_612' title='bbox 1224 2043 1372 2078; x_wconf 88' lang='lat' dir='ltr'><strong>episcopus</strong></span> <span class='ocrx_word' id='word_1_613' title='bbox 1384 2048 1412 2071; x_wconf 91' lang='lat' dir='ltr'><strong>et</strong></span> <span class='ocrx_word' id='word_1_614' title='bbox 1425 2044 1508 2079; x_wconf 88' lang='lat' dir='ltr'><strong>hujus</strong></span> <span class='ocrx_word' id='word_1_615' title='bbox 1522 2052 1683 2073; x_wconf 68' lang='lat' dir='ltr'><strong>meonomus</strong></span> <span class='ocrx_word' id='word_1_616' title='bbox 1695 2054 1742 2074; x_wconf 88' lang='lat' dir='ltr'><strong>ca-</strong></span> 
     </span>
    </p>
   </div>
   <div class='ocr_carea' id='block_1_86' title="bbox 945 2090 1742 2126">
    <p class='ocr_par' dir='ltr' id='par_1_86' title="bbox 945 2090 1742 2126">
     <span class='ocr_line' id='line_1_86' title="bbox 945 2090 1742 2126; baseline 0.006 -10"><span class='ocrx_word' id='word_1_617' title='bbox 945 2090 1014 2125; x_wconf 75' lang='lat' dir='ltr'><strong>piat,</strong></span> <span class='ocrx_word' id='word_1_618' title='bbox 1028 2094 1055 2117; x_wconf 92' lang='lat' dir='ltr'><strong>et</strong></span> <span class='ocrx_word' id='word_1_619' title='bbox 1076 2090 1234 2125; x_wconf 88' lang='lat' dir='ltr'><strong>bujusmodi</strong></span> <span class='ocrx_word' id='word_1_620' title='bbox 1253 2090 1327 2125; x_wconf 88' lang='lat' dir='ltr'><strong>piutn</strong></span> <span class='ocrx_word' id='word_1_621' title='bbox 1342 2098 1410 2126; x_wconf 88' lang='lat' dir='ltr'><strong>opus</strong></span> <span class='ocrx_word' id='word_1_622' title='bbox 1424 2091 1552 2126; x_wconf 51' lang='lat' dir='ltr'><strong>,impleat.</strong></span> <span class='ocrx_word' id='word_1_623' title='bbox 1567 2091 1596 2119; x_wconf 92' lang='lat' dir='ltr'><strong>In</strong></span> <span class='ocrx_word' id='word_1_624' title='bbox 1613 2093 1742 2121; x_wconf 88' lang='lat' dir='ltr'><strong>omnibus</strong></span> 
     </span>
    </p>
   </div>
   <div class='ocr_carea' id='block_1_87' title="bbox 946 2136 1742 2174">
    <p class='ocr_par' dir='ltr' id='par_1_87' title="bbox 946 2136 1742 2174">
     <span class='ocr_line' id='line_1_87' title="bbox 946 2136 1742 2174; baseline 0.003 -10"><span class='ocrx_word' id='word_1_625' title='bbox 946 2136 1021 2165; x_wconf 87' lang='lat' dir='ltr'><strong>enim</strong></span> <span class='ocrx_word' id='word_1_626' title='bbox 1047 2136 1109 2164; x_wconf 83' lang='lat' dir='ltr'><strong>istis</strong></span> <span class='ocrx_word' id='word_1_627' title='bbox 1126 2137 1178 2172; x_wconf 90' lang='lat' dir='ltr'><strong>piis</strong></span> <span class='ocrx_word' id='word_1_628' title='bbox 1194 2136 1381 2164; x_wconf 84' lang='lat' dir='ltr'><strong>voluntatibus</strong></span> <span class='ocrx_word' id='word_1_629' title='bbox 1404 2137 1531 2166; x_wconf 91' lang='lat' dir='ltr'><strong>volumus</strong></span> <span class='ocrx_word' id='word_1_630' title='bbox 1555 2139 1638 2166; x_wconf 88' lang='lat' dir='ltr'><strong>etiam</strong></span> <span class='ocrx_word' id='word_1_631' title='bbox 1668 2139 1742 2174; x_wconf 88' lang='lat' dir='ltr'><strong>ipsos</strong></span> 
     </span>
    </p>
   </div>
   <div class='ocr_carea' id='block_1_88' title="bbox 947 2182 1741 2219">
    <p class='ocr_par' dir='ltr' id='par_1_88' title="bbox 947 2182 1741 2219">
     <span class='ocr_line' id='line_1_88' title="bbox 947 2182 1741 2219; baseline 0.003 -10"><span class='ocrx_word' id='word_1_632' title='bbox 947 2182 1170 2217; x_wconf 82' lang='lat' dir='ltr'><strong>religiosissimos</strong></span> <span class='ocrx_word' id='word_1_633' title='bbox 1200 2182 1326 2210; x_wconf 85' lang='lat' dir='ltr'><strong>locorum</strong></span> <span class='ocrx_word' id='word_1_634' title='bbox 1362 2183 1507 2218; x_wconf 89' lang='lat' dir='ltr'><strong>episcopos</strong></span> <span class='ocrx_word' id='word_1_635' title='bbox 1539 2184 1741 2219; x_wconf 86' lang='lat' dir='ltr'><strong>providentiam</strong></span> 
     </span>
    </p>
   </div>
   <div class='ocr_carea' id='block_1_89' title="bbox 948 2228 1741 2260">
    <p class='ocr_par' dir='ltr' id='par_1_89' title="bbox 948 2228 1741 2260">
     <span class='ocr_line' id='line_1_89' title="bbox 948 2228 1741 2260; baseline 0.005 -6"><span class='ocrx_word' id='word_1_636' title='bbox 948 2228 1170 2260; x_wconf 84' lang='lat' dir='ltr'><strong>accommodare,</strong></span> <span class='ocrx_word' id='word_1_637' title='bbox 1182 2232 1211 2255; x_wconf 91' lang='lat' dir='ltr'><strong>ut</strong></span> <span class='ocrx_word' id='word_1_638' title='bbox 1219 2229 1313 2256; x_wconf 86' lang='lat' dir='ltr'><strong>omnia</strong></span> <span class='ocrx_word' id='word_1_639' title='bbox 1326 2229 1478 2256; x_wconf 85' lang='lat' dir='ltr'><strong>secundum</strong></span> <span class='ocrx_word' id='word_1_640' title='bbox 1492 2231 1631 2258; x_wconf 89' lang='lat' dir='ltr'><strong>testatoris</strong></span> <span class='ocrx_word' id='word_1_641' title='bbox 1643 2231 1741 2258; x_wconf 86' lang='lat' dir='ltr'><strong>volun-</strong></span> 
     </span>
    </p>
   </div>
   <div class='ocr_carea' id='block_1_90' title="bbox 947 2274 1743 2309">
    <p class='ocr_par' dir='ltr' id='par_1_90' title="bbox 947 2274 1743 2309">
     <span class='ocr_line' id='line_1_90' title="bbox 947 2274 1743 2309; baseline 0.005 -8"><span class='ocrx_word' id='word_1_642' title='bbox 947 2278 1028 2301; x_wconf 85' lang='lat' dir='ltr'><strong>tatem</strong></span> <span class='ocrx_word' id='word_1_643' title='bbox 1041 2274 1191 2309; x_wconf 89' lang='lat' dir='ltr'><strong>procedant</strong></span> <span class='ocrx_word' id='word_1_644' title='bbox 1204 2283 1211 2301; x_wconf 92' lang='lat'><strong>:</strong></span> <span class='ocrx_word' id='word_1_645' title='bbox 1222 2274 1402 2302; x_wconf 83' lang='lat' dir='ltr'><strong>etsimaxime</strong></span> <span class='ocrx_word' id='word_1_646' title='bbox 1414 2283 1428 2302; x_wconf 94' lang='lat' dir='ltr'><strong>a</strong></span> <span class='ocrx_word' id='word_1_647' title='bbox 1445 2277 1622 2304; x_wconf 85' lang='lat' dir='ltr'><strong>testatoribus</strong></span> <span class='ocrx_word' id='word_1_648' title='bbox 1635 2282 1682 2304; x_wconf 82' lang='lat' dir='ltr'><strong>aut</strong></span> <span class='ocrx_word' id='word_1_649' title='bbox 1692 2280 1743 2306; x_wconf 89' lang='lat' dir='ltr'><strong>do-</strong></span> 
     </span>
    </p>
   </div>
   <div class='ocr_carea' id='block_1_91' title="bbox 91 2320 887 2357">
    <p class='ocr_par' dir='ltr' id='par_1_91' title="bbox 91 2321 887 2357">
     <span class='ocr_line' id='line_1_91' title="bbox 91 2321 887 2357; baseline 0 -9"><span class='ocrx_word' id='word_1_650' title='bbox 91 2322 145 2348; x_wconf 81' lang='grc' dir='ltr'>καὶ</span> <span class='ocrx_word' id='word_1_651' title='bbox 160 2321 194 2348; x_wconf 80' lang='grc' dir='ltr'><strong>τά</strong></span> <span class='ocrx_word' id='word_1_652' title='bbox 207 2321 328 2357; x_wconf 84' lang='grc' dir='ltr'>μάλιστα</span> <span class='ocrx_word' id='word_1_653' title='bbox 336 2322 414 2357; x_wconf 81' lang='grc' dir='ltr'>παρὰ</span> <span class='ocrx_word' id='word_1_654' title='bbox 423 2322 477 2348; x_wconf 74' lang='grc' dir='ltr'>τῶν</span> <span class='ocrx_word' id='word_1_655' title='bbox 487 2321 681 2357; x_wconf 75' lang='grc' dir='ltr'>διαθεμένωνῆ</span> <span class='ocrx_word' id='word_1_656' title='bbox 696 2321 750 2349; x_wconf 81' lang='grc' dir='ltr'>τῶν</span> <span class='ocrx_word' id='word_1_657' title='bbox 764 2321 887 2357; x_wconf 85' lang='grc' dir='ltr'>δωρησα-</span> 
     </span>
    </p>
   </div>
   <div class='ocr_carea' id='block_1_92' title="bbox 940 2320 1742 2357">
    <p class='ocr_par' dir='ltr' id='par_1_92' title="bbox 947 2320 1742 2357">
     <span class='ocr_line' id='line_1_92' title="bbox 947 2320 1742 2357; baseline 0.005 -10"><span class='ocrx_word' id='word_1_658' title='bbox 947 2320 1093 2348; x_wconf 88' lang='lat' dir='ltr'><strong>natoribus</strong></span> <span class='ocrx_word' id='word_1_659' title='bbox 1111 2321 1288 2348; x_wconf 82' lang='lat' dir='ltr'><strong>interdictum</strong></span> <span class='ocrx_word' id='word_1_660' title='bbox 1301 2322 1368 2356; x_wconf 85' lang='lat' dir='ltr'><strong>ipsis</strong></span> <span class='ocrx_word' id='word_1_661' title='bbox 1384 2321 1430 2354; x_wconf 88' lang='lat' dir='ltr'><strong>sit,</strong></span> <span class='ocrx_word' id='word_1_662' title='bbox 1449 2329 1484 2350; x_wconf 93' lang='lat' dir='ltr'><strong>ne</strong></span> <span class='ocrx_word' id='word_1_663' title='bbox 1511 2323 1576 2357; x_wconf 86' lang='lat' dir='ltr'><strong>quid</strong></span> <span class='ocrx_word' id='word_1_664' title='bbox 1596 2323 1623 2350; x_wconf 92' lang='lat' dir='ltr'><strong>in</strong></span> <span class='ocrx_word' id='word_1_665' title='bbox 1640 2324 1674 2351; x_wconf 91' lang='lat' dir='ltr'><strong>iis</strong></span> <span class='ocrx_word' id='word_1_666' title='bbox 1694 2325 1742 2352; x_wconf 78' lang='lat' dir='ltr'><strong>lia-</strong></span> 
     </span>
    </p>
   </div>
   <div class='ocr_carea' id='block_1_93' title="bbox 92 2367 896 2402">
    <p class='ocr_par' dir='ltr' id='par_1_93' title="bbox 92 2367 896 2402">
     <span class='ocr_line' id='line_1_93' title="bbox 92 2367 896 2402; baseline 0.001 -10"><span class='ocrx_word' id='word_1_667' title='bbox 92 2367 201 2402; x_wconf 87' lang='grc' dir='ltr'>μένων,</span> <span class='ocrx_word' id='word_1_668' title='bbox 227 2367 406 2402; x_wconf 83' lang='grc' dir='ltr'>άπαγορευθῇ</span> <span class='ocrx_word' id='word_1_669' title='bbox 431 2367 524 2398; x_wconf 81' lang='grc' dir='ltr'>αὐτοῖς</span> <span class='ocrx_word' id='word_1_670' title='bbox 544 2367 616 2402; x_wconf 71' lang='grc' dir='ltr'>ἔχειν</span> <span class='ocrx_word' id='word_1_671' title='bbox 635 2367 704 2402; x_wconf 81' lang='grc' dir='ltr'>πρὸς</span> <span class='ocrx_word' id='word_1_672' title='bbox 734 2367 805 2394; x_wconf 77' lang='grc' dir='ltr'>αὑτά</span> <span class='ocrx_word' id='word_1_673' title='bbox 834 2376 896 2394; x_wconf 87' lang='grc' dir='ltr'>τινα</span> 
     </span>
    </p>
   </div>
   <div class='ocr_carea' id='block_1_94' title="bbox 92 2412 894 2448">
    <p class='ocr_par' dir='ltr' id='par_1_94' title="bbox 92 2412 894 2448">
     <span class='ocr_line' id='line_1_94' title="bbox 92 2412 894 2448; baseline 0 -9"><span class='ocrx_word' id='word_1_674' title='bbox 92 2412 258 2448; x_wconf 81' lang='grc' dir='ltr'>μετουσίαν.</span> <span class='ocrx_word' id='word_1_675' title='bbox 282 2413 313 2439; x_wconf 84' lang='grc' dir='ltr'><strong>Εί</strong></span> <span class='ocrx_word' id='word_1_676' title='bbox 338 2412 367 2438; x_wconf 79' lang='grc' dir='ltr'>δὲ</span> <span class='ocrx_word' id='word_1_677' title='bbox 388 2413 413 2439; x_wconf 78' lang='grc' dir='ltr'>οἱ</span> <span class='ocrx_word' id='word_1_678' title='bbox 429 2412 516 2439; x_wconf 85' lang='grc' dir='ltr'>ταῦτα</span> <span class='ocrx_word' id='word_1_679' title='bbox 546 2412 662 2448; x_wconf 77' lang='grc' dir='ltr'>ποιῆσαι</span> <span class='ocrx_word' id='word_1_680' title='bbox 689 2413 894 2446; x_wconf 80' lang='grc' dir='ltr'>κελευσθέντες,</span> 
     </span>
    </p>
   </div>
   <div class='ocr_carea' id='block_1_95' title="bbox 91 2458 893 2494">
    <p class='ocr_par' dir='ltr' id='par_1_95' title="bbox 91 2458 893 2494">
     <span class='ocr_line' id='line_1_95' title="bbox 91 2458 893 2494; baseline 0 -9"><span class='ocrx_word' id='word_1_681' title='bbox 91 2459 174 2491; x_wconf 69' lang='grc' dir='ltr'>ἅπαξ</span> <span class='ocrx_word' id='word_1_682' title='bbox 191 2459 239 2486; x_wconf 81' lang='grc' dir='ltr'>καὶ</span> <span class='ocrx_word' id='word_1_683' title='bbox 261 2458 302 2490; x_wconf 72' lang='grc' dir='ltr'><strong>δὶς</strong></span> <span class='ocrx_word' id='word_1_684' title='bbox 320 2458 398 2494; x_wconf 82' lang='grc' dir='ltr'>παρὰ</span> <span class='ocrx_word' id='word_1_685' title='bbox 414 2458 461 2485; x_wconf 86' lang='grc' dir='ltr'>τοῦ</span> <span class='ocrx_word' id='word_1_686' title='bbox 489 2460 701 2493; x_wconf 70' lang='grc' dir='ltr'>μακαριωτάτου</span> <span class='ocrx_word' id='word_1_687' title='bbox 720 2460 775 2485; x_wconf 85' lang='grc' dir='ltr'>τῶν</span> <span class='ocrx_word' id='word_1_688' title='bbox 803 2459 893 2485; x_wconf 88' lang='grc' dir='ltr'>τόπων</span> 
     </span>
    </p>
   </div>
   <div class='ocr_carea' id='block_1_96' title="bbox 89 2504 892 2541">
    <p class='ocr_par' dir='ltr' id='par_1_96' title="bbox 89 2504 892 2541">
     <span class='ocr_line' id='line_1_96' title="bbox 89 2504 892 2541; baseline 0 -9"><span class='ocrx_word' id='word_1_689' title='bbox 89 2506 249 2532; x_wconf 77' lang='grc' dir='ltr'>ἐπισκόπου</span> <span class='ocrx_word' id='word_1_690' title='bbox 275 2505 323 2531; x_wconf 81' lang='grc' dir='ltr'>καὶ</span> <span class='ocrx_word' id='word_1_691' title='bbox 354 2504 410 2531; x_wconf 81' lang='grc' dir='ltr'>τῶν</span> <span class='ocrx_word' id='word_1_692' title='bbox 427 2504 530 2531; x_wconf 84' lang='grc' dir='ltr'>τούτων</span> <span class='ocrx_word' id='word_1_693' title='bbox 558 2505 710 2540; x_wconf 71' lang='grc' dir='ltr'>οἰκονόμων</span> <span class='ocrx_word' id='word_1_694' title='bbox 733 2505 776 2532; x_wconf 82' lang='grc' dir='ltr'>διὰ</span> <span class='ocrx_word' id='word_1_695' title='bbox 807 2506 892 2541; x_wconf 86' lang='grc' dir='ltr'>δημο-</span> 
     </span>
    </p>
   </div>
   <div class='ocr_carea' id='block_1_97' title="bbox 91 2550 892 2587">
    <p class='ocr_par' dir='ltr' id='par_1_97' title="bbox 91 2550 892 2587">
     <span class='ocr_line' id='line_1_97' title="bbox 91 2550 892 2587; baseline 0 -9"><span class='ocrx_word' id='word_1_696' title='bbox 91 2552 164 2578; x_wconf 86' lang='grc' dir='ltr'>σίων</span> <span class='ocrx_word' id='word_1_697' title='bbox 191 2551 348 2587; x_wconf 85' lang='grc' dir='ltr'>προσώπων</span> <span class='ocrx_word' id='word_1_698' title='bbox 377 2550 620 2586; x_wconf 80' lang='grc' dir='ltr'>ὑπομνησθέντες,</span> <span class='ocrx_word' id='word_1_699' title='bbox 655 2550 829 2586; x_wconf 86' lang='grc' dir='ltr'>ὑπερθῶνται</span> <span class='ocrx_word' id='word_1_700' title='bbox 858 2551 892 2578; x_wconf 82' lang='grc' dir='ltr'>τὰ</span> 
     </span>
    </p>
   </div>
   <div class='ocr_carea' id='block_1_98' title="bbox 87 2597 891 2634">
    <p class='ocr_par' dir='ltr' id='par_1_98' title="bbox 87 2597 891 2634">
     <span class='ocr_line' id='line_1_98' title="bbox 87 2597 891 2634; baseline -0.004 -7"><span class='ocrx_word' id='word_1_701' title='bbox 87 2599 302 2627; x_wconf 82' lang='grc' dir='ltr'>διατυπωθέντα</span> <span class='ocrx_word' id='word_1_702' title='bbox 325 2599 492 2634; x_wconf 85' lang='grc' dir='ltr'>πληρῶσαι,</span> <span class='ocrx_word' id='word_1_703' title='bbox 509 2598 657 2634; x_wconf 86' lang='grc' dir='ltr'>κελεύομεν</span> <span class='ocrx_word' id='word_1_704' title='bbox 681 2598 793 2630; x_wconf 82' lang='grc' dir='ltr'>τούτους</span> <span class='ocrx_word' id='word_1_705' title='bbox 818 2597 891 2625; x_wconf 76' lang='grc' dir='ltr'>ἅπαν</span> 
     </span>
    </p>
   </div>
   <div class='ocr_carea' id='block_1_99' title="bbox 89 2644 893 2682">
    <p class='ocr_par' dir='ltr' id='par_1_99' title="bbox 89 2644 893 2682">
     <span class='ocr_line' id='line_1_99' title="bbox 89 2644 893 2682; baseline -0.004 -8"><span class='ocrx_word' id='word_1_706' title='bbox 89 2647 194 2682; x_wconf 81' lang='grc' dir='ltr'>κέρδος</span> <span class='ocrx_word' id='word_1_707' title='bbox 211 2646 394 2681; x_wconf 76' lang='grc' dir='ltr'>καταλειφθὲν</span> <span class='ocrx_word' id='word_1_708' title='bbox 411 2646 503 2677; x_wconf 73' lang='grc' dir='ltr'>αὐτοῖς</span> <span class='ocrx_word' id='word_1_709' title='bbox 528 2646 606 2680; x_wconf 79' lang='grc' dir='ltr'>παρὰ</span> <span class='ocrx_word' id='word_1_710' title='bbox 625 2644 674 2671; x_wconf 76' lang='grc' dir='ltr'>τοῦ</span> <span class='ocrx_word' id='word_1_711' title='bbox 690 2645 778 2672; x_wconf 83' lang='grc' dir='ltr'>ταῦτα</span> <span class='ocrx_word' id='word_1_712' title='bbox 802 2645 893 2672; x_wconf 86' lang='grc' dir='ltr'>κελεύ-</span> 
     </span>
    </p>
   </div>
   <div class='ocr_carea' id='block_1_100' title="bbox 91 2691 892 2726">
    <p class='ocr_par' dir='ltr' id='par_1_100' title="bbox 91 2691 892 2726">
     <span class='ocr_line' id='line_1_100' title="bbox 91 2691 892 2726; baseline -0.005 -5"><span class='ocrx_word' id='word_1_713' title='bbox 91 2702 197 2725; x_wconf 78' lang='grc' dir='ltr'>σαντος</span> <span class='ocrx_word' id='word_1_714' title='bbox 222 2692 386 2726; x_wconf 84' lang='grc' dir='ltr'>ἀπολλῦναι,</span> <span class='ocrx_word' id='word_1_715' title='bbox 413 2692 477 2724; x_wconf 72' lang='grc' dir='ltr'>τοὺς</span> <span class='ocrx_word' id='word_1_716' title='bbox 505 2692 533 2718; x_wconf 83' lang='grc' dir='ltr'>δὲ</span> <span class='ocrx_word' id='word_1_717' title='bbox 548 2691 714 2723; x_wconf 77' lang='grc' dir='ltr'>ὁσιωτάτους</span> <span class='ocrx_word' id='word_1_718' title='bbox 729 2691 784 2718; x_wconf 83' lang='grc' dir='ltr'>τῶν</span> <span class='ocrx_word' id='word_1_719' title='bbox 800 2691 892 2718; x_wconf 87' lang='grc' dir='ltr'>τόπων</span> 
     </span>
    </p>
   </div>
   <div class='ocr_carea' id='block_1_101' title="bbox 89 2737 893 2774">
    <p class='ocr_par' dir='ltr' id='par_1_101' title="bbox 89 2737 893 2774">
     <span class='ocr_line' id='line_1_101' title="bbox 89 2737 893 2774; baseline -0.005 -7"><span class='ocrx_word' id='word_1_720' title='bbox 89 2744 102 2767; x_wconf 77' lang='lat' dir='ltr'><strong>&#39;e</strong></span> <span class='ocrx_word' id='word_1_721' title='bbox 109 2740 276 2772; x_wconf 80' lang='grc' dir='ltr'>πισκόπους,</span> <span class='ocrx_word' id='word_1_722' title='bbox 289 2741 379 2767; x_wconf 86' lang='grc' dir='ltr'>πάντα</span> <span class='ocrx_word' id='word_1_723' title='bbox 386 2738 421 2765; x_wconf 84' lang='grc' dir='ltr'>τὰ</span> <span class='ocrx_word' id='word_1_724' title='bbox 430 2738 581 2774; x_wconf 81' lang='grc' dir='ltr'>πράγματα</span> <span class='ocrx_word' id='word_1_725' title='bbox 592 2737 627 2765; x_wconf 70' lang='grc' dir='ltr'><strong>τὰ</strong></span> <span class='ocrx_word' id='word_1_726' title='bbox 636 2737 751 2771; x_wconf 85' lang='grc' dir='ltr'>πάσαις,</span> <span class='ocrx_word' id='word_1_727' title='bbox 767 2737 804 2770; x_wconf 85' lang='grc' dir='ltr'>ὡς</span> <span class='ocrx_word' id='word_1_728' title='bbox 817 2738 893 2774; x_wconf 83' lang='grc' dir='ltr'>εἴρη-</span> 
     </span>
    </p>
   </div>
   <div class='ocr_carea' id='block_1_102' title="bbox 88 2784 893 2820">
    <p class='ocr_par' dir='ltr' id='par_1_102' title="bbox 88 2784 893 2820">
     <span class='ocr_line' id='line_1_102' title="bbox 88 2784 893 2820; baseline -0.004 -7"><span class='ocrx_word' id='word_1_729' title='bbox 88 2796 152 2820; x_wconf 82' lang='grc' dir='ltr'>ται,</span> <span class='ocrx_word' id='word_1_730' title='bbox 169 2787 229 2818; x_wconf 81' lang='grc' dir='ltr'>ταῖς</span> <span class='ocrx_word' id='word_1_731' title='bbox 246 2785 388 2813; x_wconf 80' lang='grc' dir='ltr'>εὐσεϐέσιν</span> <span class='ocrx_word' id='word_1_732' title='bbox 406 2785 506 2816; x_wconf 86' lang='grc' dir='ltr'>αἰτίαις</span> <span class='ocrx_word' id='word_1_733' title='bbox 521 2784 715 2820; x_wconf 85' lang='grc' dir='ltr'>ἀφορισθέντα,</span> <span class='ocrx_word' id='word_1_734' title='bbox 733 2784 802 2820; x_wconf 79' lang='grc' dir='ltr'>μετὰ</span> <span class='ocrx_word' id='word_1_735' title='bbox 821 2793 893 2820; x_wconf 83' lang='grc' dir='ltr'>καρ-</span> 
     </span>
    </p>
   </div>
   <div class='ocr_carea' id='block_1_103' title="bbox 89 2831 892 2868">
    <p class='ocr_par' dir='ltr' id='par_1_103' title="bbox 89 2831 892 2868">
     <span class='ocr_line' id='line_1_103' title="bbox 89 2831 892 2868; baseline -0.002 -8"><span class='ocrx_word' id='word_1_736' title='bbox 89 2836 156 2860; x_wconf 70' lang='grc' dir='ltr'>πῶν</span> <span class='ocrx_word' id='word_1_737' title='bbox 172 2833 221 2860; x_wconf 71' lang='grc' dir='ltr'>καὶ</span> <span class='ocrx_word' id='word_1_738' title='bbox 247 2833 425 2868; x_wconf 79' lang='grc' dir='ltr'>έπαυξήσεων</span> <span class='ocrx_word' id='word_1_739' title='bbox 452 2831 500 2858; x_wconf 85' lang='grc' dir='ltr'>τοῦ</span> <span class='ocrx_word' id='word_1_740' title='bbox 526 2831 610 2867; x_wconf 90' lang='grc' dir='ltr'>μέσου</span> <span class='ocrx_word' id='word_1_741' title='bbox 634 2831 743 2866; x_wconf 89' lang='grc' dir='ltr'>χρόνου,</span> <span class='ocrx_word' id='word_1_742' title='bbox 768 2831 818 2858; x_wconf 83' lang='grc' dir='ltr'>καὶ</span> <span class='ocrx_word' id='word_1_743' title='bbox 844 2831 892 2859; x_wconf 80' lang='grc' dir='ltr'><strong>τοῦ</strong></span> 
     </span>
    </p>
   </div>
   <div class='ocr_carea' id='block_1_104' title="bbox 91 2878 892 2916">
    <p class='ocr_par' dir='ltr' id='par_1_104' title="bbox 91 2878 892 2916">
     <span class='ocr_line' id='line_1_104' title="bbox 91 2878 892 2916; baseline -0.002 -10"><span class='ocrx_word' id='word_1_744' title='bbox 91 2879 333 2916; x_wconf 79' lang='grc' dir='ltr'>μνημονευθέντος</span> <span class='ocrx_word' id='word_1_745' title='bbox 343 2879 440 2914; x_wconf 82' lang='grc' dir='ltr'>χρόνου</span> <span class='ocrx_word' id='word_1_746' title='bbox 453 2878 579 2914; x_wconf 80' lang='grc' dir='ltr'>κέρδους,</span> <span class='ocrx_word' id='word_1_747' title='bbox 607 2878 737 2911; x_wconf 81' lang='grc' dir='ltr'>ἐκδικεῖν,</span> <span class='ocrx_word' id='word_1_748' title='bbox 757 2878 804 2905; x_wconf 71' lang='grc' dir='ltr'>καὶ</span> <span class='ocrx_word' id='word_1_749' title='bbox 819 2878 892 2914; x_wconf 75' lang='grc' dir='ltr'>ἅπερ</span> 
     </span>
    </p>
   </div>
   <div class='ocr_carea' id='block_1_105' title="bbox 87 2923 890 2963">
    <p class='ocr_par' dir='ltr' id='par_1_105' title="bbox 87 2923 890 2963">
     <span class='ocr_line' id='line_1_105' title="bbox 87 2923 890 2963; baseline -0.002 -10"><span class='ocrx_word' id='word_1_750' title='bbox 87 2926 287 2963; x_wconf 55' lang='grc' dir='ltr'>ο-ίιιοέμενος</span> <span class='ocrx_word' id='word_1_751' title='bbox 312 2924 473 2960; x_wconf 78' lang='grc' dir='ltr'>διετύπωσε,</span> <span class='ocrx_word' id='word_1_752' title='bbox 506 2923 639 2961; x_wconf 76' lang='grc' dir='ltr'>πληροῦν,</span> <span class='ocrx_word' id='word_1_753' title='bbox 667 2923 772 2957; x_wconf 78' lang='grc' dir='ltr'>εἰδότας</span> <span class='ocrx_word' id='word_1_754' title='bbox 798 2924 836 2957; x_wconf 81' lang='grc' dir='ltr'><strong>ὡς</strong></span> <span class='ocrx_word' id='word_1_755' title='bbox 865 2925 890 2952; x_wconf 83' lang='grc' dir='ltr'><strong>εί</strong></span> 
     </span>
    </p>
   </div>
   <div class='ocr_carea' id='block_1_106' title="bbox 945 2367 1742 2406">
    <p class='ocr_par' dir='ltr' id='par_1_106' title="bbox 945 2367 1742 2406">
     <span class='ocr_line' id='line_1_106' title="bbox 945 2367 1742 2406; baseline 0.006 -13"><span class='ocrx_word' id='word_1_756' title='bbox 945 2367 1029 2394; x_wconf 84' lang='lat' dir='ltr'><strong>beant</strong></span> <span class='ocrx_word' id='word_1_757' title='bbox 1043 2367 1213 2394; x_wconf 83' lang='lat' dir='ltr'><strong>commercii.</strong></span> <span class='ocrx_word' id='word_1_758' title='bbox 1225 2367 1305 2395; x_wconf 85' lang='lat' dir='ltr'><strong>Certe</strong></span> <span class='ocrx_word' id='word_1_759' title='bbox 1327 2368 1349 2395; x_wconf 90' lang='lat' dir='ltr'><strong>si</strong></span> <span class='ocrx_word' id='word_1_760' title='bbox 1362 2367 1400 2395; x_wconf 89' lang='lat' dir='ltr'><strong>illi</strong></span> <span class='ocrx_word' id='word_1_761' title='bbox 1412 2368 1459 2403; x_wconf 90' lang='lat' dir='ltr'><strong>qui</strong></span> <span class='ocrx_word' id='word_1_762' title='bbox 1473 2368 1530 2396; x_wconf 69' lang='lat' dir='ltr'><strong>lucc</strong></span> <span class='ocrx_word' id='word_1_763' title='bbox 1546 2370 1659 2405; x_wconf 76' lang='lat' dir='ltr'><strong>exsequi</strong></span> <span class='ocrx_word' id='word_1_764' title='bbox 1671 2370 1742 2406; x_wconf 88' lang='lat' dir='ltr'><strong>jussi</strong></span> 
     </span>
    </p>
   </div>
   <div class='ocr_carea' id='block_1_107' title="bbox 945 2412 1741 2447">
    <p class='ocr_par' dir='ltr' id='par_1_107' title="bbox 945 2412 1741 2447">
     <span class='ocr_line' id='line_1_107' title="bbox 945 2412 1741 2447; baseline 0.008 -9"><span class='ocrx_word' id='word_1_765' title='bbox 945 2416 1020 2445; x_wconf 87' lang='lat' dir='ltr'><strong>sunt,</strong></span> <span class='ocrx_word' id='word_1_766' title='bbox 1050 2412 1134 2439; x_wconf 84' lang='lat' dir='ltr'><strong>semel</strong></span> <span class='ocrx_word' id='word_1_767' title='bbox 1160 2417 1244 2447; x_wconf 88' lang='lat' dir='ltr'><strong>atque</strong></span> <span class='ocrx_word' id='word_1_768' title='bbox 1268 2413 1368 2440; x_wconf 92' lang='lat' dir='ltr'><strong>iterum</strong></span> <span class='ocrx_word' id='word_1_769' title='bbox 1395 2421 1411 2440; x_wconf 87' lang='lat' dir='ltr'><strong>a</strong></span> <span class='ocrx_word' id='word_1_770' title='bbox 1431 2413 1592 2442; x_wconf 85' lang='lat' dir='ltr'><strong>beatissimo</strong></span> <span class='ocrx_word' id='word_1_771' title='bbox 1617 2415 1741 2444; x_wconf 83' lang='lat' dir='ltr'><strong>lucorum</strong></span> 
     </span>
    </p>
   </div>
   <div class='ocr_carea' id='block_1_108' title="bbox 945 2459 1742 2498">
    <p class='ocr_par' dir='ltr' id='par_1_108' title="bbox 945 2459 1742 2498">
     <span class='ocr_line' id='line_1_108' title="bbox 945 2459 1742 2498; baseline 0.008 -12"><span class='ocrx_word' id='word_1_772' title='bbox 945 2459 1085 2494; x_wconf 82' lang='lat' dir='ltr'><strong>episcopo,</strong></span> <span class='ocrx_word' id='word_1_773' title='bbox 1106 2463 1134 2487; x_wconf 87' lang='lat' dir='ltr'><strong>et</strong></span> <span class='ocrx_word' id='word_1_774' title='bbox 1157 2460 1218 2494; x_wconf 88' lang='lat' dir='ltr'><strong>ejus</strong></span> <span class='ocrx_word' id='word_1_775' title='bbox 1242 2461 1395 2489; x_wconf 82' lang='lat' dir='ltr'><strong>ceconomis</strong></span> <span class='ocrx_word' id='word_1_776' title='bbox 1410 2468 1460 2496; x_wconf 90' lang='lat' dir='ltr'><strong>per</strong></span> <span class='ocrx_word' id='word_1_777' title='bbox 1470 2461 1596 2496; x_wconf 85' lang='lat' dir='ltr'><strong>publicas</strong></span> <span class='ocrx_word' id='word_1_778' title='bbox 1609 2471 1742 2498; x_wconf 87' lang='lat' dir='ltr'><strong>personas</strong></span> 
     </span>
    </p>
   </div>
   <div class='ocr_carea' id='block_1_109' title="bbox 943 2505 1741 2542">
    <p class='ocr_par' dir='ltr' id='par_1_109' title="bbox 943 2505 1741 2542">
     <span class='ocr_line' id='line_1_109' title="bbox 943 2505 1741 2542; baseline 0.008 -11"><span class='ocrx_word' id='word_1_779' title='bbox 943 2505 1087 2540; x_wconf 85' lang='lat' dir='ltr'><strong>admoniti,</strong></span> <span class='ocrx_word' id='word_1_780' title='bbox 1098 2513 1129 2533; x_wconf 87' lang='lat' dir='ltr'><strong>ea</strong></span> <span class='ocrx_word' id='word_1_781' title='bbox 1140 2514 1202 2541; x_wconf 77' lang='lat' dir='ltr'><strong>qua:</strong></span> <span class='ocrx_word' id='word_1_782' title='bbox 1212 2506 1345 2541; x_wconf 83' lang='lat' dir='ltr'><strong>disposita</strong></span> <span class='ocrx_word' id='word_1_783' title='bbox 1357 2511 1420 2534; x_wconf 91' lang='lat' dir='ltr'><strong>sunt</strong></span> <span class='ocrx_word' id='word_1_784' title='bbox 1439 2507 1552 2542; x_wconf 90' lang='lat' dir='ltr'><strong>implere</strong></span> <span class='ocrx_word' id='word_1_785' title='bbox 1565 2508 1741 2537; x_wconf 88' lang='lat' dir='ltr'><strong>distulerint:</strong></span> 
     </span>
    </p>
   </div>
   <div class='ocr_carea' id='block_1_110' title="bbox 942 2551 1742 2590">
    <p class='ocr_par' dir='ltr' id='par_1_110' title="bbox 942 2551 1742 2590">
     <span class='ocr_line' id='line_1_110' title="bbox 942 2551 1742 2590; baseline 0.005 -11"><span class='ocrx_word' id='word_1_786' title='bbox 942 2551 1073 2586; x_wconf 86' lang='lat' dir='ltr'><strong>jubemns</strong></span> <span class='ocrx_word' id='word_1_787' title='bbox 1089 2557 1117 2579; x_wconf 90' lang='lat' dir='ltr'><strong>ut</strong></span> <span class='ocrx_word' id='word_1_788' title='bbox 1133 2552 1151 2579; x_wconf 93' lang='lat' dir='ltr'><strong>ii</strong></span> <span class='ocrx_word' id='word_1_789' title='bbox 1167 2560 1255 2588; x_wconf 59' lang='lat' dir='ltr'><strong>omne,</strong></span> <span class='ocrx_word' id='word_1_790' title='bbox 1269 2553 1394 2584; x_wconf 90' lang='lat' dir='ltr'><strong>lucrum,</strong></span> <span class='ocrx_word' id='word_1_791' title='bbox 1417 2553 1491 2587; x_wconf 86' lang='lat' dir='ltr'><strong>quod</strong></span> <span class='ocrx_word' id='word_1_792' title='bbox 1508 2553 1543 2581; x_wconf 85' lang='lat' dir='ltr'><strong>ab</strong></span> <span class='ocrx_word' id='word_1_793' title='bbox 1564 2562 1597 2582; x_wconf 91' lang='lat' dir='ltr'><strong>eo</strong></span> <span class='ocrx_word' id='word_1_794' title='bbox 1619 2555 1666 2590; x_wconf 92' lang='lat' dir='ltr'><strong>qui</strong></span> <span class='ocrx_word' id='word_1_795' title='bbox 1690 2556 1742 2584; x_wconf 90' lang='lat' dir='ltr'><strong>ista</strong></span> 
     </span>
    </p>
   </div>
   <div class='ocr_carea' id='block_1_111' title="bbox 943 2598 1742 2635">
    <p class='ocr_par' dir='ltr' id='par_1_111' title="bbox 943 2598 1742 2635">
     <span class='ocr_line' id='line_1_111' title="bbox 943 2598 1742 2635; baseline 0.004 -9"><span class='ocrx_word' id='word_1_796' title='bbox 943 2598 1028 2635; x_wconf 82' lang='lat' dir='ltr'><strong>jussit</strong></span> <span class='ocrx_word' id='word_1_797' title='bbox 1056 2598 1180 2626; x_wconf 87' lang='lat' dir='ltr'><strong>relictum</strong></span> <span class='ocrx_word' id='word_1_798' title='bbox 1199 2603 1258 2632; x_wconf 90' lang='lat' dir='ltr'><strong>est,</strong></span> <span class='ocrx_word' id='word_1_799' title='bbox 1284 2599 1434 2627; x_wconf 86' lang='lat' dir='ltr'><strong>amittant:</strong></span> <span class='ocrx_word' id='word_1_800' title='bbox 1450 2599 1651 2635; x_wconf 78' lang='lat' dir='ltr'><strong>religiosissimi</strong></span> <span class='ocrx_word' id='word_1_801' title='bbox 1677 2609 1742 2629; x_wconf 88' lang='lat' dir='ltr'><strong>vero</strong></span> 
     </span>
    </p>
   </div>
   <div class='ocr_carea' id='block_1_112' title="bbox 946 2645 1742 2684">
    <p class='ocr_par' dir='ltr' id='par_1_112' title="bbox 946 2645 1742 2684">
     <span class='ocr_line' id='line_1_112' title="bbox 946 2645 1742 2684; baseline 0.006 -13"><span class='ocrx_word' id='word_1_802' title='bbox 946 2645 1071 2672; x_wconf 84' lang='lat' dir='ltr'><strong>locorum</strong></span> <span class='ocrx_word' id='word_1_803' title='bbox 1083 2645 1204 2680; x_wconf 86' lang='lat' dir='ltr'><strong>episcopi</strong></span> <span class='ocrx_word' id='word_1_804' title='bbox 1221 2653 1318 2673; x_wconf 90' lang='lat' dir='ltr'><strong>omnes</strong></span> <span class='ocrx_word' id='word_1_805' title='bbox 1332 2653 1386 2678; x_wconf 85' lang='lat' dir='ltr'><strong>res.</strong></span> <span class='ocrx_word' id='word_1_806' title='bbox 1398 2653 1460 2680; x_wconf 69' lang='lat' dir='ltr'><strong>qum</strong></span> <span class='ocrx_word' id='word_1_807' title='bbox 1473 2647 1686 2683; x_wconf 87' lang='lat' dir='ltr'><strong>quibuscuuque</strong></span> <span class='ocrx_word' id='word_1_808' title='bbox 1700 2649 1742 2684; x_wconf 91' lang='lat' dir='ltr'><strong>(ut</strong></span> 
     </span>
    </p>
   </div>
   <div class='ocr_carea' id='block_1_113' title="bbox 946 2691 1742 2727">
    <p class='ocr_par' dir='ltr' id='par_1_113' title="bbox 946 2691 1742 2727">
     <span class='ocr_line' id='line_1_113' title="bbox 946 2691 1742 2727; baseline 0.004 -9"><span class='ocrx_word' id='word_1_809' title='bbox 946 2691 1047 2719; x_wconf 90' lang='lat' dir='ltr'><strong>dictum</strong></span> <span class='ocrx_word' id='word_1_810' title='bbox 1064 2694 1116 2727; x_wconf 84' lang='lat' dir='ltr'><strong>est)</strong></span> <span class='ocrx_word' id='word_1_811' title='bbox 1131 2692 1184 2727; x_wconf 89' lang='lat' dir='ltr'><strong>piis</strong></span> <span class='ocrx_word' id='word_1_812' title='bbox 1201 2692 1294 2720; x_wconf 86' lang='lat' dir='ltr'><strong>causis</strong></span> <span class='ocrx_word' id='word_1_813' title='bbox 1312 2692 1448 2727; x_wconf 77' lang='lat' dir='ltr'><strong>deputata:</strong></span> <span class='ocrx_word' id='word_1_814' title='bbox 1470 2697 1545 2725; x_wconf 87' lang='lat' dir='ltr'><strong>sunt,</strong></span> <span class='ocrx_word' id='word_1_815' title='bbox 1561 2700 1624 2720; x_wconf 92' lang='lat' dir='ltr'><strong>cum</strong></span> <span class='ocrx_word' id='word_1_816' title='bbox 1646 2693 1742 2721; x_wconf 87' lang='lat' dir='ltr'><strong>fructi-</strong></span> 
     </span>
    </p>
   </div>
   <div class='ocr_carea' id='block_1_114' title="bbox 941 2737 1739 2773">
    <p class='ocr_par' dir='ltr' id='par_1_114' title="bbox 941 2737 1739 2773">
     <span class='ocr_line' id='line_1_114' title="bbox 941 2737 1739 2773; baseline 0.001 -8"><span class='ocrx_word' id='word_1_817' title='bbox 941 2737 994 2765; x_wconf 89' lang='lat' dir='ltr'><strong>bus</strong></span> <span class='ocrx_word' id='word_1_818' title='bbox 1017 2742 1044 2765; x_wconf 88' lang='lat' dir='ltr'><strong>et</strong></span> <span class='ocrx_word' id='word_1_819' title='bbox 1061 2738 1144 2765; x_wconf 87' lang='lat' dir='ltr'><strong>medii</strong></span> <span class='ocrx_word' id='word_1_820' title='bbox 1165 2738 1298 2773; x_wconf 88' lang='lat' dir='ltr'><strong>temporis</strong></span> <span class='ocrx_word' id='word_1_821' title='bbox 1323 2737 1541 2771; x_wconf 87' lang='lat' dir='ltr'><strong>accessionibus,</strong></span> <span class='ocrx_word' id='word_1_822' title='bbox 1565 2742 1647 2773; x_wconf 89' lang='lat' dir='ltr'><strong>atque</strong></span> <span class='ocrx_word' id='word_1_823' title='bbox 1673 2739 1739 2767; x_wconf 86' lang='lat' dir='ltr'><strong>item</strong></span> 
     </span>
    </p>
   </div>
   <div class='ocr_carea' id='block_1_115' title="bbox 942 2785 1742 2820">
    <p class='ocr_par' dir='ltr' id='par_1_115' title="bbox 942 2785 1742 2820">
     <span class='ocr_line' id='line_1_115' title="bbox 942 2785 1742 2820; baseline 0.003 -8"><span class='ocrx_word' id='word_1_824' title='bbox 942 2790 1094 2812; x_wconf 87' lang='lat' dir='ltr'><strong>memorato</strong></span> <span class='ocrx_word' id='word_1_825' title='bbox 1111 2785 1253 2820; x_wconf 87' lang='lat' dir='ltr'><strong>temporali</strong></span> <span class='ocrx_word' id='word_1_826' title='bbox 1265 2785 1349 2818; x_wconf 70' lang='lat' dir='ltr'><strong>lucro</strong></span> <span class='ocrx_word' id='word_1_827' title='bbox 1361 2785 1498 2812; x_wconf 81' lang='lat' dir='ltr'><strong>vindicent</strong></span> <span class='ocrx_word' id='word_1_828' title='bbox 1517 2794 1524 2812; x_wconf 89' lang='lat'><strong>:</strong></span> <span class='ocrx_word' id='word_1_829' title='bbox 1539 2790 1567 2812; x_wconf 92' lang='lat' dir='ltr'><strong>et</strong></span> <span class='ocrx_word' id='word_1_830' title='bbox 1584 2793 1645 2820; x_wconf 64' lang='lat' dir='ltr'><strong>quae</strong></span> <span class='ocrx_word' id='word_1_831' title='bbox 1658 2790 1742 2814; x_wconf 82' lang='lat' dir='ltr'><strong>testa-</strong></span> 
     </span>
    </p>
   </div>
   <div class='ocr_carea' id='block_1_116' title="bbox 942 2830 1739 2868">
    <p class='ocr_par' dir='ltr' id='par_1_116' title="bbox 942 2830 1739 2868">
     <span class='ocr_line' id='line_1_116' title="bbox 942 2830 1739 2868; baseline 0.005 -11"><span class='ocrx_word' id='word_1_832' title='bbox 942 2835 985 2858; x_wconf 90' lang='lat' dir='ltr'><strong>tor</strong></span> <span class='ocrx_word' id='word_1_833' title='bbox 1004 2830 1152 2865; x_wconf 75' lang='lat' dir='ltr'><strong>disposuit,</strong></span> <span class='ocrx_word' id='word_1_834' title='bbox 1173 2830 1343 2866; x_wconf 74' lang='lat' dir='ltr'><strong>adiinplcant</strong></span> <span class='ocrx_word' id='word_1_835' title='bbox 1365 2831 1473 2861; x_wconf 85' lang='lat' dir='ltr'><strong>scituri.</strong></span> <span class='ocrx_word' id='word_1_836' title='bbox 1500 2831 1571 2865; x_wconf 84' lang='lat' dir='ltr'><strong>quod</strong></span> <span class='ocrx_word' id='word_1_837' title='bbox 1597 2833 1620 2859; x_wconf 87' lang='lat' dir='ltr'><strong>si</strong></span> <span class='ocrx_word' id='word_1_838' title='bbox 1641 2838 1667 2859; x_wconf 89' lang='lat' dir='ltr'><strong>et</strong></span> <span class='ocrx_word' id='word_1_839' title='bbox 1687 2833 1739 2868; x_wconf 91' lang='lat' dir='ltr'><strong>ipsi</strong></span> 
     </span>
    </p>
   </div>
   <div class='ocr_carea' id='block_1_117' title="bbox 942 2877 1738 2913">
    <p class='ocr_par' dir='ltr' id='par_1_117' title="bbox 942 2877 1738 2913">
     <span class='ocr_line' id='line_1_117' title="bbox 942 2877 1738 2913; baseline 0.005 -10"><span class='ocrx_word' id='word_1_840' title='bbox 942 2877 1123 2912; x_wconf 74' lang='lat' dir='ltr'><strong>negligentius</strong></span> <span class='ocrx_word' id='word_1_841' title='bbox 1152 2878 1274 2913; x_wconf 74' lang='lat' dir='ltr'><strong>egerint,</strong></span> <span class='ocrx_word' id='word_1_842' title='bbox 1300 2885 1351 2912; x_wconf 90' lang='lat' dir='ltr'><strong>pro</strong></span> <span class='ocrx_word' id='word_1_843' title='bbox 1378 2878 1506 2905; x_wconf 88' lang='lat' dir='ltr'><strong>omnibus</strong></span> <span class='ocrx_word' id='word_1_844' title='bbox 1532 2877 1575 2905; x_wconf 86' lang='lat' dir='ltr'><strong>bis</strong></span> <span class='ocrx_word' id='word_1_845' title='bbox 1605 2879 1738 2908; x_wconf 85' lang='lat' dir='ltr'><strong>rationem</strong></span> 
     </span>
    </p>
   </div>
   <div class='ocr_carea' id='block_1_118' title="bbox 943 2923 1739 2962">
    <p class='ocr_par' dir='ltr' id='par_1_118' title="bbox 943 2923 1739 2962">
     <span class='ocr_line' id='line_1_118' title="bbox 943 2923 1739 2962; baseline 0.005 -11"><span class='ocrx_word' id='word_1_846' title='bbox 943 2923 1000 2952; x_wconf 86' lang='lat' dir='ltr'><strong>Deo</strong></span> <span class='ocrx_word' id='word_1_847' title='bbox 1018 2924 1151 2953; x_wconf 88' lang='lat' dir='ltr'><strong>reddituri</strong></span> <span class='ocrx_word' id='word_1_848' title='bbox 1164 2925 1229 2953; x_wconf 86' lang='lat' dir='ltr'><strong>sint.</strong></span> <span class='ocrx_word' id='word_1_849' title='bbox 1244 2923 1317 2952; x_wconf 86' lang='lat' dir='ltr'><strong>Sane</strong></span> <span class='ocrx_word' id='word_1_850' title='bbox 1334 2923 1601 2962; x_wconf 77' lang='lat' dir='ltr'><strong>sireligiosissimus</strong></span> <span class='ocrx_word' id='word_1_851' title='bbox 1614 2925 1739 2955; x_wconf 82' lang='lat' dir='ltr'><strong>locorum</strong></span> 
     </span>
    </p>
   </div>
  </div>
