1956 3049
198 186 264 220 1031

783 182 916 214 ΙἪΟΤῘΙ
932 180 1186 212 PATRIARCH/E
1204 180 1260 212 CP.

1783 181 1851 214 1032

201 245 348 280 episcopus
368 242 471 278 aliquid
495 249 590 269 eorum
613 248 675 276 qua;
702 248 717 267 a
735 240 816 267 nobis
835 240 908 267 dicta
928 243 1020 271 sunt,.

1075 238 1258 274 ᾳθυμήσαιεν,
1279 237 1350 273 ὑπὲρ
1365 237 1475 265 πάντων
1495 237 1600 265 τούτων
1627 237 1707 273 λόγον
1731 238 1770 274 τῷ
1788 239 1851 275 Θεῷ

201 290 409 326 prmtermiserit
425 299 433 317 :
452 289 559 316 licitum
571 291 633 315 esto
644 286 857 322 religiosissime
870 285 930 320 ejus
943 291 1001 312 me-

202 335 378 371 tropolitano,
396 335 455 362 hree
470 333 580 369 exigere
595 338 677 368 alque
691 332 814 367 implere.
830 330 884 358 Sed
899 334 927 357 et
942 329 1002 357 cui-

202 383 244 410 vis
257 382 303 409 alii
318 381 429 408 licentia
447 379 512 410 erit.
526 387 559 407 ea
580 379 614 406 de
635 386 664 406 re
681 377 862 412 quaestionem
879 382 1002 408 movere,

202 429 323 463 dareque
345 434 457 463 operam
491 432 521 454 ut
538 425 667 454 omnibus
689 424 777 452 modis
792 423 817 451 id
840 430 926 458 genus
952 422 1004 457 piae

205 483 296 505 causae
318 478 516 510 exsequantur.
535 474 564 501 Si
583 481 649 501 vero
667 473 756 500 limi-es
771 479 803 499 ea
818 478 880 505 qua:
901 470 928 497 in
943 470 1004 504 pias

205 529 304 550 causas
322 521 417 548 relicta
432 524 508 551 sunt,
526 527 579 546 non
604 518 726 553 impleat,
741 517 836 544 dicens
855 523 908 543 non
931 514 1006 542 suﬂi-

206 576 268 597 cere
280 568 313 595 ad
330 567 380 594 has
394 566 520 594 relictum
534 565 586 594 sibi
598 564 809 600 patrimonium,
823 562 963 597 jubemus,
976 563 1006 588 ut

205 615 279 642 omni
291 614 369 641 lucro
378 613 451 648 quod
463 621 496 640 ex
512 611 632 639 Faleidia
643 609 776 646 provenit,
790 613 915 640 vacante,
926 607 1008 642 quid-

207 659 273 695 quid
299 659 326 685 iu
350 657 519 693 ejuscemodi
538 655 717 684 facultatibus
742 655 882 681 inventum
914 652 1006 685 fuerit,

207 703 376 740 providentia
393 701 560 730 sanctissimi
584 700 708 728 locorum
726 698 848 734 episcopi
872 702 958 724 totum
980 697 1007 723 in

208 756 309 777 causas
324 748 350 774 in
363 755 433 782 quas
451 746 578 774 relictum
595 749 647 777 est,
666 744 811 780 procedat.
827 743 906 776 Quod
929 742 952 769 si
971 742 1009 770 le-

208 800 301 830 gatum
316 793 351 820 ab
366 793 459 827 aliquo
480 792 513 819 ad
533 792 592 826 pias
618 798 717 818 causas
746 789 872 817 relictum
897 787 980 815 fuerit
1001 796 1008 815 :

207 840 349 877 jubemus,
366 843 396 865 ut
409 839 482 865 intra
498 845 547 865 sex
557 844 667 865 menses
682 836 716 863 ab
726 835 915 863 insinuatione
927 839 1011 862 testa-

211 886 297 914 menti
314 885 515 916 numerandos,
536 883 665 911 omnibus
683 883 735 910 hoc
761 881 852 909 modis
867 885 1013 916 prmstetur

211 933 254 960 his
273 932 374 968 quibus
388 930 513 959 relictum
525 935 576 958 est.
596 929 643 957 Sin
659 935 749 957 autem
760 948 768 961 ,
784 929 831 964 qui
846 929 899 956 hoc
910 927 1016 963 gravati
1032 925 1053 952 B

212 984 277 1008 sunt
301 977 461 1013 huiusmodi
480 977 600 1012 legatum
631 981 762 1011 pra-stare
784 974 967 1003 distulerint:
984 977 1012 1001 et

171 1030 173 1033 '
211 1027 317 1054 fructus
341 1029 369 1052 et
390 1031 501 1056 usum,
517 1028 544 1051 et
559 1024 651 1051 omnis
673 1022 794 1058 legitima
820 1022 954 1054 accessio,
978 1020 1013 1048 ab

212 1073 280 1108 ipsis
298 1072 354 1107 jam
373 1071 436 1098 inde
460 1078 475 1097 a
491 1075 614 1104 tempore
630 1070 727 1097 mortis
745 1069 806 1103 eius
824 1069 870 1103 qui
891 1067 1012 1103 reliquit,

211 1119 365 1154 exigentur.
390 1117 419 1144 Si
441 1117 562 1151 legatum
581 1123 705 1143 annuum
728 1116 884 1150 cuicunque
898 1121 1013 1142 venera-

214 1165 263 1192 bili
280 1163 375 1191 domui
391 1162 518 1190 relictum
543 1161 638 1194 fuerit,
663 1161 687 1188 si
700 1161 810 1196 quidem
835 1160 875 1193 hi,
896 1160 943 1195 qui
962 1160 1014 1186 hoc

213 1209 280 1236 dare
292 1207 364 1244 jussi
379 1211 463 1239 sunt,
481 1211 530 1234 aut
551 1206 627 1233 locus
644 1213 677 1232 ex
691 1213 747 1240 quo
770 1205 797 1232 id
815 1204 938 1239 praestari
954 1203 1016 1238 jus-

214 1261 274 1281 sum
294 1257 346 1286 est,
361 1253 387 1280 in
403 1253 496 1279 eadem
515 1256 564 1278 aut
581 1251 667 1278 vicina
690 1249 833 1286 provincia
848 1253 891 1277 est
909 1257 915 1276 :
932 1248 1014 1284 jube-

215 1305 286 1331 mus,
302 1305 393 1332 neque
413 1296 496 1324 modo
513 1296 566 1323 tale
582 1295 702 1330 legatum
718 1295 864 1322 alienetur.
879 1293 929 1322 Sin
944 1293 1013 1326 loca,

215 1347 262 1370 aut
276 1350 399 1378 personae
410 1362 418 1373 ,
436 1350 470 1370 ex
483 1341 596 1377 quibus,
614 1346 660 1368 aut
673 1349 688 1368 a
704 1341 806 1376 quibus
819 1341 872 1368 ltoe
883 1339 943 1367 dari
953 1339 1015 1374 jus-

216 1398 276 1417 smn
293 1395 333 1417 est
345 1409 352 1423 ,
377 1390 404 1416 in
421 1389 616 1416 remotioribus
630 1388 685 1415 sint
695 1387 825 1422 partibus
840 1395 847 1414 :
865 1391 930 1414 tunc
946 1386 1017 1414 inte-

215 1445 294 1472 grum
309 1435 363 1463 illis
377 1440 436 1463 esto
447 1455 455 1468 ,
473 1435 593 1470 qnibus-
605 1434 632 1461 id
650 1434 776 1461 relictum
792 1439 843 1468 est,
857 1437 887 1461 ut
908 1433 932 1460 si
945 1432 1017 1460 obli-

216 1487 276 1518 gata
295 1487 377 1510 etiam
401 1489 465 1517 pars
482 1481 635 1514 consentit,
657 1481 776 1516 legatum
798 1484 973 1516 permutem,
990 1482 1018 1507 et

217 1530 335 1558 vicinum
360 1530 480 1565 aliquem
494 1537 546 1564 pro
559 1529 613 1556 hoc
636 1529 754 1556 reditum
769 1528 879 1563 capiant
895 1527 1018 1558 uberem,

217 1583 245 1605 et
263 1585 325 1605 eum
341 1576 501 1604 accessione
512 1596 519 1608 ,
537 1583 599 1610 qua:
626 1582 682 1602 non
697 1575 789 1601 minus
806 1579 905 1609 quarta
919 1572 1020 1600 relicta:

219 1623 382 1659 quantitatis
400 1627 480 1658 parte
495 1603 629 1655 continet,
644 1626 672 1649 et
687 1628 776 1656 neque
787 1603 883 1648 multis
900 1619 1018 1656 publicis
1033 1603 1054 1633 ο

222 1670 448 1705 ρηοεισηοηίυυε
464 1676 608 1697 onustum.
628 1667 680 1696 Sed
695 1674 722 1695 et
735 1668 758 1696 si
776 1668 894 1695 vendere
908 1667 962 1694 tale
980 1667 1019 1693 le-

220 1723 314 1751 gatum
331 1716 479 1750 voluerint,
498 1723 552 1743 non
569 1716 661 1743 minus
673 1715 753 1750 pretii
772 1715 884 1742 nomine
898 1713 1019 1749 capiant,

221 1771 304 1799 quam
319 1770 352 1790 ex
371 1763 420 1790 tali
436 1763 525 1798 legato
535 1770 583 1798 per
597 1762 709 1797 triginta
721 1762 851 1796 quinque
865 1768 951 1788 annos
963 1760 1020 1788 col-

221 1811 345 1845 ligatur:
369 1810 408 1836 ita
433 1815 542 1842 tamen,
566 1814 597 1836 ut
617 1809 754 1844 ejusmodi
778 1808 895 1843 pretium
918 1807 952 1835 ad
969 1806 1020 1834 uti-

222 1856 325 1883 litatem
346 1855 484 1890 praedictae
506 1855 671 1882 venerabilis
685 1854 784 1881 domus
809 1854 951 1889 procedat,
975 1853 1021 1881 ctti

225 1900 352 1927 relictum
375 1904 427 1927 est.
458 1899 615 1936 [Similiter]
630 1902 712 1927 etiam
729 1907 789 1934 cap.
808 1899 823 1926 7
841 1899 962 1934 ejusdem
976 1899 1021 1926 lib.

223 1951 251 1973 et
261 1946 314 1979 tit.,
331 1946 404 1981 quod
418 1946 458 1973 sic
471 1945 555 1973 habet
571 1954 577 1972 :
590 1946 617 1972 Si
629 1947 693 1981 quis
705 1946 871 1979 oratorium,
882 1946 1024 1980 templum,

225 1995 273 2019 aut
287 1999 435 2023 xenonem,
456 1997 504 2019 aut
518 1992 670 2027 ptoehium,
683 1997 730 2020 aut
747 1992 1025 2028 orphanotrophiuml,

225 2041 273 2065 aut
298 2037 508 2071 nosocomium,
527 2043 576 2066 aut
597 2040 679 2066 aliam
704 2039 887 2066 venerabilem
912 2039 1024 2065 domum

226 2084 331 2112 exstrui
348 2084 375 2111 in
399 2084 494 2112 ultima
519 2085 661 2114 voluntate
675 2085 854 2121 disposuerit,
872 2085 1002 2120 jubemus
1016 2106 1024 2118 ,

227 2135 257 2157 ut
268 2131 420 2158 oratorium
446 2131 516 2158 intra
533 2132 657 2167 quinque
676 2140 765 2160 annos
782 2132 950 2167 perﬁciatur,
963 2131 1028 2166 pro-

228 2176 347 2204 videntia
371 2177 496 2205 locorum
524 2178 646 2214 episcopi
663 2183 691 2206 et
715 2178 804 2206 civilis
826 2179 1027 2213 magistratus:

229 2230 319 2250 xeuon
334 2231 411 2257 vero,
427 2229 476 2251 aut
491 2225 645 2259 ptochium,
657 2229 705 2252 aut
726 2226 780 2253 alia
800 2225 964 2253 venerabilis
979 2225 1029 2252 do.

229 2277 291 2297 mus
309 2270 381 2297 intra
410 2278 494 2298 unum
513 2279 617 2298 annum
644 2276 813 2299 exstruatur.
839 2274 867 2300 Si
890 2273 962 2300 intra
978 2279 1029 2299 an—

231 2323 295 2342 num
305 2316 427 2344 ltmredes
438 2324 842 2354 xenonetn,autquameunque
848 2321 1031 2348 venerabilem

231 2362 342 2388 domum
358 2382 366 2395 ,
384 2370 468 2398 quam
486 2367 601 2391 testator
613 2365 720 2392 exstrui
730 2365 876 2401 disposuit,
892 2373 946 2394 non
962 2366 1034 2395 fece-

231 2407 296 2441 rint,
315 2407 455 2443 jubemus,
472 2415 502 2438 ut
512 2410 624 2438 domum
651 2412 669 2439 ii
688 2412 730 2439 vel
742 2417 834 2440 emant
848 2433 856 2446 ,
872 2413 915 2441 vel
929 2415 1033 2441 condu-

231 2457 305 2487 cant,
322 2454 368 2482 ubi
383 2454 461 2490 jussa
472 2461 574 2491 queant
591 2457 715 2492 exsequi,
731 2459 864 2493 tantisper
878 2459 943 2486 dum
960 2460 1035 2495 ejus-

234 2500 307 2527 modi
321 2503 486 2531 venerabilis
509 2503 607 2532 domus
624 2504 792 2532 absolvatur.
811 2505 851 2533 Ae
873 2505 897 2533 si
922 2506 1033 2541 quidem

236 2546 294 2580 ipse
310 2550 423 2575 testator
438 2549 585 2583 deﬁnierit,
603 2551 716 2585 quinam
731 2551 896 2584 xenodochi,
912 2556 959 2580 aut
973 2557 1034 2588 pto-

235 2594 391 2630 cltotrophi,
410 2599 457 2622 aut
481 2595 509 2622 id
534 2603 620 2630 genus
632 2597 678 2624 alii
699 2597 904 2632 dispensatores
917 2599 973 2626 lieri
989 2600 1035 2626 de-

238 2643 341 2676 beant,=_
352 2648 397 2670 aut
417 2643 571 2671 barredibus
588 2645 645 2673 suis
661 2645 744 2680 hujus
760 2646 798 2673 rei
816 2646 954 2681 optionem
968 2654 1036 2681 pra!-

237 2689 328 2717 bnerit
347 2699 353 2716 :
368 2689 511 2725 iubemus,
526 2695 556 2718 ut
572 2692 702 2719 omnibus
713 2692 801 2720 modis
816 2693 938 2721 haeredes
949 2693 1036 2729 ipsius

239 2738 282 2765 his
297 2745 358 2772 quae
375 2738 410 2765 ab
434 2738 494 2774 ipso
509 2739 644 2774 disposita
667 2745 744 2772 sunt,
758 2740 929 2769 satisfaciant
945 2751 952 2770 :
970 2743 1035 2770 bea-

239 2784 356 2812 tissimis
375 2785 500 2813 locorum
526 2786 664 2822 episcopis
686 2787 852 2823 inspeetnris
876 2796 910 2816 an
927 2789 1036 2824 dispen—

240 2831 312 2858 satio
323 2831 437 2866 pulchre
448 2833 578 2868 procedat
591 2841 599 2860 :
615 2838 642 2862 et
655 2834 678 2861 si
689 2833 921 2869 deprehenderint
934 2842 982 2863 eos
991 2835 1037 2870 qui

242 2876 476 2910 dispensationem
489 2878 592 2907 habent
621 2887 740 2916 nequam
755 2880 881 2909 homines
893 2885 920 2909 et
934 2882 1037 2910 nullius

244 2920 321 2949 bona:
339 2924 378 2951 rei
394 2932 473 2958 esse,
492 2926 629 2955 licentiam
646 2927 795 2962 habituris,
809 2932 837 2956 ut
855 2928 915 2957 sine
935 2928 1037 2957 damno

1057 284 1235 319 παρέξουσιν.
1262 284 1295 311 Et
1323 284 1434 320 μέντοι,
1463 285 1479 310 ὁ
1502 284 1653 316 ὁσιώτατος
1679 284 1733 312 τῶν
1761 285 1854 312 τόπων

1057 331 1217 363 ἐπίσκοπος,
1229 330 1389 366 παραλείπῃ
1400 338 1426 357 τι
1437 329 1492 357 τῶν
1503 331 1570 366 ἡμῖν
1583 330 1736 366 εἰρημένων
1751 331 1854 364 ἐξέστω

1056 377 1105 404 καὶ
1124 375 1165 412 τῷ
1179 376 1322 412 ὁσιωτάτῳ
1336 376 1420 403 αὑτοῦ
1446 376 1646 412 μητροπολίτῃ,
1664 376 1752 404 ταῦτα
1769 377 1854 403 ἀπαι-

1058 425 1117 451 τεῖν
1132 422 1181 450 καὶ
1201 422 1333 459 πληροῦν,
1352 423 1402 450 καὶ
1423 423 1507 449 παντὶ
1532 422 1561 449 δὲ
1576 423 1664 458 ἑτέρῳ
1681 423 1757 450 ἄδεια
1772 422 1854 454 εστω,

1056 468 1107 504 τὴν
1131 467 1261 503 τοιαύτην
1282 467 1397 502 ζήτησιν
1421 467 1518 500 κινεῖν,
1544 467 1592 493 καὶ
1621 467 1786 500 σπουδάζειν
1810 468 1855 494 ἵνα

1058 515 1127 542 πᾶσι
1138 514 1251 549 τρόποις
1266 514 1294 540 αι
1310 513 1436 540 τοιαῦται
1449 512 1573 544 εὐσεϐεῖς
1588 513 1675 540 αἰτίαν.
1704 514 1856 549 πληρωθῶ-

1060 570 1112 588 σιν.
1129 561 1161 587 Et
1173 561 1202 588 δὲ
1218 561 1232 587 ό
1243 559 1412 595 κληρονόμος
1426 560 1461 586 τὰ
1471 560 1512 591 είς
1528 560 1651 590 εὐσεϐεῖς
1666 560 1756 592 αίτίας
1770 569 1855 587 κατα-

1061 605 1228 642 λελειμμένα
1243 605 1280 641 μὴ
1295 605 1441 641 πληρώσῃ,
1454 606 1541 639 λέγων
1560 604 1610 642 τὴν
1625 607 1857 642 καταλειφθεῖσαν

1061 653 1137 689 αὐτῷ
1151 653 1339 688 κληρονομίαν
1354 652 1392 687 μὴ
1408 653 1506 688 ἀρκεῖν
1520 653 1560 683 είς
1573 652 1689 686 ταύτας,
1708 653 1858 689 κελεύομεν

1062 699 1164 730 παντὸς
1172 699 1220 726 τοῦ
1232 700 1265 725 ἐκ
1273 698 1319 725 τοῦ
1327 698 1467 733 φαλκιδίου
1476 697 1588 734 κέρδους
1595 698 1772 733 σχολάζοντος
1783 700 1861 725 ὁσον-

1063 746 1167 781 δήποτε
1182 745 1280 781 εὑρεθῇ
1298 746 1327 771 ἐν
1337 746 1371 779 τῇ
1381 744 1495 780 τοιαύτῃ
1514 743 1594 779 οὐσίᾳ
1613 745 1767 779 προχωρεῖν
1784 744 1814 770 ἐν
1826 745 1861 779 τῇ

1066 790 1183 826 προνοίᾳ
1193 790 1239 817 τοῦ
1253 790 1406 824 ἁγιωτάτου
1420 789 1474 816 τῶν
1485 789 1576 816 τόπων
1592 789 1745 815 ἐπισκόπου
1758 790 1799 821 εἰς
1811 790 1864 821 τὰς

1065 837 1158 868 αἰτίας
1175 836 1208 868 ἃς
1223 836 1446 863 καταλέλειπται.
1465 836 1496 862 Εί
1510 835 1539 862 δὲ
1550 835 1668 870 ληγάτον
1684 835 1762 871 παρά
1777 844 1863 867 τινος,

1067 885 1107 916 είς
1122 884 1245 915 εὐσεϐεῖς
1256 883 1346 915 αἰτίας
1356 882 1564 918 καταλειφθείη,
1578 882 1726 918 κελεύομεν
1735 882 1801 909 εἵσω
1813 891 1865 918 μη-

1071 930 1125 957 νῶν
1135 928 1165 962 ἒξ
1176 930 1231 956 άπδ
1239 929 1287 964 τῆς
1296 928 1471 964 ἐμφανίσεως
1483 929 1534 964 τῆς
1546 929 1680 964 διαθήκης
1694 929 1867 965 ἀριθμουμέ-

1070 984 1134 1008 νων,
1147 975 1227 1002 τοῦτο
1241 976 1309 1001 πᾶσι
1320 975 1432 1009 τρόποις
1457 975 1628 1011 παρέχεσθαι
1646 972 1688 1007 οἷς
1705 968 1867 1002 καταλέλει-

1071 1030 1149 1048 πται.
1177 1020 1210 1048 Εί
1234 1021 1263 1047 δὲ
1287 1021 1464 1056 ὑπερθῶνται
1480 1022 1505 1048 οἱ
1529 1021 1617 1055 τούτῳ
1634 1021 1818 1057 βεϐαρημένοι
1834 1021 1867 1047 τὸ

1070 1067 1192 1093 τοιοῦτον
1206 1067 1326 1102 ληγάτον
1342 1067 1485 1102 παρέχειν,
1501 1067 1549 1093 καὶ
1564 1067 1690 1102 καρποὺς
1704 1067 1752 1094 καὶ
1767 1067 1867 1098 τόκους

1071 1115 1120 1142 καὶ
1135 1115 1227 1141 πᾶσαν
1244 1115 1360 1150 νόμιμον
1372 1114 1525 1150 ἐπαύξησιν
1551 1114 1787 1149 ἁπαιτηθήσονται
1807 1113 1864 1139 ἀπὸ

1069 1160 1117 1188 τοῦ
1136 1161 1233 1197 καιροῦ
1251 1161 1301 1196 τῆς
1319 1161 1448 1195 τελευτῆς
1462 1161 1549 1188 ταῦτα
1564 1161 1771 1192 καταλιπόντος.
1786 1160 1818 1186 Ei
1832 1159 1864 1186 δὲ

1070 1207 1188 1242 ληγάτον
1203 1208 1312 1243 ἐτήσιον
1328 1207 1479 1242 οίῳδήποτε
1495 1207 1638 1242 σεϐασμίῳ
1651 1207 1718 1240 οἴκῳ
1731 1205 1867 1233 καταλει-

1072 1253 1165 1289 φθείη,
1184 1254 1210 1280 εί
1238 1254 1288 1288 μὲν
1303 1254 1328 1280 οί
1347 1253 1466 1280 τοιοῦτοι
1490 1253 1582 1280 δοῦναι
1598 1253 1800 1284 κελευσθέντες,
1817 1252 1836 1288 ἢ
1853 1253 1867 1279 ὁ

1073 1301 1157 1333 τόπος
1172 1299 1202 1333 ἐξ
1215 1297 1246 1327 οὗ
1265 1299 1414 1335 ἐκελεύσθη
1426 1300 1507 1326 τοῦτο
1522 1299 1704 1335 παρέχεσθαι,
1720 1300 1750 1326 ἐν
1764 1301 1798 1335 τῇ
1814 1299 1867 1326 αὑ-

1072 1345 1120 1372 τοῦ
1132 1345 1149 1379 ἢ
1167 1347 1200 1381 τῇ
1216 1345 1318 1380 γείτονι
1334 1345 1455 1380 ἐπαρχίᾳ
1468 1344 1522 1380 είη,
1538 1344 1688 1379 κελεύομεν
1700 1344 1738 1380 μὴ
1755 1345 1868 1380 ἐπιτρό-

1073 1400 1117 1427 πῳ
1136 1392 1167 1418 τὸ
1185 1391 1306 1418 τοιοῦτον
1317 1391 1436 1426 ληγάτον
1449 1391 1630 1418 ἐκποιεῖσθαι.
1645 1391 1677 1417 Et
1697 1391 1725 1417 δὲ
1738 1391 1764 1417 οί
1787 1391 1869 1418 τόποι

1073 1438 1091 1473 ἢ
1110 1438 1146 1464 τὰ
1172 1438 1308 1474 πρόσωπα
1334 1437 1365 1470 ἐξ
1386 1433 1424 1464 ὧν
1447 1436 1527 1464 τοῦτο
1541 1437 1652 1472 δοθῆναι
1680 1436 1867 1472 προσετάχθη,

1074 1483 1243 1519 πορρωτέρω
1262 1483 1370 1518 εῖησαν,
1393 1483 1546 1517 τηνικαῦτα
1570 1483 1673 1515 ἐξέστω
1697 1483 1814 1515 ἐκείνοις
1827 1481 1871 1514 οἷς

1076 1530 1157 1557 τοῦτο
1173 1529 1397 1562 καταλέλειπται,
1423 1530 1447 1556 εί
1476 1530 1523 1556 καὶ
1540 1530 1571 1556 τὸ
1592 1530 1755 1565 ἐνεχόμενον
1783 1530 1872 1565 μέρος

1076 1577 1210 1608 συναινεί,
1227 1575 1356 1611 ἀμείϐειν
1373 1576 1403 1602 τὺ
1424 1576 1555 1611 ληγάτον,
1571 1575 1619 1602 καὶ
1632 1576 1747 1610 πλησίον
1759 1575 1875 1611 λαμϐάκ

1074 1630 1132 1650 νειν
1147 1622 1216 1658 ὑπὲρ
1231 1622 1328 1649 τούτου
1347 1622 1479 1658 πρόσοδον
1497 1621 1623 1657 εὔπορον,
1641 1622 1689 1649 καὶ
1705 1622 1774 1657 μετὰ
1787 1629 1876 1657 προσ-

1075 1670 1163 1705 θήκης
1173 1669 1223 1696 οὺκ
1237 1668 1381 1700 ἐλάττονος
1397 1667 1445 1695 τοῦ
1455 1668 1588 1703 τετάρτου
1608 1668 1709 1703 μέρους
1723 1667 1774 1702 τῆς
1791 1676 1877 1696 κατατ

1075 1717 1235 1753 λειφθείσης
1257 1717 1419 1753 ποσότητος.
1433 1717 1481 1744 καὶ
1502 1717 1572 1752 μηδὲ
1598 1716 1707 1748 πολλοῖς
1730 1715 1878 1750 δημοσίοις

1076 1764 1227 1800 τελέσμασι
1241 1763 1444 1800 βεϐαρημένης.
1461 1764 1493 1791 Ei.
1503 1764 1533 1791 δὲ
1547 1764 1595 1791 καὶ
1607 1763 1733 1799 πωλῆσαι
1747 1763 1878 1798 βούλεται

1077 1811 1208 1845 τοιοῦτον,
1237 1812 1274 1847 μὴ
1298 1811 1409 1838 ἔλαττον
1439 1811 1480 1843 είς
1508 1810 1540 1837 τὺ
1562 1811 1672 1846 τίμημα
1701 1809 1807 1842 λαϐεῖν,
1827 1809 1879 1836 τοῦ

1078 1859 1141 1886 ὅσον
1157 1858 1230 1894 ὑπὲρ
1257 1858 1379 1886 τοιούτου
1403 1857 1451 1884 τοῦ
1477 1857 1610 1892 ληγάτου,
1626 1857 1673 1883 ἐπὶ
1689 1857 1726 1883 λε’
1741 1857 1883 1888 ἐνιαυτοῖς

1081 1904 1240 1939 συνάγεται,
1256 1903 1327 1930 οὓτω
1345 1904 1436 1939 μέντοι
1451 1903 1522 1930 ὥστε
1537 1903 1567 1930 τὸ
1575 1903 1697 1929 τοιοῦτον
1713 1902 1827 1938 τίμημα
1837 1903 1882 1934 εἰς

1080 1951 1111 1977 τὸ
1121 1951 1261 1986 συμφέρον
1275 1950 1322 1977 τοῦ
1335 1950 1536 1986 προειρημένου
1548 1949 1699 1984 σεϐασμίου
1709 1949 1798 1980 οἴκου,
1808 1949 1880 1975 ὅπου

1083 1998 1250 2033 κατελείφθη
1266 1998 1432 2033 προχωρεῖν,
1447 1998 1496 2023 καὶ
1517 1996 1666 2031 κεφάλαιον
1681 1994 1703 2027 ζ’
1724 1995 1772 2022 τοῦ
1792 1995 1881 2022 αὐτοῦ

1084 2044 1188 2080 βιϐλίου
1205 2044 1253 2071 καὶ
1279 2044 1371 2070 τίτλου
1396 2042 1484 2074 οὕτως
1494 2041 1554 2077 ἔχον
1565 2049 1573 2057 '
1592 2041 1628 2068 Εί
1645 2050 1687 2073 τις
1703 2041 1884 2076 κατασκευὴν

1083 2091 1245 2126 εὐκτηρίου,
1260 2089 1336 2122 ναοῦ,
1353 2089 1370 2125 ἢ
1385 2089 1510 2123 ξενῶνος,
1528 2089 1545 2124 ἢ
1563 2089 1711 2123 πτωχείου,
1729 2088 1745 2123 ἢ
1763 2088 1886 2123 ὀρφανο-

1084 2137 1224 2173 τροφείου,
1242 2136 1259 2172 ἢ
1282 2135 1467 2171 νοσοκομείου,
1493 2135 1510 2170 ἢ
1528 2135 1609 2162 ἄλλου
1624 2134 1775 2169 σεϐασμίου
1792 2135 1885 2167 οἴκου,

1086 2185 1115 2211 ἐν
1126 2183 1271 2219 τελευταίᾳ
1295 2183 1421 2219 βουλήσει
1441 2181 1571 2217 γενέσθαι
1593 2181 1771 2213 διατυπώσει,
1788 2180 1820 2207 τὸ
1837 2181 1887 2207 εὑ-

1087 2232 1137 2267 κτή
1144 2239 1199 2267 ριον
1209 2231 1257 2266 μὲν
1269 2230 1351 2257 πέντε
1360 2230 1424 2256 εῖσω
1439 2229 1572 2256 ἐνιαυτῶν
1588 2228 1760 2265 πληροῦσθαι
1771 2227 1886 2256 κελεύο-

1048 2289 1072 2320 D
1090 2287 1140 2314 μεν
1158 2278 1273 2313 προνοίᾳ
1295 2277 1350 2303 τῶν
1370 2277 1461 2303 τόπων
1476 2276 1638 2307 ἐπισκόπου,
1655 2276 1702 2302 καὶ
1716 2275 1765 2302 τοῦ
1779 2277 1888 2303 πολιτι-

1087 2323 1135 2351 κοῦ
1163 2324 1306 2360 ἄρχοντος,
1326 2323 1373 2349 τὸν
1390 2322 1420 2349 δὲ
1444 2321 1545 2354 ξενῶνα
1566 2322 1613 2348 καὶ
1639 2321 1670 2348 τὸ
1694 2322 1844 2356 πωχεῖον,
1868 2323 1887 2357 ἢ

1085 2370 1166 2398 ἄλλον
1185 2369 1336 2405 σεϐάσμιον
1346 2366 1432 2402 οἷκον,
1446 2369 1513 2395 εῐσω
1523 2369 1581 2400 ἐνὸς
1600 2368 1724 2394 ἐνιαυτοῦ
1744 2367 1887 2402 γίνεσθαι.

1085 2417 1118 2443 El.
1143 2417 1172 2442 δὲ
1200 2416 1276 2448 ἐντὸς
1293 2414 1420 2442 ἐνιαυτοῦ
1443 2414 1480 2450 μὴ
1501 2416 1652 2449 ποιήσωσιν
1667 2414 1692 2441 οἱ
1715 2414 1890 2450 κληρονόμοι

1086 2463 1132 2490 τὸν
1152 2462 1266 2496 ξενῶνα,
1281 2462 1298 2497 ἦ
1316 2461 1475 2496 οίονδήποτε
1502 2461 1651 2496 σεϐάσμιον
1665 2459 1750 2494 οἷκον,
1765 2461 1820 2487 ὑπὸ
1839 2461 1890 2488 τοῦ

1089 2508 1253 2544 διαθεμένου
1276 2508 1481 2535 διατυπωθέντα
1499 2508 1638 2542 γενέσθαι,
1656 2506 1807 2541 κελεύομεν
1824 2506 1892 2533 τού-

1087 2564 1150 2588 τους
1162 2552 1266 2590 οἷκονῆ
1285 2554 1449 2590 ἀγοράζειν,
1470 2553 1487 2590 ἢ
1517 2553 1691 2589 μισθοῦσθαι,
1705 2554 1772 2580 ὅπου
1789 2552 1893 2580 δύναν-

1088 2610 1133 2628 ται
1158 2601 1193 2627 τὰ
1207 2599 1390 2627 κελευσθέντα
1415 2599 1572 2635 πληρῶσαι,
1604 2599 1656 2631 ἕως
1674 2599 1708 2626 ἂν
1729 2600 1744 2625 ὀ
1762 2599 1894 2631 τοιοῦτος

1088 2648 1237 2683 σεϐάσμιος
1249 2645 1325 2678 οἶκος
1342 2645 1485 2682 πληρωθῇ,
1504 2646 1552 2673 καὶ
1569 2646 1592 2672 εί
1605 2646 1654 2681 μὲν
1666 2645 1747 2677 αὐτος
1761 2646 1776 2672 ὁ
1793 2646 1895 2672 διαθέ-

1090 2702 1171 2729 μενος
1187 2693 1266 2729 ὁρίσῃ
1285 2693 1348 2724 τοὺς
1364 2692 1524 2727 ὀφείλοντας
1541 2692 1696 2728 ξενοδόχους
1711 2692 1855 2726 γενέσθαι,
1874 2694 1894 2728 ἢ

1089 2739 1301 2775 πτωχοτρόφους
1320 2738 1449 2775 ἢάλλους
1473 2738 1612 2771 τοιούτους
1637 2738 1797 2773 διοικητὰς,
1832 2740 1895 2767 εἴτε

1088 2787 1144 2816 τοῖς
1159 2784 1234 2816 ἰδίοις
1252 2784 1433 2819 κληρονόμοις
1445 2783 1495 2820 τὴν
1509 2784 1639 2819 τοιαύτην
1649 2783 1782 2819 ἐπιλογὴν
1797 2786 1893 2820 παρὰ·

1091 2843 1153 2869 σχῃ,
1171 2833 1321 2868 κελεύομεν
1332 2832 1444 2868 τρόποις
1457 2833 1542 2860 ἅπασι
1557 2833 1621 2864 τοὺς
1638 2832 1827 2868 κληρονόμους
1840 2832 1896 2859 αὑ-

1089 2881 1147 2912 τοῦ,
1173 2880 1207 2906 τὰ
1231 2879 1296 2915 παρ’
1317 2879 1400 2906 αὑτοῦ
1429 2879 1638 2907 διατυπωθέντα
1668 2878 1802 2914 πληροῦν,
1836 2880 1898 2906 τῶν

1091 2927 1162 2955 κατὰ
1175 2927 1259 2954 τόπον
1274 2927 1494 2963 μακαριωτάτιυν
1509 2926 1670 2953 ἐπισκόπων
1680 2925 1898 2952 ἐποπτευόντων
