1946 3076
141 181 210 216 1033

683 187 928 219 NOMOCANON.
950 202 982 206 —
997 189 1070 220 TIT.
1083 188 1125 227 II,
1145 189 1225 223 CAP.
1239 191 1264 221 1.

1719 194 1788 227 1034

138 241 165 268 εἱ
181 240 274 273 καλῶς
290 241 308 277 ὴ
341 240 474 276 διοίκησις
490 240 643 276 προϐαίνει,
664 241 712 268 καὶ
739 241 764 267 εί
778 240 880 277 εὕρωσι
903 241 940 277 μὴ

1010 241 1063 270 lios
1076 241 1103 270 in
1123 242 1231 273 illorum
1243 244 1334 272 locum
1346 245 1434 282 magis
1445 246 1561 276 idoneos
1575 248 1721 278 subiciant.
1731 250 1789 279 No-

143 288 300 324 χρησίμους
324 288 405 319 ὄντας
429 287 494 319 τοὺς
518 287 669 322 διοικητὰς,
697 287 789 314 ἄδειαν
820 287 938 323 ἐχόντων

141 335 207 362 ἄνευ
242 333 358 370 ζημίας,
390 333 487 365 ἄλλους
512 334 573 360 ἀνι-ἰ
601 332 732 360 τοιούτων
765 333 938 369 ἐπιτηδείους

142 382 241 408 ποιεῖν.
257 380 426 416 Σημείωσαι,
443 379 499 406 ἀπὸ
525 379 581 407 τῶν
598 379 717 406 ἐνταῦθα
732 379 938 415 καταστρωοει-

143 426 198 454 σῶν
222 427 328 462 νεαρῶν
354 426 394 453 ὅτι
423 426 458 452 τὰ
479 426 555 461 παρὰ
579 425 633 452 τῶν
647 425 790 461 κτητόρων
805 425 937 461 γινόμενα

142 472 247 500 τυπικὰ
261 473 284 499 εί
301 471 338 508 μὴ
360 472 417 503 τοῖς
430 471 543 499 κανόσιν
568 471 764 504 ἐναντιοῦνται,
789 471 940 507 κρατοῦσιν

143 518 185 545 ὅτι
200 519 214 544 ὁ
229 517 301 544 κατὰ
325 516 418 552 χώραν
434 518 596 550 ἐπίσκοπος,
616 517 664 544 καὶ
682 517 825 552 οἰκονόμος
843 517 939 550 αὑτοῦ,

144 564 386 599 καταναγκάζουσι
399 563 446 590 καὶ
463 564 500 599 μὴ
517 563 698 599 βουλομένους
712 564 749 599 μὴ
766 563 865 599 μόνους
875 565 941 596 τοὺς

143 610 284 646 διαδόχους
296 610 350 636 τῶν
369 610 573 645 δωρησαμένων
590 609 744 645 πράγματά
776 618 838 636 τινα
861 608 942 644 χάριν

144 655 276 686 εὐσεϐοῦς
291 653 394 688 αἰτίας,
408 654 476 681 ἀλλά
501 655 549 681 καὶ
569 654 668 686 αὐτοὺς
689 655 754 686 τοὺς
780 653 942 690 δωρησαμέ-

147 710 221 734 νους,
237 701 329 728 δοῦναι
346 701 382 728 τὰ
403 700 572 736 δωρηθέντα,
593 700 644 728 κᾶν
673 701 711 736 μὴ
734 700 844 736 ἐνεδόθη
862 700 942 727 τοῦτο

145 748 222 785 παρά
235 747 283 775 τοῦ
309 747 483 783 διαθεμένου,
499 748 517 784 ἢ
534 747 587 775 κᾶν
601 748 650 775 καὶ
679 747 815 782 ἐκωλύθη,
835 747 877 774 ὅτι
903 747 938 774 τὰ

146 795 187 827 είς
195 793 319 826 εὐσεϐεῖς
335 795 427 826 αἰτίας
446 793 725 830 καταλιμπανόμενα,
743 794 773 820 οὗ
787 793 940 829 φεικιδοῦν-

145 849 203 873 ται,
219 841 264 867 ὅτι
289 840 380 874 ἔξεστι
391 841 448 872 τοῖς
465 840 627 872 ἐπισκόποις
646 840 803 876 μετακινεῖν
819 839 875 866 ἀπὸ
894 839 944 873 τῆς

145 886 307 922 διοικήσεως
317 886 371 913 τῶν
385 887 478 919 οίκων,
489 887 553 919 τοὺς
565 886 858 922 καταλιμπανομένους
871 886 945 921 παρὰ

992 291 1020 315 ta
1036 295 1068 315 ex
1084 289 1200 317 novellis
1217 289 1264 318 hic
1281 291 1404 326 insertis,
1420 293 1511 322 valere
1523 294 1626 324 formas
1646 304 1661 324 a
1677 305 1790 333 posses-

993 332 1103 360 soribus
1124 333 1157 361 de
1177 333 1373 374 [exstruendis]
1393 341 1568 369 monasteriis
1588 332 1686 376 factas,
1711 349 1788 372 extra

994 386 1076 414 quam
1090 379 1112 407 si
1130 382 1283 409 canonibus
1294 383 1484 419 adversentur,
1505 391 1532 414 et
1554 387 1606 415 loci
1629 389 1788 425 episcopum

994 423 1108 459 ejusque
1122 433 1284 456 ccconomos
1299 437 1397 465 cogere
1416 431 1519 459 invitos
1538 441 1593 461 non
1619 423 1708 463 solum
1723 445 1790 464 suc-

995 478 1120 498 cessores
1141 479 1247 505 corum,
1271 475 1317 508 qui
1331 483 1374 503 res
1393 476 1499 512 aliquas
1515 478 1542 505 in
1560 480 1620 514 pias
1633 488 1731 510 causas
1745 483 1793 510 do-

995 522 1107 550 narunt,
1123 525 1220 546 verum
1238 520 1320 547 etiam
1337 522 1412 556 ipsos
1426 524 1587 558 donatores,
1602 531 1632 554 ut
1650 528 1717 556 dent
1730 537 1792 564 quae

996 565 1096 592 donata
1111 570 1187 598 sunt,
1204 568 1312 595 tametsi
1337 568 1388 596 hoc
1410 570 1478 604 ipsis
1492 579 1507 599 a
1533 575 1662 602 testatore
1678 583 1792 604 conces-

996 618 1057 638 sum
1074 618 1128 638 non
1154 612 1208 639 sit:
1224 612 1279 640 imo
1299 616 1408 643 tametsi
1425 618 1538 646 vetitum
1563 619 1609 652 sit,
1624 625 1662 655 et,
1686 630 1747 657 qua:
1763 623 1791 651 in

996 657 1056 692 pias
1066 665 1165 686 causas
1177 659 1380 694 relinquuntur,
1396 662 1545 692 Faicidiam
1561 674 1617 694 non
1631 666 1791 702 admittere,

996 707 1035 735 el,
1054 703 1138 731 licere
1165 705 1312 741 episcopos
1337 715 1479 737 removere
1494 711 1530 739 ab
1554 712 1794 744 administratione

997 749 1194 777 venerabilium
1210 752 1355 780 domorum
1365 755 1475 783 relictos
1489 765 1503 784 a
1514 760 1722 792 possessoribus
1735 761 1795 790 dis-

999 801 1172 830 pensatores,
1189 798 1211 825 si
1229 806 1346 834 nequam
1367 800 1437 838 [eos]
1456 810 1518 831 esse
1543 810 1661 840 constet,
1684 813 1711 835 et
1725 808 1796 836 alios

999 841 1135 870 subicere.
1157 843 1205 872 llis
1217 852 1281 873 vero
1296 848 1398 875 notatis
1412 849 1465 882 dic,
1481 857 1535 877 non
1545 852 1707 887 subsistere,
1721 855 1796 889 quod

999 895 1014 914 a
1029 890 1239 923 possessoribus
1255 893 1282 919 in
1300 893 1397 922 formis
1414 896 1556 930 scribitur,
1574 905 1609 926 ne
1628 899 1743 928 omnino
1756 901 1797 928 lo-

147 931 203 959 τῶν
229 931 370 967 κτητόρων
397 931 540 968 διοικητὰς
565 930 669 963 κακοὺς
695 930 945 977 ἀναφαινομένους,

1009 941 1094 961 :ornm
1109 935 1230 971 episcopi
1245 945 1274 964 se
1290 938 1466 968 immisceant
1483 943 1599 977 negotiis
1610 945 1796 974 monasterio-

146 977 194 1004 καὶ
207 977 305 1009 ἄλλους
318 979 416 1006 ποιεῖν.
442 978 499 1005 Καὶ
514 977 602 1004 ταῦτα
619 977 845 1013 σημειωσάμενος
862 976 936 1011 λέγε,

146 1023 324 1051 ἀνυπόστατα
343 1020 413 1050 εἶναι
433 1023 467 1049 τὰ
493 1023 523 1049 ὲν
550 1024 606 1054 τοῖς
625 1022 752 1053 τυπικαῖς
777 1020 942 1057 γραφόμενα

149 1069 226 1105 παρὰ
252 1069 307 1096 τῶν
330 1069 471 1105 κτητόρων
489 1069 570 1106 χάριν
594 1068 641 1095 τοῦ
664 1067 703 1103 μὴ
730 1068 855 1103 μετέχειν
874 1067 944 1098 ὅλως

148 1113 212 1145 τοὺς
225 1113 377 1149 ἐγχωρίους
397 1114 538 1150 ἀρχιερεῖς
557 1114 596 1146 εἰς
610 1114 645 1141 τὰ
656 1113 722 1150 παρ’
744 1113 834 1140 αὐτῶν
854 1112 943 1145 κτιζὸ-

151 1169 221 1197 μενα
236 1162 416 1197 μοναστήρια.
440 1161 578 1193 Ὡσαύτως
602 1161 651 1188 καὶ
665 1161 700 1188 τά
711 1160 767 1187 τῶν
785 1160 940 1197 ἀρχιερέων

154 1207 343 1243 ὑπομνήματα
360 1208 395 1234 τὰ
409 1207 630 1243 διαλαμϐάνοντα
654 1207 692 1244 μὴ
717 1206 842 1242 μετέχειν
859 1207 899 1237 είς
911 1206 944 1233 τὰ

998 988 1059 1007 rum
1074 988 1090 1008 a
1104 989 1133 1008 se
1146 986 1363 1012 exstructorum.
1381 984 1458 1020 item,
1477 988 1638 1022 pontiﬁcum
1655 998 1797 1019 commen-

1001 1026 1085 1054 tarios
1094 1028 1320 1063 complectentes.
1333 1039 1366 1059 ne
1378 1034 1424 1067 qui
1439 1033 1506 1068 ipsis
1518 1036 1798 1074 succedentepiscopi

1002 1074 1235 1102 monasteriorum
1247 1077 1363 1111 negotiis
1376 1085 1405 1106 se
1417 1079 1615 1109 immiseeant‘.
1630 1088 1796 1119 propterque

1000 1115 1029 1143 id
1045 1125 1077 1144 ex
1098 1121 1316 1154 transgressione
1332 1123 1458 1152 incussas
1482 1129 1798 1161 excommunicationes,

1001 1166 1131 1198 tanquam
1144 1165 1250 1194 ratione
1266 1165 1395 1196 destituta
1417 1171 1541 1199 converti
1551 1172 1578 1199 in
1594 1173 1682 1207 capita
1700 1181 1797 1202 eorum

999 1209 1045 1243 qui
1062 1212 1350 1242 excommunicarunt.

154 1254 323 1290 μοναστήρια
338 1254 402 1286 τοὺς
428 1254 486 1290 μετ’
503 1255 602 1286 αὐτοὺς
626 1253 794 1285 ἐπισκόπους
816 1253 863 1280 καὶ
880 1253 942 1285 τοὺς
958 1255 1033 1290 παρὰ
1041 1256 1121 1284 τοῦτο
1131 1258 1337 1296 ἐπισειομένους
1365 1262 1397 1289 ὲκ
1420 1264 1596 1300 παραϐασὶας
1615 1266 1791 1304 ἀφορισμοῦς

152 1300 318 1336 στρέφεσθαι
337 1301 375 1333 ὡς
398 1301 562 1336 ἀνευλόγους
586 1301 626 1333 είς
654 1300 704 1333 τὰς
737 1300 859 1335 κεφαλὰς
885 1300 941 1328 τῶν
961 1302 1161 1338 ἀφορισάντων.

189 1347 345 1382 Κείμενον.
354 1347 436 1382 Λέγει
446 1347 474 1374 δὲ
482 1347 584 1383 βιϐλίον
594 1346 617 1374 α’
634 1347 689 1374 τῶν
695 1346 851 1380 Διατάξεων
862 1346 913 1374 τίτ.
924 1351 948 1382 η’

152 1401 181 1431 κ.
201 1401 227 1419 τ.
244 1392 270 1419 λ.
294 1399 382 1428 usque
394 1393 428 1420 ad
441 1393 502 1420 οὐδὲ
522 1392 662 1420 πωλεῖται.

153 1450 164 1483 ζ
189 1450 330 1485 Σχόλιον.
357 1450 394 1476 Τὸ
418 1453 442 1476 α’
458 1450 600 1486 Διάταγμα
625 1450 672 1477 τοῦ
698 1450 724 1487 η’
740 1450 831 1478 τίτλου
853 1449 901 1478 τοῦ
925 1450 949 1478 α’

156 1496 259 1533 βιϐλίου
273 1496 328 1523 τῶν
356 1496 521 1530 Δια-τάξεων,
538 1497 596 1524 ἐττι
612 1497 713 1532 βιϐλίον
730 1500 779 1532 μς¹
794 1497 847 1524 τῶν
865 1498 949 1524 Βασι-

153 1543 252 1578 λικῶν,
261 1543 350 1575 τίτλος
362 1546 396 1578 γ’,
409 1543 556 1578 κεφάλαιον
567 1546 602 1576 α’,
614 1543 700 1576 οὕτως
711 1543 772 1579 ἕχον
786 1543 824 1575 ὼς
835 1545 954 1580 ἐγράφη.

1044 1349 1153 1379 Τεπιιιδ.
1169 1352 1229 1381 Lib.
1247 1362 1312 1382 vero
1327 1363 1335 1382 ι
1348 1355 1419 1390 Dig.,
1434 1356 1476 1383 tit.
1490 1357 1507 1386 8
1522 1361 1588 1392 etc.,
1617 1367 1698 1396 usque
1708 1362 1743 1389 ad
1751 1370 1801 1392 nc-

1006 1404 1060 1432 que
1076 1398 1170 1426 venire
1202 1404 1303 1435 potest,
1319 1406 1349 1429 ut
1382 1410 1444 1438 pag.
1460 1403 1589 1433 566-567.
1729 1443 1739 1448 β

1042 1443 1190 1474 Scholium.
1208 1446 1349 1482 Digestum
1364 1449 1376 1476 ι
1395 1451 1438 1478 tit.
1452 1451 1479 1483 s,
1507 1451 1572 1480 lib.x
1588 1444 1688 1487 Digest.
1696 1443 1745 1483 ’ὲεί
1754 1456 1802 1484 lib.

1009 1499 1071 1518 χιιι
1086 1490 1184 1526 Basil.,
1205 1493 1247 1520 tit.
1261 1495 1288 1527 '5,
1307 1503 1368 1531 cap.
1387 1497 1413 1531 l,
1429 1498 1502 1532 quod
1525 1499 1567 1526 sic
1583 1499 1675 1534 habet,
1694 1503 1803 1531 utscri-

1009 1541 1086 1572 ptum
1099 1541 1150 1566 est.
1168 1538 1306 1575 Digestum
1321 1541 1393 1576 6‘est
1404 1550 1463 1578 cap.
1479 1544 1497 1571 8
1509 1545 1631 1580 ejusdem
1644 1547 1692 1574 lib.
1708 1551 1735 1575 et
1750 1549 1805 1582 tit.,

155 1589 193 1617 Τδ
207 1593 234 1622 ς’
245 1589 386 1624 διάταγμα
397 1589 455 1616 ἐστι
473 1589 622 1623 κεφάλαιον
638 1592 663 1622 η’
678 1588 725 1615 τοῦ
747 1588 830 1615 αὑτοῦ
847 1588 951 1623 βιϐλίου

1010 1583 1083 1617 quod
1100 1583 1197 1618 digesl.
1214 1593 1262 1620 per
1278 1588 1370 1615 omnia
1386 1588 1476 1617 simile
1486 1594 1537 1618 est.
1559 1590 1692 1620 Similiter
1710 1597 1737 1621 et
1752 1593 1804 1630 [di»

155 1637 204 1663 καὶ
221 1635 326 1670 τίτλον,
349 1635 443 1671 ὖμοιον
460 1636 531 1662 κατὰ
546 1636 636 1662 πάντα
651 1634 876 1670 τῷδιατάγματι.
895 1635 955 1661 Ὠσ-

157 1682 248 1714 αύτως
265 1681 314 1709 καὶ
326 1681 357 1708 τδ
371 1681 409 1718 η’,
424 1681 504 1708 θ’καὶ
523 1681 550 1713 ι’,
563 1682 598 1708 τὰ
607 1681 684 1716 παρὰ
701 1681 749 1708 τοῦ
766 1681 790 1707 α’
804 1681 851 1708 καὶ
864 1684 891 1714 ς’
905 1681 949 1708 τί·

158 1729 237 1762 τλου,
250 1729 301 1764 τῆς
318 1728 341 1764 β’
372 1728 600 1762 ίνστιτουτιῶνος,
618 1729 704 1760 οὕτως
723 1727 842 1764 ἔχουσιν,
858 1728 895 1759 ὼς
924 1729 954 1755 ὲν

156 1777 216 1807 τοῖς
248 1775 437 1807 Ἰνστιτούτοις
460 1775 580 1811 ἐγράφη.
608 1775 689 1811 Ζήτει
714 1773 761 1802 οὖν
774 1775 829 1802 ἀπὸ
853 1775 957 1802 τούτων

159 1822 258 1858 μαθεῖν
279 1822 449 1858 τελειότερον
463 1821 499 1848 τὰ
523 1823 555 1848 ὲκ
579 1822 682 1848 τούτων
703 1822 845 1857 γραφέντα
864 1823 893 1849 ὲν
915 1821 955 1857 τῷ

158 1870 276 1905 παρόντι
292 1870 472 1904 συντάγματι.
483 1868 519 1895 Τὸ
535 1867 564 1894 δὲ
580 1868 656 1904 παρὰ
668 1867 783 1904 γνώμην
792 1868 847 1895 τῶν
859 1868 956 1903 ἱερέων

159 1916 272 1951 γεγονὸς
292 1915 364 1951 ίερον
390 1915 467 1951 παρά
478 1923 561 1947 τινος,
571 1915 622 1941 οὐκ
634 1914 708 1941 ἕπιν
718 1915 800 1949 ἱερὸν,
814 1915 851 1946 ὡς
864 1912 953 1950 οἶμαι,

157 1963 262 1989 νοεῖται
286 1962 315 1989 δὲ
331 1962 392 1989 ὅσον
421 1962 461 1993 είς
476 1961 505 1988 τὸ
525 1960 681 1995 λογίζεσθαι
702 1960 892 1993 ἑπισκοπικδν,
910 1960 959 1987 καὶ

161 2008 235 2044 ἔχειν
251 2007 388 2043 προνόμια
403 2007 552 2044 καθολικῆς
575 2007 750 2043 Ἐκκλησίας,
763 2007 811 2034 καὶ
828 2007 866 2042 μὴ
882 2006 957 2042 λογί-

162 2054 258 2087 ζεσθαι
284 2055 432 2087 ἰδιωτικὸν,
447 2054 584 2088 ὲπείτοιγε
601 2054 641 2085 είς
664 2053 694 2079 τὺ
720 2052 758 2088 μὴ
780 2053 957 2087 κοινωίιῆναι,

161 2100 216 2129 κᾶν
241 2101 279 2137 μὴ
303 2101 376 2135 ἱερὸν
391 2101 575 2136 ὀνομάζηται,
593 2099 661 2126 ἀλλὰ
680 2099 758 2133 ἅγιόν
774 2099 842 2126 ἐστι.
862 2099 916 2125 Καὶ
928 2099 959 2125 τὸ

162 2146 342 2182 οἰκοδομηθὲν
363 2146 425 2182 δίχα
448 2146 532 2181 εὐχῆς
555 2145 662 2181 ἱερέως,
679 2146 731 2172 κᾶν
757 2145 899 2195 καταπέσῃ
920 2144 957 2195 ὡς

162 2194 252 2229 ἅγιον,
272 2193 326 2220 οὐκ
355 2192 396 2220 ἔτι
426 2192 633 2228 κοινωθήσεται.
658 2191 695 2218 Τὸ
713 2192 735 2224 ς’
755 2192 892 2226 διάταγμα
909 2191 957 2217 τοῦ

164 2242 203 2272 ις’
217 2238 308 2266 τίτλου
320 2238 367 2265 τοῦ
382 2241 405 2265 α’
420 2238 523 2274 βιϐλίου
538 2237 764 2269 τῶνΔιατάξεων,
776 2236 834 2263 ἔστι
854 2236 957 2272 βιϐλίον

1011 1627 1094 1664 gest.]
1112 1629 1139 1662 8,
1154 1630 1171 1657 9
1186 1635 1214 1657 et
1226 1631 1276 1663 λ10.
1296 1631 1363 1665 Quae
1380 1641 1446 1662 vero
1460 1642 1493 1663 ex
1510 1637 1552 1664 tit.
1569 1637 1582 1664 1
1607 1641 1635 1664 et
1659 1637 1676 1666 6
1690 1627 1804 1667 seca-udi

1013 1672 1086 1710 [lib.]
1106 1674 1193 1702 lnslit.
1211 1675 1364 1713 [desumpta
1385 1679 1462 1716 sunt]
1479 1681 1520 1709 sic
1535 1682 1647 1718 habent,
1673 1689 1704 1712 ut
1718 1686 1746 1713 in
1763 1686 1808 1713 ln~

1011 1720 1070 1748 stit.
1085 1721 1217 1757 scriptum
1239 1728 1290 1751 est.
1309 1724 1347 1752 Da
1365 1725 1448 1760 igitur
1464 1734 1577 1762 operam
1603 1735 1632 1757 ut
1655 1731 1806 1766 perfectius

1011 1772 1044 1792 ex
1070 1765 1112 1794 his
1138 1774 1170 1794 ea
1194 1775 1256 1803 qua:
1283 1769 1345 1797 inde
1364 1770 1392 1797 in
1416 1778 1536 1806 prasens
1549 1781 1618 1809 opus
1639 1765 1806 1813 transcripta

1013 1815 1088 1845 sunt,
1108 1812 1211 1841 discas.
1231 1813 1333 1852 [Quod]
1346 1823 1410 1843 vero
1427 1816 1496 1854 [res]
1506 1827 1595 1853 sacra,
1621 1829 1682 1855 quae
1707 1822 1743 1850 ab
1756 1812 1805 1850 ali-

1013 1866 1067 1893 quo
1082 1859 1151 1886 citra
1169 1861 1343 1889 sacerdotum
1357 1863 1520 1899 suﬂ‘ragium
1546 1865 1648 1904 [sacra]
1670 1867 1741 1896 facta
1756 1874 1808 1902 est,

1013 1911 1092 1932 sacra
1107 1913 1162 1933 non
1189 1911 1241 1939 est,
1265 1908 1427 1944 intelligitur
1450 1910 1499 1945 (uti
1524 1912 1655 1947 arbitror)
1674 1919 1808 1948 quantum

1014 1951 1047 1978 ad
1065 1950 1104 1987 [id
1122 1952 1231 1985 attinet,
1258 1953 1298 1990 ut]
1323 1955 1487 1990 episcopalis
1505 1963 1646 1992 reputctur
1669 1967 1701 1988 ac
1715 1963 1810 1988 cathe-

1014 1996 1074 2024 lica:
1103 1997 1232 2026 Ecclesia:
1257 1999 1430 2035 privilegium
1455 2001 1565 2036 habeat,
1586 2011 1676 2038 neque
1704 2006 1808 2040 privata

1015 2048 1170 2070 censeatur.
1194 2044 1421 2080 Quandoquidem
1440 2055 1495 2082 quo
1510 2055 1544 2075 ne
1555 2049 1589 2076 ad
1603 2049 1727 2085 vulgares
1743 2060 1810 2080 usus

1014 2093 1172 2123 revocetur,
1191 2090 1253 2118 licet
1263 2098 1341 2118 sacra
1357 2100 1411 2118 non
1424 2094 1592 2128 nominetur,
1610 2100 1731 2124 attamen
1743 2105 1809 2126 sau-

1014 2140 1056 2163 cta
1071 2140 1123 2164 est.
1152 2136 1192 2164 Ac
1210 2137 1300 2173 [52:10}
1318 2138 1391 2172 quod
1417 2147 1471 2166 non
1491 2140 1736 2171 intervenientibus
1767 2153 1811 2172 sa-

1018 2181 1138 2209 cerdotis
1153 2183 1280 2216 precibus
1293 2184 1456 2212 a-dilicatum
1472 2191 1524 2218 cst,
1537 2187 1560 2214 si
1572 2187 1733 2222 collabatur,
1751 2196 1811 2218 tan-

1016 2236 1098 2263 quam
1115 2234 1253 2262 sanctum,
1269 2238 1322 2257 non
1339 2231 1437 2259 iterum
1452 2233 1485 2260 ad
1501 2234 1628 2270 vulgares
1643 2243 1709 2263 usus
1723 2237 1812 2265 dedu-

162 2285 219 2311 τῶν
231 2283 384 2311 Βασιλικῶν
396 2287 435 2317 ς’,
449 2284 537 2316 τίτλος
550 2283 582 2320 β’,
596 2284 742 2319 κεφάλαιον
758 2283 790 2316 θ’,
804 2282 889 2314 οὕτως
899 2283 952 2318 ἔχοι

1015 2280 1101 2303 cetnr.
1120 2275 1258 2310 ltigestum
1270 2277 1285 2303 7
1306 2278 1347 2305 tit.
1362 2279 1394 2306 16
1407 2279 1475 2307 ιιι).ι
1491 2280 1550 2316 Dig.
1562 2286 1604 2309 est
1615 2282 1661 2309 lib.
1678 2282 1760 2312 Basil.
1773 2293 1810 2317 νι,

165 2331 204 2362 ὼς
220 2331 338 2367 ἐγράφη.
355 2331 392 2356 To
408 2330 575 2365 ξδιάταγμα
587 2330 635 2356 τοῦ
652 2330 682 2356 ιδ’
703 2329 793 2373 τίτλον
809 2329 857 2356 τοῦ
873 2329 895 2364 β’
921 2329 964 2364 βι-

165 2378 241 2405 ϐλίου
259 2379 317 2406 ἔστι
349 2378 452 2414 βιϐλίον
484 2381 535 2411 ια’,
551 2386 614 2412 κεφ.
634 2378 665 2411 ξ’,
683 2377 762 2412 λέγον
777 2377 811 2404 τά
833 2377 913 2404 αὐτά.
928 2377 965 2404 Τὸ

167 2425 211 2459 κγ’
239 2425 378 2461 διάταγμα
406 2424 453 2451 τοῦ
480 2424 502 2460 β’
526 2424 618 2451 τίτλου
641 2423 690 2450 τοῦ
719 2427 746 2456 ς’
774 2423 877 2459 βιϐλίου
908 2423 966 2450 ἔστι

171 2471 274 2508 βιϐλίον
287 2475 327 2504 ιε’,
347 2471 436 2503 τίτλος
451 2474 486 2503 α’,
505 2471 652 2505 κεφάλαιον
674 2470 729 2505 κγ’,
743 2470 814 2505 Οέμα
832 2471 866 2506 β’,
880 2470 966 2499 οὕτως

167 2516 230 2552 ἓχον
252 2516 289 2548 ὼς
310 2516 431 2552 ἐγράφη.
448 2516 485 2542 Τὸ
501 2516 533 2543 ιδ’
550 2516 689 2552 διάταγμα
704 2515 749 2543 τοῦ
774 2519 798 2542 α’
815 2516 906 2542 τίτλου
918 2516 965 2542 τοῦ

169 2562 195 2599 η’
211 2563 314 2597 βιϐλίου
331 2564 391 2590 ἐστὶ
410 2562 513 2598 βιϐλίον
538 2565 588 2598 νη¹,
602 2562 693 2594 τίτλος
705 2565 743 2595 α’,
758 2562 906 2596 κεφάλαιον
923 2561 964 2592 ιδ’,

170 2610 242 2645 Θέμα.
264 2610 420 2637 τελευταῖον
435 2609 536 2644 ὁμοίως
561 2609 633 2644 ἕχον.
650 2609 687 2636 Τὸ
704 2609 746 2642 λς’
761 2609 900 2645 διάταγμα
919 2609 965 2636 τοῦ

170 2654 193 2688 ζ’
218 2654 271 2682 τίτ.
289 2654 338 2682 τοῦ
365 2658 399 2682 ια’
419 2654 523 2691 βιϐλίου
545 2655 600 2681 τῶν
617 2655 772 2688 Διατὸξεων
787 2654 844 2682 ἔστι
866 2655 968 2690 βιϐλίον

170 2702 227 2729 τῶν
244 2701 398 2729 Βασιλικῶν
412 2701 462 2734 νϐ’,
478 2701 532 2728 τίτ.
544 2704 580 2734 α’,
592 2701 742 2736 κεφάλαιον
758 2700 808 2736 ξγ’,
823 2702 894 2737 Οέμα
908 2701 968 2728 τελ-

171 2748 288 2780 ευταῖον,
304 2746 394 2782 λέγον.
411 2746 542 2782 Λὺεταιὴ
561 2746 688 2774 κοινωνία
704 2747 890 2782 φθειρομένων
915 2748 971 2775 τῶν

173 2793 342 2830 προσώπων,
359 2793 376 2829 ἢ
391 2792 438 2819 τοῦ
457 2792 630 2828 πράγματος,
644 2792 660 2828 ἦ
678 2792 729 2827 τῆς
743 2793 868 2828 ἀγωγῆς,
888 2793 905 2829 ἥ
921 2794 970 2829 τῆς

174 2840 299 2876 γνώμης.
316 2839 467 2876 Προσώπου
482 2839 531 2875 μὲν
549 2839 595 2866 ἐπὶ
626 2839 677 2874 τῆς
706 2839 827 2875 μεγάλης
849 2839 866 2875 ἢ
886 2840 971 2876 μέσης

176 2885 385 2918 καταστάσεως,
417 2884 570 2919 ἐναλλαγῆς
598 2886 650 2911 καῖ
669 2883 797 2911 θανάτου.
828 2885 972 2920 Φοεὶρεται

173 2933 203 2961 δὲ
226 2932 258 2960 τδ
283 2933 410 2968 πρᾶγμα,
428 2931 492 2958 ὅταν
511 2931 527 2966 ἢ
555 2931 695 2963 παντελῶς
720 2932 778 2968 οὐχ’
806 2932 972 2968 ὕπεστιν,ἢ

366 2980 502 3010 ΡΑτιιοι..
521 2978 580 3008 Gn.
598 2978 678 3010 ριν.

1015 2323 1057 2350 tit.
1067 2322 1095 2355 2,
1110 2331 1171 2358 cap.
1183 2323 1210 2356 9,
1222 2325 1295 2359 quod
1308 2325 1400 2358 habet,
1415 2330 1445 2354 ut
1456 2328 1587 2362 scriptum
1600 2334 1651 2357 est.
1668 2330 1809 2366 Digestutn

1010 2368 1060 2401 ω,
1072 2369 1115 2396 tit.
1127 2369 1171 2401 14,
1182 2369 1228 2397 lib.
1238 2375 1305 2398 nest
1317 2371 1363 2398 lib.
1372 2380 1411 2403 ιιι,
1426 2373 1501 2404 tit.l.
1514 2382 1574 2410 cap.
1584 2375 1630 2409 60,
1640 2377 1710 2412 'luod
1718 2379 1812 2406 eadem

1016 2415 1094 2443 dicit.
1115 2415 1256 2451 Digcslum
1271 2417 1307 2444 23
1330 2418 1404 2446 tlt.2
1420 2420 1468 2447 lib.
1483 2428 1506 2447 \‘l
1524 2426 1567 2449 est
1593 2422 1643 2450 lib.
1665 2431 1709 2458 xv,
1735 2426 1777 2453 ιιι.
1797 2427 1808 2453 1

1016 2470 1077 2498 cap.
1087 2463 1133 2497 25,
1142 2465 1233 2491 thema
1252 2465 1279 2498 2,
1290 2467 1363 2500 quod
1379 2466 1470 2499 habet,
1490 2469 1722 2503 quemadmodum
1744 2472 1812 2499 scri-

1017 2515 1093 2544 ptum
1107 2515 1159 2538 est.
1180 2510 1320 2546 Digestum
1343 2512 1376 2540 11
1391 2513 1433 2549 tit.
1449 2513 1461 2540 l
1479 2514 1526 2541 lib.
1542 2522 1588 2543 γιιι
1604 2521 1645 2544 est
1661 2517 1812 2551 liberum,

1018 2555 1058 2583 tit.
1069 2556 1160 2591 l,cap.
1174 2556 1219 2590 14,
1230 2558 1378 2586 themault.
1390 2560 1462 2594 quod
1476 2561 1559 2588 simili
1571 2562 1653 2590 modo
1669 2563 1761 2591 habet.
1771 2563 1817 2590 Dio

1017 2607 1121 2636 gestum
1133 2602 1167 2629 56
1178 2603 1219 2630 tit.
1230 2603 1257 2635 7,
1268 2604 1314 2631 lib.
1331 2612 1357 2632 xt
1369 2604 1428 2641 Dig.
1440 2611 1482 2633 est
1497 2606 1566 2634 liber
1578 2608 1659 2636 Basil.
1668 2617 1724 2643 ιιι,
1736 2610 1777 2638 tit.
1789 2610 1816 2642 l.

1018 2654 1079 2682 cap.
1099 2647 1150 2681 56,
1167 2650 1238 2684 quod
1260 2649 1341 2678 habet
1369 2653 1509 2686 quomodo
1531 2653 1663 2688 scriptum
1685 2659 1738 2684 est.
1770 2656 1817 2684 Di-

1020 2701 1089 2729 gest.
1104 2696 1139 2723 65
1157 2697 1198 2724 tit.
1229 2699 1246 2724 2
1270 2698 1317 2726 lib.
1341 2706 1397 2726 xru
1423 2699 1525 2736 Digest.
1547 2702 1646 2729 estlib.
1661 2702 1746 2731 Basil.
1768 2712 1817 2737 xu,

1021 2743 1063 2772 tit.
1071 2744 1082 2770 1
1090 2763 1097 2775 ,
1107 2751 1166 2779 cap.
1177 2744 1222 2778 65,
1237 2745 1326 2772 thema
1339 2747 1399 2778 ult.,
1409 2747 1482 2782 quod
1492 2748 1558 2776 dicit
1572 2757 1579 2776 :
1591 2749 1713 2782 Solvitur
1723 2752 1799 2780 socie
1809 2767 1815 2772 ε

1023 2794 1393 2824 tas,cumautpcrson:e,aut
1409 2800 1461 2825 res,
1474 2797 1520 2820 aut
1535 2794 1617 2826 actio,
1632 2781 1817 2825 aufvoluntas

1023 2838 1126 2865 interit.
1139 2836 1404 2875 [lntereuntautem]
1412 2847 1535 2874 personae
1544 2842 1664 2869 maxima
1674 2847 1721 2870 aut
1729 2845 1818 2872 media

1023 2883 1122 2919 capitis
1139 2883 1328 2912 deminutione
1342 2890 1367 2912 ct
1385 2889 1481 2913 morte.
1492 2886 1544 2914 Res
1560 2888 1642 2922 perit,
1655 2890 1766 2924 quando
1775 2897 1822 2919 aut

1025 2930 1137 2959 omnino
1147 2937 1201 2958 non
1213 2932 1347 2966 subsistit,
1358 2938 1404 2960 aut
1415 2934 1599 2963 conditionem
1610 2938 1821 2975 mutavit,[quod

1563 2983 1603 3014 33
