1956 3049
169 150 241 182 1035
746 151 878 182 ΡΗΟΤΙΙ
900 152 955 182 PA’.

1011 153 1156 184 IARCH/E
1176 154 1232 185 CP.
1503 153 1511 162 ⁷
1752 156 1823 191 1036

165 209 222 246 vel]
234 212 395 237 consecrata
406 208 448 236 vel
458 208 598 244 publicata
608 209 655 237 sit.
667 208 809 245 Digestum
825 208 855 242 5,
866 209 882 236 6
895 213 923 237 et
938 208 954 236 6

1024 210 1074 246 τὴν
1087 211 1257 237 κατάστασιν
1287 210 1433 246 ἐνήλλαξεν
1461 211 1611 249 ἀνιερωθὲν
1624 212 1641 248 ἢ
1658 212 1707 241 καὶ
1718 213 1822 250 δημευο

166 255 209 283 tit.
221 255 245 288 l,
261 255 309 282 lib.
321 262 398 288 xvnt,
417 255 477 290 Dig.
490 259 530 282 est
539 255 585 283 lib.
600 263 658 289 xu,
673 255 715 283 tit.
728 255 754 289 1,
777 263 840 290 cap.
852 255 879 288 4,
895 263 955 291 (ιυυι

1024 256 1081 283 θέν.
1103 257 1224 284 ’Δκούων
1238 257 1265 284 δὲ
1278 257 1326 284 τοῦ
1337 258 1421 294 νόμου
1435 259 1612 294 μεμνημένου
1628 259 1822 296 βεβηλότητος,

168 301 265 329 eadem
288 301 365 329 dicit.
386 299 528 336 Digestnm
541 301 573 328 75
588 301 712 335 ejusdem
742 301 783 328 tit.
807 308 835 328 et
861 301 910 329 lib.
925 308 955 329 es

1024 303 1061 339 μὴ
1079 303 1196 331 ὲκλαϐοὒ
1218 303 1304 340 αὐτὴν
1318 304 1359 336 είς
1390 305 1575 341 ἀκαθαρσίαν,
1600 305 1670 332 ἀλλὰ
1684 307 1724 338 εἰς
1751 307 1823 334 ἰδιω-

167 347 291 383 ejusdem
305 354 354 374 xtx
368 346 416 374 lib.
430 347 471 374 tit.
486 346 512 381 1,
526 354 586 382 cap.
605 346 650 380 75,
666 346 739 382 quod
757 346 798 374 sic
826 346 920 380 habet,
936 355 952 373 u

1020 350 1108 378 τείαν.
1134 350 1171 376 Τὸ
1187 349 1220 382 ε’,
1249 353 1276 382 ς’
1296 350 1344 377 καὶ
1368 349 1408 386 ξβ’
1441 351 1618 386 διατάγματα
1642 351 1689 378 τοῦ
1715 355 1738 379 α’
1763 352 1818 381 τίτ.

166 393 300 429 scriptum
315 398 367 422 est.

1017 393 1065 420 τοῦ
1083 394 1117 429 ιη’
1129 394 1184 429 βιὸ.
1197 395 1252 421 τῶν
1268 395 1433 429 Διατάξεων,
1449 396 1508 423 ἐστι
1531 396 1633 431 βιὸλίον
1645 397 1689 431 ιϐ’,
1703 398 1757 425 τίτ.
1783 401 1820 434 α’,

166 441 314 475 κεφάλαιον
331 441 362 474 δ,
379 441 414 468 τὰ
438 439 510 468 αὐτὰ
531 439 621 474 λέγον.
638 440 695 467 Καὶ
715 440 746 467 τὸ
761 439 801 474 ογ¹
812 439 953 476 διάταγμα
967 440 1015 467 τοῦ
1028 441 1112 469 αὐτοῦ
1127 441 1218 469 τίτλου
1239 442 1287 469 καὶ
1313 441 1418 478 βιϐλίου
1439 443 1500 470 ἐστὶ
1522 444 1570 470 τοῦ
1602 443 1687 471 αὑτοῦ
1714 444 1747 471 ιθ’
1763 444 1820 480 βιὸ·

164 487 218 516 τίτ.
240 491 275 521 α’,
295 487 442 522 κεφάλαιον
463 490 517 522 ογ’,
534 486 624 519 οὕτως
644 486 706 522 ἔχον
741 487 780 518 ὡς
798 487 968 522 γέγραπται.

203 534 353 563 Seiasvero
367 534 440 570 quod
457 533 524 570 [res]
540 538 641 561 sanrtte
656 541 711 560 non
735 539 901 561 consecrata:
920 541 967 561 ve-

170 584 264 614 neant,
276 580 424 613 donantur,
444 584 471 607 et
485 580 693 614 usucapiantur,
706 579 764 607 sive
772 588 819 614 per
832 579 968 616 [longum]

167 632 276 662 tempus
282 626 404 654 dominio
410 625 606 661 subjiciantur:
615 629 796 653 sacrmautem
806 625 880 653 nullo
887 625 969 653 modo

170 674 199 702 in
208 672 396 710 [cujusquam]
403 673 554 701 dominium
562 673 724 707 concedant;
732 677 768 705 et,
775 673 849 707 quod
856 672 902 707 qui
911 680 955 700 ren

1024 680 1090 698 ποτε
1110 672 1140 698 οὺ
1160 671 1350 705 δεσπόζονται,
1365 672 1414 699 καὶ
1432 673 1474 699 ὅτι
1497 674 1512 699 ὁ
1544 673 1594 708 μὲν
1611 672 1715 708 κλέψας
1735 673 1819 709 ἱερὸν,

166 727 275 749 sacram
288 719 350 747 fura
365 724 418 752 tur,
431 724 563 754 tanquam
585 718 735 754 sacrilegus
754 719 885 754 puniatur
901 726 955 753 :qu

1022 717 1060 749 ὡς
1092 718 1230 753 ἱερόσυλος
1260 718 1428 752 κολάζεται,
1452 719 1466 745 ὁ
1493 718 1521 745 δὲ
1549 718 1652 754 κλέψας
1681 719 1820 755 ἰδιωτικὴν

167 773 234 794 vero
249 764 604 800 sanctamprivatihominis
617 764 776 799 imaginem,
789 769 918 800 tanquam
926 763 954 791 fu

1024 763 1106 798 ἁγίαν
1133 764 1238 796 εἰκόνα,
1251 764 1291 796 ὡς
1319 764 1440 799 κλέπτης
1463 764 1598 800 ἐνέχεται.
1625 764 1687 792 Εἰσί
1716 766 1745 793 δὲ
1771 767 1820 793 καὶ

169 817 306 840 teneatur.
320 812 374 839 Sed
390 815 454 839 sunt
474 811 557 838 etiam
577 810 636 838 alia:
648 810 740 838 multae
756 810 854 838 harum
872 817 954 837 reruu

1018 810 1098 838 ἄλλαι
1128 809 1226 836 πολλαὶ
1252 810 1357 837 τούτων
1371 810 1511 845 διαφοραί·
1526 811 1550 838 εί
1567 811 1597 838 δέ
1610 820 1651 843 τις
1672 811 1741 847 ἐρεῖ,
1763 812 1820 839 Καὶ

170 857 341 886 differentiae.
351 857 428 890 Quod
440 857 462 885 si
475 856 538 892 quis
546 856 610 884 inter
617 860 694 892 roget
701 856 839 891 quomodo
847 862 955 883 veneam

1017 857 1075 888 πῶς
1090 856 1244 883 πωλοῦνται
1259 857 1430 892 μοναστήρια
1445 857 1492 894 καὶ
1508 858 1724 893 σκευοφυλάκια;
1737 859 1820 886 ἀκου-

171 903 337 933 monasteria
344 908 371 931 et
382 910 526 931 sacrorum
535 909 663 930 vasorum
671 901 776 938 capsw?
783 901 886 935 audiat,
895 901 951 929 nihi

1018 903 1092 930 σάτω
1107 903 1148 930 ὃτι
1162 902 1284 930 τοιοῦτόν
1294 911 1321 930 τι
1338 902 1401 930 οὗτε
1413 903 1584 939 ’ἀγοράζεται
1600 903 1662 930 οὔτε
1673 904 1818 933 πωλεῖται.

1017 949 1055 976 Τὸ
1076 949 1105 976 δὲ
1127 948 1233 976 δίκαιον
1253 949 1284 975 τὸ
1298 949 1345 976 ἐπὶ
1367 949 1473 981 τούτοις
1490 951 1683 986 προσαρμόξον
1694 951 1748 978 τινὶ
1769 953 1819 980 καὶ

166 997 240 1033 quod
249 996 369 1032 cuipiam
381 995 410 1022 in
425 994 468 1023 his
482 995 623 1029 competit,
635 994 803 1021 etvendatur
813 999 953 1021 eteinatur

1013 995 1144 1022 πωλεῖται
1169 996 1216 1022 καὶ
1237 995 1414 1031 άγοράζεται.
1438 996 1467 1022 '0
1492 998 1548 1032 γὰρ
1572 997 1717 1033 ἀγοράζων
1743 999 1818 1034 ἱερὸν

165 1045 217 1078 Qui
231 1043 304 1072 enim
319 1042 410 1071 sciens
427 1042 519 1070 locum
533 1045 582 1068 aut
594 1048 643 1068 vas
654 1048 763 1068 sacrum
779 1041 889 1073 emerit,
905 1048 954 1075 per

1012 1041 1094 1068 τόπον
1109 1041 1126 1077 ἢ
1143 1041 1239 1072 σκεῦος
1253 1042 1282 1068 ὲν
1303 1042 1406 1078 είδήσει
1427 1042 1559 1070 ἀπόλλυσι
1587 1043 1615 1070 τὺ
1635 1044 1756 1080 τίμημα,
1769 1045 1819 1071 καὶ

164 1091 205 1119 dit
219 1091 348 1126 pretium,
373 1094 401 1117 et
423 1088 546 1124 punitur.
570 1086 708 1115 Interdum
735 1092 826 1114 tamen
852 1091 955 1122 propter

1013 1087 1170 1120 κολάζεται.
1188 1088 1242 1115 Καὶ
1256 1087 1333 1123 ζήτει
1349 1087 1462 1123 βιῦλίον,
1478 1089 1579 1121 τίτλον,
1602 1089 1818 1126 κεφάλαιον.Ἐξ

165 1137 256 1172 justas
267 1137 375 1171 aliquas
383 1142 483 1163 causas
496 1141 540 1161 res
549 1141 633 1160 sacrae
644 1133 726 1161 etiam
735 1137 864 1160 veneunt.
877 1132 955 1166 Quor.

1015 1134 1135 1168 εὐλόγων
1150 1134 1178 1160 δέ
1192 1142 1274 1161 τινων
1292 1134 1388 1161 αἰτιῶν
1409 1134 1551 1168 πωλεῖται,
1568 1134 1643 1161 ἔστιν
1657 1136 1703 1163 ὅτε
1719 1136 1766 1163 καὶ
1779 1137 1816 1163 τὰ

164 1191 226 1211 sum
242 1189 350 1218 quaeras
365 1182 378 1208 1
398 1185 425 1209 et
448 1180 467 1207 2
490 1180 532 1207 tit.
551 1179 568 1207 5
590 1179 638 1206 lib.
657 1179 760 1207 Docent
777 1179 851 1206 enim
866 1178 901 1206 de
918 1186 955 1207 ec-

1015 1181 1086 1216 ίερά.
1104 1181 1158 1207 Καὶ
1178 1180 1255 1216 ζήτει
1268 1181 1313 1207 τὴν
1329 1184 1353 1207 α’
1367 1182 1414 1208 καὶ
1434 1180 1456 1216 β’
1472 1181 1562 1208 τίτλον
1577 1181 1624 1208 τοῦ
1649 1185 1671 1208 ε’
1697 1182 1814 1217 βιϐλίον.

163 1229 267 1262 elesiis,
279 1227 466 1260 monasteriis,
476 1231 504 1254 et.
513 1225 716 1254 venerabilibus
725 1225 852 1253 domibus
863 1235 869 1252 :
880 1225 955 1262 [tum

1013 1227 1240 1262 Διδάσκουσιγὰρ
1268 1226 1334 1263 περὶ
1352 1227 1519 1262 ἐκκλησιῶν,
1547 1228 1594 1255 καὶ
1610 1229 1814 1265 μοναστηρίων,

167 1275 250 1303 etiam
263 1275 297 1302 de
311 1274 393 1302 rebus
407 1278 434 1301 et
461 1273 524 1309 jure
541 1273 663 1308 ipsarum
680 1281 687 1299 :
701 1279 733 1300 ac
753 1271 915 1308 [postremo]
929 1273 955 1300 dt

1013 1273 1061 1299 καὶ
1083 1272 1193 1306 εὐαγῶν
1223 1273 1306 1300 οἴκων
1335 1273 1384 1300 καὶ
1411 1273 1543 1310 περὶτῶν
1565 1275 1740 1311 πραγμάτων
1765 1277 1816 1303 καὶ

164 1320 341 1353 alienatione,
361 1325 389 1347 et
403 1319 575 1354 emphyteusi
593 1326 685 1346 rerum
698 1318 955 1346 ecclesiasticarum.

1011 1318 1205 1352 δικαιωμάτων
1217 1317 1318 1351 αὐτῶν,
1332 1319 1381 1346 καὶ
1396 1319 1462 1355 περὶ
1484 1319 1667 1356 ὲκποιήσεως,
1688 1321 1737 1349 καὶ
1757 1322 1812 1358 ἐμ-

162 1365 319 1401 φυτεύσεως
341 1364 579 1400 έκκλησιαστικῶν
595 1364 778 1400 πραγμάτων,
799 1364 847 1390 καὶ
869 1363 955 1391 ταῦτα
971 1364 1021 1399 μὲν
1036 1363 1171 1400 περὶτῶν
1198 1364 1289 1399 ἱερῶν,
1323 1365 1364 1392 Τά
1382 1365 1412 1392 δὲ
1444 1366 1491 1393 ἐπὶ
1502 1367 1678 1403 καρποφορίᾳ.
1710 1377 1814 1404 προσα-

166 1414 272 1450 γόμενα
297 1413 347 1439 οὐκ
383 1412 452 1439 εἰσιν
477 1410 557 1447 ἱερὰ,
578 1412 626 1438 καί
646 1410 724 1446 ζήτει.
752 1410 855 1446 βιϐλίον
887 1410 934 1444 νδ¹,
953 1411 1042 1439 τίτλον
1057 1414 1082 1446 γ’
1096 1410 1244 1446 κεφάλαιον
1259 1414 1295 1438 α’.

1057 533 1179 561 Γίνωσκε
1205 535 1234 562 δὲ
1253 535 1294 562 ὅτι
1321 535 1352 562 τά
1372 536 1422 570 μὲν
1440 535 1478 571 μὴ
1504 535 1651 572 ἱερωθέντα
1676 536 1754 571 ἅγια,
1771 536 1819 564 καὶ

1023 579 1179 607 πωλοῦνται
1200 581 1249 607 καὶ
1279 581 1429 617 δωροῦνται
1461 582 1508 608 καὶ
1527 582 1818 616 οὑσουκαπιτεύονται,

1023 626 1071 653 xui.
1085 626 1145 653 ’διὰ
1172 626 1269 662 χρόνου
1298 627 1483 663 κυριεύονται,
1503 627 1539 654 τὰ
1559 627 1588 654 δὲ
1605 628 1676 663 ἱερὰ,
1692 629 1818 665 ὁπωσδή-

167 951 325 980 istiusmodi
342 957 432 985 neque
445 949 499 977 emi
515 956 604 983 neque
617 948 717 976 vendi:
733 956 890 984 quanquam
905 948 962 984 jus,

201 1463 311 1491 Τι’πιιιε.
325 1461 360 1488 Ει
379 1460 429 1487 lib.
447 1467 531 1491 xxiv,
550 1458 592 1486 tit.
607 1459 704 1494 digest.
714 1459 741 1486 5.
766 1458 860 1492 Recte,
877 1463 930 1486 etc.
947 1478 955 1492 ,

160 1517 242 1545 usque
258 1508 291 1535 ad
305 1507 351 1534 illo
366 1505 526 1542 potentiori,
542 1510 570 1532 ut
584 1514 646 1541 pag.
663 1505 725 1533 567.

196 1554 343 1583 Sclwlt'um.
359 1552 502 1587 Digestum
518 1551 535 1578 5
551 1551 593 1578 tit.
611 1560 619 1578 ι
639 1551 686 1578 lib.
713 1559 775 1579 xxtv
796 1551 899 1587 Digest.
913 1555 956 1579 est.

1047 1459 1202 1494 Ksz’yeror.
1212 1460 1269 1486 Καὶ
1277 1459 1380 1495 βιϐλίον
1390 1459 1439 1495 κδ’,
1454 1461 1507 1490 τίτ.
1522 1460 1557 1495 α’,
1575 1461 1645 1490 διάτ.
1655 1461 1686 1489 ε’·
1699 1462 1811 1496 Καλῶς,

1011 1514 1040 1534 κ.
1051 1514 1077 1533 τ.
1091 1506 1128 1538 λ.,
1143 1513 1231 1541 usque
1247 1506 1281 1534 ad
1298 1507 1427 1543 ἀντιδίκῳ
1445 1509 1530 1536 αὐτοῦ
1545 1509 1693 1545 παρεδόθη.

1046 1551 1189 1585 Σχόλιον.
1210 1551 1247 1578 Τὸ
1262 1550 1282 1578 ε’
1309 1551 1449 1589 διάταγμα
1471 1553 1519 1581 tot")
1540 1553 1564 1581 α’
1582 1554 1674 1581 τίτλου
1698 1554 1746 1582 τοῦ
1771 1555 1812 1582 κδ¹

159 1602 208 1630 lib.
220 1609 285 1634 xxx,
298 1600 339 1627 tit.
357 1607 377 1632 ι,
394 1605 455 1633 cap.
467 1597 495 1630 5,
508 1597 600 1625 thema
611 1597 637 1624 ὃ.
655 1598 684 1625 Si
695 1598 786 1633 magni
802 1598 881 1633 pretii
897 1606 951 1626 mo-

1012 1597 1118 1633 βιϐλίου
1144 1597 1199 1624 τῶν
1225 1597 1373 1631 διατάξεὼν
1407 1600 1467 1626 ἐστι
1489 1599 1593 1635 βιϐλίον
1607 1599 1641 1635 λ’,
1656 1601 1746 1633 τίτλος
1760 1600 1785 1629 α’
1801 1621 1811 1634 ,

158 1652 321 1678 numentum
335 1653 436 1681 purum
457 1644 538 1672 uxori
555 1651 623 1671 mea:
636 1644 776 1672 donavero
806 1644 878 1672 valet
894 1644 956 1681 [do-

159 1694 258 1730 natio].
276 1698 454 1728 posteaquam
475 1691 503 1718 in
518 1698 551 1718 eo
575 1690 723 1725 sepelierit.
743 1690 796 1718 Sed
813 1691 835 1719 si
852 1690 911 1726 ipsa
923 1691 952 1719 in

159 1748 192 1768 eo
207 1739 314 1775 sepulta
329 1738 422 1770 fuerit,
435 1737 482 1763 liet
496 1735 644 1770 sepultura:
656 1736 768 1763 nomine
781 1736 952 1771 religiosum;

160 1784 300 1823 [proinde]
317 1789 345 1811 et
358 1784 392 1811 ad
405 1781 574 1810 oblationem
596 1781 644 1809 Dei
678 1788 751 1810 recte
775 1782 848 1809 dono
876 1783 955 1810 uxori

158 1841 227 1862 meat
243 1840 250 1859 :
267 1832 309 1859 vel
320 1831 422 1864 locum,
438 1830 466 1857 iu
480 1836 536 1864 quo
553 1836 623 1864 opus
638 1829 788 1864 publicum,
803 1831 876 1866 quod
890 1838 955 1866 pro-

159 1878 278 1911 miserit,
300 1877 399 1910 faciat,
428 1880 476 1903 aut
496 1883 604 1903 sacram
634 1875 719 1903 eadem
743 1884 750 1903 :
770 1884 802 1904 ac
829 1876 859 1904 tit
882 1877 959 1905 locus

157 1932 248 1954 sacer.
262 1923 363 1959 Digest.
381 1922 415 1948 1'2
429 1922 470 1949 tit.
493 1921 526 1949 10
544 1922 590 1949 lib.
605 1929 679 1949 xxvu
703 1927 744 1950 est
765 1923 813 1950 lib.
837 1931 953 1958 xxxuu,

157 1973 201 2000 tit.
221 1971 264 2003 10,
280 1971 366 1998 them.
378 1969 407 2001 2,
423 1976 484 2004 eap.
497 1968 547 2005 [et]
558 1969 589 1996 11
600 1972 628 1996 et
642 1969 686 2001 1'2,
705 1977 766 2004 qua:
781 1970 822 1997 sic
833 1970 953 1998 habent;

157 2018 276 2046 Curator
296 2016 395 2044 furiosi
414 2020 490 2043 recte
504 2018 566 2043 'retn
583 2023 662 2043 suam
677 2018 757 2051 quasi
768 2016 875 2050 furiosi,
888 2017 956 2044 alie-

157 2069 291 2092 natznou
311 2067 404 2091 autem
418 2061 527 2096 furiosi,
542 2062 623 2098 quasi
635 2069 725 2090 suam.
739 2062 833 2091 Potest
861 2069 954 2091 tamen

157 2111 185 2138 in
202 2109 300 2138 furiosi
317 2109 463 2136 utilitatem
482 2108 676 2144 oppignorare,
707 2108 837 2137 dedicare
860 2115 953 2137 autem

158 2155 248 2190 ipsius
260 2161 318 2181 rem
331 2161 386 2181 non
404 2157 504 2188 potest.
520 2152 622 2189 Digest.
650 2154 685 2181 59
711 2153 759 2181 lib.
773 2162 828 2181 xxx
853 2159 894 2182 est
906 2154 954 2183 lib.

153 2208 227 2234 xttv,
243 2204 286 2229 tit.
310 2207 331 2233 ι,
356 2207 418 2235 cap,
432 2199 479 2233 59,
503 2199 595 2227 thema
619 2199 669 2227 ult.
687 2199 736 2228 :Si
758 2201 822 2236 quis
841 2201 952 2236 publica

154 2254 246 2279 sacra,
257 2245 301 2273 vel
312 2245 417 2280 privata
428 2244 709 2280 principislegaverit,
720 2245 813 2273 furere
823 2245 933 2274 videtur
945 2255 953 2274 :

1011 1643 1160 1679 κεφάλαιον
1176 1647 1207 1679 ε’,
1224 1644 1296 1680 θέμα
1310 1644 1346 1680 η’.
1361 1646 1392 1672 Ei
1409 1646 1456 1673 καὶ
1475 1646 1625 1683 πολύτιμον
1648 1648 1814 1683 κενοτάφιον

1012 1691 1182 1727 δωρήσωμαι
1203 1692 1237 1727 τῇ
1266 1693 1374 1728 γαμετῇ
1395 1700 1458 1727 μου,
1473 1693 1614 1729 ἔρρωται,
1632 1693 1700 1730 μεθὸ
1717 1694 1812 1730 μέντοι

1012 1734 1092 1770 θάψει
1112 1735 1141 1762 ὲν
1156 1735 1241 1770 αὐτῷ.
1254 1735 1285 1762 El
1302 1735 1330 1763 δὲ
1344 1736 1392 1763 καὶ
1411 1737 1481 1773 αὕτη
1496 1738 1527 1765 ἐν
1545 1738 1621 1775 αὐτῷ
1637 1740 1722 1775 ταφῇ,
1736 1739 1814 1774 γίνε-

1010 1789 1056 1807 ται
1080 1781 1121 1813 είς
1135 1781 1225 1816 ταφὴν
1240 1781 1432 1818 ἐνιερωμένον,
1446 1783 1495 1810 καὶ
1507 1785 1553 1811 ἐπὶ
1566 1784 1605 1820 τῷ
1621 1787 1812 1821 προσαγαγεῖν

1010 1826 1050 1862 τῷ
1066 1826 1137 1862 Θεῷ,
1154 1826 1247 1858 καλῶς
1270 1827 1413 1864 δωροῦμαι
1427 1830 1462 1864 τῇ
1477 1831 1585 1865 γαμετῇ
1611 1839 1662 1866 μου
1675 1830 1694 1867 ἢ
1712 1830 1812 1864 τόπον,

1011 1872 1054 1908 ἐφ’
1072 1870 1094 1908 ᾧ
1109 1873 1224 1909 ποιῆσαι
1240 1873 1268 1901 ὲν
1285 1874 1361 1910 αὑτῷ
1384 1874 1515 1910 δημόσιον
1531 1875 1612 1911 ἔργον
1626 1877 1696 1913 ὅπερ
1717 1878 1812 1913 ἐπηγ-

1010 1918 1160 1954 γείλατο,ἢ
1182 1919 1255 1950 ναὸν.
1271 1919 1318 1946 καὶ
1346 1919 1479 1953 γίνεταιὸ
1502 1921 1585 1953 τόπος
1607 1921 1690 1957 ἱερός.
1707 1921 1746 1948 Τὸ
1774 1922 1812 1958 ιβ’

1009 1965 1148 2001 διάταγμα
1177 1965 1224 1992 τοῦ
1240 1964 1255 1992 ι’
1290 1966 1382 2010 τίτλου
1408 1966 1456 1993 τοῦ
1482 1966 1523 1999 κζ’
1548 1967 1664 2003 βιϐλίου,
1681 1968 1741 1995 ἔστι
1763 1968 1812 2005 βι-

1010 2011 1085 2040 ϐλίον
1108 2010 1162 2048 λη’,
1190 2011 1281 2044 τίτλος
1306 2011 1332 2045 ι’,
1352 2013 1502 2048 κεφάλαιον
1525 2017 1552 2047 t',
1572 2014 1644 2050 θέμα
1670 2014 1704 2049 β’,
1720 2016 1813 2051 κεφά-

1008 2057 1085 2084 λαιον
1113 2056 1148 2084 ια’
1173 2058 1220 2085 καὶ
1242 2057 1285 2094 ιβ’,
1301 2058 1391 2092 οὕτως
1419 2059 1481 2095 ἔχον
1498 2066 1506 2075 ·
1531 2059 1561 2087 '0
1586 2061 1734 2098 κουράτωρ
1757 2062 1809 2090 τοῦ

1010 2104 1185 2139 μαινομένου,
1200 2104 1292 2132 καλῶν
1306 2105 1372 2133 ίδιον
1387 2106 1505 2141 πρᾶγμα
1520 2106 1558 2139 ὼς
1576 2106 1625 2133 τοῦ
1639 2107 1810 2144 μαινομένου

1007 2151 1126 2184 ἐκποιεῖ,
1141 2151 1172 2177 οὺ
1191 2151 1241 2186 μὲν
1255 2151 1285 2178 τδ
1300 2151 1348 2178 τοῦ
1365 2152 1530 2188 μαινομένου
1543 2152 1582 2184 ὼς
1597 2153 1673 2181 ἴδιον.
1687 2153 1811 2182 Δύναται

1007 2196 1037 2223 δὲ
1055 2196 1102 2223 ἐπὶ
1126 2197 1294 2232 συμφέροντι
1326 2197 1374 2225 τοῦ
1408 2199 1576 2234 μαινομένου
1606 2200 1809 2236 ἐνεχυριάζειν,

1008 2241 1162 2279 Καθιεροῦν
1191 2242 1220 2269 δὲ
1248 2242 1331 2269 αὑτοῦ
1359 2244 1478 2279 πρᾶγμα
1503 2243 1534 2269 οὺ
1561 2243 1687 2272 δύναται.
1703 2244 1741 2271 Τὸ
1764 2244 1809 2271 λθ¹

156 2299 209 2320 nec
218 2291 365 2319 :estimatio
376 2298 472 2318 eorum
483 2295 640 2325 praestatur,
648 2290 780 2326 quoniam
797 2291 851 2319 alia
862 2292 955 2319 neuti-

1011 2289 1146 2325 διάταγμα
1166 2288 1214 2316 τοῦ
1230 2288 1252 2316 λ’
1268 2289 1373 2325 βιὸλίου
1397 2289 1455 2317 ἐστι
1472 2289 1576 2326 βιὸλίον
1594 2289 1645 2326 μδ’,
1661 2290 1752 2322 τίτλος
1768 2290 1809 2324 α’,

154 2345 238 2373 quam
246 2337 449 2364 distrahuntur.
466 2335 603 2372 Principis
622 2344 687 2365 vero
697 2336 827 2374 [privata]
835 2346 888 2366 non
898 2339 953 2367 nisi

154 2383 451 2419 ipsiusjussu.Digcst.
462 2383 488 2417 l,
499 2383 542 2412 tit.
554 2384 579 2416 l,
590 2384 638 2412 lib.
647 2392 731 2412 χχχιι
740 2384 842 2420 Digest.
857 2385 953 2414 cstlib.

152 2438 230 2463 LVIII,
253 2430 295 2458 tit.
306 2429 350 2463 10,
362 2438 423 2466 cap.
440 2438 461 2463 ι,
473 2430 564 2458 thema
573 2430 602 2458 2.
614 2430 682 2458 Novi
691 2431 783 2466 operis
797 2432 913 2460 mutatio
926 2432 954 2460 iu

152 2477 255 2504 futuris
271 2476 399 2511 operibus
427 2476 570 2511 competit.
588 2475 657 2503 Nam
671 2477 694 2504 si
703 2477 760 2512 jam
780 2476 906 2514 [aliquid]
915 2478 954 2505 fa-

152 2528 228 2551 ctum
237 2523 283 2555 sit,
295 2521 494 2558 [interdictum]
502 2522 571 2557 quod
581 2523 607 2550 vi
614 2528 663 2549 aut
672 2523 755 2555 clam,
766 2525 839 2558 quod
849 2523 953 2551 factum

152 2569 205 2597 erit
213 2568 255 2605 [ut
264 2567 451 2604 restituatur,]
458 2567 597 2604 aut[illud]
607 2567 708 2603 deloco
715 2568 855 2603 religioso,
864 2574 912 2596 aut
920 2569 954 2597 de

150 2623 215 2655 loco
227 2622 318 2648 sacro,
327 2619 374 2641 aut
386 2615 418 2642 de
428 2615 538 2642 flumine
546 2615 668 2650 publico,
677 2619 725 2642 aut
737 2615 771 2642 de
779 2615 836 2650 ripa
847 2616 952 2650 publica

157 2666 248 2691 locum
258 2663 353 2696 habet.
375 2662 482 2698 Digest.
501 2662 676 2695 l7,tit.5,est
703 2663 751 2690 lib.
762 2671 846 2696 Lrlu,
859 2664 951 2697 tit.l5,

153 2710 374 2746 cap.l7,thema
392 2709 434 2741 14,
445 2709 519 2737 circa
535 2709 616 2737 linem
627 2708 672 2736 :Si
682 2714 742 2737 nter
758 2710 896 2738 nosiocus
905 2719 950 2738 sa-

151 2764 208 2790 cer,
216 2762 262 2784 aut
269 2755 399 2791 sepulcri,
407 2761 454 2782 aut
463 2760 587 2789 sanctus,
596 2756 666 2784 situs
672 2760 724 2788 est,
738 2755 856 2784 servitus
865 2757 951 2785 consi-

153 2806 225 2829 stere
236 2810 290 2829 non
300 2806 400 2837 potest.
412 2800 471 2836 Dig.
488 2800 519 2827 51
532 2800 574 2834 tit,
587 2801 605 2827 ἰ
619 2800 666 2828 lib.
683 2808 727 2827 xu
740 2805 783 2828 est
796 2801 836 2829 tit.
847 2801 874 2834 2,
889 2810 950 2837 cap.

149 2848 194 2880 '50,
215 2849 307 2875 thema
324 2848 352 2880 2,
379 2848 427 2875 lib.
438 2856 465 2874 L.
483 2847 583 2875 Desino
608 2847 758 2882 possidere,
787 2848 861 2883 quod
881 2849 952 2876 alius

158 2891 224 2918 mihi
239 2891 341 2919 ademit.
352 2897 377 2919 et
391 2891 460 2928 [ubi]
474 2895 684 2919 monuntentnm
699 2890 830 2927 [pOsitum
847 2891 912 2928 est],
925 2897 950 2921 et

166 2939 217 2965 uel
248 2940 352 2968 ictum
380 2939 483 2966 factu-.n
505 2943 556 2966 est.
579 2939 774 2967 Anitnadmltc
795 2944 898 2973 autem,
924 2940 950 2967 in

1006 2335 1155 2370 κεφάλαιον
1174 2335 1227 2369 λθ’,
1241 2335 1314 2371 θέμα
1328 2336 1495 2363 τελευταῖον·
1512 2336 1544 2363 Εἰ
1560 2337 1588 2364 δέ
1601 2346 1643 2369 τις
1667 2336 1704 2364 τὰ
1716 2337 1808 2373 δημό-

1006 2390 1053 2409 σια
1074 2381 1092 2417 ἢ
1107 2382 1141 2409 τὰ
1157 2382 1229 2417 ίερὰ,
1245 2382 1262 2417 ἢ
1280 2381 1314 2409 τὰ
1328 2382 1400 2409 ίδικὰ
1415 2382 1463 2409 τοῦ
1478 2382 1612 2418 βασιλέως
1625 2383 1806 2418 ληγατεύσει,

1007 2428 1151 2464 μαίνεσθαι
1165 2429 1250 2462 δοκεῖ,
1269 2428 1317 2456 καὶ
1336 2428 1399 2455 οὗτε
1409 2429 1440 2456 τὺ
1460 2429 1571 2465 τίμημα
1583 2429 1667 2456 αὐτοῦ
1688 2430 1807 2464 δῖδοται,

1004 2475 1100 2511 ἐπειδὴ
1118 2475 1153 2502 τὰ
1180 2475 1230 2510 μὲν
1245 2474 1301 2502 οὐδ’
1316 2475 1386 2507 ὅλως
1404 2474 1545 2508 πωλεῖται,
1562 2475 1596 2502 τὰ
1614 2475 1644 2502 δὲ
1668 2476 1808 2505 Βασιλικά

1004 2523 1034 2549 οὺ
1049 2521 1127 2557 παρὰ
1144 2521 1258 2558 γνώμην
1273 2521 1320 2548 τοῦ
1337 2521 1481 2557 βασιλέως.
1493 2522 1531 2548 Τὸ
1546 2521 1570 2548 α’
1584 2522 1724 2558 διάταγμα
1754 2524 1808 2551 τοῦ

1004 2572 1028 2596 α’
1043 2569 1134 2596 τίτλου
1148 2568 1195 2595 τοῦ
1207 2567 1245 2595 λθ’
1257 2568 1362 2604 βιϐλίου
1375 2568 1429 2596 τῶν
1441 2569 1607 2603 Διατὰξεων,
1623 2569 1682 2596 ἔστι
1698 2568 1808 2605 βιϐλίον

1004 2613 1056 2650 vn’,
1069 2614 1159 2646 τίτλος
1176 2613 1201 2648 ι’,
1219 2613 1368 2649 κεφάλαιον
1393 2613 1428 2647 α’,
1441 2614 1515 2650 θέμα
1528 2613 1562 2650 β’,
1578 2615 1608 2641 τὺ
1624 2614 1653 2642 δὲ
1669 2614 1802 2651 περὶτῆς

1003 2650 1179 2696 καινοτομίας
1200 2660 1395 2697 παράγγελμα,
1412 2660 1459 2687 ἐπὶ
1475 2662 1531 2693 τοῖς
1551 2661 1696 2696 μέλλουσιν
1710 2661 1808 2696 ἔργοις

1003 2707 1130 2744 ἁρμόζει,
1147 2708 1179 2734 Εἰ
1203 2707 1257 2743 γάρ
1278 2706 1330 2742 ἤδη
1357 2707 1453 2741 γέγονε
1472 2707 1503 2733 τὸ
1521 2708 1590 2742 ὅπερ
1608 2707 1654 2743 βίᾳ
1671 2707 1688 2743 ἢ
1713 2707 1808 2744 λάθρα

1003 2753 1170 2790 πραχθὲν,ἢ
1193 2753 1224 2780 τὺ
1253 2753 1320 2789 περὶ
1340 2753 1425 2780 τόπου
1457 2753 1618 2789 σεϐασμίου,
1637 2753 1654 2789 ἢ
1680 2753 1712 2780 τὸ
1736 2755 1807 2790 περὶ

1002 2803 1086 2829 τόπου
1104 2801 1190 2837 ἱεροῦ,
1207 2800 1223 2836 ἢ
1236 2801 1267 2828 τὸ
1282 2801 1347 2836 περὶ
1367 2800 1490 2836 ποταμοῦ
1503 2800 1645 2836 δημοσίου,
1658 2800 1675 2836 ἢ
1690 2800 1721 2827 τὸ
1735 2803 1807 2837 περὶ

1002 2848 1086 2884 ὄχθης
1104 2847 1250 2882 δημοσίας,
1270 2846 1364 2882 χώραν
1384 2846 1452 2882 ἔχει.
1471 2846 1507 2872 Th
1527 2845 1558 2878 ιζ’
1585 2846 1727 2882 διάταγμα
1753 2847 1805 2874 τοῦ

1002 2893 1026 2929 γ’
1043 2894 1134 2920 τίτλον
1148 2893 1208 2919 ἐστὶ
1229 2892 1330 2927 βιϐλίον
1347 2891 1399 2928 νη’,
1414 2892 1503 2925 τίτλος
1529 2891 1573 2927 ιγ’,
1592 2892 1740 2928 κεφάλαιον
1756 2892 1803 2927 ιζ’,

1003 2941 1073 2976 θέμα
1085 2939 1116 2974 δ’,
1137 2938 1203 2975 περὶ
1233 2937 1263 2965 τὸ
1286 2938 1372 2971 τέλος·
1393 2938 1424 2965 Εἰ
1437 2937 1465 2964 δὲ
1488 2938 1576 2966 κεῖται
1601 2936 1702 2974 μεταξὺ
1720 2938 1803 2974 ἡμῶν
