1956 3049
141 177 210 212 1037

659 174 901 206 NOMOCANON.
923 173 1041 204 -TIT.
1064 173 1104 210 II,
1126 173 1204 202 CAP.
1228 173 1252 203 Ι.

1727 169 1796 203 1038

139 237 222 267 τόπος
238 233 321 270 ίερδς,
337 234 354 270 ἡ
371 234 411 265 εἰς
433 231 531 268 ταφὴν,
545 231 562 267 ἢ
593 231 682 266 ἅγιος,
705 232 735 258 οὐ
751 231 862 258 δύναται
893 239 936 257 συ-

992 229 1186 264 repurgationc
1208 227 1326 263 positam
1348 234 1402 254 non
1421 233 1482 255 esse
1507 234 1566 254 ram
1586 226 1613 253 in
1626 227 1707 262 lextu
1719 227 1793 262 posi-

141 283 238 317 στῆναι
252 281 370 316 δουλείᾳ.
386 280 422 306 Τὸ
439 278 479 306 λα’
494 279 629 313 διάταγμιε
650 277 697 304 τοῦ
725 277 748 312 β’
774 277 864 304 τίτλου
889 275 936 302 τοῦ

144 327 188 364 μα’
205 327 307 363 βιόλίου
323 326 381 353 ἐστὶ
390 325 479 356 τίτλος
497 325 530 360 β’,
547 322 695 358 κεφάλαιον
711 323 746 356 λ’,
763 323 834 358 θέμα
845 321 878 358 β’,
889 321 937 348 τοῦ

140 373 162 401 ν’
182 374 285 409 βιϐλίου
301 382 308 389 ·
325 372 452 407 Παύομαι
479 371 610 406 νέμεσθαι
638 371 706 404 ὅπερ
722 369 801 401 ᾶὶλος
815 369 940 403 ἀφείλετό

108 413 112 420 ’
144 428 207 454 μου,
241 419 288 445 καὶ
315 419 345 444 τὸ
371 419 502 453 μνημεῖον
535 417 607 452 ἱερὸν
639 417 796 451 γένομενον.
817 416 940 451 Πρὸσχες

141 466 189 493 οὖν
202 466 244 492 ὅτι
261 467 290 492 ὲν
307 466 340 500 τῇ
357 464 556 499 ἁνακαθᾱιρσει,
572 463 622 489 οὐκ
641 462 721 496 ὲτέοη
736 462 766 488 τὸ
781 461 855 493 ἐντὸς
882 461 935 487 κεί-

142 519 222 545 μενον
241 510 321 546 μέρος
337 509 384 536 τοῦ
398 510 479 544 νόμου
490 509 520 535 τὸ
529 509 618 542 λέγον.
633 507 692 534 Κᾶν
705 507 743 543 μὴ
756 507 791 538 ὡς
807 506 939 540 τοιοῦτον,

140 557 198 584 ἀλλ’
232 557 270 588 ὡς
299 556 434 583 ἰδιωτικὸν
459 556 540 582 αὑτὸν
568 555 757 590 ἕχωμεν,Καὶ
782 553 827 580 διὰ
856 554 938 580 τοῦτο

140 604 259 639 ὀφείλεις
271 603 416 638 προσέχειν
430 601 510 628 πλέον
526 602 580 632 τοῖς
595 602 624 627 ὲν
636 600 675 636 τῷ
689 599 824 634 βασιλικῷ
857 607 938 633 περι-

140 649 312 685 ερχομὲνοις.
326 647 363 674 Τὸ
378 646 400 672 0'
421 645 559 680 διάταγμα
572 644 619 671 τοῦ
631 643 654 678 γ’
664 643 755 670 τίτλου
770 642 827 668 ἔστι
837 641 939 677 βιϐλίον

140 695 173 728 ν’,
188 695 276 726 τίτλος
290 692 325 728 γ’,
340 692 487 728 κεφάλαιον
505 691 526 718 b’
537 701 543 707 '
562 691 612 718 Διὰ
626 690 737 726 χρονίας
747 690 832 724 νομῆς
841 687 939 714 δεσπό-

140 742 232 775 ζονται
251 741 284 768 τὰ
298 739 451 775 σωματικὰ,
469 738 554 774 χωρὶς
570 737 651 772 ἱερῶν
668 736 685 771 ἢ
701 735 797 770 ἁγίων,
818 734 833 769 ἦ
853 734 938 769 δημο-

142 788 219 820 σίων,
237 787 254 822 ἢ
282 786 369 822 δήμου
389 784 554 821 Ῥωμαίων,
571 783 588 819 ἢ
616 783 731 816 πόλεως,
749 782 765 817 ἧ
788 780 939 815 ἐλευθέρων

140 833 304 869 ἀνθρώπων.
323 832 360 858 Τὸ
386 831 421 864 α’,
442 831 491 858 καὶ
518 829 540 866 β’
555 829 695 864 διάταγμα
723 827 770 854 τοῦ
795 825 818 854 α’
846 827 937 853 τίτλου

139 880 189 907 τοῦ
206 879 250 915 μγ¹
265 878 368 916 βιϐλίου
388 878 443 905 τῶν
456 877 622 910 Διατὰξεων,
635 876 692 903 ἔστι
713 875 814 910 βιϐλιον
829 873 879 909 νη’,
892 873 939 899 τί-

138 926 200 959 τλος
217 925 256 959 ιδ’,
278 924 425 960 κεφάλαιον
439 924 472 960 β’,
487 923 558 959 θέμα
569 922 784 958 παρατέλευτον·
802 921 842 946 Τὰ
857 920 935 954 νόμιι-

140 983 180 1010 μα
208 972 430 1008 παραγγέλματα
450 971 617 1007 ἁρμόζουσιν
634 969 651 1005 ἢ
670 969 714 995 διὰ
727 969 798 995 Θείον
813 967 935 998 δίκαιον,
954 977 973 1003 Β

137 1017 233 1052 ὥσπερ
251 1015 360 1050 ’Ίναμὴ
370 1015 492 1051 γένηται
500 1015 535 1042 ἐν
555 1016 622 1049 ἰερῳ
633 1013 721 1048 τόμῴ,
740 1012 757 1048 ἣ
780 1011 936 1046 κᾶνγὲνιδ-

138 1071 196 1096 ται,
205 1063 256 1090 ἵνα
267 1061 477 1095 ἁποκαταστῇ.
494 1061 549 1087 Καὶ
562 1060 628 1095 περὶ
639 1059 692 1086 τοῦ
701 1059 874 1094 sla/topica;
887 1067 935 1085 νε-

137 1111 222 1146 κρὸν,
242 1110 258 1146 ἢ
277 1110 379 1137 κτίσαι
394 1109 502 1144 τάφον.
527 1108 564 1134 Τὸ
585 1107 609 1134 α’
624 1108 762 1142 ἰιάταγμα
789 1106 836 1133 τοῦ
855 1105 881 1139 ς’
896 1106 936 1132 τί-

137 1157 201 1184 τλου
213 1156 368 1188 ὲστὶτίτλος
381 1155 421 1188 ιε’,
437 1156 584 1190 κεφάλαιον
602 1153 638 1187 α’,
652 1154 699 1180 τοῦ
709 1153 748 1189 νη¹
762 1153 875 1189 βιϐλίου,
892 1152 935 1179 οὗ·

137 1211 191 1234 τως
200 1203 270 1238 ἕχον·
286 1202 314 1228 ’0
330 1202 466 1237 πραίτωρ’
482 1201 531 1227 Ἐν
541 1200 608 1234 ἱερῷ
617 1199 724 1233 τόπιμῆ
736 1198 833 1225 ποιεῖν
844 1199 862 1233 ἧ
872 1199 936 1225 εισ-

138 1250 270 1284 πέμπειν
280 1258 306 1275 τι
316 1248 431 1283 κωλύω.
448 1247 533 1274 Τοῦτο
547 1247 610 1283 περὶ
624 1246 696 1282 ἱεροῦ
708 1246 805 1277 τόπου,
822 1245 852 1271 οὺ
871 1245 935 1279 περὶ

141 1296 257 1332 βεὸήλου
281 1296 409 1331 ἁρμόζει,
424 1295 455 1321 οὐ
470 1294 515 1321 διὰ
531 1294 561 1320 τὸ
573 1293 738 1329 κοσμεῖσθαι
759 1292 851 1325 αὐτὸν,
867 1291 936 1318 ἀλλὰ

137 1343 184 1370 διὰ
192 1343 223 1369 τὸ
236 1342 273 1378 μὴ
287 1342 465 1376 βλάπτεσθαι.
474 1341 507 1368 Ἠ
518 1341 546 1367 δὲ
564 1340 675 1376 φροντὶς
686 1339 740 1366 τῶν
753 1339 834 1374 ἱερῶν
843 1338 935 1365 τόπων

137 1390 194 1422 τοῖς
207 1389 395 1425 (φροντίζουσιν
414 1388 505 1415 αὐτῶν
527 1388 632 1423 ἀνήκει.
648 1386 685 1413 Τὸ
701 1384 724 1421 β’
734 1386 874 1420 διάταγμα
888 1384 934 1411 τοῦ

139 1436 166 1473 η’
184 1436 275 1463 τίτλου
291 1435 339 1463 τοῦ
357 1434 401 1470 μγ¹
418 1435 522 1471 βιϐλίου
542 1435 600 1461 ἐστι
618 1433 721 1469 βιόλίον
738 1431 779 1468 νη¹
796 1432 884 1463 τίτλος
898 1430 934 1466 η’,

139 1484 288 1518 κεφάλαιον
305 1481 337 1515 ε’,
352 1482 424 1517 οέμα
440 1481 486 1514 ια’,
506 1481 592 1513 οὕτως
619 1480 680 1515 ἕχον
706 1479 744 1511 ὡς
769 1479 816 1506 καὶ
841 1479 870 1505 ἐν
896 1477 936 1513 τῷ

139 1531 261 1567 κειμένῳ
278 1531 397 1566 ἐγράφη.
419 1529 456 1556 Τὸ
469 1527 494 1564 γ’
508 1529 648 1563 διάταγμα
664 1526 710 1554 τοῦ
732 1524 759 1559 ς’
776 1526 866 1553 τίτλου
887 1525 935 1552 τοῦ

141 1577 182 1612 μδ¹
197 1576 314 1612 βιῦλίου,
326 1576 384 1602 ἐστι
398 1575 500 1611 βιϐλίον
514 1573 570 1607 κζ’,
587 1573 736 1608 κεφάλαιον
752 1571 873 1606 δ’,λέγον
889 1571 936 1598 οὔ·

138 1631 194 1654 τως
206 1623 243 1654 ὼς
258 1622 368 1658 ἐγράφη
381 1622 420 1653 είς
435 1621 465 1648 τὸ
483 1621 620 1656 κείμενον.
647 1619 797 1655 Ἐρωτήσει
812 1626 864 1651 τιςν
883 1618 937 1645 Καὶ

139 1670 213 1702 τίνος
225 1669 306 1705 χάριν
324 1669 353 1696 οὺ
367 1667 503 1704 προετέῡη
519 1668 547 1694 ὲν
563 1668 620 1698 τοῖς
634 1665 790 1697 Βασιλικοῖς
806 1665 836 1692 τὸ
854 1665 937 1701 μέρος
952 1661 974 1692 C

138 1716 234 1743 τούτου
265 1716 314 1743 τοῦ
337 1715 432 1751 νόμου,
448 1716 478 1740 τὸ
491 1714 570 1748 λέγον
586 1722 593 1729 ο
612 1713 672 1740 Κᾶν
691 1712 730 1749 μὴ
750 1712 788 1743 ὡς
802 1712 935 1745 τοιοῦτον,

138 1763 245 1794 ἀλλ’ὡς
273 1761 408 1789 ἰδιωτικὸν
432 1761 498 1788 αὐτὸ
530 1760 656 1796 ἕχωμεν;
681 1758 884 1794 Ἐνομοθετήθη
907 1759 936 1785 ὲν

94 1820 103 1829 ί
139 1810 281 1845 κεφαλαίῳ
297 1808 333 1844 ιγ’
349 1808 397 1836 τοῦ
415 1807 435 1835 δ’
461 1807 553 1834 τίτλου
568 1805 614 1833 τοῦ
631 1804 657 1841 μ’
671 1805 787 1841 βιϐλίου,
806 1806 844 1841 μὴ
858 1813 935 1841 περι-

138 1856 290 1883 κόπτεσοαι
314 1854 364 1890 τὴν
380 1851 615 1888 οὑσουκαπητίαν,
634 1852 666 1878 ὲκ
690 1850 737 1878 τοῦ
765 1851 857 1878 λαὸεἰν
887 1851 932 1878 διὰ

137 1901 329 1938 παραγγελίας
356 1900 472 1936 εἴδησιν,
487 1899 530 1925 τὸν
552 1899 623 1934 καλῇ
653 1898 744 1924 πίστει
772 1897 877 1932 νομέα,
893 1898 934 1924 ὅτι

137 1948 279 1984 ἀλλότριον
293 1946 417 1982 νέμεται,
437 1945 547 1978 ’Έδοξεν
564 1942 612 1971 οὖν
639 1943 682 1970 διὰ
711 1941 791 1970 τοῦτο
816 1942 937 1970 ποιοῦντι

137 1996 188 2031 τὴν
203 1994 368 2029 ἀκάθαρσιν,
386 1993 477 2020 ἄδικον
497 1989 569 2018 εἶναι
592 1990 623 2017 τὺ
643 1989 861 2026 περικόπτεσθαι
887 1989 936 2025 τὴν

138 2042 237 2077 νομὴν,
253 2040 302 2068 τοῦ
331 2041 401 2076 καλῇ
423 2039 514 2066 πίστει
537 2038 645 2073 νομέως
657 2038 690 2064 ἐκ
703 2037 751 2064 τοῦ
768 2036 936 2072 ἀνατεθῆναι

993 280 1046 303 tam
1062 276 1131 311 legis
1143 279 1259 310 partem,
1272 282 1333 309 qua:
1350 273 1417 301 dicit
1433 282 1439 301 :
1458 273 1578 301 Tametsi
1593 281 1647 301 non
1661 274 1791 306 uttalem,

992 322 1039 350 sed
1053 323 1190 356 privatum
1207 328 1270 348 eum
1286 321 1446 347 habeamus.
1472 320 1512 347 Ac
1527 320 1630 347 idcirco
1653 320 1794 348 adhaerere

993 367 1047 395 illis
1062 367 1156 400 debes,
1169 374 1231 402 quae
1245 366 1272 393 in
1296 366 1378 393 Basil.
1406 366 1591 394 continentur.
1614 365 1752 401 Digestum
1762 366 1791 398 9,

993 415 1034 442 tit.
1045 415 1073 448 5,
1089 419 1130 442 est
1146 409 1233 451 lih./,
1266 414 1306 440 tit.
1328 413 1399 440 tertii
1423 420 1483 447 cap.
1504 413 1520 440 9
1534 421 1540 440 :
1570 412 1622 439 Per
1634 413 1792 440 diuturnam

992 463 1194 498 possessionem
1226 461 1426 495 usucapiuntur
1452 459 1519 496 [res]
1551 459 1719 494 corporales,
1745 468 1794 487 ex-

991 509 1077 544 ceptis
1102 507 1206 545 [rebus]
1223 508 1320 540 sacris,
1346 507 1461 538 sanctis,
1479 506 1605 542 publicis,
1627 506 1718 541 populi
1735 505 1792 533 Ro-

991 556 1075 587 mani,
1115 554 1267 587 civitatum,
1296 553 1359 581 item
1390 553 1484 580 liberis
1514 552 1684 580 hominibus.
1714 552 1792 588 Dige-

991 608 1064 630 stum
1082 603 1092 629 1
1109 606 1137 629 et
1160 602 1179 629 ‘2
1205 602 1246 629 tit.
1272 602 1285 628 1
1316 601 1363 629 ltb.
1393 609 1458 628 xuu
1479 600 1652 636 Digestorum
1676 606 1719 629 est
1744 601 1791 628 lib.

991 657 1069 680 Lvut,
1088 649 1129 682 tit,
1148 648 1191 681 14,
1208 656 1260 683 cap
1278 648 1307 680 2,
1326 648 1417 675 thema
1429 647 1542 682 penult:
1559 647 1693 683 Legitima
1708 649 1794 676 inter-

993 697 1067 723 dicta
1089 700 1250 730 competunt
1272 695 1356 722 divini
1380 695 1452 730 juris
1470 702 1572 727 causa,
1594 696 1667 722 sicut
1697 694 1762 732 [est]
1783 704 1791 722 :

992 741 1033 769 Ne
1049 741 1111 776 quid
1123 744 1149 768 in
1163 742 1219 769 loco
1239 750 1316 768 sacro
1326 741 1375 776 ﬁat
1391 749 1400 767 :
1419 741 1472 772 vel,
1490 741 1566 774 Quod
1575 741 1677 776 factum
1692 747 1743 776 est,
1760 748 1790 769 ut

991 790 1163 816 restituatur:
1173 794 1199 816 et
1207 788 1240 815 dc
1251 795 1355 815 mortuo
1365 787 1512 823 inferendo,
1523 789 1564 816 vel
1574 789 1694 824 sepulcro
1705 790 1791 825 aediﬁ-

990 835 1087 862 cando.
1097 835 1330 871 Digestuml_,_1i_t._
1340 834 1357 862 ϐ
1370 839 1412 862 est
1426 835 1468 873 tit.
1483 835 1517 873 l5
1526 835 1586 862 libri
1602 843 1679 868 Lvut,
1692 843 1751 871 cap.
1763 836 1791 866 1.

990 881 1064 917 quod
1083 882 1124 908 sic
1144 882 1225 909 habet
1241 891 1247 908 :
1264 881 1309 908 Ait
1325 885 1442 916 praetor:
1457 881 1491 908 In
1517 881 1575 909 loco
1596 890 1674 909 sacro
1692 882 1789 917 facere,

990 929 1048 956 inve
1063 936 1121 955 eum
1143 928 1285 955 imminere
1296 928 1360 963 quid
1369 932 1434 955 υειυ.
1451 927 1548 955 Hocde
1565 928 1626 955 loco
1635 936 1724 961 sacro,
1735 935 1790 956 non

989 974 1022 1002 de
1029 974 1145 1010 profano
1155 974 1297 1009 competit.
1311 973 1415 1010 [Neque
1429 974 1484 1001 huc
1496 973 1612 1010 spectat]
1621 982 1654 1002 ne
1662 982 1740 1002 sacer
1751 975 1792 1002 lo-

992 1029 1042 1050 cus
1050 1021 1210 1053 adornetur,
1221 1020 1266 1048 sed
1277 1028 1310 1047 ne
1319 1019 1382 1056 [illi]
1395 1025 1536 1048 noceatur.
1551 1019 1700 1048 Sacrorum
1714 1021 1791 1053 loco-

992 1075 1054 1095 rum
1061 1075 1127 1094 cura
1138 1066 1172 1093 ad
1182 1074 1228 1094 eos
1238 1067 1363 1101 pertinet,
1372 1067 1418 1101 qui
1439 1066 1484 1093 illa
1502 1071 1611 1094 curant.
1625 1066 1765 1102 Digestum
1774 1068 1791 1094 2

993 1113 1033 1140 tit.
1044 1112 1071 1146 8,
1082 1113 1129 1140 lib.
1139 1120 1217 1145 mu,
1227 1113 1320 1141 estlib.
1337 1113 1463 1144 Lviu,tit.
1478 1113 1505 1145 8,
1516 1121 1576 1148 cap.
1588 1113 1710 1143 5,thema
1721 1114 1753 1141 11
1765 1120 1792 1142 et

994 1158 1106 1193 l‘l,qua:
1115 1157 1310 1191 sichabent,ut
1324 1158 1352 1186 in
1366 1162 1442 1186 textu
1455 1158 1555 1193 scripta
1564 1163 1636 1186 sunt.
1650 1159 1789 1195 Digestum

992 1205 1055 1240 3;tit.
1063 1205 1079 1232 6
1096 1205 1273 1232 librixuvest
1285 1205 1421 1238 lib.xxvlt,
1431 1206 1524 1239 cap.9,
1533 1205 1606 1240 quod
1614 1205 1791 1241 ilicit,fquem-

992 1252 1140 1280 admodum
1162 1252 1189 1279 in
1207 1256 1281 1279 textu
1300 1252 1432 1287 scripttun
1447 1257 1500 1279 est.
1525 1251 1578 1280 Sed
1601 1252 1707 1287 rogabit
1725 1252 1794 1289 [lor-

993 1298 1078 1334 tasse]
1098 1298 1246 1333 quispiam,
1266 1298 1446 1333 quamobrem
1471 1298 1529 1325 haec
1560 1298 1628 1333 legis
1642 1306 1705 1333 pars
1731 1307 1791 1333 qua:

994 1344 1077 1372 habet
1093 1354 1099 1371 :
1113 1341 1242 1372 'Tametsi
1261 1352 1313 1371 non
1329 1348 1358 1372 ut
1375 1344 1468 1377 talem,
1490 1343 1539 1372 sed
1562 1345 1701 1379 privatum
1728 1352 1791 1372 eum

994 1391 1158 1424 habeamus,
1168 1391 1194 1417 in
1211 1391 1293 1418 Basil.
1309 1398 1365 1418 non
1380 1391 1416 1418 sit
1434 1391 1559 1426 apposita
1572 1390 1584 1417 ἱ)
1595 1390 1667 1426 Lege
1680 1396 1792 1418 cautum

991 1442 1033 1465 est
1049 1438 1075 1464 in
1091 1444 1150 1472 cap.
1168 1437 1202 1465 15
1218 1439 1257 1465 tit.
1283 1437 1300 1464 4
1320 1438 1366 1465 lib.
1396 1445 1439 1467 χι,
1461 1445 1516 1464 non
1535 1437 1625 1473 rumpi
1645 1439 1792 1473 usucapio-

993 1492 1055 1511 nem
1076 1483 1149 1516 inde,
1167 1483 1240 1519 quod
1256 1483 1334 1511 bona:
1350 1484 1411 1511 ﬁdei
1424 1491 1568 1519 possessor
1581 1491 1630 1519 per
1646 1483 1792 1512 denuntia-

994 1531 1095 1558 tionem
1116 1539 1146 1558 se
1161 1531 1249 1558 aliena
1269 1530 1409 1565 possidere
1430 1530 1576 1566 intelligat.
1597 1530 1713 1565 Propter
1740 1531 1794 1558 hoc

995 1576 1078 1612 igitur
1091 1576 1295 1612 repurgatiouis
1317 1577 1424 1604 auctori
1452 1577 1578 1612 iniquum
1611 1585 1672 1605 esse
1702 1577 1792 1605 visum

992 1628 1044 1656 est,
1061 1623 1084 1650 si
1102 1623 1182 1650 bona:
1204 1623 1266 1651 ﬁdei
1282 1623 1451 1659 possessoris
1476 1624 1616 1658 possessio
1636 1629 1794 1660 rumpatur.

989 1676 1023 1696 co
1034 1669 1109 1704 quod
1124 1668 1181 1697 Deo
1194 1675 1386 1697 consecratum
1401 1669 1448 1703 sit,
1464 1669 1537 1705 quod
1552 1670 1622 1697 bona
1637 1669 1689 1698 ﬁde
1703 1671 1795 1706 possi-

991 1715 1046 1742 det.
1073 1715 1203 1750 Atque(id
1226 1715 1336 1751 quidem
1350 1716 1449 1752 multo)
1471 1716 1560 1750 magis
1587 1715 1724 1753 [iniquum
1753 1718 1796 1744 vi—

991 1768 1052 1788 sum
1064 1760 1128 1797 est].
1138 1761 1161 1789 si
1176 1769 1209 1788 ex
1220 1761 1314 1796 judice
1327 1762 1378 1789 hoe
1393 1769 1448 1788 non
1463 1761 1638 1795 intellexerit,
1662 1767 1689 1789 et
1710 1764 1791 1798 quasi

992 1808 1129 1843 privatum
1142 1807 1207 1834 illud
1222 1808 1385 1842 possederit,
1402 1806 1577 1844 [Ac]propter
1593 1808 1644 1835 hoc
1655 1807 1790 1845 [quidem]

991 1852 1059 1888 legis
1070 1852 1127 1888 [ea)
1148 1860 1212 1887 pars
1227 1860 1288 1887 qua:
1305 1852 1386 1879 habet
1401 1861 1407 1879 :
1423 1851 1546 1891 Tametsi
1557 1859 1613 1880 non
1626 1857 1656 1880 ut
1669 1859 1791 1885 sacrum,

990 1898 1036 1925 sed
1054 1903 1082 1925 ut
1097 1899 1235 1933 privatum
1252 1905 1314 1925 ettm
1325 1898 1516 1932 possideamus
1527 1907 1534 1924 :
1545 1906 1598 1925 non
1612 1903 1653 1925 est
1664 1903 1785 1933 recepta.

987 1945 1087 1973 Sancta
1097 1954 1161 1973 vero
1178 1946 1263 1973 hicne
1275 1946 1380 1981 privata
1393 1950 1487 1973 sancta
1499 1945 1600 1973 dixeris
1614 1946 1793 1980 :sedimonu-

988 1997 1088 2024 menta,
1103 2000 1165 2027 qua:
1177 1992 1259 2019 etiam
1280 1992 1404 2027 religiosa
1423 1991 1563 2018 dicuntur.
1583 1990 1693 2018 Privata
1711 1991 1785 2018 enim

987 2043 1091 2072 sant-ta,
1102 2040 1159 2066 sive
1179 2047 1231 2065 non
1244 2034 1542 2069 consecrata,dominio
1551 2037 1743 2072 subjiciuntur.

136 2090 177 2125 τῷ
190 2090 250 2124 Θεῷ
261 2090 293 2116 τὸ
311 2090 388 2125 παρὰ
401 2088 449 2115 τοῦ
473 2087 543 2122 καλῇ
569 2086 662 2112 πίστει
695 2083 801 2119 νομέως
842 2084 999 2120 νεμόμενον,
1036 2087 1084 2113 καὶ
1115 2086 1216 2122 μᾶλλον
1249 2086 1273 2112 εἰ
1300 2085 1368 2121 μηδὲ
1400 2085 1449 2120 τὴν
1470 2085 1535 2120 περὶ
1569 2084 1666 2111 τούτου
1686 2084 1794 2119 εἴδησιν

137 2131 235 2163 ἔλαϐεν
265 2135 320 2163 ἀπὸ
346 2135 394 2162 τοῦ
416 2132 607 2170 δικαστηρίου,
633 2131 722 2162 ἄλλως
745 2130 878 2158 ἰδιωτικὸν
893 2131 960 2159 αὐτὸ
978 2132 1090 2169 ἐνέμετό
1105 2141 1111 2148 ·
1129 2133 1222 2160 διάτοι
1240 2132 1319 2159 τοῦτο
1334 2133 1364 2159 τὸ
1379 2133 1462 2168 μέρος
1477 2131 1526 2159 τοῦ
1536 2132 1621 2167 νόμου
1634 2131 1665 2158 τὸ
1697 2131 1790 2165 λέγον,

137 2182 199 2209 Κᾶν
217 2182 255 2218 μὴ
268 2182 305 2213 ὡς
322 2182 405 2217 ἱερὴν,
421 2180 509 2212 ἄλλως
534 2178 670 2206 ἰδιωτικὸν
685 2177 767 2204 αὑτὸν
786 2177 938 2214 νεμόμεθα,
963 2179 1014 2206 οὐκ
1034 2179 1131 2216 ἐδέχθη
1147 2179 1231 2214 ’Ἅγια
1244 2179 1362 2207 ἐνταῦθα
1373 2179 1411 2215 μὴ
1421 2179 1455 2206 τὰ
1469 2179 1593 2206 ἰδιωτικὰ
1613 2178 1679 2212 ἆγια
1695 2178 1790 2214 είπῃς,

137 2228 208 2258 ἀλλὰ
228 2229 264 2256 τὰ
279 2229 412 2265 μνημεῖα,
431 2227 464 2254 τὰ
479 2226 527 2253 καὶ
548 2225 710 2261 ρελεγιόσσα
732 2223 879 2260 λεγόμενα,
900 2226 934 2253 τὰ
954 2226 1008 2263 γὰρ
1025 2226 1148 2254 ἰδιωτικὰ
1170 2227 1247 2262 διγια,
1262 2227 1299 2260 ὡς
1314 2227 1349 2254 τὰ
1366 2227 1404 2263 μὴ
1429 2226 1577 2262 ἱερωθέντα
1600 2225 1791 2257 δεσπόζονται.
1839 2237 1843 2240 ”

174 2276 332 2310 Κείμενον.
353 2272 460 2300 Βιϐλίον
481 2270 533 2308 με’,
549 2271 603 2298 τίτ.
629 2270 665 2306 α’,
687 2271 759 2298 διάτ.
778 2270 829 2308 λη’,
839 2272 936 2304 Καλῶς

1027 2272 1136 2300 Textus.
1154 2273 1214 2302 Lib.
1224 2282 1286 2306 XLV,
1303 2274 1344 2301 lit.
1357 2274 1382 2307 1,
1396 2274 1493 2309 digest.
1507 2272 1541 2300 58
1561 2285 1566 2300 ;
1585 2272 1668 2301 Recte
1684 2273 1734 2301 abs
1750 2277 1790 2308 te,

137 2321 270 2359 ἐπερωτῶ
284 2329 314 2348 σε
330 2329 359 2347 κ.
377 2328 404 2347 τ.
424 2319 450 2346 λ.
467 2325 554 2354 usque
570 2317 605 2345 ad
618 2317 648 2344 τὸ
662 2317 766 2345 δίκαιον
774 2317 869 2345 αὑτοῦ.

173 2369 316 2404 Σχόλιον.
334 2368 371 2394 Τὸ
385 2366 426 2402 λη’
442 2367 583 2403 διάταγμα
602 2366 650 2393 τοῦ
669 2365 692 2394 α’
708 2366 800 2393 τίτλου
818 2366 866 2394 τοῦ
895 2365 936 2403 με’

139 2416 256 2451 βιὸλίου,
271 2414 330 2441 ἐστι
349 2414 454 2450 βιϐλίον
472 2412 532 2449 μγ’,
547 2413 600 2441 τίτ.
615 2412 657 2446 α’,
674 2421 738 2448 κεφ.
752 2412 796 2445 ιζ’,
815 2412 888 2449 Θέμα
903 2412 935 2446 ε’,

137 2461 225 2493 οὕτως
233 2460 306 2496 ἔχον,
315 2459 415 2492 Καλῶς
430 2459 561 2495 ἐπερωτῶ
573 2468 602 2486 σε
615 2460 753 2496 παριστᾷν
767 2459 838 2491 τόδε,
851 2460 867 2495 ἢ
881 2459 938 2486 κτί-

138 2507 197 2541 ζειν
213 2507 311 2544 ίερὸνῆ
325 2507 459 2543 μνημείου
469 2507 562 2533 τόπον.
577 2506 633 2533 Καὶ
646 2507 662 2541 ἡ
679 2506 725 2532 ἐπὶ
737 2506 792 2532 τῶν
807 2505 936 2532 τοιούτοιν

138 2555 196 2590 γὰρ
212 2555 304 2581 τόπων
319 2553 455 2589 μίσθωσις
471 2553 604 2589 ἕρῤωται.
624 2553 681 2580 Καὶ
693 2553 724 2579 τὸ
736 2551 784 2586 πγ¹
797 2552 936 2587 διάταγμα

136 2600 234 2627 τούτου
257 2600 318 2626 ἐστὶ
344 2598 446 2634 βιϐλίον
469 2598 525 2634 μγ’,
543 2598 632 2630 τίτλος
648 2597 683 2632 α’,
716 2598 863 2633 κεφάλαιον
879 2596 936 2632 πγ’,

139 2647 213 2683 θέμα
228 2645 260 2673 δ’·
274 2645 345 2673 υῦτε
358 2646 442 2681 ἱερὸν,
457 2645 519 2672 οὔτε
535 2644 670 2680 μνημείου
687 2645 815 2680 πρᾶγμα,
829 2644 892 2671 οὗτε
907 2644 937 2671 τὸ

136 2693 271 2730 διηνεκῶς
295 2694 328 2729 τῇ
357 2692 477 2728 δημοσίᾳ
496 2693 595 2727 χρήσει
622 2691 780 2726 ἀεξορισῦὲν,
793 2692 937 2727 ἐπερωτᾷν

136 2741 275 2776 δύναμαι⁹
291 2739 354 2766 οὔτε
368 2740 414 2766 τὸν
430 2738 575 2774 ἐλεύθερον
592 2737 748 2772 ἄνθρωπον,
775 2738 829 2764 κᾶν
844 2738 867 2764 εί
890 2737 935 2764 δύ-

136 2796 219 2816 ναται
244 2786 338 2818 δοῦλος
352 2787 366 2813 ὀ
385 2785 529 2821 ἐλεύθερος
546 2784 686 2818 γενέσθαι,
702 2784 751 2811 καὶ
767 2785 781 2811 ό
800 2784 873 2820 ἱερὸς
893 2784 908 2819 ἦ
923 2785 938 2811 ὁ

136 2834 269 2870 δημόσιος
283 2833 428 2865 ίδιωτικός.
442 2832 474 2858 Εἰ
489 2832 544 2867 γὰρ
557 2831 603 2858 καὶ
621 2831 754 2858 ἰδιωτικὸν
768 2830 938 2866 ὲπερωτηθῶ

138 2880 235 2913 τόπον,
247 2880 264 2915 ἢ
279 2879 376 2907 δοῦλον
397 2879 446 2905 καὶ
464 2877 557 2912 συμϐῇ
572 2877 617 2904 τὸν
634 2878 718 2903 τόπον
733 2876 937 2912 καθιερωθῆναι

141 2926 218 2963 ἢτὺν
247 2925 340 2953 δοῦλον
367 2923 586 2960 ὲλευοερωοῆναι
602 2924 685 2960 χωρὶς
705 2923 781 2951 δόλον
797 2932 847 2958 μου
861 2923 936 2951 ἐλευ-

989 2325 1147 2355 elc.,ttsque
1156 2320 1191 2347 ad
1207 2321 1252 2356 jus
1264 2325 1395 2354 mutetur,
1412 2326 1439 2347 ut
1454 2328 1516 2356 pag.
1528 2320 1592 2348 567.

1026 2364 1171 2393 Sclwlium.
1192 2366 1252 2401 Dig.
1271 2367 1306 2394 58
1332 2367 1373 2395 tit.
1405 2367 1417 2394 1
1433 2368 1479 2394 lib.
1498 2374 1560 2399 XLV,
1583 2370 1625 2394 est
1641 2366 1692 2394 lib.
1709 2375 1789 2400 XLIII,

989 2413 1021 2441 tit
1037 2414 1134 2449 Lcap.
1145 2414 1189 2447 17,
1200 2413 1289 2441 thema
1299 2414 1326 2447 5,
1342 2414 1414 2449 quod
1432 2413 1472 2441 sic
1486 2413 1569 2440 habet
1583 2422 1590 2440 :
1607 2413 1691 2441 Recte
1701 2414 1789 2449 stipu-

988 2459 1030 2486 lor
1044 2459 1093 2486 abs
1109 2464 1145 2492 te,
1166 2463 1194 2486 ut
1212 2459 1287 2486 illum
1309 2459 1401 2492 sistas,
1426 2463 1473 2486 aut
1491 2457 1600 2494 |zedem]
1622 2465 1729 2486 sacram
1746 2459 1787 2485 vel

989 2505 1079 2532 locum
1115 2504 1272 2539 religiosum
1303 2505 1430 2532 wdiliees.
1459 2503 1526 2531 Nam
1560 2509 1588 2531 et
1622 2504 1650 2531 in
1684 2504 1787 2532 istius-

989 2552 1062 2579 modi
1082 2552 1150 2579 locis
1170 2552 1269 2579 locatio
1281 2552 1360 2579 valet.
1398 2550 1430 2579 Et
1449 2551 1485 2579 85
1509 2551 1607 2586 digest.
1631 2551 1643 2578 1
1670 2551 1711 2579 tit.
1735 2559 1785 2578 λιν

988 2598 1035 2626 lib.
1051 2602 1093 2626 est
1118 2598 1166 2625 lib.
1186 2605 1263 2630 mu,
1283 2598 1325 2625 tit.
1344 2598 1371 2631 1,
1386 2606 1445 2633 cap.
1461 2598 1505 2629 83,
1529 2599 1621 2626 thema
1640 2599 1657 2626 4
1672 2597 1787 2633 :Neque

989 2653 1045 2673 rem
1060 2653 1178 2677 sacrant,
1195 2653 1284 2680 neque
1303 2645 1469 2680 religiosam,
1485 2653 1574 2680 neque
1598 2645 1715 2680 publicis
1729 2645 1786 2672 nsi-

989 2692 1040 2719 bus
1062 2692 1089 2718 in
1117 2696 1278 2726 perpetuum
1307 2696 1475 2727 scgregatant
1508 2691 1634 2726 stipulari
1658 2699 1785 2726 possunt.

987 2738 1082 2773 Neque
1103 2738 1180 2774 [vero
1198 2738 1293 2774 etiam]
1311 2738 1449 2765 hominem
1466 2738 1594 2770 liberum,
1619 2737 1729 2765 tametsi
1751 2746 1785 2765 ex

988 2784 1075 2812 libero
1091 2792 1200 2817 servus,
1219 2790 1247 2812 et
1268 2792 1312 2812 res
1336 2791 1415 2812 sacra
1436 2784 1588 2819 publicave,
1609 2784 1715 2819 privata
1728 2785 1785 2812 lieri

989 2831 1088 2866 possit.
1101 2829 1169 2857 Nam
1188 2831 1250 2858 licet
1261 2831 1352 2858 locum
1372 2830 1516 2865 profanant
1531 2834 1578 2857 aut
1600 2837 1709 2857 sert‘um
1727 2838 1787 2865 pro-

989 2878 1100 2910 misero,
1121 2886 1152 2905 ac
1167 2877 1256 2905 locum
1271 2879 1331 2906 sine
1346 2884 1407 2904 meo
1420 2877 1483 2904 dolo
1503 2877 1659 2904 consecrari
1673 2877 1784 2905 contin-

989 2929 1044 2961 gat,
1064 2924 1179 2958 liberer;
1194 2931 1243 2952 nec
1258 2924 1284 2951 in
1302 2923 1496 2958 obligatione")
1512 2931 1636 2957 revocor,
1649 2923 1672 2952 si
1688 2931 1786 2952 rursus
