1946 3076
187 188 258 221 1039

766 185 899 218 PHOTII
918 186 1172 217 PATRIARCHIE
1191 186 1247 218 (ΖΡ.

1768 186 1827 221 1οω

192 245 253 281 lege
269 242 361 279 aliqua
376 242 454 271 locus
469 242 614 279 profanus,
627 245 675 270 aut
694 241 803 278 [homo]
816 242 885 269 liber
896 248 981 268 servu:

1044 240 1188 277 θεροῦμαι,
1218 241 1266 268 καὶ¹
1288 242 1314 269 εί
1340 241 1434 278 συμϐῇ
1450 240 1482 268 ἐκ
1498 248 1572 273 τινος
1597 239 1682 277 νόμου
1706 241 1780 270 πάλιν
1799 252 1814 271 τ

196 298 259 319 esse
268 289 391 325 coeperit.
401 289 435 317 Et
446 289 536 317 thema
546 289 562 317 7
571 288 694 325 ejusdem
703 287 812 323 capitis,
822 287 895 323 quod
907 286 991 315 dicit:

197 335 368 374 [Hominem]
383 335 499 363 liberum
513 334 640 371 stipulari
657 341 711 362 non
729 341 842 370 possum
858 334 909 362 sub
927 337 993 361 con‘

193 383 309 416 ditione,
334 382 445 418 quando
462 389 558 410 servus
572 380 686 409 ell‘ectus
696 381 749 408 erit
766 387 877 414 :nequc
897 381 988 407 locum

190 436 315 462 sacrum,
332 427 541 463 religiosumvc,
566 426 677 462 quando
697 425 829 462 profanus
845 424 933 461 [erit]:
947 423 993 452 llla

190 476 265 505 enim
279 473 438 511 [duntaxat]
451 473 575 509 stipulari
601 480 761 509 possumus,
781 479 843 508 quae
869 477 993 507 tempore

190 521 375 558 stipulationis
392 520 491 556 subjici
511 520 606 548 usibus
625 519 801 554 dominioque
821 523 916 546 nostro
929 525 993 553 pos-

188 574 262 598 sunt.
289 568 428 603 Digestum
446 567 534 595 illest
561 566 608 594 lib.
627 573 705 599 xm,
733 565 775 593 tit.
804 565 829 598 l,
858 572 918 598 cap.
946 564 991 606 9i,

188 616 281 644 thema
305 616 334 648 2,
356 615 428 651 quod
462 614 557 642 eadem
579 613 665 641 ferme
687 611 904 648 comprehendit,
931 618 993 646 qum

187 661 345 697 patriarcha
370 660 457 687 fusius
474 659 593 694 scripsit.
622 658 760 693 Digeslum
777 657 827 685 157
846 661 889 684 est
914 656 991 691 ejus-

188 708 250 735 dem
266 714 315 735 LUI
348 706 395 734 lib.
412 710 439 733 et
451 705 492 733 tit.
510 712 570 740 cap.
590 704 651 737 157,
684 704 774 731 thema
790 703 817 735 4,
836 703 910 738 quod
931 702 988 730 ait:

192 753 314 781 lnvalide
341 752 457 788 stipulor
482 752 533 779 sub
568 750 734 783 conditione,
754 757 815 785 quae
849 749 907 783 lege
928 756 991 784 pro-

188 800 276 828 hibita
297 803 339 827 est
356 808 363 826 ς
387 798 490 826 veluti:
505 797 589 825 Dabis
608 797 631 824 si
646 796 739 824 Petrus
752 804 806 823 rem
817 803 932 828 sacram,
950 797 990 822 uel

192 847 357 882 religiosam,
381 845 421 873 vel
439 844 552 879 publicis
572 843 663 871 usibus
679 843 707 870 in
727 847 882 878 perpetuum
900 849 990 877 segre-

189 899 282 930 galam
309 890 611 920 vendideritiTametsi
637 890 695 917 ﬁeri
720 893 819 925 potest,
839 893 869 917 ut
894 896 989 916 earum

1047 287 1130 314 τόπον
1153 287 1300 322 ἰδιωτικὸν,
1318 289 1336 324 ἢ
1354 288 1400 316 τὸν
1423 287 1568 323 ἐλεύθερον
1597 286 1689 314 δοῦλον
1712 289 1827 322 γενέσθαι

1045 334 1097 361 οὐκ
1127 335 1269 371 ὲνέχομαι.
1283 335 1341 362 Καὶ¹
1372 335 1445 370 θέμα
1469 332 1492 367 ζ’
1519 333 1567 361 τοῦ
1591 333 1676 361 αὐτοῦ
1694 335 1827 370 κεφαλαίου

1045 380 1142 416 λέγον·
1164 381 1216 409 Τὸν
1229 381 1372 416 ἐλεύθερον
1384 380 1414 407 οὑ
1430 376 1549 416 δύναμαι
1561 380 1702 417 ἐπερωτᾷν
1721 381 1770 408 ὑπὸ
1791 381 1829 409 αἶ-

1047 436 1122 464 ρεσιν
1149 427 1200 464 τὴν
1227 427 1272 455 ὅτε
1292 427 1386 459 δοῦλος
1400 426 1516 462 γένηται
1533 425 1596 453 οὔτε
1607 426 1638 453 τὸ
1657 426 1755 462 ιερὺνῆ
1770 435 1830 462 μνη-

1046 475 1122 510 μεῖον
1149 474 1194 502 ὅτε
1234 473 1369 508 γένωνται
1401 473 1535 500 ἰδιωτικὰ.
1569 472 1678 500 Ἐκεῖνα
1707 471 1758 508 γὰρ
1784 473 1829 500 ἑπ-

1044 520 1151 556 ερωτᾷν
1186 519 1338 555 δυνάμεθα,
1354 519 1417 547 ὅσον
1449 519 1520 546 κατὰ
1534 518 1581 545 τὸν
1603 518 1698 554 καιρὸν
1720 520 1767 555 τῆς
1785 521 1831 546 s1:-

1044 567 1216 602 ερωτήσεως,
1232 566 1283 600 τῆς
1293 566 1429 602 χρήσεως,
1443 565 1492 593 καὶ
1506 565 1558 601 τῆς
1581 565 1741 598 δεσποτείας
1758 565 1830 601 ἡμῶν

1043 613 1171 648 γενέσθαι
1187 613 1310 640 δύναται.
1330 612 1367 640 Τὸ
1382 611 1426 646 ιια’
1439 612 1579 648 διάταγμά
1594 613 1653 639 ἐστι
1669 611 1768 647 βιϐλίον
1781 609 1830 647 μγ⁸,

1042 660 1096 687 τιτ.
1121 658 1156 693 α’,
1176 652 1327 694 κεφάλαιον
1354 658 1409 693 ια’,
1431 659 1504 695 θέμα
1534 658 1568 695 β’,
1598 658 1633 685 τὰ
1659 658 1728 685 αὐτὰ
1748 658 1832 693 σχεδὸν

1042 706 1227 742 διαλαμϐάνον
1254 707 1305 733 ὅσα
1331 707 1379 733 καὶ
1412 707 1426 733 ὁ
1459 705 1635 742 πατριάρχης
1659 712 1835 740 περιφραστι-

1043 752 1099 784 κῶς
1127 751 1242 788 ἔγραψε.
1269 752 1306 779 Τὸ
1339 751 1394 788 ρλζ¹
1417 752 1567 787 διάταγμα,
1597 751 1657 778 ἐστι
1679 750 1724 778 τοῦ
1740 749 1834 786 μγ¹βι-

1047 798 1122 826 ϐλίου
1136 798 1184 826 καὶ
1198 798 1301 832 τίτλου,
1314 798 1465 834 κεφαλαίου
1480 797 1547 834 ρλζ¹,
1566 797 1685 833 θέματος
1697 796 1734 831 δ’,
1751 798 1836 831 λέγον·

1051 844 1220 880 Ἀνισχύρως
1231 842 1415 880 ὲπερωτῶμαι
1430 845 1494 880 περὶ
1507 845 1613 880 αἵρεσιν
1633 843 1686 870 ὑπδ
1697 843 1744 870 τοῦ
1759 843 1837 878 νόμον

1043 890 1254 926 κεκωλυμένην,
1269 887 1326 918 οἷον
1342 890 1435 923 Δίδως
1453 891 1508 918 ἐὰν
1522 889 1636 925 Πέτρος
1650 889 1792 924 πωλήσῃ,
1808 889 1839 916 τὸ

190 947 283 968 rerum
298 939 344 974 jus
371 943 504 966 mutetur.
514 937 588 965 idem
610 934 686 972 [est,]
702 935 726 963 si
737 934 859 962 conditio
886 938 981 962 natura

1044 936 1133 971 ίερύν,
1144 937 1164 971 ἣ
1175 936 1209 964 τὸ
1216 936 1365 972 μνημεῖον
1376 937 1396 972 ἢ
1407 937 1441 964 τὸ
1449 937 1488 972 τῇ
1498 937 1631 973 δημοσίᾳ
1642 937 1749 972 χρήσει
1759 937 1835 971 ἀφω-

189 985 370 1022 impossibilis
384 985 429 1013 sit.
447 983 560 1012 Locatio
569 988 660 1011 autem
673 982 706 1009 de
722 989 800 1009 sacra
822 980 904 1017 [uade]
918 981 990 1009 valet

189 1040 251 1069 quae
265 1032 299 1060 de
314 1039 346 1059 ea
363 1031 533 1064 aediﬁcanda,
550 1037 606 1057 non
626 1033 715 1056 autem
730 1026 769 1064 [in
786 1026 917 1063 locatum]
931 1031 986 1055 tra—

193 1079 294 1112 denda,
311 1082 353 1106 est
368 1078 446 1105 inita.
462 1076 491 1104 Si
508 1075 569 1112 quis
582 1075 655 1103 enim
668 1074 867 1102 monasterium
880 1073 984 1102 condu-

185 1126 267 1159 xerit,
284 1133 342 1154 non
360 1124 442 1152 modo
461 1130 517 1151 non
536 1129 571 1151 ex
587 1121 779 1154 conductione,
792 1120 923 1156 tumjure
935 1120 983 1148 de-

184 1173 282 1201 stituta
298 1192 306 1206 ,
329 1174 389 1199 tum
411 1169 546 1202 invalida',
572 1168 717 1196 utilitatem
745 1167 866 1200 sentiet,
887 1174 982 1194 verum

183 1218 266 1247 etiam
288 1217 429 1253 punietur.
445 1215 498 1249 Qui
517 1215 591 1243 enim
612 1214 778 1246 conducunt,
806 1220 838 1241 ac
861 1212 982 1240 interve-

184 1264 324 1293 nientibus
339 1262 426 1298 pactis
442 1261 599 1297 suscipiunt
615 1259 795 1291 monasteria,
810 1263 842 1286 ut
859 1259 905 1294 qui
919 1258 983 1294 jure

184 1311 372 1347 improbatum
389 1312 563 1336 contractum
581 1306 704 1339 inierint,
721 1305 769 1333 Dei
780 1305 903 1341 legisque
916 1312 982 1333 con-

183 1356 389 1386 demnationem
417 1358 571 1382 metuunto.

1041 982 1203 1017 ρισμένον,
1220 983 1244 1010 ει
1260 983 1308 1010 καὶ
1321 983 1436 1010 δυνατόν
1446 984 1504 1010 ἐστι
1516 983 1547 1010 τὸ
1562 983 1669 1010 δίκαιον
1685 982 1739 1009 τῶν
1750 981 1837 1008 τοιούο

1039 1037 1094 1056 των
1109 1029 1292 1065 ἐναλλαγῆναι
1307 1029 1492 1065 πραγμάτων·
1511 1029 1548 1056 Τὸ
1562 1029 1631 1056 αὐτὸ
1649 1028 1703 1056 κᾶν
1717 1029 1750 1065 τῇ
1765 1027 1841 1063 φύσει

1038 1075 1168 1107 ἀδύνατός
1184 1076 1259 1103 ἐστιν
1272 1077 1290 1111 ἡ
1319 1076 1436 1111 αἵρεσις.
1449 1076 1621 1112 Σημείωσαι·
1637 1075 1773 1111 μίσθωσις
1785 1074 1812 1101 δὲ
1825 1075 1841 1110 ἠ

1037 1121 1084 1148 ἐπὶ
1097 1121 1137 1156 τῷ
1150 1121 1216 1157 ἱερῷ
1228 1121 1359 1158 ἔρρωται,
1375 1121 1392 1158 ἢ
1408 1123 1530 1149 συστᾶσα
1542 1122 1624 1158 χάριν
1638 1122 1689 1149 τοῦ
1702 1121 1842 1156 κτισθῆναι

1035 1167 1066 1195 τδ
1078 1167 1200 1204 ἱερὸν,οὑ
1213 1169 1268 1204 μὴν
1284 1169 1301 1204 ἡ
1317 1168 1365 1195 ἐπὶ
1376 1169 1481 1196 ἐκδόσει
1491 1168 1539 1195 τοῦ
1558 1167 1647 1204 ίεροῦ·
1669 1168 1720 1195 ἐὰν
1730 1167 1786 1203 γάρ
1799 1174 1838 1198 τις

1036 1214 1186 1249 ὲκλάῦηται
1201 1215 1375 1250 μισθωτικῶς
1404 1216 1600 1251 μοναστήριον,
1621 1215 1656 1242 οὐ
1687 1214 1768 1249 μόνον
1794 1213 1842 1240 οὐκ

1037 1260 1253 1297 ὠφεληθήσεται
1268 1262 1323 1289 ἀπὸ
1332 1263 1384 1298 τῆς
1397 1261 1556 1297 μισθώσεως
1568 1261 1609 1294 ὡς
1620 1260 1711 1296 οὔσης
1727 1258 1845 1296 παρανό-

1037 1316 1090 1343 μου
1117 1307 1167 1334 καὶ
1182 1308 1342 1344 άνισχύρου,
1355 1308 1481 1336 ἀλλὰκαὶ
1492 1307 1712 1343 κολασθήσεται.
1744 1307 1776 1334 Οῑ
1791 1305 1843 1342 γὰρ

1038 1353 1213 1390 μισθούμενοι
1225 1355 1273 1381 καὶ
1286 1354 1312 1381 οἱ
1330 1354 1508 1390 πακτωτικῆς
1521 1353 1770 1390 ὲκλαμὸανόμενοι
1797 1359 1830 1388 μο

182 1404 327 1440 ναστήρια,
353 1402 392 1434 ὡς
420 1401 578 1438 παράνομον
590 1400 768 1436 συνάλλαγμα
791 1400 987 1435 πεποιηκότες,
1006 1401 1207 1438 ὕφοράσθωσαν
1225 1402 1276 1439 τὴν
1295 1402 1351 1430 ἀπὸ
1389 1402 1437 1430 τοῦ
1455 1402 1524 1429 Θεοῦ
1539 1402 1589 1429 καὶ¹
1613 1402 1667 1430 τοῦ
1689 1403 1775 1438 νόμου
1798 1408 1844 1433 κα,

182 1454 321 1489 τάκρισιν.

222 1512 333 1540 Textus.
346 1510 408 1539 Lib.
417 1517 504 1544 xavu,
524 1508 568 1537 tit.
582 1508 629 1541 2‘2,
644 1508 723 1537 etlib.
737 1516 803 1543 Lvn,
819 1509 862 1538 tit.
874 1509 903 1543 4,
921 1509 982 1546 Dig.

185 1559 239 1594 Qui
254 1567 316 1587 eum
334 1557 420 1586 armis
436 1561 504 1590 etc.,
520 1564 601 1592 usque
613 1556 648 1584 ad
664 1564 718 1584 non
735 1560 800 1584 sunt
817 1556 937 1592 publica,
954 1561 986 1584 ut

184 1614 246 1642 pag.
263 1605 326 1633 570.

1072 1510 1229 1545 Κείμενον.
1257 1510 1317 1539 Βιὸ.
1334 1509 1390 1547 μζ’,
1422 1510 1476 1540 τίτ.
1495 1509 1550 1546 κβ’,
1579 1509 1660 1539 διάτ.
1678 1509 1715 1546 β’,
1733 1518 1761 1538 κ.
1778 1517 1804 1537 τ.
1819 1509 1844 1537 λ·

1037 1564 1126 1592 usque
1140 1557 1176 1585 ad
1192 1557 1243 1584 οὐκ
1256 1557 1311 1584 elei.
1328 1557 1457 1594 δημόσια.

223 1631 371 1679 ἔειῖόιὲπᾷηι.
401 1648 542 1685 Digestum
565 1647 583 1675 2
611 1648 653 1676 tit.
691 1647 728 1675 22
761 1647 810 1676 lib.
844 1656 919 1676 xum
941 1653 981 1677 est

1074 1653 1215 1687 Σχόλιον.
1241 1653 1279 1681 Τὸ
1313 1651 1336 1689 β’
1362 1653 1503 1689 διάταγμα
1527 1653 1577 1681 τοῦ
1608 1654 1657 1691 κβ¹
1689 1655 1784 1683 τίτλου
1805 1654 1851 1683 τοῦ

186 1698 236 1727 lib.
253 1706 298 1731 1.x,
316 1697 359 1724 tit.
373 1696 420 1729 '52,
436 1704 497 1731 cap.
508 1695 527 1722 2
541 1705 548 1723 :
564 1695 696 1733 Quisquis
708 1700 805 1723 contra
820 1696 906 1731 legem
925 1696 983 1724 col-

187 1743 290 1779 legium
305 1741 412 1775 fecerit,
430 1745 539 1768 tenetur
553 1748 585 1768 ea
610 1748 702 1776 poena,
718 1748 772 1776 qua
788 1740 927 1777 [tenentur
941 1740 981 1778 hi]

187 1790 312 1826 quicum
332 1787 418 1815 armis
432 1787 523 1814 locum
540 1787 680 1822 publicum
700 1787 742 1814 vel
767 1795 877 1815 sacrum
898 1795 983 1816 occu-

188 1841 267 1871 pant.
294 1833 435 1869 Digestum
464 1832 492 1865 1,
521 1832 563 1860 lit.
585 1832 614 1865 ι,
644 1833 691 1860 lib.
715 1840 800 1861 XLvui
815 1833 919 1868 Digest.
941 1838 985 1863 est

186 1882 237 1909 lib.
254 1888 300 1913 ιι,
318 1881 360 1907 tit.
377 1878 421 1910 56,
437 1886 499 1913 cap.
514 1878 527 1905 1
547 1887 554 1905 :
581 1877 636 1906 Lex
652 1878 686 1906 de
714 1877 890 1916 [majestatis]
914 1880 982 1908 insi-

186 1926 340 1954 diatoribus
356 1924 455 1951 similis
471 1928 512 1951 est
528 1922 595 1958 legis
611 1924 644 1950 de
655 1924 810 1959 sacrilegio.
826 1924 860 1952 Et
874 1930 982 1953 tenetur

186 1973 245 2006 illa,
271 1971 319 2005 qui
350 1971 486 1998 adversus
509 1970 641 2005 populum
669 1969 824 1998 lloutanum
851 1970 979 2008 [aliquid]

185 2017 334 2047 commisit.
349 2016 381 2044 Et
393 2016 440 2052 qui
456 2015 519 2043 dolo
531 2014 627 2052 [malo]
645 2015 743 2049 ell'ecit,
759 2021 789 2045 ut
812 2017 922 2046 obsides
938 2019 981 2046 in-

184 2066 264 2101 jussu
289 2063 421 2100 principis
443 2062 656 2090 interciderint:
676 2068 705 2091 ut
728 2065 827 2092 armati
854 2064 980 2094 homines

186 2113 213 2139 in
231 2110 300 2138 urbe
313 2110 445 2137 adversus
458 2108 554 2136 urbem
569 2108 634 2142 sint,
651 2113 680 2136 ut
693 2109 770 2137 locus
787 2109 912 2147 [aliquis]
931 2116 979 2139 aut

185 2157 286 2192 templa
312 2160 456 2191 occupata.
480 2155 523 2182 vel
549 2155 695 2184 seditiosus
718 2162 871 2185 conventus
889 2156 978 2186 factus

185 2205 222 2233 sit
238 2214 244 2232 :
261 2208 290 2231 ut
313 2203 492 2239 magistratus
510 2203 700 2238 _occideretur.
726 2203 758 2230 Et
782 2205 828 2239 qui
851 2205 978 2234 hostibus

184 2253 313 2277 nuntium
338 2254 387 2276 aut
413 2249 519 2276 litteras
537 2248 622 2280 misit,
649 2248 793 2284 signumve
818 2249 901 2283 dedit,
930 2255 978 2278 aut

1039 1697 1082 1734 μζ*
1098 1698 1202 1734 βιϐλίου
1218 1699 1276 1726 ἐστὶ
1291 1699 1392 1735 βιβλίον
1416 1698 1447 1734 ξ’,
1464 1699 1553 1732 τίτλος
1567 1700 1624 1737 λβ’,
1645 1702 1801 1738 κεφάλαιον
1818 1701 1850 1737 ﬂ"

1044 1745 1073 1771 '0
1090 1746 1250 1781 παράνομον
1276 1746 1363 1773 ποιῶν
1391 1745 1530 1782 σύστημα,
1547 1748 1584 1783 τῇ
1619 1749 1700 1777 κατὰ
1716 1749 1776 1776 τῶν
1806 1748 1853 1776 σὺν

1037 1792 1130 1826 ὅπλοις
1144 1794 1227 1820 τόπον
1243 1793 1385 1829 δημόσιον,
1403 1793 1420 1829 ἢ
1434 1793 1507 1829 ἱερὸν
1527 1796 1729 1831 κατεχόντων,
1742 1796 1854 1823 ὑπόκει-

1037 1848 1084 1867 ται
1111 1840 1203 1876 ποινῇ.
1218 1839 1255 1866 Τὸ
1270 1839 1296 1866 α’
1316 1839 1467 1875 διάταγμα,
1482 1839 1531 1866 τοῦ
1559 1839 1584 1867 δ’
1601 1841 1716 1877 τίτλου,
1729 1842 1780 1870 τοῦ
1811 1840 1856 1878 μη⁹

1038 1884 1142 1920 βιϐλίου
1173 1884 1228 1912 τῶν
1245 1884 1410 1917 Διατάξεων,
1428 1884 1486 1911 ἔστι
1512 1884 1623 1920 βιϐλίον
1642 1885 1666 1919 ξ’
1679 1886 1775 1920 τίτλος
1797 1884 1854 1919 λς’.

1038 1931 1185 1967 κεφάλαιον
1206 1931 1242 1959 α’·
1266 1932 1297 1958 '0
1309 1931 1441 1968 περὶτῶν
1463 1932 1627 1960 ἐπιϐούλων
1641 1933 1745 1970 νόμος,
1763 1933 1856 1970 ὅμοιός

1037 1979 1096 2005 ἐστι
1110 1978 1150 2014 τῷ
1170 1978 1235 2014 περὶ
1261 1978 1426 2015 ἱεροσυλίας,
1440 1979 1488 2005 καὶ
1501 1978 1638 2015 ἐνέχεται
1653 1980 1737 2017 αὐτῷ
1753 1982 1768 2007 ό
1788 1979 1856 2007 κατὰ

1036 2021 1248 2061 τοῦῬωμαῖέιοῦ
1260 2025 1346 2062 δήμου
1361 2024 1580 2061 πλημμελήσας,
1599 2027 1653 2054 καὶ
1667 2028 1684 2055 ὸ
1698 2027 1859 2058 σπουδάσας

1037 2071 1108 2098 κατὰ
1136 2071 1212 2098 δόλον
1225 2070 1315 2107 ίπαρὰ
1341 2070 1467 2098 κέλευσιν
1497 2070 1646 2106 βασιλέως
1674 2072 1857 2108 ἀναιρεθῆναι

1036 2118 1100 2150 τοὺς
1117 2118 1248 2154 ὁμήρους.
1263 2117 1280 2153 ἢ
1294 2117 1338 2144 ἵνα
1349 2117 1456 2144 ἔνοπλοι
1473 2116 1629 2152 ἄνθρωποι
1642 2119 1675 2146 ὲν
1690 2118 1775 2146 πόλει
1790 2117 1859 2146 κατὰ

1035 2163 1086 2199 τῆς
1101 2163 1206 2195 πόλεως
1220 2159 1297 2196 ὦσιν,
1316 2163 1334 2198 ἡ
1347 2161 1391 2189 ἵνα
1405 2162 1488 2194 τόπος
1501 2161 1518 2198 ἢ
1535 2162 1609 2199 ἱερὰ
1628 2164 1858 2200 κατασχεθῶσιν,

1037 2210 1055 2245 ἢ
1070 2209 1222 2245 στασιώδης
1247 2209 1363 2247 γένηται
1380 2208 1500 2242 σύνοδος,
1517 2208 1770 2248 ἦμῐναλφρνεμρῇ,
1789 2210 1861 2247 ὁάρ-

1606 2245 1635 2254 ⁶-
1648 2246 1734 2259 ῗινυ-ιν·
1745 2245 1776 2259 ’Συ

1035 2265 1103 2292 χων,
1117 2255 1164 2283 καλ¹
1179 2256 1192 2282 ὁ
1211 2255 1280 2292 πρὸς
1307 2256 1370 2287 τοὺς
1390 2255 1540 2290 πολεμίους
1566 2255 1741 2294 ἄγγελον’ῆ
1753 2255 1860 2294 ’γράμ-

185 2296 289 2331 alioqui
305 2296 380 2329 ipsos
389 2295 471 2330 juvit,
483 2301 566 2330 atque
579 2295 706 2322 adulatus
720 2300 772 2324 est.
783 2294 835 2329 Qui
862 2297 980 2332 denique

1044 2312 1110 2330 ιατα
1129 2302 1252 2339 πέμψας,
1266 2301 1313 2329 καὶ
1327 2302 1442 2337 σημεῖον
1456 2302 1554 2334 αὐτοῖς
1571 2303 1727 2339 δεδωκὼς,
1741 2305 1759 2340 ἢ
1776 2304 1862 2335 ἄλλως

185 2343 289 2371 milites
308 2342 441 2370 adversus
462 2342 660 2378 rempublicam
683 2341 717 2369 ad
745 2343 909 2371 seditionem
936 2349 980 2372 tu-

185 2383 337 2419 titultu‘mve
352 2390 543 2418 concitaverit.
562 2390 665 2426 Digest.
681 2390 715 2417 ιτ
738 2390 779 2419 ιῑι.
801 2391 834 2419 16
858 2391 906 2420 lib.
924 2401 980 2421 xxx

185 2443 229 2466 est
244 2438 295 2465 lib.
313 2445 345 2469 ιι,
358 2437 401 2464 tit.
417 2437 446 2471 2,
462 2443 523 2473 cap.
538 2436 583 2470 17,
599 2437 671 2473 quod
697 2437 736 2465 sic
757 2437 807 2472 ait,
828 2439 902 2467 circa
928 2439 980 2467 ini-

185 2485 255 2513 tium
273 2494 280 2512 :
299 2485 372 2512 lnter
385 2484 497 2520 publica
509 2491 564 2511 non
581 2484 768 2517 continentur,
783 2492 873 2520 neque
887 2493 976 2519 sacra,

182 2540 273 2569 neque
297 2532 438 2568 religiosa,
464 2539 552 2567 neque
566 2539 628 2567 quae
651 2532 770 2567 publicis
795 2533 893 2561 usibus
914 2539 979 2562 snnt

181 2579 318 2608 destinata
332 2588 338 2606 :
355 2579 402 2607 sed
418 2579 442 2607 si
459 2586 513 2614 qua
526 2578 752 2612 suntciritatum,
768 2579 843 2607 velut
857 2579 976 2616 [carum]

180 2625 264 2654 bona.

178 2696 182 2703 _
216 2671 326 2699 Teztus.
349 2670 409 2699 Lib.
429 2671 473 2705 33,
491 2671 533 2699 lit.
549 2672 576 2705 1,
595 2671 693 2708 digest.
712 2672 771 2700 20:
792 2671 820 2699 Si
838 2671 975 2708 legavcro,

179 2724 246 2754 etc.,
261 2726 342 2755 usque
355 2718 389 2745 ad
402 2718 492 2747 facere
503 2719 591 2747 haeres
601 2724 724 2754 cogetur,
736 2725 763 2747 ut
774 2728 835 2755 pag.
851 2719 913 2748 570.

215 2812 364 2840 Scholium.
389 2813 494 2849 Digest.
518 2813 565 2846 20,
589 2813 629 2842 tit.
657 2813 682 2848 l,
700 2814 746 2842 lib.
766 2822 854 2842 xum
872 2813 972 2851 Digest.

181 2862 222 2884 est
248 2859 339 2885 thema
364 2859 416 2886 ult.
441 2867 502 2895 cap.
528 2861 564 2888 20
585 2860 626 2888 tit.
648 2863 664 2892 4
682 2861 729 2888 lib.
752 2869 823 2894 XLIV,
844 2861 917 2896 quod
934 2861 973 2889 sic

183 2902 275 2934 habet,
293 2904 362 2931 utin
379 2906 540 2940 compendio
565 2907 736 2942 propositum
752 2912 804 2936 cst.
821 2907 922 2943 Digest.
939 2908 972 2935 l7

181 2944 255 2972 '»it.l
272 2946 318 2974 lib.
333 2955 416 2976 xxxiv
439 2956 481 2979 cst
503 2951 584 2981 Basil.
606 2953 652 2981 lib.
675 2961 746 2987 λιιν,
775 2954 815 2981 tit.
839 2954 884 2988 Μ,
911 2962 971 2990 cap.

1035 2349 1176 2386 βοηθήσας
1211 2349 1321 2382 αὐτοῖς,
1352 2348 1400 2375 καὶ
1430 2348 1646 2383 ὑπονοθεὺσας,
1679 2351 1698 2386 ἢ
1732 2351 1861 2387 ἐρεθίσας

1034 2395 1205 2433 στρατιώτας
1221 2395 1289 2431 πρὸς
1316 2395 1412 2422 στάσιν
1431 2395 1447 2431 ἦ
1464 2394 1593 2431 Θόρυδον
1610 2397 1695 2425 κατὰ
1711 2398 1767 2434 τῆς
1786 2397 1862 2425 πολι-

1030 2442 1117 2475 τείας.
1129 2441 1166 2469 Τὸ
1180 2443 1212 2474 ιζ’
1223 2442 1294 2469 διάτ.
1322 2441 1370 2469 τοῦ
1394 2441 1489 2475 ις’τίτ.
1500 2441 1552 2468 τοῦ
1563 2441 1589 2469 λ’
1604 2443 1723 2478 βιϐλίου
1741 2445 1802 2472 ἐστὶ
1821 2443 1860 2480 βι-

1029 2487 1102 2514 ϐλίον
1115 2486 1148 2522 β’,
1164 2487 1216 2514 τίτ.
1234 2487 1267 2522 β’,
1279 2495 1343 2522 κεφ.
1357 2485 1399 2520 ιζ’,
1409 2486 1480 2514 οὕτω
1494 2486 1585 2522 λέγον
1603 2498 1641 2515 πε
1648 2490 1679 2525 pl.
1693 2490 1749 2523 τὰς
1762 2491 1858 2527 ἀρχάς·

1028 2534 1074 2562 Ἐν
1081 2534 1110 2562 δὲ
1122 2535 1177 2566 τοῖς
1188 2533 1327 2570 δημοσίοις
1338 2534 1369 2561 οὐ
1384 2532 1561 2569 περιέχεται,
1576 2535 1649 2562 οὕτε
1663 2537 1700 2564 τὰ
1712 2537 1788 2573 ἱερὰ,
1800 2537 1860 2563 οὔτε

1028 2580 1061 2608 τὰ
1077 2582 1208 2617 μνημεῖα,
1223 2580 1286 2608 οὕτε
1302 2580 1337 2607 τὰ
1365 2581 1424 2613 ταῖς
1445 2580 1606 2616 δημοσίαις
1629 2584 1774 2620 χρήσεσιν
1787 2585 1860 2620 ἀφω-

1029 2627 1156 2663 ρισμένα,
1172 2627 1231 2654 ἀλλ’
1261 2627 1287 2653 εἴ
1300 2635 1362 2653 τινα
1382 2626 1440 2653 ἐστι
1471 2625 1601 2662 πόλεων,
1617 2628 1683 2658 οἷον
1703 2632 1735 2659 αι
1759 2631 1857 2658 οὐσίαι.

1063 2672 1220 2707 Κείμενυν.
1236 2672 1298 2700 Βιὸ.
1315 2671 1367 2707 λγ¹,
1384 2672 1437 2699 τίτ.
1451 2671 1579 2705 α’,διάτ.
1595 2674 1637 2709 κ’,
1656 2676 1710 2705 ἐὰν
1731 2675 1860 2713 λεγατεύ-

1028 2729 1078 2754 σω,
1091 2729 1119 2748 κ.
1132 2729 1158 2748 τ.
1177 2720 1203 2748 λ.
1219 2728 1308 2756 usque
1328 2719 1363 2748 ad
1376 2719 1554 2756 κληρονόμος
1574 2722 1793 2758 ἀναγκάζεται.

1064 2816 1207 2850 Σχόλιον.
1223 2813 1260 2841 Τὸ
1278 2812 1302 2841 κ’
1325 2813 1397 2842 διάτ.
1419 2811 1468 2839 τοῦ
1481 2810 1507 2838 α’
1527 2814 1591 2842 τίτ.
1621 2816 1676 2844 τοῦ
1692 2816 1738 2852 λγ⁹
1754 2816 1857 2853 βιϐλίου

1027 2862 1081 2888 τῶν
1098 2861 1263 2894 Διατάξεων,
1275 2860 1333 2887 ἔστι
1347 2860 1420 2895 θὲμα
1430 2858 1602 2889 τελευταῖον
1621 2863 1677 2891 τοῦ
1698 2863 1725 2892 κ’
1735 2873 1800 2899 κεφ.
1813 2862 1858 2891 τοῦ

1026 2908 1047 2936 δ’
1058 2909 1110 2936 τίτ.
1127 2909 1174 2935 τοῦ
1193 2907 1235 2944 μδ¹
1252 2906 1307 2942 βιό.
1321 2906 1409 2938 οὕτως
1422 2905 1482 2942 ἔχον
1500 2905 1545 2939 ὼς
1561 2910 1751 2947 συνωψίσοη,
1772 2911 1809 2937 Ta
1827 2909 1858 2942 ιζ’

1026 2955 1095 2983 διάτ.
1107 2953 1154 2981 τοῦ
1185 2952 1271 2980 α’τίτ.
1297 2951 1334 2979 λδ¹
1364 2951 1479 2988 βιϐλίου,
1509 2951 1578 2980 ἔστι
1611 2954 1672 2983 τῶν
1703 2955 1857 2984 Βασιλικῶν
