1956 3049
135 159 201 193 1011

676 158 920 193 NOMOCANON.
938 170 973 176 -
990 158 1064 189 ΤΙΤ.
1085 154 1139 195 ΠΙ,
1158 157 1238 189 CAP.
1256 157 1282 189 ῐ.

135 217 239 254 βιϐλίον
253 215 306 253 μδ’,
319 215 374 244 τίτ.
387 214 431 250 ιδ,
443 224 508 252 κεφ.
522 215 567 249 ιζ’,
579 215 669 249 οὕτως
686 216 749 252 ἔχον
764 216 803 248 ὡς
814 215 931 251 curm-lit-

990 215 1033 247 l7,
1056 215 1131 249 quod
1157 214 1195 242 ita
1220 215 1314 247 habet,
1332 214 1571 249 quemadmodum
1593 214 1791 250 compendiose

134 264 198 300 σθη.
211 263 248 290 To
273 262 311 290 λε’
327 262 400 290 stet.
419 263 468 290 τοῦ
496 261 529 298 ιβ’
544 262 612 296 τίτ.,
628 262 676 290 τοῦ
690 261 719 298 μ’
735 262 854 298 βιϐλίου,
873 262 933 289 ἐστι

135 310 237 347 βιϐλίον
255 308 310 346 μη¹,
325 308 379 336 τίτ.
395 307 432 345 η’,
445 318 508 345 κεφ.
523 308 576 336 λε’·
595 308 705 342 κτίζων
719 317 763 342 τις
787 309 934 345 εὐκτήριον

133 356 277 393 ἀφώρισεν
305 354 380 390 αὐτῷ
397 354 520 387 δούλους,
547 354 595 382 τοῦ
619 355 795 390 κληρονόμου
823 355 932 382 ἔσονται

132 399 219 430 οὗτοι.
232 402 270 430 To
284 401 304 429 ε’
317 401 391 429 διά-τ.
419 401 467 429 τοῦ
483 401 507 428 α’
529 402 583 429 τίτ.
613 401 661 429 τοῦ
677 400 716 428 κδ’
738 401 794 437 βιϐ.
810 401 870 429 ἐστὶ
887 401 932 437 βι-

133 449 208 476 ϐλίον
230 448 287 476 τῶν
318 447 472 476 Βασιλικῶν
496 447 532 481 λ’,
546 448 599 475 τίτ.
615 447 640 476 α’
654 468 662 481 ,
679 457 745 483 κεφ.
761 447 794 481 ε’,
809 448 882 483 θέμα
896 447 932 484 η’,

132 496 196 532 ἕχον
212 496 242 523 ὲν
268 495 346 532 μέρει
373 494 467 527 καθὼς
492 496 534 527 εἰς
548 495 578 522 τδ
594 495 721 531 κείμενον
735 495 827 531 ἐτέθη.
840 495 878 522 Τὸ
892 494 932 528 λζ’

133 543 205 570 διάτ.
220 541 269 570 τοῦ
294 541 316 578 β’
331 541 385 569 τίτ.
400 541 448 569 τοῦ
471 541 508 568 λδ¹
535 541 605 576 βιϐ.,
621 541 680 569 ἔστι
703 541 806 577 βιϐλίον
823 540 864 577 μδ¹
878 542 933 569 τῶν

133 587 302 621 Βασιλικῶν,
315 587 369 614 τίτ.
387 586 430 620 ιε’,
443 596 508 622 κεφ.
524 586 574 620 λζ’,
591 587 663 623 θέμα
678 587 836 615 τελευταῖον
845 587 933 620 οὕτως

134 634 215 670 ἐχονο
233 633 298 661 Ἐὰν
323 633 394 660 εῖπω
405 632 535 667 γενέσθαι
560 633 696 668 σταυροὺς
721 633 777 661 ἀπὸ
791 632 815 669 ρ’
831 633 933 669 λιτρῶν

133 680 182 707 καὶ
199 678 366 714 ἀνατεθῆναι
381 679 410 705 ὲν
423 679 492 714 τῷδε
505 679 545 716 τῷ
563 679 639 715 ίερῷ,
658 678 761 712 πάντες
783 680 812 707 δὲ
838 681 868 707 έν
892 680 932 716 τῷ

133 725 211 762 αὺτῷ
229 725 297 762 ίερῷ
323 725 414 759 ὅντες,
431 726 549 762 ἀργυροὶ
568 727 616 754 καὶ
631 726 728 762 χαλκοί
748 727 829 761 εἰσιν,
843 727 932 763 ἀργυ-

135 773 200 808 ροὺς
214 772 229 800 6
244 772 414 809 κληρονόμος
427 773 618 808 ἀναγκάζεται
636 773 737 807 ποιεῖν,
751 773 782 801 οὐ
798 773 850 810 μὲν
865 773 932 810 χαλ-

133 819 200 851 κοὺς
216 818 336 852 δίδωσιν,
350 818 414 845 οὗτε
424 818 554 855 χρυσούς.

168 865 325 900 Κείμενον.
337 864 414 892 Βιϐλ.
424 863 474 898 λε’,
486 865 539 893 τίτ.
554 864 588 901 β’,
604 865 676 894 διάτ.
693 864 729 893 α’·
744 866 800 894 Καὶ
813 866 861 894 ἐπὶ
873 867 932 899 τοῖς

988 263 1161 297 propositum
1183 267 1236 290 est.
1263 261 1367 298 Digest.
1391 262 1428 290 55
1461 262 1506 290 tit.
1540 263 1575 290 12
1609 262 1658 289 lib.
1689 269 1723 288 ιι
1749 265 1791 289 est

989 308 1036 336 lib.
1051 316 1146 339 xum.
1164 308 1208 335 tit.
1223 307 1251 342 8,
1268 314 1328 342 cap.
1347 308 1404 335 55:
1422 307 1491 336 Cum
1505 308 1620 344 quidam
1639 307 1791 336 aedificaret

988 355 1155 386 oratorium.
1169 355 1319 383 destinavit
1336 355 1376 383 illi
1390 362 1497 387 servos,
1509 355 1538 382 hi
1550 354 1669 383 hteredis
1691 359 1790 382 erunt.

988 401 1093 436 Digest.
1111 400 1128 428 5
1143 401 1186 428 tit.
1206 401 1218 428 1
1234 401 1282 429 lib.
1310 409 1375 428 utv
1401 406 1444 429 est
1464 401 1513 429 lib.
1528 401 1612 429 Basil.
1625 409 1690 433 nx,
1706 400 1749 428 tit.
1761 401 1789 432 1,

988 455 1050 483 cap.
1067 448 1094 481 5,
1111 448 1203 476 thema
1219 447 1247 479 8,
1261 448 1335 483 quod
1353 447 1452 482 partim
1469 447 1506 475 ita
1522 448 1615 479 habet.
1631 448 1698 475 utin
1712 452 1788 475 textu

988 495 1109 529 positum
1147 499 1200 522 est.
1226 493 1333 529 Digest.
1353 494 1398 521 Ἦ
1430 493 1474 522 tit.
1511 493 1529 520 2
1560 494 1607 522 lib.
1637 501 1720 522 xxxrv
1745 497 1788 521 est

988 539 1036 567 lib.
1054 547 1116 567 xuv
1136 538 1232 572 Basil.,
1257 539 1300 566 tit.
1315 538 1360 572 l5,
1377 545 1439 574 cap.
1461 538 1506 571 37,
1523 539 1614 566 thema
1636 540 1699 571 ult.,
1714 538 1788 574 quod

988 585 1029 613 sic
1045 585 1126 613 habet
1141 594 1147 612 :
1170 584 1200 612 Si
1215 584 1345 617 dixerim,
1367 589 1398 613 ut
1416 585 1482 613 [iant
1502 592 1602 613 cruces
1627 592 1660 619 ex
1677 591 1787 612 centum

987 631 1076 664 libris,
1094 635 1122 659 et
1137 631 1165 658 in
1184 631 1231 658 illa
1246 638 1325 658 sacra
1344 631 1403 658 aidc
1417 635 1584 663 statuantur,
1606 638 1638 658 ac
1650 638 1716 658 vero
1727 638 1787 665 quae

987 678 1015 706 in
1032 685 1062 706 ea
1077 677 1200 714 [cruces]
1216 681 1291 709 sunt,
1308 685 1406 705 omnes
1424 682 1564 713 argenteo:
1578 683 1605 705 ct
1617 684 1695 704 terea:
1704 681 1780 708 sunt,

987 726 1131 758 argenteas
1147 721 1238 750 facere
1258 722 1346 750 haeres
1361 726 1474 758 cogetur
1491 731 1497 749 :
1517 729 1572 749 non
1587 725 1680 749 autem
1694 728 1781 749 ιρι-ρος

989 775 1038 797 aut
1052 776 1151 796 aureas
1163 769 1230 796 dare
1242 767 1379 805 [poterit].

1024 861 1133 889 Texlus.
1149 861 1209 889 Lib.
1226 870 1308 894 xxxv,
1325 862 1368 889 tit.
1385 862 1414 892 2,
1427 862 1527 897 digest.
1549 862 1561 889 1
1576 872 1583 890 :
1599 861 1628 889 In
1651 861 1695 894 iis,
1714 866 1766 889 etc.
1782 881 1790 894 ,

134 910 174 946 τῷ
187 910 249 947 Θεῷ
261 910 506 948 ληγατευομένοις,
518 920 546 940 κ.
563 920 589 940 τ.
607 911 634 940 λ.
651 913 789 950 usque_ad
807 914 855 942 καὶ
866 913 930 942 καθ’

990 918 1065 946 itaque
1076 910 1111 937 ad
1129 910 1283 944 monachis,
1299 914 1348 938 aut
1363 910 1541 946 pauperibus,
1555 915 1585 938 ut
1603 918 1666 946 pag.
1682 910 1747 939 570.

131 956 233 993 όμάδα.

168 1003 311 1039 Σχόλιον.
326 1003 366 1031 Τὸ
385 1004 409 1031 α’
424 1003 496 1032 διάτ.
523 1003 572 1032 τοῦ
586 1004 609 1041 β’
627 1005 682 1033 τίτ.
699 1004 750 1033 τοῦ
769 1004 808 1032 λε’
831 1005 937 1042 βιϐλίου

132 1049 190 1076 τῶν
213 1050 304 1084 Διάτ.,
319 1049 379 1078 ἐστι
403 1049 507 1086 βιϐλίον
521 1049 567 1086 μα’
593 1049 648 1078 τῶν
664 1051 819 1078 Βασιλικῶν
833 1051 888 1079 τίτ.
902 1050 939 1084 α’,

133 1104 198 1131 κεφ.
211 1096 248 1129 α’,
265 1096 337 1132 θέμα
354 1095 390 1130 γ’.
404 1096 484 1132 λέγον
510 1098 540 1125 ὲν
561 1097 639 1132 μέρει
658 1097 868 1132 φαλκιδιοῦσθαι
888 1099 936 1126 καί

132 1141 169 1169 τὰ
181 1141 220 1178 τῷ
234 1141 295 1178 Θεῷ
305 1142 521 1178 λεγατευόμεναο
535 1142 657 1177 Ἐξωθεν
674 1143 703 1170 δὲ
714 1143 762 1171 τοῦ
773 1143 857 1171 αὐτοῦ
870 1153 934 1180 κεφ.

133 1187 217 1223 φησὶν
227 1188 242 1215 ό
256 1186 375 1219 Παλαιδς
391 1187 477 1215 ταῦτα
489 1187 589 1223 ῥητῶς.
613 1187 647 1214 Ἦ
660 1188 726 1223 περὶ
736 1187 874 1225 διαφόρων
889 1197 936 1217 κε-

133 1233 257 1269 φαλαίων
279 1233 517 1269 ἐκκλησιαστικῶν
547 1233 605 1270 ρλα¹
634 1234 720 1271 νεαρὰ
748 1235 780 1262 οὐ
797 1236 936 1272 συγχωρεί

131 1279 173 1316 τῷ
190 1279 338 1316 φαλικιδίῳ
358 1279 578 1316 περικόπτεσθαι
596 1280 632 1307 τὰ
646 1282 687 1313 εἰς
705 1281 829 1314 εὐσεϐεῖς
843 1281 934 1314 αἰτίας

131 1325 350 1362 ληγατευόμενα.
360 1325 390 1353 '0
402 1325 431 1353 δὲ
445 1326 610 1362 σχολιαστής
625 1335 705 1362 φησι·
719 1327 826 1360 Ταῦτα,
840 1325 931 1363 οἶμαι,

131 1372 171 1405 ὡς
189 1372 222 1400 τὸ
236 1372 326 1409 παρὸν
352 1372 425 1400 διάτ.
449 1372 573 1410 ἀνῃρέθη
593 1374 671 1410 παρά
697 1374 745 1410 τῆς
765 1373 820 1410 ρλα¹
833 1375 933 1411 νεαρᾶς

132 1418 183 1454 τῆς
199 1418 332 1455 κειμένης
346 1418 377 1446 ὲν
390 1418 431 1454 τῷ
445 1417 470 1454 γ’
480 1418 536 1447 τίτ.
561 1419 609 1446 τοῦ
620 1418 640 1446 ε’
653 1419 758 1455 βιϐλίου
772 1420 820 1448 καὶ
833 1421 934 1449 αὐτίκα

132 1464 256 1492 διδάσκει
284 1464 456 1501 πλατύτερον
477 1465 538 1498 πῶς
560 1465 684 1502 ἀνῃρέθη
703 1467 717 1493 ό
741 1466 824 1503 νόμος
844 1464 933 1500 οὗτος.

132 1511 190 1539 Καὶ
214 1511 302 1539 ταῦτα
323 1512 373 1548 μὲν
391 1510 470 1539 εἷπον
491 1512 506 1539 ὸ
523 1511 688 1548 σχολιαστὴς
701 1512 750 1540 καὶ
771 1514 785 1540 ό
800 1514 930 1547 Παλαιός·

133 1558 197 1594 ἐμοὶ
220 1557 249 1585 δὲ
269 1558 347 1585 δοκεῖ
374 1558 416 1585 ὅτι
429 1558 460 1585 οὗ
475 1558 569 1591 καλῶς
589 1558 682 1592 αὐτοῖς
698 1558 889 1596 ὲξελήφθησαν
899 1561 933 1589 τὰ

131 1605 183 1640 τῆς
210 1605 325 1641 νεαρᾶς.
355 1604 423 1632 Οὐδὲ
451 1605 507 1641 γὰρ
534 1604 716 1638 ἀδιαστίκτως
741 1606 931 1642 ἀφαλκιδίωτα

130 1650 249 1678 δίδονται
259 1650 296 1678 τὰ
307 1650 348 1683 εἰς
361 1650 470 1682 ἀσεϐεῖς
484 1650 575 1682 αἰτίας
589 1650 818 1686 καταλειφθέντα·
833 1652 891 1680 ἀλλ’
904 1654 929 1681 εί

133 1697 184 1733 μὲν
199 1697 474 1733 καιροπραγμονήσει
489 1697 503 1724 ὁ
515 1696 688 1733 κληρονόμος
701 1698 766 1734 περὶ
786 1697 836 1735 τὴν
856 1699 930 1727 δόσιν

130 1742 180 1770 τοῦ
205 1742 433 1778 ληγατευϐέντος,
465 1742 599 1770 ἀπόλλυσι
622 1743 668 1770 τὸν
693 1744 830 1780 ἀνήκοντα
841 1745 930 1782 τούτῳ

131 1787 284 1822 φαλκίδιον,
301 1789 349 1816 καὶ
357 1788 450 1815 δίδωτι
465 1788 500 1816 τὰ
515 1788 731 1824 ληγατευθέντα,
750 1790 789 1823 ὡς
805 1791 822 1826 ή
843 1792 930 1827 νεαρά

132 1842 226 1869 φησιν·
244 1835 268 1861 εί
285 1835 314 1862 δὲ
331 1835 537 1871 εὖγνωμονήσει
551 1837 624 1874 ,περὶ
644 1837 694 1873 τὴν
716 1838 791 1866 δόσιν
814 1840 929 1875 τούτων,

131 1880 269 1916 λαμϐάνει
283 1881 329 1908 τὸν
342 1881 481 1917 ἀνήκοντα
495 1882 572 1919 αὺτῷ
586 1883 740 1918 φαλκίδιον.
753 1885 825 1921 Φησὶ
839 1888 893 1923 γὰρ
910 1888 927 1923 ἠ

132 1925 204 1962 αὐτὴ
225 1927 311 1963 νεαρά
329 1927 445 1964 κειμένη
472 1929 502 1955 ὲν
526 1928 622 1965 βιϐλίῳ
644 1929 676 1962 ε’,
690 1930 743 1958 τίτ.
762 1929 799 1964 γ’,
814 1940 878 1967 κεφ.
895 1932 927 1967 θ’,

130 1971 204 1999 οὕτω
219 1972 320 2008 ῥητῶς·
337 1973 368 1999 El
381 1972 410 1999 δὲ
423 1974 438 2000 ὁ
450 1973 620 2010 κληρονόμος
634 1974 668 2001 τὰ
682 1975 723 2007 είς
737 1975 862 2009 εὐσεϐεῖς
884 1978 929 2005 ai-

130 2016 194 2048 τίας
212 2017 452 2054 καταλελειμμένα
469 2019 507 2054 μὴ
524 2018 663 2055 πληρώσει
673 2019 761 2054 λέγων
779 2021 829 2057 τὴν
841 2030 929 2049 κατα-

131 2061 290 2097 λειφθεῖσαν
316 2063 392 2099 αὑτῷ
406 2064 567 2100 περιουσίαν
582 2066 620 2102 μὴ
637 2066 733 2101 ἀρκεῖν
757 2067 797 2099 εἰς
813 2067 926 2103 ταύτας,

947 1581 971 1612 C

1027 1001 1174 1030 Scltolium.
1191 1001 1295 1038 Digest.
1312 1002 1325 1031 1
1348 1002 1390 1030 tit.
1417 1002 1435 1030 2
1463 1002 1513 1031 lib.
1531 1011 1604 1031 xxxv
1620 1002 1726 1038 Digest.
1745 1007 1788 1030 est

989 1049 1038 1077 lib.
1057 1057 1101 1076 xu
1118 1048 1217 1082 Basil.,
1231 1049 1274 1077 tit.
1294 1049 1322 1082 1,
1335 1056 1397 1085 cap.
1416 1049 1442 1082 1,
1458 1049 1552 1077 thema
1565 1050 1592 1082 5,
1605 1049 1678 1085 quod
1688 1049 1787 1084 partim

991 1097 1068 1130 dicit,
1087 1097 1170 1124 etiam
1185 1104 1247 1132 qua:
1270 1097 1326 1124 Deo
1349 1096 1489 1132 legantur,
1514 1095 1644 1124 Falcidia:
1667 1096 1786 1124 obnoxia

989 1151 1063 1172 esse.
1079 1143 1181 1171 Verum
1194 1143 1222 1170 in
1231 1143 1338 1172 scholio
1351 1143 1386 1171 ad
1406 1143 1479 1171 idem
1496 1151 1558 1178 cap.
1577 1143 1646 1171 dicit
1662 1143 1720 1171 haec
1735 1150 1786 1170 ex-

988 1197 1083 1226 presse
1098 1190 1225 1218 Palatus:
1247 1190 1286 1219 De
1302 1189 1419 1218 diversis
1438 1190 1634 1218 ecclesiasticis
1660 1188 1788 1226 capitulis

989 1236 1095 1265 novella
1113 1236 1162 1265 151
1182 1244 1236 1264 non
1251 1236 1385 1272 permittit
1415 1235 1536 1264 Falcidia
1556 1235 1655 1270 accidi,
1675 1243 1736 1270 quae
1756 1235 1786 1262 in

989 1282 1050 1318 pias
1064 1290 1164 1311 causas
1178 1283 1266 1318 legata
1280 1287 1355 1310 sunt.
1368 1282 1537 1311 Scholiasles
1553 1289 1618 1310 vero
1633 1282 1691 1310 haec
1702 1281 1786 1310 dicit:

989 1328 1125 1356 Existimo
1139 1335 1260 1364 prasens
1277 1327 1355 1364 [hoe]
1370 1327 1506 1364 digestum
1522 1328 1684 1363 abrogatum
1697 1334 1759 1355 esse
1770 1334 1786 1354 a

989 1374 1097 1402 novella
1112 1374 1176 1407 151,
1193 1382 1254 1409 qua:
1265 1374 1353 1409 posita
1368 1378 1409 1401 cst
1425 1374 1452 1401 iu
1465 1373 1507 1401 tit.
1527 1373 1554 1401 3.
1570 1373 1618 1401 lib.
1636 1381 1663 1405 v,
1679 1378 1706 1400 et
1721 1379 1787 1400 mox

989 1419 1073 1448 latius
1093 1419 1183 1453 docet,
1199 1419 1339 1455 quomodo
1353 1419 1411 1447 haec
1426 1419 1469 1447 lex
1484 1419 1616 1454 abrogata
1632 1419 1678 1447 sit.
1695 1418 1791 1453 Atque.

989 1467 1049 1495 haec
1070 1466 1181 1502 quidem
1207 1466 1337 1493 dixerunt
1360 1465 1523 1494 scholiastes
1546 1470 1573 1493 et
1587 1465 1703 1493 Palmus.
1717 1463 1783 1491 Mihi
1836 1499 1839 1502 ν

989 1517 1080 1541 autem
1092 1513 1208 1545 videtur,
1226 1513 1287 1540 illos
1303 1520 1357 1540 non
1369 1516 1442 1540 recte
1453 1511 1589 1539 novellam
1603 1511 1772 1538 intellexisse

990 1559 1050 1588 Non
1065 1559 1139 1588 enim
1154 1559 1312 1588 indistincte
1328 1563 1434 1586 retenta
1451 1557 1572 1586 Falcidia
1587 1557 1698 1590 dantur,
1718 1564 1777 1592 qua:

990 1608 1017 1635 in
1031 1607 1090 1643 pias
1108 1610 1207 1634 causas
1218 1606 1313 1634 relicta
1329 1611 1404 1634 sunt.
1425 1605 1478 1633 Sed
1494 1605 1517 1633 si
1539 1605 1628 1632 haeres
1641 1604 1734 1632 dolum
1754 1603 1781 1630 in

989 1653 1089 1681 dandis
1106 1652 1203 1687 legatis
1221 1651 1383 1685 committat,
1398 1650 1487 1686 perdit
1507 1653 1706 1685 competentem
1729 1647 1779 1674 sibi

989 1699 1151 1732 Falcidiam,
1172 1703 1200 1726 ct
1223 1699 1270 1726 dat
1296 1699 1396 1735 legata,
1421 1696 1654 1733 quemadmodum
1675 1694 1783 1722 novella

990 1747 1057 1775 dicit
1071 1757 1077 1774 :
1094 1746 1117 1774 si
1135 1754 1200 1774 vero
1217 1746 1302 1781 probe
1329 1746 1355 1773 in
1377 1745 1431 1772 illis
1445 1743 1543 1772 dandis
1559 1746 1698 1776 versetur,
1720 1749 1783 1777 per-

988 1794 1056 1829 cipit
1079 1796 1280 1828 competentem
1298 1792 1350 1820 sibi
1374 1791 1535 1819 Falcidiam.
1552 1790 1687 1824 Loquitur
1709 1788 1782 1816 cnim

989 1841 1049 1876 ipsa
1069 1840 1186 1872 novella,
1204 1839 1253 1867 lib.
1270 1847 1298 1871 v,
1316 1839 1358 1866 tiI.
1373 1839 1400 1872 3,
1416 1845 1481 1873 cap.
1497 1837 1524 1871 9,
1537 1836 1639 1872 p05ita,
1653 1836 1725 1863 hunc
1748 1835 1782 1862 ad

988 1888 1100 1915 modum
1114 1885 1254 1922 expressis
1268 1885 1376 1913 verbis:
1393 1884 1422 1912 Si
1444 1892 1510 1912 vero
1525 1884 1614 1912 haeres
1628 1890 1660 1911 ca
1682 1889 1743 1917 qua:
1757 1881 1783 1910 in

988 1935 1048 1970 pias
1071 1941 1170 1962 causas
1197 1933 1293 1960 relicta
1317 1937 1394 1964 sunt,
1423 1939 1478 1960 non
1507 1931 1641 1966 impleat,
1675 1929 1780 1959 dicens.

989 1989 1043 2009 non
1069 1980 1194 2009 sullicerc
1213 1979 1246 2006 ad
1266 1979 1317 2006 has
1336 1979 1460 2006 relictum
1487 1978 1540 2006 sibi
1562 1976 1780 2012 patrimonium:

982 2027 1111 2062 jubemus
1151 2029 1182 2052 ut
1205 2025 1280 2052 omni
1306 2024 1383 2052 lucro
1412 2024 1486 2059 quod
1511 2031 1545 2051 ex
1568 2023 1689 2050 Falcitlia
1718 2030 1781 2057 pro-

986 2072 1062 2100 venit
1073 2075 1205 2105 vacante,
1231 2070 1346 2106 quiquid
1371 2070 1397 2097 in
1424 2069 1581 2104 hujusmodi
1603 2067 1782 2096 facultatibus

132 2108 235 2141 παντὸς
255 2109 302 2136 τοῦ
327 2110 361 2136 ὲκ
388 2110 435 2137 τοῦ
455 2110 598 2146 φαλκιδίου
620 2112 733 2147 κέρδους
749 2113 927 2149 σχολάζονται

990 2119 1127 2146 inventum
1154 2116 1246 2148 fuerit,
1275 2115 1445 2152 providentia
1466 2114 1634 2143 sanctiSSimi
1657 2114 1780 2141 locorum

130 2152 300 2200 όσονδὴποτεγ
312 2153 410 2190 εὑρεθῇ
423 2155 452 2182 ὲν
475 2156 508 2191 τῇ
525 2155 638 2193 τοιαύτῃ
657 2157 748 2194 οὐσίᾳ,
772 2161 928 2196 προχωρεῖν

990 2163 1105 2200 :piscopi
1131 2167 1220 2191 totum
1239 2163 1266 2191 iu
1290 2170 1409 2196 causas,
1433 2161 1467 2190 ad
1491 2169 1561 2198 quas
1586 2161 1712 2189 relictum
1727 2166 1778 2194 est,

131 2199 248 2235 προνοίᾳ
259 2199 308 2226 τοῦ
323 2200 478 2235 ἀγιωτάτου
490 2201 546 2229 τῶν
555 2203 647 2230 τόπων
664 2204 816 2232 ἐπισκόπου
827 2206 927 2240 εἰςτὰς

990 2199 1124 2247 procedat.
1144 2209 1259 2244 Quaeras
1276 2217 1342 2237 vero
1359 2213 1448 2237 totum
1472 2209 1489 2237 9
1512 2216 1571 2244 cap.
1594 2213 1677 2242 atque
1693 2208 1778 2244 legas,

130 2245 223 2278 αἰτίας
249 2247 290 2278 εἰς
307 2246 342 2279 ἀς
359 2247 582 2277 καταλέλειπται.
597 2250 679 2285 Ζήτει
702 2251 753 2278 καὶ
776 2251 808 2279 τδ
830 2253 891 2280 ὂλον
906 2252 928 2281 θ’

132 2300 209 2327 κεφ.,
239 2292 288 2320 καὶ
308 2293 448 2328 ἀνάγνωθι
463 2294 530 2322 αὐτὸ
540 2295 692 2330 ἀναγκαῖον
708 2297 749 2325 δν.
765 2299 802 2326 Τὸ
818 2298 842 2335 β’
853 2299 925 2328 διάτ.

130 2339 179 2366 τοῦ
195 2338 229 2374 ιβ’
245 2339 311 2373 τίτ.,
323 2339 371 2367 τοῦ
386 2339 407 2367 ν’
419 2339 523 2376 βιϐλίου
543 2341 597 2369 τῶν
626 2342 703 2370 Διάτ.
734 2343 795 2371 ἐστὶ
827 2344 931 2380 βιϐλίον

131 2386 187 2413 τῶν
195 2385 349 2414 Βασιλικῶν
358 2386 403 2421 νδ¹,
416 2387 471 2415 τίτ.
484 2386 526 2421 ιδ’,
540 2396 604 2423 κεφ.
616 2387 650 2424 β’,
666 2389 753 2422 οὕτως
766 2390 828 2426 ἔχον
842 2391 880 2423 ὡς
889 2392 930 2424 είς

130 2432 163 2460 τὺ
186 2432 314 2469 κείμενον
335 2434 456 2470 ἐγράφη.
476 2435 509 2461 'ﬂ
523 2437 548 2462 α’
561 2435 646 2469 διάτ.,
660 2435 709 2463 τοῦ
737 2436 762 2472 β’
773 2437 827 2464 τίτ.
840 2438 888 2465 τοῦ
905 2437 930 2465 α’

132 2478 248 2515 βιϐλίου,
261 2478 309 2506 τοῦ
324 2479 450 2512 Κώδικός
467 2480 598 2515 ὲστικεφ.
614 2484 650 2514 α’,
661 2481 708 2508 τοῦ
726 2480 751 2508 α’
775 2482 828 2510 τίτ.
840 2483 889 2510 τοῦ
909 2480 930 2510 ε’

132 2524 248 2560 βιϐλίου,
264 2525 352 2558 οὕτως
362 2526 422 2561 ἔχον
432 2525 471 2558 ὡς
481 2526 522 2559 είς
533 2526 564 2554 τὸ
577 2527 705 2562 κείμενον
717 2529 887 2565 συνωψίσθη.
896 2529 930 2556 'll

133 2570 169 2606 ιγ’
184 2571 254 2600 διάτ,
278 2572 327 2600 τοῦ
353 2572 437 2600 αὐτοῦ
455 2572 510 2601 τίτ.
525 2573 574 2600 καὶ
590 2573 695 2609 βιϐλίου
711 2574 762 2602 οὐκ
786 2575 867 2611 ἐτέθη
889 2575 931 2608 είς

130 2618 167 2646 τὰ
184 2618 328 2648 Βασιλικά.

166 2665 324 2700 Κείμενον.
349 2665 425 2694 Διάτ.
443 2665 487 2694 t0"
500 2666 534 2694 Δί
549 2667 692 2703 γινόμεναι
719 2668 816 2704 μέχρι1
829 2667 856 2704 φ’
884 2676 930 2696 νο-

133 2712 291 2748 μισμάτων,
309 2721 336 2740 κ.
350 2721 377 2741 τ.
389 2712 428 2748 λ.,
439 2720 528 2749 usque
542 2713 577 2742 ad
593 2714 676 2742 οῖκων
690 2714 825 2751 λαμϐάνει
838 2714 930 2751 τδζκα-

131 2758 288 2794 ταλειιρθέν.

168 2805 308 2840 Σχόαιιον.
330 2805 364 2833 Ἦ
381 2805 414 2833 ιθ¹
431 2806 502 2834 διάτ.
517 2806 565 2834 τοῦ
590 2806 612 2843 β’
627 2807 693 2840 τίτ.,
711 2807 759 2835 τοῦ
773 2811 797 2835 α’
824 2808 928 2844 βιϐλίου

131 2850 179 2878 τοῦ
197 2851 322 2884 Κώδικός
336 2852 397 2889 ἐστι
412 2861 476 2889 κεφ.
489 2852 516 2889 η’
540 2853 588 2881 τοῦ
610 2857 634 2881 α’
659 2853 712 2881 τίτ.
727 2854 775 2881 τοῦ
787 2853 807 2881 ε’
824 2854 929 2890 βιϐλίου

132 2897 188 2926 τῶν
203 2897 366 2934 Βασιλικῶν,
391 2899 478 2934 οὓτως
505 2900 568 2938 ἔχον
595 2901 743 2934 ἐπιλέξεων
771 2901 808 2935 ὡς
830 2903 871 2935 είς
898 2902 928 2930 τὺ

942 2264 1046 2297 Deum
1070 2253 1205 2292 [cognitu]
1236 2253 1424 2282 necessarium
1446 2252 1491 2281 sit.
1512 2251 1615 2288 Digest.
1641 2252 1660 2279 2
1688 2253 1729 2279 tit.
1747 2252 1780 2278 12

982 2303 1031 2331 lib.
1050 2310 1066 2330 ι.
1089 2301 1193 2337 Digest.
1215 2304 1257 2328 est
1272 2300 1320 2328 lib.
1350 2299 1433 2327 Basil.
1450 2307 1510 2333 Ltv,
1531 2299 1574 2327 tit.
1594 2299 1648 2331 ﬂ,
1671 2306 1732 2334 cap.
1750 2298 1779 2331 (ξ,

982 2349 1055 2386 quod
1080 2349 1120 2377 sic
1141 2348 1238 2381 habet,
1263 2352 1295 2375 ut
1319 2347 1347 2375 in
1372 2351 1449 2375 textu
1475 2345 1608 2382 scriptum
1633 2349 1685 2373 est.
1707 2345 1780 2373 Con-

983 2397 1041 2425 stit.
1074 2396 1087 2424 1
1114 2395 1171 2425 .tit.
1196 2394 1215 2422 2
1246 2394 1294 2422 lib.
1330 2402 1338 2421 l
1373 2393 1440 2421 Cod.
1477 2396 1520 2420 est
1560 2399 1620 2427 cap.
1653 2391 1665 2419 1
1701 2391 1776 2419 ιίι.1

983 2443 1032 2471 lib.
1049 2450 1076 2476 ν,
1095 2441 1167 2478 quod
1184 2441 1221 2469 ita
1239 2440 1332 2472 habet.
1356 2445 1385 2468 ut
1400 2440 1428 2467 in
1446 2442 1521 2467 textu
1539 2439 1592 2467 sub
1613 2438 1779 2474 compendio

985 2490 1028 2514 est
1053 2485 1237 2521 propositum.
1255 2484 1352 2513 Const.
1371 2483 1406 2512 15
1431 2482 1556 2518 ejusdem
1575 2483 1616 2510 tit.
1639 2487 1665 2510 et
1686 2482 1734 2510 lib.
1752 2483 1778 2510 in

983 2532 1067 2561 Basil.
1084 2539 1139 2560 non
1153 2535 1195 2560 est
1207 2530 1307 2567 posita.

1011 2667 1121 2695 Texltts.
1136 2667 1232 2696 Const.
1247 2667 1281 2696 l9
1291 2676 1298 2694 :
1309 2666 1377 2701 Quae
1389 2666 1564 2701 donationes,
1577 2671 1642 2700 etc.,
1654 2674 1736 2702 usque
1745 2667 1780 2694 ad

981 2715 1088 2750 accepit
1101 2714 1238 2748 relictum,
1252 2719 1281 2742 ut
1300 2722 1362 2750 pag.
1377 2714 1505 2742 570-571.

1018 2809 1165 2838 Scholium.
1178 2809 1275 2838 Const.
1299 2810 1333 2838 19
1353 2810 1395 2838 tit.
1407 2809 1425 2836 2
1452 2809 1500 2837 lib.
1528 2817 1537 2836 ι
1556 2808 1625 2837 Cod.
1637 2812 1748 2843 estcap.
1763 2808 1780 2836 8

983 2857 1023 2886 tit.
1035 2858 1047 2885 1
1059 2857 1106 2885 lib.
1116 2865 1132 2885 v
1146 2857 1242 2892 Basil.,
1253 2857 1325 2892 quod
1340 2857 1381 2885 sic
1397 2857 1431 2885 ad
1444 2857 1556 2885 verbum
1571 2856 1664 2888 habet,
1675 2863 1777 2891 queru-

983 2903 1130 2933 admodum
1148 2904 1176 2933 in
1205 2908 1279 2933 textu
1310 2904 1442 2940 scriptum
1469 2907 1520 2932 est.
1535 2903 1604 2932 Nota
1617 2903 1779 2938 vero.«quod

1732 156 1801 188 1042

1858 471 1903 507 32
