1946 3076
161 164 228 196 1043

747 157 881 190 ΡΗΟΤΙῙ
901 157 1156 189 PATRIARCHJE
1173 157 1228 188 ΟΡ.
1263 154 1269 163 “

1740 152 1809 187 1044

159 225 248 250 const.
263 220 309 254 22,
324 220 351 248 in
368 220 417 247 lib.
441 226 468 250 τ,
485 218 528 247 tit.
548 218 573 251 1,
589 225 651 253 eap.
666 217 710 251 10,
734 215 824 252 posita
839 219 892 248 est,
908 223 955 243 ve-

1020 215 1135 250 ιείμενον
1167 214 1285 250 ἐγράφη.
1314 214 1474 250 Σημείωσαι
1495 213 1525 241 δὲ
1547 213 1589 241 ὅτι
1616 213 1636 249 ἠ
1663 210 1705 248 κβ¹
1737 212 1810 240 διάτ.

161 271 317 294 rumtamen
333 272 387 292 non
402 268 431 291 ut
446 264 474 291 in
488 267 562 291 textu
576 262 704 293 habetur,
721 261 767 289 sed
780 260 870 287 aliter.
883 259 956 287 Dicit

159 310 233 338 enim
252 319 258 337 :
276 308 315 337 Ne
330 308 501 337 describatur
516 306 645 338 ecclesia,
661 309 705 332 aut
723 303 890 332 venerabilis
902 303 954 331 do-

161 364 235 389 mus,
256 354 516 383 autmonasterium
532 354 558 379 in
583 352 701 379 lucrum.
719 351 839 378 Observa
869 350 954 385 igitur

162 401 224 432 hoc,
237 400 310 435 quod
326 399 440 427 multum
458 398 583 425 utilitatis
595 397 686 429 atl‘ert,
701 397 833 423 adversus
847 403 896 423 eos
907 395 955 430 qui

164 447 334 476 monasteria
351 446 465 477 donant,
483 450 509 471 et
523 443 643 471 vendunt
657 447 705 470 aut
727 447 824 470 emunt
839 449 955 469 venera-

162 495 232 523 hiles
257 495 365 522 donius.
386 493 484 521 Const.
502 492 537 519 ‘25
562 497 589 519 et
604 491 641 518 25
666 491 692 517 in
709 489 793 517 Basil.
812 497 867 516 non
882 491 958 517 'snnt

161 541 267 576 positas.
292 539 333 567 Tu
360 545 424 566 vero
452 539 525 566 scias
542 537 628 572 quod,
658 536 766 563 tametsi
793 535 839 562 illa
864 538 956 562 const.

161 589 277 618 statuat,
303 584 361 612 solo
386 588 495 611 centum
518 588 656 610 annorum
680 579 822 608 curriculo
839 586 956 606 venera-

163 632 231 660 biles
245 631 344 659 domus
360 629 455 665 rejici:
471 627 591 665 [contra]
612 631 703 654 tamen
727 626 739 653 1
764 633 826 661 cap.
842 624 957 652 novella:

163 676 214 704 111
241 675 403 707 Justiuiani,
422 673 480 701 sive
503 672 555 700 ult.
581 679 643 706 cap.
665 671 708 698 tit.
721 670 749 703 2,
765 669 813 697 lib.
830 677 846 696 v
872 668 957 696 Basil.

163 722 255 751 lmcin
265 723 322 750 hac
333 721 414 749 verba
424 719 530 749 sanciat
540 717 634 745 :Nulla
646 718 728 750 actio,
736 724 798 752 quae
808 715 959 743 venerabili

162 769 282 805 cuipiam
298 767 393 796 domui
414 765 556 801 competit,
581 764 639 792 sive
660 762 815 798 personalis
830 762 887 789 sive
907 761 958 796 hy-

163 815 321 852 potliecaria
340 815 386 846 sit,
400 811 572 841 transcendit
589 810 775 846 quadraginta
786 816 877 836 annos
889 812 960 836 tem-

163 862 299 898 poralium
309 859 559 896 praescriptionum,
568 864 629 891 qua;
641 855 790 890 unicuique
801 853 958 882 istiusmodi

1009 259 1089 295 ἐτέθη
1101 260 1142 292 εἱς
1154 259 1256 295 βιϐλίον
1272 258 1304 292 ε’,
1318 260 1372 288 τίτ.
1393 259 1428 293 α’,
1442 268 1505 295 κεφ.
1526 257 1553 291 ι’,
1566 258 1637 294 πλὴν
1651 258 1701 294 οὐχ
1717 258 1756 289 ὡς
1770 259 1810 290 είς

1008 307 1038 333 τὸ
1055 306 1183 342 κείμενον
1200 307 1300 339 κεῖται,
1325 306 1394 334 ἀλλὰ
1409 306 1515 338 ἇλλωςε
1532 305 1599 341 φησὶ
1611 305 1679 341 γάρ’
1691 303 1810 343 Μὴιδια-

1010 353 1159 389 γραφέσθω
1174 353 1317 388 ἐκκλησία,
1334 352 1351 388 ἦ
1367 353 1484 386 εὐσεδὴς
1499 349 1573 384 οἶκος
1593 351 1610 388 ἢ
1627 351 1809 387 μοναστήριον

1011 400 1058 427 ἐπὶ
1070 401 1172 437 κέρδει.
1187 400 1345 436 Σημείωσαι
1363 397 1410 427 οὖν
1430 398 1509 426 τοῦτο
1525 397 1612 425 πολλὰ
1639 396 1809 433 χρησιμεῦον

1011 446 1052 478 εἰς
1063 447 1126 478 τοὺς
1140 446 1366 481 ὲκπροικίζοντας
1381 446 1562 481 μοναστήρια,
1585 445 1633 472 καὶ
1651 443 1810 475 πωλοῦντας

1010 493 1059 519 καὶ
1076 491 1266 528 ἀγοράζοντας
1283 492 1391 527 εὐαγεῖς
1410 492 1511 524 οἴκους.
1533 491 1568 518 Ἦ
1578 489 1621 525 κγ’
1634 490 1707 518 διάτ.
1729 490 1776 517 καὶ
1791 491 1809 525 ἡ

1009 537 1060 572 κε’,
1088 539 1138 566 οὒκ
1166 539 1299 574 ἐτέθησαν
1321 538 1361 571 είς
1383 539 1418 565 τὰ
1435 537 1578 565 Βασιλικά.
1596 537 1632 564 Σὺ
1647 535 1676 563 δὲ
1689 536 1809 571 γίνωσκε

1009 586 1051 612 ὅτι
1061 585 1112 612 κᾶν
1124 586 1141 621 ή
1157 584 1270 620 τοιαύτη
1279 584 1350 612 διάτ.
1360 584 1514 620 διορίζηται
1527 583 1595 619 μόνῃ
1612 581 1808 617 ἒκατονταετίᾳ

1009 631 1073 662 τοὺς
1087 631 1196 666 εὐαγεῖς
1219 632 1310 663 οῐκους
1333 630 1526 662 ἐκϐάλλεσθαι,
1552 629 1622 656 ἀλλὰ
1638 630 1669 656 τὺ
1683 628 1708 656 α’
1725 637 1804 663 κεφ.,

1009 680 1059 715 τῆς
1078 677 1130 715 ρια¹
1151 678 1368 706 ’ῐονστινιανείου
1390 678 1492 713 νεαρᾶς
1517 677 1578 712 ἦτοι
1597 676 1628 703 τὸ
1651 675 1810 703 τελευταῖον

1011 734 1073 760 κεφ.
1085 725 1131 754 τοῦ
1143 725 1164 762 β’
1190 725 1242 753 τίτ.
1268 725 1316 752 τοῦ
1330 724 1350 752 ε’
1365 724 1470 760 βιϐλίου
1492 724 1547 751 τῶν
1558 722 1711 750 Βασιλικῶν
1723 721 1811 749 ταῦτα

1011 772 1102 807 ῥητῶς
1132 772 1255 804 θεσπίζει
1268 780 1275 787 ·
1291 772 1372 799 Πᾶσα
1392 770 1489 806 ἀγωγὴ
1510 769 1689 805 προσήκουτα
1716 767 1811 803 σεπτῷ

1010 818 1089 853 οἴκῳ,
1107 817 1163 845 εἴτε
1188 817 1354 853 προσωπικὴ
1378 817 1434 844 εἴτε
1447 814 1633 851 ὕποθηκάριός
1657 815 1743 846 ἐστιν,
1759 813 1810 848 οὐχ

1012 865 1171 900 ὑπερϐαίνει
1192 864 1227 892 τὰ
1248 863 1273 900 μ’
1290 864 1338 899 ἔτη
1349 863 1403 890 τῶν
1419 861 1597 898 ἁρμοζουσῶν
1617 860 1725 896 ἑκάστῳ
1742 859 1812 896 οἴκῳ

163 917 250 938 sacra:
269 908 365 936 domui
384 909 553 942 competunt,
574 910 602 932 et
625 903 736 939 quidem
759 909 810 930 sua
833 905 956 936 tempora

1020 911 1123 947 τοιούτῳ
1136 912 1232 946 εὐαγεί
1245 910 1422 946 προσκαίρων
1434 907 1637 945 παραγραφῶν,
1656 907 1812 943 φυλαττου-

163 959 285 986 servant.

198 1004 306 1032 Textus.
324 1001 357 1029 Et
373 999 570 1035 tit.5ejusdem
581 997 642 1031 lib.,
652 995 795 1028 const.?t,
806 994 843 1022 ait
858 997 958 1026 ratum,

159 1055 225 1081 etc.,
254 1057 336 1085 usque
364 1047 399 1075 ad
424 1047 520 1074 Const.
542 1044 579 1072 55
610 1042 731 1080 [tradit],
756 1047 785 1069 ut
813 1049 877 1076 pag.
905 1039 959 1068 572

165 1096 229 1124 574.

199 1152 344 1181 Sc/wlium.
353 1150 501 1182 Consl.‘24,
511 1150 553 1177 tit.
563 1147 632 1176 ειη).
641 1156 649 1174 ι
657 1146 724 1174 Cod.
735 1151 776 1173 est
784 1144 907 1175 lih.xuv.
918 1142 959 1170 tit.

165 1199 276 1233 18,cap.
290 1198 335 1225 54.
350 1197 408 1224 Non
422 1200 512 1223 autem
523 1195 550 1222 in
560 1193 770 1228 Basil.posituln
784 1196 835 1223 est,
852 1195 881 1218 ut
891 1189 958 1217 Cod.

166 1245 258 1278 tradit,
273 1245 319 1272 sed
338 1243 403 1271 dicit
422 1242 487 1270 illud
507 1242 542 1268 ita
561 1250 568 1268 :
585 1239 663 1273 Quod
688 1237 854 1274 pauperibus
871 1236 957 1263 relin-

164 1289 267 1325 quitur,
280 1297 313 1316 ne
324 1288 458 1315 incertum
469 1286 649 1314 existimator.
663 1283 759 1311 Const.
772 1281 809 1308 ‘28
835 1281 863 1308 in
875 1279 959 1307 Basil.

166 1341 221 1361 non
248 1338 290 1360 est
315 1332 414 1367 posita.
442 1330 536 1358 Const.
561 1330 588 1361 5,
609 1328 650 1355 tit.
675 1327 693 1354 2
710 1326 899 1357 Novellarum,
917 1328 960 1351 est

167 1380 272 1408 novella
288 1377 437 1407 Justiniani
455 1377 501 1404 151
520 1375 574 1412 [ac]
599 1375 687 1410 posita
704 1372 770 1410 [ρει]
786 1373 813 1399 in
839 1371 888 1399 lib.
909 1370 959 1397 Ba-

165 1426 211 1454 sil.
227 1433 255 1457 v,
272 1425 313 1452 tit.
331 1424 359 1456 5,
385 1431 448 1458 cap.
470 1422 498 1455 8,
524 1423 598 1456 quod
616 1421 656 1448 sic
682 1419 761 1446 habet
780 1428 787 1446 :
806 1417 860 1446 Sed
886 1421 912 1444 et
936 1416 960 1443 si

165 1473 228 1507 quis
254 1479 304 1507 pro
329 1470 519 1504 redemptione
551 1467 734 1502 captivorum,
760 1468 809 1492 aut
829 1463 959 1491 alimonia

166 1525 330 1554 pauperum,
346 1517 534 1545 bmreditatem
550 1515 591 1541 vel
607 1514 739 1549 legatum,
755 1511 781 1538 in
799 1510 882 1538 rebus
896 1517 956 1537 mo-

166 1566 277 1598 bilibus,
310 1569 358 1592 aut
383 1570 443 1591 sese
467 1561 653 1593 moventibus,
684 1563 731 1586 aut
757 1556 958 1585 immobilibus.

166 1612 225 1640 sive
240 1610 324 1638 semel
347 1610 403 1637 sive
423 1616 545 1637 annuum
565 1606 729 1642 reliquerit:
745 1608 773 1632 et
797 1604 848 1631 hoc
870 1603 960 1629 modis

166 1659 297 1686 omnibus
320 1656 472 1685 secundum
497 1654 637 1682 testator-is
653 1652 820 1679 voluntatem
845 1656 893 1683 per
909 1655 957 1675 eos

165 1703 211 1739 qui
229 1703 254 1729 id
270 1701 383 1736 exsequi
401 1700 471 1733 jussi
488 1705 551 1727 sunt
575 1703 729 1733 prmstator.
753 1695 780 1722 Si
802 1694 961 1729 specialiter

167 1757 221 1776 non
238 1749 349 1780 dixerit,
367 1747 447 1782 cujus
468 1746 519 1773 loci
542 1744 708 1779 pauperibus
724 1743 781 1770 hac
805 1740 958 1776 reliquerit.

164 1794 303 1829 jnbemns.
324 1797 354 1820 ut
370 1792 595 1827 religiosissimus
611 1789 730 1818 civitatis
750 1788 908 1823 episcopus,
932 1787 958 1813 in

166 1847 221 1876 qua
237 1844 352 1867 testator
365 1839 536 1866 domicilium
556 1837 661 1868 habuit,
673 1843 721 1863 eas
737 1843 781 1863 res
797 1835 830 1862 ad
847 1842 876 1862 se
888 1833 959 1861 rcci-

167 1887 236 1922 piat,
257 1890 285 1913 et
310 1886 382 1913 inter
410 1892 545 1920 pauperes
572 1891 629 1911 suae
652 1882 773 1909 civitatis
801 1881 960 1908 distribuat.

166 1928 302 1961 Caeterum
329 1935 419 1959 const.
447 1931 492 1963 45,
519 1930 593 1957 tit.i’.
615 1928 790 1956 Novellarum
821 1928 848 1953 in
873 1925 958 1953 Basil.

167 1988 222 2007 non
238 1983 279 2008 est
295 1979 395 2014 posita,
423 1977 549 2005 similiter
565 1984 653 2012 neque
672 1978 761 2003 const.
779 1974 814 2002 55
833 1973 958 2008 ejusdem

169 2027 211 2055 tit.
227 2031 254 2054 et
265 2026 312 2054 lib.

206 2133 314 2161 Textus.
328 2133 424 2161 Const.
439 2140 504 2160 vero
516 2132 543 2164 3,
556 2132 598 2158 tit.
613 2130 631 2157 2
657 2129 829 2157 Novellarum
846 2127 881 2155 de
891 2126 963 2162 ejus-

169 2181 242 2209 modi
253 2180 341 2215 legato
354 2179 429 2207 dicit.
443 2178 473 2206 Si
489 2179 546 2213 qui,
560 2184 624 2210 etc.,
637 2184 719 2212 usque
731 2176 765 2203 ad
776 2174 900 2217 relictum
912 2177 965 2206 est,

168 2227 309 2262 procedat,
324 2232 353 2254 ut
369 2234 430 2262 pag.
447 2225 511 2253 571.

206 2285 354 2312 Scliolium.
386 2284 481 2312 Const.
515 2283 543 2315 5,
572 2282 614 2309 tit.
648 2282 666 2308 2
705 2280 879 2308 Novellarum
923 2270 1004 2305 estD

173 2330 280 2358 novella
300 2330 448 2358 Iustiniani
476 2329 524 2356 151
545 2327 601 2365 [ac]
626 2327 715 2363 posita
733 2325 796 2363 [est)
822 2326 850 2353 in
875 2324 923 2352 lib.
952 2331 968 2350 v

171 2375 270 2409 Basil.,
288 2376 330 2403 tit.
353 2375 382 2409 5,
400 2383 460 2410 cap.
490 2376 519 2405 9,
544 2373 617 2410 quod
633 2379 660 2401 et
684 2373 821 2406 integrum
836 2371 863 2398 in
888 2371 966 2397 initio

172 2421 316 2457 praesentis
331 2429 392 2457 cap.
409 2421 545 2448 insertum
562 2424 615 2452 est,
641 2419 677 2445 ita
703 2417 837 2452 incipiens
851 2424 858 2443 :
874 2415 926 2443 Sed
941 2419 968 2442 et

173 2469 197 2497 si
213 2468 276 2503 quis
291 2475 341 2502 pro
359 2468 548 2503 redemptione
561 2465 746 2500 captivorum.

210 2515 320 2543 Tenus.
341 2514 438 2543 Const.
466 2514 501 2542 48
532 2513 573 2540 lit.
599 2513 616 2541 5
630 2512 677 2540 lib.
692 2520 700 2539 l
716 2512 773 2539 ait:
791 2511 868 2544 Quod
894 2509 967 2545 quis,

171 2565 237 2594 etc.,
249 2568 331 2596 usque
343 2561 377 2588 ad
390 2560 533 2588 modorum
548 2558 644 2595 [hanc]
657 2557 777 2591 excludi,
789 2562 817 2584 ut
827 2565 890 2592 pag.
904 2556 969 2583 571-

171 2608 236 2636 575.

208 2663 356 2692 Sclwlium.
373 2664 467 2691 Const.
485 2664 519 2691 48
531 2663 572 2691 tit.
597 2664 624 2695 5,
641 2663 688 2690 lib.
710 2670 751 2694 ιιι,
767 2661 847 2689 Cod.’
861 2669 915 2689 non
930 2666 971 2689 est

172 2712 261 2746 posita
276 2711 301 2738 in
318 2710 414 2743 Basil.;
430 2714 518 2738 const.
546 2717 610 2737 vero
624 2710 652 2742 5,
675 2709 721 2736 lib.
739 2717 758 2736 ιι
783 2707 969 2739 Novellarnm,

174 2761 217 2784 est
242 2757 348 2784 novella
373 2755 522 2784 Iustiniani
555 2756 624 2789 151,
646 2755 733 2790 posita
762 2755 835 2790 [quae
864 2753 917 2791 est]
943 2755 969 2781 in

174 2803 222 2830 lib.
236 2802 320 2830 Basil.
337 2811 363 2835 v,
379 2803 421 2830 tit.
434 2803 461 2834 ἴ,
473 2810 533 2837 eap.
548 2802 575 2835 8,
602 2802 676 2836 quod
690 2806 717 2828 et
733 2801 855 2829 secundo
870 2801 971 2828 abhinc

176 2848 312 2882 siuperiori
340 2848 443 2876 scitolio
472 2849 607 2876 incertum
633 2851 685 2875 est.
702 2847 797 2874 Const.
891 2847 932 2874 tit.
954 2848 971 2874 2

180 2893 228 2920 lib.
244 2902 250 2920 I
267 2893 334 2920 Cod.
354 2894 380 2922 in
408 2894 490 2923 Basil.
518 2902 571 2923 non
592 2899 633 2923 est
650 2895 748 2930 posita.
766 2894 865 2923 Verum
882 2900 969 2923 const.

1015 958 1069 985 σῶν
1088 958 1214 994 μέντοιγε
1227 958 1292 989 τοὺς
1305 956 1423 988 οἰκείους
1449 956 1576 992 χρόνους.

1050 1005 1205 1040 Κειμενον.
1220 1004 1277 1031 Καὶ
1295 1004 1350 1031 τιτ.
1365 1002 1390 1038 γ’
1415 1002 1463 1030 τοῦ
1490 1001 1573 1029 αὐτοῦ
1598 1001 1712 1036 βιϐλίου,
1738 1000 1810 1028 διάτ.

1014 1051 1063 1085 κδ’,
1082 1051 1166 1088 φησὶν
1189 1050 1337 1087 ἐρρῶσθαι,
1367 1058 1395 1077 κ.
1411 1058 1436 1078 τ.
1454 1048 1493 1083 λ.,
1510 1056 1598 1084 usque
1615 1048 1649 1075 ad
1667 1047 1738 1076 διάτ.
1761 1046 1811 1074 τοῦ

1013 1098 1096 1126 αὑτοῦ
1113 1097 1213 1125 τίτλον.

1049 1157 1190 1192 Σχόλιον.
1209 1155 1241 1183 Ἦ
1262 1154 1299 1183 κδ’
1315 1154 1386 1182 διάτ.
1402 1153 1450 1181 τοῦ
1464 1148 1490 1188 γί
1511 1153 1562 1180 τίτ.
1583 1152 1630 1180 τοῦ
1653 1151 1678 1179 α’
1707 1150 1811 1187 βιϐλίου

1013 1202 1060 1229 τοῦ
1077 1200 1200 1233 Κώδικὸς
1216 1201 1275 1227 ἐστι
1290 1199 1392 1235 βιϐλίον
1406 1198 1458 1234 μδ’,
1474 1199 1528 1225 τίτ.
1544 1197 1589 1233 ιη’,
1605 1206 1669 1232 κεφ.
1698 1195 1746 1223 λδ¹⁵
1761 1195 1812 1222 οὐκ

1017 1249 1098 1285 ἐτέθη
1116 1249 1145 1276 δὲ
1162 1249 1190 1275 ὲν
1201 1250 1258 1280 τοῖς
1270 1248 1425 1278 Βασιλικοῖς
1437 1246 1475 1279 ὡς
1486 1247 1500 1272 ὁ
1514 1244 1605 1277 Κώδιξ
1619 1239 1812 1279 διελάμὸανεν,

1015 1297 1071 1324 ἀλλ’
1087 1295 1159 1323 οὕτω
1174 1296 1255 1330 φησὶν
1268 1296 1282 1322 ὸ
1296 1293 1451 1324 Βασιλικός·
1464 1293 1501 1319 Τὸ
1516 1293 1573 1324 τοῖς
1591 1291 1710 1326 πτωχοῖς
1724 1297 1812 1317 κατα-

1014 1342 1220 1378 λιμπανόμενον
1235 1340 1272 1376 μὴ
1293 1339 1445 1375 νομιζέσθω
1473 1337 1581 1372 ἄδηλον.
1603 1336 1637 1363 Ἠ
1666 1334 1711 1371 κη’
1739 1335 1812 1363 διάτ.

1014 1389 1065 1415 οὐκ
1080 1387 1160 1423 ἐτέθη
1177 1387 1216 1419 εἰς
1231 1386 1265 1413 τὰ
1282 1385 1425 1413 Βασιλικά.
1445 1384 1477 1411 Ἦ
1499 1383 1522 1419 γ’
1550 1383 1621 1410 διάτ.
1649 1381 1697 1408 τοῦ
1713 1380 1735 1417 β’
1758 1381 1812 1408 τίς.

1014 1436 1068 1462 τῶν
1083 1434 1199 1470 Νεαρῶν
1214 1434 1272 1460 ἐστι
1281 1432 1367 1468 νεαρὰ
1381 1430 1596 1461 Ἰουστινιάνειος
1613 1427 1679 1464 ρλα’,
1697 1428 1812 1463 κειμένη

1014 1481 1043 1506 ὲν
1060 1479 1155 1515 βιϐλίῳ
1171 1477 1191 1505 ε’
1207 1477 1262 1505 τῶν
1278 1476 1441 1510 Βασιλικῶν,
1456 1475 1510 1503 τιτ.
1528 1474 1565 1509 τ’»
1580 1482 1643 1509 κεφ,
1665 1472 1690 1509 η’
1701 1493 1709 1505 ,
1724 1472 1814 1503 οὕτως

1015 1524 1104 1561 ἔχοντι
1119 1532 1126 1539 ’
1146 1525 1178 1551 Εἰ
1192 1524 1221 1550 δὲ
1235 1523 1281 1550 καί
1296 1531 1338 1554 τις
1347 1522 1418 1558 ὑπὲρ
1427 1521 1606 1557 ἁναρῤύσεως
1618 1517 1814 1555 αἰχμαλώτων,

978 1590 997 1618 C
1015 1573 1031 1608 ἢ
1052 1571 1211 1606 ὰποτροφῆς
1229 1571 1353 1606 πενήτων
1380 1568 1565 1605 κληρονομίαν
1585 1568 1602 1604 ἢ
1627 1567 1745 1602 ληγάτον
1761 1574 1814 1592 κα-

1016 1618 1134 1654 ταλείπῃ
1158 1618 1187 1644 ἐν
1208 1616 1353 1652 πράγμασι
1376 1616 1508 1650 κινητοῖς,
1529 1614 1545 1650 ἢ
1576 1612 1779 1648 αὑτοκινήτοις,
1793 1611 1812 1646 ἧ

1018 1665 1169 1698 ἀκινήτοις,
1187 1664 1241 1690 εἴτε
1256 1663 1339 1695 ἅπαξ,
1349 1662 1405 1688 εἴτε
1423 1662 1530 1697 ἐτήσιον
1547 1659 1594 1687 καὶ
1608 1658 1689 1686 τοῦτο
1702 1658 1817 1694 τρόποις

1018 1712 1104 1739 ᾶπασι
1116 1710 1187 1737 κατὰ
1204 1711 1253 1745 τὴν
1264 1709 1310 1736 τοῦ
1323 1707 1483 1744 διαθεμένου
1498 1707 1612 1743 γνώμην
1625 1706 1679 1734 ἀπὸ
1696 1706 1751 1732 τῶν
1765 1713 1817 1732 κε-

1018 1756 1186 1784 λευσθὲντων
1207 1755 1286 1782 τοῦτο
1318 1755 1441 1790 ποιῆσαι,
1470 1752 1644 1788 πληρούσθω.
1668 1752 1700 1778 Et
1726 1751 1756 1778 δὲ
1778 1751 1818 1786 μὴ

1021 1804 1113 1835 ῐδικῶς
1133 1804 1198 1839 εἴπῃ
1218 1802 1294 1828 ποίου
1316 1801 1400 1827 τόπου
1419 1799 1518 1834 πένησι
1538 1798 1624 1826 ταῦτα
1654 1797 1817 1828 κατέλιπεν,

1020 1846 1165 1881 κελεύομεν
1179 1846 1223 1873 τὸν
1236 1844 1386 1873 ὁσιώτατον
1405 1844 1455 1879 τῆς
1471 1843 1573 1874 πόλεως
1589 1842 1742 1869 ἐπίσκοπον
1757 1842 1788 1867 ἑν

1019 1894 1107 1920 οἰκίαν
1133 1894 1147 1920 ὁ
1162 1892 1321 1928 διαθέμενος
1345 1888 1404 1927 εἶχε
1431 1889 1660 1925 παραλαμϐάνειν
1686 1887 1721 1914 τὰ
1747 1887 1820 1914 αὐτὰ

1020 1939 1184 1974 πράγματα,
1204 1938 1320 1969 καὶτοῖς
1340 1937 1390 1972 τῆς
1410 1936 1496 1970 αὐτῆς
1513 1935 1619 1966 πόλεως
1641 1934 1739 1967 πένησι
1755 1932 1820 1959 δια-

1020 1986 1123 2019 νέμειν.
1144 1985 1176 2010 ’Π
1189 1984 1217 2010 δὲ
1235 1983 1276 2018 με’
1288 1983 1359 2010 διάτ.
1377 1981 1425 2008 τοῦ
1438 1980 1459 2017 β’
1471 1980 1524 2008 τίτ.
1547 1980 1601 2007 τῶν
1630 1978 1747 2014 Νεαρῶν
1766 1979 1821 2004 οὐκ

1022 2030 1100 2065 ἐτέθη
1118 2031 1158 2062 εἰς
1181 2029 1215 2057 τὰ
1238 2029 1383 2056 Βασιλικά.
1402 2027 1541 2058 Ὡσαύτως
1570 2025 1631 2053 οὐδὲ
1660 2026 1677 2062 ἡ
1695 2028 1732 2052 vs’
1745 2025 1821 2053 διάτ.

1022 2076 1068 2104 τοῦ
1080 2075 1162 2104 αὑτοῦ
1183 2076 1287 2112 βιϐλίου
1299 2075 1346 2103 καὶ
1357 2075 1412 2103 τίτ.

1058 2133 1214 2167 Κείμενον.
1232 2130 1265 2158 Ἠ
1285 2131 1313 2158 δὲ
1332 2135 1356 2163 γ’
1376 2130 1445 2158 διὰτ.
1461 2129 1508 2157 τοῦ
1521 2130 1543 2166 β’
1556 2129 1609 2156 τίτ.
1623 2127 1679 2156 τῶν
1688 2127 1821 2163 Νεαρῶν,

1024 2189 1050 2207 κ.
1066 2189 1091 2207 τ.
1110 2180 1136 2208 λ.
1152 2186 1240 2214 usque
1267 2178 1299 2206 ad
1325 2177 1491 2213 κατελείφθη
1518 2175 1708 2214 προχωρῆσαι.

1055 2285 1195 2319 Σχόλιον.
1213 2284 1245 2311 Ἦ
1253 2287 1277 2318 γ’
1292 2284 1363 2312 διάτ.
1380 2282 1426 2310 τοῦ
1455 2282 1537 2318 βτίτ.
1554 2282 1609 2309 τῶν
1620 2280 1737 2317 Νεαρῶν
1759 2281 1824 2308 ἐστι

1019 2331 1104 2366 νεαρᾶ
1127 2331 1343 2362 Ἰουστινιάνειος
1356 2329 1424 2366 ρλα’,
1438 2328 1555 2364 κειμένη
1572 2329 1600 2354 ἐν
1611 2327 1707 2363 βιϐλίῳ
1721 2333 1740 2354 ε’
1757 2326 1818 2354 Βα-

1021 2376 1132 2403 σιλικῶν
1144 2396 1151 2407 ,
1168 2376 1221 2403 τίτ.
1249 2375 1286 2410 γ’,
1308 2384 1372 2410 κεφ.
1395 2374 1428 2408 θ’,
1447 2374 1461 2401 ὃ
1475 2374 1507 2409 δὴ
1523 2374 1570 2400 καὶ
1591 2371 1770 2407 κατεστρώθη
1791 2371 1825 2404 ἐξ

1019 2423 1168 2459 ὁλοκλήρου
1185 2424 1213 2449 ὲν
1230 2424 1263 2458 τῇ
1283 2422 1408 2457 καταρχῇ
1428 2420 1475 2447 τοῦ
1494 2419 1629 2455 παρόντος
1651 2427 1715 2453 κεφ.
1733 2418 1823 2453 ἀρχό-

1023 2479 1103 2506 μενον
1117 2469 1214 2501 οὕτως·
1231 2470 1262 2496 Εἰ
1278 2469 1306 2495 δὲ
1321 2468 1392 2503 ὑπὲρ
1399 2466 1577 2503 ἁναῤῥύσεως
1588 2464 1783 2501 αἰχμαλώτων.

1056 2517 1209 2552 Κείμενον.
1232 2516 1265 2542 Ἦ
1287 2515 1316 2542 δὲ
1344 2513 1388 2549 μη¹
1410 2514 1480 2540 διάτ.
1506 2511 1554 2539 τοῦ
1571 2511 1595 2546 γ’
1622 2511 1688 2544 τίτ.,
1714 2511 1764 2538 τοῦ
1796 2510 1823 2550 αξ

1023 2564 1125 2600 βιϐλίου
1137 2562 1229 2598 φησιν,
1243 2571 1269 2588 κ.
1281 2570 1307 2588 τ,
1322 2560 1347 2588 λ.
1360 2566 1448 2594 usque
1460 2559 1494 2586 ad
1507 2557 1683 2584 ἀποκλείεται
1695 2547 1827 2593 τρόπωνξ

1057 2668 1198 2702 Σχόλιον.
1221 2667 1253 2693 Ἡ
1272 2665 1317 2701 μη⁹
1341 2665 1413 2692 διάτ.
1437 2665 1484 2692 τοῦ
1498 2664 1584 2699 γ’τίτ.
1600 2662 1649 2690 τοῦ
1676 2665 1699 2689 α’
1713 2661 1824 2698 βιϐλίου

1022 2713 1072 2740 οὐκ
1101 2712 1181 2748 ἐτέθη
1205 2712 1245 2744 εἰς
1270 2712 1303 2738 τὰ
1333 2711 1470 2747 βασιλικά.
1498 2710 1531 2737 Ἦ
1556 2710 1585 2737 δὲ
1604 2709 1708 2745 γ’διάτ.
1732 2708 1782 2735 τοῦ
1799 2708 1817 2744 β

1023 2759 1076 2786 τίτ.
1104 2758 1159 2786 τῶν
1186 2757 1301 2793 Νειρῶν
1321 2757 1379 2783 ἐστι
1400 2756 1486 2792 νεαρὰ
1512 2755 1733 2787 Ἰουστινιάνειος
1751 2755 1826 2791 plu’,

1024 2805 1138 2841 κειμένη
1152 2806 1180 2832 ὲν
1189 2804 1284 2840 βιϐλίῳ
1297 2804 1351 2831 τῶν
1362 2803 1515 2831 Βασιλικῶν
1527 2802 1559 2835 ε’,
1579 2802 1632 2829 τίτ.
1647 2801 1683 2836 γ’,
1703 2810 1769 2836 κεφ,
1786 2800 1826 2837 η’,

1024 2852 1038 2878 ὃ
1055 2852 1102 2879 καὶ
1125 2850 1301 2886 κατεστρώθη
1328 2851 1366 2882 εἰς
1392 2849 1423 2876 τὸ
1450 2849 1586 2884 παρελθὸν
1600 2848 1766 2875 καταϐατόν.
1790 2847 1829 2875 Ἡ

1026 2897 1063 2925 νϐ’
1078 2897 1147 2924 ὃιάτ.
1175 2896 1221 2923 τυῦ
1234 2895 1255 2932 β⁴
1272 2897 1324 2923 τίς.
1341 2896 1386 2922 τοῦ
1403 2895 1427 2922 α’
1445 2894 1548 2931 βιϐλίου
1562 2893 1610 2921 τοῦ
1625 2893 1750 2925 Κώδικυς
1771 2894 1827 2920 οὐκ
