1956 3049
138 161 212 196 1045

651 162 898 195 NOMOCANON.
913 173 940 179 -
968 158 1208 202 TIT.II.'CAP-
1232 162 1276 195 Π.

1722 161 1789 196 1016

136 220 218 256 ἐτέθη
236 219 279 254 εις
303 219 340 248 τὰ
361 218 506 248 Βασιλικά¹
527 219 561 248 Ἦ
588 219 681 257 μέντοι
699 219 721 256 β’
737 220 809 249 διάτ.
833 219 881 247 τοῦ
907 219 933 247 α’

998 219 1058 247 itit.
1075 220 1087 247 1
1103 218 1279 250 Novellarum
1309 226 1353 251 est
1371 221 1479 251 novella
1513 218 1665 249 Iustiniani
1679 218 1741 254 125,
1756 228 1789 249 ac

135 266 192 295 τίτ.
215 266 270 294 τῶν
294 266 411 302 Νεαρῶν
428 267 487 294 ἐστι
511 267 599 302 νεαρὰ
636 267 853 299 Ίουστινιάνειος
877 269 936 303 ρκγ¹

136 312 186 340 καὶ
203 311 286 349 ἐτέθη
302 312 332 340 ὲν
348 312 676 349 βιϐλίῳτῶντΒασιλικῶν
693 313 725 345 δ’,
742 313 796 341 τίτ.
812 316 849 346 α’,
874 322 939 348 κεφ.

135 357 159 386 ε’
174 359 223 386 καὶ
239 358 280 392 ς’,
298 358 370 386 οὕτω
381 359 476 395 σχεδὸν
488 359 528 392 ὡς
542 359 662 388 ἐνταῦθα
677 360 778 388 κεῖται.

172 415 326 450 Κείμενον.
345 414 430 449 Λέγει
445 414 474 442 δὲ
488 415 506 452 ἡ
527 415 552 442 α’
581 415 629 442 καὶ
641 415 710 452 μόνη
724 415 795 446 διάτ,
820 416 869 444 τοῦ
896 415 941 452 μη¹

136 461 193 488 τίτ.
209 461 258 488 τοῦ
274 459 303 494 ς’
334 461 439 497 βιϐλίου
454 461 502 489 τοῦ
521 461 655 494 Κώδιςιος,
673 470 701 490 κ.
722 471 747 489 τ.
763 462 788 489 λ.
804 470 892 498 usque
907 463 942 491 ad

136 508 283 543 συμϐᾶσαν
298 507 410 544 ζημίαν,

172 563 310 598 Σχόλιον.
329 562 362 590 Ἦ
378 561 402 590 α’
415 563 484 590 διάτ.
515 563 563 590 τοῦ
590 562 637 600 μη¹
652 563 705 592 τίτ.
722 563 770 592 τοῦ
787 568 814 598 ς’
837 564 940 601 βιϐλίου

134 608 183 636 τοῦ
200 609 322 641 Κώδικος
349 610 438 636 κεῖται
464 610 494 638 ὲν
507 609 603 646 βιϐλίῳ
621 609 673 646 μδ’,
693 610 747 638 τίτ.
768 609 814 646 ιη’,
831 620 893 646 κεφ.
907 611 940 646 λ’,

135 654 185 682 καὶ
199 654 276 690 ζήτει
291 654 373 682 τοῦτο
387 655 468 691 περὶ,
487 656 522 682 τὰ.
542 656 617 691 μέσα
629 655 815 692 διαλαμϐάνον
828 657 879 684 ὅσα
900 658 942 690 εἰς

134 700 167 727 τδ
185 700 313 736 κείμενον
327 701 499 737 ὲγράφησαν.
518 701 559 728 Τὰ
572 701 600 728 δὲ
614 701 750 737 λεγόμενα
763 702 940 738 περιέχεσθαι

134 747 166 774 ἐν
184 746 223 783 τῷ
249 746 289 780 κζ’
307 747 362 775 τίτ.
383 748 433 784 τῆς
446 746 470 782 γ’
497 748 711 780 ίνστιτουτιῶνος
740 748 791 776 οὐκ
807 749 940 785 ἐτέθησαν

135 794 177 826 εἰς
189 794 223 822 τὰ
241 794 387 823 Βασιλικά.
408 795 440 822 Ἦ
459 795 550 831 μέντοι
577 794 600 830 β’
615 795 686 824 διάτ.
704 795 752 823 τοῦ
768 795 790 832 β’
805 797 859 824 τίτ.
885 797 940 824 τῶν

135 840 252 877 Νεαρῶν
263 842 323 868 ἐστι
348 844 383 876 ιη’
399 849 464 877 κεφ.
490 841 537 868 τοῦ
562 840 585 877 β’
598 842 651 869 τίτ.
668 841 717 869 τοῦ
737 842 758 869 ε’
774 842 876 878 βιϐλίου
892 844 940 871 καί

128 894 204 922 Ῠφησι
219 886 312 922 σχεδὸν
329 886 363 913 τὰ
377 886 458 915 αὐτά.
480 887 515 914 Ἦ
539 886 568 913 δὲ
587 885 611 913 α’
635 886 706 915 διάτ.
728 886 775 914 τοῦ
798 888 879 915 αὐτοῦ
897 888 940 925 βι-

135 931 212 960 ϐλίου
227 932 282 960 τῶν
295 932 412 969 Νεαρῶν
426 932 477 960 οὐκ
491 932 570 969 ὲτέοη
585 933 626 965 εἰς
645 933 680 960 τὰ
695 933 835 969 βασιλικά.

171 1002 299 1030 ΚΕΦΔΛ,
316 1001 356 1030 Β’.
375 1017 411 1023 -
427 1002 497 1037 Περὶ
514 1002 601 1037 ιερῶν
611 1002 734 1030 σκευῶν
755 1003 805 1031 καί
819 1005 933 1041 ἀναθη-

133 1048 248 1085 μάτων.

178 1095 355 1123 Ἀποστόλων
376 1096 467 1123 κανὼν
491 1094 530 1130 of
547 1103 556 1111 '
582 1095 692 1123 συνόδου
712 1099 737 1123 α’
759 1096 807 1124 καὶ
830 1097 852 1134 β’
870 1107 936 1133 συγ-

135 1140 320 1177 κροτηθείσης
330 1141 360 1168 ἐν
369 1141 410 1176 τῷ
420 1141 478 1177 ναῷ
488 1141 544 1168 τῶν
550 1140 650 1176 Ἀγιων
657 1143 830 1170 Ἀποστόλων
844 1144 936 1172 κανὼν

135 1192 173 1222 α’,
197 1191 224 1215 ι’·
249 1188 388 1225 Κυρίλλου
421 1188 455 1216 ἐκ
481 1189 533 1225 τῆς
557 1189 627 1224 πρὸς
651 1188 755 1224 Δόμνον
787 1190 935 1227 ἐπιπολῆς

136 1243 200 1270 κεφ.
213 1233 248 1270 β’.

172 1292 328 1327 Κείμενον.
370 1293 404 1320 Ἥ
428 1292 462 1326 ιζ’
478 1292 550 1321 διάτ.
567 1291 615 1320 τοῦ
652 1291 675 1328 β’
699 1292 754 1321 τίτ.
777 1292 825 1320 τοῦ
840 1293 867 1321 α’
894 1294 936 1330 βι-

138 1336 216 1364 ϐλίου
229 1337 277 1364 τοῦ
293 1337 418 1371 Κώδικὺς
430 1347 524 1374 φησιν,
537 1347 565 1366 κ.
583 1347 610 1367 τ.
627 1338 666 1372 λ.,
686 1346 773 1374 usque
790 1339 824 1368 ad
845 1341 870 1367 ei
897 1340 936 1377 μὴ

137 1383 182 1411 διὰ
193 1383 271 1411 λύσιν
286 1384 478 1420 αἰχμαλώτων.

173 1441 314 1475 Σχόλιον.
335 1441 368 1468 Ἦ
383 1439 416 1473 ιζ’
430 1441 501 1469 διάτ.
518 1442 567 1469 τοῦ
596 1442 618 1478 β’
643 1443 696 1471 τίτ.
721 1443 768 1470 τοῦ
788 1441 812 1470 α’
831 1442 936 1478 βιϐλίου

137 1486 186 1514 τοῦ
202 1486 326 1520 Κὼδικος
347 1488 398 1515 οὐκ
409 1488 490 1524 ἐτέθη
506 1489 546 1522 εἰς
560 1489 594 1516 τὰ
616 1489 755 1525 βασιλικὰ,
772 1489 833 1517 οὐδὲ
849 1490 865 1525 ἠ
882 1492 936 1517 κα’.

137 1532 176 1560 Τδ
201 1532 294 1569 μέντοι
325 1533 364 1570 ξβ¹
391 1533 463 1563 διάτ.
497 1534 545 1562 τοῦ
575 1534 598 1562 α’
621 1535 673 1562 τίτ.
697 1535 745 1562 τοῦ
780 1539 814 1570 ιη’
831 1535 936 1570 βιϐλίου

138 1579 198 1606 ἐστὶ
221 1579 323 1616 βιϐλίον
352 1581 385 1608 ιϐ’
406 1581 462 1608 τῶν
477 1581 642 1615 Βασιλικῶν,
673 1582 726 1610 τίτ.
751 1585 785 1614 α’,
803 1590 866 1616 κεφ.
885 1581 936 1615 ξϐ¹,

992 267 1082 302 posita
1096 267 1176 295 estin
1194 268 1242 296 lib.
1270 268 1355 298 Basil.
1377 277 1416 303 iV,
1429 269 1472 297 tit.
1490 268 1518 302 1,
1538 273 1600 303 cap.
1618 265 1635 294 5
1659 268 1687 294 et
1710 266 1737 300 6,
1753 267 1788 294 ad

993 313 1120 342 eumdem
1137 322 1221 350 prope
1237 315 1362 349 modum,
1374 323 1430 352 quo
1442 315 1498 343 hic.
1518 324 1522 339 ι

1030 419 1140 448 Textus.
1158 419 1229 448 Dicit
1243 419 1462 455 porrol,caque
1478 417 1572 451 unica,
1588 419 1679 444 const.
1696 415 1739 444 tit.
1754 415 1790 443 48

992 465 1040 493 lib.
1056 474 1083 493 v1
1097 465 1166 494 Cod.
1182 466 1378 500 :Valere,etc.,
1388 465 1512 502 usquead
1525 460 1678 494 obvenerit,
1699 470 1790 491 resar-

993 511 1057 545 ciet,
1071 517 1100 539 ut
1115 520 1177 548 pag.
1191 512 1254 540 574.

1027 568 1176 598 Scholium.
1204 570 1300 598 Const.
1318 571 1331 598 1
1358 570 1401 598 tit.
1431 569 1466 598 48
1482 570 1530 597 lib.
1551 577 1577 597 νι
1598 569 1668 598 Cod.
1698 567 1788 604 posita

992 620 1033 644 est
1049 617 1076 644 in
1099 616 1146 644 lib.
1165 625 1238 651 xuv,
1251 617 1292 645 tit.
1306 617 1353 649 18,
1372 624 1433 652 cap.
1445 616 1491 648 50,
1505 615 1578 651 quod
1595 623 1698 651 qurere.
1709 614 1789 642 Circa

992 663 1113 690 medium
1130 664 1203 691 enim
1221 668 1330 697 tractat,
1346 671 1519 699 quaecunque
1536 663 1562 690 in
1586 666 1661 690 textu
1687 661 1789 696 scripta

991 714 1065 737 sunt.
1081 709 1148 743 Quae
1173 718 1238 738 vero
1253 711 1382 738 dicuntur
1409 709 1603 745 comprehendi
1628 709 1653 736 in
1680 708 1716 736 27
1747 708 1789 735 tit.

992 755 1065 793 [lib.]
1079 764 1123 790 In,
1150 761 1178 785 et
1207 756 1240 784 16
1263 757 1306 784 tit.
1323 756 1398 793 [lib.]
1421 764 1448 784 Iv
1466 756 1555 784 lnslit.
1576 755 1603 783 in
1623 754 1707 782 Basil.
1733 761 1789 781 non

991 803 1165 839 suntposita.
1185 804 1256 832 Sane
1273 811 1339 832 vero
1354 807 1444 832 const.
1472 803 1490 830 2
1515 803 1559 830 tit.
1578 802 1596 829 2
1614 801 1789 829 Novellarum

990 853 1106 884 estcap.
1131 848 1165 876 18
1190 849 1229 876 tit.
1260 849 1278 876 2
1299 849 1346 876 lib.
1370 857 1396 881 ν,
1424 847 1498 883 quod
1522 847 1579 874 fere
1601 846 1696 873 eadem
1712 843 1790 872 dicit.

992 894 1086 923 Const.
1103 900 1194 923 autem
1211 896 1223 923 1
1247 895 1369 931 ejusdem
1384 895 1433 923 lib.
1457 893 1633 921 Novellarum
1659 891 1688 919 in
1705 889 1789 918 Basil.

960 938 980 965 Β
996 949 1050 969 non
1064 946 1106 970 est
1119 942 1219 977 posita.

1031 1008 1109 1036 CAP.
1130 1009 1162 1036 ll.
1175 1024 1210 1029 —
1223 1009 1261 1037 De
1277 1009 1362 1037 sacris
1379 1008 1462 1042 vasis,
1478 1012 1503 1035 et
1522 1006 1653 1035 donariis.

1030 1101 1226 1136 Apostolorum
1237 1107 1324 1128 canon
1331 1099 1384 1132 '15;
1398 1098 1509 1127 concilii
1521 1099 1534 1125 1
1547 1102 1574 1126 et
1583 1098 1601 1124 2
1612 1097 1639 1124 in
1651 1096 1708 1125 aede
1721 1095 1790 1123 San-

994 1153 1102 1175 ctorum
1115 1147 1309 1182 Apostolorum
1325 1145 1423 1178 coacti,
1436 1152 1525 1173 canon
1540 1144 1609 1179 1,10
1621 1153 1629 1179 ;
1643 1152 1676 1173 ex
1687 1143 1790 1179 episto-

990 1194 1016 1223 la
1032 1194 1124 1230 Cyrilli
1141 1193 1175 1221 ad
1190 1193 1325 1221 Domnum
1338 1196 1421 1228 caput
1433 1191 1462 1220 2.

1029 1301 1137 1328 Toxlus.
1160 1299 1255 1328 Const.
1277 1299 1311 1326 17
1332 1299 1374 1326 tit.
1398 1298 1416 1325 2
1432 1298 1481 1326 lib.
1500 1305 1509 1325 ι
1529 1297 1597 1324 Cod.
1618 1296 1657 1324 ait
1679 1304 1686 1322 :
1705 1293 1784 1328 Quod

992 1347 1056 1376 dum
1069 1351 1157 1378 extra,
1166 1351 1322 1381 etc.,usque
1333 1344 1368 1372 ad
1377 1343 1594 1379 redemptionem
1604 1342 1789 1377 captivorum,

993 1397 1023 1421 ut
1038 1401 1099 1429 pag.
1115 1392 1178 1420 579.

1028 1449 1175 1478 Scliolium.
1192 1448 1287 1477 Const.
1307 1448 1350 1480 17,
1379 1447 1420 1474 tit.
1437 1446 1466 1478 2,
1485 1445 1534 1473 lib.
1555 1453 1564 1473 ι
1584 1444 1652 1472 Cod.
1674 1451 1730 1472 non
1750 1447 1791 1471 est

994 1497 1083 1532 posita
1100 1496 1127 1523 in
1142 1495 1225 1523 Basil.
1237 1516 1244 1529 ,
1261 1501 1349 1529 nequc
1361 1493 1407 1522 2i.
1423 1491 1525 1520 Verum
1539 1490 1637 1526 digest.
1654 1489 1689 1517 62
1718 1489 1761 1517 tit.
1776 1489 1789 1516 1

994 1543 1042 1571 lib.
1057 1551 1134 1576 xvm,
1145 1546 1185 1570 est
1202 1542 1251 1568 lib.
1265 1549 1310 1568 xtx
1326 1539 1466 1572 Basil.,tit
1477 1539 1503 1570 1,
1517 1546 1577 1572 cap.
1595 1537 1640 1568 02.
1658 1537 1750 1564 thema
1761 1536 1790 1567 2,

994 1589 1066 1625 quod
1084 1589 1174 1620 habet,
1190 1592 1221 1615 ut
1234 1587 1261 1615 in
1279 1590 1354 1614 textu
1374 1586 1508 1621 scriptum
1523 1588 1575 1613 est.
1587 1583 1642 1611 Tit.
1671 1584 1683 1610 1
1719 1582 1792 1619 [lib.]

138 1625 211 1662 οέμα
224 1626 258 1663 β’,
275 1626 363 1660 οὕτως
383 1627 446 1663 ἔχον
463 1628 501 1661 ὼς
511 1628 550 1661 εἰς
563 1628 594 1655 τὸ
610 1628 738 1663 κείμενον
761 1628 881 1664 ἐγράφη.
906 1629 936 1655 '0

1000 1635 1111 1664 illistit.
1135 1634 1163 1662 in
1190 1634 1274 1662 Basil.
1298 1641 1353 1661 non
1369 1636 1412 1661 est
1437 1632 1556 1667 positus.
1584 1630 1679 1658 Const.
1697 1630 1710 1657 1
1729 1629 1790 1656 tit.2

137 1671 163 1699 α’
191 1672 245 1700 τίτ.
271 1673 322 1709 τῆς
336 1672 358 1709 3'
383 1673 600 1706 ίνστιτουτιῶνος
619 1673 670 1701 οὐκ
683 1674 764 1710 ἐτέθη
782 1675 822 1707 εἰς
834 1675 868 1702 τὰ
883 1675 938 1701 Ba-

141 1718 245 1748 σιλικά.
267 1720 301 1746 Ἠ
317 1718 341 1747 α’
367 1720 439 1748 διάτ.
463 1721 511 1747 τοῦ
539 1720 562 1756 β’
580 1720 633 1748 τίτ.
661 1720 716 1747 τῶν
739 1720 855 1757 Νεαρῶν
879 1721 938 1748 ἐστι

137 1765 224 1805 νεαρὰ
244 1766 460 1799 ἰουστινιάνειος
483 1766 524 1804 ρκ’
539 1776 546 1784 ·
570 1767 650 1795 τοῦτο
664 1767 692 1794 δὲ
711 1767 796 1802 αὐτῆς
815 1767 846 1794 τὸ
873 1776 936 1802 κεφ,

137 1812 189 1840 οὐκ
204 1813 285 1848 ἐτέθη
300 1814 341 1846 εἰς
354 1813 389 1841 τὰ
401 1814 545 1842 Βασιλικά.

171 1859 326 1894 Κείμενον.
345 1858 379 1886 Ἠ
403 1859 432 1886 δὲ
454 1859 476 1895 β’
502 1860 572 1888 διάτ.
588 1859 637 1887 τοῦ
658 1859 741 1887 αὐτοῦ
768 1860 822 1888 τὶτ.
840 1861 936 1897 φησὶν,

137 1903 209 1932 ὥστε
221 1905 256 1932 τὰ
272 1906 334 1942 ἱερὰ
350 1906 446 1942 σκεύη,
466 1916 494 1934 κ.
505 1916 532 1934 τ.
545 1906 584 1941 λ.,
601 1914 690 1942 usque
706 1907 740 1935 ad
757 1907 806 1934 καὶ
820 1907 870 1944 οὐχ
885 1908 937 1944 ἁρ-

139 1950 217 1986 μόζει
234 1951 267 1978 ἐκ
290 1951 386 1979 τούτου
410 1953 517 1989 ἀγωγή.

173 2007 314 2042 Σχόλιον.
344 2009 377 2036 Ἦ
401 2009 423 2045 3'
442 2009 514 2038 διάτ.
546 2010 595 2037 τοῦ
624 2010 646 2046 β’
668 2010 722 2038 τίτ.
745 2010 802 2037 τῶν
820 2010 937 2046 Νεαρῶν

139 2054 200 2081 ἐστι
214 2055 300 2091 νεαρὰ
318 2056 533 2089 Ἰουστινιάνειος
545 2056 596 2093 ρκ’,
619 2057 734 2093 κειμένη
762 2057 792 2084 ὲν
806 2057 901 2093 βιϐλίῳ
916 2057 937 2084 ε’

136 2099 192 2127 τῶν
207 2101 436 2135 Βασιλικῶν,τίτ.
449 2102 482 2138 β’,
497 2112 561 2138 κεφ.
577 2102 632 2136 κα’,
646 2103 733 2136 οὕτως
747 2103 836 2139 ἔχοντι
847 2103 938 2136 καθὼς

136 2147 179 2179 εἰς
193 2147 224 2175 τὸ
235 2147 362 2184 κείμενον
378 2149 522 2186 διελήφθη.
543 2151 580 2178 Τὸ
608 2150 641 2185 ιγ’
656 2151 727 2178 διάτ.
753 2150 800 2178 τοῦ
826 2150 862 2187 ιη’
883 2151 935 2179 τίτ.

137 2193 186 2221 τοῦ
219 2193 243 2222 α’
261 2194 367 2229 βιϐλίου
389 2196 448 2222 ἐστὶ
469 2195 572 2232 βιϐλίον
593 2196 631 2230 ς’,
649 2197 715 2229 τίτ..
731 2196 766 2231 α’,
787 2206 851 2232 κεφ.
881 2198 936 2234 μβ’,

136 2238 224 2271 οὕτως
238 2239 309 2275 ἐχοψ
328 2240 358 2268 '0
373 2241 648 2278 ἄρχωνφροντιζέτω
662 2243 712 2279 τῆς
724 2243 838 2279 εἰρήνης
848 2243 937 2279 ζητῶν

137 2285 201 2317 τοὺς
220 2286 376 2321 ἱεροσύλους
393 2287 440 2314 καὶ
449 2288 676 2324 ἀνδραποδιστὰς,
694 2289 742 2316 καὶ
759 2289 879 2321 κλέπτας
891 2292 942 2317 καὶ.

994 1681 1169 1714 Novellarum
1186 1685 1228 1708 est
1244 1680 1352 1708 novella
1380 1678 1531 1707 Iustiniani
1549 1677 1609 1704 120.
1628 1675 1685 1705 Hoc
1697 1679 1790 1704 autem

992 1726 1055 1763 ejus
1070 1730 1153 1762 caput
1167 1733 1222 1754 non
1246 1729 1289 1753 est
1308 1723 1428 1759 positum
1454 1723 1482 1750 in
1502 1721 1586 1750 Basil.

1030 1868 1139 1896 Toxlus.
1154 1866 1249 1894 Const.
1265 1865 1415 1900 2cjusilem
1434 1863 1475 1892 tit.
1493 1863 1578 1892 dicit:
1595 1862 1628 1891 Ut
1646 1870 1679 1890 ne
1695 1869 1786 1894 sacra,

993 1919 1057 1947 etc.,
1074 1922 1155 1950 usque
1167 1913 1201 1940 ad
1217 1913 1280 1940 inde
1291 1911 1361 1939 actio
1376 1918 1430 1939 non
1445 1913 1592 1946 competat,
1606 1914 1636 1936 ut
1646 1917 1709 1945 pag.
1724 1909 1792 1936 579-

995 1961 1060 1990 582.

1031 2016 1178 2044 Scholium.
1193 2015 1312 2043 Conslit.
1340 2014 1357 2041 2
1372 2013 1413 2041 tit.
1430 2013 1448 2040 2
1468 2011 1644 2039 Novellaruzn
1678 2014 1721 2038 est
1746 2018 1793 2037 no-

994 2061 1064 2090 vella
1074 2059 1223 2088 Iustiniani
1238 2059 1304 2090 120.
1320 2058 1407 2094 posita
1420 2056 1485 2093 [quc
1497 2055 1551 2091 est]
1566 2055 1592 2082 in
1607 2055 1654 2082 lib.
1667 2063 1683 2080 ν
1694 2054 1791 2086 Basil.,

995 2108 1037 2135 tit.
1056 2107 1084 2141 2,
1103 2114 1165 2141 cap.
1179 2106 1226 2137 2l,
1238 2105 1310 2140 quod
1328 2104 1418 2136 habet,
1434 2107 1464 2131 ut
1478 2102 1504 2130 in
1520 2105 1595 2129 textu
1613 2100 1793 2135 comprehen-

995 2162 1055 2182 sum
1070 2157 1121 2182 est.
1143 2153 1245 2188 Digest.
1276 2152 1308 2179 15
1335 2151 1377 2178 tit.
1400 2150 1432 2177 18
1450 2149 1498 2177 lib.
1517 2157 1524 2176 I
1541 2152 1583 2176 est
1597 2148 1645 2175 lib.
1659 2155 1696 2179 Vl,
1714 2147 1755 2175 til.
1772 2155 1791 2177 ι,

994 2208 1055 2236 cap.
1073 2200 1118 2232 42,
1137 2198 1209 2234 quod
1224 2198 1263 2225 sic
1280 2196 1362 2224 habet
1379 2195 1506 2223 :Prmses
1524 2194 1600 2230 pacis
1624 2200 1718 2221 curam
1740 2192 1791 2219 ha-

996 2247 1071 2277 beto.
1086 2245 1246 2280 sacrilegas,
1263 2242 1422 2279 plagiarios,
1444 2241 1529 2273 fures,
1545 2248 1577 2268 ac
1597 2238 1716 2277 [eorum]
1746 2246 1789 2266 re-

996 2297 1124 2327 ceptores
1135 2289 1311 2325 conquirens,
1321 2294 1472 2322 eorumque
1487 2286 1616 2314 delictum
1630 2284 1790 2321 [supplicio]

137 2331 280 2367 ὑποδοχεῖς
294 2332 342 2360 καὶ
357 2332 427 2369 πρὸς
438 2333 469 2360 τὺ
494 2334 686 2370 πλημμέλημα
704 2335 822 2368 ἐπεξιὼν
832 2336 936 2368 αὐτοῖς.

998 2344 1173 2373 persequens.
1191 2335 1295 2370 Digest.
1324 2334 1342 2361 4
1370 2333 1413 2361 tit.
1435 2332 1452 2359 2
1478 2332 1527 2359 lib.
1547 2340 1562 2358 x
1576 2336 1619 2359 cst
1640 2331 1722 2358 Basil.
1742 2330 1790 2357 lib.
1808 2351 1811 2354 .

136 2377 175 2404 Τὸ
206 2377 227 2405 δ’
249 2378 319 2406 διάτ.
351 2378 399 2405 τοῦ
423 2378 445 2415 β’
469 2379 522 2407 τίτ,
548 2380 594 2407 τοῦ
615 2379 631 2407 ι’
651 2379 765 2416 βιϐλίου,
799 2380 857 2407 ἐστι
883 2381 937 2408 τῶν

137 2423 291 2451 Βασιλικῶν
324 2425 427 2460 βιϐλίον
450 2425 505 2462 μβ¹,
533 2426 585 2454 τίτ.
612 2427 646 2460 γ“,
672 2435 734 2461 κεφ.
751 2426 782 2460 δ’,
810 2427 882 2463 θέμα
903 2427 936 2463 β’,

135 2469 226 2505 λέγον·
253 2470 447 2508 Ἐξῃρημένων
461 2472 516 2500 τῶν
529 2473 618 2508 χρεῶν
633 2473 668 2500 τὰ
687 2473 769 2501 λοιπὰ
787 2474 937 2510 πράγματα

136 2517 305 2551 κατάγονται
327 2518 368 2550 εἷς
391 2518 423 2545 τὺ
436 2518 561 2554 διαιροῦν
574 2521 608 2555 τῇ
621 2519 739 2555 φαμιλίᾳ
761 2519 808 2546 τὸν
834 2520 935 2556 κλῆρον

136 2562 326 2599 δικαστήριον,
341 2565 389 2591 καὶ
402 2564 437 2591 τὰ
453 2565 528 2592 κακὰ
543 2565 688 2601 φάρμακα,
705 2565 753 2592 καὶ
767 2565 803 2592 τὰ
829 2566 936 2601 μαγικὰ

137 2609 240 2646 βιϐλία,
254 2611 303 2638 καὶ
317 2611 353 2638 τὰ
374 2611 466 2646 ὅμοια.
493 2612 637 2646 Ὀφφίκιον
660 2612 688 2639 δὲ
704 2612 833 2639 δικαστοῦ
846 2618 938 2648 παρα-

136 2657 235 2692 χρῆμα
250 2657 284 2684 τὰ
300 2657 414 2685 τοιαῦτα
435 2658 613 2694 διαφθείρειν.
638 2658 675 2685 Οὐ
691 2659 838 2694 διαιρεῖται
858 2659 887 2686 δὲ
905 2660 938 2686 τὰ

136 2703 191 2730 ἀπὸ
211 2704 363 2740 ἱεροσυλίας
382 2705 555 2741 κτηθέντα,ἢ
571 2705 606 2732 τὰ
621 2705 675 2732 ἀπὸ
687 2706 776 2741 δήμου
797 2706 937 2734 κλαπέντα

137 2749 154 2785 ἢ
171 2751 226 2777 ἀπὸ
243 2751 304 2787 βίας
332 2751 477 2787 κτηθέντα,
495 2751 512 2787 ἣ
532 2752 641 2786 ἐφόδου.
656 2752 693 2779 Σὺ
707 2751 736 2779 δὲ
753 2751 872 2787 γίνωσκε
894 2753 936 2779 ὅτι

137 2795 228 2823 πάντα
257 2797 309 2824 ὅσα
336 2798 410 2833 κακῇ
436 2798 527 2825 πίστει
541 2797 654 2833 νέμεται
682 2798 877 2835 ὀτελευτήσας
903 2799 934 2826 οὺ

988 2392 1052 2415 xm,
1073 2383 1113 2410 tit.
1129 2383 1157 2414 '5,
1168 2389 1228 2415 cap.
1244 2381 1271 2413 li,
1287 2380 1377 2407 thema
1392 2378 1420 2411 2,
1448 2377 1522 2413 quod
1544 2377 1612 2405 dicit
1631 2387 1638 2403 :
1665 2376 1792 2410 Exceptis

986 2430 1058 2457 enim
1080 2427 1248 2459 nominibus,
1274 2425 1385 2459 reliquae
1409 2431 1454 2452 res
1472 2423 1499 2450 in
1513 2422 1648 2458 judicium
1667 2421 1789 2451 familim,

986 2472 1156 2502 erciscundm
1174 2470 1358 2500 deducuntur,
1387 2468 1470 2495 etiam
1498 2466 1570 2494 mala
1590 2467 1789 2494 medicamenta

985 2526 1012 2548 ct
1045 2518 1107 2547 libri
1122 2517 1231 2553 fmagici
1259 2523 1291 2543 ac
1320 2514 1424 2542 similes
1451 2522 1458 2541 :
1487 2513 1534 2541 sed
1569 2512 1688 2541 ofﬁcium
1709 2511 1787 2547 judi-

991 2566 1030 2593 cis
1060 2570 1113 2598 est,
1135 2569 1165 2592 ut
1194 2562 1319 2598 protinus
1342 2562 1400 2589 haec
1428 2563 1597 2594 corrumpat.
1614 2559 1700 2587 Porro
1729 2565 1790 2592 qua:

990 2621 1045 2641 sae:
1055 2612 1146 2647 ilegio,
1161 2611 1300 2645 peculatu,
1312 2609 1338 2636 vi
1351 2612 1399 2636 aut
1409 2613 1573 2643 aggressum
1586 2605 1700 2641 quaesita
1713 2609 1788 2634 sunt.

990 2668 1045 2688 non
1071 2659 1244 2686 dividuntur.
1272 2656 1314 2684 'l‘u
1336 2663 1403 2684 vero
1428 2654 1501 2683 scias
1519 2653 1592 2689 quod
1615 2658 1786 2687 quaecunque

988 2705 1059 2733 mala
1077 2704 1129 2731 [ide
1149 2704 1297 2731 defunctus
1320 2701 1453 2736 possedit,
1472 2707 1527 2727 non
1555 2698 1728 2726 deducantur
1759 2696 1786 2722 in

987 2751 1097 2780 familia:
1107 2749 1278 2779 erciscundae
1297 2748 1444 2784 judicium,
1465 2746 1513 2774 sed
1534 2744 1724 2773 custodiantur
1737 2742 1788 2770 do-

985 2799 1071 2826 mino.

137 2844 289 2878 κατάτεται
305 2845 346 2877 εἰς
358 2845 388 2873 τὸ
406 2846 573 2882 διαιρετικὸν
597 2845 792 2882 δικαστήριον,
819 2847 887 2875 ἀλλὰ
919 2847 1084 2882 φυλάττεται
1114 2845 1155 2881 τῷ
1183 2845 1241 2881 ἰδίῳ
1264 2843 1384 2878 δεσπότῃ
1409 2839 1545 2875 ἀμείωτα.
1575 2838 1612 2866 Τὸ
1647 2836 1694 2870 κς¹
1715 2836 1776 2863 δίάτ

136 2891 186 2920 τοῦ
199 2891 223 2918 α’
241 2892 294 2920 τίτ.
311 2891 358 2920 τοῦ
377 2891 418 2928 με’
446 2891 549 2928 βιϐλίου
575 2892 634 2919 ἐστὶ
663 2901 725 2928 κεφ.
743 2892 781 2919 κδ’
797 2893 846 2920 τοῦ
862 2897 886 2921 α’
902 2895 955 2922 τίτ.
972 2894 1019 2921 τοῦ
1041 2893 1084 2929 μγ¹
1103 2892 1208 2929 βιϐλίου
1231 2892 1310 2925 λέγον
1321 2889 1354 2917 τὰ
1370 2887 1448 2916 αὐτὰ.
