1946 3076
161 149 232 185 104⁵1

702 148 835 181 ΡΗΟΤΙΙ
845 147 1102 179 PATRIARCH/E
1118 149 1173 181 (ΣΡ.

1733 149 1804 184 1018

198 207 308 236 Tenus.
325 206 360 236 Et
371 207 420 236 lib.
437 205 482 240 48,
494 205 538 234 tit.
553 204 584 238 ι,
597 204 697 240 digest.
714 204 726 231 1
743 204 838 238 :Quod
851 203 957 232 crimen

1043 203 1200 240 Κείμενον.
1215 205 1271 233 Καὶ
1293 204 1399 241 βιϐλίον
1417 205 1474 242 μην,
1494 205 1547 234 τίτ.
1564 203 1597 240 δ’,
1617 186 1689 235 διάτ.
1709 206 1745 236 et"
1767 210 1809 237 δτι

159 254 232 284 laesae
243 254 407 290 maiestatis,
418 257 483 288 etc.,
498 260 579 288 usque
591 251 625 279 ad
637 249 728 280 delicti
747 250 912 286 puniuntur,
926 255 956 278 ut

159 310 223 338 pag.
236 301 301 329 582.

197 347 349 376 Scltolium.
361 346 500 382 Digestum
509 345 555 379 26,
570 345 613 373 tit.
631 345 657 378 1,
674 343 722 372 lib.
732 352 784 371 ην
799 343 901 379 Digest.
916 346 959 371 est

161 396 209 424 lib.
221 395 305 423 Basil.
319 403 396 426 xuu.
410 395 451 422 tit.
467 394 494 427 1,
506 401 565 428 cap.
576 392 621 424 25,
636 392 709 428 quod
718 392 755 420 ait
772 401 779 419 :
793 391 900 426 Turpes
910 391 960 418 sti-

161 443 315 479 pulationes
331 441 433 469 nullius
448 445 512 467 sunt
526 439 657 467 momenti
675 447 681 466 :
700 439 781 467 veluti
795 439 817 466 si
830 438 893 473 quis
911 439 960 464 ho-

161 489 304 516 micidium
321 488 363 515 vel
379 486 555 522 sacrilegium
578 486 721 521 prouuittat
750 493 780 513 se
806 484 955 512 facturum.

161 535 257 571 Neque
277 535 351 562 enim
379 542 413 562 ex
438 533 595 568 huiusmodi
617 529 857 568 [obligationibus]
886 529 959 557 actio

165 582 308 617 competit.
913 572 937 576 ’-

202 627 285 656 Aliud
299 627 440 655 scholium.
457 625 586 660 Dtgest.l
604 625 645 653 tit.
661 624 678 652 4
692 624 739 652 lib.
758 631 844 651 XLVIII
857 622 959 657 Digest.

163 679 205 702 est
217 673 301 702 Basil.
313 673 361 701 lib.
375 681 420 704 ιχ,
435 672 476 699 tit.
490 671 536 704 56,
551 678 612 706 cap.
629 671 655 703 1,
667 670 740 706 quod
756 670 823 697 dicit
838 668 912 696 :Lex
928 668 962 696 de

165 716 341 754 [majestatis]
354 715 561 743 insidiatoribus
575 714 673 742 similis
691 718 734 741 est
751 713 818 749 legis
828 713 863 740 de
883 711 963 739 adul-

165 763 245 796 terio,
263 768 291 791 et
305 766 415 790 tenetur
425 761 483 794 illa,
505 760 552 796 qui
571 760 702 788 adversus
714 759 844 794 populum
860 758 962 785 noma-

165 817 232 837 num
249 807 376 845 [aliquid]
392 807 530 835 commisit
542 815 549 839 ;
560 810 587 834 et
610 806 658 841 qui
673 805 737 834 dolo
753 804 850 841 [malo]
862 804 962 837 elfecit,

166 860 196 883 ut
217 855 328 883 obsides
353 853 460 888 iujussu
482 852 616 888 principis
642 851 842 885 intercideriut,
866 855 898 878 ut
917 857 964 878 ar-

166 900 233 928 mati
251 899 377 928 homines
390 899 419 927 in
432 898 500 926 urbe
514 897 647 925 adversus
672 891 766 924 urli'em
785 896 852 928 sint,
878 900 908 923 ut
923 895 964 923 lo-

167 955 218 976 cus
240 945 365 984 [aliquis]
385 950 433 973 aut
457 944 559 980 templa
583 948 728 979 occupata,
746 943 790 971 vel
815 942 963 970 seditiosus

167 997 321 1022 conventus
345 991 435 1020 factus
451 992 496 1024 sit,
521 997 552 1019 ut
569 991 745 1026 magistratus
769 989 962 1021 occideretur;

167 1044 197 1067 et
210 1039 257 1075 qui
276 1038 402 1066 hostibus
418 1038 544 1065 nuntium
560 1041 608 1064 aut
618 1037 724 1064 litteras
738 1035 823 1068 misit,
839 1035 964 1070 signum-

168 1093 201 1113 ve
219 1084 304 1117 dedit,
327 1088 374 1112 aut
398 1083 501 1118 alioqui
529 1083 603 1118 ipsos
618 1082 698 1117 juvit,
714 1086 740 1109 et
767 1081 892 1109 adulatus
906 1084 963 1113 est;

169 1131 216 1167 qui
235 1129 376 1167 [denique]
409 1129 511 1157 milites
542 1129 675 1156 adversus
705 1127 900 1161 rempublicam
929 1126 962 1153 ad

169 1177 332 1206 seditionem
347 1176 528 1203 tumultumve
543 1174 734 1202 concitaverit.
752 1173 812 1209 Dig.
831 1173 856 1203 1.
871 1173 915 1200 tit.
929 1172 964 1199 15

169 1222 292 1259 ejusdem
308 1222 356 1249 lib.
370 1217 486 1257 Digest".
498 1225 541 1248 est
555 1220 604 1248 lib.
619 1228 664 1253 ιτ,
678 1219 774 1253 ῑίι.45,
787 1227 847 1254 cap.
857 1219 874 1245 ‘2
889 1228 896 1246 :
912 1219 964 1246 Pe-

169 1268 278 1296 culatus
303 1265 398 1303 [actio]
423 1271 550 1294 movetur
576 1265 711 1293 adversus
740 1265 830 1297 illum,
859 1264 906 1299 qui
930 1271 963 1291 ex

170 1315 284 1351 pecunia
303 1321 393 1346 sacra,
410 1313 538 1348 religiosa
564 1311 709 1347 publicave
730 1310 820 1347 [quid]
841 1309 962 1343 abstulit,

170 1361 212 1389 vel
231 1360 258 1388 in
283 1367 342 1388 rem
364 1367 442 1387 suam
463 1358 608 1391 convertit,
627 1357 710 1393 quive
729 1357 793 1384 dolo
819 1356 919 1389 elTecit,
936 1359 966 1384 ut

171 1407 269 1436 horum
288 1406 431 1442 quidpiam
444 1405 522 1433 ﬁeret
542 1404 617 1431 :nisi
631 1404 654 1432 si
676 1404 719 1431 cui
736 1411 751 1430 a
763 1403 822 1438 lege
840 1401 891 1439 [id]
909 1409 966 1436 per-

171 1454 286 1482 missum
302 1453 347 1481 sit.
373 1449 569 1488 [Denique]qui
587 1457 655 1477 auro
682 1455 830 1485 argemove
856 1447 966 1483 publico

171 1508 209 1529 aes
222 1499 265 1528 vel
289 1499 362 1527 aliud
389 1496 553 1535 [quidpiam]
575 1504 630 1532 quo
645 1504 677 1524 ea
695 1496 786 1531 pejora
814 1495 890 1528 (iant,
915 1494 964 1521 im-

171 1547 292 1574 miscuit.
310 1545 412 1582 Digest.
430 1549 522 1573 autem
541 1544 558 1571 4
578 1543 606 1570 in
635 1542 718 1570 Basil.
744 1549 800 1570 non
828 1545 871 1569 est
892 1540 966 1576 posi—

171 1597 241 1621 tum.

207 1639 258 1667 Jun
273 1639 426 1675 positivum.
441 1637 542 1674 Digest.
557 1637 574 1665 6
593 1646 599 1664 :
615 1636 654 1664 Ex
668 1643 745 1664 sacra
765 1635 822 1663 aede
835 1634 967 1670 privatas,

171 1691 237 1720 etc.,
251 1693 332 1721 usque
347 1685 382 1712 ad
397 1684 435 1721 [in
448 1683 562 1720 judicio]
578 1683 727 1716 conveniri,
745 1682 806 1710 182.

208 1732 357 1760 Scholium.
381 1731 485 1766 Digest.
513 1730 530 1758 6
558 1731 600 1757 tit.
627 1730 644 1757 4
670 1729 718 1757 lib.
754 1735 838 1756 ιιινιιι
864 1727 967 1763 Digest.

173 1783 216 1808 est
228 1778 312 1806 Basil.
339 1778 386 1805 lib.
409 1785 455 1810 ιι,
474 1778 518 1805 tit.
536 1777 582 1809 45,
607 1784 668 1811 cap.
698 1776 725 1810 6,
744 1780 771 1803 et
791 1776 830 1803 ait
847 1784 854 1803 :
873 1775 969 1802 Subri-

174 1832 238 1860 pere
252 1832 286 1852 ex
305 1831 382 1851 sacra
398 1823 456 1851 aede
483 1822 614 1858 pecunias
633 1822 764 1857 privatas,
785 1829 838 1849 non
857 1821 969 1849 sacrile-

174 1871 260 1907 gium.
283 1870 331 1899 sed
347 1870 451 1898 furtum
471 1874 524 1898 est.
541 1869 601 1905 Dig.
627 1869 658 1896 l6
689 1870 730 1896 tit.
753 1869 796 1897 59-
811 1868 858 1896 lib.
883 1876 967 1896 xum

176 1917 276 1952 Digest.
291 1920 334 1944 est
347 1915 394 1943 lib.
411 1915 492 1944 Basil.
511 1915 599 1949 u,lit
614 1915 658 1946 51,
676 1922 736 1950 cap.
756 1915 799 1949 16,
817 1915 890 1950 quod
906 1915 944 1942 ait
961 1924 967 1941 ι

174 1961 277 1990 Locum
289 1961 380 1989 facere
396 1959 438 1998 [ut
452 1961 522 1988 idem
532 1959 586 1996 vel]
597 1954 698 1988 furtum
714 1960 888 1996 sacrilegium
899 1959 970 1997 [sit].

176 2009 209 2037 Et
224 2008 352 2036 videntur
375 2007 484 2044 quidem
508 2008 645 2036 comraria
671 2015 732 2036 esse
757 2007 839 2044 [limo]
867 2008 969 2042 capita,

175 2063 228 2083 non
245 2059 309 2083 sunt
321 2055 469 2083 tameu.Ac
477 2053 573 2090 [certe]
584 2054 693 2089 quidem
708 2054 827 2089 privatas
839 2053 970 2089 pecunias

175 2102 223 2138 qui
240 2102 356 2136 furatur,
368 2102 477 2129 tametsi
498 2109 530 2129 ex
547 2101 607 2129 loco
622 2108 701 2128 sacro
711 2100 827 2134 furatur,
843 2100 887 2128 fur
906 2105 948 2128 est
962 2108 968 2125 :

176 2148 226 2184 qui
254 2153 346 2176 autem
367 2148 422 2176 Deo
438 2147 564 2176 dedicata
589 2146 707 2180 furatur,
723 2147 831 2174 tametsi
854 2154 889 2174 ex
909 2147 970 2174 loco

175 2195 282 2230 privato
307 2194 424 2226 furetur,
440 2199 571 2229 tauquam
600 2194 752 2228 sacrilegus
774 2197 893 2220 leuetur.
919 2192 971 2220 Ve-

177 2246 333 2270 rumtamen
349 2241 415 2276 quia
432 2245 497 2269 sunt
522 2248 566 2268 res
581 2240 706 2275 quaedam
725 2248 811 2268 sacra:
837 2239 893 2267 Deo
917 2247 970 2266 non

176 2288 319 2320 dedicatae,
336 2287 420 2315 veluti
445 2287 595 2315 simulacra
621 2294 682 2322 qua:
703 2286 831 2321 privatim
859 2285 894 2313 ad
920 2293 972 2313 nos

178 2334 325 2368 pertinent.
340 2337 367 2360 et
382 2333 486 2368 reliqua
502 2333 618 2360 necdum
641 2332 750 2366 templis
775 2336 823 2359 aut
836 2336 972 2359 monaste—

177 2379 226 2407 riis
242 2379 364 2407 dedicata
383 2387 390 2406 :
405 2379 556 2406 secundum
573 2379 626 2406 hoc
641 2378 707 2406 dicit
725 2378 758 2405 16
784 2371 844 2412 cap.
869 2377 910 2404 tit.
927 2377 971 2409 5i,

179 2425 226 2452 lib.
244 2432 291 2458 ιιι,
309 2425 399 2452 locum
417 2425 507 2453 facere
529 2424 630 2452 furtum
647 2430 694 2452 aut
716 2424 902 2460 sacrilegium.
921 2424 972 2457 Qui

177 2472 251 2500 enim
269 2479 377 2500 sacram
409 2472 558 2507 imaginem
587 2471 615 2499 in
644 2471 711 2499 cella
738 2476 833 2499 nostra
856 2470 972 2504 furatur,

179 2526 233 2547 non
250 2519 401 2554 sacrilegus
425 2523 476 2552 est,
493 2519 539 2546 sed
564 2517 618 2546 l‘ur.
636 2517 805 2555 [Siquidem]
820 2518 844 2546 si
870 2518 921 2546 boc
938 2518 974 2545 ita

179 2573 234 2594 non
263 2565 527 2600 interpretabuntur,
541 2572 603 2592 eum
619 2565 666 2600 qui
689 2565 857 2592 nomismata
876 2564 974 2601 imagi-

180 2620 241 2640 nem
265 2611 368 2640 Christi
390 2615 437 2639 aut
461 2611 508 2639 Dei
529 2610 680 2640 chitricis
698 2611 828 2639 habentia
858 2611 975 2644 furatur,

180 2664 312 2695 tanquam
327 2659 491 2695 sacrilegum
501 2659 528 2686 in
542 2660 588 2694 jus
602 2659 706 2691 vocari.
723 2659 836 2687 omnino
852 2658 977 2696 [necesse

179 2710 232 2740 est,
251 2704 295 2742 ut]
305 2705 430 2734 dicamus
446 2705 520 2740 quod
537 2704 617 2741 [sane
631 2704 671 2741 et]
697 2705 847 2733 absurdum
869 2704 934 2742 [est]
949 2710 978 2734 et

179 2753 292 2780 falsum.
308 2751 406 2780 Const.
421 2752 450 2784 5,
464 2752 496 2779 tit
511 2751 539 2784 2,
562 2752 609 2779 lib.
623 2759 649 2779 vi
680 2752 741 2779 cod.
757 2756 799 2780 est
822 2751 905 2780 Basil.
929 2752 976 2780 lib.

179 2807 225 2831 ιιι,
240 2799 283 2825 tit.
297 2798 324 2830 ϐ,
341 2806 402 2834 cap.
422 2799 471 2831 20,
487 2797 561 2834 quod
580 2798 645 2825 dicit
661 2806 668 2824 :
687 2798 739 2831 Qui
758 2806 814 2826 rem
837 2799 977 2826 hauddum

180 2842 334 2869 dedicatam
353 2843 472 2875 furatur,
495 2842 561 2870 furti
583 2847 698 2871 tenetur.
714 2842 773 2871 Non
790 2844 861 2872 enim
890 2844 977 2872 sacri-

181 2886 257 2920 lcgus
277 2893 330 2922 cst,
346 2889 392 2924 qui
416 2897 473 2918 rem
503 2889 624 2918 nondum
649 2895 836 2920 consecratam
857 2890 976 2920 furatur.

982 1567 1003 1596 C

1008 251 1101 302 ὅμοιόν
1116 252 1187 286 ἐστι,
1208 261 1238 280 κ.
1252 260 1277 279 τ.
1293 251 1331 286 λ.,
1348 260 1438 288 usque
1455 253 1489 282 ad
1505 254 1707 291 ἁμαρτήματος
1723 264 1810 292 τιμωι

1009 306 1109 334 ρουντα
1113 307 1121 324 ι
1125 318 1132 325 ι

1045 346 1185 380 Σχόλιον.
1205 346 1244 374 Τὸ
1260 350 1307 380 κς¹
1319 347 1391 375 διάτ.
1419 347 1467 374 τοῦ
1495 347 1520 374 α’
1547 347 1601 376 τίτ.
1630 347 1678 376 τοῦ
1704 347 1746 384 με’
1769 348 1810 385 βι-

1010 392 1086 419 ϐλίου
1101 392 1155 420 τῶν
1167 393 1278 426 Διατάξ.
1296 394 1356 421 ἐστι
1381 394 1484 429 βιϐλίον
1509 395 1564 422 τῶν
1584 395 1737 423 Βασιλικῶν
1755 395 1810 431 μγ’,

1010 439 1063 465 τὶτ.
1089 438 1124 471 α’,
1153 448 1216 474 κεφ.
1243 438 1293 472 κε’,
1314 440 1403 475 λέγον·
1419 441 1452 468 Αἰ
1480 441 1592 476 αἰσχραί⁸
1624 442 1811 478 ἐπερωτήσεις

1011 486 1152 521 ἀνίσχυροί
1167 488 1246 520 εἰσιν,
1272 486 1310 519 ὡς
1331 488 1396 514 ὃταν
1411 496 1453 520 τις
1471 488 1589 524 ὁμολογῇ
1608 488 1690 524 φόνον
1724 490 1811 517 ποιεῖν

1011 531 1026 567 ἦ
1053 532 1224 567 ἱεροσυλίαν,
1256 533 1319 560 οὔτε
1339 534 1395 570 γὰρ
1424 533 1523 570 ἀγωγὴ
1547 535 1580 561 ὲκ
1597 535 1658 568 ,τῶν
1683 535 1812 563 τοιούτων

1012 578 1138 614 ἁρμόζει.

1049 625 1174 660 Ἕτερον
1205 627 1345 661 σκόλιον.
1377 626 1415 654 To
1444 626 1469 655 α’
1486 627 1557 656 διάτ.
1575 627 1622 655 τοῦ
1638 628 1674 661 ᾖδ’
1689 628 1743 656 τίτ.
1767 628 1813 656 τοῦ

1014 671 1059 707 μη¹
1089 671 1193 707 βιϐλίου
1205 672 1260 700 τῶν
1275 673 1386 706 Διάταξ.
1403 673 1462 701 ἔστι
1475 673 1530 701 τῶν
1544 674 1698 702 Βασιλικῶν
1710 674 1813 710 βιϐλίον

1014 717 1045 750 ξ’,
1060 718 1114 745 τίτ.
1127 717 1183 751 λς’,
1200 727 1263 753 κεφ.
1283 722 1319 752 α’,
1336 719 1427 754 λέγον·
1452 719 1481 746 '0
1495 720 1561 755 περὶ
1581 720 1636 747 τῶν
1662 720 1814 748 ἐπιϐούλων

1013 764 1095 800 νόμος
1108 764 1200 800 ὅμοιός
1220 766 1279 792 ἐστι
1300 765 1339 801 τῷ
1356 765 1422 802 περὶ
1438 766 1602 802 ἱεροσυλίας,
1620 767 1668 794 καὶ
1691 767 1815 802 ἐνέχεται

1015 809 1089 845 αὐτῷ
1104 811 1118 837 ὁ
1138 810 1210 837 κατὰ
1239 810 1287 837 τοῦ
1324 811 1479 846 Ῥωμαῖκοῦ
1493 812 1581 848 δήμου
1598 812 1811 848 πλημμελήσας·

1017 856 1064 883 καὶ
1077 857 1091 883 ὁ
1109 857 1264 890 σπουδάσας
1279 858 1351 885 κατὰ
1366 858 1442 886 δόλον
1452 859 1528 895 παρὰ
1544 859 1668 886 κέλευσιν
1684 859 1818 894 βασιλέως

1017 903 1195 940 ἀναιρεθῆναι
1212 905 1275 936 τοὺς
1285 905 1417 940 ὁμήρους,
1432 905 1449 942 ἢ
1469 906 1517 941 ,ἵνα
1541 905 1648 933 ἔνοπλοι
1678 905 1820 942 ἄνθρωποι

1018 950 1089 976 κατὰ
1103 949 1152 985 τῆς
1171 949 1275 982 πόλεως
1296 951 1325 978 ὲν
1340 951 1417 978 πόλει
1432 947 1510 985 ὦσιν,
1528 951 1545 987 ἢ
1566 952 1610 979 ἵνα
1627 951 1739 987 τόποςῆ
1758 951 1820 988 ἱερὰ

1019 995 1235 1031 κατασχεθῶσιν,
1251 996 1268 1032 ἢ
1292 996 1445 1033 στασιώδης
1461 997 1576 1033 γένηται
1590 996 1711 1030 σύνοδος,
1730 997 1748 1034 ἢ
1773 997 1820 1025 ἵνα

1017 1041 1133 1077 φονευοῇ
1146 1042 1159 1068 ό
1168 1042 1271 1077 ἄρχων·
1287 1043 1335 1069 καὶ
1349 1043 1363 1069 ὁ
1375 1042 1444 1078 πρὸς
1458 1044 1522 1075 τοὺς
1537 1043 1684 1079 πολεμίους
1697 1043 1815 1078 ἄγγελον

1019 1086 1035 1122 ἦ
1053 1087 1206 1122 γράμματα
1231 1088 1345 1124 πέμψας
1366 1089 1383 1125 ἢ
1403 1090 1516 1125 σημεῖον
1544 1091 1636 1122 αὐτοῖς
1653 1090 1789 1123 δεδωκὼς,
1802 1091 1820 1126 ἦ

1018 1133 1105 1166 ἄλλως
1121 1133 1258 1170 βοηθήσας
1271 1136 1374 1168 αὐτοῖς·
1391 1136 1438 1164 καὶ
1453 1136 1638 1170 ὑπονοθεύσας
1653 1137 1669 1174 ἢ
1692 1137 1822 1174 ἐρεθίσας

1020 1181 1191 1216 στρατιώτας
1209 1182 1278 1217 πρὸς
1298 1182 1421 1219 στάσιν-ἢ
1441 1183 1556 1219 θόρυϐον
1575 1184 1646 1211 κατὰ
1666 1184 1716 1220 τῆς
1743 1184 1821 1211 πολι-

1018 1227 1103 1259 τείας.
1131 1227 1168 1254 Τὸ
1199 1227 1223 1256 α’
1239 1228 1310 1256 διά-ι’.
1335 1229 1381 1256 τοῦ
1413 1228 1448 1263 ιγ’
1462 1229 1515 1257 τίτ.
1532 1229 1579 1256 τοῦ
1609 1230 1692 1257 αὑτοῦ
1716 1231 1821 1266 βιϐλίου

1018 1273 1072 1300 τῶν
1091 1273 1168 1300 Διάτ.
1197 1275 1255 1301 ἐστι
1283 1274 1385 1310 βιϐλίον
1413 1275 1446 1310 ξ’,
1461 1276 1514 1303 τίτ.
1534 1274 1585 1312 με’,
1603 1285 1666 1311 xw.
1690 1276 1723 1312 β”
1747 1277 1777 1304 '0
1793 1278 1822 1305 δὲ

1019 1320 1204 1352 πεκουλάτους
1219 1322 1335 1348 κινεῖται
1350 1322 1422 1350 κατὰ
1443 1323 1490 1350 τοῦ
1514 1323 1682 1358 ὑφελομένου
1708 1325 1743 1351 ἐκ.
1763 1325 1821 1352 τῶν

1021 1366 1114 1402 ἱερῶν,
1130 1366 1146 1401 ἥ
1160 1366 1215 1393 τῶν
1228 1367 1369 1403 μνημείων
1383 1367 1400 1404 ἢ
1415 1368 1555 1404 δημοσίων
1567 1389 1575 1402 ,
1588 1369 1604 1405 ἢ
1623 1368 1787 1405 χρημάτων,
1803 1371 1821 1406 ἢ

1022 1412 1189 1448 στρέψαντος
1204 1413 1243 1445 εἰς
1258 1413 1326 1445 ἰδίας
1344 1414 1467 1449 χρήσεις.
1488 1415 1561 1450 Πλὴν
1586 1415 1640 1442 τῶν
1665 1415 1720 1443 ἀπὸ
1737 1416 1822 1452 νόμου

1020 1457 1278 1493 ὲπιτετραμμὲνων,
1304 1458 1352 1486 καὶ
1373 1459 1428 1485 τῶν
1450 1460 1722 1495 παρασκευασάντων
1751 1461 1824 1488 κατὰ

1020 1502 1097 1530 δόλον
1122 1502 1247 1538 γίνεσθαί
1265 1512 1291 1530 τι
1320 1504 1443 1539 τούτων,
1473 1505 1520 1533 καὶ
1550 1505 1598 1532 τοῦ
1631 1505 1758 1542 μίξαντος
1784 1507 1825 1542 τῷ

1020 1547 1146 1584 δημοσίῳ
1162 1547 1257 1585 χρυσῷ
1271 1549 1288 1584 ἢ
1313 1549 1426 1586 ἀργύρῳ
1437 1550 1546 1586 χαλκὸν,
1563 1551 1580 1586 ἢ
1595 1551 1688 1588 ἕτερον
1703 1551 1826 1588 βλάπτον

1024 1594 1102 1621 αὐτά.
1119 1594 1155 1621 Τὸ
1169 1593 1190 1621 δ’
1207 1595 1330 1622 διάτ.οὑκ
1347 1595 1428 1628 ἐτέθη
1443 1596 1484 1629 εἰς
1496 1597 1529 1624 τὰ
1540 1597 1684 1624 Βασιλικά.

1057 1641 1212 1676 Κείμενον.
1227 1641 1303 1669 Διάτ.
1323 1640 1361 1675 ς’,
1372 1642 1409 1669 Τὸ
1419 1642 1448 1676 ἐξ
1462 1642 1535 1678 ἰεροῦ
1549 1643 1671 1670 ἰδιωτικὰ
1681 1643 1825 1680 χρήματα,

1024 1696 1050 1714 κ.
1067 1696 1092 1714 τ.
1107 1687 1132 1714 λ.
1145 1695 1232 1723 usque
1243 1687 1276 1715 ad
1292 1687 1412 1724 κλέπτης
1428 1688 1564 1723 ἐνάγεται.

1059 1733 1198 1768 Σχόλιον.
1214 1733 1251 1760 Τὸ
1267 1732 1294 1766 ς’
1307 1733 1377 1761 διάτ.
1390 1733 1436 1761 τοῦ
1461 1733 1482 1761 δ’
1495 1733 1548 1762 τίτ,
1583 1734 1629 1762 τοῦ
1658 1734 1703 1771 μη¹
1721 1735 1827 1771 βιϐλίου

1024 1780 1080 1807 τῶν
1105 1780 1182 1807 Διάτ.
1203 1779 1262 1807 ἔστι
1274 1780 1328 1807 τῶν
1347 1781 1502 1808 Βασιλικῶν
1521 1781 1624 1816 βιϐλίον
1646 1781 1677 1816 ξ’,
1699 1783 1751 1809 τίτ.
1771 1785 1826 1817 με’,

1025 1835 1087 1860 κεφ.
1107 1829 1145 1858 ς’,
1160 1826 1207 1853 καί
1225 1835 1291 1862 φησι
1302 1834 1309 1842 ·
1331 1827 1367 1854 Τὸ
1378 1827 1526 1862 ὑφελέσθαι
1540 1827 1595 1854 ἀπὸ
1611 1828 1685 1864 ἱεροῦ
1694 1829 1829 1864 χρήματα

1026 1871 1147 1898 ίδιωτικὰ
1171 1872 1220 1898 οὐκ
1240 1871 1315 1898 ἐστιν
1342 1872 1498 1907 ἰεροσυλία,
1526 1871 1594 1900 ἀλλὰ
1608 1872 1707 1908 κλοπή.
1725 1873 1762 1899 Τὸ
1787 1872 1830 1906 ις’

1023 1916 1093 1943 διὰτ.
1109 1915 1156 1942 τοῦ
1184 1916 1222 1944 νο¹
1246 1915 1299 1943 τίτ.
1315 1916 1361 1943 τοῦ
1392 1915 1438 1951 μη¹
1456 1916 1559 1952 βιϐλίου
1582 1917 1638 1944 τῶν
1656 1916 1830 1950 Διατὰξεων,

1025 1963 1083 1990 ἔστι
1114 1963 1168 1989 τῶν
1194 1963 1346 1990 Βασιλικῶν
1359 1963 1462 1998 βιϐλίον
1485 1962 1517 1997 ξ’,
1534 1963 1588 1990 τίτ.
1607 1963 1658 1996 va’,
1683 1972 1746 1998 κεφ.
1775 1964 1829 1997 ις’,

1025 2009 1105 2042 λέγον
1119 2015 1126 2022 ⁸
1146 2008 1198 2034 Τὸν
1213 2009 1293 2035 τόπον
1319 2009 1407 2034 ποιεῖν
1432 2009 1482 2044 τὴν
1506 2008 1620 2043 κλοπὴν,
1639 2008 1655 2043 ἢ
1674 2008 1723 2042 τὴν
1753 2008 1830 2042 ἱερο-

1027 2054 1130 2082 συλίαν.
1142 2054 1197 2081 Καὶ
1212 2053 1354 2089 φαίνονται
1378 2053 1427 2089 μὲν
1442 2053 1551 2080 ἐναντία
1566 2054 1600 2080 τὰ
1615 2062 1691 2088 κεφ.,
1704 2052 1754 2080 οὔκ
1772 2053 1830 2080 εἰσι

1026 2101 1072 2133 δὲ,
1085 2100 1144 2127 ἀλλ’
1164 2101 1178 2127 ὁ
1199 2100 1250 2136 μὲν
1274 2099 1397 2127 ἰδιωτικὰ
1417 2101 1546 2136 χρήματα
1569 2099 1707 2133 κλέπτων,
1725 2099 1779 2126 κᾶν
1796 2099 1830 2133 ἐξ

1028 2146 1103 2183 ἱεροῦ
1117 2147 1211 2178 τόπου,
1224 2146 1345 2182 κλέπτης
1356 2146 1442 2173 ἐστίν.
1451 2146 1480 2172 '0
1492 2146 1520 2172 δὲ
1531 2145 1564 2172 τὰ
1576 2145 1775 2180 ἀνατεθειμένα
1788 2145 1831 2181 τῷ

1026 2193 1086 2230 Θεῷ
1097 2193 1232 2227 κλέπτων,
1247 2192 1298 2220 κᾶν
1314 2193 1343 2226 ἐξ
1355 2193 1489 2220 ἰδιωτικοῦ
1498 2193 1581 2220 τόπου
1596 2192 1694 2228 κλέψῃ,
1705 2193 1743 2224 ὡς
1760 2192 1834 2228 ἱερός

992 2251 1012 2277 ῃ
1028 2241 1106 2272 συλος
1121 2241 1255 2276 ἐνέχεται.
1274 2239 1348 2276 Πλὴν
1370 2240 1433 2267 ἐπεὶ
1448 2240 1500 2267 εἰσί
1515 2249 1576 2266 τινα
1589 2239 1649 2275 ίερὰ
1665 2239 1702 2274 μὴ
1729 2240 1832 2266 ἀνατε-

1024 2287 1137 2323 θειμένα
1152 2286 1190 2322 τῷ
1206 2287 1266 2322 Θεῷ
1281 2287 1317 2319 ὡς
1331 2287 1364 2313 τὰ
1379 2287 1470 2318 ὶδικῶς
1489 2287 1554 2321 ἡμῖν
1573 2286 1737 2321 διαφέροντα
1754 2285 1832 2312 είκοη

1025 2335 1155 2370 νίσματα,
1185 2333 1234 2360 καὶ
1261 2333 1344 2360 λοιπὰ
1367 2334 1451 2368 μήπω
1484 2333 1558 2364 ναοῖς
1594 2331 1610 2368 ἢ
1633 2332 1833 2370 μοναστηρίοις

1025 2379 1201 2412 ἀνατεθέντα,
1219 2379 1290 2405 κατὰ
1315 2378 1396 2406 τοῦτο
1416 2378 1491 2413 λέγει
1525 2379 1556 2405 τὸ
1582 2377 1622 2410 ις’
1641 2387 1704 2414 κεφ.
1724 2378 1774 2405 τοῦ
1788 2369 1832 2406 ια’

1025 2427 1079 2453 τίτ.
1093 2425 1140 2453 τοῦ
1155 2425 1175 2459 ξ’
1189 2425 1307 2461 βιϐλίου,
1325 2425 1371 2452 τὸν
1393 2425 1479 2452 τόπον
1505 2425 1593 2452 ποιεῖν
1608 2424 1657 2460 τὴν
1678 2424 1795 2460 κλοπὴν,
1813 2425 1832 2461 ἢ

1026 2473 1075 2509 τὴν
1094 2472 1256 2508 ίεροσυλίαν.
1279 2471 1309 2500 Ὀ
1317 2472 1372 2506 γὰρ
1380 2472 1429 2508 τὴν
1442 2473 1470 2500 ὲν
1482 2471 1521 2507 τῷ
1536 2471 1635 2507 κελλίῳ
1649 2471 1728 2507 ἡμῶν
1743 2470 1834 2498 οὖσαν

1027 2519 1109 2554 ἁγίαν
1124 2517 1218 2546 εἰκόνα
1243 2518 1372 2546 κλέπτων
1397 2518 1447 2545 οὐκ
1478 2517 1553 2544 ἐστιν
1580 2517 1738 2552 ἰερὸσυλος,
1760 2517 1835 2544 ἀλλὰ

1027 2565 1158 2600 κλέπτης.
1175 2555 1217 2591 Εἴ
1227 2564 1256 2591 δὲ
1279 2564 1316 2600 μὴ
1336 2563 1417 2590 τοῦτο
1440 2563 1528 2595 οὕτως
1544 2562 1770 2599 ἑρμηνεύσομεν,
1793 2563 1836 2590 εἰ-

1030 2619 1126 2647 πωμεν
1145 2611 1256 2642 πάντως
1268 2610 1316 2637 καὶ
1330 2610 1378 2637 τὸν
1393 2609 1546 2637 κλέπτοντα
1558 2609 1719 2645 νομίσματα
1731 2609 1835 2644 ἔχοντα

1029 2657 1121 2685 εἰκόνα
1146 2655 1301 2693 Χριστοῦ,ἢ
1314 2657 1459 2690 Θεοτόκου,
1469 2656 1507 2688 ὡς
1519 2656 1657 2693 ἱερόσυλον
1668 2655 1834 2690 ὲνάγεσθαυ

1027 2705 1098 2741 ὅπερ
1116 2704 1217 2732 ἄτοπον
1243 2704 1291 2731 καὶ
1322 2703 1430 2738 ψευδές.
1452 2703 1486 2730 Ἦ
1502 2701 1538 2738 γ’,
1556 2703 1640 2736 διάτ.,
1665 2701 1714 2730 τοῦ
1730 2701 1754 2738 β’
1775 2703 1834 2730 τίτ.

1029 2750 1076 2778 τοῦ
1093 2749 1120 2784 ς’
1145 2750 1249 2786 βιϐλίου
1265 2748 1314 2777 τοῦ
1332 2749 1457 2781 meum;
1471 2751 1528 2777 ἐστι
1538 2749 1593 2777 τῶν
1607 2748 1766 2777 Βασιλικῶν
1787 2749 1837 2785 βι-

1029 2799 1103 2826 σλίον
1117 2797 1149 2832 ξ’,
1162 2798 1214 2826 τίτ.
1239 2796 1277 2830 ς’,
1292 2805 1354 2832 κειρ.
1372 2795 1408 2830 κ’,
1428 2796 1516 2832 λέγον·
1540 2797 1568 2824 '0
1584 2796 1615 2823 τὸ
1633 2798 1718 2832 μήπω
1735 2795 1838 2823 καθιε-

1031 2845 1117 2881 ρωθὲν
1142 2843 1246 2879 κλέψας
1273 2843 1419 2879 κατέχεται
1442 2843 1476 2879 τῇ
1511 2841 1638 2878 φούρτῳ·
1667 2841 1745 2869 οὔπω
1776 2841 1839 2877 γὰρ

1033 2889 1169 2926 ἱερόσυλός
1183 2890 1255 2917 ἐστιν
1267 2890 1280 2916 ὁ
1295 2888 1396 2924 κλέψας
1411 2889 1440 2916 τδ
1454 2888 1567 2924 μηδέπω
1578 2887 1759 2923 καθιερωθὲν.
1784 2887 1839 2914 Ἐκ
