1956 3049
103 155 173 190 1049

578 156 824 189 NOMOCANON-
839 169 874 176 -
890 154 895 158 '
909 156 984 188 TIT.
1003 156 1063 196 III,
1080 156 1161 188 CAP.
1179 156 1265 196 1,11.

1690 156 1759 191 1050

102 217 150 246 τοῦ
166 215 289 244 τοιούτου
315 212 364 244 οὖν
386 224 450 252 κεφ.
475 215 602 252 φαίνεται
629 216 668 249 ὡς
694 216 787 248 καλῶς
815 215 900 251 tmen

979 223 995 243 ι
1015 215 1069 243 hoc
1087 214 1171 250 igitur
1194 214 1284 250 capite
1300 219 1427 251 apparet,
1452 218 1526 243 recte
1541 214 1661 243 solutam
1685 223 1758 245 esse,

102 263 235 299 ἀνωτέρω
264 263 283 299 ἠ
325 262 444 290 δοκοῦσα
483 262 680 298 ἑναντιοφωνία
713 262 768 290 τῶν
814 269 902 297 κεφα-

978 269 1021 290 uae
1051 261 1183 297 superius
1203 268 1265 290 esse
1281 261 1436 295 videbatur,
1461 261 1583 297 capitum
1610 263 1761 290 contrarie-

102 310 198 338 λαίων.

139 367 296 402 Κείμενογ.
311 364 418 393 Βιϐλίον
432 364 488 402 μη’,
502 365 556 394 τίτΔ
579 364 625 400 ιγ’,
641 365 713 394 διάτ.
739 364 765 402 η’
776 373 784 380 ⁸
804 365 837 392 Ἤ
855 364 904 392 τοῦ

105 413 338 449 ίεροσύλου,κ.τ.
361 412 387 441 λ.
410 420 498 448 usque
525 412 559 440 ad
586 413 653 449 περὶ
672 413 726 448 γὰρ
751 413 904 449 χρημάτων

105 460 313 497 ὑφαιρεθέντων
353 459 430 487 ἔστιν
477 461 507 487 ὲν
552 459 628 495 αὐτῷ
663 458 790 495 ζήτησις.

142 564 283 599 Σχόλιον.
314 563 352 590 To
376 562 399 596 ζ’
424 563 495 591 διάτ.
522 563 570 590 τοῦ
594 562 629 598 ιγ’
665 562 756 591 τίτλου
780 563 829 590 τοῦ
861 567 906 599 μη·

107 610 215 647 βιϐλίου
231 610 282 637 οὐκ
294 609 374 646 ἑτέοη
390 610 433 642 είς
446 609 482 637 τὰ
494 610 639 643 Βασιλικὰ,
657 610 718 637 οὐδὲ
731 610 762 637 τὺ
775 609 820 642 ια’,
834 609 866 636 τὸ
878 609 908 636 δὲ

109 657 143 694 ιβ’
170 656 229 684 ἐστι
248 666 312 692 κεφ.
343 656 378 692 ιγ’
391 656 439 684 τοῦ
457 656 498 692 με’
524 657 572 684 τοῦ
585 657 606 690 ξ’
623 656 727 692 βιϐλίου
740 656 826 688 οὕτως
842 655 905 691 ἕχον

106 704 147 736 ὡς
157 705 198 736 είς
224 703 255 731 τὺ
275 703 402 739 κείμενον
420 703 558 738 δηλοῦται,
596 703 734 735 Ὡσαύτως
757 703 804 730 καὶ
820 702 851 730 τὸ
866 701 906 735 ις’

107 750 167 778 εστι
188 760 251 787 κεφ.
271 750 310 785 ις’
336 751 385 778 τοῦ
403 750 487 779 αὑτοῦ
509 751 615 787 βιϐλίου
640 751 688 778 καὶ
711 750 766 778 τίτ.
789 751 824 778 τὰ
839 750 910 777 αὐτὰ

107 796 219 830 διεξιόν.

143 852 273 880 ΚΕΦΑΛ.
291 852 330 881 I'.
354 869 391 874 —
413 854 485 888 Περί
505 853 660 888 κληρικῶν
683 852 912 889 ἁποσχιζόντων

954 312 1052 337 tatem.

992 366 1102 395 Textur.
1119 366 1179 395 Lib.
1194 373 1292 399 XLVIII,
1322 366 1365 394 tit.
1383 366 1429 397 15.
1449 370 1538 394 const.
1555 366 1572 393 7
1590 375 1598 394 :
1613 365 1760 400 Sacrilegii

957 420 1048 448 pmna,
1062 417 1128 446 etc.,
1142 421 1225 449 usque
1237 412 1272 439 ad
1291 412 1318 439 in
1333 419 1365 440 eo
1381 415 1422 440 cst
1437 412 1564 447 quaestio,
1578 416 1607 439 ut
1618 420 1681 448 pag.
1693 411 1758 440 582.

994 561 1143 591 Schoh'um.
1166 561 1307 598 Digestum
1340 561 1357 588 'i
1388 561 1430 590 tit.
1458 560 1493 589 15
1512 560 1560 588 lib.
1580 567 1679 593 xuttt.
1706 567 1761 587 non

962 614 1005 638 est
1022 609 1142 645 positum
1157 609 1186 637 in
1204 609 1300 641 Basil.,
1322 615 1412 643 neque
1427 607 1535 644 [etiam]
1549 607 1593 635 11.
1611 606 1712 635 Verum
1731 606 1765 633 l2

960 660 1003 684 est
1022 660 1105 692 caput
1129 655 1269 684 decimum
1290 656 1413 687 tertium,
1438 655 1480 682 tit.
1496 654 1532 682 45
1558 654 1607 681 lib.
1629 661 1674 686 LII,
1688 652 1763 688 quod

961 701 1054 734 habet,
1071 705 1102 729 ut
1124 701 1153 729 in
1176 705 1252 729 textu
1280 701 1416 736 scriptum
1440 704 1492 728 est.
1520 699 1700 728 Similiterlli
1718 703 1762 727 est

961 755 1023 783 cap.
1041 747 1076 776 16
1091 747 1215 783 ejusdem
1229 747 1279 776 lib.
1295 751 1323 775 et
1337 746 1393 781 tit.,
1410 746 1486 783 quod
1511 747 1607 775 eadem
1626 750 1763 775 recenset.

978 851 1076 881 -CAP.
1104 851 1151 880 Ill.
1170 867 1207 873 —
1225 851 1265 879 De
1288 851 1391 879 clericis
1410 851 1528 878 schisma
1548 850 1720 886 facientibus,
1739 853 1765 877 et

111 899 164 927 καί
189 900 271 935 παρὰ
301 900 426 936 γνώμην
454 900 516 929 τῶν
545 901 725 929 ἐπισκόπων
753 899 906 930 ιστώντων

978 899 1026 927 itm
1039 899 1202 927 voluntatem
1221 899 1405 935 episcoporum
1421 898 1523 926 altaria
1538 898 1714 934 erigentibus.

109 947 324 983 θυσιαστήρια.

151 1005 324 1033 Ἀποστόλων
337 1004 428 1033 κανὼν
438 1005 494 1033 λα’·
509 1006 621 1033 συνόδου
640 1006 807 1042 Ἀντιοχείας
817 1005 910 1033 κανὼν

110 1050 132 1079 ι’
149 1059 157 1067 ·
183 1050 294 1078 συνόδου
328 1051 528 1088 Καρθαγέννης
557 1051 649 1080 κανὼν
678 1051 694 1079 ι’
708 1059 716 1068 ⁸
748 1051 859 1079 συνόδου
884 1055 912 1085 ς’

111 1097 204 1125 κανὼν
219 1098 260 1126 λα’
272 1107 279 1114 ·
295 1098 407 1126 συνόδου
424 1097 449 1126 α’
471 1099 520 1126 καὶ
536 1098 558 1134 β’
572 1099 601 1126 ὲν
619 1098 657 1135 τῷ
669 1098 727 1135 ναῷ
739 1098 795 1126 τῶν
814 1098 914 1134 ’Δγίων

110 1143 282 1190 ἰξποστόλων
296 1143 387 1171 κανὼν
403 1143 446 1179 ιβ’,
462 1147 508 1179 ιγ’,
525 1143 557 1172 ιδ’
559 1165 567 1179 ,
583 1147 624 1172 ιε’.

999 1002 1194 1039 Apostolorum
1218 1010 1307 1031 canon
1333 1003 1388 1037 δίς
1407 1002 1515 1031 concilii
1540 1001 1702 1031 Antioclteni
1717 1009 1764 1030 ca-

967 1057 1022 1078 non
1044 1050 1077 1085 5;
1094 1050 1204 1078 concilii
1219 1049 1447 1085 Carthaginensis
1462 1057 1551 1077 canon
1580 1049 1633 1082 10;
1655 1049 1763 1076 concilii

968 1097 1039 1125 sexti
1054 1104 1144 1125 canon
1167 1096 1199 1124 3|
1213 1105 1221 1130 ;
1237 1096 1346 1125 concilii
1362 1096 1376 1124 1
1394 1101 1421 1124 et
1443 1096 1461 1124 ’Ξ
1477 1096 1504 1124 in
1520 1097 1578 1124 a-de
1597 1095 1763 1123 Sanctorum

970 1144 1164 1180 Apostolorum
1180 1143 1292 1180 [habiti]
1305 1151 1394 1172 canon
1412 1143 1457 1177 12,
1474 1143 1519 1177 15,
1534 1143 1578 1176 11,
1596 1142 1640 1170 15.

1560 1247 1765 1256 __—_———

801 1315 1007 1360 ΤΙΤΛΟΣ
1043 1316 1102 1359 Γ.

113 1405 195 1434 ΠΕΡΙ
217 1405 336 1434 ΕΥΧΩΝ
359 1406 420 1434 ΚΑΙ
446 1407 663 1442 ΨΔΛΜῼΔῘΛΣ,
705 1409 767 1435 ΚΑΙ
807 1408 1047 1442 ΑΝΑΓΝΩΣΕΩΣ,
1077 1408 1138 1436 ΚΑΙ
1165 1408 1361 1443 ΔΝΑΦΟΡΑΣ,
1391 1409 1454 1438 ΚΑΙ
1481 1409 1683 1444 ΚΟΙΝΩΝΙᾹΣ,
1705 1410 1768 1438 ΚΑΙ

476 1454 673 1482 ΥΠΟΥΡΙἸΛΣ
698 1455 939 1489 ΑΝΑΓΝΩΣΤΩΝ,
956 1456 1101 1484 ’ΥΔΑΤΩΝ
1116 1457 1178 1484 ΚΑΙ
1194 1456 1397 1485 ΥΠΗΡΕΤΩΝ.

1428 1479 1483 1492 σω

689 1620 923 1660 TITULUS
960 1619 1203 1662 TERTIUS.

116 1713 171 1745 DE
201 1714 587 1754 PRECIBUSJCANTU,
622 1716 835 1753 LECTIONE,
872 1717 1130 1753 OBLATIONE,
1164 1698 1464 1755 COMMUNIONE,
1496 1719 1550 1749 ET
1580 1718 1765 1752 VESTITU.

278 1765 416 1803 ATQUE
439 1765 679 1797 MINISTERIO
702 1766 940 1805 LECTORUM,
964 1767 1189 1799 CANTORUM
1214 1768 1267 1799 ET
1289 1769 1590 1800 MINISTRORUM.

151 1849 353 1878 ΚΕΦΔᾹΑῙΟΝ
367 1848 518 1878 ΠΡΩΤΟΝ.
533 1864 570 1870 ——
584 1849 682 1877 Ποίων
703 1851 721 1878 ὁ
732 1850 808 1883 λαὸς
820 1849 912 1885 εὐχῶν

1007 1851 1122 1880 CAPUT
1147 1851 1295 1880 PRIMUM.
1311 1868 1346 1873 —
1358 1852 1457 1885 Quales
1477 1860 1566 1888 preces
1587 1852 1700 1889 populus
1719 1861 1769 1880 au-

115 1896 261 1933 ὼιροᾶται
289 1897 338 1924 καὶ
365 1896 416 1924 διὰ
439 1896 468 1924 τί
490 1896 566 1931 πρὸς
596 1895 749 1930 ἀνατολὰς
787 1895 916 1931 δρῶντες

116 1945 277 1981 εὐχόμεθα.

149 2023 265 2052 Συνόδου
286 2023 448 2055 Λαοδικείας
471 2022 562 2050 κανὼν
579 2020 601 2049 ε’
624 2021 673 2048 καὶ
698 2021 730 2048 tli'
745 2029 752 2038 ·
773 2020 917 2049 Βασιλείου

123 2072 159 2099 ἐκ
173 2069 222 2098 τοῦ
239 2070 281 2103 κζ’
296 2079 360 2104 κεφ.
379 2069 427 2096 τοῦ
445 2069 514 2106 Περὶ
528 2069 576 2096 τοῦ
586 2068 664 2104 ἁγίου
685 2068 857 2104 Πνεῦματος.

154 2118 311 2154 Κείμενον.
329 2117 362 2144 Ἦ
385 2117 418 2150 ιζ’
433 2117 502 2144 διάτ.
529 2117 577 2144 τοῦ
600 2117 689 2145 α’τίτ.
713 2117 768 2144 τῶν
791 2116 918 2151 Νεαρῶν,

117 2165 200 2200 λέγον
214 2165 271 2200 Τὴν
289 2164 376 2200 ἀρχὴν
385 2164 436 2198 τῆς
454 2163 535 2198 ἁγίας
551 2164 695 2196 κοινωνίας
712 2164 759 2191 καὶ
775 2163 823 2191 τοῦ
839 2163 918 2198 ἁγίου

118 2210 312 2248 βαπτίσματος
328 2210 449 2246 ὀφείλειν
464 2211 644 2245 ἐξακούεσθαι
659 2211 698 2246 τῷ
718 2211 785 2247 λαῷ.

155 2259 297 2294 Σχόλιον.
317 2258 350 2285 Ἦ
372 2257 404 2291 ιζ’
424 2258 494 2285 διάτ.
528 2257 574 2285 τοῦ
590 2261 615 2285 α’
639 2258 692 2286 τίτ.
729 2259 784 2285 τῶν
805 2257 920 2294 Νεαρῶν

119 2306 182 2333 ἐστι
196 2314 259 2341 κεφ.
276 2304 319 2332 κα’
346 2304 394 2331 τοῦ
421 2304 447 2332 α’
461 2304 516 2331 τίτ.
542 2304 589 2332 τοῦ
605 2308 630 2339 γ’
648 2303 751 2340 βιϐλίου
767 2304 822 2332 τῶν
836 2304 921 2331 Βασι-

119 2351 216 2384 λικῶν,
243 2350 332 2383 οὕτως
345 2350 407 2387 ἔχον
419 2359 426 2367 ·
442 2351 513 2387 Πρὸς
524 2351 631 2383 τούτοις
652 2349 800 2386 κελεύομεν
816 2350 921 2382 πάντας

119 2398 290 2430 ἐπισκόπους
305 2406 335 2424 τε
353 2398 401 2425 καὶ
418 2397 620 2434 πρεσϐυτέρους
636 2397 675 2433 μὴ
691 2397 762 2433 μετὰ
779 2397 810 2424 τὸ
823 2405 921 2424 σεσιω-

120 2444 257 2480 πημινον,
274 2443 344 2471 ἀλλὰ
356 2443 427 2479 μετὰ
438 2443 530 2479 φωνῆς
546 2443 586 2479 τῷ
603 2442 759 2479 πιστοτάτῳ
780 2441 840 2478 λαῷ
861 2443 921 2470 δια-

121 2490 277 2526 κουομένης
298 2490 348 2527 τὴν
371 2490 448 2516 θείαν
470 2489 669 2525 προσκομιδὴν,
684 2489 732 2516 καὶ
746 2488 796 2525 τὴν
816 2489 863 2515 ἐπὶ
881 2488 920 2524 τῷ

122 2538 195 2574 ἁγίῳ
210 2537 380 2574 βαπτίσματι
392 2537 547 2574 προσευχὴν
561 2537 709 2570 ποιεῖσθαι,
722 2536 792 2572 πρὸς
809 2536 839 2563 τὸ
854 2537 920 2564 κὰν-

969 1899 1035 1931 diat,
1053 1904 1078 1927 et
1111 1903 1273 1935 quapropter
1295 1899 1323 1926 in
1339 1899 1468 1927 orientem
1492 1900 1682 1936 prospicientes
1711 1907 1770 1935 pre-

968 1954 1069 1973 centur.

1004 2019 1119 2048 Concilii
1150 2018 1298 2047 Laodiceni
1337 2026 1427 2047 canon
1455 2018 1483 2051 5,
1509 2018 1562 2053 i9;
1587 2017 1681 2046 Basilii
1735 2025 1769 2046 ex

970 2073 1030 2101 cap.
1046 2065 1082 2092 27
1096 2064 1134 2093 De
1148 2069 1244 2093 sancto
1261 2064 1379 2100 Spiritu.

1007 2112 1116 2140 Textus.
1128 2112 1224 2140 Const.
1240 2111 1274 2139 17
1297 2112 1338 2139 tit.
1358 2112 1370 2138 l
1395 2110 1569 2139 Novellarum
1600 2109 1668 2138 dicit
1685 2109 1768 2137 :Pre-

970 2167 1017 2187 ces
1031 2162 1216 2187 sacrosanctae
1234 2157 1440 2186 communionis
1454 2161 1481 2185 et
1494 2156 1665 2186 sacrosancti
1681 2155 1770 2191 bapti-

972 2206 1068 2234 smatis
1084 2213 1100 2233 a
1112 2205 1214 2240 populo
1228 2204 1354 2232 exaudiri
1371 2204 1481 2231 debere.

1007 2251 1155 2279 Scholium.
1183 2251 1279 2278 Const.
1320 2250 1365 2282 17,
1400 2249 1444 2277 tit.
1470 2250 1483 2276 1
1522 2248 1700 2277 Novellarum
1728 2252 1773 2275 est

971 2305 1033 2332 cap.
1051 2297 1083 2324 21
1108 2297 1150 2325 tit.
1168 2296 1179 2323 1
1197 2296 1246 2324 lib.
1276 2303 1305 2324 III
1326 2295 1423 2329 Basil.,
1440 2295 1512 2331 quod
1537 2295 1577 2323 sic
1598 2295 1701 2323 habet:
1730 2294 1771 2322 Atl

973 2344 1031 2371 haec
1045 2342 1188 2378 iubemus,
1205 2347 1236 2370 ut
1251 2349 1347 2370 omnes
1364 2342 1485 2377 episcopi
1500 2341 1603 2376 pariter
1617 2345 1644 2368 et
1657 2340 1772 2376 presby-

973 2390 1036 2424 teri,
1056 2398 1112 2417 non
1124 2389 1209 2418 tacito
1225 2389 1317 2423 modo,
1339 2388 1387 2417 sed
1404 2389 1479 2416 clara
1493 2395 1573 2420 voce,
1588 2395 1650 2422 qua:
1673 2395 1688 2414 a
1705 2386 1773 2414 ίὶιΙο-

972 2435 1081 2465 lissimo
1109 2435 1212 2471 populo
1237 2435 1376 2466 audiatur,
1400 2441 1508 2462 sacram
1533 2433 1718 2465 oblationem,
1743 2436 1772 2460 et

973 2490 1071 2519 preces
1093 2483 1120 2511 in
1145 2486 1241 2510 sancto
1261 2481 1426 2516 baptismate
1446 2479 1585 2508 adlI'Ibitas
1608 2479 1771 2507 celebrent:

973 2537 1029 2566 quo
1056 2529 1090 2558 ad
1116 2529 1249 2564 majorem
1273 2527 1374 2556 exinde
1396 2526 1637 2563 compunctionem
1663 2533 1696 2553 ac
1719 2525 1773 2552 Do-

120 2571 219 2612 τεῦόεν
233 2584 282 2616 τὰς
297 2571 352 2611 ei?”
370 2571 530 2611 ἀκουόντῷν
540 2583 632 2619 ψυχὰς
645 2583 685 2615 είς
703 2571 817 2611 πλείονα
832 2582 912 2610 κατά-

978 2577 1042 2605 mini
1067 2576 1116 2605 Dei
1141 2575 1367 2612 gloriﬁcationem
1397 2574 1568 2602 audientium
1594 2572 1679 2602 animi
1705 2571 1774 2600 elle-

121 2631 200 2664 νυξιν
216 2632 265 2659 καὶ
280 2630 330 2666 τὴν
345 2630 415 2667 πρὸς
433 2629 478 2657 τὸν
489 2630 630 2666 Δεσπότην
643 2629 711 2658 Θεὸν
729 2629 919 2658 διανίστασθαι

121 2677 290 2712 δοξολογίαν.
396 2674 399 2677 ”

159 2725 289 2752 ΚΕΦΑΔ.
306 2722 344 2751 B'.
358 2738 393 2744 —-
413 2723 483 2758 Περι
501 2723 555 2751 τοῦ
577 2723 674 2756 τίνας,
694 2722 744 2750 καὶ
770 2720 844 2755 πῶς,
871 2721 923 2750 καί

124 2771 197 2799 ποῖα
208 2771 257 2798 δεῖ
268 2769 401 2805 ψάλλειν
413 2791 420 2801 ,
434 2769 454 2804 ἣ
466 2769 610 2805 εὔχεσθαι
622 2789 629 2801 ,
647 2769 666 2804 ἢ
688 2768 921 2804 ἀναγινώσκειν.

167 2817 341 2845 ’Δποστόλων
369 2818 460 2844 κανὼν
487 2816 520 2850 ξ’,
543 2816 595 2842 πέ”
621 2815 731 2842 συνόδου
760 2814 923 2846 Λαοδικείας

975 2629 1082 2652 rantur.

978 2718 986 2724 '
1012 2716 1089 2745 CAP.
1115 2715 1147 2744 ll.
1161 2731 1195 2737 —-
1210 2715 1293 2750 Quos,
1313 2714 1455 2750 quomodo,
1472 2712 1564 2750 qualia
1587 2719 1691 2746 canere,
1711 2718 1774 2747 pre-

976 2765 1045 2798 cari,
1056 2768 1103 2792 aut
1121 2763 1205 2799 legere
1220 2767 1352 2798 oporteat.

1011 2811 1208 2847 Apostolorum
1233 2818 1323 2839 canon
1352 2809 1398 2841 60,
1420 2808 1473 2841 85;
1491 2805 1600 2835 concilii
1625 2804 1773 2833 Laodiceni

125 2862 219 2892 κανὼν
230 2865 272 2896 ιε’,
289 2862 332 2896 ιζ’,
344 2865 389 2899 ιη’,
403 2861 447 2896 ιθ¹,
460 2865 514 2896 κγ’,
530 2860 575 2897 μθ¹
585 2869 592 2877 ·
605 2860 716 2889 συνόδου
729 2859 912 2897 Καρθατὲννη

984 2865 1074 2888 canon
1091 2857 1137 2893 15,
1156 2857 1200 2892 17,
1217 2855 1263 2891 18,
1288 2855 1334 2891 l9,
1358 2855 1405 2890 25,
1426 2854 1478 2890 59;
1501 2851 1610 2883 concilii
1633 2851 1778 2888 Carthagi-
