1956 3049
94 133 162 168 1053

575 129 819 164 NOMOCANON-
830 142 866 149 —
882 129 1018 167 TITJII,
1037 130 1117 166 CAP.
1136 129 1282 161 III-XXI-

1678 125 1748 160 1051

125 190 282 226 Κειμενον.
306 188 340 217 Ἦ
354 187 376 222 ζ’
408 188 480 216 διὰτ.
497 187 544 216 τοῦ
564 191 588 215 α’
604 188 657 215 τίτ.
672 187 728 214 τῶν
751 186 868 223 Νεαρῶν
879 207 887 221 ,

979 186 1088 214 Τετειιιε.
1115 186 1214 215 Const.
1235 187 1260 219 7,
1278 186 1319 214 tit.
1342 186 1356 214 1
1381 185 1567 219 Novellarum,
1585 188 1651 219 etc.,
1666 193 1748 221 usque

92 249 119 267 κ.
135 248 161 266 τ.
175 239 214 270 λ.,
235 244 325 273 usque
345 235 380 264 ad
406 235 438 264 τὸ
465 235 566 272 ἀρχθὲν
595 234 753 271 πληρῶσαι.

127 330 271 365 Σχόλιον.
305 329 340 356 Ἦ
356 327 378 361 ζ’
393 327 466 355 διάτ.
492 326 541 354 τοῦ
560 330 586 354 α’
615 326 669 354 cit.
702 326 758 354 τῶν
774 325 893 361 Νεαρῶν

93 376 151 404 ἔστι
169 375 257 411 νεαρά
273 374 488 406 Ἰουστινιάνειος
514 372 563 407 εξ,
578 374 626 401 καὶ
643 373 694 400 οὐκ
707 372 786 408 ἐτέθη
801 373 841 404 sic
857 372 893 399 τὰ

93 423 236 451 Βασιλικά.
256 423 289 449 Ἠ
301 425 326 456 γ’
340 421 411 449 διάτ.
436 421 484 448 τοῦ
513 419 534 456 β’
546 420 601 448 τίτ.
615 420 672 447 τῶν
696 419 814 455 Νεαρῶν
834 419 892 446 ἐστι

92 470 178 507 νεαρᾶ
200 468 418 500 Ἰουστινιάνειος
434 467 492 504 ρλα¹
507 467 622 503 κειμένη
639 467 669 493 ὲν
685 466 782 502 βιϐλίῳ
807 464 828 492 ε’
838 464 893 492 τῶν

93 515 259 548 Βασιλικιῖνι,
275 514 330 543 τίτ.
343 513 380 549 γ’,
395 523 460 549 κεφ.
475 513 496 541 δ’
515 514 564 542 καὶ
582 512 615 548 ε’,
632 512 650 541 ἃ.
661 512 711 540 καὶ
725 511 832 548 ἔχουσιν
855 511 893 543 ὡς

92 564 132 596 εἰς
146 562 178 590 τὸ
191 562 319 598 κείμενον
335 560 559 597 συνωψίσθησαν.

127 656 284 692 Κειμενον.
301 655 332 682 EI
341 654 370 682 δέ
384 663 427 687 τις
437 654 466 681 ἐν
477 652 606 688 ἰδιωτικῷ
617 652 685 688 οῑκῳ
697 673 706 685 ,
722 649 892 687 προαστείῳ,

91 701 109 737 ἢ
127 701 230 737 χωρίῳ,
246 709 274 728 χ.
291 709 317 728 τ.
334 699 372 734 λ.,
386 707 475 735 usque
489 698 524 726 ad
539 697 674 734 εἰρημένα
690 697 789 724 ποιεῖν.

128 793 271 828 Σχόλιον.
296 791 366 828 Περὶ
394 792 444 827 τῆς
467 793 493 826 γ’
509 790 616 823 διατάξ.
640 790 689 816 τοῦ
713 788 738 824 β’
755 787 809 815 rit.
835 786 892 814 τῶν

91 840 208 875 Νεαρῶν
222 839 383 874 διελάσομεν
394 839 435 870 είς
447 837 477 865 τὸ
487 836 592 864 διελθὸν
603 835 719 872 σκόλιον.
727 835 760 862 Ἠ
773 833 800 867 ς’
821 833 892 861 διάτ.

91 887 139 914 τοῦ
154 885 179 914 α’
193 886 247 913 sic.
264 885 319 913 τῶν
333 885 461 920 Νεαρῶν,
478 885 496 920 ὴ
509 883 629 918 λέγουσα
648 881 812 917 φισκοῢσῦαι
833 880 894 916 ἦτοι
911 876 932 904 Β

91 932 306 972 δημοσιεύεσθαι
320 932 366 959 τὸν
380 932 463 959 τόπον
474 932 503 958 ὲν
519 927 541 966 ᾧ
557 930 663 966 γίνεταί
677 939 703 957 τι
717 928 792 964 ἱερὸν
812 926 890 964 παρὰ

90 979 207 1015 γνώμην
223 979 279 1006 τῶν
291 978 461 1010 ἐπισκόπων,
479 977 538 1003 ἔστι
566 975 652 1011 νεαρὰ
670 973 889 1006 Ἰουστινιάνειος

91 1025 144 1062 νη¹.
157 1026 220 1061 ἥτις
227 1025 275 1052 καὶ
286 1025 465 1061 ὴπράκτησεν
475 1024 513 1055 ὼς
527 1023 564 1058 μὴ
577 1023 686 1050 τεθεῖσα
703 1022 743 1053 εἰς
757 1020 792 1047 τὰ
806 1020 890 1047 Βασι-

90 1072 166 1100 λικά.
189 1072 221 1099 Ἦ
243 1071 273 1098 ιε’
291 1071 363 1099 star.
392 1071 440 1098 τοῦ
462 1069 488 1105 γ’
513 1070 566 1097 τίτ.
591 1068 639 1096 τοῦ
665 1071 691 1095 α’
708 1067 812 1104 βιϐλίου
842 1065 890 1093 τοῦ

93 1119 220 1151 Κώδικος
237 1118 287 1146 οὐκ
300 1118 381 1154 ἐτέθη
394 1118 434 1149 εἰς
444 1117 479 1144 τὰ
497 1115 641 1143 Βασιλικά.

129 1166 257 1194 ΚΕΦΔΛ.
273 1165 323 1193 IE'.
343 1180 380 1187 ~—
399 1164 470 1199 Περὶ
492 1164 669 1191 ἐπισκόπων
693 1161 713 1197 ἣ
737 1159 893 1194 κληρικῶν

94 1212 406 1248 συγ-κοινωνούντων,
435 1211 454 1243 ἢ
476 1207 713 1243 συνευχομένων
737 1206 897 1241 αΙρετικοῖς

94 1260 115 1295 ἢ
132 1259 303 1292 Ἰουδαίοις,
328 1258 348 1291 ἢ
371 1257 595 1291 ἐπιτρεπόντων
609 1254 723 1287 αὐτοὺς
738 1252 874 1288 ἐνεργεῖν
885 1273 893 1286 ,

95 1305 116 1341 ἦ
128 1304 303 1341 δεχομένων
314 1303 417 1331 αὐτῶν
432 1302 553 1336 θυσίας.

133 1352 306 1380 Ἀποστόλων
327 1350 418 1379 κανὼν
436 1353 462 1383 ι’,
480 1349 532 1385 με’,
550 1348 595 1382 νς¹
609 1357 616 1365 ·
656 1348 768 1376 συνόδου
790 1348 896 1375 Ἀντιο-

96 1399 175 1436 χείας
191 1398 282 1426 κανὼν
297 1396 319 1433 β’
328 1405 335 1413 ³
352 1397 462 1425 συνόδου
476 1395 638 1428 Λαοδικείας
651 1395 744 1422 κανὼν
757 1393 810 1428 λγ¹.

133 1445 290 1481 Κειμενον.
308 1442 376 1471 Ἦδ¹
403 1443 476 1470 διάτ.
497 1442 544 1469 τοῦ
564 1440 590 1475 ς’
614 1441 667 1468 τίς.
699 1441 753 1468 τῶν
780 1439 897 1476 Νεαρῶν
942 1457 944 1460 μ

98 1500 186 1528 φησιν
204 1491 278 1524 Ὅτι,
298 1499 325 1518 κ.
341 1499 368 1519 τ.
380 1489 420 1523 λ.,
437 1497 525 1525 usque
549 1489 584 1517 ad
608 1487 760 1524 Ἐκκλησία
774 1495 896 1522 προσκυ-

99 1538 222 1575 ροῦνται.

134 1586 277 1620 Σχόλιον.
309 1584 342 1612 Ἦ
366 1583 387 1611 δ’
413 1583 485 1612 διάτ.
508 1582 556 1610 τοῦ
572 1581 598 1616 ς’
612 1582 678 1615 τίτ.,
709 1580 764 1608 τῶν
780 1579 895 1615 Νεαρῶν

98 1633 159 1659 ἐστι
173 1631 260 1667 νεαρὰ
289 1631 507 1662 Ἰουστινιάνειος
531 1628 600 1665 ρλϐ’,
616 1627 732 1664 κειμένη
758 1627 788 1654 ὲν
804 1626 900 1662 βιὸλίῳ

99 1680 124 1703 α’
143 1676 199 1703 τῶν
211 1675 365 1703 Βασιλικῶν
380 1675 433 1702 τίτ.
448 1678 483 1704 α’.
499 1683 562 1710 κεφ.
580 1673 730 1709 τελευταίῳ
743 1672 900 1707 καλουμένη

101 1723 219 1751 Ἴδικτον
232 1723 297 1759 περὶ
318 1722 441 1754 πίστεως
451 1742 458 1755 ,
471 1719 820 1752 Κωνσταντινουπολίταις,
845 1726 900 1745 κω-

100 1770 207 1797 λύουσα
219 1769 269 1802 τὰς
284 1768 501 1803 παρασυνάξεις,
519 1767 568 1794 καὶ
581 1767 616 1794 τὰ
640 1765 901 1802 παραϐαπτίσματα

99 1816 157 1842 τῶν
167 1814 326 1850 αἱρετικῶν,
336 1814 384 1841 καὶ
395 1812 581 1849 διαλαμϐάνου
586 1821 619 1839 σα
630 1812 680 1839 ὅσα
689 1812 729 1843 εἰς
736 1810 766 1837 τδ
776 1809 902 1844 κείμενον

99 1860 296 1896 διελήφϐησαν.

137 1907 266 1934 ΚΕΦΑΛ.
287 1904 347 1940 Iq’.
364 1921 397 1927 —
409 1905 479 1940 Hepl
490 1905 545 1932 τοῦ
557 1904 601 1940 μὴ
616 1904 681 1932 δεῖν
693 1903 729 1931 τὰ
742 1902 811 1937 ἅγια
821 1901 902 1936 λόγῳ

99 1952 260 1989 εὐλοτιῶν,
275 1953 320 1986 εις
333 1952 387 1985 τὰς
400 1951 559 1986 παροικίας
578 1951 761 1986 πέμπεσθαι.

138 2045 254 2073 Συνόδου
268 2044 432 2077 Λαοδικείας
446 2044 538 2071 κανὼν
554 2044 868 2079 τεσσαρεσκαιδέκατος.

137 2092 267 2120 ΚΕΦΑΔ.
295 2090 347 2119 IZ'.
365 2106 402 2111 —
431 2091 501 2126 Περὶ
517 2090 572 2118 τοῦ
583 2090 626 2126 μὴ
639 2090 755 2118 διδόναι
765 2090 829 2124 τοῖς
842 2089 901 2118 σώ-

99 2145 180 2175 μασι
190 2137 252 2165 τῶν
271 2136 483 2165 τελευτώντων
496 2137 668 2164 κοινωνίαν.

140 2185 257 2212 Συνὸδου
274 2183 475 2220 Καρθαγέννης
497 2183 588 2210 κανὼν
603 2181 638 2219 ιη’
654 2191 662 2199 ⁸
685 2182 797 2210 συνόδου
819 2181 904 2217 ἕκτης

102 2230 197 2259 κανὼν
210 2229 267 2266 πγ’.

141 2277 268 2306 ΚΕΦᾹΛ.
284 2277 340 2305 IH'.
363 2292 400 2298 -—
422 2276 493 2311 Περὶ
512 2276 566 2304 τοῦ
580 2275 622 2311 μὴ
640 2275 750 2311 χρῆναι
773 2275 905 2310 γυναῖκα

103 2324 142 2352 ἐν
172 2324 238 2358 ταῖς
265 2322 390 2359 ἡμέραις
417 2323 473 2358 τῆς
501 2321 677 2357 καθάρσεως
711 2321 810 2356 αὐτῆς
843 2330 906 2348 κοι-

103 2377 193 2397 νωνει
196 2378 224 2396 ν.

142 2415 283 2443 Διονυσίου
298 2416 331 2442 ὲκ
345 2415 396 2450 τῆς
410 2415 479 2450 πρὸς
495 2414 657 2450 Βασιλείδην
673 2413 820 2449 ἐπιστολῆς
841 2421 905 2447 κεφ.

106 2462 141 2498 β’,
154 2462 174 2490 δ’
190 2471 198 2479 ⁸
218 2461 355 2498 Τιμοθέου
367 2461 461 2489 κανὼν
479 2460 518 2494 ς’,
535 2460 569 2493 ζ’.

144 2509 272 2536 ΚΕΦΔΛ.
306 2507 358 2536 ΙΘ¹.
391 2524 425 2530 --
460 2507 526 2542 Πῶς
567 2509 584 2536 ὀ
617 2507 808 2542 ὀνειρασθεὶς
842 2515 906 2533 κοι-

105 2564 206 2584 νωνει.

143 2602 282 2630 Διονυσίου
290 2602 323 2629 ὲκ
330 2602 381 2636 τῆς
390 2601 460 2637 πρὸς
473 2599 633 2634 Βασιλείδην
645 2599 791 2635 ἐπιστολῆς
798 2607 861 2634 act-:39.
875 2597 907 2625 δ”

107 2649 242 2685 Τιμοθέου
257 2648 350 2676 κανὼν
365 2648 410 2684 ιβ’.

145 2696 272 2723 ΚΕΦΑΛ.
291 2694 380 2723 κὐ-
396 2693 466 2728 Περὶ
477 2693 531 2722 τοῦ
545 2693 589 2729 μὴ
601 2693 741 2730 γενέσθαι
753 2691 910 2728 ἀναφορὰν

109 2742 271 2776 παρόντων
287 2739 454 2775 αἱρετικῶν.

147 2788 282 2824 Τιμοθέου
299 2786 391 2814 κανὼν
414 2786 535 2818 ἑννατος.

148 2834 280 2862 ΚΕΦΑΛ.
297 2831 364 2860 KA’.
381 2847 416 2854 ——
427 2832 503 2860 Πότε
522 2831 571 2859 δεῖ
579 2831 632 2866 τῆς
645 2830 777 2867 γαμετῆς
789 2830 838 2858 διὰ
853 2829 911 2865 τὴν

114 2883 277 2913 κοινωνίαν
290 2882 466 2918 ἀπέχεσθαι.

946 235 981 262 ad
1000 234 1155 262 baeredibus
1168 238 1292 270 cogatur,
1306 238 1335 260 ut
1349 241 1411 269 pag.
1432 232 1496 261 860.
1545 255 1566 263 η
1587 248 1604 262 .c

982 329 1129 358 Scholium.
1144 329 1240 358 Const.
1261 328 1289 362 7,
1315 328 1356 356 tit.
1387 329 1400 356 1
1435 327 1613 356 Novellarum
1634 331 1678 356 est
1699 335 1750 354 no-

945 379 1014 406 vclla
1035 377 1182 405 Iustiniani
1207 376 1253 407 67.
1282 380 1310 404 et
1334 383 1387 403 non
1407 380 1449 403 est
1478 375 1568 410 posita
1595 374 1623 402 in
1657 373 1741 401 Basii.

947 424 1042 452 Const.
1056 424 1073 452 3
1084 423 1125 451 tit.
1141 422 1343 451 2Novellarum
1355 426 1396 450 est
1408 421 1514 449 novella
1525 420 1671 449 Iustiniani
1686 421 1749 453 151,

947 470 1054 508 [atque]
1064 475 1107 499 est
1120 471 1148 498 in
1167 470 1215 498 lib.
1234 478 1251 496 ν
1276 469 1371 501 Basil.,
1388 469 1429 496 tit.
1442 469 1471 501 5,
1484 476 1545 503 cap.
1558 468 1576 496 4
1601 471 1629 495 et
1642 467 1671 500 5,
1685 474 1748 502 quac

947 518 1030 547 etiam
1060 517 1161 545 habent
1187 516 1262 544 utin
1283 519 1359 544 textu
1381 514 1577 550 compendiose
1602 513 1745 550 proposita

948 567 1028 592 sunt.

984 660 1094 689 Tactus.
1106 659 1184 694 Quod
1201 659 1224 688 si
1237 659 1300 695 quis
1312 658 1339 686 in
1348 658 1467 693 privato,
1482 662 1549 691 elc.,
1558 663 1643 692 usque
1658 655 1694 683 ad
1704 655 1747 683 di-

947 712 990 735 cta
1005 711 1203 742 exsequamur,
1219 710 1249 733 ut
1262 714 1322 742 pag.
1338 704 1401 732 6l0.

987 800 1134 828 Scliolium.
1157 799 1195 827 De
1208 803 1298 827 const.
1317 799 1335 826 5
1357 798 1400 826 tit.
1412 799 1430 825 2
1446 796 1620 826 Novellarum
1647 798 1751 823 tracta;

948 849 1040 878 vimus
1063 849 1092 877 in
1117 847 1281 885 praecedenti
1301 847 1420 875 SCIIOIIO.
1451 846 1547 874 Const.
1565 846 1581 874 6
1603 846 1675 874 ιίι.1
1697 845 1752 873 Νο-

945 897 1091 929 vellarum,
1104 904 1165 931 qum
1182 893 1329 923 conﬁscari
1345 893 1412 920 dicit
1433 892 1536 924 locum,
1557 892 1586 919 in
1601 899 1656 927 quo
1675 899 1748 926 prun

948 948 989 971 ter
1008 942 1155 971 scientiam
1182 941 1377 976 episcoporum
1401 945 1511 966 sacrum
1538 937 1648 972 aliquod
1675 936 1748 964 cele-

947 989 1056 1021 bratur,
1076 992 1119 1016 est
1131 986 1238 1015 novella
1251 984 1404 1014 Iustiniani
1423 984 1468 1016 58,
1488 991 1550 1019 quae
1569 983 1651 1011 etiam
1667 982 1746 1010 irrita

949 1035 1021 1063 facta
1045 1039 1096 1066 est.
1112 1038 1142 1061 ut
1156 1041 1219 1068 quae
1246 1032 1274 1059 in
1301 1031 1386 1059 Basil.
1407 1029 1496 1065 posita
1522 1036 1575 1056 non
1601 1028 1647 1056 sit.
1672 1027 1748 1055 Con-

946 1081 1005 1109 stit.
1019 1080 1053 1108 15
1067 1080 1109 1108 ιῑι.
1126 1080 1144 1107 '5
1163 1079 1210 1106 lib.
1229 1086 1238 1105 ι
1254 1076 1322 1105 Cod.
1342 1076 1368 1104 in
1394 1075 1478 1104 Basil.
1497 1082 1551 1102 non
1579 1079 1622 1102 est
1640 1073 1740 1109 posita.

981 1165 1061 1195 CAP.
1076 1165 1137 1193 XV.
1156 1165 1242 1192 —De
1256 1163 1394 1199 episcopis,
1405 1158 1458 1189 'aut
1485 1160 1601 1190 clericis.
1618 1159 1664 1194 qui
1691 1166 1751 1186 cum

948 1215 1080 1243 Inerelicis
1100 1211 1262 1241 aulIuIIwis
1287 1210 1494 1240 communicant,
1526 1207 1566 1235 vel
1587 1213 1676 1242 preces
1687 1213 1751 1232 con—

952 1261 1081 1297 jungunt,
1108 1263 1155 1287 aut
1180 1259 1245 1293 ipsis
1270 1256 1375 1292 operari
1400 1253 1507 1292 [sacris]
1522 1253 1697 1289 permittunt,
1712 1250 1753 1279 vel

947 1308 1067 1344 ipsorum
1082 1305 1245 1340 sacrificium
1257 1303 1417 1337 suscipiunt.

989 1352 1186 1389 Apostolorum
1210 1358 1299 1378 canon
1312 1349 1355 1379 10.
1370 1348 1416 1381 45,
1431 1347 1465 1375 56
1481 1355 1489 1379 ;
1513 1344 1623 1374 concilii
1649 1343 1749 1372 Antio-

952 1400 1034 1430 clieni
1056 1405 1147 1426 canon
1161 1397 1179 1425 2
1196 1405 1204 1431 ;
1221 1396 1329 1424 concilii
1344 1394 1490 1422 Laodiceni
1507 1399 1596 1420 canon
1607 1391 1654 1418 55.

988 1445 1097 1474 Teium.
1115 1443 1210 1472 Const.
1225 1443 1253 1476 ὁ,
1276 1442 1318 1470 tit.
1343 1441 1360 1468 6
1396 1439 1569 1467 Novellarum
1593 1437 1629 1464 ait
1646 1445 1653 1464 :
1671 1433 1751 1468 Quod

955 1493 1011 1530 qui,
1022 1497 1087 1525 etc.,
1103 1498 1185 1526 usque
1199 1490 1234 1517 ad
1246 1487 1375 1517 Ecclesiae
1388 1486 1561 1517 addicuntur,
1576 1488 1604 1510 ut
1613 1491 1674 1519 pag.
1687 1480 1752 1509 610.

984 1568 1134 1598 Scholium.
1160 1566 1257 1594 Const.
1277 1564 1296 1592 ι
1328 1563 1370 1591 ιῑι.
1397 1562 1414 1590 6
1430 1560 1608 1589 Novellarum
1635 1562 1678 1585 est
1701 1563 1755 1583 no-

955 1616 1025 1644 vella
1042 1612 1193 1643 Iustiniani
1216 1611 1279 1644 152,
1307 1607 1394 1646 [qum]
1423 1607 1512 1644 posita
1540 1604 1606 1642 [est]
1623 1603 1650 1630 in
1670 1602 1720 1630 lib.
1745 1609 1753 1628 ι

955 1662 1052 1695 Basil.,
1082 1662 1124 1689 tit.
1142 1661 1169 1693 1,
1190 1666 1250 1694 cap.
1275 1657 1338 1689 l:It..
1360 1655 1416 1692 [ac]
1438 1658 1556 1681 vocatur
1576 1651 1703 1678 Edictum
1716 1649 1750 1676 de

955 1708 1018 1738 fide.
1037 1702 1354 1739 Constantinopolitanis
1366 1711 1374 1730 :
1388 1709 1450 1736 quae
1467 1698 1612 1727 interdicta
1628 1702 1752 1724 conven-

958 1752 1040 1780 ticula
1053 1755 1081 1778 ot
1094 1750 1245 1778 adulterata
1263 1747 1428 1782 haplismata
1450 1743 1642 1771 limreticorum
1656 1739 1753 1775 prohi-

956 1797 1011 1826 bet.
1032 1796 1130 1824 Tradit
1157 1799 1261 1827 autem,
1287 1798 1460 1828 quaecunque
1475 1789 1502 1816 in
1528 1792 1602 1816 textu
1623 1792 1753 1820 compre-

954 1844 1040 1872 licnsa
1061 1847 1137 1871 sunt.

999 1899 1076 1927 CAP.
1089 1898 1162 1926 XVI.
1177 1913 1211 1918 —
1225 1895 1303 1930 Quod
1317 1902 1370 1922 non
1386 1892 1524 1921 conueniat
1541 1894 1648 1918 sanctas
1664 1887 1751 1924 [obla-

955 1946 1050 1983 tiones]
1066 1945 1261 1972 bcncdiclorum
1284 1940 1422 1969 munerum
1437 1938 1542 1967 nomine
1557 1937 1584 1964 in
1600 1933 1694 1973 [alios]
1705 1942 1755 1969 pa-

956 1993 1061 2021 rochias
1080 1992 1162 2020 mitti.

999 2039 1115 2068 Concilii
1136 2036 1284 2065 Laodiceni
1298 2043 1385 2064 canon
1405 2033 1450 2061 M.

998 2085 1076 2115 CAP.
1092 2084 1174 2113 XVII.
1191 2101 1226 2107 —
1243 2083 1283 2110 Ne
1293 2081 1450 2117 corporibus
1460 2078 1645 2114 defunctorum
1660 2081 1754 2101 sacra-

955 2139 1072 2162 mentum
1093 2130 1274 2159 Eucharistiw
1289 2129 1377 2157 datur.

995 2178 1113 2208 Concilii
1133 2175 1360 2212 Carthaginiensis
1379 2179 1468 2202 canon
1489 2170 1540 2204 I8;
1555 2166 1663 2197 concilii
1681 2163 1753 2193 sexti

921 2227 943 2254 D
958 2233 1047 2255 canon
1068 2225 1113 2253 83.

996 2272 1073 2300 CAP.
1087 2269 1182 2298 XVIII.
1197 2284 1234 2289 ——
1246 2267 1324 2301 Quod
1337 2275 1389 2294 non
1413 2263 1553 2292 conveniat
1576 2259 1712 2288 mulierem
1724 2255 1753 2283 in

960 2319 1052 2347 diebus
1066 2317 1233 2354 purgationis
1248 2323 1304 2344 sua:
1317 2313 1522 2342 communicare.

994 2410 1115 2447 Dionysii
1131 2417 1164 2437 cx
1180 2408 1296 2445 epistola
1313 2404 1505 2435 adBasilidcm
1525 2408 1588 2436 cap.
1603 2399 1632 2432 2,
1649 2397 1686 2432 ι;
1706 2395 1756 2423 'l'i-

959 2458 1064 2486 mothei
1075 2464 1163 2485 canon
1177 2455 1206 2489 6,
1222 2455 1251 2482 7.
1737 2488 1744 2495 .

990 2503 1066 2531 CAP.
1081 2501 1154 2530 XIX.
1190 2516 1207 2521 -
1220 2498 1358 2533 Quomodo
1367 2495 1551 2528 communicet,
1563 2492 1648 2521 cuiiu
1659 2492 1758 2518 somnis

959 2558 1047 2579 semen
1061 2549 1151 2585 ﬂuxit.

998 2581 1120 2632 Dionysii
1134 2603 1168 2623 ex
1192 2592 1308 2629 epistola
1326 2591 1359 2620 ad
1376 2589 1522 2618 Basilidem
1543 2590 1627 2622 caput
1646 2584 1682 2617 ι;
1707 2581 1757 2609 Ti-

962 2643 1064 2672 motlici
1080 2649 1169 2670 canon
1190 2640 1234 2668 1‘2.

995 2689 1072 2718 CAP.
1087 2687 1147 2716 XX.
1163 2703 1199 2709 —-
1216 2685 1258 2714 Ne
1265 2684 1439 2721 prmentibus
1454 2679 1586 2710 lia'reticic
1601 2678 1747 2713 peragatur

962 2736 1072 2765 oblatio.

999 2780 1136 2810 Timothei
1150 2778 1353 2815 archiepiscopi
1367 2773 1546 2805 Alexandrini
1563 2777 1651 2800 canon
1663 2767 1692 2795 8.

997 2828 1073 2857 CAP.
1104 2827 1175 2855 XXI.
1189 2842 1225 2847 —-
1242 2811 1354 2859 Quando
1365 2828 1472 2861 propter
1490 2817 1701 2849 communionem
1717 2811 1750 2840 ab

963 2883 1045 2902 uxore
1060 2873 1191 2902 abstinere
1204 2876 1334 2908 oporteat.
