1946 3076
189 166 261 200 1055

784 156 919 189 ΡΠΟΤΙΙ
941 152 1196 186 PATRIARCH/E
1217 152 1270 182 CP;

1776 142 1845 176 1056

186 230 190 247 ‘-
222 222 345 260 Dionysii
356 230 391 251 ex
405 220 521 256 cpistola
537 218 570 247 al
599 217 746 246 Basilidem
766 219 850 250 caput
874 214 910 248 ὃς
935 212 983 240 Ti-

1075 209 1215 238 Διονυσίου
1233 209 1265 235 ὲκ
1277 207 1329 243 τῆς
1344 205 1415 242 προς
1426 203 1589 239 Βασιλείδην
1603 201 1753 238 ἐπιστολῆς
1777 209 1843 237 κεφ.

189 271 294 300 motliei
304 277 393 297 canon
409 268 436 300 5,
451 268 494 295 14.

225 316 305 344 CAP.
329 314 414 343 XXII.
429 311 612 345 —Quomodo
626 310 725 338 oblatio
742 308 888 337 celebretur
901 315 949 342 pro
959 314 990 334 eo

186 363 232 400 qui
246 371 273 390 se
291 363 379 398 ipsum
396 360 542 396 interfecit.
801 363 808 370 ι

222 409 360 437 Timothei
377 416 464 436 canon
484 407 532 434 I5.

226 454 336 482 Textus.
362 452 419 481 Lex
432 452 518 480 civilis
532 459 594 479 eum
610 449 657 485 qui
673 449 737 482 sibi,
758 453 802 476 etc
817 468 825 482 ,
845 455 928 482 usque
955 445 990 473 ad

188 501 234 529 lit.
251 500 286 529 50
298 498 450 537 [traditur],
467 503 496 525 ut
509 506 570 533 pag.
586 497 650 524 6H.

225 593 374 622 Schotium.
390 592 443 620 Tit.
461 592 508 625 2i,
525 592 574 620 lib.
595 599 681 619 vam
698 591 757 627 Dig.
781 595 823 618 est
840 597 903 624 cap.
930 589 948 616 5
962 593 989 616 et

191 645 220 670 et
237 641 266 674 4,
283 641 325 669 lit.
347 641 392 674 53,
415 640 463 668 Iib.
482 648 516 667 ωε
538 639 635 672 Basil.,
657 646 719 674 quae
742 638 837 665 eadem
865 637 988 665 tradunt.

189 686 244 716 Tit.
260 686 295 716 50
308 687 356 716 lib.
373 695 401 715 Ix
413 686 482 714 Cod.
496 686 524 714 in
539 685 623 713 Basil.
638 693 694 713 non
708 688 752 713 est
767 684 885 720 positus.

210 811 591 826 ————-——-L.a——

1045 257 1070 293 γ’
1083 266 1089 273 ·
1107 255 1243 292 Τιμοθέου
1255 253 1349 282 κανὼν
1359 252 1391 285 ε’,
1404 251 1450 287 ιγ’.

1081 303 1211 330 ΚΕΦΑΛ.
1225 300 1290 328 ΚΒ’.
1304 315 1340 320 -
1358 299 1425 332 Πῶς
1439 298 1554 334 γίνεται
1571 295 1734 332 προσφορὰ
1758 294 1837 329 ὑπὲρ

1045 349 1101 378 τοῦ
1115 349 1227 376 ἑαυτὸν
1236 348 1415 378 ἀνελόντος.
1645 343 1649 347 ’

1085 395 1220 431 Τιμοθέου
1234 393 1325 421 κανὼν
1338 390 1652 428 τεσσαρεσκαιδέκατος.

1079 440 1236 476 Κείμενον.
1257 439 1286 466 '0
1296 437 1438 468 ποὶιτικδς
1448 436 1532 472 νόμος
1542 435 1589 462 τὸν
1598 433 1696 462 ἑαυτὸν
1704 432 1844 468 ἀνελόντα,

1043 495 1073 514 κ.
1089 495 1115 514 τ.
1132 486 1169 520 λ.,
1186 492 1276 521 usque
1295 484 1331 512 ad
1352 483 1400 511 τοῦ
1417 482 1542 514 meum;
1556 481 1610 509 τίτ.
1627 479 1661 508 ν’.

1077 578 1218 613 Σχόλιον.
1239 577 1269 604 '0
1284 576 1328 605 κα¹
1338 576 1391 604 τίτ.
1404 575 1451 603 τοῦ
1467 573 1514 611 μη¹
1537 573 1642 611 βιϐλίου
1667 573 1724 601 τῶν
1736 571 1846 606 Διατάξ.
1899 565 1904 569 ⁷

1045 625 1106 653 ἐστι
1135 633 1199 660 κεφ.
1228 623 1253 658 γ
1280 624 1328 651 καὶ
1358 622 1378 650 δ’
1392 623 1440 650 τοῦ
1454 621 1557 657 νγ¹τίτ.
1569 621 1617 648 τοῦ
1630 619 1650 653 ξ’
1670 619 1773 656 βιὸλίου
1791 619 1846 646 τῶν

1046 672 1201 699 Βασιλικῶν
1219 671 1254 699 τὰ
1264 670 1334 698 αὐτὰ
1357 669 1513 702 διεξιόντος.
1536 667 1566 695 '0
1580 667 1609 694 δὲ
1625 666 1646 694 ν’
1663 667 1718 694 τίτ.
1739 665 1788 693 τοῦ
1816 664 1839 691 0'

1045 718 1150 755 βιὸλίου
1170 716 1217 744 τοῦ
1242 716 1367 748 Κώδικος
1381 716 1433 743 οὐκ
1449 714 1530 750 ἐτέθη
1547 714 1587 746 είς
1606 712 1643 740 τὰ
1665 710 1811 739 Βασιλικά.
1845 738 1851 745 _

594 804 1835 820 Μ

864 882 1069 927 ΤΓΓΛΟΣ
1106 875 1163 927 Δ’·

527 971 610 999 ΠΕΡΙ
626 968 923 999 ΚΑΤΗΧΟΥΜΕΝΩΝ
940 969 1001 996 ΚΑΙ
1023 967 1093 995 ΤΟΥ
1117 966 1221 995 ΑΓΙΟΥ
1239 965 1497 994 ΒΑΠΤΙΣΜᾹΤΟΣ.

755 1115 993 1157 TITULUS
1030 1113 1290 1163 QUARTUS.

396 1194 446 1227 DE
466 1195 678 1227 IMBUENDIS
699 1195 922 1234 RELIGIONE,
947 1195 997 1226 ET
1018 1194 1068 1225 DE
1089 1193 1359 1225 SACROSANCTO
1382 1191 1646 1222 BAPTISMATE.

235 1269 354 1301 CAPUT
373 1269 524 1298 PRIMUM.
537 1285 573 1291 —
590 1269 730 1298 Neminem
743 1270 847 1298 duabus
865 1271 991 1306 septima-

1078 1268 1281 1297 ΚΕΦΑΛΑΙΟΝ
1294 1267 1444 1295 ΠΡΩΤΟΝ.
1456 1282 1492 1288 -
1502 1267 1573 1301 Περὶ
1588 1266 1643 1294 τοῦ
1652 1267 1696 1302 μὴ
1714 1266 1854 1302 ὀφείλειν

193 1316 234 1344 ηἰι
248 1321 305 1351 post
329 1315 570 1352 Quadragesimam
592 1316 627 1343 ad
645 1316 807 1351 baptismum
833 1316 933 1351 suscipi
948 1316 993 1344 de-

195 1361 265 1390 bere.

231 1408 349 1436 Concilii
364 1407 514 1436 Laodiceni
529 1415 620 1436 canon
633 1407 680 1436 45.

235 1454 314 1483 CAP.
332 1455 367 1483 Il.
381 1470 418 1476 —
430 1454 469 1483 De
481 1455 515 1482 iis
526 1455 572 1491 qui
588 1454 707 1490 inﬁdeles
721 1454 875 1491 religionem
888 1455 993 1485 docent.

197 1534 202 1538 _
229 1500 346 1530 Concilii
366 1501 516 1530 Laodiceni
532 1501 580 1530 26.

202 1590 213 1602 ζ
235 1565 313 1594 CAP.
325 1564 371 1593 III.
385 1580 422 1586 —
435 1564 574 1598 Quomodo
589 1557 783 1600 baﬁtizandum
797 1564 851 1600 εἰμι

223 1610 432 1662 ιΑροιιιοιοτιιηλ
455 1617 545 1639 canon
568 1610 615 1645 49,
637 1609 691 1644 50;
715 1609 828 1638 concilii
850 1608 921 1638 sexti
946 1615 994 1637 ca-

199 1657 256 1685 non
277 1657 322 1686 59.

233 1713 311 1742 CAP.
323 1713 490 1747 IV.—Quod
504 1714 550 1750 qui
563 1712 610 1750 [ad
624 1712 785 1748 baptismum
805 1712 996 1750 recipiendum]

196 1760 395 1792 illuminantur.
418 1768 462 1787 eos
487 1760 551 1794 ﬁdei
566 1758 718 1795 [articulos]
741 1759 853 1786 recitare
865 1763 995 1793 oporteat.

233 1806 349 1834 Concilii
365 1806 512 1834 Laodiceni
534 1813 625 1834 canon
647 1806 693 1839 46,
709 1806 765 1840 47;
790 1805 900 1834 concilii
922 1809 994 1834 sext.

199 1859 288 1880 canon
306 1851 350 1879 78.

229 1895 339 1924 Τρωίας.
363 1896 457 1925 Const.
479 1897 513 1924 10
544 1896 586 1925 tit.
604 1897 621 1925 8
649 1897 686 1925 ilb
705 1905 715 1925 ι
741 1897 808 1924 Cod.
831 1897 920 1933 jubet,
941 1903 995 1928 etc.

196 1950 279 1980 usque
295 1943 329 1970 ad
341 1943 416 1979 digni
431 1943 594 1977 habeantur,
611 1948 640 1971 ut
656 1952 718 1980 pag.
739 1944 802 1972 615.

232 2035 379 2064 Scholium.
395 2037 490 2066 Const.
511 2037 544 2066 I0
575 2037 617 2065 tit.
646 2037 663 2066 8
684 2038 733 2066 lib.
750 2038 841 2066 [ϐοὰ.
867 2046 924 2067 non
948 2042 992 2067 est

198 2082 225 2111 in
242 2082 326 2112 Basil.
342 2084 463 2113 Conslit.
479 2086 507 2119 5,
524 2085 566 2113 tit.
581 2086 598 2114 5
614 2085 804 2116 Novellarum.
827 2090 870 2113 est
886 2086 994 2114 novella

198 2126 348 2156 Jusliniani
366 2128 425 2162 144,
443 2130 531 2165 posita
550 2130 616 2166 [que
632 2129 687 2166 est]
699 2130 726 2157 in
746 2130 793 2157 lib.
805 2129 890 2157 anil.
909 2138 928 2162 ι.
949 2130 992 2157 tit.

200 2174 228 2208 Ι,
254 2183 315 2250 (ῗρ.
339 2176 370 2205 51
387 2185 396 2212 ;
416 2185 479 2213 quae
500 2177 585 2206 etiam
604 2178 743 2206 scribetur
759 2177 788 2205 in
804 2177 858 2205 line
879 2184 940 2213 cap.
968 2177 995 2210 7,

202 2222 244 2250 Iit.
281 2243 289 2250 .

202 2222 244 2251 tit.
262 2222 289 2251 4.

238 2313 315 2342 CAP.
333 2312 367 2342 ν.
383 2329 419 2335 -—
436 2313 471 2343 Ut
484 2314 664 2350 baptizentur,
678 2314 723 2350 qui
735 2314 860 2350 ignorant
884 2321 920 2341 an
931 2312 997 2349 bap-

201 2358 280 2386 tizati
297 2359 361 2387 sint.

238 2404 356 2480 (ἔστιοὲῗὶ
371 2405 600 2442 οοτιίιοκίοοηείο
615 2415 704 2436 canon
721 2408 774 2442 72;
791 2407 902 2435 cOncilil
923 2407 995 2437 sexti

238 2458 294 2479 non
347 2473 355 2480 .

200 2458 294 2481 canon
310 2458 355 2480 δι.

235 2508 313 2539 CAP.
328 2510 375 2539 VI.
390 2525 429 2533 —-
442 2510 485 2540 Ne
497 2512 618 2548 defuncti
633 2512 817 2549 baptizentur.

238 2604 357 2634 Concilii
374 2605 600 2642 Carthaginiensis
612 2614 703 2636 canon
717 2608 762 2637 18.

1044 1315 1120 1352 μετὰ
1132 1315 1187 1342 δύο
1197 1314 1364 1350 ἑϐδομάδας
1374 1314 1430 1349 τῆς
1443 1312 1699 1348 Τεσσαρακοστῆς
1706 1313 1853 1348 δέχεσθαι

1048 1361 1125 1396 πρὸς
1139 1361 1194 1388 τὸν
1209 1362 1375 1396 φωτισμόν.

1082 1407 1196 1435 Συνόδου
1208 1407 1370 1440 Λαοδικείας
1386 1405 1477 1434 κανὼν
1493 1404 1546 1441 με’.

1084 1455 1212 1482 ΚΕΦΑΛ.
1233 1454 1271 1481 B'.
1285 1469 1321 1474 —
1334 1453 1404 1487 Περὶ
1425 1453 1485 1480 τῶν
1499 1451 1739 1486 ἐπιορκιζόντων.

1085 1501 1200 1528 Συνόδου
1212 1500 1373 1531 Λαοδικείας
1387 1499 1478 1527 κανὼν
1493 1499 1616 1530 εἰκοστὸς
1634 1499 1724 1531 ἕκτος.
1746 1490 1748 1493 ’

1085 1567 1213 1595 ΚΕΦΑΛ.
1227 1565 1266 1594 Γ’.
1291 1581 1326 1586 -
1338 1565 1405 1599 Πῶς
1421 1565 1466 1593 δεῖ
1478 1564 1649 1598 βαπτίζειν.

1091 1612 1260 1641 ’Δποστόλων
1271 1611 1361 1640 κανὼν
1373 1611 1427 1648 μθ’,
1435 1610 1468 1639 v"
1483 1612 1595 1639 συνόδου
1604 1611 1688 1648 ἕκτης
1698 1611 1790 1640 κανὼν
1801 1611 1853 1640 νο’.

1086 1720 1216 1749 ΚΕΦᾹΛ.
1234 1718 1270 1748 Δ’.
1287 1735 1320 1740 -
1336 1718 1409 1753 Περὶ
1428 1717 1483 1746 τοῦ
1498 1717 1610 1754 χρῆναι
1632 1717 1856 1754 φωτιζομένους

1049 1765 1255 1801 ἀπαγγέλλειν
1267 1765 1326 1800 τὴν
1343 1765 1458 1792 πίστιν.

1087 1811 1201 1838 Συνόδου
1222 1809 1384 1842 Λαοδικείας
1399 1808 1491 1836 κανὼν
1512 1807 1573 1844 μς¹,
1590 1807 1634 1844 μζ
1645 1815 1653 1823 ⁸
1675 1807 1786 1834 συνόδου
1802 1807 1855 1835 ἔκ-

1047 1866 1098 1893 της
1112 1856 1204 1884 κανὼν
1214 1855 1264 1891 on’.

1084 1904 1240 1936 Κειμενον.
1261 1902 1293 1929 Ἦ
1309 1900 1325 1928 ι’
1343 1901 1414 1928 διάτ,
1439 1898 1486 1927 τοῦ
1515 1898 1540 1935 η’
1566 1899 1620 1928 ﬁt;
1638 1899 1685 1926 τοῦ
1701 1902 1724 1926 α’
1748 1899 1857 1934 βιϐλίου

1013 1959 1034 1988 c
1051 1946 1099 1975 τοῦ
1110 1947 1244 1979 Κιὶιδικος,
1257 1955 1283 1974 κ.
1298 1954 1323 1974 τ.
1336 1945 1374 1978 λ.,
1383 1952 1472 1980 usque
1488 1945 1534 1978 ad,
1550 1943 1596 1971 τοῦ
1607 1944 1686 1978 ἁγίου
1695 1943 1858 1980 βαπτίσμα-

1052 2002 1109 2026 τος.

1089 2040 1229 2075 Σχόλιον.
1256 2039 1288 2066 Ἦ
1303 2037 1324 2072 ,ι’
1349 2038 1420 2065 διάτ.
1441 2037 1488 2064 τοῦ
1516 2036 1540 2072 η’
1567 2036 1619 2064 τίτ.
1637 2036 1685 2064 τοῦ
1699 2037 1722 2065 α’
1747 2037 1856 2073 βιὸλίου

1052 2085 1177 2117 Κώδικος
1199 2085 1250 2111 οὐκ
1261 2085 1334 2111 ἔστιν
1360 2084 1399 2116 εἰς
1419 2083 1454 2110 τὰ
1469 2083 1611 2110 Βασιλικά.
1633 2082 1666 2110 Ἡ
1679 2082 1702 2118 γ’
1717 2083 1788 2112 διάτ.
1806 2084 1858 2112 τοῦ

1051 2131 1076 2168 γ’
1095 2132 1148 2159 τίτ.
1161 2131 1216 2158 τῶν
1233 2130 1348 2166 Νεαρῶν
1364 2130 1422 2157 ἐστι
1446 2129 1531 2166 νεαρὰ
1552 2129 1765 2162 Ἰουστινιάνειος
1782 2131 1858 2166 ρμᾶ,

1051 2179 1166 2215 κειμένη
1184 2179 1213 2205 ἐν
1236 2177 1330 2214 βιϐλίῳ
1356 2176 1411 2203 τῶν
1429 2176 1583 2203 Βασιλικῶν
1606 2175 1642 2209 α’,
1659 2177 1713 2203 τίτ.
1728 2175 1763 2209 α’,
1788 2185 1858 2212 usq).

1051 2223 1102 2258 να¹,
1124 2225 1186 2260 ἥτις
1200 2225 1247 2252 καὶ
1264 2223 1438 2261 γραφήσεται
1454 2224 1495 2255 είς
1510 2222 1541 2250 τὸ
1568 2222 1664 2258 τέλος⁴
1676 2222 1724 2249 τοῦ
1741 2221 1765 2255 ζ’
1789 2231 1858 2259 κεφ.

1053 2271 1102 2299 τοῦ
1117 2270 1138 2298 δ’
1153 2270 1207 2298 τίτ.

1090 2317 1216 2345 ΚΕΦΑΛ.
1229 2315 1268 2344 E'.
1278 2331 1312 2337 —
1323 2315 1393 2352 Περὶ
1404 2314 1459 2343 τοῦ
1468 2313 1667 2348 βαπτίζεσθαι
1679 2315 1750 2349 τοὺς
1762 2315 1860 2352 ἁγνο-

1053 2363 1165 2397 οῦντιις
1179 2364 1205 2391 εἰ
1221 2363 1461 2398 ἐϐαπτίσθησαν.

1090 2409 1203 2436 Συνόδου
1224 2409 1423 2444 Καρθαγέννης
1433 2407 1525 2435 κανὼν
1546 2407 1605 2444 οβ’·
1630 2408 1740 2436 συνόδου
1762 2408 1790 2442 ς’
1807 2418 1859 2437 κα-

1054 2455 1109 2484 νὼν
1122 2454 1175 2484 πδ¹,

1091 2513 1217 2540 ΚΕΦΑΛ.
1243 2511 1289 2546 (τ’.
1303 2527 1338 2533 -
1348 2511 1419 2548 Περὶ
1433 2511 1487 2541 τοῦ
1509 2511 1553 2547 μὴ
1569 2512 1770 2545 βαπτίζεσθαι
1784 2513 1862 2548 τοὺς

1055 2558 1313 2593 τελευτήσαντας.

1091 2605 1207 2633 Συνόδου
1224 2604 1426 2642 Καρθαγέννης
1441 2604 1532 2633 κανὼν
1550 2604 1802 2638 ὀκτωκαιδέκατος.

236 2661 316 2690 CAP.
333 2661 391 2690 VII.
409 2677 445 2684 -—
461 2662 499 2691 De
510 2663 543 2690 iis
560 2663 679 2699 quiante
700 2664 862 2700 baptismum
872 2669 992 2700 peccant,

1085 2661 1211 2689 ΚΕΦΑΔ.
1229 2661 1266 2689 Z'.
1282 2676 1318 2682 —
1329 2661 1400 2696 Περὶ
1415 2661 1474 2689 τῶν
1489 2660 1547 2696 ,πρὸ
1561 2661 1616 2689 τοῦ
1637 2660 1859 2696 ,βαπτίσματος

199 2713 225 2737 et
262 2709 295 2737 de
319 2709 354 2738 iis
381 2710 522 2746 qui,'dum
549 2710 613 2746 ﬁdei
634 2711 721 2739 initiis
749 2711 915 2746 imbuuntur,
952 2711 1003 2739 im-

201 2756 327 2791 pingunt.
935 2755 940 2758 '
954 2756 957 2759 ’

235 2799 351 2829 Concilii
366 2801 470 2830 Niczeni
485 2810 576 2830 canon
591 2802 624 2830 14
637 2811 645 2834 ς
662 2802 774 2831 concilii
793 2803 934 2840 Ancyran‘i
952 2811 1002 2831 ca-

1056 2709 1288 2746 ἁμαρτανόντων
1301 2729 1309 2743 ,
1354 2708 1405 2736 καὶ
1444 2706 1680 2744 κατηχουμένων
1725 2714 1862 2742 παρακι-

1054 2757 1202 2785 πτόντων.

1089 2803 1203 2830 Συνόδου
1233 2802 1351 2835 Νικαίας
1379 2801 1471 2830 κανὼν
1498 2800 1546 2829 ιδ’·
1574 2801 1687 2829 συνόδου
1716 2800 1864 2836 Ἀγκύρας

202 2853 258 2873 non
275 2846 319 2881 12;
337 2848 449 2876 concilii
476 2847 711 2877 Neocaesariensis
738 2856 829 2877 canon
845 2849 882 2883 5;
902 2848 987 2877 Basili

1075 2848 1142 2877 ινὼν
1156 2848 1200 2884 ιβ’·
1215 2849 1325 2876 συνόδου
1338 2848 1556 2884 Νεοκαισαρείας
1564 2846 1655 2875 κανὼν
1669 2846 1700 2874 ε’”
1713 2846 1865 2874 Βασιλείου

200 2899 290 2921 canon
307 2894 364 2929 20;
391 2895 536 2932 Theophili
552 2903 585 2924 ex
601 2895 834 2931 Commonilorio,
849 2905 937 2926 canon
955 2897 970 2924 4
990 2905 996 2931 ;

1054 2895 1142 2924 κανὼν
1166 2894 1199 2929 κ’,
1217 2895 1347 2931 Sangam
1361 2895 1392 2922 ἐκ
1413 2894 1460 2922 τοῦ
1480 2894 1702 2930 Ὑπομνηστικοῦ
1717 2893 1808 2922 κανὼν
1819 2893 1843 2920 δ’
1855 2903 1861 2910 ·
