1946 3076
149 162 220 197 1057

666 159 795 192 NOMOC
803 158 1032 190 ANON.-T1T.
1050 157 1100 196 IV,
1119 157 1200 190 CAP.
1222 154 1290 188 l-X.

1736 159 1807 194 1058

149 217 285 254 Κυρίλλου
299 217 332 245 ὲκ
343 217 399 244 τῶν
410 207 555 254 πρδςῗτοῦς
567 215 596 243 ὲν
611 213 703 251 Λιϐύῃ
716 214 766 242 καὶ
778 212 934 242 nmmos

998 210 1093 248 Cyrilli
1111 218 1144 240 ex
1160 211 1278 247 epistola
1294 210 1329 240 ad
1348 210 1450 240 Africa:
1463 217 1492 241 et
1514 212 1679 250 Pentapolis
1693 215 1803 252 episco-

148 264 318 295 ἐπισκόπους
331 263 481 294 ἐπιστολῶν
492 261 583 290 κανὼν
595 261 627 289 δ’.

186 309 345 343 Κείμενον.
366 308 399 335 ‘ll
418 306 442 336 α’
467 307 538 335 διάτ.
552 307 600 335 τοῦ
616 305 649 342 ιβ’
665 305 719 334 τίτ.
735 304 782 333 τοῦ
799 304 823 333 α’
847 304 952 341 βιϐλίου

148 355 196 383 τοῦ
214 355 349 388 Κὼδικος,
373 354 435 382 Ὀτι
450 353 499 382 ἐὰν
513 354 651 386 Ἰουδαῖος,
665 361 694 379 κ.
716 360 742 380 τ.
759 351 797 385 λ,,
814 358 901 386 usque
918 350 952 378 ad

147 400 384 437 είσκατηχεῖοθαι.

184 447 327 481 Σχόλιον.
355 446 389 473 Ἦ
408 445 433 474 α’
446 445 518 473 διάτ.
547 445 594 473 τοῦ
611 444 644 481 ιβ’
658 444 712 473 τίτ.
739 443 787 472 τοῦ
801 442 825 471 α’
847 442 952 478 βιϐλίου

145 493 196 521 τοῦ
210 492 333 527 Κὼδικός
348 493 408 520 ἐστι
426 501 490 527 κεφ.
514 490 555 528 μδ¹
576 491 624 518 τοῦ
637 490 662 518 α’
675 492 727 519 τίτ.
745 489 792 517 τοῦ
808 487 831 516 α’
847 488 951 525 βιϐλίου

146 540 204 567 τῶν
231 539 396 573 Βασιλικῶν,
420 539 491 566 οὕτω
512 539 592 573 λέγον
609 537 700 570 καθὼς
715 538 755 569 είς
773 537 804 564 τὸ
824 536 952 572 κείμενον

147 585 286 622 ἐδηλώθη.
310 585 343 612 Ἠ
369 584 385 611 ι’
405 585 476 612 διάτ.
493 585 541 612 τοῦ
559 583 592 611 ια’
605 584 661 611 τίτ.
685 583 733 610 τοῦ
748 581 772 609 α’
787 581 889 618 βιϐλίου
903 581 950 608 τοῦ

151 631 274 663 Κώδικος
283 630 335 657 οὐκ
346 629 425 666 ἐτέθη
435 631 474 662 εἰς
483 629 517 656 τὰ
528 629 672 656 Βασιὶικά.
689 628 721 655 Ἡ
735 628 827 664 μέντοι
839 626 863 662 γ’
877 628 948 654 διάτ.

145 676 193 704 τοῦ
211 680 236 711 γ’
256 677 311 704 τίτ.
325 676 380 704 τῶν
407 676 521 712 Νεαρῶν
543 677 602 703 ἐστι
631 675 716 711 νεαρὰ
737 674 950 706 Ἰουστινιάνειος

145 722 218 759 ρμδ’,
227 723 343 759 κειμένη
350 723 378 750 ἐν
389 722 484 758 βιϐλίῳ
497 721 595 756 α’,τῶν
609 721 762 749 Βασιλικῶν
772 721 825 748 τίτ.
837 720 871 753 a',
885 729 948 756 κεφ.

143 769 194 801 va’,
210 769 387 802 θεσπίζουσα,
405 769 580 805 Σαμαρείτας
593 769 676 804 μηδέν
687 777 713 796 τι
728 768 876 803 λαμϐάνειν
894 767 949 794 ἀπὸ

140 814 286 851 διαθήκης,
306 815 323 851 ἢ
339 814 368 848 ἒξ
388 815 541 848 ἁδιαθέτου,
556 815 573 850 ἢ
587 815 619 841 ὲκ
640 814 754 850 δωρεᾶς,
778 813 845 850 μηδὲ
862 813 950 840 διατί-

1004 265 1055 294 pos
1069 266 1157 286 canon
1172 258 1200 286 Δ.

1042 303 1152 332 Τοπιιιδ.
1180 305 1276 333 Const.
1296 305 1364 333 ttit.
1381 306 1416 334 12
1434 306 1485 335 lib.
1518 315 1526 335 ι
1553 306 1622 335 Cod.
1637 307 1704 337 'ait:
1724 308 1802 342 Quod

1003 356 1070 386 etc-,
1085 359 1168 387 usque
1183 351 1218 378 ad
1238 351 1345 380 institui
1359 352 1428 384 vult,
1446 357 1475 380 ut
1492 361 1555 390 pag.
1573 353 1635 382 6l9.

1039 441 1188 471 Scholium.
1206 443 1306 471 Const.
1323 444 1336 471 1
1357 444 1399 472 tit.
1426 444 1461 472 l2
1490 444 1540 473 lib.
1562 453 1570 473 ι
1589 445 1657 474 Cod.
1680 450 1723 475 est
1739 454 1800 483 cap.

1002 488 1038 516 41
1055 489 1097 516 tit.
1115 489 1128 516 1
1146 489 1194 518 lib.
1213 497 1220 516 l
1244 489 1340 523 Basil.,
1359 492 1431 526 quod
1449 491 1485 519 ita
1520 492 1596 525 dicit,
1627 497 1658 520 ut
1677 493 1705 520 in
1723 497 1799 521 textu

1003 533 1174 561 declaratum
1187 538 1239 562 est.
1260 534 1356 563 Const.
1382 535 1475 572 1Οξιίι.
1496 537 1527 564 11
1554 537 1602 565 lib.
1627 546 1636 566 ι
1657 537 1725 566 Cod.
1744 547 1799 567 non

1004 585 1046 608 est
1068 581 1156 615 posita
1184 581 1211 607 in
1230 581 1314 608 Basil.
1342 580 1444 609 Verum
1465 587 1555 610 const.
1572 584 1589 611 ὅ
1609 584 1651 611 tit.
1670 585 1686 612 5
1702 584 1801 613 Novel—

1003 625 1091 653 lai-um
1106 630 1150 654 est
1160 626 1267 654 novella
1279 625 1426 655 Justiniani
1441 629 1503 662 111,
1519 628 1605 666 [qum]
1620 630 1667 658 lib.
1684 631 1799 665 iBasil.,

1006 672 1045 700 tit.
1067 674 1094 706 1,
1111 680 1173 708 cap.
1192 673 1236 706 51,
1255 675 1344 708 posita
1361 673 1423 711 [cst,
1435 674 1479 711 ac]
1492 676 1583 703 sancit
1598 685 1605 703 :
1622 675 1660 704 Ne
1673 676 1796 705 Samari-

1003 719 1061 747 tani
1075 727 1109 747 ex
1125 724 1300 753 testamento,
1317 725 1365 749 aut
1378 722 1413 750 ab
1431 722 1573 756 intestato,
1585 727 1635 750 aut
1651 731 1700 759 per
1712 724 1799 752 dona-

1003 765 1107 793 tionem
1127 767 1278 802 quidquam
1304 769 1427 803 capiant,
1445 777 1534 804 neque
1556 769 1694 798 haereticis
1712 774 1797 798 testa-

1002 817 1097 839 mento
1123 811 1297 848 [quidquam]
1313 814 1546 848 perscribantaut
1565 815 1678 843 donent.
1703 815 1797 844 Sama-

140 861 237 889 θεσθαι
248 862 358 894 αὐτοὺς,
372 861 389 898 ἢ
401 861 548 897 δωρεῖσθαι
558 861 716 897 αίρετικοῖς,
731 860 827 896 μόνους
838 859 866 886 δὲ
879 859 935 891 τοὺς

1001 858 1082 885 ritani
1110 863 1202 892 tamen
1220 860 1318 888 rustici
1345 859 1385 896 [et
1412 861 1452 888 illi
1478 861 1606 898 quidem]
1622 862 1687 897 soli,
1712 868 1740 890 et
1763 864 1797 891 ab

139 908 283 943 γεωργοὺς
299 908 476 944 Σαμαρείτας
488 908 670 943 κληρονομεῖν
684 908 731 934 καὶ
741 907 770 940 ἐξ
784 906 939 939 ἀδιαθέτου,

140 955 189 981 καὶ
211 955 244 982 ἐκ
265 954 399 991 διαθήκης
419 954 556 989 ἀλλήλοις·
571 954 640 981 ἀλλὰ
655 953 723 989 μηδὲ
740 953 863 988 γίνεσθαί
878 961 939 980 τινα

139 999 173 1026 ἐκ
186 1000 289 1026 τούτων
301 1000 483 1036 στρατιώτην,
498 1000 515 1035 ἢ
533 1000 695 1036 συνήγορον,
709 998 726 1035 ἢ
743 998 837 1034 ἕτερόν
852 998 939 1034 τιόςρ-

139 1045 231 1081 φίκιον
246 1047 346 1079 αὐτοὺς
368 1047 580 1083 ἑγχειρίζεσθαι’
599 1041 778 1082 κατηχεῖσθαι
793 1045 822 1073 δὲ
838 1045 937 1077 αὐτοὺς

138 1093 188 1120 ἐπὶ
201 1093 316 1127 διετίαν,
340 1094 484 1126 δεκτικοὺς
510 1093 591 1126 ὂντας
615 1093 664 1129 τῆς
689 1093 881 1128 κατηχήσεως,
897 1091 938 1118 ἔτι

138 1138 194 1176 μὴν
213 1139 425 1176 ὲλευθεροῦσθαι
440 1141 564 1174 καὶτοὺς
584 1141 649 1177 παρ’
670 1139 762 1168 αὐτῶν
783 1138 937 1175 ἐξωνουμέ-

138 1194 201 1218 νους
212 1186 321 1219 δούλους
332 1187 511 1223 Χριστιανοὺς
523 1187 613 1218 ὄντας.

174 1232 303 1260 ΚΕΦΑΛ.
327 1231 369 1260 H'.
383 1233 503 1268 -Περι
528 1232 705 1260 ἐπισκόπων
731 1232 752 1267 ἢ
783 1229 937 1266 κληρικῶν

137 1277 311 1314 δεχομένων
320 1279 481 1314 βάπτισμα
497 1278 662 1314 αἱρετικῶν.

182 1324 355 1353 ’Λποστόλων
373 1325 466 1353 κανὼν
482 1325 541 1361 pg’.

174 1370 304 1400 ΚΕΦΑΛ.
316 1371 393 1400 Θ’.-
401 1372 469 1407 Περὶ
483 1370 543 1400 τῶν·
553 1371 589 1400 ἐν
600 1372 683 1405 νόσῳ
694 1369 932 1405 βαπτιζομένων.

176 1417 291 1445 Συνόδου
315 1418 534 1454 Νεοκαισαρείας
556 1417 648 1446 κανὼν
662 1417 696 1453 ιβ’
708 1426 716 1433 ’
735 1417 845 1445 συνόδου
863 1417 935 1443 Λαο-

137 1463 241 1495 δικείας
254 1464 344 1492 κανὼν
360 1464 420 1500 μζ¹⁶
437 1464 756 1500 συνόδου,Καρθαγὲννης
767 1463 858 1491 κανὼν
876 1461 934 1499 με”

137 1509 274 1545 Τιμοθέου
290 1509 380 1538 κανὼν
393 1509 425 1538 δ’.

173 1554 302 1582 ΚΕΦΑΔ.
321 1553 349 1584 l'.
359 1570 396 1576 --
408 1554 480 1590 Περὶ
495 1553 608 1591 ἐγκύου
621 1554 852 1590 βαπτιζομένης.
863 1566 867 1570 ·

173 1601 289 1629 Συνόδου
303 1600 524 1637 Νεοκαισορειας
540 1600 631 1628 κανὼν
645 1599 684 1633 ς’.

171 1647 444 1683 ΚειμενονυΚαίτοι
473 1648 503 1674 ὲν
520 1648 553 1683 τῇ
574 1646 599 1675 α’
619 1647 690 1676 διατ.
710 1647 757 1676 τοῦ
772 1647 794 1676 δ’
805 1649 860 1677 τίτ.
889 1648 937 1676 τοῦ

135 1691 176 1720 κε’
198 1692 302 1728 βιϐλίου
322 1692 378 1720 τῶν
397 1691 552 1726 Διατάξεών
569 1700 648 1727 φησι,
664 1693 694 1719 τὸ
717 1692 937 1729 κυοφορούμενον

134 1737 206 1767 εἷναι
222 1740 305 1776 μέρος
321 1739 373 1775 τῆς
396 1738 508 1774 ἐγκύου,
533 1739 562 1766 ὲν
582 1739 610 1766 δὲ
636 1741 670 1775 τῇ
701 1738 717 1766 ι’
745 1740 815 1768 διατ.
838 1740 886 1768 τοῦ
910 1742 938 1776 γ’

135 1786 191 1815 τίτ.
205 1786 255 1813 τοῦ
271 1784 318 1822 μα’
340 1785 456 1822 βιϐλίου,
479 1786 526 1813 καὶ
548 1786 651 1822 βιϐλίου
668 1785 700 1820 ν’,
720 1786 773 1814 τίτ.
798 1786 846 1820 ις’,
862 1787 933 1816 διάτ.

135 1832 196 1867 ις’,
223 1834 266 1861 ὅτι
279 1832 501 1869 κυοφορούμενον
514 1832 564 1859 οὐκ
577 1832 635 1860 ἐστι
649 1833 731 1868 μέρος
743 1834 794 1869 τῆς
817 1834 932 1870 μητρὸς,

134 1879 184 1907 καὶ
198 1878 266 1906 ἄλλα
284 1878 313 1906 δὲ
327 1878 444 1914 διάφορα
458 1878 563 1914 νόμιμα
581 1878 652 1914 περὶ
665 1878 762 1905 τούτου
776 1880 932 1915 συνήγαγον

135 1926 165 1953 ὲν
183 1925 223 1961 τῷ
236 1925 369 1962 γραφέντι
384 1934 429 1961 μοι
447 1925 512 1961 περὶ
524 1925 736 1960 ἐναντιοφανιῶν
747 1926 819 1963 μόνῃ
833 1926 928 1962 βίϐλῳ.

171 1972 311 2008 Σχόλιον.
327 1972 363 1999 Τὸ
377 1970 401 1999 α’
425 1972 497 1999 διὰτ.
519 1971 566 1999 τοῦ
579 1970 600 1998 δ’
614 1971 668 1999 τίτ.
693 1971 741 1999 τοῦ
764 1972 803 1999 κε’
825 1973 930 2008 βιϐλίου

135 2019 191 2047 τῶν
210 2019 321 2052 Διατάξ.
339 2019 399 2046 ἐστι
416 2018 488 2055 θέμα
503 2017 526 2054 β’
548 2018 595 2047 τοῦ
617 2017 642 2046 α’
662 2027 724 2054 κεφ.
753 2019 801 2046 τοῦ
826 2020 850 2053 ζ’
875 2020 928 2050 τίτ.

132 2065 182 2093 τοῦ
193 2065 233 2093 λα’
247 2065 362 2101 βιϐλίου,
376 2065 464 2097 οὕτως
471 2066 543 2101 ἕχον,
556 2066 593 2093 Τὸ
601 2066 852 2103 ὲγκυομονούμενον
862 2067 929 2104 πρὶν

132 2113 151 2149 ἢ
165 2112 248 2149 τεχθῇ
267 2113 351 2149 μέρος
362 2113 422 2140 ἐστὶ
433 2115 482 2149 τῆς
499 2112 595 2149 γυνῆς,
609 2114 656 2141 καὶ
667 2113 711 2140 διὰ
722 2114 813 2147 τοῦτο,
827 2114 879 2146 ἕως
894 2115 928 2143 ἂν

130 2160 214 2196 τεχθῇ
229 2159 345 2196 ἁρμόζει
359 2159 397 2195 τῷ
407 2160 491 2196 πατρὶ
510 2160 541 2187 τὸ
555 2160 620 2196 περὶ
632 2160 736 2188 παίδων
753 2161 850 2196 δόγμα,
865 2162 902 2189 Τὸ
911 2162 927 2190 ι’

129 2206 202 2251 me.
209 2206 256 2233 τοῦ
264 2205 287 2241 γ’
295 2206 348 2234 τίτ.
355 2206 403 2233 τοῦ
412 2206 456 2243 μα’
463 2206 568 2242 βιϐλίου
575 2206 630 2234 τῶν
638 2207 792 2240 Διατάξεών
798 2208 934 2245 ὲστιθέμα
949 2221 974 2251 D

129 2250 155 2286 γ’
171 2251 218 2278 τοῦ
237 2250 251 2278 ι’
263 2260 338 2287 κεφ.,
348 2252 395 2278 τοῦ
407 2251 434 2288 μ’
447 2251 550 2288 βιϐλίου
564 2252 618 2279 τῶν
627 2252 781 2284 Βασιλικῶν
795 2253 868 2282 οὕτω
881 2255 927 2282 λέ-

129 2305 190 2332 γον·
208 2297 245 2325 To
269 2298 365 2334 τεχθὲν
391 2298 446 2325 ἀπὸ
473 2298 565 2334 βοὸςῆ
591 2299 690 2335 δούλης
712 2300 856 2336 κλεψίμου,
880 2302 928 2328 καὶ

131 2345 316 2381 κληρονομίας
335 2344 382 2372 τοῦ
406 2344 539 2379 κλέπτου,
567 2345 618 2372 καὶ
644 2346 801 2383 ἀγοραστής
822 2349 929 2382 ἀγνοῶν

130 2393 175 2420 διὰ
190 2392 303 2429 χρονίας
322 2392 409 2427 νομῆς
426 2391 561 2425 θεσπίζει.
576 2392 613 2419 Τὸ
627 2392 682 2429 γὰρ
696 2393 792 2428 τεχθὲν
807 2394 857 2421 οὐκ
871 2394 929 2422 ἐστι

132 2439 215 2475 μέρος
229 2438 277 2466 τοῦ
289 2438 466 2474 κλεψιμαίου.
479 2438 516 2465 Τὸ
525 2437 573 2471 κς¹
586 2439 656 2467 διάτ.
683 2439 731 2466 τοῦ
747 2439 786 2472 ις’
799 2440 853 2468 τίτ.
879 2440 928 2467 τοῦ

130 2488 153 2512 ν’
169 2485 273 2520 βιϐλίου
294 2485 350 2512 τῶν
369 2487 447 2513 Διατ.
467 2485 526 2512 ἔπι
553 2494 617 2520 κεφ.
635 2485 682 2518 κς¹
704 2485 752 2513 τοῦ
770 2484 792 2521 β’
806 2486 859 2513 τιτ.
880 2486 927 2513 τοῦ

128 2532 151 2568 β’
182 2533 297 2568 βιϐλίου,
323 2533 378 2560 τῶν
405 2532 561 2559 Βασιλικῶν
582 2533 669 2565 οὕτως
684 2532 755 2568 έχον-
781 2533 928 2566 Ὀτοκετδς

127 2579 296 2616 κλεψιμαίας
319 2578 419 2613 δούλης
439 2580 490 2606 οὐκ
512 2579 571 2606 ἐστι
594 2579 678 2616 μέρος
698 2579 794 2615 αὐτῆς.
817 2580 927 2608 Τούτων

126 2624 215 2658 οὕτως
232 2626 350 2661 ἑχόντων
366 2625 500 2661 ἐρωτήσει
516 2634 570 2658 τις,
587 2625 661 2657 τίνος
673 2625 753 2662 χάριν
765 2625 813 2653 τοῦ
833 2624 848 2652 ι’
863 2633 926 2661 κεφ.

125 2671 174 2699 τοῦ
185 2673 318 2708 παρόντος
331 2672 523 2707 συντάγματος
536 2672 601 2709 περὶ
613 2672 712 2707 ἐγκύου
723 2672 927 2709 βαπτιζομένης

123 2717 308 2752 διδάσκοντος,
324 2718 449 2754 ἐμνήσθη
462 2718 635 2754 πατριάρχης
644 2718 698 2745 τῶν
710 2718 848 2755 ῥηθέντων
861 2727 924 2754 κεφ.

124 2764 163 2796 ὡς
175 2763 327 2792 δοκούντων
342 2764 553 2799 ἑναντιοφανῶν.
575 2764 736 2800 Ἀμφιϐολία
747 2762 782 2801 ἦν
796 2766 860 2801 περὶ
876 2764 924 2792 τοῦ

120 2811 148 2838 εί
174 2810 228 2847 χρὴ
249 2811 299 2847 τὴν
321 2811 514 2847 κυοφοροῦσαν
537 2811 717 2847 βαπτίζεσθαι
732 2832 740 2840 .
755 2811 849 2846 ἔλεγον
870 2811 924 2848 γάρ

122 2865 198 2890 τινες
207 2857 246 2889 ὡς
260 2857 322 2885 ἐπεὶ
333 2858 363 2885 τδ
381 2857 515 2894 κυοφορού
520 2866 600 2894 μενον
613 2859 669 2890 τοῖς
686 2859 826 2894 μετρικοῖς
841 2859 926 2893 ἔγκάο

122 2912 181 2936 τοις
209 2904 400 2940 κρυπτόμενον
423 2905 576 2941 συνήνωται
600 2906 647 2942 τῇ,
666 2905 749 2942 μητρὶ
771 2904 859 2932 διόλου
885 2905 923 2937 ὡς

998 903 1130 933 intestato
1158 909 1233 934 etex
1254 910 1422 935 testamenlo
1449 908 1502 935 sibi
1528 907 1645 935 invicem
1671 908 1796 937 literedcs

997 951 1062 979 sint.
1079 951 1120 980 Ne
1135 951 1224 989 [item]
1250 953 1350 981 horum
1367 953 1504 989 quispiam
1522 954 1601 982 miles
1630 960 1797 989 patronusve

997 1006 1146 1026 causarum
1166 1000 1224 1030 liat,
1236 1004 1283 1026 aut
1297 1000 1370 1027 aliud
1386 1001 1498 1035 aliquod
1518 1001 1637 1029 ollicium
1654 1006 1794 1030 assumat.

996 1044 1045 1080 [Ut
1068 1044 1199 1082 denique]
1223 1045 1271 1081 qui
1305 1046 1471 1074 eruditionis
1499 1054 1614 1082 capaces
1641 1052 1715 1080 sunt,
1744 1055 1794 1083 per

996 1092 1140 1120 biennium
1167 1092 1194 1120 in
1222 1091 1275 1120 lide
1304 1093 1505 1121 instituantur:
1525 1098 1553 1122 et
1576 1095 1690 1130 insuper
1717 1102 1789 1131 quos

994 1137 1169 1167 Christianos
1181 1145 1277 1168 servos
1292 1139 1419 1174 emerint,
1436 1139 1514 1168 liberi
1527 1139 1606 1168 ﬂant.

1029 1230 1106 1260 CAP.
1127 1230 1196 1260 Vill.
1213 1246 1249 1252 —
1263 1231 1301 1260 De
1315 1233 1445 1268 episcopis
1459 1237 1485 1261 et
1498 1233 1613 1269 clericis,
1628 1233 1673 1269 qui
1689 1234 1784 1262 ha'mi

992 1286 1084 1306 corum
1098 1278 1260 1312 baptismum
1276 1279 1436 1315 suscipiunt.

1029 1324 1228 1359 Apostolorum
1250 1332 1340 1353 canon
1358 1325 1403 1353 46.

1029 1370 1107 1401 CAP.
1126 1369 1172 1397 IX.
1188 1385 1223 1391 -—
1240 1369 1281 1397 De
1299 1371 1333 1398 iis
1354 1372 1400 1407 qui
1417 1371 1446 1399 in
1463 1370 1556 1398 morbo
1572 1371 1756 1407 baptizanlur.

1028 1414 1146 1443 Concilii
1165 1414 1398 1444 Neocaesariensis
1411 1424 1502 1444 canon
1520 1417 1574 1450 l2;
1591 1417 1704 1445 concilii
1718 1417 1792 1445 Lao-

991 1460 1081 1489 diceni
1093 1468 1182 1489 canon
1197 1461 1231 1488 47
1243 1471 1251 1495 ;
1266 1462 1379 1490 concilii
1391 1462 1618 1498 Carthaginensis
1632 1470 1723 1491 canon
1737 1462 1773 1490 45

994 1507 1130 1535 Timothei
1145 1515 1234 1535 canon
1251 1508 1280 1535 4.

942 1533 977 1566 'c
998 1533 1424 1591 be—pragnante
1438 1555 1611 1592 baptizanda.

1030 1600 1146 1629 Concilii
1160 1601 1391 1631 Neocaesariensis
1411 1610 1500 1631 canon
1517 1604 1546 1633 6.
1654 1616 1669 1628 ν

1027 1645 1136 1673 Teztus.
1151 1645 1314 1681 Quanquam
1326 1646 1354 1674 in
1368 1647 1473 1683 digesto
1485 1649 1498 1676 1
1515 1649 1556 1677 tit.
1568 1650 1586 1678 ι
1601 1650 1651 1680 lib.
1661 1660 1715 1681 xxv
1729 1653 1789 1690 Dig.

994 1692 1103 1720 dicatur
1114 1697 1225 1727 partum
1240 1699 1303 1720 esse
1323 1694 1479 1728 portionem
1499 1699 1666 1732 prtegnantis
1682 1700 1731 1728 :in
1750 1701 1792 1728 di-

993 1743 1070 1774 gesto
1089 1742 1180 1765 tamen
1198 1737 1231 1765 10
1261 1738 1302 1766 tit.
1326 1738 1344 1767 3
1371 1739 1421 1768 lib.
1437 1748 1493 1775 xm,
1514 1745 1542 1770 et
1565 1743 1611 1771 lib.
1629 1751 1658 1778 ιι,
1683 1745 1725 1773 tit.
1744 1746 1789 1780 16,

992 1783 1090 1818 digest.
1106 1782 1153 1815 26,
1165 1783 1240 1818 quod
1251 1789 1346 1818 partus
1356 1792 1421 1820 pars
1440 1787 1537 1815 matris
1550 1796 1606 1816 non
1623 1789 1671 1818 sit.
1688 1789 1791 1819 Verum

993 1829 1075 1858 etiam
1092 1829 1147 1857 alia
1171 1829 1224 1857 hac
1248 1830 1282 1857 de
1301 1829 1354 1866 [re]
1373 1831 1482 1859 diversa
1499 1832 1562 1868 jura
1583 1834 1611 1862 in
1630 1835 1703 1866 libro
1719 1845 1792 1873 meo,

993 1876 1057 1904 dein
1078 1875 1202 1911 speciem
1216 1876 1374 1910 contrariis,
1387 1877 1520 1914 singulari
1536 1880 1644 1918 collegi.

1024 1970 1175 2000 Scholium.
1203 1967 1306 2003 Digest.
1336 1968 1349 1996 1
1380 1969 1423 2000 tit.
1446 1971 1464 2000 4
1490 1972 1539 2002 lib.
1578 1981 1634 2002 xxv
1656 1974 1718 2012 Dig.
1742 1981 1787 2006 est

987 2019 1080 2047 thema
1097 2021 1115 2046 Ξ
1134 2028 1195 2056 cap.
1217 2021 1231 2049 1
1255 2022 1297 2049 tit.
1315 2021 1331 2048 7
1345 2022 1394 2050 lib.
1410 2030 1487 2054 xxxi,
1504 2022 1579 2057 quod
1606 2023 1648 2051 sic
1677 2024 1784 2059 habet;

990 2066 1090 2095 Partus
1102 2071 1166 2095 ante
1178 2075 1261 2103 quam
1280 2069 1388 2102 edatur,
1413 2068 1538 2097 mulieris
1556 2069 1647 2104 portio
1664 2075 1716 2099 est.
1734 2072 1784 2099 At-

990 2113 1158 2149 queidcirco
1181 2114 1269 2143 donec
1292 2114 1384 2143 editus
1403 2115 1449 2147 sit,
1475 2122 1531 2142 non
1557 2116 1689 2151 competit
1711 2117 1782 2152 patri

986 2166 1011 2187 ε.
1045 2166 1071 2187 ο.
1103 2158 1140 2187 De
1176 2159 1273 2189 liberis
1303 2159 1523 2197 [agnoscendisJ
1551 2159 1613 2196 Dig.
1640 2160 1676 2189 10
1701 2163 1742 2189 tit.
1766 2163 1784 2190 5

988 2206 1038 2234 lib.
1070 2213 1114 2234 XLI
1141 2206 1201 2242 Dig.
1226 2212 1268 2235 est
1294 2209 1388 2236 thema
1407 2207 1500 2242 ὅσοι).
1529 2207 1564 2234 10
1579 2206 1628 2234 lib.
1645 2214 1679 2235 ιι.
1699 2207 1781 2235 Basil.

985 2252 1058 2288 quod
1075 2253 1115 2280 sic
1132 2252 1219 2280 dicit:
1246 2252 1360 2280 Partum
1382 2252 1459 2280 bovis
1484 2256 1530 2280 aut
1547 2251 1656 2280 ant-illae
1673 2251 1781 2281 furtim:

983 2301 1012 2326 et
1027 2297 1098 2325 luris
1117 2297 1205 2325 lateres
1226 2302 1253 2325 et
1271 2297 1351 2326 bona:
1366 2297 1429 2325 ﬁdei
1447 2297 1695 2333 cmptordiulurna
1715 2306 1782 2334 pos-

981 2346 1108 2374 sessione
1127 2345 1267 2380 usucapit.
1295 2344 1394 2372 Partus
1416 2345 1490 2372 enim
1506 2343 1571 2381 [rei]
1587 2344 1697 2373 furtiva:
1715 2353 1780 2380 pars

981 2399 1036 2420 non
1057 2395 1111 2419 est.
1128 2391 1203 2426 tDig.
1224 2390 1260 2419 26
1287 2391 1330 2418 tit.
1354 2391 1388 2418 l6
1416 2391 1464 2419 lib.
1481 2399 1497 2418 L
1518 2390 1579 2427 Dig.
1599 2396 1642 2419 est
1660 2398 1722 2426 cap.
1744 2390 1780 2419 26

983 2439 1026 2466 tit.
1041 2438 1059 2465 ‘2
1071 2437 1120 2466 lib.
1135 2446 1155 2465 ll
1175 2437 1259 2471 Basil,
1277 2438 1351 2474 quod
1379 2438 1420 2465 sic
1440 2438 1541 2465 habet:
1556 2438 1657 2466 Partus
1670 2438 1779 2466 ancillze

985 2484 1096 2512 furtiva:
1113 2484 1202 2520 ipsius
1215 2492 1280 2520 pars
1304 2492 1360 2512 non
1384 2489 1437 2512 est.
1456 2483 1518 2512 llaec
1532 2483 1642 2521 [igitur]
1657 2492 1720 2513 cuin
1740 2485 1777 2512 ita

983 2530 1070 2568 [sese]
1091 2531 1221 2563 habeant,
1251 2536 1354 2566 quaeret
1371 2530 1512 2568 [fortasse]
1528 2531 1640 2567 aliquis,
1659 2539 1721 2559 cum
1745 2531 1779 2560 10

981 2586 1044 2613 cap.
1058 2578 1202 2613 praesentis
1225 2582 1359 2606 tractatus
1384 2577 1418 2605 de
1435 2582 1594 2613 praegnante
1613 2577 1778 2613 baptizanda

980 2623 1089 2657 doceat,
1115 2632 1170 2659 qua
1199 2624 1233 2651 de
1259 2631 1343 2652 causa
1365 2623 1525 2659 patriarcha
1549 2623 1688 2650 dictorum
1712 2631 1775 2659 cap.

980 2675 1112 2706 tanquam
1139 2671 1165 2698 in
1198 2670 1319 2706 speciem
1349 2670 1490 2698 contraria
1522 2676 1585 2698 esse
1619 2669 1775 2703 videantur,

980 2717 1149 2745 mentionem
1170 2716 1292 2744 fecerit?
1311 2716 1430 2744 Dubium
1457 2713 1628 2752 [aliquando]
1654 2713 1716 2748 fuit,
1737 2722 1773 2743 an

978 2767 1166 2799 prmgnantem
1191 2763 1325 2798 baptizari
1352 2766 1502 2798 oporteret.
1523 2759 1672 2798 [Fuerunt]
1695 2760 1770 2789 enim

978 2810 1024 2846 qui
1035 2810 1169 2844 dicerent,
1181 2810 1313 2845 quoniam
1337 2808 1420 2837 ltetus
1435 2807 1487 2844 [in]
1506 2806 1640 2835 maternis
1655 2806 1772 2835 visceri-

978 2857 1030 2885 bus
1058 2856 1250 2889 absconditus,
1273 2855 1368 2890 matri,
1399 2860 1531 2890 tanquam
1561 2853 1676 2881 omnino
1710 2860 1774 2888 pars

978 2903 1074 2940 ipsius,
1091 2902 1221 2931 counitus
1236 2907 1278 2930 est
1290 2911 1297 2929 :
1311 2910 1375 2938 ⁵ηοιι
1399 2908 1480 2937 posse
1499 2899 1601 2936 [ipsum
1628 2897 1696 2936 una]
1710 2907 1773 2927 cum
