1946 3076
225 160 295 207 1059

812 175 943 206 ΡΗΟΤΙΙ
959 176 1216 206 PATRIARCll/E
1233 177 1290 207 ΟΡ.

1796 178 1856 212 1060

229 235 274 263 illa
292 234 459 269 illuminari,
488 234 550 263 ideo
569 234 642 271 quod
663 234 786 262 nondum
811 234 838 262 in
853 235 942 263 lucem
960 243 1019 271 pro-

1079 236 1163 272 μέρος
1184 236 1281 271 αὐτῆς,
1304 236 1353 263 καὶ
1371 235 1403 263 οὐ
1426 234 1541 263 δύναται
1567 235 1618 263 σὺν
1637 236 1669 272 τῇ
1693 237 1771 272 μητρὶ
1784 247 1856 274 φωτι-

228 281 320 314 dierit,
339 289 428 316 neque
442 282 476 309 ad
490 281 697 310 assentiendum
726 285 906 309 sacrosancto
929 277 1024 316 bapti-

228 328 311 355 amati
324 328 494 356 voluntatem
509 328 609 355 habeat
621 335 627 354 :
638 336 688 355 nec
705 327 818 364 [ipsam]
838 333 1026 363 praegnantem

228 374 327 401 debere
355 373 500 408 baptizari,
522 374 569 402 sed
584 377 745 408 exspectare
778 372 929 409 [oportere]
954 373 1026 401 fetus

228 419 255 447 in
273 420 364 447 lucem
382 420 543 453 editionem,
562 425 591 447 ut
615 427 650 446 ne
672 419 746 447 aliud
767 419 856 455 ipsius
870 420 1026 446 membrum

227 467 394 501 haptizetnr,
427 467 502 494 aliud
533 475 589 494 non
611 467 796 494 illuminatum
835 471 955 494 maneat.
980 465 1024 499 Et,

228 512 302 548 quod
332 513 354 539 si
375 513 449 541 fetus
484 512 563 549 (una]
587 521 651 540 eum
679 516 835 548 praegnante
859 512 1023 546 baptizatus,

227 558 375 594 poétquam
393 558 420 586 iu
437 559 528 586 lucem
545 558 688 593 prodierit,
713 558 878 593 baptizetur,
899 557 1025 585 invenia-

226 609 272 633 tur
296 605 337 632 his
353 604 438 642 [esse]
456 605 621 640 baptizatus,
649 605 723 640 quod
749 603 815 641 [est]
834 604 968 632 insolens.
985 604 1024 631 Ac

226 649 329 677 idcirco
344 649 570 677 Neocatsariense
593 648 744 676 concilium
763 656 790 675 ιιι
807 649 829 682 6η
844 655 951 674 canone
965 647 1023 674 sol-

224 696 263 722 vit
279 696 498 731 ambiguitatem,
515 696 552 722 ita
565 695 599 723 de
611 700 769 730 praegnante
794 693 981 726 constituens,
994 697 1024 720 ut

211 741 337 778 'quandu
362 742 437 774 \‘clil,
465 740 566 778 [illam]
598 741 748 769 illuminari
771 743 906 775 oporteat.
930 739 1023 774 Neque

224 788 297 815 enim
319 788 372 814 hac
388 787 414 814 in
434 796 463 815 re
487 794 632 823 priegnans
656 794 720 814 cum
744 791 823 821 partu
847 786 1022 813 communio-

224 841 287 861 nem
311 834 403 866 habet,
426 842 459 861 co
479 835 553 869 quod
578 833 690 869 propria
715 833 858 867 utriusque
875 831 909 859 ad
924 839 1022 859 assen-

224 880 347 907 tiendum
373 879 560 917 [baptismati]
598 879 725 906 voluntas
752 878 922 906 ostendatur.
950 877 1020 905 Curti

1082 281 1180 317 σθῆναι
1193 281 1238 309 διὰ
1254 281 1286 309 τὸ
1305 281 1407 318 μηκέτι
1423 282 1463 313 εις
1478 282 1536 316 φῶς
1553 281 1651 314 ἐλθεῖν,
1669 283 1732 318 μηδὲ
1743 285 1857 320 προαίρε.

1081 336 1124 354 σιν
1143 327 1216 362 ἐχειν
1230 329 1281 364 τῆς
1293 327 1442 364 ὁμολογίας
1451 327 1500 354 τοῦ
1514 327 1587 354 θείου
1606 327 1794 363 βαπτίσματος,
1804 331 1856 358 οὐδὲ

1080 374 1097 409 ὴ
1116 373 1323 409 ὲγκυομονοῦσα
1343 373 1446 409 ὀφείλει
1469 373 1659 409 βαπτίζεσθαι,
1675 373 1740 400 ἀλλὰ
1756 377 1857 411 περιμέ-

1078 429 1136 447 νειν
1152 420 1202 457 τὴν
1223 421 1264 452 είς
1285 420 1316 447 τὺ
1339 421 1399 455 φῶς
1416 420 1464 447 τοῦ
1487 420 1705 456 κυοφορουμένω
1727 421 1856 456 ἑξέλευσιν,

1077 467 1120 494 ἵνα
1134 466 1171 503 μὴ
1183 467 1215 493 τὸ
1228 466 1278 502 μὲν
1288 468 1322 494 ἐκ
1338 467 1430 503 μερῶν
1445 467 1530 503 αὐτῆς
1546 467 1693 504 βαπισθῇ,
1706 467 1736 494 τὸ
1747 468 1774 495 δὲ.
1789 469 1858 505 μείνῃ

1076 513 1241 548 ἀφώτιστον,
1257 514 1304 540 καὶ
1318 514 1359 540 ὅτι
1378 513 1411 540 ἂν
1432 513 1481 540 σὺν
1495 515 1529 549 τῇ
1548 513 1751 549 ἑγκυομονούσῃ
1763 514 1791 541 τὺ
1801 523 1857 542 κυο-

1076 560 1249 595 φορούμενον
1265 559 1403 596 βαπτισθῇ
1425 559 1494 595 μετὰ
1510 559 1541 586 τὸ
1552 561 1593 592 είς
1605 560 1663 595 φῶς
1679 559 1801 594 ἐξελθεῖν,
1817 562 1858 588 ἐὰν

1076 606 1252 642 βαπτισθείη,
1273 605 1398 642 εὑρεθείη
1411 606 1439 633 δὲ
1455 605 1664 641 βαπτιζόμενον·
1680 607 1746 642 ὅπερ
1759 607 1858 641 ἄτοπον,

1075 652 1122 679 καὶ
1139 654 1156 688 ἡ
1170 653 1198 679 ὲν
1214 652 1422 688 Νεοκαισαρείᾳ
1437 652 1546 684 σύνοδος
1561 653 1640 679 ἔλυσε
1655 653 1684 679 ιν
1700 652 1726 685 ς’
1740 653 1825 679 κανόνι
1835 653 1862 679 τὸ

1073 698 1237 734 ἀμφίϐολον,
1252 698 1324 725 οὕτω
1340 699 1518 734 διορισαμένη
1531 699 1596 735 περὶ
1613 698 1805 735 κυοφορούσης,
1825 699 1862 726 ὅτι

1072 744 1114 772 δεῖ
1131 744 1298 779 φωτίζεσθαι
1321 745 1404 772 ὁπότε
1418 744 1557 780 βούλεται,
1574 745 1651 772 οὐδὲν
1667 745 1722 782 γὰρ
1738 746 1766 772 ιν
1783 745 1863 780 τούτῳ

1074 792 1202 818 κοινωνεῖ
1218 792 1236 826 ἠ
1258 791 1393 818 τίκτουσα
1411 791 1452 827 τῷ
1475 791 1631 828 τικτομένῳ
1652 791 1697 819 διὰ
1715 791 1744 818 τὸ
1759 791 1865 818 ἑκάστου

1076 837 1145 864 ίδίαν
1171 837 1222 872 τὴν
1241 837 1405 873 προαίρεσιν
1427 838 1478 874 τὴν
1500 838 1548 864 ὲπὶ
1561 839 1595 874 τῇ
1616 837 1746 874 ὁμολογίᾳ
1765 837 1864 864 δείκνυ·

1074 881 1148 909 σθαι.
1166 881 1221 908 Τοῦ
1237 882 1304 916 γοῦν
1329 881 1403 909 θείου
1422 882 1520 910 τούτου
1543 883 1657 915 κανόνος
1682 883 1803 918 λέγοντος
1830 883 1865 919 μὴ

224 924 307 960 igitur
325 932 403 952 sacer
413 925 457 952 hic
467 931 556 952 canon
568 923 652 955 dicat,
665 929 774 958 partum
785 929 849 950 cum
862 926 1019 958 praegnante

1078 928 1261 955 ἐπικοινωνεῖν
1273 929 1306 964 τῇ
1329 928 1461 965 τικτούσῃ
1480 929 1512 956 τὸ
1526 929 1698 966 τικτόμενον,
1714 931 1728 957 ό
1740 930 1769 957 τὸ
1784 930 1865 966 παρὸν

226 970 504 998 communicationem
530 977 586 997 non
615 970 740 1001 habere,
765 968 933 1004 patriarcha,
973 968 1022 1003 qui

226 1024 349 1053 pracscns
378 1024 449 1052 opus
480 1017 647 1052 composuit,
676 1022 845 1043 ineuioralas
865 1015 921 1051 jam
945 1016 1020 1051 leges

225 1065 295 1092 alias
315 1067 414 1099 praeter
436 1064 490 1090 vim
506 1064 622 1091 canonis
649 1068 758 1098 partum
780 1062 935 1097 portionem
952 1071 1021 1098 pra:-

225 1114 335 1147 gnantis
351 1117 425 1142 esse,
440 1110 510 1137 alias
524 1117 578 1136 non
599 1117 672 1142 esse,
690 1110 782 1137 dicere
802 1109 956 1142 inveniens,
972 1117 1021 1144 po-

225 1155 281 1183 suit
298 1155 324 1182 iu
340 1159 414 1182 textu
434 1155 461 1182 in
479 1155 599 1189 speciem
621 1155 772 1187 contraria,
798 1154 965 1182 solutionem
980 1155 1022 1189 (ut

226 1202 364 1236 conjicere
377 1201 430 1237 est)
450 1201 477 1228 in
505 1206 627 1228 nustram
652 1201 817 1236 imperitiam
835 1201 1019 1236 suspendens.

223 1247 351 1276 Dicimus
364 1249 456 1283 itaque
474 1248 547 1274 dicta
563 1247 625 1283 jura
647 1248 698 1275 sibi
717 1248 834 1275 invicem
855 1256 907 1275 non
924 1248 1022 1276 adver-

225 1296 292 1322 sari.
310 1294 379 1322 Nam
398 1299 506 1330 partus,
527 1296 688 1330 priusquam
713 1295 823 1329 edatur,
838 1285 933 1322 matris
950 1302 1022 1322 sem-

225 1347 273 1374 per
291 1339 381 1374 portio
395 1344 447 1371 est,
467 1343 496 1366 ut
520 1340 568 1366 lib.
595 1346 660 1365 χχιιι
684 1346 746 1373 cap.
767 1340 859 1373 Atque
874 1342 1022 1373 capropler

225 1391 280 1412 ιιοιι
293 1389 384 1419 potest
404 1389 480 1420 pater
496 1385 573 1412 illum
597 1385 748 1419 deposcere
771 1389 800 1411 ut
831 1392 922 1411 suum.
937 1383 1035 1425 Atqui

223 1436 404 1466 posteaquam
422 1432 512 1459 editus
528 1435 580 1464 est,
597 1429 692 1467 [recte]
714 1431 803 1466 ipsum
821 1430 956 1465 deposcit,
975 1435 1020 1457 ut-

223 1481 286 1511 pote
309 1478 356 1512 qui
382 1485 435 1504 non
463 1477 605 1513 [:nnpliusj
627 1479 722 1504 matris
746 1478 835 1512 portio
851 1477 896 1504 sit.
925 1476 957 1504 Et
973 1477 1020 1512 qui

225 1523 298 1551 bona
328 1523 381 1550 ﬁde
401 1528 511 1558 partum
535 1523 642 1550 ancilla:
663 1522 770 1549 furtiue
786 1522 919 1556 postsitlct,
941 1521 1019 1549 illum

225 1574 364 1605 usucaptt,
383 1570 424 1597 uti
451 1571 496 1604 qui
523 1568 644 1597 furtivus
668 1576 723 1596 non
747 1569 792 1596 sit.
813 1568 912 1595 Verum
928 1575 1017 1595 canon

224 1624 278 1643 non
290 1621 436 1651 propterea
451 1615 524 1651 quod
547 1615 623 1643 fctus
647 1623 700 1642 non
714 1615 748 1642 sit
763 1621 826 1649 pars
842 1615 1017 1650 przegnantis,

223 1662 351 1697 permisit
364 1662 596 1689 illuminationem
613 1661 696 1696 hujus
719 1661 773 1696 (est
788 1660 860 1688 enim
880 1659 1017 1698 [omnino]

224 1708 312 1741 ipsius
326 1715 392 1743 pars
404 1713 469 1736 ante
486 1712 620 1743 partum),
637 1707 684 1735 sed
701 1708 766 1743 quia
788 1714 932 1742 praegnans
953 1715 1017 1735 enm

219 1755 276 1782 {ctu
302 1755 529 1782 communionem
551 1761 607 1782 non
626 1754 715 1786 Labet,
737 1753 794 1781 sive
808 1762 862 1781 non
877 1754 1019 1782 existima-

221 1805 267 1828 tur
283 1808 338 1828 non
356 1801 522 1833 illuminata,
549 1808 582 1828 eo
604 1800 678 1835 quod
708 1800 778 1827 fetus
804 1800 932 1835 baptismi
953 1809 1019 1836 pro-

220 1845 371 1873 feasionem
395 1845 544 1880 '_suscipere
579 1849 707 1880 nequeat.
741 1844 877 1872 Cmterum
907 1845 1018 1880 quando

222 1891 329 1918 ancilla:
346 1890 455 1917 furtiva:
472 1895 567 1924 partus
580 1891 767 1924 usucapiatur,
786 1895 814 1916 et
830 1890 940 1924 quando
950 1897 1015 1922 non,

221 1937 338 1965 diversa:
355 1941 476 1964 tractant
491 1937 574 1972 leges.
594 1936 708 1969 Quaeras
722 1941 824 1969 autem,
843 1944 904 1971 qua:
915 1937 1017 1971 Scripta

218 1987 285 2011 sunt
310 1990 345 2011 ex
363 1982 399 2010 26
421 1990 483 2019 cap.
501 1984 543 2012 tit.
561 1982 591 2016 2,
610 1983 657 2010 lib.
677 1991 697 2010 ιι
722 1982 807 2010 Basil.
831 1984 958 2018 superius
972 1985 1017 2011 iu-

219 2033 304 2058 εει-ιο.
340 2035 345 2040 “
563 2053 565 2055 ,

257 2074 334 2104 CAP.
365 2075 460 2104 XL—
477 2075 555 2111 Quod
580 2081 639 2112 post
650 2080 852 2104 sacrosanctum
881 2076 1017 2111 baptisma

223 2123 287 2158 ungi
299 2122 453 2152 debeantur.
648 2144 661 2148 ..

260 2169 377 2198 Concilii
391 2169 541 2199 Laodiceni
557 2177 647 2198 canon
665 2170 711 2199 ιθ.

266 2217 344 2246 CAP.
360 2217 428 2249 X11.
438 2232 474 2238 —
487 2217 527 2245 De
540 2217 706 2253 confectione
719 2225 805 2245 sacrae
822 2217 966 2245 unctionis.

255 2309 373 2338 Concilii
383 2309 613 2346 Carthaginensis
628 2318 718 2338 canon
736 2310 763 2338 6.

257 2357 337 2385 CAP.
357 2357 429 2385 Xlll.
452 2372 488 2378 —
504 2356 542 2385 De
553 2358 586 2385 iis
598 2358 644 2393 qui
666 2358 717 2390 bis,
732 2363 779 2385 aut
800 2365 852 2385 non
871 2357 922 2386 rite
932 2358 1018 2394 bapti-

221 2408 328 2438 zantur,
345 2409 369 2431 et
385 2404 430 2440 qui
447 2405 567 2440 inﬁrmos
583 2413 635 2432 non
653 2404 801 2440 baptizant.

255 2498 451 2535 Apostolorum
464 2506 553 2527 canon
567 2499 613 2532 47,
627 2499 673 2533 49,
686 2498 731 2527 50.

257 2545 367 2573 Tenus.
388 2545 427 2574 De
447 2546 480 2574 iis
497 2546 544 2581 qui
566 2546 739 2581 rebaptizant
761 2545 1014 2581 ctrebaptizantur,

217 2599 285 2627 etc.,
308 2601 389 2629 usque
404 2595 438 2620 ad
453 2592 543 2620 locum
565 2592 676 2627 habere,
691 2598 719 2620 ut
733 2601 795 2628 pag.
809 2592 871 2620 6‘22.

264 2688 412 2716 Scliolium.
435 2686 533 2716 Const.
555 2686 567 2714 i
590 2691 618 2715 et
639 2686 657 2714 2
677 2687 718 2715 tit.
742 2687 759 2714 ϐ
781 2687 829 2714 lib.
856 2695 863 2714 ι
887 2686 955 2715 Cod.
987 2688 1015 2714 in

216 2734 301 2763 Basil.
328 2742 382 2762 non
403 2734 477 2769 lsunt
503 2734 609 2770 positae.
633 2734 692 2770 Dig.
723 2735 756 2762 H
781 2735 822 2762 tit.
843 2734 860 2761 5
879 2734 924 2761 lib.
950 2742 1015 2762 xxxx

216 2781 321 2817 Digest.
343 2786 385 2808 est
399 2789 461 2817 cap.
484 2781 519 2808 Η
544 2780 585 2808 tit.
607 2779 639 2807 16
659 2780 708 2807 lib.
733 2787 804 2807 xxxv
829 2779 925 2813 Basil.,
939 2780 1014 2815 quod

216 2827 257 2854 sic
284 2827 384 2855 habet:
403 2826 433 2854 Si
462 2827 590 2862 impubes
613 2826 752 2861 pubertati
777 2827 1012 2861 approlninquans,

216 2880 300 2907 prope
312 2873 455 2901 dominum
471 2873 628 2905 dormierit,
645 2880 707 2900 cum
723 2873 906 2906 occideretur,
923 2880 1012 2907 neque

213 2925 274 2944 eam
290 2926 347 2946 rem
362 2921 507 2956 evulgarit,
525 2920 653 2956 punitur.
671 2919 721 2949 liis
734 2920 807 2949 enim
818 2919 1010 2955 impuberibus

1074 973 1222 1009 σύνταγμα
1253 974 1419 1010 συνθέμενος
1448 976 1625 1012 πατριάρχης
1653 977 1787 1012 εὑρίσκων
1811 977 1868 1008 τοὺς

1072 1019 1271 1056 διαληφθέντας
1290 1021 1400 1056 νόμους,
1417 1021 1483 1048 ποτὲ
1497 1022 1547 1057 μὲν
1568 1023 1701 1057 λέγοντας
1714 1023 1793 1059 μέρος
1803 1020 1867 1049 εἶναι

1072 1067 1123 1102 τῆς
1138 1067 1239 1101 ἐγκύου
1257 1067 1287 1093 τὸ
1306 1067 1529 1104 κυοφορούμενον
1542 1069 1622 1104 παρὰ
1635 1069 1686 1105 τὴν
1697 1069 1809 1105 δύναμιν
1824 1068 1866 1095 τοῦ

1073 1113 1196 1145 κανόνος,
1212 1113 1278 1140 ποτὲ
1290 1113 1319 1140 δὲ
1335 1114 1373 1149 μὴ
1389 1113 1472 1148 εἶναι,
1493 1114 1621 1142 τέθεικεν
1645 1115 1675 1142 ὲν
1700 1115 1740 1151 τῷ
1760 1114 1819 1150 ὕφει
1837 1114 1866 1141 τὰ

1074 1159 1265 1195 ἐναντιοφανῆ,
1283 1160 1333 1195 τὴν
1350 1159 1428 1187 λύσιν
1442 1160 1478 1193 ὡς
1500 1160 1589 1188 ἔοικεν
1605 1163 1648 1194 είς
1673 1161 1722 1198 τὴν
1739 1161 1867 1197 ἡμετέραν

1073 1206 1230 1241 ἀναρτήσας
1245 1206 1391 1241 ἁμάθειαν.
1403 1206 1494 1242 Φαμεν
1502 1207 1593 1234 τοίνυν
1609 1207 1650 1238 ὠς
1662 1207 1713 1234 οὐκ
1727 1206 1868 1234 ἐναντιοῦν-

1074 1261 1119 1280 ται
1137 1251 1264 1287 ἀλλήλοις
1278 1252 1313 1279 τὰ
1329 1252 1449 1288 ρηθέντα
1468 1252 1583 1288 νόμιμα.
1598 1253 1639 1280 Τὸ
1653 1254 1710 1289 γὰρ
1727 1252 1868 1288 κυοφορού-

1076 1307 1156 1334 μενον
1170 1299 1213 1326 ἀεὶ
1234 1298 1288 1334 πρὸ
1301 1298 1350 1325 τοῦ
1365 1298 1498 1335 τεχθῆναι
1513 1299 1598 1335 μέρος
1614 1296 1676 1326 ὲοίέὶ
1695 1299 1747 1335 τῆς
1763 1299 1867 1335 μητρὸς,

1073 1344 1109 1371 ὡ.
1126 1345 1174 1371 καὶ
1188 1345 1219 1371 τὸ
1232 1344 1280 1371 τοῦ
1301 1344 1342 1372 λα’
1357 1344 1461 1380 βιϐλίου
1479 1353 1543 1380 κεφ.
1572 1346 1658 1381 φησὶ,
1675 1346 1724 1372 καὶ
1738 1345 1782 1372 διὰ
1798 1345 1885 1382 τοῦτο,

1073 1392 1104 1418 οὐ
1125 1390 1236 1418 δύναται
1249 1391 1340 1427 πατὴρ
1355 1392 1552 1419 ἀνακαλεῖσθαι
1561 1392 1646 1424 αὐτὸς
1655 1392 1694 1424 ὡς
1707 1391 1880 1424 ὑπεξούσιον..

1073 1437 1151 1463 Μετᾶ
1161 1437 1253 1472 μέντοι
1267 1437 1299 1463 τὸ
1309 1437 1475 1473 γεννηθῆναι
1486 1437 1672 1466 ἀνακαλεῖται
1686 1437 1777 1471 τοῦτο,
1791 1437 1827 1469 ὡς
1837 1437 1869 1472 μὴ

1073 1482 1103 1510 ὃν
1119 1483 1201 1518 μέρος
1215 1484 1264 1519 τῆς
1286 1483 1400 1519 μητρός.
1420 1484 1496 1511 Καὶό
1513 1484 1583 1520 καλῇ
1599 1484 1630 1512 δὲ
1647 1485 1740 1512 πίστει
1752 1484 1870 1520 νεμηθεὶς

1073 1529 1104 1556 τὸ
1117 1530 1213 1565 τεχθὲν
1225 1530 1279 1557 ἀπὸ
1295 1530 1462 1566 κλοπιμαίας
1477 1529 1574 1566 δούλης
1593 1531 1729 1563 δεσπόζει
1741 1530 1822 1558 αὐτοῦ
1837 1529 1870 1561 ὼς

1074 1576 1111 1612 μὴ
1126 1576 1203 1608 ὄντος
1217 1576 1394 1611 κλοπιμαίου.
1412 1576 1449 1602 T0
1465 1576 1557 1612 μέντοι
1569 1585 1638 1612 κεφ.
1663 1576 1691 1610 ι’,
1702 1577 1764 1612 οὐχὶ
1783 1576 1826 1603 διὰ
1845 1575 1871 1601 τὸ

1074 1623 1111 1658 μὴ
1126 1620 1195 1649 εἶναι
1211 1622 1294 1658 μέρος
1312 1623 1362 1658 τῆς
1377 1623 1566 1658 κυοφορούσης
1595 1623 1630 1650 τὸ
1646 1623 1874 1659 κυοφορούμενον,

1072 1669 1207 1705 ἐπέτρεψε
1223 1669 1254 1696 τὸ
1273 1669 1416 1705 βάπτισμα
1428 1669 1541 1704 ταύτης,
1557 1670 1647 1706 μέρος
1666 1670 1725 1706 γάρ
1739 1670 1812 1696 ἐστιν
1828 1668 1873 1695 αὖ·

1070 1715 1122 1750 τῆς
1138 1714 1193 1751 πρὸ
1207 1714 1255 1741 τοῦ
1276 1714 1417 1750 τεχθῆναι,
1432 1714 1502 1742 ἀλλὰ
1518 1714 1562 1742 διὰ
1579 1716 1615 1742 τὸ
1633 1715 1674 1752 μὴ
1690 1714 1874 1742 ἐπικοινωνεῖν

1071 1761 1122 1796 τὴν
1143 1761 1290 1788 τίκτουσαν
1303 1760 1342 1795 τῷ
1354 1760 1518 1796 τικτομένῳ,
1535 1761 1625 1796 ἤγουν
1644 1762 1685 1797 μὴ
1712 1759 1874 1795 λογίζεσθαι,

1073 1806 1121 1834 καὶ
1135 1806 1240 1842 ταύτην
1253 1806 1408 1841 ἀφώτιστον
1420 1806 1453 1833 ἐκ
1465 1806 1513 1833 τοῦ
1526 1807 1564 1842 μὴ
1578 1806 1722 1834 δύνασθαι
1737 1806 1768 1833 τὸ
1782 1812 1876 1840 κυοφο-

1075 1853 1206 1889 ρούμενον
1227 1851 1416 1888 βαπτίσματος
1434 1852 1580 1888 ὁμολογίαν
1600 1852 1801 1888 ἀναδέχεσθαι,
1817 1849 1877 1878 ποτὲ

1071 1900 1101 1927 δὲ
1118 1901 1132 1927 ὁ
1152 1899 1264 1931 τοκετὸς
1287 1900 1336 1935 τῆς
1351 1899 1485 1935 κλοπίμου
1507 1899 1608 1936 δούλης
1633 1899 1814 1933 δεσπόζεται,
1835 1898 1878 1924 καὶ

1073 1946 1139 1973 πο.ὲ
1155 1945 1199 1978 οὒ,
1225 1946 1293 1980 φασὶ
1315 1945 1394 1980 νόμοι
1418 1944 1553 1981 διάςιοροι.
1572 1946 1634 1972 Καὶ
1655 1945 1738 1982 ζήτει
1762 1946 1798 1972 τὰ
1817 1952 1879 1979 γρα-

1072 1992 1158 2027 φέντα
1176 1991 1277 2024 ἔξωθεν
1304 1991 1352 2018 τοῦ
1366 1990 1471 2018 ἄνωθεν
1489 1991 1743 2027 καταστρωθέντος
1758 1990 1806 2024 κς¹
1820 1998 1878 2024 me.

1070 2038 1117 2067 τοῦ
1136 2038 1158 2075 β’
1171 2038 1225 2065 τίτ.
1237 2037 1283 2065 τοῦ
1298 2036 1319 2073 β’
1334 2036 1437 2073 βιϐλίου
1453 2037 1508 2064 τῶν
1527 2037 1705 2065 Βασιλιδῶν.

1106 2086 1233 2113 ΚΕΦΔΛ.
1261 2083 1447 2118 1Δ’.-Περί
1475 2083 1530 2112 τοῦ
1566 2084 1715 2120 ὀφείλειν
1748 2084 1826 2120 μετὰ
1849 2082 1878 2110 τὸ

1071 2131 1157 2168 ἄτιον
1168 2131 1330 2166 βάπτισμα
1345 2131 1493 2166 χρίεσθαι.

1106 2178 1220 2206 Συνόδου
1237 2177 1399 2210 Λαοδικείας
1415 2176 1507 2204 κανὼν
1528 2176 1585 2213 μη’.

1108 2225 1234 2252 ΚΕΦΑΛ.
1256 2223 1306 2251 lB"
1318 2224 1435 2259 —llspl
1458 2223 1616 2259 ποιήσεως
1637 2225 1698 2253 τοῦ
1714 2225 1808 2261 ἁγίου
1823 2223 1880 2260 χρι-

1028 2284 1055 2314 D
1067 2279 1194 2306 σματος.

1103 2317 1219 2343 Συνόδου
1233 2315 1434 2352 Καρθαγέννης
1452 2315 1543 2344 κανὼν
1558 2315 1600 2349 ς’.

1103 2364 1232 2391 ΚΕΦΛΛ.
1261 2361 1312 2390 ll".
1329 2377 1366 2383 ——
1381 2362 1452 2397 Περὶ
1473 2362 1533 2390 τῶν
1558 2362 1622 2397 δὶς,
1647 2363 1669 2399 ἢ
1689 2363 1738 2400 μὴ
1756 2363 1879 2396 δεόντως

1064 2409 1302 2445 ,βαπτιζομένωη
1325 2409 1376 2436 καὶ
1389 2409 1451 2437 τῶν
1465 2409 1536 2443 τοὺς
1549 2409 1705 2445 ἀσθενεῖς
1717 2411 1764 2447 μὴ
1777 2411 1880 2444 ,βαπτι-

1068 2456 1188 2488 ζόντων.

1113 2502 1282 2530 Ἀποστόλων
1295 2501 1386 2530 κανὼν
1401 2501 1455 2538 μζ’,
1473 2500 1527 2538 μθ’,
1539 2504 1571 2530 ν’.

1103 2549 1259 2584 Κείμενον.
1291 2549 1360 2584 Περὶ
1387 2548 1441 2575 τῶν
1464 2547 1736 2583 ἁναὸαπτιξόντων,
1760 2549 1811 2578 καὶ
1824 2549 1882 2577 ἀνα-

1067 2595 1288 2630 σαπτιξομὲνων,
1300 2603 1329 2622 κ.
1345 2603 1371 2622 τ.
1394 2595 1421 2621 λ.
1442 2602 1529 2630 usque
1543 2595 1578 2622 ad
1597 2597 1769 2632 μεταμέλοι)
1784 2597 1813 2623 δὲ
1831 2595 1881 2631 χώ-

1067 2650 1117 2678 ραν
1133 2641 1254 2676 ἔχουσιν.

1100 2689 1243 2722 Σχόλιον.
1267 2687 1299 2714 Ἡ
1317 2689 1342 2713 α’
1357 2687 1405 2714 καὶ
1432 2686 1455 2722 β’
1473 2686 1543 2714 διάτ.
1571 2686 1627 2714 τοῦ
1657 2687 1688 2721 ς’
1712 2690 1770 2717 τίτ.
1789 2689 1837 2716 τοῦ
1861 2697 1881 2715 α’

1066 2735 1170 2770 βιὸλίου
1184 2735 1230 2761 τοῦ
1247 2734 1372 2767 Κώδικος
1389 2734 1439 2761 οὐκ
1454 2734 1533 2768 ἐτέθη
1552 2734 1598 2766 εἰς
1618 2735 1658 2762 τὰ
1678 2736 1831 2764 Βασιλικὼ
1849 2733 1881 2761 Τὸ

1067 2782 1097 2809 ιδ’
1113 2782 1183 2808 διάτ.
1198 2780 1246 2808 τοῦ
1270 2780 1290 2807 ε’
1306 2781 1359 2807 τίτ.
1386 2779 1433 2807 τοῦ
1454 2779 1495 2806 κθ¹
1515 2779 1628 2815 βιΰλίου
1642 2782 1708 2815 ξτῶν
1727 2785 1808 2811 Διατ.
1828 2784 1882 2809 ἐστι

1065 2835 1127 2860 xw.
1151 2826 1179 2854 ιδ’
1212 2826 1258 2853 τοῦ
1284 2825 1321 2858 ις’
1348 2826 1402 2854 τίτ.
1430 2825 1476 2852 τοῦ
1500 2824 1535 2852 λε’
1567 2826 1686 2860 βιϐλίου
1704 2828 1765 2856 τῶν
1803 2828 1882 2855 Βασι-

1064 2872 1160 2905 λικῶν,
1177 2871 1263 2904 οὕτως
1282 2873 1344 2907 ἕχον
1374 2872 1438 2898 Ἐὰν
1459 2870 1628 2906 πλησιάζων
1651 2875 1690 2910 τῇ
1709 2875 1770 2911 ἥϐῃ
1786 2873 1883 2909 ἄνηὸος

1064 2927 1102 2946 πα
1107 2918 1281 2955 ρακαθεύδων
1289 2919 1327 2956 τῷ
1336 2917 1510 2954 ἀναιρεθέντι
1519 2918 1647 2956 δεσπότῃ
1660 2920 1703 2952 μὴ
1712 2920 1880 2955 δημοσιεύτῃ
