1956 3049
101 136 166 170 1061

552 136 796 169 NOMOCANON.
818 148 852 155 -
865 137 941 168 TIT.
964 136 1013 174 IV,
1027 136 1107 169 CAP.
1121 136 1264 168 ΧΙ-ΧΠῙ.

1676 138 1747 171 1062

98 196 127 223 τὸ
138 195 262 230 γεγονὸς,
274 195 448 231 τιμωρεῖται·
463 197 521 227 τοῖς
536 196 591 232 γὰρ
605 196 658 223 ὑπὸ
672 196 721 232 τὴν
731 196 817 232 αὐτὴν
833 196 890 223 στέ-

952 194 988 230 [s.
1005 203 1030 222 ο.
1059 195 1206 232 duntaxat]
1233 195 1331 231 parcit,
1353 196 1400 232 qui
1416 195 1548 233 [tantum]
1573 197 1626 225 sub
1647 199 1744 226 codem

98 250 147 278 γην
173 241 285 277 ἀνήϐοις
309 242 458 277 συγχωρεῖ,
489 242 520 268 οὑ
546 241 596 277 μὲν
617 243 674 274 τοῖς
695 242 857 278 ὑπηρέταις,
877 241 894 277 ἢ

99 287 221 323 μετόχοις
242 288 267 314 εί
291 287 420 315 δύνανται
441 289 512 315 νοεῖν
528 287 559 314 τὸ
574 289 771 323 πραττόμενον.
791 289 823 315 Οί
841 288 896 323 γὰρ

97 334 209 361 τοιοῦτοι
230 333 292 361 οὐδὲ
313 334 356 368 ἐφ’
381 333 479 369 ἐτέρας
499 334 590 365 αίτίας
610 333 783 369 βοηθοῦνται.
809 334 847 360 Τὸ
872 327 896 360 ἐ’

97 382 164 409 διάτ.
193 380 242 408 τοῦ
268 383 293 407 α’
314 380 409 407 τίτλου
422 380 470 407 τοῦ
497 379 540 416 κη’
567 380 669 416 βιϐλίου
689 381 747 407 ἐστὶ
763 380 833 416 θέμα
849 388 895 406 τε-

98 428 219 455 λευταῖον
240 427 288 454 τοῦ
318 426 338 454 ε’
363 435 426 461 κεφ.
452 427 500 454 τοῦ
524 426 548 453 α’
572 427 624 454 τίτ.
655 426 703 454 τοῦ
731 425 767 453 λε’
792 426 895 462 βιϐλίου

98 472 167 501 οὕτω
181 471 330 505 διεξιόψΌ
347 473 436 508 eam
451 471 600 507 πληρώσας
612 470 647 498 τὰ
665 469 695 497 ιδ’
712 470 760 505 ἐτη
777 469 896 497 διατίθε-

98 529 151 553 ται,
163 520 180 555 ή
193 519 222 546 δὲ
239 519 334 554 θήλεια
348 518 383 545 τὰ
396 517 440 553 ιβ’,
455 519 469 545 ὁ
479 518 508 545 δὲ
516 517 657 552 γεννηθεὶς
672 517 821 548 Καλένδαις
841 516 895 543 Ἰα-

99 566 236 602 νουαρίαις
255 565 330 592 δοκεῖ
350 564 471 600 πληροῦν
490 565 536 591 τὸν
560 565 682 591 ἐνιαυτὸν
710 563 764 590 ἀπὸ
779 562 806 595 ς’
821 562 895 598 ὥρας

98 613 146 648 τῆς
167 613 265 645 νυκτὸς
283 613 332 648 τῆς
351 612 405 647 πρὸ
432 612 496 647 μιᾶς
510 610 655 638 Καλενδῶν
670 611 828 646 Ἰανυαρίων
846 610 894 636 τοῦ

99 659 160 694 ἑξῆς
184 658 271 690 ἔτους.
299 657 333 684 Ἦ
348 656 372 691 γ’
387 657 457 684 διὰτ.
482 656 530 683 τοῦ
545 655 566 690 ξ’
591 657 644 683 τίτ.
667 655 715 682 τοῦ
743 655 763 682 ε’
790 655 894 691 βιϐλίου

98 704 142 731 τοῦ
159 703 281 735 Κώόικός
302 702 360 730 ἐστι
379 711 441 737 κεφ.
454 702 478 737 γ’
490 703 537 729 τοῦ
555 701 587 729 ιθ¹
601 703 654 729 τίτ.
665 702 721 737 ,τοῦ
737 701 777 738 λη’
790 702 893 737 βιϐλίου

97 750 150 777 τῶν
162 749 317 776 Βασιλικῶν
333 748 419 780 οὕτως
440 749 512 784 ἕχον,
535 750 572 776 Τὸ
593 749 708 776 παλαιὴν
727 750 743 784 ή
768 750 818 785 μὲν
838 749 894 776 τῶν

98 796 213 831 θηλειῶν
233 796 287 832 ἥϐη
307 796 361 823 ἀπὸ
383 796 471 831 μόνων
494 796 548 823 τῶν
567 795 599 831 ιβ’
610 796 744 823 ἐνιαυτῶν
759 796 892 830 ἐκρίνετο,

96 844 113 877 ἡ
128 843 155 869 δέ
174 842 230 869 τῶν
243 843 366 879 ἀρρένων
381 844 414 869 ἐκ
428 843 475 869 τοῦ
492 842 670 878 πληρωθῆναι.
682 843 728 870 τὸν
745 842 775 869 ιδ’
800 843 893 869 ἐνιαυ-

97 889 141 917 τον
155 889 225 925 μετὰ
240 890 288 916 τοῦ
304 890 466 925 συντρέχειν
483 889 531 916 καὶ
544 890 594 925 τὴν
610 890 658 916 τοῦ
681 889 808 925 σώματος
825 888 893 922 ἕξιν,
910 882 932 912 Β

96 936 133 968 ὡς
149 936 236 970 ἔγνως
250 938 297 962 καὶ
309 937 337 962 ἐν
352 937 411 968 τοῖς
431 936 627 967 Ἰντιστούτοις.
653 935 685 962 Ἦ
703 935 774 962 διάτ,
787 934 834 962 οὖν
847 943 894 961 κε-

96 982 167 1009 λεύει
192 982 241 1009 καὶ
263 982 310 1009 ἐπὶ
329 982 382 1009 τῶν
403 982 528 1018 ἀρρένων
550 981 605 1008 ἀπὸ
625 981 680 1008 τῶν
702 980 731 1008 ιδ’
761 981 893 1008 ἐνιαυτῶν

95 1029 238 1065 κρίνεσθαι
256 1030 294 1065 μὴ
312 1029 515 1064 ἐπιζητούντων
528 1028 608 1064 ἡμῶν
623 1028 654 1055 τὸ
669 1029 762 1064 σχῆμα
777 1028 824 1055 τοῦ
842 1028 894 1055 σώ-

97 1084 192 1110 ματος,
212 1075 256 1102 διὰ
271 1075 406 1111 ἀπρεπές.
431 1075 460 1102 '0
476 1075 506 1102 δέ
534 1074 576 1110 »ιβ’
602 1075 655 1102 τίτ.
685 1075 735 1110 τῆς
760 1073 784 1102 α’
813 1075 895 1102 ίνστι-

94 1122 239 1154 τουτιῶνος
264 1122 316 1149 οὐκ
346 1121 427 1156 ἐτέθη
449 1122 490 1154 εἰς
517 1122 550 1148 τὰ
575 1121 719 1148 Βασιλικὰ.
746 1121 776 1148 '0
795 1124 820 1147 α’
839 1122 893 1148 τίτ.

94 1168 140 1196 τοῦ
159 1167 196 1195 λδ¹
211 1168 317 1203 βιϐλίου
336 1168 391 1195 τῶν
408 1169 484 1196 Διατ,
501 1167 582 1203 ἐτέθη
599 1168 640 1199 εἰς
661 1167 764 1203 βιϐλίον
781 1165 822 1202 μδ¹
837 1170 891 1195 τίτ.

95 1214 136 1242 ιδ’.
152 1215 207 1242 Καὶ
221 1215 299 1250 ζήτει
312 1223 375 1250 κεφ.
391 1214 472 1241 αὑτοῦ
489 1213 596 1241 ιδόὖτω
608 1214 695 1248 λέγον·
706 1214 769 1241 Ἐὰν
782 1213 893 1249 ἀνήϐοις

94 1260 255 1296 ληγατεύσω
272 1261 433 1297 διατροφὰς.
452 1261 499 1287 καὶ
514 1260 551 1296 μὴ
566 1260 705 1287 δείκνυται
727 1260 779 1292 ἕως
795 1260 860 1286 πότε
874 1261 891 1294 ή

95 1307 204 1343 θέληοις
216 1299 367 1343 λαμϐὰνῖειν
381 1307 477 1339 αὑτὰς,
494 1307 546 1338 ἕως
562 1304 592 1333 οῖ
611 1305 679 1338 ζῶσι
694 1306 892 1342 λαμϐάνουσιν.

77 1353 126 1384 ,Εἰ
140 1353 168 1380 δὲ
181 1351 258 1380 εἶπον
279 1353 361 1390 μέχρι
377 1353 428 1388 τῆς
445 1353 526 1388 ἥϐης,
544 1354 558 1380 ὁ
578 1353 628 1388 μὲν
642 1353 731 1389 ᾰρρην
748 1353 829 1388 μέχρι
844 1352 891 1379 τοῦ

83 1399 128 1435 ιη’
142 1399 230 1432 ἔτους,
245 1399 300 1434 qs:
315 1399 410 1435 θήλεια
424 1399 472 1426 τοῦ
485 1398 514 1426 ιδ’
524 1399 720 1434 λαμϐάνουσιν,
737 1398 785 1426 ἐπὶ
803 1398 892 1434 μόνων

93 1446 121 1472 δὲ
135 1447 190 1473 τῶν
205 1445 359 1480 διατροφῶν
381 1446 541 1481 φιλαγάθως
555 1445 670 1481 οὕτωςή
690 1445 744 1481 ἥϐη
758 1445 891 1481 ὁρίζεται.

93 1492 130 1518 Τὸ
143 1490 184 1527 κβ¹
203 1491 273 1519 διάτ.
295 1490 343 1518 τοῦ
364 1490 379 1518 ι’
398 1492 452 1518 τίτ.
477 1490 524 1518 τοῦ
548 1489 593 1526 μη¹
615 1490 719 1526 βιϐλίου
742 1490 801 1517 ἐστὶ
827 1498 892 1524 uaga.

92 1534 136 1571 κβ¹
165 1535 214 1562 τοῦ
236 1535 280 1571 μα’
303 1536 370 1569 τίτ.,
395 1536 443 1563 τοῦ
468 1535 489 1569 ξ’
514 1536 619 1570 βιϐλίου
652 1536 707 1562 τῶν
736 1535 890 1562 Βασιλικῶν

92 1582 164 1609 οὕτω
178 1582 377 1618 διαλαμϐάνον·
395 1582 465 1609 υῦτε
480 1583 520 1618 τῷ
529 1582 666 1618 Λιϐανείῳ
683 1582 809 1618 δόγματι,
824 1581 888 1609 οὕτε

90 1628 131 1664 τῷ
153 1629 307 1665 ἐγκλήματι
331 1629 378 1656 τοῦ
397 1629 517 1656 πλαστοῦ
536 1629 637 1664 ἄνηϐος
661 1629 821 1656 ὑποπίπτει.
851 1629 888 1656 Τδ

89 1672 136 1706 λς’
163 1673 235 1701 διάτ.
265 1674 314 1700 τοῦ
337 1672 357 1700 ε’
381 1674 434 1701 τίτ.
452 1674 498 1701 τοῦ
532 1673 577 1710 μη⁷
596 1673 700 1709 βιϐλίου
725 1675 784 1700 ἐστὶ
822 1683 885 1709 κειρ.

92 1724 120 1756 μ’
136 1720 184 1748 τοῦ
199 1720 238 1754 λζ’
258 1721 313 1748 τίτ.
327 1716 379 1748 ἶτοῦ
390 1721 410 1755 ξ’
426 1721 530 1756 βιϐλίου
547 1722 601 1748 τῶν
617 1721 785 1755 ίῖασιλικῶν,
797 1721 888 1756 λέγον·

90 1767 170 1795 Μετᾶ
184 1767 233 1802 τὴν
247 1767 318 1803 ἥϐην
334 1767 493 1802 πλημμελεῖ
509 1767 523 1793 ὁ
535 1766 594 1798 νέος
611 1766 745 1802 μοιχείαν,
758 1766 805 1793 καὶ
822 1765 888 1792 ὑπό-

90 1822 182 1840 κειται
193 1813 232 1849 τῷ
251 1813 336 1849 νόμῳ.
359 1814 391 1840 Ἠ
405 1813 434 1840 δὲ
458 1812 495 1845 λζ’
522 1813 607 1848 νεαρὰ
627 1812 708 1847 ἐτέθη
724 1813 763 1844 εἰς
786 1811 890 1848 βιϐλίον

89 1858 126 1893 α’,
135 1860 224 1886 τίτλον
235 1858 270 1892 α’,
283 1859 429 1895 κεφάλαιον
442 1858 494 1894 με’,
504 1858 590 1891 οὕτως
605 1859 675 1894 ἑχοψ
689 1858 830 1894 Λίρετικὸς
849 1858 888 1894 μὴ

90 1907 257 1942 βαπτιζέτω,
275 1907 344 1942 μήτε
359 1906 553 1939 πολιτευέσθω,
572 1906 641 1942 μήτε
653 1905 805 1941 μετελθέτω
816 1905 887 1932 οἱον-

88 1952 192 1987 δήποτε
209 1951 348 1978 πολιτικὸν
367 1951 504 1986 ὁρφίκιον.
523 1949 553 1976 Ὀ
564 1950 780 1981 ἀναϐαπτισθεὶς
800 1958 886 1985 στρα-

87 1997 167 2029 τείας
187 2000 272 2032 μόνης
287 1995 433 2029 κωλύεται,
459 1995 586 2027 Ἰουδαῖος
606 1995 770 2031 Χριστιανὸν
793 1994 889 2030 ἀνδρά-

89 2043 172 2070 ποδον
204 2042 243 2079 μὴ
271 2043 368 2078 ἐχέτω,
399 2042 446 2070 καὶ
474 2042 510 2069 τὰ
538 2041 696 2078 ἐξῆς.“Καὶ
725 2041 813 2069 ταῦτα
836 2041 887 2077 μὲν

87 2089 255 2116 διδάσκουσα
281 2089 316 2116 τὰ
341 2097 406 2123 κεφ.
438 2089 504 2124 περὶ
535 2087 589 2115 τῶν
623 2088 732 2124 ἀνήϐων
755 2087 805 2115 καὶ
831 2087 887 2115 τῶν

87 2135 363 2171 ἁνειϐαπτιξομένων,
395 2134 412 2171 ἢ
443 2135 532 2167 ἄλλως
557 2134 792 2171 ἁμαρτανόντων,
820 2134 888 2162 πότε

88 2182 310 2217 συγγινώχονται
336 2181 384 2208 καὶ
409 2182 476 2208 πότε
504 2182 535 2209 οὐ
565 2180 811 2216 συγγινώσκονται,
841 2181 887 2208 καὶ

86 2230 168 2261 ποῖος
185 2228 281 2264 χρόνος
292 2229 307 2255 ὁ
321 2228 392 2263 μετὰ
404 2229 454 2263 τὴν
468 2227 540 2263 ἥϐην
550 2227 619 2255 ἐστί.
633 2227 669 2254 Σὺ
679 2227 708 2254 δὲ
726 2226 888 2262 συναγαγὼν
905 2242 929 2270 D

85 2276 162 2308 εἰπὲ,
177 2275 219 2302 ὅτι
229 2275 246 2310 ή
256 2274 393 2311 ἁνηϐὀτης
409 2275 449 2306 είς
473 2274 539 2309 τρία
552 2273 698 2309 διαιρεῖται
711 2273 751 2306 εἰς
764 2273 890 2310 ἔμφαντα

85 2322 193 2357 ἄνηϐον
209 2322 256 2348 τὸν
273 2321 463 2356 ἐστηρημένον
490 2322 594 2357 φωνῆς,
620 2320 668 2348 καὶ
693 2320 743 2357 ἤδη
763 2321 891 2357 συμπλη-

87 2365 193 2401 ροῦντα
208 2365 258 2401 τὴν
267 2366 399 2401 τριετίαν,
416 2366 456 2397 εἰς
472 2366 610 2402 πράξιμον
626 2366 750 2401 ίμφαντα
761 2365 807 2393 τὸν
821 2366 890 2402 πλη-

86 2412 221 2444 σιάζοντα
236 2412 269 2447 τῇ
286 2413 373 2447 φωνῇ.
396 2411 443 2438 καὶ
461 2411 675 2448 συμπληροῦντα
689 2411 735 2439 τὸν
758 2410 780 2444 ζ’
799 2412 890 2439 ἐνιαυ-

83 2460 149 2492 τὸν,
164 2458 213 2486 καὶ
227 2459 266 2490 εἰς
281 2458 420 2494 πράξιμον
433 2457 620 2494 πουϐἐρτατον
640 2458 686 2485 τὸν
704 2458 890 2494 πλησιάζοντα

83 2507 122 2543 τῇ
138 2505 244 2542 ἡλικίᾳ,
261 2507 309 2532 καὶ
324 2505 451 2532 δεκτικὴν
468 2505 534 2531 ὂντα
556 2504 645 2537 δόλου,
672 2504 748 2535 ὅστις
767 2505 822 2532 ἀπὸ
840 2504 888 2532 τοῦ

83 2551 111 2585 ζ’
135 2551 261 2578 ἐνιαυτοῦ
278 2552 325 2578 καὶ
340 2550 423 2586 μέχρι
437 2550 485 2577 τοῦ
507 2549 536 2578 ιδ’
552 2550 601 2578 καὶ
625 2550 708 2577 αὐτοῦ
734 2550 888 2586 προϐαίνει,

83 2597 139 2625 καὶ
148 2598 174 2624 οἰ
192 2597 240 2632 μὲν
253 2597 292 2633 μὴ
301 2597 420 2624 δεκτινο).
428 2596 504 2624 δόλου
515 2596 612 2633 ἄνηϐοι
622 2597 677 2624 ἀπὸ
689 2597 889 2634 ἁμαρτήματος

82 2645 142 2672 οὐκ
157 2644 326 2678 εὐθύνονται,
341 2645 366 2670 oi
383 2643 412 2671 δὲ
435 2644 512 2680 παρὰ
527 2643 639 2677 τούτους
662 2644 746 2680 ἤγουν
766 2644 792 2671 οἱ
817 2644 889 2680 πλη-

84 2691 233 2727 ρώσαντες
248 2691 295 2718 τὸν
314 2690 336 2724 ζ’
353 2691 488 2724 ἐνιαυτὸν,
511 2690 559 2717 καὶ
572 2689 824 2725 ἀναϐαπτιζόμενοι
842 2690 889 2717 εὑ-

83 2732 238 2771 θῦνονται,
268 2738 317 2765 καὶ
343 2738 432 2770 ἄλλως
459 2738 672 2773 ἁμαρτήσαντες
703 2737 889 2774 τιμωροῦνται

82 2784 164 2811 κατὰ
185 2784 216 2810 τὸ
239 2783 268 2811 ιδ’
285 2792 347 2818 κεφ.
378 2784 425 2810 τοῦ
441 2784 480 2815 ις’
493 2783 546 2810 τίτ.
562 2783 611 2810 τοῦ
627 2782 664 2810 λε’
682 2783 797 2819 βιϐλίου,
819 2784 889 2820 ὅπερ

82 2832 138 2859 καὶ
153 2831 273 2858 ἐνταῦθα
283 2831 474 2867 κατεστρώθη,
495 2830 557 2858 καθ’
574 2830 603 2858 ὃν
620 2830 653 2867 δὴ
670 2839 733 2867 κεφ.
750 2831 887 2868 ἑρμηνεῦ-

85 2887 136 2906 σαι
156 2878 275 2914 ὀφείλεις
294 2878 342 2906 καὶ
365 2878 396 2906 τὸ
415 2877 455 2914 κβ¹
471 2886 536 2914 κεφ.
562 2877 608 2906 τοῦ
624 2881 670 2914 με’
682 2878 797 2916 τίτ.-τοῦ
814 2878 888 2916 ξ’βια

950 245 1023 269 tecto
1037 242 1156 270 fuissent
1172 251 1178 269 :
1199 250 1253 270 non
1267 243 1351 270 etiam
1365 243 1500 271 ministris
1511 243 1553 270 vel
1567 243 1748 280 participibus

950 286 1072 324 [caedis],
1088 288 1110 315 si
1129 288 1212 315 modo
1234 297 1291 316 rem
1317 289 1468 324 intelligere
1492 290 1644 324 potuerim.
1676 289 1744 318 Nam

949 333 1051 361 talibus
1073 341 1162 369 neque
1179 333 1205 361 in
1223 334 1285 361 aliis
1299 335 1401 367 fcausis
1417 335 1591 363 subvenitur.
1607 334 1711 371 Digest.
1729 336 1747 365 5

949 380 991 407 tit.
1018 380 1031 407 1
1047 380 1096 407 lib.
1112 388 1195 408 xxvni
1211 386 1255 408 est
1272 381 1365 409 thema
1378 382 1437 416 ,‘ult.
1459 389 1521 418 cap.
1541 382 1569 415 5,
1589 382 1630 410 tit.
1648 383 1675 416 1,
1692 383 1743 411 ιιι).

947 433 1031 458 xxxv,
1059 427 1132 461 quod
1161 427 1201 454 sic
1219 433 1313 455 narrat
1332 427 1495 456 :Masculus
1525 429 1571 456 ubi
1597 430 1746 465 complevit

947 473 1158 507 quatuordecim
1178 481 1276 506 annos,
1308 478 1502 502 testamentum
1531 474 1615 503 facit:
1641 475 1745 504 femina

948 524 1023 550 vero,
1039 516 1083 544 ubi
1102 517 1260 545 duodecim.
1278 517 1330 551 Qui
1348 523 1430 546 natus
1444 525 1486 547 est
1498 518 1614 548 Kalend.
1628 519 1744 549 Januar.

946 562 1055 590 videtur
1063 562 1202 597 complere
1223 570 1326 590 annum
1341 564 1376 591 ab
1394 564 1461 591 hora
1477 568 1556 592 sexta
1570 566 1660 593 noctis
1684 566 1742 601 pri-

946 610 991 638 die
1016 610 1132 638 Kalend.
1153 610 1269 638 Januar.
1292 611 1488 646 subsequentis
1505 613 1582 640 anni.
1605 612 1701 641 Const.
1717 613 1745 649 :3

947 656 989 684 tit.
1007 656 1042 684 60
1061 657 1111 684 lib.
1130 665 1145 684 v
1161 656 1231 685 Cod.
1255 661 1297 684 est
1318 665 1378 692 cap.
1409 658 1426 685 5
1456 658 1498 686 tit.
1521 658 1554 686 19
1573 658 1621 687 lib.
1639 667 1745 687 xxxvnt

947 702 1044 737 Basil.,
1067 704 1142 740 quod
1164 705 1205 731 sic
1231 704 1331 732 habet:
1349 704 1420 732 Olim
1432 704 1599 733 feminarum
1614 706 1746 741 pubertas

946 751 1036 779 solum
1049 759 1083 778 ex
1102 751 1248 779 duodecim
1262 752 1343 780 annis
1354 752 1540 788 judicabatur.
1557 753 1743 782 Masculorum

945 805 1011 825 vero
1037 805 1071 825 ex
1091 798 1230 834 completo
1255 806 1330 826 anno
1352 799 1573 835 decimoquarto,
1601 805 1632 828 ut
1649 805 1742 828 tamen

945 849 1124 871 concurreret
1143 845 1268 880 corporis
1283 845 1403 880 habitus,
1414 847 1646 882 quemadmodum
1663 849 1689 876 in
1703 848 1745 876 ln-

948 890 1008 917 slit.
1042 889 1174 918 didicisti.
1197 891 1291 919 Const.
1322 891 1414 927 itaque
1437 892 1525 927 jubet,
1551 898 1581 921 ut
1612 895 1695 922 etiam
1715 895 1743 923 in

951 935 1084 962 masculis
1102 943 1134 963 ex
1150 937 1358 971 quatuordccim
1383 939 1464 966 annis
1481 938 1637 973 judicetur,
1667 941 1743 969 nulla

946 979 974 1007 in
991 981 1117 1016 corporis
1132 981 1256 1009 habitum
1275 987 1386 1018 propter
1409 982 1474 1020 [rei]
1493 984 1678 1013 indecentiam
1699 987 1740 1014 in-

946 1026 1095 1061 quisitione
1121 1027 1225 1055 habita.
1246 1027 1302 1055 Tit.
1328 1035 1394 1056 vero
1411 1028 1447 1056 22
1465 1028 1555 1066 [lilLt]
1575 1039 1583 1058 I
1604 1031 1693 1059 lnstit.
1712 1032 1739 1059 in

946 1072 1031 1100 Basil.
1044 1081 1112 1107 «non
1132 1079 1175 1101 est
1196 1073 1312 1109 positus.
1330 1073 1385 1103 Tit.
1404 1076 1416 1102 Ι
1439 1075 1487 1103 lib.
1502 1078 1596 1111 [xxxrv
1612 1076 1673 1113 Dig.
1691 1086 1742 1114 po-

945 1119 1015 1147 situs
1041 1124 1084 1147 est
1116 1120 1143 1147 in
1170 1120 1221 1148 lib.
1248 1128 1328 1154 xuv,
1352 1122 1395 1149 tit.
1420 1115 1474 1156 14,
1505 1122 1582 1158 cujus
1612 1124 1647 1151 Η
1680 1133 1742 1160 cap.

946 1173 1049 1200 quzere,
1070 1166 1143 1201 quod
1166 1167 1207 1195 sic
1229 1167 1312 1195 habet
1331 1167 1382 1195 :Si
1397 1168 1587 1204 impuberibus
1607 1170 1741 1200 alimenta

945 1211 1084 1247 legavero,
1101 1221 1190 1248 neque
1207 1218 1309 1249 pateat,
1326 1222 1408 1249 quam
1432 1214 1478 1242 diu
1498 1215 1600 1253 [ipsos]
1616 1218 1661 1245 illa
1677 1226 1742 1252 pcr-

945 1257 1037 1291 cipere
1053 1259 1200 1291 voluerim,
1224 1260 1313 1288 donec
1338 1262 1443 1295 vivunt,
1468 1263 1636 1298 percipiunt.
1659 1264 1739 1299 Quod

945 1305 967 1331 si
984 1312 1071 1340 usque
1087 1306 1119 1332 ad
1140 1306 1315 1341 pubertatem
1336 1308 1464 1341 dixerim,
1488 1310 1628 1338 masculus
1650 1319 1740 1347 usque

945 1350 978 1377 ad
1000 1351 1139 1378 decimum
1159 1356 1288 1380 octavum
1311 1361 1413 1380 annum
1428 1374 1436 1387 ,
1460 1353 1562 1382 femina
1581 1355 1680 1392 [usque
1694 1357 1741 1394 ad]

944 1396 1079 1424 decimmn
1092 1403 1220 1432 quartum
1235 1399 1361 1434 percipit.
1381 1399 1482 1427 Verum
1496 1400 1524 1428 in
1541 1402 1608 1430 solis
1622 1402 1743 1431 alimen-

945 1441 980 1469 tis
998 1442 1107 1477 pietatis
1126 1443 1226 1471 intuitu
1249 1444 1286 1471 ita
1315 1445 1446 1480 pubertas
1473 1446 1612 1475 delinitur.
1636 1448 1740 1485 Digest.

942 1487 977 1514 29
1005 1488 1048 1516 tit.
1066 1488 1109 1522 _l0
1135 1490 1182 1517 lib.
1209 1498 1293 1518 XLVIII
1317 1492 1365 1526 [est
1398 1499 1459 1527 cap.
1483 1492 1519 1519 22
1550 1493 1593 1521 ιὶι.
1625 1495 1657 1522 All
1689 1496 1738 1524 lib.

917 1564 927 1574 ‘
943 1542 977 1562 1.x
995 1534 1091 1568 Basil.,
1112 1536 1185 1571 quod
1203 1537 1244 1565 sic
1262 1537 1347 1565 tradit
1367 1548 1374 1565 :
1390 1538 1485 1574 Neque
1505 1540 1533 1567 in
1553 1539 1738 1570 Liboniannm

945 1588 969 1609 ε.
985 1590 1010 1609 c.
1024 1590 1113 1616 neque
1127 1583 1153 1609 in
1166 1582 1227 1611 falsi
1238 1583 1342 1611 crimen
1360 1583 1483 1620 impubes
1496 1586 1602 1615 incidit.
1615 1587 1675 1625 Dig.
1691 1590 1738 1621 56,

945 1629 987 1656 tit.
1013 1629 1030 1656 5
1053 1630 1100 1658 lib.
1124 1639 1208 1658 xtvni
1226 1636 1267 1659 est
1291 1639 1351 1667 cap.
1366 1632 1479 1668 μοςιίι.
1504 1633 1539 1661 57
1561 1634 1610 1662 lib.
1628 1643 1661 1662 ιιι
1686 1635 1740 1664 Ba-

946 1675 1004 1708 sil.,
1019 1677 1092 1711 quod
1106 1677 1173 1705 dicit
1192 1677 1278 1706 :Post
1292 1679 1460 1713 pubertatem
1483 1681 1631 1709 committit
1651 1682 1741 1710 minor

946 1720 1028 1749 annis
1050 1721 1228 1755 adulterium,
1249 1723 1355 1758 legique
1384 1730 1427 1752 est
1453 1724 1600 1753 obnoxius.
1625 1726 1738 1755 Novella

945 1766 990 1799 37,
1007 1768 1096 1802 posita
1119 1774 1162 1796 est
1185 1770 1212 1796 in
1232 1769 1280 1797 lib.
1298 1778 1316 1802 ι,
1336 1771 1377 1798 tit.
1406 1771 1432 1804 l,
1455 1779 1516 1807 cap.
1534 1772 1580 1804 45,
1596 1774 1670 1808 quod
1697 1774 1739 1803 sic

945 1812 1046 1841 habet:
1059 1814 1210 1844 lia-:t'ulicus
1222 1823 1255 1843 ne
1268 1816 1419 1851 baptizato,
1436 1826 1525 1853 neque
1537 1820 1736 1855 rempublicam

944 1857 1108 1892 gubernato,
1131 1867 1220 1894 neque
1237 1861 1432 1897 qualecunque
1455 1863 1536 1891 civile
1554 1863 1672 1893 oilicium
1688 1874 1738 1894 sn-

945 1903 1012 1933 bito.
1043 1904 1329 1942 Rebaptizatus,sola
1354 1909 1452 1937 militia
1480 1915 1600 1939 arcetor.
1627 1911 1738 1945 Judaeus

943 1949 1132 1979 Christianum
1157 1954 1326 1989 mancipium
1363 1963 1398 1982 ne
1422 1955 1534 1990 habeto,
1566 1962 1619 1986 etc.
1646 1959 1737 1994 Atque

945 1995 1003 2024 hmo
1031 1998 1142 2032 quidem
1169 2000 1270 2027 docent
1287 2001 1377 2036 capita
1403 2001 1473 2038 [illa]
1494 2002 1528 2030 de
1547 2003 1740 2039 impuberibus

942 2046 970 2070 et
991 2042 1187 2078 rebaptizatis,
1217 2045 1330 2074 aliterve
1360 2049 1566 2083 peccantibus,
1596 2050 1734 2079 interdum

944 2089 1127 2124 ignescentia,
1144 2090 1285 2119 interdum
1301 2100 1356 2120 no"
1374 2093 1546 2129 ignoscentia
1559 2116 1566 2129 ,
1588 2099 1616 2123 et
1637 2096 1736 2131 cujus-

943 2135 1016 2162 inodi
1039 2136 1075 2163 sit
1089 2142 1151 2171 post
1174 2138 1345 2172 pubertatem
1370 2143 1489 2176 tempus.
1506 2139 1548 2168 Tu
1571 2149 1638 2170 vero
1654 2142 1738 2170 altius

943 2181 1059 2216 repetito
1085 2189 1225 2216 sermone,
1259 2183 1432 2219 impuberem
1465 2190 1575 2214 aetatem
1598 2186 1734 2216 trifariam

943 2227 1027 2255 dividi
1042 2227 1121 2256 dicas
1136 2237 1143 2256 :
1158 2229 1187 2256 in
1202 2229 1357 2263 infantiam,
1373 2230 1460 2268 [cum]
1476 2232 1602 2268 impubes
1621 2232 1737 2270 [articu-

942 2273 1008 2310 lata]
1026 2282 1092 2302 voce
1107 2276 1233 2310 privatus
1244 2281 1297 2309 est,
1309 2281 1336 2304 ct
1350 2277 1406 2312 jam
1425 2278 1575 2306 triennium
1597 2279 1734 2314 curnplet:

941 2321 968 2348 in
986 2322 1138 2356 proximam
1154 2323 1286 2356 infantia},
1311 2323 1399 2361 [cum]
1418 2325 1477 2353 voci
1495 2324 1671 2363 [articulatm]
1687 2335 1738 2362 ap-

941 2368 1118 2403 propinquat,
1133 2373 1161 2396 et
1177 2370 1323 2405 septimum
1337 2378 1441 2398 annum
1461 2371 1600 2407 complet:
1623 2380 1655 2400 ac
1673 2372 1736 2409 [de-

942 2413 1036 2450 nique]
1060 2415 1088 2442 in
1112 2417 1267 2450 proximam
1294 2417 1443 2452 pubertati,
1475 2416 1551 2454 [cum
1576 2419 1734 2456 maturiori]

940 2461 1012 2488 aetati
1045 2462 1255 2497 appropinquat,
1277 2467 1360 2498 atquc
1384 2463 1438 2491 doli
1462 2471 1547 2499 capax
1563 2469 1625 2493 est:
1648 2464 1735 2501 [quod

940 2507 974 2535 de
999 2516 1032 2535 eo
1051 2507 1224 2545 intelligitur]
1239 2509 1285 2544 qui
1310 2517 1326 2537 a
1347 2510 1465 2544 septimo
1486 2518 1560 2538 anno
1583 2511 1617 2539 ad
1643 2512 1734 2547 ipsum

940 2553 1078 2580 decimum
1091 2557 1220 2588 quartum
1235 2554 1367 2589 procedit.
1392 2555 1481 2591 Atque
1495 2556 1653 2591 impuberes
1668 2558 1733 2591 qui-

940 2599 1001 2627 dem
1024 2600 1079 2627 doli
1106 2609 1159 2627 nnn
1176 2608 1293 2635 capaces
1320 2601 1356 2630 ob
1381 2602 1512 2630 delictum
1533 2612 1587 2632 non
1616 2605 1738 2633 subeunt

938 2645 1084 2681 judicium.
1099 2645 1203 2674 Prmter
1217 2647 1267 2675 hos
1280 2655 1344 2675 vero
1357 2647 1438 2684 [alii,]
1451 2650 1509 2677 sive
1523 2649 1570 2685 qui
1582 2650 1734 2685 septimum
1755 2681 1758 2685 ν

940 2700 1043 2720 annum
1062 2692 1245 2727 complevere,
1263 2698 1322 2721 tum
1338 2695 1501 2730 rebaptizati
1517 2695 1652 2731 judicium
1667 2697 1734 2723 sub-

939 2743 1017 2772 eunt,
1039 2743 1096 2766 tum
1121 2739 1200 2768 aliter
1219 2739 1412 2776 delinquentes
1434 2742 1611 2777 puniuntur:
1634 2750 1735 2770 secun-

939 2786 1003 2813 dum
1029 2785 1064 2812 l4
1102 2793 1163 2820 cap.
1189 2785 1230 2814 tit.
1248 2786 1290 2821 μϐ
1311 2787 1357 2814 lib.
1382 2795 1466 2820 xxxv,
1481 2788 1554 2823 quod
1581 2788 1626 2816 hic
1649 2789 1733 2816 etiam

939 2832 1073 2859 insertum
1087 2836 1138 2859 est.
1157 2832 1313 2860 Secundum
1333 2833 1404 2869 quod
1419 2842 1487 2861 sane
1497 2839 1580 2869 caput
1597 2834 1733 2869 interpre-

941 2878 992 2908 tari
1010 2877 1092 2907 etiam
1111 2877 1194 2907 debes
1215 2879 1251 2906 22
1285 2887 1343 2916 cap.
1360 2880 1401 2909 tit.
1418 2880 1450 2909 41
1467 2880 1515 2909 lib.
1532 2889 1577 2916 ιχ,
1599 2888 1631 2909 ac
1654 2881 1732 2910 illum
