  <div class='ocr_page' id='page_1' title='image "/cluster/home/n/w/nwhite01/storage/ocr_20150623/104/njp.32101077772885/539.png"; bbox 0 0 1946 3076; ppageno 0'>
   <div class='ocr_carea' id='block_1_1' title="bbox 201 164 272 199">
    <p class='ocr_par' dir='ltr' id='par_1_1' title="bbox 201 164 272 199">
     <span class='ocr_line' id='line_1_1' title="bbox 201 164 272 199; baseline 0.014 -1"><span class='ocrx_word' id='word_1_1' title='bbox 201 164 272 199; x_wconf 80' lang='lat'><strong>1063</strong></span> 
     </span>
    </p>
   </div>
   <div class='ocr_carea' id='block_1_2' title="bbox 771 161 1254 194">
    <p class='ocr_par' dir='ltr' id='par_1_2' title="bbox 771 161 1254 194">
     <span class='ocr_line' id='line_1_2' title="bbox 771 161 1254 194; baseline -0.002 0"><span class='ocrx_word' id='word_1_2' title='bbox 771 161 907 194; x_wconf 79' lang='lat' dir='ltr'><strong>PHOTII</strong></span> <span class='ocrx_word' id='word_1_3' title='bbox 926 161 1182 194; x_wconf 64' lang='lat' dir='ltr'><strong>PATRIARCHA!</strong></span> <span class='ocrx_word' id='word_1_4' title='bbox 1197 162 1254 194; x_wconf 87' lang='lat' dir='ltr'><strong>CP.</strong></span> 
     </span>
    </p>
   </div>
   <div class='ocr_carea' id='block_1_3' title="bbox 1778 162 1850 196">
    <p class='ocr_par' dir='ltr' id='par_1_3' title="bbox 1778 162 1850 196">
     <span class='ocr_line' id='line_1_3' title="bbox 1778 162 1850 196; baseline 0 0"><span class='ocrx_word' id='word_1_5' title='bbox 1778 162 1850 196; x_wconf 71' lang='grc'><strong>1064</strong></span> 
     </span>
    </p>
   </div>
   <div class='ocr_carea' id='block_1_4' title="bbox 198 216 1016 257">
    <p class='ocr_par' dir='ltr' id='par_1_4' title="bbox 198 218 1016 257">
     <span class='ocr_line' id='line_1_4' title="bbox 198 218 1016 257; baseline -0.006 -7"><span class='ocrx_word' id='word_1_6' title='bbox 198 221 369 257; x_wconf 78' lang='lat' dir='ltr'><strong>impuberem</strong></span> <span class='ocrx_word' id='word_1_7' title='bbox 386 219 415 248; x_wconf 92' lang='lat' dir='ltr'><strong>in</strong></span> <span class='ocrx_word' id='word_1_8' title='bbox 430 219 494 248; x_wconf 75' lang='lat' dir='ltr'><strong>falsi</strong></span> <span class='ocrx_word' id='word_1_9' title='bbox 507 218 612 248; x_wconf 83' lang='lat' dir='ltr'><strong>crimen</strong></span> <span class='ocrx_word' id='word_1_10' title='bbox 628 226 683 248; x_wconf 89' lang='lat' dir='ltr'><strong>non</strong></span> <span class='ocrx_word' id='word_1_11' title='bbox 699 218 827 247; x_wconf 73' lang='lat' dir='ltr'><strong>incidere</strong></span> <span class='ocrx_word' id='word_1_12' title='bbox 839 218 927 252; x_wconf 90' lang='lat' dir='ltr'><strong>dicas,</strong></span> <span class='ocrx_word' id='word_1_13' title='bbox 945 218 994 254; x_wconf 88' lang='lat' dir='ltr'><strong>qui</strong></span> <span class='ocrx_word' id='word_1_14' title='bbox 1009 236 1016 251; x_wconf 58' lang='grc' dir='ltr'><strong><em>λ</em></strong></span> 
     </span>
    </p>
   </div>
   <div class='ocr_carea' id='block_1_5' title="bbox 1080 216 1850 257">
    <p class='ocr_par' dir='ltr' id='par_1_5' title="bbox 1084 216 1850 254">
     <span class='ocr_line' id='line_1_5' title="bbox 1084 216 1850 254; baseline 0.003 -9"><span class='ocrx_word' id='word_1_15' title='bbox 1084 217 1134 246; x_wconf 88' lang='grc' dir='ltr'>ίου.</span> <span class='ocrx_word' id='word_1_16' title='bbox 1152 217 1209 245; x_wconf 82' lang='grc' dir='ltr'><strong>Καὶ</strong></span> <span class='ocrx_word' id='word_1_17' title='bbox 1223 217 1285 245; x_wconf 74' lang='grc' dir='ltr'><strong>εἰπὲ</strong></span> <span class='ocrx_word' id='word_1_18' title='bbox 1302 217 1408 245; x_wconf 71' lang='grc' dir='ltr'>ικεῖνον</span> <span class='ocrx_word' id='word_1_19' title='bbox 1429 217 1477 245; x_wconf 73' lang='grc' dir='ltr'><strong>τὸν</strong></span> <span class='ocrx_word' id='word_1_20' title='bbox 1499 216 1602 252; x_wconf 77' lang='grc' dir='ltr'>ἇνηὸον</span> <span class='ocrx_word' id='word_1_21' title='bbox 1625 217 1663 254; x_wconf 79' lang='grc' dir='ltr'><strong>μὴ</strong></span> <span class='ocrx_word' id='word_1_22' title='bbox 1683 217 1850 247; x_wconf 79' lang='grc' dir='ltr'><strong>ὑποπίπτειν</strong></span> 
     </span>
    </p>
   </div>
   <div class='ocr_carea' id='block_1_6' title="bbox 198 264 995 304">
    <p class='ocr_par' dir='ltr' id='par_1_6' title="bbox 198 264 995 304">
     <span class='ocr_line' id='line_1_6' title="bbox 198 264 995 304; baseline -0.006 -7"><span class='ocrx_word' id='word_1_23' title='bbox 198 269 288 297; x_wconf 89' lang='lat' dir='ltr'><strong>tninor</strong></span> <span class='ocrx_word' id='word_1_24' title='bbox 312 270 417 304; x_wconf 76' lang='lat' dir='ltr'><strong>septem</strong></span> <span class='ocrx_word' id='word_1_25' title='bbox 434 273 575 294; x_wconf 90' lang='lat' dir='ltr'><strong>annorum</strong></span> <span class='ocrx_word' id='word_1_26' title='bbox 612 270 666 294; x_wconf 88' lang='lat' dir='ltr'><strong>est.</strong></span> <span class='ocrx_word' id='word_1_27' title='bbox 690 265 848 299; x_wconf 77' lang='lat' dir='ltr'><strong>Quinetiam</strong></span> <span class='ocrx_word' id='word_1_28' title='bbox 873 272 935 301; x_wconf 88' lang='lat' dir='ltr'><strong>cap.</strong></span> <span class='ocrx_word' id='word_1_29' title='bbox 959 264 995 293; x_wconf 71' lang='grc'><strong>40</strong></span> 
     </span>
    </p>
   </div>
   <div class='ocr_carea' id='block_1_7' title="bbox 202 311 1000 348">
    <p class='ocr_par' dir='ltr' id='par_1_7' title="bbox 202 311 1000 348">
     <span class='ocr_line' id='line_1_7' title="bbox 202 311 1000 348; baseline -0.005 -5"><span class='ocrx_word' id='word_1_30' title='bbox 202 316 245 343; x_wconf 94' lang='lat' dir='ltr'><strong>tit.</strong></span> <span class='ocrx_word' id='word_1_31' title='bbox 261 314 296 343; x_wconf 77' lang='lat'><strong>57</strong></span> <span class='ocrx_word' id='word_1_32' title='bbox 320 314 370 342; x_wconf 85' lang='lat' dir='ltr'><strong>lib.</strong></span> <span class='ocrx_word' id='word_1_33' title='bbox 385 321 419 341; x_wconf 76' lang='grc' dir='ltr'><strong>ιι</strong></span> <span class='ocrx_word' id='word_1_34' title='bbox 446 313 520 341; x_wconf 89' lang='lat' dir='ltr'><strong>hunc</strong></span> <span class='ocrx_word' id='word_1_35' title='bbox 532 313 565 341; x_wconf 88' lang='lat' dir='ltr'><strong>ad</strong></span> <span class='ocrx_word' id='word_1_36' title='bbox 580 313 695 341; x_wconf 91' lang='lat' dir='ltr'><strong>modum</strong></span> <span class='ocrx_word' id='word_1_37' title='bbox 712 312 904 348; x_wconf 72' lang='lat' dir='ltr'><strong>interpretare.</strong></span> <span class='ocrx_word' id='word_1_38' title='bbox 920 311 1000 345; x_wconf 80' lang='lat' dir='ltr'><strong>Quod</strong></span> 
     </span>
    </p>
   </div>
   <div class='ocr_carea' id='block_1_8' title="bbox 199 358 997 397">
    <p class='ocr_par' dir='ltr' id='par_1_8' title="bbox 199 358 997 397">
     <span class='ocr_line' id='line_1_8' title="bbox 199 358 997 397; baseline -0.006 -7"><span class='ocrx_word' id='word_1_39' title='bbox 199 362 273 390; x_wconf 89' lang='lat' dir='ltr'><strong>enim</strong></span> <span class='ocrx_word' id='word_1_40' title='bbox 291 365 355 397; x_wconf 85' lang='lat' dir='ltr'><strong>post</strong></span> <span class='ocrx_word' id='word_1_41' title='bbox 377 360 550 396; x_wconf 75' lang='lat' dir='ltr'><strong>pubertatem</strong></span> <span class='ocrx_word' id='word_1_42' title='bbox 574 359 667 387; x_wconf 90' lang='lat' dir='ltr'><strong>minor</strong></span> <span class='ocrx_word' id='word_1_43' title='bbox 689 359 770 387; x_wconf 82' lang='lat' dir='ltr'><strong>annis</strong></span> <span class='ocrx_word' id='word_1_44' title='bbox 793 358 923 386; x_wconf 86' lang='lat' dir='ltr'><strong>adulterii</strong></span> <span class='ocrx_word' id='word_1_45' title='bbox 939 358 997 386; x_wconf 85' lang='lat' dir='ltr'><strong>cri-</strong></span> 
     </span>
    </p>
   </div>
   <div class='ocr_carea' id='block_1_9' title="bbox 199 403 1001 439">
    <p class='ocr_par' dir='ltr' id='par_1_9' title="bbox 199 403 1001 439">
     <span class='ocr_line' id='line_1_9' title="bbox 199 403 1001 439; baseline -0.004 -5"><span class='ocrx_word' id='word_1_46' title='bbox 199 406 267 435; x_wconf 92' lang='lat' dir='ltr'><strong>mini</strong></span> <span class='ocrx_word' id='word_1_47' title='bbox 288 406 425 434; x_wconf 80' lang='lat' dir='ltr'><strong>obnoxius</strong></span> <span class='ocrx_word' id='word_1_48' title='bbox 455 404 588 438; x_wconf 83' lang='lat' dir='ltr'><strong>redditur,</strong></span> <span class='ocrx_word' id='word_1_49' title='bbox 623 404 676 432; x_wconf 83' lang='lat' dir='ltr'><strong>tale</strong></span> <span class='ocrx_word' id='word_1_50' title='bbox 701 408 755 437; x_wconf 85' lang='lat' dir='ltr'><strong>est,</strong></span> <span class='ocrx_word' id='word_1_51' title='bbox 778 403 851 439; x_wconf 82' lang='lat' dir='ltr'><strong>quod</strong></span> <span class='ocrx_word' id='word_1_52' title='bbox 872 403 1001 431; x_wconf 82' lang='lat' dir='ltr'><strong>videlicet</strong></span> 
     </span>
    </p>
   </div>
   <div class='ocr_carea' id='block_1_10' title="bbox 201 450 1001 487">
    <p class='ocr_par' dir='ltr' id='par_1_10' title="bbox 201 450 1001 487">
     <span class='ocr_line' id='line_1_10' title="bbox 201 450 1001 487; baseline -0.004 -7"><span class='ocrx_word' id='word_1_53' title='bbox 201 457 328 481; x_wconf 88' lang='lat' dir='ltr'><strong>teneatur</strong></span> <span class='ocrx_word' id='word_1_54' title='bbox 348 452 394 480; x_wconf 88' lang='lat' dir='ltr'><strong>ille</strong></span> <span class='ocrx_word' id='word_1_55' title='bbox 413 452 461 487; x_wconf 93' lang='lat' dir='ltr'><strong>qui</strong></span> <span class='ocrx_word' id='word_1_56' title='bbox 479 451 615 487; x_wconf 85' lang='lat' dir='ltr'><strong>delinquit</strong></span> <span class='ocrx_word' id='word_1_57' title='bbox 639 458 695 478; x_wconf 91' lang='lat' dir='ltr'><strong>non</strong></span> <span class='ocrx_word' id='word_1_58' title='bbox 711 450 794 478; x_wconf 87' lang='lat' dir='ltr'><strong>modo</strong></span> <span class='ocrx_word' id='word_1_59' title='bbox 812 450 840 478; x_wconf 91' lang='lat' dir='ltr'><strong>in</strong></span> <span class='ocrx_word' id='word_1_60' title='bbox 857 450 1001 485; x_wconf 90' lang='lat' dir='ltr'><strong>impubere</strong></span> 
     </span>
    </p>
   </div>
   <div class='ocr_carea' id='block_1_11' title="bbox 202 496 1002 534">
    <p class='ocr_par' dir='ltr' id='par_1_11' title="bbox 202 496 1002 534">
     <span class='ocr_line' id='line_1_11' title="bbox 202 496 1002 534; baseline -0.006 -6"><span class='ocrx_word' id='word_1_61' title='bbox 202 504 294 531; x_wconf 60' lang='lat' dir='ltr'><strong>aetate.</strong></span> <span class='ocrx_word' id='word_1_62' title='bbox 314 506 410 527; x_wconf 87' lang='lat' dir='ltr'><strong>verum</strong></span> <span class='ocrx_word' id='word_1_63' title='bbox 424 499 508 526; x_wconf 83' lang='lat' dir='ltr'><strong>ctiam</strong></span> <span class='ocrx_word' id='word_1_64' title='bbox 522 497 708 534; x_wconf 85' lang='lat' dir='ltr'><strong>postmodum.</strong></span> <span class='ocrx_word' id='word_1_65' title='bbox 721 496 789 524; x_wconf 91' lang='lat' dir='ltr'><strong>lllud</strong></span> <span class='ocrx_word' id='word_1_66' title='bbox 804 504 887 532; x_wconf 92' lang='lat' dir='ltr'><strong>porro</strong></span> <span class='ocrx_word' id='word_1_67' title='bbox 902 497 935 524; x_wconf 87' lang='lat' dir='ltr'><strong>de</strong></span> <span class='ocrx_word' id='word_1_68' title='bbox 950 496 1002 524; x_wconf 52' lang='lat' dir='ltr'><strong>ali-</strong></span> 
     </span>
    </p>
   </div>
   <div class='ocr_carea' id='block_1_12' title="bbox 202 543 1002 580">
    <p class='ocr_par' dir='ltr' id='par_1_12' title="bbox 202 543 1002 580">
     <span class='ocr_line' id='line_1_12' title="bbox 202 543 1002 580; baseline -0.005 -6"><span class='ocrx_word' id='word_1_69' title='bbox 202 546 304 574; x_wconf 90' lang='lat' dir='ltr'><strong>mentis</strong></span> <span class='ocrx_word' id='word_1_70' title='bbox 328 549 371 574; x_wconf 89' lang='lat' dir='ltr'><strong>est</strong></span> <span class='ocrx_word' id='word_1_71' title='bbox 395 553 411 573; x_wconf 90' lang='lat' dir='ltr'><strong>a</strong></span> <span class='ocrx_word' id='word_1_72' title='bbox 432 545 491 580; x_wconf 81' lang='lat' dir='ltr'><strong>lege</strong></span> <span class='ocrx_word' id='word_1_73' title='bbox 506 549 618 580; x_wconf 87' lang='lat' dir='ltr'><strong>propter</strong></span> <span class='ocrx_word' id='word_1_74' title='bbox 643 551 780 572; x_wconf 86' lang='lat' dir='ltr'><strong>summam</strong></span> <span class='ocrx_word' id='word_1_75' title='bbox 806 543 1002 571; x_wconf 83' lang='lat' dir='ltr'><strong>alimentorum</strong></span> 
     </span>
    </p>
   </div>
   <div class='ocr_carea' id='block_1_13' title="bbox 202 589 1003 629">
    <p class='ocr_par' dir='ltr' id='par_1_13' title="bbox 202 589 1003 629">
     <span class='ocr_line' id='line_1_13' title="bbox 202 589 1003 629; baseline -0.006 -8"><span class='ocrx_word' id='word_1_76' title='bbox 202 593 400 621; x_wconf 81' lang='lat' dir='ltr'><strong>necessitatem</strong></span> <span class='ocrx_word' id='word_1_77' title='bbox 419 591 648 629; x_wconf 81' lang='lat' dir='ltr'><strong>[introductum].</strong></span> <span class='ocrx_word' id='word_1_78' title='bbox 671 590 905 626; x_wconf 85' lang='lat' dir='ltr'><strong>quemadmodum</strong></span> <span class='ocrx_word' id='word_1_79' title='bbox 920 589 1003 617; x_wconf 88' lang='lat' dir='ltr'><strong>etiatn</strong></span> 
     </span>
    </p>
   </div>
   <div class='ocr_carea' id='block_1_14' title="bbox 204 635 1004 675">
    <p class='ocr_par' dir='ltr' id='par_1_14' title="bbox 204 635 1004 675">
     <span class='ocr_line' id='line_1_14' title="bbox 204 635 1004 675; baseline -0.004 -9"><span class='ocrx_word' id='word_1_80' title='bbox 204 639 295 675; x_wconf 90' lang='lat' dir='ltr'><strong>ipsum</strong></span> <span class='ocrx_word' id='word_1_81' title='bbox 320 639 354 666; x_wconf 71' lang='grc'><strong>14</strong></span> <span class='ocrx_word' id='word_1_82' title='bbox 387 646 449 674; x_wconf 80' lang='lat' dir='ltr'><strong>cap.</strong></span> <span class='ocrx_word' id='word_1_83' title='bbox 488 638 522 665; x_wconf 74' lang='grc'><strong>14</strong></span> <span class='ocrx_word' id='word_1_84' title='bbox 557 638 599 665; x_wconf 84' lang='lat' dir='ltr'><strong>tit.</strong></span> <span class='ocrx_word' id='word_1_85' title='bbox 637 645 701 664; x_wconf 77' lang='lat' dir='ltr'><strong>xuv</strong></span> <span class='ocrx_word' id='word_1_86' title='bbox 730 636 775 664; x_wconf 90' lang='lat' dir='ltr'><strong>lib.</strong></span> <span class='ocrx_word' id='word_1_87' title='bbox 803 635 871 663; x_wconf 85' lang='lat' dir='ltr'><strong>dicit</strong></span> <span class='ocrx_word' id='word_1_88' title='bbox 904 635 1004 671; x_wconf 87' lang='lat' dir='ltr'><strong>:quod</strong></span> 
     </span>
    </p>
   </div>
   <div class='ocr_carea' id='block_1_15' title="bbox 203 682 1005 715">
    <p class='ocr_par' dir='ltr' id='par_1_15' title="bbox 203 682 1005 715">
     <span class='ocr_line' id='line_1_15' title="bbox 203 682 1005 715; baseline -0.005 -3"><span class='ocrx_word' id='word_1_89' title='bbox 203 685 287 713; x_wconf 88' lang='lat' dir='ltr'><strong>etiam</strong></span> <span class='ocrx_word' id='word_1_90' title='bbox 315 684 381 712; x_wconf 86' lang='lat' dir='ltr'><strong>huic</strong></span> <span class='ocrx_word' id='word_1_91' title='bbox 396 685 439 712; x_wconf 88' lang='lat' dir='ltr'><strong>tit.</strong></span> <span class='ocrx_word' id='word_1_92' title='bbox 469 684 604 712; x_wconf 86' lang='lat' dir='ltr'><strong>insertum</strong></span> <span class='ocrx_word' id='word_1_93' title='bbox 626 687 680 711; x_wconf 87' lang='lat' dir='ltr'><strong>est.</strong></span> <span class='ocrx_word' id='word_1_94' title='bbox 698 682 896 710; x_wconf 77' lang='lat' dir='ltr'><strong>Verumtamen</strong></span> <span class='ocrx_word' id='word_1_95' title='bbox 921 682 1005 715; x_wconf 86' lang='lat' dir='ltr'><strong>scias,</strong></span> 
     </span>
    </p>
   </div>
   <div class='ocr_carea' id='block_1_16' title="bbox 210 727 1008 766">
    <p class='ocr_par' dir='ltr' id='par_1_16' title="bbox 210 727 1008 766">
     <span class='ocr_line' id='line_1_16' title="bbox 210 727 1008 766; baseline -0.005 -8"><span class='ocrx_word' id='word_1_96' title='bbox 210 730 283 766; x_wconf 89' lang='lat' dir='ltr'><strong>quod</strong></span> <span class='ocrx_word' id='word_1_97' title='bbox 299 730 367 758; x_wconf 82' lang='lat' dir='ltr'><strong>tales</strong></span> <span class='ocrx_word' id='word_1_98' title='bbox 381 729 540 765; x_wconf 85' lang='lat' dir='ltr'><strong>impuberes</strong></span> <span class='ocrx_word' id='word_1_99' title='bbox 556 736 611 757; x_wconf 91' lang='lat' dir='ltr'><strong>non</strong></span> <span class='ocrx_word' id='word_1_100' title='bbox 630 734 660 756; x_wconf 92' lang='lat' dir='ltr'><strong>ut</strong></span> <span class='ocrx_word' id='word_1_101' title='bbox 676 728 776 760; x_wconf 87' lang='lat' dir='ltr'><strong>adulti,</strong></span> <span class='ocrx_word' id='word_1_102' title='bbox 801 727 848 756; x_wconf 81' lang='lat' dir='ltr'><strong>sed</strong></span> <span class='ocrx_word' id='word_1_103' title='bbox 865 727 1008 755; x_wconf 85' lang='lat' dir='ltr'><strong>moderate</strong></span> 
     </span>
    </p>
   </div>
   <div class='ocr_carea' id='block_1_17' title="bbox 206 772 1006 812">
    <p class='ocr_par' dir='ltr' id='par_1_17' title="bbox 206 772 1006 812">
     <span class='ocr_line' id='line_1_17' title="bbox 206 772 1006 812; baseline -0.006 -8"><span class='ocrx_word' id='word_1_104' title='bbox 206 776 371 812; x_wconf 86' lang='lat' dir='ltr'><strong>puniuntur.</strong></span> <span class='ocrx_word' id='word_1_105' title='bbox 395 775 509 808; x_wconf 78' lang='lat' dir='ltr'><strong>Quaeras</strong></span> <span class='ocrx_word' id='word_1_106' title='bbox 532 782 599 802; x_wconf 85' lang='lat' dir='ltr'><strong>vero</strong></span> <span class='ocrx_word' id='word_1_107' title='bbox 611 774 659 802; x_wconf 89' lang='lat' dir='ltr'><strong>lib.</strong></span> <span class='ocrx_word' id='word_1_108' title='bbox 671 781 755 807; x_wconf 78' lang='lat' dir='ltr'><strong>xxxv,</strong></span> <span class='ocrx_word' id='word_1_109' title='bbox 773 772 816 800; x_wconf 91' lang='lat' dir='ltr'><strong>tit.</strong></span> <span class='ocrx_word' id='word_1_110' title='bbox 843 772 888 806; x_wconf 80' lang='grc'>16,</span> <span class='ocrx_word' id='word_1_111' title='bbox 905 780 963 808; x_wconf 88' lang='lat' dir='ltr'><strong>cap.</strong></span> <span class='ocrx_word' id='word_1_112' title='bbox 980 773 1006 806; x_wconf 75' lang='grc' dir='ltr'><strong>ί,</strong></span> 
     </span>
    </p>
   </div>
   <div class='ocr_carea' id='block_1_18' title="bbox 208 818 1009 855">
    <p class='ocr_par' dir='ltr' id='par_1_18' title="bbox 208 818 1009 855">
     <span class='ocr_line' id='line_1_18' title="bbox 208 818 1009 855; baseline -0.004 -6"><span class='ocrx_word' id='word_1_113' title='bbox 208 822 300 850; x_wconf 85' lang='lat' dir='ltr'><strong>thema</strong></span> <span class='ocrx_word' id='word_1_114' title='bbox 321 821 386 854; x_wconf 84' lang='lat' dir='ltr'><strong>ult.,</strong></span> <span class='ocrx_word' id='word_1_115' title='bbox 400 825 428 848; x_wconf 91' lang='lat' dir='ltr'><strong>et</strong></span> <span class='ocrx_word' id='word_1_116' title='bbox 443 821 492 848; x_wconf 89' lang='lat' dir='ltr'><strong>lib.</strong></span> <span class='ocrx_word' id='word_1_117' title='bbox 510 828 554 853; x_wconf 76' lang='grc' dir='ltr'><strong>ιι,</strong></span> <span class='ocrx_word' id='word_1_118' title='bbox 572 821 616 848; x_wconf 89' lang='lat' dir='ltr'><strong>tit.</strong></span> <span class='ocrx_word' id='word_1_119' title='bbox 634 820 679 853; x_wconf 76' lang='lat'><strong>50,</strong></span> <span class='ocrx_word' id='word_1_120' title='bbox 695 827 757 855; x_wconf 86' lang='lat' dir='ltr'><strong>cap.</strong></span> <span class='ocrx_word' id='word_1_121' title='bbox 773 819 817 853; x_wconf 79' lang='grc'><strong>15,</strong></span> <span class='ocrx_word' id='word_1_122' title='bbox 834 819 925 847; x_wconf 87' lang='lat' dir='ltr'><strong>thema</strong></span> <span class='ocrx_word' id='word_1_123' title='bbox 938 818 967 852; x_wconf 81' lang='lat'><strong>2,</strong></span> <span class='ocrx_word' id='word_1_124' title='bbox 981 822 1009 846; x_wconf 91' lang='lat' dir='ltr'><strong>et</strong></span> 
     </span>
    </p>
   </div>
   <div class='ocr_carea' id='block_1_19' title="bbox 208 866 563 902">
    <p class='ocr_par' dir='ltr' id='par_1_19' title="bbox 208 866 563 902">
     <span class='ocr_line' id='line_1_19' title="bbox 208 866 563 902; baseline -0.003 -7"><span class='ocrx_word' id='word_1_125' title='bbox 208 867 257 896; x_wconf 91' lang='lat' dir='ltr'><strong>lib.</strong></span> <span class='ocrx_word' id='word_1_126' title='bbox 273 875 304 901; x_wconf 89' lang='lat' dir='ltr'><strong>ll,</strong></span> <span class='ocrx_word' id='word_1_127' title='bbox 322 867 364 895; x_wconf 89' lang='lat' dir='ltr'><strong>tit.</strong></span> <span class='ocrx_word' id='word_1_128' title='bbox 379 867 406 898; x_wconf 79' lang='lat'><strong>5,</strong></span> <span class='ocrx_word' id='word_1_129' title='bbox 422 874 482 902; x_wconf 76' lang='lat' dir='ltr'><strong>Cap.</strong></span> <span class='ocrx_word' id='word_1_130' title='bbox 499 866 563 894; x_wconf 69' lang='lat'><strong>108.</strong></span> 
     </span>
    </p>
   </div>
   <div class='ocr_carea' id='block_1_20' title="bbox 240 910 1045 946">
    <p class='ocr_par' dir='ltr' id='par_1_20' title="bbox 240 910 1045 946">
     <span class='ocr_line' id='line_1_20' title="bbox 240 910 1045 946; baseline -0.007 -4"><span class='ocrx_word' id='word_1_131' title='bbox 240 914 318 942; x_wconf 77' lang='lat' dir='ltr'><strong>CAP.</strong></span> <span class='ocrx_word' id='word_1_132' title='bbox 330 913 444 942; x_wconf 77' lang='lat' dir='ltr'><strong>XlV&#39;.—</strong></span> <span class='ocrx_word' id='word_1_133' title='bbox 460 913 576 946; x_wconf 85' lang='lat' dir='ltr'><strong>Quinam</strong></span> <span class='ocrx_word' id='word_1_134' title='bbox 591 912 775 940; x_wconf 67' lang='lat' dir='ltr'><strong>haereticorum</strong></span> <span class='ocrx_word' id='word_1_135' title='bbox 789 914 824 939; x_wconf 82' lang='lat' dir='ltr'><strong>ad</strong></span> <span class='ocrx_word' id='word_1_136' title='bbox 832 910 1008 938; x_wconf 66' lang='lat' dir='ltr'><strong>orthodoxam</strong></span> <span class='ocrx_word' id='word_1_137' title='bbox 1024 912 1045 940; x_wconf 79' lang='grc' dir='ltr'><strong><em>Β</em></strong></span> 
     </span>
    </p>
   </div>
   <div class='ocr_carea' id='block_1_21' title="bbox 209 959 1008 998">
    <p class='ocr_par' dir='ltr' id='par_1_21' title="bbox 209 959 1008 998">
     <span class='ocr_line' id='line_1_21' title="bbox 209 959 1008 998; baseline -0.006 -10"><span class='ocrx_word' id='word_1_138' title='bbox 209 960 290 998; x_wconf 79' lang='lat' dir='ltr'><strong>ﬁdem</strong></span> <span class='ocrx_word' id='word_1_139' title='bbox 319 964 488 988; x_wconf 74' lang='lat' dir='ltr'><strong>transeuntes</strong></span> <span class='ocrx_word' id='word_1_140' title='bbox 515 959 695 995; x_wconf 74' lang='lat' dir='ltr'><strong>baptizentur,</strong></span> <span class='ocrx_word' id='word_1_141' title='bbox 722 963 747 987; x_wconf 91' lang='lat' dir='ltr'><strong>et</strong></span> <span class='ocrx_word' id='word_1_142' title='bbox 762 959 873 994; x_wconf 85' lang='lat' dir='ltr'><strong>quinam</strong></span> <span class='ocrx_word' id='word_1_143' title='bbox 890 961 1008 985; x_wconf 85' lang='lat' dir='ltr'><strong>tantum-</strong></span> 
     </span>
    </p>
   </div>
   <div class='ocr_carea' id='block_1_22' title="bbox 211 1007 452 1042">
    <p class='ocr_par' dir='ltr' id='par_1_22' title="bbox 211 1007 452 1042">
     <span class='ocr_line' id='line_1_22' title="bbox 211 1007 452 1042; baseline -0.008 -7"><span class='ocrx_word' id='word_1_144' title='bbox 211 1007 288 1035; x_wconf 86' lang='lat' dir='ltr'><strong>modo</strong></span> <span class='ocrx_word' id='word_1_145' title='bbox 305 1011 452 1042; x_wconf 78' lang='lat' dir='ltr'><strong>unguntur.</strong></span> 
     </span>
    </p>
   </div>
   <div class='ocr_carea' id='block_1_23' title="bbox 247 1049 1008 1086">
    <p class='ocr_par' dir='ltr' id='par_1_23' title="bbox 247 1049 1008 1086">
     <span class='ocr_line' id='line_1_23' title="bbox 247 1049 1008 1086; baseline -0.005 -6"><span class='ocrx_word' id='word_1_146' title='bbox 247 1053 363 1081; x_wconf 85' lang='lat' dir='ltr'><strong>Coneilii</strong></span> <span class='ocrx_word' id='word_1_147' title='bbox 379 1051 483 1080; x_wconf 66' lang='lat' dir='ltr'><strong>Nicaani</strong></span> <span class='ocrx_word' id='word_1_148' title='bbox 500 1059 590 1080; x_wconf 84' lang='lat' dir='ltr'><strong>canon</strong></span> <span class='ocrx_word' id='word_1_149' title='bbox 606 1051 656 1086; x_wconf 69' lang='lat'><strong>19;</strong></span> <span class='ocrx_word' id='word_1_150' title='bbox 672 1050 783 1079; x_wconf 89' lang='lat' dir='ltr'><strong>concilii</strong></span> <span class='ocrx_word' id='word_1_151' title='bbox 800 1049 949 1078; x_wconf 83' lang='lat' dir='ltr'><strong>Laodiceni</strong></span> <span class='ocrx_word' id='word_1_152' title='bbox 962 1057 1008 1077; x_wconf 87' lang='lat' dir='ltr'><strong>ca-</strong></span> 
     </span>
    </p>
   </div>
   <div class='ocr_carea' id='block_1_24' title="bbox 211 1094 1007 1132">
    <p class='ocr_par' dir='ltr' id='par_1_24' title="bbox 211 1094 1007 1132">
     <span class='ocr_line' id='line_1_24' title="bbox 211 1094 1007 1132; baseline -0.008 -5"><span class='ocrx_word' id='word_1_153' title='bbox 211 1106 267 1127; x_wconf 87' lang='lat' dir='ltr'><strong>non</strong></span> <span class='ocrx_word' id='word_1_154' title='bbox 279 1099 307 1132; x_wconf 82' lang='lat'><strong>7,</strong></span> <span class='ocrx_word' id='word_1_155' title='bbox 323 1099 362 1132; x_wconf 89' lang='lat'><strong>8;</strong></span> <span class='ocrx_word' id='word_1_156' title='bbox 389 1098 500 1126; x_wconf 88' lang='lat' dir='ltr'><strong>concilii</strong></span> <span class='ocrx_word' id='word_1_157' title='bbox 527 1096 827 1132; x_wconf 82' lang='lat' dir='ltr'><strong>Constantinopolitani</strong></span> <span class='ocrx_word' id='word_1_158' title='bbox 857 1103 947 1123; x_wconf 87' lang='lat' dir='ltr'><strong>canon</strong></span> <span class='ocrx_word' id='word_1_159' title='bbox 974 1094 1007 1128; x_wconf 83' lang='lat'><strong>7;</strong></span> 
     </span>
    </p>
   </div>
   <div class='ocr_carea' id='block_1_25' title="bbox 214 1141 1012 1177">
    <p class='ocr_par' dir='ltr' id='par_1_25' title="bbox 214 1141 1012 1177">
     <span class='ocr_line' id='line_1_25' title="bbox 214 1141 1012 1177; baseline -0.005 -4"><span class='ocrx_word' id='word_1_160' title='bbox 214 1145 325 1174; x_wconf 89' lang='lat' dir='ltr'><strong>concilii</strong></span> <span class='ocrx_word' id='word_1_161' title='bbox 349 1145 420 1173; x_wconf 81' lang='lat' dir='ltr'><strong>sexti</strong></span> <span class='ocrx_word' id='word_1_162' title='bbox 443 1152 534 1172; x_wconf 87' lang='lat' dir='ltr'><strong>canon</strong></span> <span class='ocrx_word' id='word_1_163' title='bbox 557 1144 614 1177; x_wconf 86' lang='lat'><strong>95;</strong></span> <span class='ocrx_word' id='word_1_164' title='bbox 642 1143 752 1172; x_wconf 84' lang='lat' dir='ltr'><strong>concilii</strong></span> <span class='ocrx_word' id='word_1_165' title='bbox 774 1142 878 1170; x_wconf 62' lang='lat' dir='ltr'><strong>Nicaeni</strong></span> <span class='ocrx_word' id='word_1_166' title='bbox 898 1141 1012 1170; x_wconf 85' lang='lat' dir='ltr'><strong>secundi</strong></span> 
     </span>
    </p>
   </div>
   <div class='ocr_carea' id='block_1_26' title="bbox 214 1192 651 1223">
    <p class='ocr_par' dir='ltr' id='par_1_26' title="bbox 214 1192 651 1223">
     <span class='ocr_line' id='line_1_26' title="bbox 214 1192 651 1223; baseline -0.002 -3"><span class='ocrx_word' id='word_1_167' title='bbox 214 1200 303 1223; x_wconf 85' lang='lat' dir='ltr'><strong>canon</strong></span> <span class='ocrx_word' id='word_1_168' title='bbox 319 1192 354 1221; x_wconf 72' lang='grc'><strong>18</strong></span> <span class='ocrx_word' id='word_1_169' title='bbox 371 1202 378 1221; x_wconf 89' lang='lat'>:</span> <span class='ocrx_word' id='word_1_170' title='bbox 394 1192 488 1221; x_wconf 80' lang='lat' dir='ltr'><strong>Basilii</strong></span> <span class='ocrx_word' id='word_1_171' title='bbox 499 1200 589 1220; x_wconf 87' lang='lat' dir='ltr'><strong>canon</strong></span> <span class='ocrx_word' id='word_1_172' title='bbox 604 1192 651 1220; x_wconf 64' lang='lat'><strong>67.</strong></span> 
     </span>
    </p>
   </div>
   <div class='ocr_carea' id='block_1_27' title="bbox 254 1238 1015 1276">
    <p class='ocr_par' dir='ltr' id='par_1_27' title="bbox 254 1238 1015 1276">
     <span class='ocr_line' id='line_1_27' title="bbox 254 1238 1015 1276; baseline 0 -7"><span class='ocrx_word' id='word_1_173' title='bbox 254 1240 331 1269; x_wconf 81' lang='lat' dir='ltr'><strong>CAP.</strong></span> <span class='ocrx_word' id='word_1_174' title='bbox 350 1239 411 1268; x_wconf 78' lang='lat' dir='ltr'><strong>XV.</strong></span> <span class='ocrx_word' id='word_1_175' title='bbox 424 1254 459 1260; x_wconf 93' lang='lat'><strong>—</strong></span> <span class='ocrx_word' id='word_1_176' title='bbox 483 1238 622 1273; x_wconf 84' lang='lat' dir='ltr'><strong>Quomodo</strong></span> <span class='ocrx_word' id='word_1_177' title='bbox 637 1239 756 1267; x_wconf 62' lang='lat' dir='ltr'><strong>damon:</strong></span> <span class='ocrx_word' id='word_1_178' title='bbox 772 1241 905 1276; x_wconf 69' lang='lat' dir='ltr'><strong>obsessus,</strong></span> <span class='ocrx_word' id='word_1_179' title='bbox 917 1246 963 1269; x_wconf 79' lang='lat' dir='ltr'><strong>aut</strong></span> <span class='ocrx_word' id='word_1_180' title='bbox 986 1240 1015 1269; x_wconf 78' lang='lat' dir='ltr'><strong>in</strong></span> 
     </span>
    </p>
   </div>
   <div class='ocr_carea' id='block_1_28' title="bbox 219 1285 710 1320">
    <p class='ocr_par' dir='ltr' id='par_1_28' title="bbox 219 1285 710 1320">
     <span class='ocr_line' id='line_1_28' title="bbox 219 1285 710 1320; baseline -0.002 -6"><span class='ocrx_word' id='word_1_181' title='bbox 219 1286 310 1314; x_wconf 86' lang='lat' dir='ltr'><strong>morbo</strong></span> <span class='ocrx_word' id='word_1_182' title='bbox 327 1291 413 1315; x_wconf 78' lang='lat' dir='ltr'><strong>mente</strong></span> <span class='ocrx_word' id='word_1_183' title='bbox 429 1291 533 1320; x_wconf 68' lang='lat' dir='ltr'><strong>captata,</strong></span> <span class='ocrx_word' id='word_1_184' title='bbox 550 1285 710 1320; x_wconf 70' lang='lat' dir='ltr'><strong>baptizatur.</strong></span> 
     </span>
    </p>
   </div>
   <div class='ocr_carea' id='block_1_29' title="bbox 256 1332 609 1365">
    <p class='ocr_par' dir='ltr' id='par_1_29' title="bbox 256 1332 609 1365">
     <span class='ocr_line' id='line_1_29' title="bbox 256 1332 609 1365; baseline -0.003 -5"><span class='ocrx_word' id='word_1_185' title='bbox 256 1332 393 1360; x_wconf 88' lang='lat' dir='ltr'><strong>Timothei</strong></span> <span class='ocrx_word' id='word_1_186' title='bbox 411 1339 500 1360; x_wconf 85' lang='lat' dir='ltr'><strong>canon</strong></span> <span class='ocrx_word' id='word_1_187' title='bbox 511 1332 540 1365; x_wconf 79' lang='lat'><strong>‘2,</strong></span> <span class='ocrx_word' id='word_1_188' title='bbox 555 1332 582 1359; x_wconf 67' lang='grc' dir='ltr'><strong>Δ.</strong></span> <span class='ocrx_word' id='word_1_189' title='bbox 594 1334 609 1363; x_wconf 68' lang='lat' dir='ltr'><strong>la</strong></span> 
     </span>
    </p>
   </div>
   <div class='ocr_carea' id='block_1_30' title="bbox 256 1376 1017 1410">
    <p class='ocr_par' dir='ltr' id='par_1_30' title="bbox 256 1376 1017 1410">
     <span class='ocr_line' id='line_1_30' title="bbox 256 1376 1017 1410; baseline 0.003 -5"><span class='ocrx_word' id='word_1_190' title='bbox 256 1377 335 1406; x_wconf 80' lang='lat' dir='ltr'><strong>CAP.</strong></span> <span class='ocrx_word' id='word_1_191' title='bbox 352 1376 422 1404; x_wconf 84' lang='lat' dir='ltr'><strong>XVI.</strong></span> <span class='ocrx_word' id='word_1_192' title='bbox 434 1392 470 1398; x_wconf 91' lang='lat'><strong><em>—</em></strong></span> <span class='ocrx_word' id='word_1_193' title='bbox 482 1377 560 1410; x_wconf 82' lang='lat' dir='ltr'><strong>Quod</strong></span> <span class='ocrx_word' id='word_1_194' title='bbox 581 1385 633 1404; x_wconf 87' lang='lat' dir='ltr'><strong>non</strong></span> <span class='ocrx_word' id='word_1_195' title='bbox 650 1378 787 1405; x_wconf 70' lang='lat' dir='ltr'><strong>concutiat</strong></span> <span class='ocrx_word' id='word_1_196' title='bbox 804 1377 941 1407; x_wconf 80' lang='lat' dir='ltr'><strong>mulierem</strong></span> <span class='ocrx_word' id='word_1_197' title='bbox 951 1383 1017 1407; x_wconf 82' lang='lat' dir='ltr'><strong>tem-</strong></span> 
     </span>
    </p>
   </div>
   <div class='ocr_carea' id='block_1_31' title="bbox 220 1423 696 1460">
    <p class='ocr_par' dir='ltr' id='par_1_31' title="bbox 220 1423 696 1460">
     <span class='ocr_line' id='line_1_31' title="bbox 220 1423 696 1460; baseline 0 -8"><span class='ocrx_word' id='word_1_198' title='bbox 220 1431 284 1460; x_wconf 88' lang='lat' dir='ltr'><strong>pore</strong></span> <span class='ocrx_word' id='word_1_199' title='bbox 294 1424 464 1460; x_wconf 78' lang='lat' dir='ltr'><strong>purgationis</strong></span> <span class='ocrx_word' id='word_1_200' title='bbox 477 1431 533 1451; x_wconf 67' lang='lat' dir='ltr'><strong>sua:</strong></span> <span class='ocrx_word' id='word_1_201' title='bbox 551 1423 696 1459; x_wconf 71' lang='lat' dir='ltr'><strong>baptizari.</strong></span> 
     </span>
    </p>
   </div>
   <div class='ocr_carea' id='block_1_32' title="bbox 259 1518 547 1547">
    <p class='ocr_par' dir='ltr' id='par_1_32' title="bbox 259 1518 547 1547">
     <span class='ocr_line' id='line_1_32' title="bbox 259 1518 547 1547; baseline 0 0"><span class='ocrx_word' id='word_1_202' title='bbox 259 1518 397 1547; x_wconf 88' lang='lat' dir='ltr'><strong>Timothei</strong></span> <span class='ocrx_word' id='word_1_203' title='bbox 414 1526 503 1547; x_wconf 86' lang='lat' dir='ltr'><strong>canon</strong></span> <span class='ocrx_word' id='word_1_204' title='bbox 519 1519 547 1547; x_wconf 74' lang='lat'><strong>6.</strong></span> 
     </span>
    </p>
   </div>
   <div class='ocr_carea' id='block_1_33' title="bbox 259 1564 1021 1600">
    <p class='ocr_par' dir='ltr' id='par_1_33' title="bbox 259 1564 1021 1600">
     <span class='ocr_line' id='line_1_33' title="bbox 259 1564 1021 1600; baseline 0 -7"><span class='ocrx_word' id='word_1_205' title='bbox 259 1564 341 1593; x_wconf 80' lang='lat' dir='ltr'><strong>CAP.</strong></span> <span class='ocrx_word' id='word_1_206' title='bbox 358 1564 440 1593; x_wconf 78' lang='lat' dir='ltr'><strong>XVII.</strong></span> <span class='ocrx_word' id='word_1_207' title='bbox 457 1579 493 1585; x_wconf 88' lang='lat'><strong>—-</strong></span> <span class='ocrx_word' id='word_1_208' title='bbox 510 1564 541 1592; x_wconf 87' lang='lat' dir='ltr'><strong>Si</strong></span> <span class='ocrx_word' id='word_1_209' title='bbox 558 1565 604 1600; x_wconf 86' lang='lat' dir='ltr'><strong>qui</strong></span> <span class='ocrx_word' id='word_1_210' title='bbox 618 1565 645 1592; x_wconf 88' lang='lat' dir='ltr'><strong>in</strong></span> <span class='ocrx_word' id='word_1_211' title='bbox 661 1564 714 1600; x_wconf 79' lang='lat' dir='ltr'><strong>ﬁde</strong></span> <span class='ocrx_word' id='word_1_212' title='bbox 728 1564 880 1592; x_wconf 64' lang='lat' dir='ltr'><strong>instituitur</strong></span> <span class='ocrx_word' id='word_1_213' title='bbox 891 1570 953 1593; x_wconf 78' lang='lat' dir='ltr'><strong>ante</strong></span> <span class='ocrx_word' id='word_1_214' title='bbox 973 1565 1021 1593; x_wconf 82' lang='lat' dir='ltr'><strong>ba-</strong></span> 
     </span>
    </p>
   </div>
   <div class='ocr_carea' id='block_1_34' title="bbox 225 1608 612 1643">
    <p class='ocr_par' dir='ltr' id='par_1_34' title="bbox 225 1608 612 1643">
     <span class='ocr_line' id='line_1_34' title="bbox 225 1608 612 1643; baseline 0.003 -7"><span class='ocrx_word' id='word_1_215' title='bbox 225 1608 353 1643; x_wconf 75' lang='lat' dir='ltr'><strong>ptismum</strong></span> <span class='ocrx_word' id='word_1_216' title='bbox 365 1609 612 1638; x_wconf 81' lang='lat' dir='ltr'><strong>communicaverit.</strong></span> 
     </span>
    </p>
   </div>
   <div class='ocr_carea' id='block_1_35' title="bbox 264 1653 549 1684">
    <p class='ocr_par' dir='ltr' id='par_1_35' title="bbox 264 1653 549 1684">
     <span class='ocr_line' id='line_1_35' title="bbox 264 1653 549 1684; baseline 0 -2"><span class='ocrx_word' id='word_1_217' title='bbox 264 1653 404 1683; x_wconf 89' lang='lat' dir='ltr'><strong>Timothei</strong></span> <span class='ocrx_word' id='word_1_218' title='bbox 420 1662 510 1684; x_wconf 90' lang='lat' dir='ltr'><strong>canon</strong></span> <span class='ocrx_word' id='word_1_219' title='bbox 522 1655 549 1682; x_wconf 85' lang='grc'><strong>1.</strong></span> 
     </span>
    </p>
   </div>
   <div class='ocr_carea' id='block_1_36' title="bbox 1051 262 1850 300">
    <p class='ocr_par' dir='ltr' id='par_1_36' title="bbox 1051 262 1850 300">
     <span class='ocr_line' id='line_1_36' title="bbox 1051 262 1850 300; baseline 0.004 -9"><span class='ocrx_word' id='word_1_220' title='bbox 1051 264 1092 300; x_wconf 78' lang='grc' dir='ltr'><strong>τῷ</strong></span> <span class='ocrx_word' id='word_1_221' title='bbox 1104 263 1260 300; x_wconf 76' lang='grc' dir='ltr'><strong>ἐγκλήματι</strong></span> <span class='ocrx_word' id='word_1_222' title='bbox 1271 262 1318 291; x_wconf 79' lang='grc' dir='ltr'><strong>τοῦ</strong></span> <span class='ocrx_word' id='word_1_223' title='bbox 1329 262 1450 291; x_wconf 77' lang='grc' dir='ltr'>πλαστοῦ</span> <span class='ocrx_word' id='word_1_224' title='bbox 1461 263 1507 291; x_wconf 80' lang='grc' dir='ltr'>τὸν</span> <span class='ocrx_word' id='word_1_225' title='bbox 1515 263 1615 300; x_wconf 69' lang='grc' dir='ltr'>ἥττονα</span> <span class='ocrx_word' id='word_1_226' title='bbox 1620 263 1669 291; x_wconf 78' lang='grc' dir='ltr'><strong>τοῦ</strong></span> <span class='ocrx_word' id='word_1_227' title='bbox 1679 263 1704 297; x_wconf 78' lang='grc' dir='ltr'><strong>ζ’</strong></span> <span class='ocrx_word' id='word_1_228' title='bbox 1712 265 1850 294; x_wconf 59' lang='lat' dir='ltr'><strong>immoti.</strong></span> 
     </span>
    </p>
   </div>
   <div class='ocr_carea' id='block_1_37' title="bbox 1058 308 1852 348">
    <p class='ocr_par' dir='ltr' id='par_1_37' title="bbox 1058 308 1852 348">
     <span class='ocr_line' id='line_1_37' title="bbox 1058 308 1852 348; baseline 0.004 -10"><span class='ocrx_word' id='word_1_229' title='bbox 1058 309 1141 338; x_wconf 79' lang='grc' dir='ltr'>Ἀλλὰ</span> <span class='ocrx_word' id='word_1_230' title='bbox 1165 310 1214 338; x_wconf 80' lang='grc' dir='ltr'>καὶ</span> <span class='ocrx_word' id='word_1_231' title='bbox 1234 310 1265 337; x_wconf 81' lang='grc' dir='ltr'><strong>τὸ</strong></span> <span class='ocrx_word' id='word_1_232' title='bbox 1291 308 1318 346; x_wconf 88' lang='grc' dir='ltr'><strong>μ’</strong></span> <span class='ocrx_word' id='word_1_233' title='bbox 1342 318 1408 346; x_wconf 86' lang='grc' dir='ltr'>κεφ.</span> <span class='ocrx_word' id='word_1_234' title='bbox 1428 309 1476 337; x_wconf 76' lang='grc' dir='ltr'><strong>τοῦ</strong></span> <span class='ocrx_word' id='word_1_235' title='bbox 1504 309 1544 343; x_wconf 80' lang='grc' dir='ltr'><strong>λζ’</strong></span> <span class='ocrx_word' id='word_1_236' title='bbox 1557 309 1612 339; x_wconf 69' lang='lat' dir='ltr'><strong>cit.</strong></span> <span class='ocrx_word' id='word_1_237' title='bbox 1632 310 1685 339; x_wconf 55' lang='grc' dir='ltr'><strong>τοῦ</strong></span> <span class='ocrx_word' id='word_1_238' title='bbox 1705 309 1727 344; x_wconf 77' lang='grc' dir='ltr'><strong>ξ’</strong></span> <span class='ocrx_word' id='word_1_239' title='bbox 1747 311 1852 348; x_wconf 73' lang='grc' dir='ltr'>βιϐλίου</span> 
     </span>
    </p>
   </div>
   <div class='ocr_carea' id='block_1_38' title="bbox 1053 356 1853 394">
    <p class='ocr_par' dir='ltr' id='par_1_38' title="bbox 1053 356 1853 394">
     <span class='ocr_line' id='line_1_38' title="bbox 1053 356 1853 394; baseline 0 -9"><span class='ocrx_word' id='word_1_240' title='bbox 1053 357 1141 390; x_wconf 75' lang='grc' dir='ltr'>οὕτως</span> <span class='ocrx_word' id='word_1_241' title='bbox 1157 357 1329 393; x_wconf 81' lang='grc' dir='ltr'>ἐρμήνευσον</span> <span class='ocrx_word' id='word_1_242' title='bbox 1339 365 1347 373; x_wconf 89' lang='grc'><strong>·</strong></span> <span class='ocrx_word' id='word_1_243' title='bbox 1360 356 1392 384; x_wconf 72' lang='grc' dir='ltr'><strong>τὸ</strong></span> <span class='ocrx_word' id='word_1_244' title='bbox 1410 357 1466 392; x_wconf 84' lang='grc' dir='ltr'><strong>γὰρ</strong></span> <span class='ocrx_word' id='word_1_245' title='bbox 1483 357 1554 393; x_wconf 79' lang='grc' dir='ltr'><strong>μετὰ</strong></span> <span class='ocrx_word' id='word_1_246' title='bbox 1567 357 1617 394; x_wconf 76' lang='grc' dir='ltr'><strong>τὴν</strong></span> <span class='ocrx_word' id='word_1_247' title='bbox 1638 356 1719 394; x_wconf 73' lang='grc' dir='ltr'>ὕϐριν</span> <span class='ocrx_word' id='word_1_248' title='bbox 1739 358 1853 386; x_wconf 77' lang='grc' dir='ltr'>ὑποκεῖ-</span> 
     </span>
    </p>
   </div>
   <div class='ocr_carea' id='block_1_39' title="bbox 1055 403 1853 440">
    <p class='ocr_par' dir='ltr' id='par_1_39' title="bbox 1055 403 1853 440">
     <span class='ocr_line' id='line_1_39' title="bbox 1055 403 1853 440; baseline 0.001 -9"><span class='ocrx_word' id='word_1_249' title='bbox 1055 404 1117 431; x_wconf 83' lang='grc' dir='ltr'>σθαι</span> <span class='ocrx_word' id='word_1_250' title='bbox 1128 404 1174 431; x_wconf 74' lang='grc' dir='ltr'><strong>τὸν</strong></span> <span class='ocrx_word' id='word_1_251' title='bbox 1185 404 1247 431; x_wconf 80' lang='grc' dir='ltr'>νέον</span> <span class='ocrx_word' id='word_1_252' title='bbox 1261 403 1299 439; x_wconf 80' lang='grc' dir='ltr'><strong>τῷ</strong></span> <span class='ocrx_word' id='word_1_253' title='bbox 1320 403 1385 438; x_wconf 83' lang='grc' dir='ltr'><strong>περὶ</strong></span> <span class='ocrx_word' id='word_1_254' title='bbox 1399 403 1523 439; x_wconf 79' lang='grc' dir='ltr'><strong>μοιχείας</strong></span> <span class='ocrx_word' id='word_1_255' title='bbox 1538 403 1708 440; x_wconf 78' lang='grc' dir='ltr'>ἐγκλήματι,</span> <span class='ocrx_word' id='word_1_256' title='bbox 1731 403 1853 432; x_wconf 69' lang='grc' dir='ltr'>τοιοῦτον</span> 
     </span>
    </p>
   </div>
   <div class='ocr_carea' id='block_1_40' title="bbox 1055 449 1853 487">
    <p class='ocr_par' dir='ltr' id='par_1_40' title="bbox 1055 449 1853 487">
     <span class='ocr_line' id='line_1_40' title="bbox 1055 449 1853 487; baseline 0.001 -10"><span class='ocrx_word' id='word_1_257' title='bbox 1055 451 1129 478; x_wconf 69' lang='grc' dir='ltr'>ἐστιν</span> <span class='ocrx_word' id='word_1_258' title='bbox 1154 451 1239 486; x_wconf 74' lang='grc' dir='ltr'>ἤγουν</span> <span class='ocrx_word' id='word_1_259' title='bbox 1263 449 1293 477; x_wconf 85' lang='grc' dir='ltr'>τδ</span> <span class='ocrx_word' id='word_1_260' title='bbox 1314 449 1457 485; x_wconf 75' lang='grc' dir='ltr'>ἐνέχεσθαι</span> <span class='ocrx_word' id='word_1_261' title='bbox 1480 449 1564 477; x_wconf 78' lang='grc' dir='ltr'>αὐτὸν</span> <span class='ocrx_word' id='word_1_262' title='bbox 1588 449 1805 487; x_wconf 74' lang='grc' dir='ltr'><strong>πλημμελοῦντα</strong></span> <span class='ocrx_word' id='word_1_263' title='bbox 1822 451 1853 478; x_wconf 85' lang='grc' dir='ltr'>οὺ</span> 
     </span>
    </p>
   </div>
   <div class='ocr_carea' id='block_1_41' title="bbox 1058 495 1854 532">
    <p class='ocr_par' dir='ltr' id='par_1_41' title="bbox 1058 495 1854 532">
     <span class='ocr_line' id='line_1_41' title="bbox 1058 495 1854 532; baseline 0.001 -8"><span class='ocrx_word' id='word_1_264' title='bbox 1058 497 1138 532; x_wconf 87' lang='grc' dir='ltr'>μόνον</span> <span class='ocrx_word' id='word_1_265' title='bbox 1168 496 1198 523; x_wconf 79' lang='grc' dir='ltr'>ὲν</span> <span class='ocrx_word' id='word_1_266' title='bbox 1222 495 1382 532; x_wconf 78' lang='grc' dir='ltr'><strong>ἀνηϐότητι,</strong></span> <span class='ocrx_word' id='word_1_267' title='bbox 1407 495 1475 523; x_wconf 81' lang='grc' dir='ltr'>ἀλλὰ</span> <span class='ocrx_word' id='word_1_268' title='bbox 1492 496 1540 523; x_wconf 80' lang='grc' dir='ltr'>καὶ</span> <span class='ocrx_word' id='word_1_269' title='bbox 1564 497 1636 532; x_wconf 84' lang='grc' dir='ltr'>μετὰ</span> <span class='ocrx_word' id='word_1_270' title='bbox 1653 496 1752 525; x_wconf 81' lang='grc' dir='ltr'><strong>ταῦτα.</strong></span> <span class='ocrx_word' id='word_1_271' title='bbox 1764 497 1811 527; x_wconf 57' lang='lat' dir='ltr'><strong>To.</strong></span> <span class='ocrx_word' id='word_1_272' title='bbox 1825 497 1854 525; x_wconf 81' lang='grc' dir='ltr'>δι</span> 
     </span>
    </p>
   </div>
   <div class='ocr_carea' id='block_1_42' title="bbox 1057 542 1855 579">
    <p class='ocr_par' dir='ltr' id='par_1_42' title="bbox 1057 542 1855 579">
     <span class='ocr_line' id='line_1_42' title="bbox 1057 542 1855 579; baseline 0.001 -10"><span class='ocrx_word' id='word_1_273' title='bbox 1057 543 1122 579; x_wconf 79' lang='grc' dir='ltr'><strong>περὶ</strong></span> <span class='ocrx_word' id='word_1_274' title='bbox 1134 542 1189 570; x_wconf 80' lang='grc' dir='ltr'><strong>τῶν</strong></span> <span class='ocrx_word' id='word_1_275' title='bbox 1204 542 1369 578; x_wconf 82' lang='grc' dir='ltr'>διατροφῶν,</span> <span class='ocrx_word' id='word_1_276' title='bbox 1383 542 1424 569; x_wconf 77' lang='grc' dir='ltr'><strong>ἔτι</strong></span> <span class='ocrx_word' id='word_1_277' title='bbox 1442 543 1518 579; x_wconf 71' lang='grc' dir='ltr'>παρὰ</span> <span class='ocrx_word' id='word_1_278' title='bbox 1529 542 1647 575; x_wconf 80' lang='grc' dir='ltr'>κανόνας</span> <span class='ocrx_word' id='word_1_279' title='bbox 1662 543 1706 571; x_wconf 69' lang='grc' dir='ltr'><strong>διὰ</strong></span> <span class='ocrx_word' id='word_1_280' title='bbox 1721 542 1752 570; x_wconf 74' lang='grc' dir='ltr'>τὸ</span> <span class='ocrx_word' id='word_1_281' title='bbox 1769 543 1855 578; x_wconf 78' lang='grc' dir='ltr'>ἀναγ-</span> 
     </span>
    </p>
   </div>
   <div class='ocr_carea' id='block_1_43' title="bbox 1057 588 1855 625">
    <p class='ocr_par' dir='ltr' id='par_1_43' title="bbox 1057 588 1855 625">
     <span class='ocr_line' id='line_1_43' title="bbox 1057 588 1855 625; baseline 0 -9"><span class='ocrx_word' id='word_1_282' title='bbox 1057 589 1201 617; x_wconf 81' lang='grc' dir='ltr'>καιότατον</span> <span class='ocrx_word' id='word_1_283' title='bbox 1209 589 1265 616; x_wconf 84' lang='grc' dir='ltr'>τῶν</span> <span class='ocrx_word' id='word_1_284' title='bbox 1276 589 1441 625; x_wconf 73' lang='grc' dir='ltr'>δια-τροφῶν,</span> <span class='ocrx_word' id='word_1_285' title='bbox 1452 589 1545 622; x_wconf 89' lang='grc' dir='ltr'>καθὼς</span> <span class='ocrx_word' id='word_1_286' title='bbox 1567 590 1615 616; x_wconf 76' lang='grc' dir='ltr'>καὶ</span> <span class='ocrx_word' id='word_1_287' title='bbox 1626 589 1693 616; x_wconf 76' lang='grc' dir='ltr'><strong>αὐτὸ</strong></span> <span class='ocrx_word' id='word_1_288' title='bbox 1705 589 1735 616; x_wconf 81' lang='grc' dir='ltr'>τὸ</span> <span class='ocrx_word' id='word_1_289' title='bbox 1748 588 1777 616; x_wconf 86' lang='grc' dir='ltr'>ιδ’</span> <span class='ocrx_word' id='word_1_290' title='bbox 1790 598 1855 625; x_wconf 81' lang='grc' dir='ltr'>κεφ.</span> 
     </span>
    </p>
   </div>
   <div class='ocr_carea' id='block_1_44' title="bbox 1058 634 1856 672">
    <p class='ocr_par' dir='ltr' id='par_1_44' title="bbox 1058 634 1856 672">
     <span class='ocr_line' id='line_1_44' title="bbox 1058 634 1856 672; baseline 0 -9"><span class='ocrx_word' id='word_1_291' title='bbox 1058 636 1105 663; x_wconf 79' lang='grc' dir='ltr'><strong>τοῦ</strong></span> <span class='ocrx_word' id='word_1_292' title='bbox 1122 635 1152 663; x_wconf 90' lang='grc' dir='ltr'>ιδ’</span> <span class='ocrx_word' id='word_1_293' title='bbox 1166 635 1220 664; x_wconf 83' lang='grc' dir='ltr'><strong>τίτ.</strong></span> <span class='ocrx_word' id='word_1_294' title='bbox 1235 635 1282 662; x_wconf 82' lang='grc' dir='ltr'><strong>τοῦ</strong></span> <span class='ocrx_word' id='word_1_295' title='bbox 1301 634 1341 671; x_wconf 86' lang='grc' dir='ltr'><strong>μδ’</strong></span> <span class='ocrx_word' id='word_1_296' title='bbox 1358 635 1462 671; x_wconf 79' lang='grc' dir='ltr'>βιϐλίου</span> <span class='ocrx_word' id='word_1_297' title='bbox 1487 636 1580 671; x_wconf 72' lang='grc' dir='ltr'>φησιν,</span> <span class='ocrx_word' id='word_1_298' title='bbox 1594 636 1664 671; x_wconf 84' lang='grc' dir='ltr'><strong>ὅπερ</strong></span> <span class='ocrx_word' id='word_1_299' title='bbox 1678 635 1856 672; x_wconf 81' lang='grc' dir='ltr'><strong>κατεστρώθη</strong></span> 
     </span>
    </p>
   </div>
   <div class='ocr_carea' id='block_1_45' title="bbox 1060 681 1857 718">
    <p class='ocr_par' dir='ltr' id='par_1_45' title="bbox 1060 681 1857 718">
     <span class='ocr_line' id='line_1_45' title="bbox 1060 681 1857 718; baseline 0.003 -10"><span class='ocrx_word' id='word_1_300' title='bbox 1060 681 1188 709; x_wconf 71' lang='grc' dir='ltr'>ἐνταῦθα.</span> <span class='ocrx_word' id='word_1_301' title='bbox 1204 682 1280 718; x_wconf 86' lang='grc' dir='ltr'>Πλὴν</span> <span class='ocrx_word' id='word_1_302' title='bbox 1304 682 1425 716; x_wconf 66' lang='grc' dir='ltr'>γίνωσκε</span> <span class='ocrx_word' id='word_1_303' title='bbox 1448 682 1490 710; x_wconf 82' lang='grc' dir='ltr'><strong>ὅτι</strong></span> <span class='ocrx_word' id='word_1_304' title='bbox 1514 683 1540 709; x_wconf 78' lang='lat' dir='ltr'><strong>oi</strong></span> <span class='ocrx_word' id='word_1_305' title='bbox 1562 682 1679 710; x_wconf 80' lang='grc' dir='ltr'>τοιοῦτοι</span> <span class='ocrx_word' id='word_1_306' title='bbox 1707 682 1804 718; x_wconf 73' lang='grc' dir='ltr'>ἄνηϐοι</span> <span class='ocrx_word' id='word_1_307' title='bbox 1826 684 1857 710; x_wconf 74' lang='grc' dir='ltr'>οὐ</span> 
     </span>
    </p>
   </div>
   <div class='ocr_carea' id='block_1_46' title="bbox 1060 728 1860 765">
    <p class='ocr_par' dir='ltr' id='par_1_46' title="bbox 1060 728 1860 765">
     <span class='ocr_line' id='line_1_46' title="bbox 1060 728 1860 765; baseline 0 -9"><span class='ocrx_word' id='word_1_308' title='bbox 1060 728 1221 760; x_wconf 76' lang='grc' dir='ltr'>κολάζονται</span> <span class='ocrx_word' id='word_1_309' title='bbox 1238 729 1276 761; x_wconf 83' lang='grc' dir='ltr'><strong>ὡς</strong></span> <span class='ocrx_word' id='word_1_310' title='bbox 1300 729 1326 756; x_wconf 82' lang='grc' dir='ltr'>οἱ</span> <span class='ocrx_word' id='word_1_311' title='bbox 1340 729 1450 761; x_wconf 80' lang='grc' dir='ltr'>τέλειοι,</span> <span class='ocrx_word' id='word_1_312' title='bbox 1475 729 1543 756; x_wconf 81' lang='grc' dir='ltr'>ἀλλὰ</span> <span class='ocrx_word' id='word_1_313' title='bbox 1561 729 1680 765; x_wconf 72' lang='grc' dir='ltr'><strong>μετρίως</strong></span> <span class='ocrx_word' id='word_1_314' title='bbox 1706 729 1860 765; x_wconf 84' lang='grc' dir='ltr'>τιμωροῦν-</span> 
     </span>
    </p>
   </div>
   <div class='ocr_carea' id='block_1_47' title="bbox 1060 773 1862 811">
    <p class='ocr_par' dir='ltr' id='par_1_47' title="bbox 1060 773 1862 811">
     <span class='ocr_line' id='line_1_47' title="bbox 1060 773 1862 811; baseline 0.001 -10"><span class='ocrx_word' id='word_1_315' title='bbox 1060 783 1116 801; x_wconf 79' lang='grc' dir='ltr'>ται.</span> <span class='ocrx_word' id='word_1_316' title='bbox 1136 775 1192 801; x_wconf 76' lang='grc' dir='ltr'>Καὶ</span> <span class='ocrx_word' id='word_1_317' title='bbox 1213 773 1290 810; x_wconf 80' lang='grc' dir='ltr'><strong>ζήτει</strong></span> <span class='ocrx_word' id='word_1_318' title='bbox 1311 774 1415 810; x_wconf 80' lang='grc' dir='ltr'>βιὸ).ίον</span> <span class='ocrx_word' id='word_1_319' title='bbox 1434 773 1481 807; x_wconf 72' lang='grc' dir='ltr'>λε’,</span> <span class='ocrx_word' id='word_1_320' title='bbox 1497 775 1550 803; x_wconf 80' lang='grc' dir='ltr'><strong>τίτ.</strong></span> <span class='ocrx_word' id='word_1_321' title='bbox 1567 778 1616 808; x_wconf 79' lang='grc' dir='ltr'>ις’,</span> <span class='ocrx_word' id='word_1_322' title='bbox 1641 783 1704 810; x_wconf 87' lang='grc' dir='ltr'>κεφ.</span> <span class='ocrx_word' id='word_1_323' title='bbox 1728 774 1764 808; x_wconf 86' lang='grc' dir='ltr'>α’,</span> <span class='ocrx_word' id='word_1_324' title='bbox 1789 774 1862 811; x_wconf 80' lang='grc' dir='ltr'>θέμα</span> 
     </span>
    </p>
   </div>
   <div class='ocr_carea' id='block_1_48' title="bbox 1061 819 1862 858">
    <p class='ocr_par' dir='ltr' id='par_1_48' title="bbox 1061 819 1862 858">
     <span class='ocr_line' id='line_1_48' title="bbox 1061 819 1862 858; baseline 0.001 -10"><span class='ocrx_word' id='word_1_325' title='bbox 1061 821 1227 853; x_wconf 79' lang='grc' dir='ltr'>τελευταῖον,</span> <span class='ocrx_word' id='word_1_326' title='bbox 1250 821 1298 848; x_wconf 77' lang='grc' dir='ltr'><strong>καὶ</strong></span> <span class='ocrx_word' id='word_1_327' title='bbox 1315 820 1418 856; x_wconf 79' lang='grc' dir='ltr'>βιϐλίον</span> <span class='ocrx_word' id='word_1_328' title='bbox 1433 820 1464 855; x_wconf 80' lang='grc' dir='ltr'><strong>ξ’,</strong></span> <span class='ocrx_word' id='word_1_329' title='bbox 1482 821 1536 848; x_wconf 83' lang='grc' dir='ltr'><strong>τίτ.</strong></span> <span class='ocrx_word' id='word_1_330' title='bbox 1551 819 1584 854; x_wconf 87' lang='grc' dir='ltr'><strong>ν’,</strong></span> <span class='ocrx_word' id='word_1_331' title='bbox 1602 829 1666 856; x_wconf 84' lang='grc' dir='ltr'><strong>κεφ.</strong></span> <span class='ocrx_word' id='word_1_332' title='bbox 1683 820 1724 855; x_wconf 80' lang='grc' dir='ltr'>ιε’,</span> <span class='ocrx_word' id='word_1_333' title='bbox 1738 821 1810 858; x_wconf 59' lang='lat' dir='ltr'><strong>cepa</strong></span> <span class='ocrx_word' id='word_1_334' title='bbox 1827 820 1862 858; x_wconf 81' lang='grc' dir='ltr'><strong>β’,</strong></span> 
     </span>
    </p>
   </div>
   <div class='ocr_carea' id='block_1_49' title="bbox 1063 865 1540 904">
    <p class='ocr_par' dir='ltr' id='par_1_49' title="bbox 1063 865 1540 904">
     <span class='ocr_line' id='line_1_49' title="bbox 1063 865 1540 904; baseline 0 -9"><span class='ocrx_word' id='word_1_335' title='bbox 1063 867 1110 895; x_wconf 78' lang='grc' dir='ltr'>καὶ</span> <span class='ocrx_word' id='word_1_336' title='bbox 1124 866 1227 902; x_wconf 74' lang='grc' dir='ltr'>βιϐλίον</span> <span class='ocrx_word' id='word_1_337' title='bbox 1243 866 1276 902; x_wconf 86' lang='grc' dir='ltr'><strong>β’,</strong></span> <span class='ocrx_word' id='word_1_338' title='bbox 1288 866 1341 893; x_wconf 82' lang='grc' dir='ltr'><strong>τίτ.</strong></span> <span class='ocrx_word' id='word_1_339' title='bbox 1355 865 1392 901; x_wconf 85' lang='grc' dir='ltr'><strong>γ’,</strong></span> <span class='ocrx_word' id='word_1_340' title='bbox 1408 876 1471 902; x_wconf 75' lang='grc' dir='ltr'>κεφ.</span> <span class='ocrx_word' id='word_1_341' title='bbox 1487 866 1540 904; x_wconf 85' lang='grc' dir='ltr'><strong>ρη⁷.</strong></span> 
     </span>
    </p>
   </div>
   <div class='ocr_carea' id='block_1_50' title="bbox 1095 912 1864 950">
    <p class='ocr_par' dir='ltr' id='par_1_50' title="bbox 1095 912 1864 950">
     <span class='ocr_line' id='line_1_50' title="bbox 1095 912 1864 950; baseline 0.001 -9"><span class='ocrx_word' id='word_1_342' title='bbox 1095 913 1223 942; x_wconf 78' lang='grc' dir='ltr'><strong>ΚΕΦΑΛ.</strong></span> <span class='ocrx_word' id='word_1_343' title='bbox 1238 912 1286 941; x_wconf 66' lang='grc' dir='ltr'><strong>Μ’.</strong></span> <span class='ocrx_word' id='word_1_344' title='bbox 1302 929 1340 934; x_wconf 94' lang='lat'><strong>—</strong></span> <span class='ocrx_word' id='word_1_345' title='bbox 1352 913 1438 947; x_wconf 81' lang='grc' dir='ltr'>Τίνες</span> <span class='ocrx_word' id='word_1_346' title='bbox 1451 913 1486 947; x_wconf 84' lang='grc' dir='ltr'><em>ἐξ</em></span> <span class='ocrx_word' id='word_1_347' title='bbox 1500 913 1657 949; x_wconf 68' lang='grc' dir='ltr'>αἰρετικῶν</span> <span class='ocrx_word' id='word_1_348' title='bbox 1676 915 1721 948; x_wconf 80' lang='grc' dir='ltr'><strong>εις</strong></span> <span class='ocrx_word' id='word_1_349' title='bbox 1739 913 1799 949; x_wconf 77' lang='grc' dir='ltr'><strong>τὴν</strong></span> <span class='ocrx_word' id='word_1_350' title='bbox 1813 915 1864 950; x_wconf 83' lang='lat' dir='ltr'><strong>dp-</strong></span> 
     </span>
    </p>
   </div>
   <div class='ocr_carea' id='block_1_51' title="bbox 1065 960 1867 997">
    <p class='ocr_par' dir='ltr' id='par_1_51' title="bbox 1065 960 1867 997">
     <span class='ocr_line' id='line_1_51' title="bbox 1065 960 1867 997; baseline 0.001 -9"><span class='ocrx_word' id='word_1_351' title='bbox 1065 960 1209 993; x_wconf 75' lang='grc' dir='ltr'>θοδοξίαν</span> <span class='ocrx_word' id='word_1_352' title='bbox 1230 961 1388 996; x_wconf 80' lang='grc' dir='ltr'><strong>μετιόντες</strong></span> <span class='ocrx_word' id='word_1_353' title='bbox 1403 960 1611 994; x_wconf 78' lang='grc' dir='ltr'><strong>βαπτίζονται,</strong></span> <span class='ocrx_word' id='word_1_354' title='bbox 1631 961 1681 989; x_wconf 78' lang='grc' dir='ltr'><strong>καί</strong></span> <span class='ocrx_word' id='word_1_355' title='bbox 1702 962 1786 995; x_wconf 78' lang='grc' dir='ltr'>τινες</span> <span class='ocrx_word' id='word_1_356' title='bbox 1810 963 1867 997; x_wconf 83' lang='grc' dir='ltr'><strong>μό-</strong></span> 
     </span>
    </p>
   </div>
   <div class='ocr_carea' id='block_1_52' title="bbox 1066 1007 1281 1042">
    <p class='ocr_par' dir='ltr' id='par_1_52' title="bbox 1066 1007 1281 1042">
     <span class='ocr_line' id='line_1_52' title="bbox 1066 1007 1281 1042; baseline -0.005 -8"><span class='ocrx_word' id='word_1_357' title='bbox 1066 1015 1123 1034; x_wconf 81' lang='grc' dir='ltr'><strong>νον</strong></span> <span class='ocrx_word' id='word_1_358' title='bbox 1136 1007 1281 1042; x_wconf 80' lang='grc' dir='ltr'>χρίονται.</span> 
     </span>
    </p>
   </div>
   <div class='ocr_carea' id='block_1_53' title="bbox 1104 1053 1867 1088">
    <p class='ocr_par' dir='ltr' id='par_1_53' title="bbox 1104 1053 1867 1088">
     <span class='ocr_line' id='line_1_53' title="bbox 1104 1053 1867 1088; baseline 0.004 -8"><span class='ocrx_word' id='word_1_359' title='bbox 1104 1054 1218 1081; x_wconf 85' lang='grc' dir='ltr'>Συνόδου</span> <span class='ocrx_word' id='word_1_360' title='bbox 1243 1054 1364 1086; x_wconf 78' lang='grc' dir='ltr'>Νικαίας</span> <span class='ocrx_word' id='word_1_361' title='bbox 1385 1053 1477 1082; x_wconf 86' lang='grc' dir='ltr'>κανὼν</span> <span class='ocrx_word' id='word_1_362' title='bbox 1493 1053 1544 1082; x_wconf 78' lang='grc' dir='ltr'>ιθ¹’</span> <span class='ocrx_word' id='word_1_363' title='bbox 1562 1055 1673 1082; x_wconf 84' lang='grc' dir='ltr'>συνόδου</span> <span class='ocrx_word' id='word_1_364' title='bbox 1702 1055 1867 1088; x_wconf 74' lang='grc' dir='ltr'>Λαοδικείας</span> 
     </span>
    </p>
   </div>
   <div class='ocr_carea' id='block_1_54' title="bbox 1069 1098 1867 1134">
    <p class='ocr_par' dir='ltr' id='par_1_54' title="bbox 1069 1098 1867 1134">
     <span class='ocr_line' id='line_1_54' title="bbox 1069 1098 1867 1134; baseline 0.001 -7"><span class='ocrx_word' id='word_1_365' title='bbox 1069 1099 1161 1128; x_wconf 85' lang='grc' dir='ltr'>κανὼν</span> <span class='ocrx_word' id='word_1_366' title='bbox 1191 1098 1225 1132; x_wconf 71' lang='grc' dir='ltr'><strong>ζ’,</strong></span> <span class='ocrx_word' id='word_1_367' title='bbox 1245 1098 1271 1134; x_wconf 89' lang='grc' dir='ltr'><strong>η’</strong></span> <span class='ocrx_word' id='word_1_368' title='bbox 1282 1108 1289 1116; x_wconf 82' lang='grc'><strong><em>⁸</em></strong></span> <span class='ocrx_word' id='word_1_369' title='bbox 1307 1100 1418 1128; x_wconf 83' lang='grc' dir='ltr'><strong>συνόδου</strong></span> <span class='ocrx_word' id='word_1_370' title='bbox 1444 1101 1761 1133; x_wconf 79' lang='grc' dir='ltr'>Κωνσταντινουπόλεως</span> <span class='ocrx_word' id='word_1_371' title='bbox 1776 1101 1867 1129; x_wconf 85' lang='grc' dir='ltr'>κανὼν</span> 
     </span>
    </p>
   </div>
   <div class='ocr_carea' id='block_1_55' title="bbox 1069 1144 1867 1184">
    <p class='ocr_par' dir='ltr' id='par_1_55' title="bbox 1069 1144 1867 1184">
     <span class='ocr_line' id='line_1_55' title="bbox 1069 1144 1867 1184; baseline 0.004 -12"><span class='ocrx_word' id='word_1_372' title='bbox 1069 1145 1092 1179; x_wconf 80' lang='grc' dir='ltr'><strong>ζ’</strong></span> <span class='ocrx_word' id='word_1_373' title='bbox 1110 1154 1118 1162; x_wconf 82' lang='lat'>&#39;</span> <span class='ocrx_word' id='word_1_374' title='bbox 1147 1145 1258 1173; x_wconf 75' lang='grc' dir='ltr'>συνόδου</span> <span class='ocrx_word' id='word_1_375' title='bbox 1281 1149 1309 1178; x_wconf 86' lang='grc' dir='ltr'>ς’</span> <span class='ocrx_word' id='word_1_376' title='bbox 1326 1145 1418 1174; x_wconf 87' lang='grc' dir='ltr'>κανὼν</span> <span class='ocrx_word' id='word_1_377' title='bbox 1438 1144 1497 1181; x_wconf 52' lang='grc' dir='ltr'><strong>κε’·</strong></span> <span class='ocrx_word' id='word_1_378' title='bbox 1516 1146 1627 1174; x_wconf 72' lang='grc' dir='ltr'>συνόδου</span> <span class='ocrx_word' id='word_1_379' title='bbox 1643 1146 1765 1180; x_wconf 78' lang='grc' dir='ltr'>Νικαίας</span> <span class='ocrx_word' id='word_1_380' title='bbox 1791 1148 1823 1175; x_wconf 78' lang='grc' dir='ltr'><strong>τὸ</strong></span> <span class='ocrx_word' id='word_1_381' title='bbox 1844 1146 1867 1184; x_wconf 84' lang='grc' dir='ltr'><strong>β’</strong></span> 
     </span>
    </p>
   </div>
   <div class='ocr_carea' id='block_1_56' title="bbox 1070 1192 1569 1230">
    <p class='ocr_par' dir='ltr' id='par_1_56' title="bbox 1070 1192 1569 1230">
     <span class='ocr_line' id='line_1_56' title="bbox 1070 1192 1569 1230; baseline 0.002 -10"><span class='ocrx_word' id='word_1_382' title='bbox 1070 1192 1159 1221; x_wconf 83' lang='grc' dir='ltr'>κανὼν</span> <span class='ocrx_word' id='word_1_383' title='bbox 1172 1192 1207 1230; x_wconf 87' lang='grc' dir='ltr'>ιη’</span> <span class='ocrx_word' id='word_1_384' title='bbox 1219 1201 1226 1210; x_wconf 91' lang='grc'>·</span> <span class='ocrx_word' id='word_1_385' title='bbox 1247 1193 1390 1221; x_wconf 79' lang='grc' dir='ltr'>Βασιλείου</span> <span class='ocrx_word' id='word_1_386' title='bbox 1406 1193 1498 1221; x_wconf 87' lang='grc' dir='ltr'>κανὼν</span> <span class='ocrx_word' id='word_1_387' title='bbox 1513 1193 1569 1227; x_wconf 62' lang='grc' dir='ltr'><strong>μζ.</strong></span> 
     </span>
    </p>
   </div>
   <div class='ocr_carea' id='block_1_57' title="bbox 1106 1238 1870 1277">
    <p class='ocr_par' dir='ltr' id='par_1_57' title="bbox 1106 1238 1870 1277">
     <span class='ocr_line' id='line_1_57' title="bbox 1106 1238 1870 1277; baseline 0.005 -11"><span class='ocrx_word' id='word_1_388' title='bbox 1106 1239 1238 1268; x_wconf 75' lang='grc' dir='ltr'><strong>ΚΕΦΑΛ.</strong></span> <span class='ocrx_word' id='word_1_389' title='bbox 1260 1238 1314 1268; x_wconf 83' lang='lat' dir='ltr'><strong>IE&#39;.</strong></span> <span class='ocrx_word' id='word_1_390' title='bbox 1329 1254 1365 1260; x_wconf 91' lang='lat'>—</span> <span class='ocrx_word' id='word_1_391' title='bbox 1381 1239 1449 1274; x_wconf 87' lang='grc' dir='ltr'><strong>Πῶς</strong></span> <span class='ocrx_word' id='word_1_392' title='bbox 1476 1241 1493 1267; x_wconf 86' lang='grc' dir='ltr'><em>ὀ</em></span> <span class='ocrx_word' id='word_1_393' title='bbox 1519 1239 1773 1277; x_wconf 71' lang='grc' dir='ltr'>δαιμονιζόμενος,</span> <span class='ocrx_word' id='word_1_394' title='bbox 1791 1241 1812 1277; x_wconf 77' lang='grc' dir='ltr'><strong>ἢ</strong></span> <span class='ocrx_word' id='word_1_395' title='bbox 1835 1241 1870 1270; x_wconf 71' lang='grc' dir='ltr'>ἐν</span> 
     </span>
    </p>
   </div>
   <div class='ocr_carea' id='block_1_58' title="bbox 1071 1286 1582 1321">
    <p class='ocr_par' dir='ltr' id='par_1_58' title="bbox 1071 1286 1582 1321">
     <span class='ocr_line' id='line_1_58' title="bbox 1071 1286 1582 1321; baseline 0.004 -7"><span class='ocrx_word' id='word_1_396' title='bbox 1071 1286 1156 1318; x_wconf 77' lang='grc' dir='ltr'>νόσῳ</span> <span class='ocrx_word' id='word_1_397' title='bbox 1169 1286 1382 1321; x_wconf 64' lang='grc' dir='ltr'>παιαφρονῶν,</span> <span class='ocrx_word' id='word_1_398' title='bbox 1395 1286 1582 1319; x_wconf 76' lang='grc' dir='ltr'><strong>βαπτίζεται,</strong></span> 
     </span>
    </p>
   </div>
   <div class='ocr_carea' id='block_1_59' title="bbox 1111 1330 1449 1368">
    <p class='ocr_par' dir='ltr' id='par_1_59' title="bbox 1111 1330 1449 1368">
     <span class='ocr_line' id='line_1_59' title="bbox 1111 1330 1449 1368; baseline 0.003 -10"><span class='ocrx_word' id='word_1_399' title='bbox 1111 1331 1245 1366; x_wconf 80' lang='grc' dir='ltr'>Τιμοθέου</span> <span class='ocrx_word' id='word_1_400' title='bbox 1262 1332 1352 1359; x_wconf 86' lang='grc' dir='ltr'>κανὼν</span> <span class='ocrx_word' id='word_1_401' title='bbox 1366 1330 1399 1368; x_wconf 81' lang='grc' dir='ltr'><strong>β’,</strong></span> <span class='ocrx_word' id='word_1_402' title='bbox 1416 1332 1449 1359; x_wconf 79' lang='grc' dir='ltr'><strong>δ’.</strong></span> 
     </span>
    </p>
   </div>
   <div class='ocr_carea' id='block_1_60' title="bbox 1111 1376 1874 1416">
    <p class='ocr_par' dir='ltr' id='par_1_60' title="bbox 1111 1376 1874 1416">
     <span class='ocr_line' id='line_1_60' title="bbox 1111 1376 1874 1416; baseline 0.007 -13"><span class='ocrx_word' id='word_1_403' title='bbox 1111 1377 1238 1405; x_wconf 82' lang='grc' dir='ltr'><strong>ΚΕΦΑΛ.</strong></span> <span class='ocrx_word' id='word_1_404' title='bbox 1260 1376 1320 1412; x_wconf 72' lang='grc' dir='ltr'>ις’.</span> <span class='ocrx_word' id='word_1_405' title='bbox 1330 1393 1367 1399; x_wconf 89' lang='grc'><strong>-</strong></span> <span class='ocrx_word' id='word_1_406' title='bbox 1378 1378 1449 1413; x_wconf 73' lang='grc' dir='ltr'><strong>Περὶ</strong></span> <span class='ocrx_word' id='word_1_407' title='bbox 1465 1379 1520 1407; x_wconf 82' lang='grc' dir='ltr'><strong>τοῦ</strong></span> <span class='ocrx_word' id='word_1_408' title='bbox 1539 1379 1581 1415; x_wconf 77' lang='grc' dir='ltr'><strong>μὴ</strong></span> <span class='ocrx_word' id='word_1_409' title='bbox 1599 1380 1711 1416; x_wconf 81' lang='grc' dir='ltr'>κρῆναι</span> <span class='ocrx_word' id='word_1_410' title='bbox 1726 1380 1874 1416; x_wconf 71' lang='grc' dir='ltr'>γυναῖκας</span> 
     </span>
    </p>
   </div>
   <div class='ocr_carea' id='block_1_61' title="bbox 1075 1423 1874 1461">
    <p class='ocr_par' dir='ltr' id='par_1_61' title="bbox 1075 1423 1874 1461">
     <span class='ocr_line' id='line_1_61' title="bbox 1075 1423 1874 1461; baseline 0.005 -10"><span class='ocrx_word' id='word_1_411' title='bbox 1075 1423 1112 1452; x_wconf 80' lang='grc' dir='ltr'>ἐν</span> <span class='ocrx_word' id='word_1_412' title='bbox 1138 1423 1203 1457; x_wconf 79' lang='grc' dir='ltr'>ταῖς</span> <span class='ocrx_word' id='word_1_413' title='bbox 1225 1424 1351 1459; x_wconf 80' lang='grc' dir='ltr'><strong>ἡμέραις</strong></span> <span class='ocrx_word' id='word_1_414' title='bbox 1374 1424 1431 1460; x_wconf 84' lang='grc' dir='ltr'><strong>τῆς</strong></span> <span class='ocrx_word' id='word_1_415' title='bbox 1447 1425 1622 1461; x_wconf 78' lang='grc' dir='ltr'>καθάρσεως</span> <span class='ocrx_word' id='word_1_416' title='bbox 1644 1426 1746 1454; x_wconf 80' lang='grc' dir='ltr'>αὐτῶν</span> <span class='ocrx_word' id='word_1_417' title='bbox 1761 1427 1874 1460; x_wconf 73' lang='grc' dir='ltr'>,ϐαπτι-</span> 
     </span>
    </p>
   </div>
   <div class='ocr_carea' id='block_1_62' title="bbox 1076 1469 1198 1505">
    <p class='ocr_par' dir='ltr' id='par_1_62' title="bbox 1076 1469 1198 1505">
     <span class='ocr_line' id='line_1_62' title="bbox 1076 1469 1198 1505; baseline -0.008 -7"><span class='ocrx_word' id='word_1_418' title='bbox 1076 1469 1198 1505; x_wconf 78' lang='grc' dir='ltr'>σθῆναι.</span> 
     </span>
    </p>
   </div>
   <div class='ocr_carea' id='block_1_63' title="bbox 1113 1517 1400 1552">
    <p class='ocr_par' dir='ltr' id='par_1_63' title="bbox 1113 1517 1400 1552">
     <span class='ocr_line' id='line_1_63' title="bbox 1113 1517 1400 1552; baseline 0.01 -9"><span class='ocrx_word' id='word_1_419' title='bbox 1113 1517 1247 1552; x_wconf 77' lang='grc' dir='ltr'>Τιμοθέου</span> <span class='ocrx_word' id='word_1_420' title='bbox 1259 1517 1349 1546; x_wconf 85' lang='grc' dir='ltr'>κανὼν</span> <span class='ocrx_word' id='word_1_421' title='bbox 1361 1518 1400 1551; x_wconf 85' lang='grc' dir='ltr'><strong>ς’.</strong></span> 
     </span>
    </p>
   </div>
   <div class='ocr_carea' id='block_1_64' title="bbox 1115 1564 1879 1605">
    <p class='ocr_par' dir='ltr' id='par_1_64' title="bbox 1115 1564 1879 1605">
     <span class='ocr_line' id='line_1_64' title="bbox 1115 1564 1879 1605; baseline 0.01 -15"><span class='ocrx_word' id='word_1_422' title='bbox 1115 1564 1243 1591; x_wconf 76' lang='grc' dir='ltr'><strong>ΚΕΦΛΔ.</strong></span> <span class='ocrx_word' id='word_1_423' title='bbox 1260 1565 1310 1593; x_wconf 83' lang='grc' dir='ltr'><strong>ΙΖ¹.</strong></span> <span class='ocrx_word' id='word_1_424' title='bbox 1324 1579 1361 1587; x_wconf 79' lang='lat'><strong>—-</strong></span> <span class='ocrx_word' id='word_1_425' title='bbox 1381 1566 1452 1593; x_wconf 83' lang='grc' dir='ltr'><strong>Ἐὰν</strong></span> <span class='ocrx_word' id='word_1_426' title='bbox 1474 1567 1492 1594; x_wconf 85' lang='grc' dir='ltr'><em>ό</em></span> <span class='ocrx_word' id='word_1_427' title='bbox 1507 1568 1734 1604; x_wconf 79' lang='grc' dir='ltr'><strong>κατηχούμενος</strong></span> <span class='ocrx_word' id='word_1_428' title='bbox 1750 1569 1809 1605; x_wconf 80' lang='grc' dir='ltr'><strong>πρὸ</strong></span> <span class='ocrx_word' id='word_1_429' title='bbox 1823 1570 1879 1598; x_wconf 70' lang='grc' dir='ltr'><strong>τοῦ</strong></span> 
     </span>
    </p>
   </div>
   <div class='ocr_carea' id='block_1_65' title="bbox 1074 1610 1486 1649">
    <p class='ocr_par' dir='ltr' id='par_1_65' title="bbox 1074 1610 1486 1649">
     <span class='ocr_line' id='line_1_65' title="bbox 1074 1610 1486 1649; baseline 0.01 -12"><span class='ocrx_word' id='word_1_430' title='bbox 1074 1610 1288 1646; x_wconf 69' lang='grc' dir='ltr'>,βαπτίσματος</span> <span class='ocrx_word' id='word_1_431' title='bbox 1302 1613 1486 1649; x_wconf 71' lang='grc' dir='ltr'><strong>κοινωνήσῃ.</strong></span> 
     </span>
    </p>
   </div>
   <div class='ocr_carea' id='block_1_66' title="bbox 1115 1656 1401 1693">
    <p class='ocr_par' dir='ltr' id='par_1_66' title="bbox 1115 1656 1401 1693">
     <span class='ocr_line' id='line_1_66' title="bbox 1115 1656 1401 1693; baseline 0.014 -10"><span class='ocrx_word' id='word_1_432' title='bbox 1115 1656 1251 1693; x_wconf 84' lang='grc' dir='ltr'>Τιμοθέου</span> <span class='ocrx_word' id='word_1_433' title='bbox 1262 1657 1354 1686; x_wconf 87' lang='grc' dir='ltr'>κανὼν</span> <span class='ocrx_word' id='word_1_434' title='bbox 1365 1660 1401 1687; x_wconf 87' lang='grc' dir='ltr'><strong>α’.</strong></span> 
     </span>
    </p>
   </div>
   <div class='ocr_carea' id='block_1_67' title="bbox 242 1766 1867 1782">
    <p class='ocr_par' dir='ltr' id='par_1_67' title="bbox 242 1766 1867 1782">
     <span class='ocr_line' id='line_1_67' title="bbox 242 1766 1867 1782; baseline 0.001 -6"><span class='ocrx_word' id='word_1_435' title='bbox 242 1766 1867 1782; x_wconf 64' lang='lat'><strong>————————————————-——————-———-—-</strong></span> 
     </span>
    </p>
   </div>
   <div class='ocr_carea' id='block_1_68' title="bbox 908 1845 1216 1895">
    <p class='ocr_par' dir='ltr' id='par_1_68' title="bbox 908 1845 1216 1895">
     <span class='ocr_line' id='line_1_68' title="bbox 908 1845 1216 1895; baseline 0.01 -7"><span class='ocrx_word' id='word_1_436' title='bbox 908 1845 1113 1892; x_wconf 89' lang='grc' dir='ltr'><strong>ΤΙΤΛΟΣ</strong></span> 
     </span>
    </p>
   </div>
   <div class='ocr_carea' id='block_1_69' title="bbox 239 1957 1888 2002">
    <p class='ocr_par' dir='ltr' id='par_1_69' title="bbox 239 1957 1888 2002">
     <span class='ocr_line' id='line_1_69' title="bbox 239 1957 1888 2002; baseline 0.004 -3"><span class='ocrx_word' id='word_1_437' title='bbox 239 1957 321 1986; x_wconf 70' lang='lat' dir='ltr'><strong>nm</strong></span> <span class='ocrx_word' id='word_1_438' title='bbox 353 1957 424 1987; x_wconf 79' lang='lat' dir='ltr'><strong>&#39;mN</strong></span> <span class='ocrx_word' id='word_1_439' title='bbox 441 1958 1399 2002; x_wconf 37' lang='lat' dir='ltr'><strong>.KATA‘WONQUXTPFMTRN.-EEEAH¥!BN.154!Stl‘iA-EEDN.</strong></span> <span class='ocrx_word' id='word_1_440' title='bbox 1414 2001 1420 2002; x_wconf 63' lang='lat'><strong>,</strong></span> <span class='ocrx_word' id='word_1_441' title='bbox 1434 1966 1496 2002; x_wconf 67' lang='grc' dir='ltr'>κω</span> <span class='ocrx_word' id='word_1_442' title='bbox 1531 1967 1697 2002; x_wconf 61' lang='lat' dir='ltr'><strong>mmor.</strong></span> <span class='ocrx_word' id='word_1_443' title='bbox 1717 1967 1781 1996; x_wconf 76' lang='lat' dir='ltr'><strong>m</strong></span> <span class='ocrx_word' id='word_1_444' title='bbox 1816 1967 1888 1995; x_wconf 64' lang='grc' dir='ltr'><strong>τω</strong></span> 
     </span>
    </p>
   </div>
   <div class='ocr_carea' id='block_1_70' title="bbox 653 1996 1492 2031">
    <p class='ocr_par' dir='ltr' id='par_1_70' title="bbox 653 1996 1492 2031">
     <span class='ocr_line' id='line_1_70' title="bbox 653 1996 1492 2031; baseline 0.008 -9"><span class='ocrx_word' id='word_1_445' title='bbox 653 1996 850 2024; x_wconf 83' lang='grc' dir='ltr'><strong>ΕΣΘΙΟΝΤΩΝ</strong></span> <span class='ocrx_word' id='word_1_446' title='bbox 867 1997 913 2024; x_wconf 89' lang='grc' dir='ltr'><strong>ΕΝ</strong></span> <span class='ocrx_word' id='word_1_447' title='bbox 934 1998 1149 2026; x_wconf 81' lang='grc' dir='ltr'><strong>ΕΚΚΑΗΣΙΑΙΣ</strong></span> <span class='ocrx_word' id='word_1_448' title='bbox 1163 2000 1225 2028; x_wconf 81' lang='grc' dir='ltr'><strong>ΚΑΙ</strong></span> <span class='ocrx_word' id='word_1_449' title='bbox 1241 2001 1322 2029; x_wconf 86' lang='grc' dir='ltr'><strong>ΠΕΡΙ</strong></span> <span class='ocrx_word' id='word_1_450' title='bbox 1341 1996 1492 2031; x_wconf 73' lang='grc' dir='ltr'><strong>ΔΓᾹΠΩΝ.</strong></span> 
     </span>
    </p>
   </div>
   <div class='ocr_carea' id='block_1_71' title="bbox 1049 2107 1085 2114">
    <p class='ocr_par' dir='ltr' id='par_1_71' title="bbox 1049 2107 1085 2114">
     <span class='ocr_line' id='line_1_71' title="bbox 1049 2107 1085 2114; baseline -0.028 0"><span class='ocrx_word' id='word_1_451' title='bbox 1049 2107 1085 2114; x_wconf 74' lang='grc'><strong>..-</strong></span> 
     </span>
    </p>
   </div>
   <div class='ocr_carea' id='block_1_72' title="bbox 805 2176 1041 2217">
    <p class='ocr_par' dir='ltr' id='par_1_72' title="bbox 805 2176 1041 2217">
     <span class='ocr_line' id='line_1_72' title="bbox 805 2176 1041 2217; baseline 0.004 -1"><span class='ocrx_word' id='word_1_452' title='bbox 805 2176 1041 2217; x_wconf 90' lang='lat' dir='ltr'><strong>TlTULUS</strong></span> 
     </span>
    </p>
   </div>
   <div class='ocr_carea' id='block_1_73' title="bbox 1080 2177 1331 2226">
    <p class='ocr_par' dir='ltr' id='par_1_73' title="bbox 1080 2177 1331 2226">
     <span class='ocr_line' id='line_1_73' title="bbox 1080 2177 1331 2226; baseline 0.02 -10"><span class='ocrx_word' id='word_1_453' title='bbox 1080 2177 1331 2226; x_wconf 83' lang='lat' dir='ltr'><strong>QUINTUS.</strong></span> 
     </span>
    </p>
   </div>
   <div class='ocr_carea' id='block_1_74' title="bbox 239 2274 1896 2321">
    <p class='ocr_par' dir='ltr' id='par_1_74' title="bbox 239 2274 1896 2321">
     <span class='ocr_line' id='line_1_74' title="bbox 239 2274 1896 2321; baseline 0.003 -10"><span class='ocrx_word' id='word_1_454' title='bbox 239 2274 289 2306; x_wconf 87' lang='lat' dir='ltr'><strong>DE</strong></span> <span class='ocrx_word' id='word_1_455' title='bbox 311 2275 361 2306; x_wconf 88' lang='lat' dir='ltr'><strong>IIS</strong></span> <span class='ocrx_word' id='word_1_456' title='bbox 371 2275 438 2312; x_wconf 88' lang='lat' dir='ltr'><strong>QUI</strong></span> <span class='ocrx_word' id='word_1_457' title='bbox 453 2275 820 2321; x_wconf 55' lang='lat' dir='ltr'><strong>ECQEE§§§,_§tEgI_Js</strong></span> <span class='ocrx_word' id='word_1_458' title='bbox 833 2279 1189 2321; x_wconf 49' lang='lat' dir='ltr'><strong>ATQUEMEMORIAS</strong></span> <span class='ocrx_word' id='word_1_459' title='bbox 1205 2282 1477 2319; x_wconf 88' lang='lat' dir='ltr'><strong>CONTEMNUNT,</strong></span> <span class='ocrx_word' id='word_1_460' title='bbox 1497 2283 1545 2314; x_wconf 88' lang='lat' dir='ltr'><strong>ET</strong></span> <span class='ocrx_word' id='word_1_461' title='bbox 1567 2283 1634 2321; x_wconf 85' lang='lat' dir='ltr'><strong>QUI</strong></span> <span class='ocrx_word' id='word_1_462' title='bbox 1647 2284 1688 2315; x_wconf 87' lang='lat' dir='ltr'><strong>IN</strong></span> <span class='ocrx_word' id='word_1_463' title='bbox 1711 2284 1896 2316; x_wconf 78' lang='lat' dir='ltr'><strong>ECCLESIA</strong></span> 
     </span>
    </p>
   </div>
   <div class='ocr_carea' id='block_1_75' title="bbox 503 2316 1703 2360">
    <p class='ocr_par' dir='ltr' id='par_1_75' title="bbox 503 2316 1703 2360">
     <span class='ocr_line' id='line_1_75' title="bbox 503 2316 1703 2360; baseline 0.008 -14"><span class='ocrx_word' id='word_1_464' title='bbox 503 2316 722 2355; x_wconf 85' lang='lat' dir='ltr'><strong>COMEDUNT,</strong></span> <span class='ocrx_word' id='word_1_465' title='bbox 748 2318 796 2348; x_wconf 86' lang='lat' dir='ltr'><strong>ET</strong></span> <span class='ocrx_word' id='word_1_466' title='bbox 832 2317 881 2349; x_wconf 87' lang='lat' dir='ltr'><strong>DE</strong></span> <span class='ocrx_word' id='word_1_467' title='bbox 901 2319 1091 2351; x_wconf 84' lang='lat' dir='ltr'><strong>CONVIVIIS</strong></span> <span class='ocrx_word' id='word_1_468' title='bbox 1111 2321 1353 2354; x_wconf 85' lang='lat' dir='ltr'><strong>PAUPERIBUS</strong></span> <span class='ocrx_word' id='word_1_469' title='bbox 1379 2316 1624 2355; x_wconf 67' lang='lat' dir='ltr'><strong>EXEIBENDiS.</strong></span> <span class='ocrx_word' id='word_1_470' title='bbox 1648 2351 1651 2354; x_wconf 94' lang='lat'><strong>.</strong></span> <span class='ocrx_word' id='word_1_471' title='bbox 1679 2342 1703 2360; x_wconf 43' lang='grc' dir='ltr'><strong>ηπ</strong></span> 
     </span>
    </p>
   </div>
   <div class='ocr_carea' id='block_1_76' title="bbox 280 2408 1016 2453">
    <p class='ocr_par' dir='ltr' id='par_1_76' title="bbox 280 2408 1014 2446">
     <span class='ocr_line' id='line_1_76' title="bbox 280 2408 1014 2446; baseline 0.005 -9"><span class='ocrx_word' id='word_1_472' title='bbox 280 2408 399 2438; x_wconf 72' lang='lat' dir='ltr'><strong>CAPUT</strong></span> <span class='ocrx_word' id='word_1_473' title='bbox 410 2408 564 2438; x_wconf 71' lang='lat' dir='ltr'><strong>PRIMUM.</strong></span> <span class='ocrx_word' id='word_1_474' title='bbox 578 2424 615 2431; x_wconf 91' lang='lat'><strong>—</strong></span> <span class='ocrx_word' id='word_1_475' title='bbox 629 2410 667 2438; x_wconf 83' lang='lat' dir='ltr'><strong>De</strong></span> <span class='ocrx_word' id='word_1_476' title='bbox 684 2409 725 2438; x_wconf 72' lang='lat' dir='ltr'><strong>Itis</strong></span> <span class='ocrx_word' id='word_1_477' title='bbox 750 2411 796 2446; x_wconf 85' lang='lat' dir='ltr'><strong>qui</strong></span> <span class='ocrx_word' id='word_1_478' title='bbox 811 2411 914 2440; x_wconf 70' lang='lat' dir='ltr'><strong>&quot;docent</strong></span> <span class='ocrx_word' id='word_1_479' title='bbox 935 2412 1014 2441; x_wconf 84' lang='lat' dir='ltr'><strong>domu</strong></span> 
     </span>
    </p>
   </div>
   <div class='ocr_carea' id='block_1_77' title="bbox 1080 2408 1900 2453">
    <p class='ocr_par' dir='ltr' id='par_1_77' title="bbox 1080 2416 1900 2453">
     <span class='ocr_line' id='line_1_77' title="bbox 1080 2416 1900 2453; baseline 0.004 -10"><span class='ocrx_word' id='word_1_480' title='bbox 1080 2434 1081 2442; x_wconf 56' lang='grc' dir='ltr'><strong>η</strong></span> <span class='ocrx_word' id='word_1_481' title='bbox 1129 2416 1259 2445; x_wconf 79' lang='grc' dir='ltr'><strong>ΚΕΦΔΛ.</strong></span> <span class='ocrx_word' id='word_1_482' title='bbox 1275 2416 1315 2445; x_wconf 82' lang='grc' dir='ltr'><strong>Α’.</strong></span> <span class='ocrx_word' id='word_1_483' title='bbox 1324 2418 1438 2453; x_wconf 80' lang='grc' dir='ltr'><strong>-Περί</strong></span> <span class='ocrx_word' id='word_1_484' title='bbox 1451 2418 1511 2446; x_wconf 84' lang='grc' dir='ltr'><strong>τῶν</strong></span> <span class='ocrx_word' id='word_1_485' title='bbox 1525 2417 1732 2446; x_wconf 79' lang='grc' dir='ltr'>διδασκόντων</span> <span class='ocrx_word' id='word_1_486' title='bbox 1742 2418 1800 2446; x_wconf 83' lang='grc' dir='ltr'><strong>τὸν</strong></span> <span class='ocrx_word' id='word_1_487' title='bbox 1810 2416 1900 2446; x_wconf 71' lang='grc' dir='ltr'>οἶκον</span> 
     </span>
    </p>
   </div>
   <div class='ocr_carea' id='block_1_78' title="bbox 244 2455 1037 2497">
    <p class='ocr_par' dir='ltr' id='par_1_78' title="bbox 244 2455 1037 2497">
     <span class='ocr_line' id='line_1_78' title="bbox 244 2455 1037 2497; baseline 0.005 -13"><span class='ocrx_word' id='word_1_488' title='bbox 244 2455 305 2490; x_wconf 80' lang='lat' dir='ltr'><strong>Dei,</strong></span> <span class='ocrx_word' id='word_1_489' title='bbox 319 2462 402 2484; x_wconf 72' lang='lat' dir='ltr'><strong>cattus</strong></span> <span class='ocrx_word' id='word_1_490' title='bbox 414 2476 423 2490; x_wconf 87' lang='lat'><strong>,</strong></span> <span class='ocrx_word' id='word_1_491' title='bbox 439 2461 465 2484; x_wconf 84' lang='lat' dir='ltr'><strong>et</strong></span> <span class='ocrx_word' id='word_1_492' title='bbox 481 2457 623 2485; x_wconf 72' lang='lat' dir='ltr'><strong>memorias</strong></span> <span class='ocrx_word' id='word_1_493' title='bbox 638 2457 705 2495; x_wconf 78' lang='lat' dir='ltr'><strong>[res]</strong></span> <span class='ocrx_word' id='word_1_494' title='bbox 715 2459 927 2495; x_wconf 72' lang='lat' dir='ltr'><strong>contemptibiles</strong></span> <span class='ocrx_word' id='word_1_495' title='bbox 944 2459 1037 2497; x_wconf 72' lang='lat' dir='ltr'><strong>[esse].</strong></span> 
     </span>
    </p>
   </div>
   <div class='ocr_carea' id='block_1_79' title="bbox 281 2549 1041 2586">
    <p class='ocr_par' dir='ltr' id='par_1_79' title="bbox 281 2549 1041 2586">
     <span class='ocr_line' id='line_1_79' title="bbox 281 2549 1041 2586; baseline 0.007 -9"><span class='ocrx_word' id='word_1_496' title='bbox 281 2549 399 2578; x_wconf 88' lang='lat' dir='ltr'><strong>Concilii</strong></span> <span class='ocrx_word' id='word_1_497' title='bbox 421 2549 592 2586; x_wconf 79' lang='lat' dir='ltr'><strong>Gangrensis</strong></span> <span class='ocrx_word' id='word_1_498' title='bbox 608 2557 699 2578; x_wconf 86' lang='lat' dir='ltr'><strong>canon</strong></span> <span class='ocrx_word' id='word_1_499' title='bbox 725 2550 753 2585; x_wconf 82' lang='lat'><strong>5,</strong></span> <span class='ocrx_word' id='word_1_500' title='bbox 775 2552 820 2586; x_wconf 79' lang='lat' dir='ltr'><strong>i9;</strong></span> <span class='ocrx_word' id='word_1_501' title='bbox 838 2553 949 2582; x_wconf 89' lang='lat' dir='ltr'><strong>concilii</strong></span> <span class='ocrx_word' id='word_1_502' title='bbox 972 2555 1041 2582; x_wconf 81' lang='lat' dir='ltr'><strong>sexti</strong></span> 
     </span>
    </p>
   </div>
   <div class='ocr_carea' id='block_1_80' title="bbox 247 2596 524 2630">
    <p class='ocr_par' dir='ltr' id='par_1_80' title="bbox 247 2596 524 2630">
     <span class='ocr_line' id='line_1_80' title="bbox 247 2596 524 2630; baseline 0.004 -6"><span class='ocrx_word' id='word_1_503' title='bbox 247 2603 338 2624; x_wconf 85' lang='lat' dir='ltr'><strong>canon</strong></span> <span class='ocrx_word' id='word_1_504' title='bbox 353 2596 400 2628; x_wconf 83' lang='lat'><strong>76,</strong></span> <span class='ocrx_word' id='word_1_505' title='bbox 418 2596 463 2630; x_wconf 78' lang='lat'><strong>88,</strong></span> <span class='ocrx_word' id='word_1_506' title='bbox 479 2597 524 2626; x_wconf 87' lang='lat'><strong>97.</strong></span> 
     </span>
    </p>
   </div>
   <div class='ocr_carea' id='block_1_81' title="bbox 284 2642 1044 2680">
    <p class='ocr_par' dir='ltr' id='par_1_81' title="bbox 284 2642 1044 2680">
     <span class='ocr_line' id='line_1_81' title="bbox 284 2642 1044 2680; baseline 0.008 -10"><span class='ocrx_word' id='word_1_507' title='bbox 284 2642 362 2671; x_wconf 84' lang='lat' dir='ltr'><strong>CAP.</strong></span> <span class='ocrx_word' id='word_1_508' title='bbox 381 2643 414 2671; x_wconf 91' lang='lat' dir='ltr'><strong>Il.</strong></span> <span class='ocrx_word' id='word_1_509' title='bbox 430 2658 466 2664; x_wconf 90' lang='lat'><strong>—</strong></span> <span class='ocrx_word' id='word_1_510' title='bbox 482 2643 525 2671; x_wconf 82' lang='lat' dir='ltr'><strong>Ne</strong></span> <span class='ocrx_word' id='word_1_511' title='bbox 545 2645 706 2680; x_wconf 73' lang='lat' dir='ltr'><strong>pauperibus</strong></span> <span class='ocrx_word' id='word_1_512' title='bbox 730 2645 759 2673; x_wconf 85' lang='lat' dir='ltr'><strong>in</strong></span> <span class='ocrx_word' id='word_1_513' title='bbox 784 2646 902 2674; x_wconf 75' lang='lat' dir='ltr'><strong>ecclesiis</strong></span> <span class='ocrx_word' id='word_1_514' title='bbox 924 2648 1044 2676; x_wconf 84' lang='lat' dir='ltr'><strong>convivia</strong></span> 
     </span>
    </p>
   </div>
   <div class='ocr_carea' id='block_1_82' title="bbox 248 2689 811 2726">
    <p class='ocr_par' dir='ltr' id='par_1_82' title="bbox 248 2689 811 2726">
     <span class='ocr_line' id='line_1_82' title="bbox 248 2689 811 2726; baseline 0.005 -9"><span class='ocrx_word' id='word_1_515' title='bbox 248 2689 439 2723; x_wconf 73' lang='lat' dir='ltr'><strong>exhibeantur,</strong></span> <span class='ocrx_word' id='word_1_516' title='bbox 452 2699 535 2726; x_wconf 85' lang='lat' dir='ltr'><strong>neque</strong></span> <span class='ocrx_word' id='word_1_517' title='bbox 549 2692 577 2719; x_wconf 84' lang='lat' dir='ltr'><strong>in</strong></span> <span class='ocrx_word' id='word_1_518' title='bbox 597 2692 631 2719; x_wconf 75' lang='lat' dir='ltr'><strong>iis</strong></span> <span class='ocrx_word' id='word_1_519' title='bbox 643 2692 811 2720; x_wconf 81' lang='lat' dir='ltr'><strong>comedatur.</strong></span> 
     </span>
    </p>
   </div>
   <div class='ocr_carea' id='block_1_83' title="bbox 284 2736 1049 2777">
    <p class='ocr_par' dir='ltr' id='par_1_83' title="bbox 284 2736 1049 2777">
     <span class='ocr_line' id='line_1_83' title="bbox 284 2736 1049 2777; baseline 0.007 -13"><span class='ocrx_word' id='word_1_520' title='bbox 284 2736 401 2764; x_wconf 85' lang='lat' dir='ltr'><strong>Concilii</strong></span> <span class='ocrx_word' id='word_1_521' title='bbox 418 2736 566 2766; x_wconf 82' lang='lat' dir='ltr'><strong>Laudiceni</strong></span> <span class='ocrx_word' id='word_1_522' title='bbox 583 2745 672 2766; x_wconf 89' lang='lat' dir='ltr'><strong>canon</strong></span> <span class='ocrx_word' id='word_1_523' title='bbox 684 2739 741 2773; x_wconf 73' lang='lat'><strong>28;</strong></span> <span class='ocrx_word' id='word_1_524' title='bbox 770 2739 879 2768; x_wconf 89' lang='lat' dir='ltr'><strong>concilii</strong></span> <span class='ocrx_word' id='word_1_525' title='bbox 903 2741 1049 2777; x_wconf 74' lang='lat' dir='ltr'><strong>Carthagi-</strong></span> 
     </span>
    </p>
   </div>
   <div class='ocr_carea' id='block_1_84' title="bbox 252 2783 1048 2819">
    <p class='ocr_par' dir='ltr' id='par_1_84' title="bbox 252 2783 1048 2819">
     <span class='ocr_line' id='line_1_84' title="bbox 252 2783 1048 2819; baseline 0.008 -8"><span class='ocrx_word' id='word_1_526' title='bbox 252 2783 348 2812; x_wconf 84' lang='lat' dir='ltr'><strong>nensis</strong></span> <span class='ocrx_word' id='word_1_527' title='bbox 363 2791 453 2811; x_wconf 88' lang='lat' dir='ltr'><strong>canon</strong></span> <span class='ocrx_word' id='word_1_528' title='bbox 463 2783 514 2818; x_wconf 67' lang='grc' dir='ltr'>ης</span> <span class='ocrx_word' id='word_1_529' title='bbox 531 2784 641 2812; x_wconf 90' lang='lat' dir='ltr'><strong>concilii</strong></span> <span class='ocrx_word' id='word_1_530' title='bbox 662 2785 733 2813; x_wconf 77' lang='lat' dir='ltr'><strong>sexti</strong></span> <span class='ocrx_word' id='word_1_531' title='bbox 766 2794 856 2815; x_wconf 80' lang='lat' dir='ltr'><strong>canon</strong></span> <span class='ocrx_word' id='word_1_532' title='bbox 873 2787 916 2819; x_wconf 70' lang='lat'><strong>74.</strong></span> <span class='ocrx_word' id='word_1_533' title='bbox 940 2788 984 2816; x_wconf 85' lang='lat'><strong>76.</strong></span> <span class='ocrx_word' id='word_1_534' title='bbox 1002 2789 1048 2818; x_wconf 91' lang='lat'><strong>97.</strong></span> 
     </span>
    </p>
   </div>
   <div class='ocr_carea' id='block_1_85' title="bbox 285 2829 1050 2871">
    <p class='ocr_par' dir='ltr' id='par_1_85' title="bbox 285 2829 1050 2871">
     <span class='ocr_line' id='line_1_85' title="bbox 285 2829 1050 2871; baseline 0.009 -13"><span class='ocrx_word' id='word_1_535' title='bbox 285 2829 394 2858; x_wconf 71' lang='lat' dir='ltr'><strong>Teztur.</strong></span> <span class='ocrx_word' id='word_1_536' title='bbox 430 2830 464 2858; x_wconf 90' lang='lat' dir='ltr'><strong>Et</strong></span> <span class='ocrx_word' id='word_1_537' title='bbox 485 2835 576 2859; x_wconf 89' lang='lat' dir='ltr'><strong>const.</strong></span> <span class='ocrx_word' id='word_1_538' title='bbox 601 2831 618 2860; x_wconf 76' lang='lat'><strong>5</strong></span> <span class='ocrx_word' id='word_1_539' title='bbox 634 2832 678 2860; x_wconf 92' lang='lat' dir='ltr'><strong>tit.</strong></span> <span class='ocrx_word' id='word_1_540' title='bbox 709 2832 744 2860; x_wconf 70' lang='grc'><strong>12</strong></span> <span class='ocrx_word' id='word_1_541' title='bbox 765 2833 814 2861; x_wconf 92' lang='lat' dir='ltr'><strong>lib.</strong></span> <span class='ocrx_word' id='word_1_542' title='bbox 841 2834 853 2861; x_wconf 86' lang='grc' dir='ltr'><strong>Ι</strong></span> <span class='ocrx_word' id='word_1_543' title='bbox 873 2834 940 2863; x_wconf 88' lang='lat' dir='ltr'><strong>Cod.</strong></span> <span class='ocrx_word' id='word_1_544' title='bbox 965 2841 1050 2871; x_wconf 86' lang='lat' dir='ltr'><strong>vetat,</strong></span> 
     </span>
    </p>
   </div>
   <div class='ocr_carea' id='block_1_86' title="bbox 250 2878 938 2918">
    <p class='ocr_par' dir='ltr' id='par_1_86' title="bbox 250 2878 938 2918">
     <span class='ocr_line' id='line_1_86' title="bbox 250 2878 938 2918; baseline 0.009 -14"><span class='ocrx_word' id='word_1_545' title='bbox 250 2881 317 2912; x_wconf 84' lang='lat' dir='ltr'><strong>etc.,</strong></span> <span class='ocrx_word' id='word_1_546' title='bbox 332 2885 414 2914; x_wconf 69' lang='lat' dir='ltr'><strong>usque</strong></span> <span class='ocrx_word' id='word_1_547' title='bbox 426 2878 499 2907; x_wconf 86' lang='lat' dir='ltr'><strong>adet</strong></span> <span class='ocrx_word' id='word_1_548' title='bbox 513 2878 602 2908; x_wconf 79' lang='lat' dir='ltr'><strong>hostis</strong></span> <span class='ocrx_word' id='word_1_549' title='bbox 619 2879 732 2916; x_wconf 77' lang='lat' dir='ltr'><strong>degant,</strong></span> <span class='ocrx_word' id='word_1_550' title='bbox 747 2884 777 2908; x_wconf 90' lang='lat' dir='ltr'><strong>ut</strong></span> <span class='ocrx_word' id='word_1_551' title='bbox 795 2889 856 2918; x_wconf 84' lang='lat' dir='ltr'><strong>pag.</strong></span> <span class='ocrx_word' id='word_1_552' title='bbox 874 2881 938 2910; x_wconf 75' lang='lat' dir='ltr'><strong>63L</strong></span> 
     </span>
    </p>
   </div>
   <div class='ocr_carea' id='block_1_87' title="bbox 1093 2463 1900 2501">
    <p class='ocr_par' dir='ltr' id='par_1_87' title="bbox 1093 2463 1900 2501">
     <span class='ocr_line' id='line_1_87' title="bbox 1093 2463 1900 2501; baseline 0.005 -11"><span class='ocrx_word' id='word_1_553' title='bbox 1093 2463 1146 2491; x_wconf 84' lang='grc' dir='ltr'><strong>τοῦ</strong></span> <span class='ocrx_word' id='word_1_554' title='bbox 1162 2463 1248 2498; x_wconf 82' lang='grc' dir='ltr'>Θεοῦ,</span> <span class='ocrx_word' id='word_1_555' title='bbox 1269 2464 1320 2492; x_wconf 81' lang='grc' dir='ltr'><strong>καί</strong></span> <span class='ocrx_word' id='word_1_556' title='bbox 1335 2464 1389 2499; x_wconf 78' lang='grc' dir='ltr'><strong>τὰς</strong></span> <span class='ocrx_word' id='word_1_557' title='bbox 1405 2465 1562 2500; x_wconf 77' lang='grc' dir='ltr'>συνάξεις,</span> <span class='ocrx_word' id='word_1_558' title='bbox 1577 2465 1627 2493; x_wconf 75' lang='grc' dir='ltr'>καὶ</span> <span class='ocrx_word' id='word_1_559' title='bbox 1638 2465 1692 2499; x_wconf 83' lang='grc' dir='ltr'><strong>τὰς</strong></span> <span class='ocrx_word' id='word_1_560' title='bbox 1704 2465 1832 2501; x_wconf 76' lang='grc' dir='ltr'>μνήμας</span> <span class='ocrx_word' id='word_1_561' title='bbox 1847 2468 1900 2494; x_wconf 86' lang='grc' dir='ltr'><strong>εὐ-</strong></span> 
     </span>
    </p>
   </div>
   <div class='ocr_carea' id='block_1_88' title="bbox 1093 2511 1358 2547">
    <p class='ocr_par' dir='ltr' id='par_1_88' title="bbox 1093 2511 1358 2547">
     <span class='ocr_line' id='line_1_88' title="bbox 1093 2511 1358 2547; baseline 0.004 -9"><span class='ocrx_word' id='word_1_562' title='bbox 1093 2511 1268 2547; x_wconf 73' lang='grc' dir='ltr'>καταφρονή</span> <span class='ocrx_word' id='word_1_563' title='bbox 1273 2519 1325 2539; x_wconf 85' lang='grc' dir='ltr'>του</span> <span class='ocrx_word' id='word_1_564' title='bbox 1331 2522 1358 2546; x_wconf 88' lang='grc' dir='ltr'>ς.</span> 
     </span>
    </p>
   </div>
   <div class='ocr_carea' id='block_1_89' title="bbox 1131 2557 1901 2594">
    <p class='ocr_par' dir='ltr' id='par_1_89' title="bbox 1131 2557 1901 2594">
     <span class='ocr_line' id='line_1_89' title="bbox 1131 2557 1901 2594; baseline 0.004 -10"><span class='ocrx_word' id='word_1_565' title='bbox 1131 2557 1245 2585; x_wconf 78' lang='grc' dir='ltr'>Συνὸδου</span> <span class='ocrx_word' id='word_1_566' title='bbox 1265 2559 1400 2594; x_wconf 77' lang='grc' dir='ltr'><strong>Γαγγρῶν</strong></span> <span class='ocrx_word' id='word_1_567' title='bbox 1417 2559 1508 2587; x_wconf 80' lang='grc' dir='ltr'>κανὼν</span> <span class='ocrx_word' id='word_1_568' title='bbox 1531 2557 1563 2593; x_wconf 81' lang='grc' dir='ltr'>ε’,</span> <span class='ocrx_word' id='word_1_569' title='bbox 1584 2558 1634 2587; x_wconf 87' lang='grc' dir='ltr'>ιθ¹·</span> <span class='ocrx_word' id='word_1_570' title='bbox 1653 2559 1767 2587; x_wconf 69' lang='grc' dir='ltr'>συνόδου</span> <span class='ocrx_word' id='word_1_571' title='bbox 1796 2559 1828 2592; x_wconf 87' lang='grc' dir='ltr'>ς’</span> <span class='ocrx_word' id='word_1_572' title='bbox 1848 2569 1901 2587; x_wconf 88' lang='grc' dir='ltr'>κα-</span> 
     </span>
    </p>
   </div>
   <div class='ocr_carea' id='block_1_90' title="bbox 1094 2604 1363 2641">
    <p class='ocr_par' dir='ltr' id='par_1_90' title="bbox 1094 2604 1363 2641">
     <span class='ocr_line' id='line_1_90' title="bbox 1094 2604 1363 2641; baseline 0.007 -10"><span class='ocrx_word' id='word_1_573' title='bbox 1094 2604 1147 2632; x_wconf 88' lang='grc' dir='ltr'>νὼν</span> <span class='ocrx_word' id='word_1_574' title='bbox 1161 2614 1197 2637; x_wconf 85' lang='grc' dir='ltr'><strong>ος</strong></span> <span class='ocrx_word' id='word_1_575' title='bbox 1207 2626 1215 2639; x_wconf 83' lang='grc'><strong>,</strong></span> <span class='ocrx_word' id='word_1_576' title='bbox 1233 2604 1289 2641; x_wconf 81' lang='grc' dir='ltr'><strong>πη’,</strong></span> <span class='ocrx_word' id='word_1_577' title='bbox 1311 2604 1363 2639; x_wconf 46' lang='grc' dir='ltr'>ις’.</span> 
     </span>
    </p>
   </div>
   <div class='ocr_carea' id='block_1_91' title="bbox 1131 2651 1904 2688">
    <p class='ocr_par' dir='ltr' id='par_1_91' title="bbox 1131 2651 1904 2688">
     <span class='ocr_line' id='line_1_91' title="bbox 1131 2651 1904 2688; baseline 0.003 -11"><span class='ocrx_word' id='word_1_578' title='bbox 1131 2651 1258 2679; x_wconf 75' lang='grc' dir='ltr'><strong>ΚΕΦᾹΛ.</strong></span> <span class='ocrx_word' id='word_1_579' title='bbox 1276 2652 1316 2680; x_wconf 89' lang='lat' dir='ltr'><strong>B’.</strong></span> <span class='ocrx_word' id='word_1_580' title='bbox 1331 2667 1367 2673; x_wconf 95' lang='lat'><strong>—</strong></span> <span class='ocrx_word' id='word_1_581' title='bbox 1381 2651 1452 2687; x_wconf 77' lang='grc' dir='ltr'><strong>Περὶ</strong></span> <span class='ocrx_word' id='word_1_582' title='bbox 1469 2652 1522 2679; x_wconf 78' lang='grc' dir='ltr'>τοῦ</span> <span class='ocrx_word' id='word_1_583' title='bbox 1534 2651 1578 2688; x_wconf 78' lang='grc' dir='ltr'><strong>μὴ</strong></span> <span class='ocrx_word' id='word_1_584' title='bbox 1596 2651 1694 2680; x_wconf 80' lang='grc' dir='ltr'>ποιεῖν</span> <span class='ocrx_word' id='word_1_585' title='bbox 1719 2652 1756 2678; x_wconf 73' lang='grc' dir='ltr'>ἐν</span> <span class='ocrx_word' id='word_1_586' title='bbox 1783 2652 1904 2687; x_wconf 65' lang='grc' dir='ltr'><strong>ἐκκλη-</strong></span> 
     </span>
    </p>
   </div>
   <div class='ocr_carea' id='block_1_92' title="bbox 1098 2696 1642 2734">
    <p class='ocr_par' dir='ltr' id='par_1_92' title="bbox 1098 2696 1642 2734">
     <span class='ocr_line' id='line_1_92' title="bbox 1098 2696 1642 2734; baseline 0.004 -9"><span class='ocrx_word' id='word_1_587' title='bbox 1098 2697 1152 2731; x_wconf 83' lang='grc' dir='ltr'>σίᾳ</span> <span class='ocrx_word' id='word_1_588' title='bbox 1164 2696 1296 2732; x_wconf 78' lang='grc' dir='ltr'>ἀγάπας,</span> <span class='ocrx_word' id='word_1_589' title='bbox 1309 2699 1359 2725; x_wconf 82' lang='grc' dir='ltr'><strong>καί</strong></span> <span class='ocrx_word' id='word_1_590' title='bbox 1375 2698 1412 2725; x_wconf 82' lang='grc' dir='ltr'>ἐν</span> <span class='ocrx_word' id='word_1_591' title='bbox 1426 2698 1504 2734; x_wconf 82' lang='grc' dir='ltr'><strong>αὐτῇ</strong></span> <span class='ocrx_word' id='word_1_592' title='bbox 1517 2699 1642 2727; x_wconf 77' lang='grc' dir='ltr'>ἐσθίειν.</span> 
     </span>
    </p>
   </div>
   <div class='ocr_carea' id='block_1_93' title="bbox 1134 2743 1907 2781">
    <p class='ocr_par' dir='ltr' id='par_1_93' title="bbox 1134 2743 1907 2781">
     <span class='ocr_line' id='line_1_93' title="bbox 1134 2743 1907 2781; baseline 0.001 -11"><span class='ocrx_word' id='word_1_593' title='bbox 1134 2743 1249 2771; x_wconf 87' lang='grc' dir='ltr'>Συνόδου</span> <span class='ocrx_word' id='word_1_594' title='bbox 1264 2744 1426 2777; x_wconf 81' lang='grc' dir='ltr'>Λαοδικείας</span> <span class='ocrx_word' id='word_1_595' title='bbox 1439 2744 1530 2772; x_wconf 87' lang='grc' dir='ltr'>κανὼν</span> <span class='ocrx_word' id='word_1_596' title='bbox 1543 2743 1586 2780; x_wconf 86' lang='grc' dir='ltr'><strong>κη’</strong></span> <span class='ocrx_word' id='word_1_597' title='bbox 1595 2752 1602 2760; x_wconf 90' lang='grc'><strong>·</strong></span> <span class='ocrx_word' id='word_1_598' title='bbox 1617 2743 1728 2771; x_wconf 86' lang='grc' dir='ltr'>συνόδου</span> <span class='ocrx_word' id='word_1_599' title='bbox 1751 2743 1907 2781; x_wconf 76' lang='grc' dir='ltr'>Καρθατέ-</span> 
     </span>
    </p>
   </div>
   <div class='ocr_carea' id='block_1_94' title="bbox 1100 2789 1816 2827">
    <p class='ocr_par' dir='ltr' id='par_1_94' title="bbox 1100 2789 1816 2827">
     <span class='ocr_line' id='line_1_94' title="bbox 1100 2789 1816 2827; baseline 0.001 -10"><span class='ocrx_word' id='word_1_600' title='bbox 1100 2798 1149 2826; x_wconf 88' lang='grc' dir='ltr'>νης</span> <span class='ocrx_word' id='word_1_601' title='bbox 1163 2790 1254 2817; x_wconf 86' lang='grc' dir='ltr'>κανὼν</span> <span class='ocrx_word' id='word_1_602' title='bbox 1267 2789 1310 2827; x_wconf 84' lang='grc' dir='ltr'><strong>μβ¹</strong></span> <span class='ocrx_word' id='word_1_603' title='bbox 1322 2798 1330 2806; x_wconf 88' lang='lat'><strong>&#39;</strong></span> <span class='ocrx_word' id='word_1_604' title='bbox 1348 2791 1458 2818; x_wconf 78' lang='grc' dir='ltr'>συνόδου</span> <span class='ocrx_word' id='word_1_605' title='bbox 1475 2794 1502 2824; x_wconf 80' lang='grc' dir='ltr'>ς’</span> <span class='ocrx_word' id='word_1_606' title='bbox 1520 2790 1611 2818; x_wconf 86' lang='grc' dir='ltr'>κανὼν</span> <span class='ocrx_word' id='word_1_607' title='bbox 1625 2790 1672 2824; x_wconf 83' lang='grc' dir='ltr'>οὸ’,</span> <span class='ocrx_word' id='word_1_608' title='bbox 1684 2794 1740 2824; x_wconf 78' lang='grc' dir='ltr'>ος¹,</span> <span class='ocrx_word' id='word_1_609' title='bbox 1759 2789 1816 2825; x_wconf 47' lang='grc' dir='ltr'><strong>κζ’.</strong></span> 
     </span>
    </p>
   </div>
   <div class='ocr_carea' id='block_1_95' title="bbox 1137 2836 1907 2875">
    <p class='ocr_par' dir='ltr' id='par_1_95' title="bbox 1137 2836 1907 2875">
     <span class='ocr_line' id='line_1_95' title="bbox 1137 2836 1907 2875; baseline 0.003 -12"><span class='ocrx_word' id='word_1_610' title='bbox 1137 2836 1291 2872; x_wconf 80' lang='grc' dir='ltr'>Κείμενον.</span> <span class='ocrx_word' id='word_1_611' title='bbox 1309 2838 1365 2865; x_wconf 81' lang='grc' dir='ltr'><strong>Καὶ</strong></span> <span class='ocrx_word' id='word_1_612' title='bbox 1380 2839 1398 2873; x_wconf 83' lang='grc' dir='ltr'>ἡ</span> <span class='ocrx_word' id='word_1_613' title='bbox 1412 2837 1436 2873; x_wconf 90' lang='grc' dir='ltr'><strong>γ’</strong></span> <span class='ocrx_word' id='word_1_614' title='bbox 1452 2838 1521 2866; x_wconf 83' lang='grc' dir='ltr'>διάτ.</span> <span class='ocrx_word' id='word_1_615' title='bbox 1547 2838 1595 2865; x_wconf 82' lang='grc' dir='ltr'><strong>τοῦ</strong></span> <span class='ocrx_word' id='word_1_616' title='bbox 1611 2837 1645 2874; x_wconf 78' lang='grc' dir='ltr'><strong>ιβ’</strong></span> <span class='ocrx_word' id='word_1_617' title='bbox 1665 2839 1732 2872; x_wconf 57' lang='lat' dir='ltr'><strong>ﬁt,</strong></span> <span class='ocrx_word' id='word_1_618' title='bbox 1747 2839 1797 2866; x_wconf 73' lang='grc' dir='ltr'><strong>τοῦ</strong></span> <span class='ocrx_word' id='word_1_619' title='bbox 1815 2839 1843 2867; x_wconf 82' lang='grc' dir='ltr'>α’</span> <span class='ocrx_word' id='word_1_620' title='bbox 1865 2839 1907 2875; x_wconf 78' lang='grc' dir='ltr'><strong>βι-</strong></span> 
     </span>
    </p>
   </div>
   <div class='ocr_carea' id='block_1_96' title="bbox 1100 2884 1908 2922">
    <p class='ocr_par' dir='ltr' id='par_1_96' title="bbox 1100 2884 1908 2922">
     <span class='ocr_line' id='line_1_96' title="bbox 1100 2884 1908 2922; baseline 0.002 -11"><span class='ocrx_word' id='word_1_621' title='bbox 1100 2884 1175 2911; x_wconf 78' lang='grc' dir='ltr'>ϐλίου</span> <span class='ocrx_word' id='word_1_622' title='bbox 1186 2884 1234 2911; x_wconf 85' lang='grc' dir='ltr'><strong>τοῦ</strong></span> <span class='ocrx_word' id='word_1_623' title='bbox 1248 2884 1382 2918; x_wconf 82' lang='grc' dir='ltr'>Κώδικος,</span> <span class='ocrx_word' id='word_1_624' title='bbox 1395 2893 1451 2913; x_wconf 83' lang='grc' dir='ltr'><strong>κ.τ.</strong></span> <span class='ocrx_word' id='word_1_625' title='bbox 1469 2885 1509 2920; x_wconf 89' lang='grc' dir='ltr'>λ.,</span> <span class='ocrx_word' id='word_1_626' title='bbox 1521 2893 1571 2922; x_wconf 86' lang='lat' dir='ltr'><strong>usq</strong></span> <span class='ocrx_word' id='word_1_627' title='bbox 1583 2893 1617 2914; x_wconf 88' lang='lat' dir='ltr'><strong>ue</strong></span> <span class='ocrx_word' id='word_1_628' title='bbox 1629 2886 1662 2915; x_wconf 85' lang='lat' dir='ltr'><strong>ad</strong></span> <span class='ocrx_word' id='word_1_629' title='bbox 1674 2887 1722 2914; x_wconf 84' lang='grc' dir='ltr'>καὶ</span> <span class='ocrx_word' id='word_1_630' title='bbox 1734 2887 1844 2921; x_wconf 77' lang='grc' dir='ltr'>στοαῖς,</span> <span class='ocrx_word' id='word_1_631' title='bbox 1859 2885 1908 2914; x_wconf 77' lang='grc' dir='ltr'>καὶ</span> 
     </span>
    </p>
   </div>
   <div class='ocr_carea' id='block_1_97' title="bbox 1099 2930 1460 2969">
    <p class='ocr_par' dir='ltr' id='par_1_97' title="bbox 1099 2930 1460 2969">
     <span class='ocr_line' id='line_1_97' title="bbox 1099 2930 1460 2969; baseline 0.003 -11"><span class='ocrx_word' id='word_1_632' title='bbox 1099 2930 1232 2967; x_wconf 78' lang='grc' dir='ltr'>λούτροις,</span> <span class='ocrx_word' id='word_1_633' title='bbox 1249 2931 1296 2959; x_wconf 75' lang='grc' dir='ltr'>καὶ</span> <span class='ocrx_word' id='word_1_634' title='bbox 1307 2931 1418 2967; x_wconf 83' lang='grc' dir='ltr'>κήποις.</span> <span class='ocrx_word' id='word_1_635' title='bbox 1447 2957 1460 2969; x_wconf 43' lang='grc' dir='ltr'><em>Δ</em></span> 
     </span>
    </p>
   </div>
  </div>
