1956 3049
104 122 163 164 1065

604 124 965 157 NOMOCANON.—TIT.
980 126 1032 163 VI,
1048 127 1127 157 CAP.
1142 127 1232 160 Ι-ΙΙΙ.

1675 127 1743 161 1066

129 177 264 212 Σχόλιον.
289 176 322 203 'H
340 175 364 211 γ’
379 176 450 204 διάτ.
479 176 526 204 τοῦ
553 177 586 214 ιβ’
602 179 656 206 τίτ.
671 179 717 206 τοῦ
743 183 766 206 α’
782 179 887 214 βιϐλίου

981 179 1127 208 Sclmlt'um.
1143 181 1262 209 Constil.
1279 181 1306 213 5.
1322 181 1364 209 ιὶι.
1381 181 1427 215 1‘2,
1444 182 1492 210 lib.
1513 189 1522 209 ι
1540 182 1601 210 cod.
1627 189 1670 212 est
1689 185 1737 212 lib.

100 222 141 249 τοῦ
155 222 281 255 κώδικος,
300 222 357 249 ἐστι
371 222 474 258 βιϐλίον
487 223 506 250 ε’
529 223 585 251 τῶν
603 225 767 258 Βασιλικῶν,
785 226 841 252 tit.
851 229 886 258 α’,

100 277 156 303 mp.
177 271 221 300 ια’,
240 268 328 300 οὕτως
343 268 404 304 ἔχον
418 277 425 284 ⁸
442 269 532 305 Μέχρι
546 269 600 297 τῶν
619 271 673 306 πρὸ
689 271 740 306 τῆς
757 271 890 307 δημοσίοις

100 314 194 349 ἀγορᾶς
205 313 257 349 τῆς
277 314 440 349 Ἐκκλησίας
452 315 526 351 ὅρον,
537 316 568 343 τὸ
582 316 701 351 ἀσφαλὲς
712 317 851 353 ἐχέτωσαν
864 318 889 345 ol

101 360 297 396 προσφυγόντες
313 360 464 397 ὲνδοτέροις
474 361 608 399 λουτροῖς,
625 364 641 399 ἢ
654 363 765 399 κήποις,
779 363 796 400 ἢ
811 365 890 400 οίκή-

100 415 184 442 μασιν,
201 406 336 442 ῆαύλαῖς,
352 407 369 443 ἢ
391 409 481 439 στοαῖς
499 408 648 444 χρώμενοι,
662 409 710 436 καὶ
731 409 891 437 κωλυέσθω-

100 460 144 478 σαν
162 451 236 483 ἐντὸς
247 451 296 478 τοῦ
307 451 384 483 ναοῦ,
402 452 419 488 ἢ
435 453 548 486 ἐσθίειν,
569 453 585 489 ἢ
602 454 715 482 ὑπνοῦν.
730 455 845 487 ’Όπλοις
861 455 891 483 δὲ

98 498 203 530 ἑαυτοὺς
235 498 272 533 μὴ
298 498 555 533 ἀσφαλιζέσθωσαν,
581 500 639 527 ἀλλ’
667 501 891 528 ἀποτιθέσοωσαν

97 544 176 571 ταῦτα
201 545 278 580 παρὰ
297 544 335 580 τῷ
358 545 522 581 ὲπισχόπῳ,
547 546 564 581 ἢ
585 546 744 582 πειθόμενοι
770 547 890 582 πρῶτον,

98 591 113 625 ἦ
133 590 198 624 μετὰ
211 590 298 616 ταῦτα.
318 590 515 627 ἐκϐαλλόμενοι
533 593 604 619 κατὰ
621 593 747 620 κέλευσιν
763 594 810 620 τοῦ
829 594 890 620 ἐπι-

98 636 195 663 σκόπου
210 636 259 662 καὶ
271 635 326 663 τῶν
338 636 485 665 δικαστῶν.

130 680 253 708 ΚΕΦΛΛ.
270 680 309 708 Γ’.
326 696 361 700 -
376 681 447 715 Περὶ
468 681 529 709 τῶν
550 682 832 717 εὐτελιζόντωνιτὰς
847 694 892 719 γει-

97 726 219 761 νομέυνας
239 726 369 760 ἀγάπης,
387 727 437 754 καὶ
461 727 506 754 ὅτι
521 729 557 755 οὺ
575 728 624 755 δεῖ
633 728 709 764 μέρη
726 729 892 764 λαμϐάνειν

95 774 136 805 είς
150 772 281 807 ἀγάπην.

127 819 238 846 Συνόδου
257 818 391 854 Γαγγρῶν
405 819 498 847 κανὼν
523 820 556 847 ια’
569 828 575 836 ·
599 821 708 848 συνόδου
731 822 892 854 Λαοδικείας

95 866 179 892 κανὼν
191 864 245 898 κζ’.

941 233 956 252 ν
970 225 1053 254 Basil.
1073 227 1111 254 tit.
1131 227 1158 259 Ι,
1190 234 1252 262 cap.
1283 227 1329 260 ll,
1345 227 1419 263 quod
1441 228 1483 256 sic
1506 228 1611 256 habet:
1632 228 1684 262 Qui
1708 230 1743 257 aut

940 274 1088 302 ecclesiam
1109 274 1284 310 confugiunt,
1299 283 1387 310 usque
1404 275 1439 302 ad
1455 275 1517 311 ejus
1530 276 1676 309 terminos,
1691 278 1739 311 qui

941 325 1005 348 ante
1020 320 1159 355 publicum
1190 320 1282 348 forum
1312 325 1390 353 sunt,
1407 322 1584 349 securitatem
1611 322 1740 350 habento.

946 364 1130 392 lnteriorihus
1151 364 1267 398 balneis,
1291 365 1388 398 hortis,
1414 365 1553 398 domibus.
1580 367 1668 398 atriis.
1687 372 1736 394 aut

943 411 1097 446 porticibus
1110 415 1233 443 utnntor,
1255 411 1326 439 intra
1353 413 1488 447 templum
1513 417 1562 440 aut
1585 413 1668 441 edere
1692 418 1741 441 aut

942 457 1064 485 dormire
1084 462 1220 485 vetantor.
1237 457 1277 485 Ne
1293 465 1323 486 se
1340 459 1425 486 armis
1441 459 1588 486 muniunto
1604 468 1610 486 :
1627 460 1674 487 sed
1690 460 1735 487 illa

943 502 1014 536 apud
1045 501 1206 537 episcopum
1236 502 1418 537 deponunto:
1439 507 1467 530 et
1480 503 1507 530 ni
1534 505 1742 539 quamprimum

942 552 1068 582 pareant,
1084 542 1242 583 mox'jussu
1267 548 1388 584 episcopi
1413 553 1441 576 et
1466 549 1679 585 magistratuum
1693 551 1744 586 eji-

942 599 1063 621 ClllDlOl‘.

980 684 1058 712 CAP.
1074 684 1120 712 ΠΙ.
1135 700 1170 705 -
1187 685 1226 712 De
1249 685 1291 712 his
1331 685 1377 720 qui
1409 689 1583 712 contemnunt
1605 685 1742 720 pastiones

943 738 1098 764 pauperum.
1114 735 1149 763 et,
1165 730 1235 766 quod
1263 739 1316 758 non
1331 731 1471 758 conueniat
1490 731 1525 758 ad
1552 739 1597 758 eas
1612 731 1740 768 [vocatos]

943 782 1046 811 partem
1056 785 1169 804 sumere.

979 823 1095 851 Concilii
1109 823 1293 858 Grangrensis
1301 831 1391 852 canon
1405 825 1418 852 l
1424 825 1437 852 ι
1449 832 1458 857 ;
1471 824 1580 852 concilii
1593 821 1741 854 La'odiceni

906 863 930 893 Β
945 877 1036 898 canon
1051 870 1098 897 2'1.

771 1059 974 1102 ΤΙΤΛΟΣ
1012 1054 1088 1105 α’.

735 1150 818 1177 ΠΕΡΙ
847 1150 893 1177 ΚΔ
899 1150 1100 1177 ΓΠΟΦΟΡΙΩΝ.

673 1315 909 1355 TITULUS
949 1316 1160 1356 SEXTUS.

615 1403 663 1433 DE
685 1403 894 1435 FRUCTUUM
924 1403 1217 1435 OBLATIONIBUS.

127 1565 327 1595 ΚΕΦΑΛΑΙΟΝ
343 1565 492 1593 ΠΡΩΤΟΝ.
509 1577 544 1586 -ι
558 1563 629 1599 Περὶ
644 1563 867 1599 καρποφοριῶν.

981 1564 1058 1592 CAP.
1079 1563 1226 1592 PRIMUM.
1238 1579 1272 1584 —
1286 1564 1325 1591 De
1340 1564 1479 1599 fructuum
1496 1564 1686 1593 oblalionibns.

132 1612 301 1641 ’Δποστόλων
317 1611 409 1639 κανὼν
419 1615 453 1646 γ’,
469 1611 500 1645 δ’,
509 1611 556 1643 νδν,
565 1615 614 1638 ou."
625 1611 735 1637 συνόδου
745 1609 782 1643 ς’,
796 1610 886 1637 κανὼν

88 1658 145 1695 κη’,
160 1659 210 1692 νζ¹,
222 1658 272 1691 οθ’,
291 1657 333 1692 ιϐ’
344 1666 351 1674 ·
368 1657 505 1693 Κυρίλλου
519 1658 552 1684 ὲκ
565 1658 614 1693 τῆς
631 1657 701 1692 πρὸς
713 1656 815 1692 Δόμνον
835 1665 885 1683 κα.-

88 1706 142 1734 νὼν
154 1704 188 1742 β’.

127 1751 322 1787 Κείμενον.Ἦ
337 1749 379 1787 λη’
391 1750 462 1778 διάτ.
493 1750 539 1778 τοῦ
556 1754 580 1785 γ’
595 1750 649 1777 τίτ.
665 1750 713 1777 τοῦ
734 1747 758 1777 α’
770 1749 886 1786 βιϐλίου,

87 1800 173 1835 φησιν
193 1799 234 1826 ὄτι
249 1799 278 1825 οὐ
296 1798 345 1830 δεῖ,
362 1807 389 1825 κ.
402 1806 429 1824 τ.
441 1797 467 1825 λ.
485 1805 585 1832 usque,
600 1797 638 1825 ad
650 1797 778 1831 εὐαγέσιν
790 1797 886 1830 οἴκοις,

123 1846 266 1881 Σχόλιον.
287 1844 320 1871 Ἡ
336 1844 376 1880 λη’
390 1844 461 1871 διάτ.
486 1844 533 1871 τοῦ
559 1842 583 1878 γ’
598 1844 652 1870 τίτ.
667 1843 714 1870 τοῦ
738 1842 762 1870 α’
782 1843 886 1879 βιϐλίου

85 1891 135 1919 τοῦ
147 1891 263 1923 κώδικος
276 1891 327 1918 οὐκ
336 1891 417 1925 ἐτέθη
432 1890 472 1922 εἰς
485 1890 519 1916 τὰ
532 1889 675 1916 Βασιλικά.

122 1938 251 1965 ΚΕΦΔΛ.
266 1936 303 1964 Β¹.
321 1952 355 1958 -
371 1936 461 1969 Τίνας
474 1935 519 1962 δεῖ
537 1934 713 1970 λαμϐάνειν,
731 1934 750 1969 ἣ
771 1934 887 1962 διδόναι

84 1984 307 2019 καρποφορίαν,
327 1983 377 2010 καί
406 1982 474 2016 περὶ
501 1981 561 2009 τῶν
584 1981 800 2016 λαμϐανόντων
826 1982 887 2009 ἀπὸ

82 2032 257 2064 ἐκκλησίας
276 2030 380 2064 κηρὸν,
395 2029 414 2063 ἢ
429 2029 544 2056 ἔλαιον.

129 2076 302 2104 Ἀποστὸλων
331 2075 423 2103 κανὼν
444 2073 484 2110 οβ’
495 2083 501 2089 ·
518 2073 628 2101 συνόδου
649 2074 783 2109 Γαγγρῶν
795 2073 886 2101 κανὼν

82 2123 120 2157 ζ’,
138 2123 198 2160 En"
215 2123 346 2158 Θεοφίλου
364 2123 396 2149 ἐκ
412 2121 458 2148 τοῦ
476 2120 698 2156 ’Υπομνηστικοῦ
712 2121 803 2148 κανὼν
817 2121 849 2153 ζ’.

122 2170 253 2198 ΚΕΦΑΛ.
276 2169 314 2197 Γ’.
331 2169 400 2204 Περὶ
417 2168 478 2195 τῶν
501 2168 735 2202 προσφερόντων
750 2175 887 2203 συναγω-

82 2217 155 2253 γαῖς
168 2218 188 2252 ἢ
205 2216 294 2251 ἱεροῖς
310 2216 415 2243 ἐθνῶν.

129 2263 303 2290 Ἀποστόλων
316 2262 406 2289 κανὼν
421 2267 472 2296 οα’,
485 2263 536 2299 οβ’.

121 2311 281 2344 ΚεΙμενον.
300 2307 332 2335 'H
352 2308 375 2335 α’
389 2309 459 2337 am.
483 2309 531 2336 τοῦ
550 2307 572 2336 0'
587 2308 640 2335 τίτ.
677 2307 725 2334 τοῦ
745 2305 768 2334 α’
787 2306 890 2342 βιϐλίου

977 1610 1171 1645 Apostolorum
1187 1617 1274 1638 canon
1299 1610 1326 1642 5,
1345 1611 1372 1642 4,
1392 1610 1436 1642 54,
1457 1609 1509 1642 7i;
1526 1611 1639 1638 concilii
1668 1612 1739 1639 sexti

943 1665 1032 1685 canon
1046 1657 1092 1690 ‘28,
1110 1657 1154 1690 57,
1173 1657 1217 1690 79,
1241 1657 1392 1694 99.0yrilli
1409 1666 1444 1686 ex
1469 1657 1586 1692 epistola
1602 1658 1636 1685 ad
1654 1657 1753 1693 Dom-_

946 1711 1010 1730 num
1019 1711 1108 1731 canon
1123 1704 1151 1732 2.

980 1749 1089 1777 Texlus.
1100 1750 1193 1779 Const.
1203 1750 1248 1782 58,
1261 1750 1301 1778 tit.
1312 1751 1338 1784 ὅ,
1352 1751 1399 1779 lib.
1416 1758 1423 1778 l
1439 1752 1501 1780 cod.
1513 1752 1571 1780 ait:
1583 1750 1662 1784 Quod
1674 1758 1738 1784 non,

941 1799 1007 1828 ctc.,
1018 1804 1100 1830 usque
1111 1796 1146 1823 ad
1160 1797 1361 1824 venerabilibus
1370 1797 1508 1831 domibuS,
1521 1804 1550 1825 ut
1561 1805 1622 1832 pag.
1641 1797 1705 1824 054.

979 1844 1125 1872 Sclwlium.
1144 1844 1238 1872 Const.
1253 1845 1298 1879 58,
1315 1845 1356 1873 tit.
1381 1845 1409 1878 5,
1421 1845 1470 1874 lib.
1488 1846 1572 1874 icod.
1594 1845 1623 1872 in
1655 1845 1739 1872 Busil.

943 1897 998 1917 non
1011 1894 1054 1917 est
1064 1890 1162 1924 posita.

978 1935 1056 1964 CAP.
1069 1935 1102 1963 ll.
1120 1951 1156 1956 —
1173 1936 1311 1970 Quasnam
1327 1941 1448 1971 oporteat
1470 1938 1599 1972 accipere,
1613 1941 1660 1963 aut
1676 1936 1740 1963 dare

943 1975 1079 2017 fructuum
1093 1981 1252 2014 oblationes,
1269 1987 1294 2010 et
1321 1983 1353 2009 de
1365 1983 1399 2010 iis
1414 1983 1460 2018 qui
1471 1991 1503 2010 ea;
1521 1983 1632 2011 ecclesia
1650 1991 1738 2010 ceram

944 2034 989 2056 aut
1005 2029 1091 2056 oleum
1104 2029 1268 2064 subripiunt.

978 2075 1170 2110 Apostolorum
1186 2082 1275 2102 canon
1298 2074 1347 2108 72;
1374 2075 1484 2103 concilii
1505 2075 1673 2111 Gangrcnsis
1693 2081 1739 2101 ca-

944 2130 998 2149 non
1013 2122 1040 2153 7,
1058 2121 1085 2152 6,
1101 2120 1137 2153 8;
1154 2120 1297 2156 Theophili
1308 2128 1341 2148 ex
1351 2121 1561 2149 commouitorio
1577 2127 1666 2148 canOn
1679 2119 1705 2147 7.

978 2167 1056 2196 CAP.
1076 2166 1119 2194 lll.
1137 2183 1172 2188 —
1192 2166 1230 2194 De
1255 2167 1289 2194 iis
1311 2167 1356 2202 qui
1379 2168 1506 2203 o/ferunt
1521 2167 1675 2202 synagoqis,
1691 2172 1737 2193 aut

943 2214 1048 2250 templis
1061 2214 1189 2250 gentium.

902 2256 929 2287 D
977 2261 1173 2296 ApOstolm-um
1192 2268 1281 2288 canon
1295 2260 1341 2294 Ἠ,
1355 2260 1398 2288 72.

976 2309 1084 2335 Tractus.
1111 2306 1206 2335 Const.
1235 2308 1260 2341 l,
1277 2308 1320 2335 tit.
1345 2307 1372 2339 9,
1395 2306 1443 2334 lib.
1461 2315 1469 2334 I
1485 2305 1547 2334 cod.
1571 2305 1736 2339 aitzQuod,

77 2357 133 2384 τοῦ
153 2357 270 2388 κώδικος
291 2357 385 2392 φησὶν,
401 2365 428 2383 χ.
449 2365 474 2384 τ.
489 2356 514 2383 λ.
529 2363 618 2390 usque
642 2354 676 2382 ad
692 2355 710 2390 ἡ
730 2354 809 2386 πόλις
825 2353 887 2380 αὐτὶ

957 2359 1005 2387 tc.,
1021 2362 1101 2390 usque
1118 2353 1152 2380 ad
1165 2354 1261 2381 civitas
1275 2353 1374 2389 capiat,
1389 2359 1418 2380 ut
1431 2361 1504 2388 ρας..
1521 2353 1585 2381 655.

77 2403 235 2440 λαμϐάνει.

118 2450 268 2485 Σχόλιον.
287 2450 318 2477 ’Π
341 2449 364 2477 α’
387 2449 459 2477 διάτ.
492 2449 539 2476 τοῦ
562 2448 584 2476 θ’
606 2449 658 2477 τίτ.
673 2447 721 2475 τοῦ
744 2450 768 2475 a.’
786 2447 890 2482 βιϐλίου

76 2496 133 2524 τοῦ
148 2496 265 2528 κώδικος
276 2498 327 2524 οὐκ
341 2497 422 2533 ἐτέθη
436 2498 476 2529 είς
488 2498 522 2524 τὰ
534 2496 677 2524 Βασιλικά.
700 2496 732 2523 Ἠ
746 2495 775 2522 δὲ
789 2495 887 2530 ὲννάτη

75 2542 161 2569 διά-ε.
181 2542 229 2568 τοῦ
259 2546 293 2569 ια’
313 2544 365 2569 τίτ.
394 2542 440 2569 τοῦ
460 2541 483 2569 α’
498 2541 603 2577 βιϐλίου
620 2541 666 2568 τοῦ
687 2541 814 2572 κώδικος,
830 2540 888 2566 ἐστι

75 2587 194 2623 βιϐλίον
219 2589 274 2615 τῶν
300 2588 453 2616 Βασιλικῶν
470 2588 505 2622 α’,
527 2588 581 2616 τίτ.
597 2592 632 2621 α’,
649 2596 712 2623 κεφ.
735 2587 777 2620 ιδ’,
802 2585 888 2618 οὕτως

75 2633 148 2669 ἕχον
167 2633 206 2665 ὼς
221 2634 262 2666 εἰς
273 2634 304 2661 τὸ
319 2633 446 2670 κείμενον
457 2633 625 2669 συνωψίσθη.

285 2907 421 2935 ΡΑτιιυι.
442 2905 503 2934 Gn.
526 2904 604 2935 CIV.

978 2435 1125 2464 Sc/iolium.
1146 2436 1279 2469 ConstJ,
1295 2436 1338 2463 lit.
1362 2435 1389 2468 9,
1421 2435 1469 2463 lib.
1489 2443 1495 2462 ι
1515 2434 1577 2463 cod.
1600 2435 1627 2462 in
1653 2434 1739 2462 Basil.

942 2491 996 2511 non
1011 2488 1054 2511 est
1077 2483 1174 2519 posita.
1205 2483 1257 2511 Sed
1274 2487 1362 2510 const.
1384 2483 1411 2513 9.
1434 2483 1477 2510 tit.
1500 2482 1545 2515 11,
1569 2482 1617 2510 lib.
1646 2490 1654 2509 l
1675 2482 1737 2508 coll.

942 2531 1042 2559 estlih.
1061 2539 1069 2557 ι
1096 2530 1178 2558 Basil.
1192 2531 1235 2557 tit.
1259 2530 1284 2563 1,
1299 2538 1360 2565 cup.
1377 2530 1420 2563 Η,
1437 2530 1511 2565 quod
1529 2530 1570 2557 sic
1585 2530 1676 2557 habet.
1705 2528 1739 2555 Ut

943 2579 969 2604 in
988 2581 1063 2605 textu
1079 2577 1131 2605 sub
1147 2577 1494 2612 compcndioqpropositum
1507 2582 1560 2604 est.

1487 2899 1526 2930 3ft
