1946 3076
207 127 271 158 1(θῖ

775 123 904 154 ΡΠΟΤΙΙ
927 122 1067 153 PA'l‘lllA
1073 121 1182 151 ΗΟΗίΕ
1205 121 1260 150 CP.

1770 118 1829 151 1068

209 229 1821 250 W

884 317 1088 361 ΤΙΤΛΟΣ
1127 317 1178 359 Z'.

208 391 289 444 IlliPl
314 413 495 446 ΝΗΣΤΕΙΑΣ,
516 412 575 439 ΚΑΙ
599 411 669 438 ΤΗΣ
694 408 1308 472 ΤΕΣΣΔΡΑΚΟΣΤΗῇΜΙὲἃΣΚΥΡΙΑΚΗΣ,
1339 408 1399 435 ΚΑΙ
1439 407 1629 442 ΣΛΒΒΑΤΟΥ,
1646 407 1704 435 ΚΑΙ
1723 407 1825 437 PONT-

733 533 968 574 TlTULUS
1006 533 1269 572 SEPTIMUS

202 626 256 656 DE
269 624 438 658 JEJUNlO.
449 619 640 661 QUADRAG
649 623 782 660 ESIMA,
799 621 1313 693 ΡρἷϐἑίἓῶῐὲὍΙῖ-’Ἦῖἓὲἓὲτῇ
1329 620 1532 652 DOMINICO
1550 620 1631 657 DIE,
1647 619 1835 658 SABBATO,

239 771 354 800 CAPUT
386 769 537 798 PRIMUM.
557 784 591 789 —
607 769 645 796 De
659 768 774 804 jejunio,
788 773 812 796 et
836 769 870 796 iis
893 776 953 804 qum
978 768 998 795 ἱι

1094 767 1292 794 ΚΕΦΔΛΑΙΟΝ
1306 766 1456 794 ΠΡΩΤΟΝ.
1471 781 1505 786 --
1526 765 1598 800 Περὶ
1616 767 1770 800 νηστείας,
1795 767 1842 794 καὶ

205 818 415 854 Quadragesima
434 816 600 852 jejuniarum
615 815 696 843 vetita
719 819 765 843 aut
776 815 906 850 permissa
920 819 992 842 sunt.

240 923 433 960 Apostolorum
449 929 538 949 canon
553 920 599 954 6i,
621 920 673 954 69;
689 921 799 949 concilii
813 920 992 957 Gangrensis,

205 978 292 1000 canon
311 969 355 1002 l8,
368 969 421 1002 l9;
438 967 547 996 concilii
568 967 715 994 Laodiceni
740 974 828 994 canon
837 967 882 1000 49,
893 967 937 1000 50,
955 967 1000 999 51,

204 1017 256 1049 52;
269 1014 379 1043 coucilii
394 1013 464 1042 sexti
505 1020 594 1040 canon
610 1012 656 1045 29,
677 1011 723 1045 52,
740 1011 784 1047 55,
801 1012 847 1046 56,
862 1012 911 1045 89;
928 1012 1000 1041 Petri

205 1069 294 1089 canon
314 1060 358 1088 15.

240 1104 455 1138 Textus.=,Const.
475 1104 503 1135 5,
523 1104 566 1132 tit.
587 1103 632 1137 12,
648 1103 696 1131 lib.
713 1111 743 1131 ιιι
769 1103 830 1142 cod.
846 1103 885 1131 ait
903 1104 1001 1137 :Quod

206 1151 401 1186 Quadraginta,
425 1153 490 1182 etc.,
509 1157 590 1184 usque
609 1149 644 1176 ad
670 1149 804 1177 duntaxat
828 1150 956 1185 ignosci,’
971 1155 1001 1177 ut

205 1206 268 1234 pug.
284 1197 347 1224 6⁸59.

241 1242 388 1271 Scholium.
404 1241 500 1268 Const.
514 1240 542 1273 5,
555 1240 597 1273 tit,
615 1240 660 1273 1‘2,
672 1240 721 1267 lib.
738 1247 770 1267 ttt
805 1240 866 1268 cod.
882 1246 998 1276 estcap.

205 1288 250 1322 22,
264 1289 306 1316 tit.
324 1288 374 1321 l7;
388 1288 436 1319 lib,
455 1294 491 1314 vtt
513 1286 596 1314 Basil.
615 1291 704 1314 const.
720 1286 737 1314 6
758 1286 882 1321 ejusdem
902 1288 943 1314 tit.
958 1292 1000 1315 cst

205 1344 264 1371 cap.
273 1335 395 1370 ejusdem
410 1333 458 1361 lib.
472 1338 500 1360 et
513 1332 554 1360 tit.
565 1333 617 1366 25;
628 1337 717 1361 const.
729 1333 744 1359 7
755 1338 796 1361 est
809 1341 869 1368 cap.
878 1333 914 1360 24
924 1334 1000 1369 ejus-

204 1383 266 1410 dem
284 1381 331 1408 lib.
348 1385 375 1408 ct
390 1381 434 1408 tit.
459 1384 549 1408 const.
562 1379 580 1407 8
594 1383 636 1407 est
659 1387 721 1414 cap.
736 1379 772 1407 25
792 1388 799 1413 ;
816 1380 938 1412 ejusdem
951 1380 998 1408 lib.

205 1433 233 1456 et
249 1429 292 1456 tit.
309 1427 381 1462 quod
408 1427 434 1454 in
458 1430 534 1454 tcxtu
558 1426 756 1460 comprehensa
778 1426 845 1454 dicit
865 1431 954 1454 const.
971 1426 999 1460 5,

1061 814 1121 841 τῶν
1136 813 1363 849 κεκωλυμένων,
1387 813 1406 848 ἣ
1435 812 1696 848 ἐπιτετραμμένων
1717 813 1846 847 γίνεσθαι

1054 861 1088 888 ὲν
1105 860 1141 895 τῇ
1156 859 1391 895 τεσσαρακοστῇ
1406 859 1465 887 τῶν
1483 859 1644 894 νηστειῶν.

1099 917 1268 945 Ἀποστόλων
1283 916 1374 945 κανὼν
1395 916 1445 950 Ea},
1461 916 1498 949 ἔθ’
1510 924 1516 932 ·
1532 917 1644 944 συνόδου
1663 916 1795 952 Γαγγρῶν
1806 925 1850 943 κα-

1056 962 1108 990 νὼν
1138 962 1184 999 ιη’,
1198 962 1238 997 ,ιϐ’
1249 971 1256 978 ·
1281 963 1390 990 συνόδου
1404 962 1564 994 Λαοδικείας
1578 961 1672 990 κανὼν
1689 962 1744 997 μθν,
1756 961 1789 994 v',
1803 961 1850 996 va',

1055 1008 1095 1045 νβ’
1105 1018 1112 1026 τ
1127 1010 1236 1037 συνόδου
1253 1009 1279 1042 ς’
1293 1009 1385 1037 κανὼν
1399 1008 1453 1045 κβ⁹,
1464 1008 1515 1045 νβ’,
1532 1008 1580 1043 νε’,
1598 1008 1658 1043 νς’,
1671 1008 1717 1036 πθ¹
1728 1017 1737 1025 ·
1751 1009 1850 1044 Πέτρου

1055 1055 1146 1083 κανὼν
1161 1055 1203 1083 ιε’.

1090 1103 1246 1137 Κείμενον.
1270 1103 1302 1130 Ἡ
1328 1101 1348 1129 ε’
1362 1102 1431 1130 διάτ.
1449 1102 1496 1129 τοῦ
1509 1102 1541 1138 ιβ’
1556 1103 1610 1130 τίτ.
1646 1102 1695 1130 τοῦ
1715 1101 1740 1136 γ’
1756 1101 1850 1137 βιϐλίου

1055 1149 1101 1176 τοῦ
1115 1149 1240 1181 κώδικος,
1250 1149 1343 1185 φησὶν,
1355 1157 1381 1176 κ.
1397 1158 1422 1176 τ.
1436 1149 1472 1181 λ.,
1482 1149 1570 1184 iisque
1580 1148 1617 1177 ad
1627 1149 1653 1175 οἱ
1661 1149 1754 1176 λοιποὶ
1766 1157 1853 1183 συγγι-

1055 1195 1216 1224 νώσκονται.

1091 1243 1230 1275 Σχόλιον.
1253 1242 1285 1268 Ἦ
1302 1241 1322 1268 ε’
1336 1241 1405 1269 διάτ.
1445 1241 1492 1268 τοῦ
1512 1241 1544 1277 ιβ’
1562 1242 1617 1269 τιτ.
1644 1242 1694 1270 τοῦ
1715 1241 1740 1277 γ’
1758 1241 1854 1278 βιϐλίου

1055 1289 1102 1316 τοῦ
1119 1289 1245 1322 κώδικος,
1261 1289 1319 1316 ἐστι
1335 1298 1399 1324 κεφ.
1421 1289 1462 1325 κβ¹
1490 1288 1536 1316 τοῦ
1562 1288 1594 1320 ιζ’
1619 1290 1676 1316 τίτ.
1712 1289 1761 1316 τοῦ
1777 1289 1798 1321 ζ’
1816 1289 1854 1324 βι-

1056 1335 1130 1362 ϐλίου
1142 1335 1195 1362 τῶν
1209 1335 1372 1363 Βασιλικῶν.
1394 1335 1426 1362 Ἡ
1441 1334 1467 1368 ς’
1481 1335 1552 1362 διάτ.
1567 1336 1616 1362 τοῦ
1632 1336 1721 1363 αὐτοῦ
1737 1336 1790 1363 τίτ.
1801 1335 1855 1362 ἔστι

1057 1390 1120 1416 κεφ.
1143 1381 1191 1408 τοῦ
1210 1382 1294 1409 αὐτοῦ
1316 1382 1418 1417 βιϐλίου
1434 1382 1488 1409 τῶν
1507 1382 1678 1410 Βασιλικῶν.
1694 1383 1728 1410 Ἦ
1746 1382 1772 1415 ς’
1788 1382 1853 1409 atat.

1056 1429 1104 1455 τοῦ
1122 1428 1204 1455 αὑτοῦ
1222 1429 1274 1456 τίτ.
1290 1429 1347 1455 ἐστι
1367 1437 1429 1463 κεφ.
1447 1429 1494 1456 τοῦ
1509 1428 1593 1455 αὐτοῦ
1615 1428 1726 1464 βιϐλίου
1745 1429 1793 1456 καὶ
1807 1428 1856 1456 ait.

205 1475 249 1502 tit.
265 1475 293 1506 Α,
310 1474 356 1501 lib.
375 1481 382 1500 t
398 1473 460 1501 cod.
475 1477 518 1500 est
537 1480 598 1508 cap.
614 1472 660 1505 26,
679 1473 720 1500 tit.
741 1473 783 1505 l7,
800 1473 845 1500 lib.
864 1481 900 1500 rit
915 1473 998 1501 Basil.

1067 1473 1146 1508 :y'.’H
1159 1473 1195 1509 ιζ’
1212 1474 1281 1501 διάτ.
1301 1474 1358 1501 ἔστι
1375 1483 1438 1509 κεφ.
1457 1473 1496 1501 κδ’
1515 1475 1562 1501 τοῦ
1580 1474 1672 1501 αὐτοῦ
1691 1474 1796 1509 βιϐλίου
1813 1473 1856 1500 καὶ

206 1521 279 1557 quod
296 1521 333 1548 ita
351 1520 408 1548 fere
423 1519 504 1547 habet
521 1529 528 1547 :
546 1519 783 1552 Quemadmodum
808 1526 823 1546 a
843 1519 999 1554 patriarcha

206 1569 233 1595 in
251 1567 443 1602 compendium
467 1571 508 1594 est
525 1570 706 1593 contractum.
724 1565 858 1593 Cteterum
884 1567 906 1594 si
930 1575 1000 1602 quo-

206 1623 271 1642 nam
287 1614 331 1642 die
349 1614 453 1649 judicia
468 1617 589 1644 cessent,
611 1618 706 1640 exacte
722 1613 827 1640 discere
843 1613 928 1640 velis:
944 1614 1000 1649 lege

205 1662 375 1690 adorandam
392 1661 464 1687 illam
483 1659 618 1687 divinitus
631 1659 767 1692 coronati,
785 1659 880 1693 optimi
901 1658 1000 1695 [maxi-

206 1708 267 1744 mi],
291 1716 323 1735 ac
338 1707 426 1735 sancti
451 1706 536 1733 nostri
554 1705 739 1740 imperatoris,
753 1706 848 1732 domui
868 1705 999 1733 lilanuclis

204 1756 339 1784 Comneni
363 1755 508 1786 novellam,
537 1761 631 1781 mense
655 1753 764 1785 Martio,
787 1754 936 1781 indictione
955 1755 999 1785 M,

205 1810 279 1829 anno
297 1810 310 1829 a
324 1802 434 1829 Christo
451 1809 530 1836 passo
541 1801 594 1828 δτι
609 1801 751 1832 emissam,
767 1806 847 1835 atque
865 1801 922 1828 Inec
937 1806 998 1836 post

205 1847 372 1882 prooemium
386 1847 612 1881 complectentem
630 1854 636 1872 :
652 1847 791 1873 sancimus
804 1847 887 1880 igitur
915 1851 944 1874 ut
960 1847 997 1874 illi

207 1893 267 1919 dies
279 1892 369 1919 feriati
385 1892 450 1924 sint,
465 1899 535 1927 quos
550 1892 576 1918 in
595 1892 722 1927 prmsettti
737 1892 934 1919 constitutione
951 1900 1000 1919 no-

206 1937 332 1965 miuatim
355 1938 591 1965 enumerabimus.
610 1938 731 1971 Quorum
750 1937 796 1964 alii
821 1939 934 1965 omnino
952 1938 1000 1966 toti

207 1983 299 2011 feriati
315 1983 381 2016 sint,
397 1987 427 2010 ut
448 1983 524 2010 nullo
541 1983 622 2010 modo
640 1983 693 2010 ulla
710 1982 830 2018 ipsorum
846 1988 922 2019 parte
934 1992 1001 2011 cou-

206 2030 281 2056 stilui
299 2028 434 2064 judicium
457 2029 553 2063 possit,
567 2035 643 2056 extra
667 2035 750 2063 quant
774 2029 796 2056 si
821 2028 892 2056 forte
912 2029 1000 2064 impe-

206 2079 282 2102 rator
297 2073 510 2109 dispensationis
526 2073 617 2106 modo,
631 2078 678 2101 aut
697 2073 833 2110 [propter]
849 2074 1000 2102 necessita-

208 2127 261 2148 tem
278 2121 320 2156 (ut
347 2121 432 2147 multa
449 2128 637 2156 saepenumero
657 2128 748 2147 rerum
766 2121 927 2148 vicissitudo
950 2129 1000 2148 tto-

1051 1521 1152 1547 τίτλον.
1173 1521 1205 1547 Ἠ
1220 1524 1244 1555 η’
1258 1521 1328 1547 διάτ.
1349 1521 1407 1547 ἐστι
1425 1530 1489 1555 κεφ.
1507 1519 1546 1547 κε’
1565 1521 1618 1548 τοῦ
1641 1521 1730 1548 αὐτοῦ
1744 1521 1797 1548 τίτ.
1815 1520 1859 1546 καὶ

1053 1566 1154 1602 βιϐλίου
1176 1567 1209 1593 τὰ
1225 1567 1264 1601 τῷ
1283 1567 1404 1602 κειμένῳ
1415 1567 1602 1603 περιεχόμενα
1622 1567 1719 1602 λέγον.
1738 1567 1793 1594 Καὶ
1807 1567 1822 1601 ή
1838 1573 1858 1600 γ’

1050 1613 1121 1640 διάτ.
1149 1613 1196 1640 τοῦ
1211 1612 1234 1639 δ’
1246 1614 1312 1646 τίτ.,
1328 1612 1353 1640 α’
1375 1612 1479 1648 βιϐλίου
1498 1612 1544 1639 τοῦ
1568 1612 1707 1647 κὼδικος,
1728 1613 1787 1640 ἐστι
1802 1620 1860 1646 xeo.

1051 1657 1097 1690 κς¹
1129 1659 1176 1685 τοῦ
1199 1657 1231 1689 ιζ’
1247 1667 1301 1685 τιτ.
1318 1658 1364 1685 τοῦ
1377 1657 1399 1691 ζ’
1415 1658 1518 1693 βιϐλίου
1533 1658 1589 1685 τῶν
1605 1658 1769 1685 Βασιλικῶν
1783 1657 1864 1687 οὕτως

1050 1705 1112 1740 ἔχον
1135 1704 1228 1740 σχεδὸν
1252 1705 1289 1736 ὡς
1304 1704 1380 1740 παρὰ
1391 1704 1437 1731 τοῦ
1452 1704 1634 1740 πατριάρχου
1649 1704 1823 1740 συνωψίσθη.
1836 1702 1865 1729 El

1051 1751 1138 1783 θέλεις
1152 1752 1180 1777 δὲ
1198 1751 1293 1785 μαθεῖν
1308 1751 1431 1787 ἀκριϐῶς
1447 1751 1519 1777 κατὰ
1534 1751 1620 1778 ποίαν
1642 1751 1757 1786 ἡμέραν
1774 1751 1863 1784 ἀπρα-

1052 1798 1145 1824 κτοῦσι
1166 1798 1199 1824 τὰ
1212 1798 1385 1833 δικαστήρια,
1405 1797 1543 1831 ἀνάγνωθι
1558 1797 1616 1833 τὴν
1634 1798 1712 1824 κατὰ
1727 1797 1774 1824 τὸν
1789 1796 1867 1830 Μᾶρ-

1051 1853 1107 1871 τιον
1121 1845 1193 1880 μῆνα
1205 1844 1255 1879 τῆς
1268 1842 1468 1875 ιδ’ἱνδικτιῶνος
1481 1843 1528 1870 τοῦ
1545 1843 1637 1879 1εςχελδ¹
1670 1844 1754 1875 ἔτους
1770 1842 1869 1870 ἀπολυ-

1051 1888 1143 1916 θεῖσαν
1152 1889 1342 1925 προσκυνητὴν
1351 1888 1461 1924 Νεαρὰν
1469 1889 1515 1915 τοῦ
1525 1888 1714 1924 θεοστεφοῦς,
1724 1888 1870 1925 κρατίστου

1052 1937 1098 1963 καὶ
1108 1937 1186 1970 ἁγίου
1198 1936 1277 1972 ἡμῶν
1289 1936 1491 1971 αὐτοκράτορος
1501 1936 1641 1970 Μανουὴλ
1653 1936 1705 1962 τοῦ
1715 1934 1871 1970 Κομνηνοῦ,

1051 1984 1099 2010 καὶ
1112 1982 1200 2009 ταῦτα
1214 1981 1283 2018 μετὰ
1293 1981 1324 2008 τὸ
1339 1981 1481 2017 προοίμιον
1496 1981 1763 2016 ὃιαλαμϐάνουσαν.
1779 1980 1873 2007 Θεσπί-

1052 2030 1135 2064 ζομεν
1157 2027 1204 2056 οὗν
1221 2029 1332 2060 ὲκείνας
1348 2027 1417 2054 εἶναι
1434 2028 1488 2054 τῶν
1509 2028 1634 2063 ἡμερῶν
1654 2030 1822 2064 ἀπράκτους
1842 2026 1873 2057 ἃς

1052 2077 1081 2102 ἐν
1096 2077 1130 2111 τῇ
1146 2075 1271 2111 παρούσῃ
1281 2075 1402 2108 διατάξει
1417 2074 1506 2110 ῥητῶς
1523 2074 1811 2110 ἀνηριθμησάμεθα,
1827 2073 1872 2099 καὶ

1052 2122 1128 2154 τινὰς
1141 2122 1190 2158 μὲν
1200 2122 1290 2148 αὐτῶν
1299 2121 1329 2148 τὸ
1340 2122 1428 2157 πάντη
1440 2121 1584 2156 ἄπρακτον
1599 2121 1680 2157 ἔχειν
1690 2122 1732 2154 ὡς
1743 2119 1874 2156 μηδαμῶς

206 2167 276 2194 vitcr
293 2165 453 2200 introducit)
470 2167 496 2193 iu
511 2166 563 2193 illis
578 2166 659 2194 etiam
681 2166 814 2200 judicium
836 2167 998 2194 constituere

1070 2170 1141 2196 ιόλου
1154 2169 1202 2195 τοῦ
1215 2168 1305 2195 αὐτῶν
1319 2168 1505 2203 διαστήματος
1521 2167 1721 2194 συνίστασθαι
1736 2166 1871 2200 δικαστή-

207 2213 273 2241 vclit
291 2223 297 2240 :
315 2213 361 2240 alii
376 2221 441 2240 vero
465 2221 497 2239 cx
512 2218 589 2248 parte
604 2221 618 2240 a
632 2212 745 2247 judiciis
762 2218 908 2244 cessent,a
924 2220 1004 2240 mane

206 2259 335 2286 videlicet
350 2266 438 2293 usque
456 2258 490 2285 ad
506 2258 595 2292 ipsum
615 2258 699 2284 divini
720 2258 865 2285 ministerii
884 2262 1002 2293 tctnpus,

208 2309 238 2331 ut
262 2304 401 2338 judiclbus
423 2303 628 2339 precationibus
649 2308 732 2338 atque
754 2303 932 2338 glorificando
949 2303 1004 2330 Deo

207 2358 306 2378 vacare
323 2351 415 2385 liceat,
435 2359 467 2378 ac
485 2349 606 2386 [deinde]
623 2355 686 2385 post
699 2343 823 2377 divinum
837 2350 1003 2378 sacrificium

204 2398 321 2431 justitin:
346 2405 458 2432 operam
474 2402 585 2430 navent,
610 2398 817 2432 secundumque
835 2398 925 2433 legum
948 2398 1002 2425 vim

207 2442 337 2477 injuriam
361 2443 451 2478 passis
482 2443 614 2470 auxilium
639 2442 737 2470 ferant.
758 2441 1002 2470 Verumcuimvcro

207 2489 306 2523 quibus
323 2489 359 2516 ita
377 2494 439 2524 post
454 2489 576 2516 divinum
593 2489 777 2516 ministerium
794 2489 920 2524 judicare
937 2497 1000 2524 per-

206 2535 323 2562 missum
339 2540 392 2566 cst,
410 2535 436 2562 in
451 2535 630 2562 conficiendis
645 2542 660 2561 a
673 2542 703 2562 se
716 2535 917 2568 instrumentis,
935 2541 1002 2562 tem-

205 2581 279 2614 poris
294 2589 348 2616 quo
363 2581 407 2608 illa
427 2581 551 2609 confecta
564 2585 640 2614 sunt,
654 2582 821 2609 mentionem
839 2581 951 2609 facient.
964 2583 1003 2609 Ac

203 2627 322 2661 primum
334 2628 445 2663 quidem
467 2628 501 2655 de
516 2628 629 2655 omnino
643 2628 749 2656 feriatis
763 2633 805 2656 est
817 2629 963 2661 agendum.

1056 2224 1122 2251 ριον,
1154 2215 1178 2241 εἰ
1213 2215 1249 2250 μὴ
1280 2214 1407 2250 βασιλεὺς
1440 2214 1497 2244 ἴσος
1521 2213 1700 2249 οἰκονομίας
1725 2214 1834 2250 τρόπῳ,
1860 2211 1874 2246 ῆ

1054 2262 1175 2295 ἀνάγκης
1195 2261 1274 2287 ὁποῖα
1289 2259 1419 2290 πολλάκις
1436 2259 1466 2285 τὸ
1483 2259 1645 2294 mpm-ets;
1669 2259 1730 2285 τῶν
1748 2256 1875 2295 πραγμά-

1053 2315 1107 2333 των
1121 2306 1301 2336 νεανιεύεται,
1317 2305 1420 2340 θελήσῃ
1433 2305 1546 2331 καθῖσαι
1563 2305 1618 2332 καὶ
1634 2307 1667 2332 ὲν
1685 2307 1789 2337 αὐταῖς
1803 2305 1876 2331 δικα-

1056 2354 1167 2390 στήρια,
1182 2353 1259 2385 τινας
1278 2353 1306 2379 δὲ
1322 2352 1377 2379 ἀπὸ
1391 2352 1493 2387 μέρους
1506 2351 1591 2386 ἄγειν
1607 2353 1670 2380 τῶν
1688 2351 1877 2388 δικαστηρίων

1058 2400 1168 2435 σχολὴν,
1183 2401 1220 2431 ὡς
1232 2397 1288 2426 οἷον
1301 2399 1385 2426 ἕωθεν
1403 2399 1484 2434 μέχρι
1501 2399 1547 2424 καὶ
1566 2400 1614 2430 είς
1632 2401 1725 2427 αὑτὸν
1741 2401 1793 2435 τῆς
1808 2399 1878 2428 θείας

1058 2446 1228 2482 λειτουργίας
1243 2446 1350 2480 καιρὸν,
1366 2445 1408 2471 ἵνα
1421 2446 1476 2476 τοῖς
1490 2444 1649 2477 δικασταῖς
1667 2445 1750 2480 ἐξείη
1760 2451 1877 2481 προσαν-

1054 2494 1127 2528 έχειν
1139 2493 1217 2528 εὐχῇ,
1231 2493 1278 2519 καὶ
1292 2493 1325 2528 τῇ
1341 2492 1407 2527 περὶ
1423 2491 1453 2517 τὺ
1467 2491 1539 2517 θεῖον
1557 2491 1731 2529 δοξολογίᾳ,
1749 2494 1796 2520 καὶ
1815 2489 1878 2527 μετὰ

1054 2540 1104 2574 τὴν
1119 2539 1194 2566 θείαν
1211 2538 1410 2574 ἱεροτελεστίαν
1425 2538 1630 2572 ἐπιμελεῖσθαι
1652 2541 1705 2566 καὶ
1718 2540 1770 2573 τῆς
1783 2539 1879 2565 δικαιο-

1055 2586 1151 2621 σύνης,
1164 2586 1212 2612 καὶ
1224 2587 1280 2617 τοῖς
1289 2585 1371 2612 ἄδικα
1383 2584 1550 2611 πεπονθόσιν
1564 2585 1740 2622 ἐπαρήγειν
1752 2587 1823 2613 κατὰ
1834 2585 1880 2617 τὴν

1054 2630 1109 2657 τῶν
1134 2631 1225 2666 νόμων
1255 2630 1343 2665 ἰσχύν.
1368 2630 1400 2656 0i
1418 2630 1510 2665 μέντοι
1533 2629 1619 2656 οὕτω
1638 2632 1716 2666 μετὰ
1732 2631 1785 2668 τὴν
1808 2630 1878 2656 Θείαν

199 2673 375 2710 λειτουργίαν
387 2675 618 2710 ἐπιτετραμμένοι
633 2674 756 2707 δικάζειν
771 2676 872 2707 ἐντοῖς
911 2677 1061 2712 γινομένοις
1086 2679 1149 2714 παρ’
1184 2677 1274 2704 αὐτῶν
1307 2676 1483 2712 σημειώμασι
1517 2679 1729 2713 μεμνήσονται
1755 2678 1804 2706 τοῦ
1824 2685 1880 2704 και-

205 2721 255 2756 ροῦ
283 2722 344 2749 καθ’
365 2721 394 2747 ὃν
420 2721 454 2747 τὰ
480 2720 664 2756 σημειώματα
692 2721 869 2756 πράττονται.
891 2722 945 2748 Καὶ
969 2722 1001 2757 δὴ
1022 2724 1130 2759 πρῶτον
1149 2723 1278 2759 περὶτῶν
1294 2723 1394 2754 τελέως
1408 2722 1564 2758 ἀπράκτων
1581 2723 1775 2761 διαληπτέον.

238 2767 344 2794 Natalis
370 2766 463 2801 itaque
488 2766 546 2793 dies
563 2766 718 2800 purissima:
744 2766 867 2794 Domina:
890 2775 923 2794 ac
947 2767 994 2795 Dei

202 2814 352 2849 genitricis,
368 2814 414 2848 qui
429 2817 471 2841 est
486 2817 581 2840 octava
597 2811 777 2848 Septembris,
808 2813 922 2842 feriatus
941 2819 993 2842 cst.

1094 2769 1125 2796 'H
1142 2771 1232 2796 τοίνυν
1244 2770 1316 2796 κατὰ
1325 2769 1374 2803 τὴν
1383 2769 1409 2804 η’
1423 2768 1470 2795 τοῦ
1501 2768 1719 2807 Σεπτεμϐρίου
1737 2773 1824 2808 μηνὸς
1838 2781 1879 2805 γε·

1050 2815 1153 2843 νεθλίου
1170 2815 1276 2850 ἡμέραν
1291 2815 1341 2850 τῆς
1356 2813 1549 2850 παναχρὰντου
1563 2815 1745 2854 Δεσποίνης,
1761 2818 1810 2845 καὶ
1821 2817 1881 2844 Θει-

1052 2863 1181 2897 μὴτορος,
1196 2862 1336 2896 ᾶπρακτός
1351 2862 1436 2888 ἐστιν.
