  <div class='ocr_page' id='page_1' title='image "/cluster/home/n/w/nwhite01/storage/ocr_20150623/104/njp.32101077772885/542.png"; bbox 0 0 1956 3049; ppageno 0'>
   <div class='ocr_carea' id='block_1_1' title="bbox 122 128 190 161">
    <p class='ocr_par' dir='ltr' id='par_1_1' title="bbox 122 128 190 161">
     <span class='ocr_line' id='line_1_1' title="bbox 122 128 190 161; baseline 0 0"><span class='ocrx_word' id='word_1_1' title='bbox 122 128 190 161; x_wconf 84' lang='grc'><strong>1069</strong></span> 
     </span>
    </p>
   </div>
   <div class='ocr_carea' id='block_1_2' title="bbox 617 130 1245 168">
    <p class='ocr_par' dir='ltr' id='par_1_2' title="bbox 617 130 1245 168">
     <span class='ocr_line' id='line_1_2' title="bbox 617 130 1245 168; baseline 0.002 -7"><span class='ocrx_word' id='word_1_2' title='bbox 617 131 862 164; x_wconf 85' lang='lat' dir='ltr'><strong>NOMOCANON.</strong></span> <span class='ocrx_word' id='word_1_3' title='bbox 879 143 914 149; x_wconf 85' lang='grc'><strong>-·-</strong></span> <span class='ocrx_word' id='word_1_4' title='bbox 932 132 1006 162; x_wconf 85' lang='grc' dir='ltr'><strong>ΤΙΤ.</strong></span> <span class='ocrx_word' id='word_1_5' title='bbox 1027 130 1100 168; x_wconf 71' lang='grc' dir='ltr'>ΥΠ,</span> <span class='ocrx_word' id='word_1_6' title='bbox 1115 131 1196 163; x_wconf 74' lang='lat' dir='ltr'><strong>CAP.</strong></span> <span class='ocrx_word' id='word_1_7' title='bbox 1218 133 1245 162; x_wconf 83' lang='lat' dir='ltr'><strong>I-</strong></span> 
     </span>
    </p>
   </div>
   <div class='ocr_carea' id='block_1_3' title="bbox 1695 137 1764 168">
    <p class='ocr_par' dir='ltr' id='par_1_3' title="bbox 1695 137 1764 168">
     <span class='ocr_line' id='line_1_3' title="bbox 1695 137 1764 168; baseline 0 0"><span class='ocrx_word' id='word_1_8' title='bbox 1695 137 1764 168; x_wconf 80' lang='lat'><strong>1070</strong></span> 
     </span>
    </p>
   </div>
   <div class='ocr_carea' id='block_1_4' title="bbox 159 185 910 225">
    <p class='ocr_par' dir='ltr' id='par_1_4' title="bbox 159 185 910 223">
     <span class='ocr_line' id='line_1_4' title="bbox 159 185 910 223; baseline 0.001 -11"><span class='ocrx_word' id='word_1_9' title='bbox 159 185 299 218; x_wconf 83' lang='grc' dir='ltr'><strong>Ὡσαύτως</strong></span> <span class='ocrx_word' id='word_1_10' title='bbox 323 185 371 213; x_wconf 74' lang='grc' dir='ltr'>καὶ</span> <span class='ocrx_word' id='word_1_11' title='bbox 387 185 405 221; x_wconf 82' lang='grc' dir='ltr'><strong>ἡ</strong></span> <span class='ocrx_word' id='word_1_12' title='bbox 432 185 462 212; x_wconf 84' lang='grc' dir='ltr'>ιδ’</span> <span class='ocrx_word' id='word_1_13' title='bbox 485 186 519 222; x_wconf 79' lang='grc' dir='ltr'>τῇ</span> <span class='ocrx_word' id='word_1_14' title='bbox 544 185 647 222; x_wconf 70' lang='grc' dir='ltr'>ὑψώσει</span> <span class='ocrx_word' id='word_1_15' title='bbox 675 187 848 223; x_wconf 81' lang='grc' dir='ltr'>τετιμημένῃ</span> <span class='ocrx_word' id='word_1_16' title='bbox 870 186 910 213; x_wconf 71' lang='grc' dir='ltr'><strong>τοί</strong></span> 
     </span>
    </p>
   </div>
   <div class='ocr_carea' id='block_1_5' title="bbox 996 185 1764 225">
    <p class='ocr_par' dir='ltr' id='par_1_5' title="bbox 1006 186 1764 225">
     <span class='ocr_line' id='line_1_5' title="bbox 1006 186 1764 225; baseline 0.012 -11"><span class='ocrx_word' id='word_1_17' title='bbox 1006 186 1072 214; x_wconf 92' lang='lat' dir='ltr'><strong>Item</strong></span> <span class='ocrx_word' id='word_1_18' title='bbox 1091 188 1216 216; x_wconf 87' lang='lat' dir='ltr'><strong>decimtts</strong></span> <span class='ocrx_word' id='word_1_19' title='bbox 1232 194 1358 223; x_wconf 85' lang='lat' dir='ltr'><strong>quartus,</strong></span> <span class='ocrx_word' id='word_1_20' title='bbox 1372 190 1418 224; x_wconf 88' lang='lat' dir='ltr'><strong>qui</strong></span> <span class='ocrx_word' id='word_1_21' title='bbox 1434 194 1548 225; x_wconf 81' lang='lat' dir='ltr'><strong>propter</strong></span> <span class='ocrx_word' id='word_1_22' title='bbox 1567 193 1734 223; x_wconf 81' lang='lat' dir='ltr'><strong>exaltatione</strong></span> <span class='ocrx_word' id='word_1_23' title='bbox 1748 204 1764 222; x_wconf 93' lang='lat' dir='ltr'><strong>u</strong></span> 
     </span>
    </p>
   </div>
   <div class='ocr_carea' id='block_1_6' title="bbox 120 230 405 265">
    <p class='ocr_par' dir='ltr' id='par_1_6' title="bbox 120 230 405 265">
     <span class='ocr_line' id='line_1_6' title="bbox 120 230 405 265; baseline -0.004 -7"><span class='ocrx_word' id='word_1_24' title='bbox 120 231 257 265; x_wconf 83' lang='grc' dir='ltr'>ζωοφόρου</span> <span class='ocrx_word' id='word_1_25' title='bbox 276 230 405 265; x_wconf 84' lang='grc' dir='ltr'>σταυροῦ.</span> 
     </span>
    </p>
   </div>
   <div class='ocr_carea' id='block_1_7' title="bbox 153 275 914 311">
    <p class='ocr_par' dir='ltr' id='par_1_7' title="bbox 153 275 914 311">
     <span class='ocr_line' id='line_1_7' title="bbox 153 275 914 311; baseline 0 -8"><span class='ocrx_word' id='word_1_26' title='bbox 153 277 209 304; x_wconf 77' lang='grc' dir='ltr'><strong>Καὶ</strong></span> <span class='ocrx_word' id='word_1_27' title='bbox 220 277 237 311; x_wconf 88' lang='grc' dir='ltr'>ή</span> <span class='ocrx_word' id='word_1_28' title='bbox 253 275 300 308; x_wconf 77' lang='grc' dir='ltr'>κς¹</span> <span class='ocrx_word' id='word_1_29' title='bbox 312 275 416 311; x_wconf 58' lang='grc' dir='ltr'>διάλτὴν</span> <span class='ocrx_word' id='word_1_30' title='bbox 431 275 478 302; x_wconf 84' lang='grc' dir='ltr'><strong>τοῦ</strong></span> <span class='ocrx_word' id='word_1_31' title='bbox 490 276 640 303; x_wconf 79' lang='grc' dir='ltr'><strong>ἀποστόλου</strong></span> <span class='ocrx_word' id='word_1_32' title='bbox 657 277 704 303; x_wconf 77' lang='grc' dir='ltr'><strong>καὶ</strong></span> <span class='ocrx_word' id='word_1_33' title='bbox 719 275 914 311; x_wconf 70' lang='grc' dir='ltr'><strong>εὐαγγελιστοῦ</strong></span> 
     </span>
    </p>
   </div>
   <div class='ocr_carea' id='block_1_8' title="bbox 123 321 584 358">
    <p class='ocr_par' dir='ltr' id='par_1_8' title="bbox 123 321 584 358">
     <span class='ocr_line' id='line_1_8' title="bbox 123 321 584 358; baseline -0.002 -8"><span class='ocrx_word' id='word_1_34' title='bbox 123 323 248 350; x_wconf 85' lang='grc' dir='ltr'><strong>Ἰωάννου</strong></span> <span class='ocrx_word' id='word_1_35' title='bbox 260 322 392 357; x_wconf 86' lang='grc' dir='ltr'>Θεολόγου</span> <span class='ocrx_word' id='word_1_36' title='bbox 408 321 584 358; x_wconf 83' lang='grc' dir='ltr'>μετάστασιν.</span> 
     </span>
    </p>
   </div>
   <div class='ocr_carea' id='block_1_9' title="bbox 157 379 914 418">
    <p class='ocr_par' dir='ltr' id='par_1_9' title="bbox 157 379 914 418">
     <span class='ocr_line' id='line_1_9' title="bbox 157 379 914 418; baseline 0.001 -10"><span class='ocrx_word' id='word_1_37' title='bbox 157 381 190 408; x_wconf 87' lang='lat' dir='ltr'><strong>&#39;H</strong></span> <span class='ocrx_word' id='word_1_38' title='bbox 205 380 233 412; x_wconf 80' lang='grc' dir='ltr'>ς’</span> <span class='ocrx_word' id='word_1_39' title='bbox 253 380 302 407; x_wconf 86' lang='grc' dir='ltr'><strong>τοῦ</strong></span> <span class='ocrx_word' id='word_1_40' title='bbox 328 379 479 416; x_wconf 77' lang='grc' dir='ltr'>ὀκτωϐρίου</span> <span class='ocrx_word' id='word_1_41' title='bbox 499 381 544 408; x_wconf 84' lang='grc' dir='ltr'><strong>διὰ</strong></span> <span class='ocrx_word' id='word_1_42' title='bbox 563 380 593 408; x_wconf 82' lang='grc' dir='ltr'>τὺ</span> <span class='ocrx_word' id='word_1_43' title='bbox 606 381 656 417; x_wconf 83' lang='grc' dir='ltr'><strong>τὴν</strong></span> <span class='ocrx_word' id='word_1_44' title='bbox 671 381 781 418; x_wconf 78' lang='grc' dir='ltr'><strong>μνήμην</strong></span> <span class='ocrx_word' id='word_1_45' title='bbox 798 382 827 409; x_wconf 84' lang='grc' dir='ltr'>ὲν</span> <span class='ocrx_word' id='word_1_46' title='bbox 843 382 914 418; x_wconf 82' lang='grc' dir='ltr'>αὐτῇ</span> 
     </span>
    </p>
   </div>
   <div class='ocr_carea' id='block_1_10' title="bbox 117 427 690 462">
    <p class='ocr_par' dir='ltr' id='par_1_10' title="bbox 117 427 690 462">
     <span class='ocr_line' id='line_1_10' title="bbox 117 427 690 462; baseline -0.002 -7"><span class='ocrx_word' id='word_1_47' title='bbox 117 428 255 455; x_wconf 74' lang='grc' dir='ltr'><strong>τελεῖσθαι</strong></span> <span class='ocrx_word' id='word_1_48' title='bbox 272 427 319 455; x_wconf 83' lang='grc' dir='ltr'><strong>τοῦ</strong></span> <span class='ocrx_word' id='word_1_49' title='bbox 336 427 415 462; x_wconf 75' lang='grc' dir='ltr'>ἁγίου</span> <span class='ocrx_word' id='word_1_50' title='bbox 427 427 579 454; x_wconf 75' lang='grc' dir='ltr'><strong>ἀποστόλου</strong></span> <span class='ocrx_word' id='word_1_51' title='bbox 593 428 690 462; x_wconf 66' lang='lat' dir='ltr'><strong>Scopa.</strong></span> 
     </span>
    </p>
   </div>
   <div class='ocr_carea' id='block_1_11' title="bbox 156 475 912 510">
    <p class='ocr_par' dir='ltr' id='par_1_11' title="bbox 156 475 912 510">
     <span class='ocr_line' id='line_1_11' title="bbox 156 475 912 510; baseline 0 -8"><span class='ocrx_word' id='word_1_52' title='bbox 156 475 191 502; x_wconf 86' lang='grc' dir='ltr'>Ἦ</span> <span class='ocrx_word' id='word_1_53' title='bbox 206 476 227 503; x_wconf 86' lang='grc' dir='ltr'><strong>θ’</strong></span> <span class='ocrx_word' id='word_1_54' title='bbox 244 475 288 503; x_wconf 83' lang='grc' dir='ltr'><strong>διὰ</strong></span> <span class='ocrx_word' id='word_1_55' title='bbox 297 476 343 503; x_wconf 82' lang='grc' dir='ltr'><strong>τὸν</strong></span> <span class='ocrx_word' id='word_1_56' title='bbox 354 475 401 502; x_wconf 83' lang='grc' dir='ltr'><strong>τοῦ</strong></span> <span class='ocrx_word' id='word_1_57' title='bbox 419 475 548 510; x_wconf 81' lang='grc' dir='ltr'>Ἀλφαίου</span> <span class='ocrx_word' id='word_1_58' title='bbox 560 475 740 503; x_wconf 73' lang='grc' dir='ltr'>Ἰάκωϐοντδν</span> <span class='ocrx_word' id='word_1_59' title='bbox 754 476 912 503; x_wconf 82' lang='grc' dir='ltr'>ἀπόστολον.</span> 
     </span>
    </p>
   </div>
   <div class='ocr_carea' id='block_1_12' title="bbox 152 522 914 559">
    <p class='ocr_par' dir='ltr' id='par_1_12' title="bbox 152 522 914 559">
     <span class='ocr_line' id='line_1_12' title="bbox 152 522 914 559; baseline -0.001 -8"><span class='ocrx_word' id='word_1_60' title='bbox 152 524 207 551; x_wconf 71' lang='grc' dir='ltr'><strong>Καὶ</strong></span> <span class='ocrx_word' id='word_1_61' title='bbox 223 524 239 559; x_wconf 81' lang='grc' dir='ltr'>ἡ</span> <span class='ocrx_word' id='word_1_62' title='bbox 255 523 290 559; x_wconf 84' lang='grc' dir='ltr'>ιη’</span> <span class='ocrx_word' id='word_1_63' title='bbox 300 523 346 549; x_wconf 79' lang='grc' dir='ltr'><strong>διὰ</strong></span> <span class='ocrx_word' id='word_1_64' title='bbox 356 523 400 549; x_wconf 81' lang='grc' dir='ltr'><strong>τὸν</strong></span> <span class='ocrx_word' id='word_1_65' title='bbox 415 522 563 550; x_wconf 81' lang='grc' dir='ltr'><strong>ἀπόστολον</strong></span> <span class='ocrx_word' id='word_1_66' title='bbox 575 523 622 550; x_wconf 82' lang='grc' dir='ltr'>καὶ</span> <span class='ocrx_word' id='word_1_67' title='bbox 635 523 831 559; x_wconf 80' lang='grc' dir='ltr'>εὐαγγελιστὴν</span> <span class='ocrx_word' id='word_1_68' title='bbox 845 526 914 550; x_wconf 85' lang='grc' dir='ltr'>Λου-</span> 
     </span>
    </p>
   </div>
   <div class='ocr_carea' id='block_1_13' title="bbox 117 571 177 597">
    <p class='ocr_par' dir='ltr' id='par_1_13' title="bbox 117 571 177 597">
     <span class='ocr_line' id='line_1_13' title="bbox 117 571 177 597; baseline 0 0"><span class='ocrx_word' id='word_1_69' title='bbox 117 571 177 597; x_wconf 74' lang='grc' dir='ltr'>κᾶν.</span> 
     </span>
    </p>
   </div>
   <div class='ocr_carea' id='block_1_14' title="bbox 158 615 913 653">
    <p class='ocr_par' dir='ltr' id='par_1_14' title="bbox 158 615 913 653">
     <span class='ocr_line' id='line_1_14' title="bbox 158 615 913 653; baseline -0.001 -9"><span class='ocrx_word' id='word_1_70' title='bbox 158 617 190 644; x_wconf 85' lang='grc' dir='ltr'><em>Ἡ</em></span> <span class='ocrx_word' id='word_1_71' title='bbox 206 615 240 652; x_wconf 85' lang='grc' dir='ltr'>ιγ’</span> <span class='ocrx_word' id='word_1_72' title='bbox 254 616 300 644; x_wconf 84' lang='grc' dir='ltr'><strong>τοῦ</strong></span> <span class='ocrx_word' id='word_1_73' title='bbox 318 616 473 652; x_wconf 76' lang='grc' dir='ltr'>Νοεμὸριου</span> <span class='ocrx_word' id='word_1_74' title='bbox 489 617 584 652; x_wconf 77' lang='grc' dir='ltr'>μηνὸς,</span> <span class='ocrx_word' id='word_1_75' title='bbox 599 617 641 643; x_wconf 81' lang='grc' dir='ltr'>ὅτι</span> <span class='ocrx_word' id='word_1_76' title='bbox 654 617 683 643; x_wconf 85' lang='grc' dir='ltr'>ὲν</span> <span class='ocrx_word' id='word_1_77' title='bbox 695 616 763 653; x_wconf 74' lang='grc' dir='ltr'>αὐτῇ</span> <span class='ocrx_word' id='word_1_78' title='bbox 783 617 800 653; x_wconf 86' lang='grc' dir='ltr'><strong>ἡ</strong></span> <span class='ocrx_word' id='word_1_79' title='bbox 819 617 913 653; x_wconf 81' lang='grc' dir='ltr'>μνήμη</span> 
     </span>
    </p>
   </div>
   <div class='ocr_carea' id='block_1_15' title="bbox 116 663 566 699">
    <p class='ocr_par' dir='ltr' id='par_1_15' title="bbox 116 663 566 699">
     <span class='ocr_line' id='line_1_15' title="bbox 116 663 566 699; baseline -0.002 -9"><span class='ocrx_word' id='word_1_80' title='bbox 116 666 161 691; x_wconf 81' lang='grc' dir='ltr'><strong>τοῦ</strong></span> <span class='ocrx_word' id='word_1_81' title='bbox 178 663 298 699; x_wconf 81' lang='grc' dir='ltr'><strong>Χριστοῦ</strong></span> <span class='ocrx_word' id='word_1_82' title='bbox 317 663 424 698; x_wconf 68' lang='grc' dir='ltr'>[ἰατρὸς</span> <span class='ocrx_word' id='word_1_83' title='bbox 436 663 566 690; x_wconf 81' lang='grc' dir='ltr'>τελεῖται.</span> 
     </span>
    </p>
   </div>
   <div class='ocr_carea' id='block_1_16' title="bbox 157 709 913 745">
    <p class='ocr_par' dir='ltr' id='par_1_16' title="bbox 157 709 913 745">
     <span class='ocr_line' id='line_1_16' title="bbox 157 709 913 745; baseline -0.001 -8"><span class='ocrx_word' id='word_1_84' title='bbox 157 710 189 736; x_wconf 86' lang='grc' dir='ltr'><strong>Ἡ</strong></span> <span class='ocrx_word' id='word_1_85' title='bbox 207 709 236 737; x_wconf 83' lang='grc' dir='ltr'><strong>ιδ’</strong></span> <span class='ocrx_word' id='word_1_86' title='bbox 255 710 296 737; x_wconf 83' lang='grc' dir='ltr'>ὅτι</span> <span class='ocrx_word' id='word_1_87' title='bbox 312 710 341 736; x_wconf 74' lang='grc' dir='ltr'>ἐν</span> <span class='ocrx_word' id='word_1_88' title='bbox 354 709 423 745; x_wconf 84' lang='grc' dir='ltr'>αὐτῇ</span> <span class='ocrx_word' id='word_1_89' title='bbox 436 709 450 735; x_wconf 83' lang='grc' dir='ltr'><strong>ὁ</strong></span> <span class='ocrx_word' id='word_1_90' title='bbox 469 709 618 742; x_wconf 80' lang='grc' dir='ltr'><strong>ἀπόστολος</strong></span> <span class='ocrx_word' id='word_1_91' title='bbox 633 709 767 741; x_wconf 82' lang='grc' dir='ltr'>Φίλιππος</span> <span class='ocrx_word' id='word_1_92' title='bbox 785 709 913 745; x_wconf 75' lang='grc' dir='ltr'>ἑορτάζε-</span> 
     </span>
    </p>
   </div>
   <div class='ocr_carea' id='block_1_17' title="bbox 115 765 169 784">
    <p class='ocr_par' dir='ltr' id='par_1_17' title="bbox 115 765 169 784">
     <span class='ocr_line' id='line_1_17' title="bbox 115 765 169 784; baseline 0.019 -2"><span class='ocrx_word' id='word_1_93' title='bbox 115 765 169 784; x_wconf 88' lang='grc' dir='ltr'>ται.</span> 
     </span>
    </p>
   </div>
   <div class='ocr_carea' id='block_1_18' title="bbox 155 802 912 837">
    <p class='ocr_par' dir='ltr' id='par_1_18' title="bbox 155 802 912 837">
     <span class='ocr_line' id='line_1_18' title="bbox 155 802 912 837; baseline -0.003 -7"><span class='ocrx_word' id='word_1_94' title='bbox 155 803 188 830; x_wconf 81' lang='grc' dir='ltr'><strong>Ἦ</strong></span> <span class='ocrx_word' id='word_1_95' title='bbox 206 802 242 836; x_wconf 80' lang='grc' dir='ltr'>ις’</span> <span class='ocrx_word' id='word_1_96' title='bbox 258 803 298 830; x_wconf 81' lang='grc' dir='ltr'>ὅτι</span> <span class='ocrx_word' id='word_1_97' title='bbox 313 804 327 830; x_wconf 85' lang='grc' dir='ltr'>ὁ</span> <span class='ocrx_word' id='word_1_98' title='bbox 344 802 543 837; x_wconf 82' lang='grc' dir='ltr'>εὖαγγελιστὴς</span> <span class='ocrx_word' id='word_1_99' title='bbox 561 803 608 829; x_wconf 79' lang='grc' dir='ltr'><strong>καὶ</strong></span> <span class='ocrx_word' id='word_1_100' title='bbox 631 802 781 834; x_wconf 78' lang='grc' dir='ltr'>ἀπόστολος</span> <span class='ocrx_word' id='word_1_101' title='bbox 797 802 912 837; x_wconf 81' lang='grc' dir='ltr'>τιμᾶται</span> 
     </span>
    </p>
   </div>
   <div class='ocr_carea' id='block_1_19' title="bbox 119 850 270 882">
    <p class='ocr_par' dir='ltr' id='par_1_19' title="bbox 119 850 270 882">
     <span class='ocr_line' id='line_1_19' title="bbox 119 850 270 882; baseline -0.007 -5"><span class='ocrx_word' id='word_1_102' title='bbox 119 850 270 882; x_wconf 81' lang='grc' dir='ltr'>Ματθαῖος.</span> 
     </span>
    </p>
   </div>
   <div class='ocr_carea' id='block_1_20' title="bbox 155 895 910 931">
    <p class='ocr_par' dir='ltr' id='par_1_20' title="bbox 155 895 910 931">
     <span class='ocr_line' id='line_1_20' title="bbox 155 895 910 931; baseline -0.001 -9"><span class='ocrx_word' id='word_1_103' title='bbox 155 896 188 923; x_wconf 86' lang='grc' dir='ltr'>Ἡ</span> <span class='ocrx_word' id='word_1_104' title='bbox 207 899 249 922; x_wconf 80' lang='grc' dir='ltr'>κα¹</span> <span class='ocrx_word' id='word_1_105' title='bbox 262 897 303 922; x_wconf 81' lang='grc' dir='ltr'>ὅτι</span> <span class='ocrx_word' id='word_1_106' title='bbox 323 895 358 922; x_wconf 81' lang='grc' dir='ltr'>τὰ</span> <span class='ocrx_word' id='word_1_107' title='bbox 371 896 411 927; x_wconf 71' lang='grc' dir='ltr'><strong>εἰς</strong></span> <span class='ocrx_word' id='word_1_108' title='bbox 429 896 474 922; x_wconf 69' lang='grc' dir='ltr'>τὸν</span> <span class='ocrx_word' id='word_1_109' title='bbox 488 895 552 923; x_wconf 72' lang='grc' dir='ltr'>ναῦν</span> <span class='ocrx_word' id='word_1_110' title='bbox 565 896 667 922; x_wconf 76' lang='grc' dir='ltr'>εἰσόδια</span> <span class='ocrx_word' id='word_1_111' title='bbox 677 895 728 931; x_wconf 74' lang='grc' dir='ltr'>τῆς</span> <span class='ocrx_word' id='word_1_112' title='bbox 738 895 910 931; x_wconf 82' lang='grc' dir='ltr'>Θεομήτορος</span> 
     </span>
    </p>
   </div>
   <div class='ocr_carea' id='block_1_21' title="bbox 115 942 479 978">
    <p class='ocr_par' dir='ltr' id='par_1_21' title="bbox 115 942 479 978">
     <span class='ocr_line' id='line_1_21' title="bbox 115 942 479 978; baseline 0.003 -9"><span class='ocrx_word' id='word_1_113' title='bbox 115 944 143 970; x_wconf 83' lang='grc' dir='ltr'>ὲν</span> <span class='ocrx_word' id='word_1_114' title='bbox 153 943 239 978; x_wconf 78' lang='grc' dir='ltr'>ταύτῃ</span> <span class='ocrx_word' id='word_1_115' title='bbox 253 942 479 978; x_wconf 76' lang='grc' dir='ltr'>πανηγυρίζεται.</span> 
     </span>
    </p>
   </div>
   <div class='ocr_carea' id='block_1_22' title="bbox 148 987 910 1024">
    <p class='ocr_par' dir='ltr' id='par_1_22' title="bbox 148 987 910 1024">
     <span class='ocr_line' id='line_1_22' title="bbox 148 987 910 1024; baseline -0.003 -8"><span class='ocrx_word' id='word_1_116' title='bbox 148 989 204 1016; x_wconf 75' lang='grc' dir='ltr'><strong>Καὶ</strong></span> <span class='ocrx_word' id='word_1_117' title='bbox 217 990 231 1015; x_wconf 83' lang='grc' dir='ltr'><strong>ό</strong></span> <span class='ocrx_word' id='word_1_118' title='bbox 241 988 262 1015; x_wconf 85' lang='grc' dir='ltr'>λ’</span> <span class='ocrx_word' id='word_1_119' title='bbox 273 989 314 1015; x_wconf 79' lang='grc' dir='ltr'><strong>ὅτι</strong></span> <span class='ocrx_word' id='word_1_120' title='bbox 326 990 340 1015; x_wconf 82' lang='grc' dir='ltr'>ὁ</span> <span class='ocrx_word' id='word_1_121' title='bbox 352 989 501 1020; x_wconf 82' lang='grc' dir='ltr'>ἀπόστολος</span> <span class='ocrx_word' id='word_1_122' title='bbox 516 988 644 1024; x_wconf 76' lang='grc' dir='ltr'><strong>Ἀνδρέας</strong></span> <span class='ocrx_word' id='word_1_123' title='bbox 659 989 688 1016; x_wconf 83' lang='grc' dir='ltr'><strong>ὲν</strong></span> <span class='ocrx_word' id='word_1_124' title='bbox 699 988 768 1024; x_wconf 85' lang='grc' dir='ltr'>αὐτῇ</span> <span class='ocrx_word' id='word_1_125' title='bbox 781 987 910 1023; x_wconf 78' lang='grc' dir='ltr'>ἑορτάζε-</span> 
     </span>
    </p>
   </div>
   <div class='ocr_carea' id='block_1_23' title="bbox 112 1044 167 1063">
    <p class='ocr_par' dir='ltr' id='par_1_23' title="bbox 112 1044 167 1063">
     <span class='ocr_line' id='line_1_23' title="bbox 112 1044 167 1063; baseline 0.018 -1"><span class='ocrx_word' id='word_1_126' title='bbox 112 1044 157 1062; x_wconf 79' lang='grc' dir='ltr'><strong>ται</strong></span> <span class='ocrx_word' id='word_1_127' title='bbox 160 1055 167 1063; x_wconf 74' lang='grc' dir='ltr'>ι</span> 
     </span>
    </p>
   </div>
   <div class='ocr_carea' id='block_1_24' title="bbox 154 1073 907 1117">
    <p class='ocr_par' dir='ltr' id='par_1_24' title="bbox 154 1073 907 1117">
     <span class='ocr_line' id='line_1_24' title="bbox 154 1073 907 1117; baseline -0.004 -9"><span class='ocrx_word' id='word_1_128' title='bbox 154 1082 186 1107; x_wconf 84' lang='grc' dir='ltr'><strong>Ἠ</strong></span> <span class='ocrx_word' id='word_1_129' title='bbox 202 1081 223 1107; x_wconf 87' lang='grc'><strong>0¹</strong></span> <span class='ocrx_word' id='word_1_130' title='bbox 245 1082 292 1108; x_wconf 85' lang='grc' dir='ltr'><strong>τοῦ</strong></span> <span class='ocrx_word' id='word_1_131' title='bbox 315 1081 484 1117; x_wconf 79' lang='grc' dir='ltr'>Δεκεμϐρίου</span> <span class='ocrx_word' id='word_1_132' title='bbox 497 1081 535 1112; x_wconf 85' lang='grc' dir='ltr'>ὡς</span> <span class='ocrx_word' id='word_1_133' title='bbox 551 1080 601 1116; x_wconf 80' lang='grc' dir='ltr'>τῆς</span> <span class='ocrx_word' id='word_1_134' title='bbox 620 1080 778 1116; x_wconf 71' lang='grc' dir='ltr'>συλλήψεως</span> <span class='ocrx_word' id='word_1_135' title='bbox 792 1081 820 1106; x_wconf 79' lang='grc' dir='ltr'><strong>ὲν</strong></span> <span class='ocrx_word' id='word_1_136' title='bbox 837 1073 907 1114; x_wconf 72' lang='grc' dir='ltr'>αὐτῇ</span> 
     </span>
    </p>
   </div>
   <div class='ocr_carea' id='block_1_25' title="bbox 113 1125 889 1164">
    <p class='ocr_par' dir='ltr' id='par_1_25' title="bbox 113 1125 889 1164">
     <span class='ocr_line' id='line_1_25' title="bbox 113 1125 889 1164; baseline -0.004 -9"><span class='ocrx_word' id='word_1_137' title='bbox 113 1129 280 1164; x_wconf 83' lang='grc' dir='ltr'><strong>τελουμένης</strong></span> <span class='ocrx_word' id='word_1_138' title='bbox 296 1130 344 1163; x_wconf 85' lang='grc' dir='ltr'>τῆς</span> <span class='ocrx_word' id='word_1_139' title='bbox 360 1128 512 1163; x_wconf 79' lang='grc' dir='ltr'>ὑπεραγίας</span> <span class='ocrx_word' id='word_1_140' title='bbox 529 1127 641 1163; x_wconf 72' lang='grc' dir='ltr'>Μητρὸς</span> <span class='ocrx_word' id='word_1_141' title='bbox 655 1127 703 1153; x_wconf 86' lang='grc' dir='ltr'><strong>τοῦ</strong></span> <span class='ocrx_word' id='word_1_142' title='bbox 717 1126 784 1154; x_wconf 82' lang='grc' dir='ltr'>Θεοῦ</span> <span class='ocrx_word' id='word_1_143' title='bbox 799 1125 889 1161; x_wconf 80' lang='grc' dir='ltr'>ἡμῶν.</span> 
     </span>
    </p>
   </div>
   <div class='ocr_carea' id='block_1_26' title="bbox 155 1183 909 1221">
    <p class='ocr_par' dir='ltr' id='par_1_26' title="bbox 155 1183 909 1221">
     <span class='ocr_line' id='line_1_26' title="bbox 155 1183 909 1221; baseline -0.005 -8"><span class='ocrx_word' id='word_1_144' title='bbox 155 1187 187 1213; x_wconf 85' lang='grc' dir='ltr'><strong>Ἡ</strong></span> <span class='ocrx_word' id='word_1_145' title='bbox 199 1185 223 1213; x_wconf 77' lang='grc' dir='ltr'>κ’</span> <span class='ocrx_word' id='word_1_146' title='bbox 242 1187 325 1221; x_wconf 82' lang='grc' dir='ltr'>μέχρι</span> <span class='ocrx_word' id='word_1_147' title='bbox 340 1186 388 1212; x_wconf 78' lang='grc' dir='ltr'>καὶ</span> <span class='ocrx_word' id='word_1_148' title='bbox 403 1186 490 1220; x_wconf 78' lang='grc' dir='ltr'>αὐτῆς</span> <span class='ocrx_word' id='word_1_149' title='bbox 504 1186 563 1217; x_wconf 85' lang='grc' dir='ltr'>ταῖς</span> <span class='ocrx_word' id='word_1_150' title='bbox 580 1184 606 1217; x_wconf 76' lang='grc' dir='ltr'>ς’</span> <span class='ocrx_word' id='word_1_151' title='bbox 619 1184 666 1211; x_wconf 90' lang='grc' dir='ltr'><strong>τοῦ</strong></span> <span class='ocrx_word' id='word_1_152' title='bbox 691 1184 856 1219; x_wconf 79' lang='grc' dir='ltr'>’Ῐανουαρίου</span> <span class='ocrx_word' id='word_1_153' title='bbox 871 1183 909 1215; x_wconf 86' lang='grc' dir='ltr'>ὡς</span> 
     </span>
    </p>
   </div>
   <div class='ocr_carea' id='block_1_27' title="bbox 113 1229 909 1266">
    <p class='ocr_par' dir='ltr' id='par_1_27' title="bbox 113 1229 909 1266">
     <span class='ocr_line' id='line_1_27' title="bbox 113 1229 909 1266; baseline -0.006 -6"><span class='ocrx_word' id='word_1_154' title='bbox 113 1234 142 1260; x_wconf 81' lang='grc' dir='ltr'><strong>ἐν</strong></span> <span class='ocrx_word' id='word_1_155' title='bbox 161 1233 254 1264; x_wconf 82' lang='grc' dir='ltr'>αὑταῖς</span> <span class='ocrx_word' id='word_1_156' title='bbox 270 1231 476 1266; x_wconf 80' lang='grc' dir='ltr'>ἐορταζομένων</span> <span class='ocrx_word' id='word_1_157' title='bbox 491 1231 545 1257; x_wconf 78' lang='grc' dir='ltr'><strong>τῶν</strong></span> <span class='ocrx_word' id='word_1_158' title='bbox 560 1229 716 1264; x_wconf 73' lang='grc' dir='ltr'>γενεθλίων,</span> <span class='ocrx_word' id='word_1_159' title='bbox 733 1230 779 1256; x_wconf 70' lang='grc' dir='ltr'><strong>καὶ</strong></span> <span class='ocrx_word' id='word_1_160' title='bbox 791 1229 838 1256; x_wconf 85' lang='grc' dir='ltr'><strong>τοῦ</strong></span> <span class='ocrx_word' id='word_1_161' title='bbox 860 1230 909 1264; x_wconf 82' lang='grc' dir='ltr'><strong>βα-</strong></span> 
     </span>
    </p>
   </div>
   <div class='ocr_carea' id='block_1_28' title="bbox 113 1276 908 1312">
    <p class='ocr_par' dir='ltr' id='par_1_28' title="bbox 113 1276 908 1312">
     <span class='ocr_line' id='line_1_28' title="bbox 113 1276 908 1312; baseline -0.003 -8"><span class='ocrx_word' id='word_1_162' title='bbox 113 1279 264 1312; x_wconf 78' lang='grc' dir='ltr'>πτίσματος</span> <span class='ocrx_word' id='word_1_163' title='bbox 274 1277 321 1304; x_wconf 84' lang='grc' dir='ltr'><strong>τοῦ</strong></span> <span class='ocrx_word' id='word_1_164' title='bbox 336 1277 450 1312; x_wconf 75' lang='grc' dir='ltr'>Κυρίου,</span> <span class='ocrx_word' id='word_1_165' title='bbox 464 1277 511 1303; x_wconf 73' lang='grc' dir='ltr'><strong>καὶ</strong></span> <span class='ocrx_word' id='word_1_166' title='bbox 523 1276 602 1309; x_wconf 78' lang='grc' dir='ltr'>Θεοῦ,</span> <span class='ocrx_word' id='word_1_167' title='bbox 617 1277 664 1303; x_wconf 79' lang='grc' dir='ltr'><strong>καὶ</strong></span> <span class='ocrx_word' id='word_1_168' title='bbox 679 1277 806 1311; x_wconf 82' lang='grc' dir='ltr'>Σωτῆρος</span> <span class='ocrx_word' id='word_1_169' title='bbox 829 1276 908 1311; x_wconf 81' lang='grc' dir='ltr'>ἡμῶν</span> 
     </span>
    </p>
   </div>
   <div class='ocr_carea' id='block_1_29' title="bbox 117 1323 351 1360">
    <p class='ocr_par' dir='ltr' id='par_1_29' title="bbox 117 1323 351 1360">
     <span class='ocr_line' id='line_1_29' title="bbox 117 1323 351 1360; baseline -0.004 -9"><span class='ocrx_word' id='word_1_170' title='bbox 117 1324 206 1360; x_wconf 80' lang='grc' dir='ltr'>Ἰησοῦ</span> <span class='ocrx_word' id='word_1_171' title='bbox 221 1323 351 1359; x_wconf 76' lang='grc' dir='ltr'>Χριστοῦ.</span> 
     </span>
    </p>
   </div>
   <div class='ocr_carea' id='block_1_30' title="bbox 156 1368 910 1405">
    <p class='ocr_par' dir='ltr' id='par_1_30' title="bbox 156 1368 910 1405">
     <span class='ocr_line' id='line_1_30' title="bbox 156 1368 910 1405; baseline -0.004 -8"><span class='ocrx_word' id='word_1_172' title='bbox 156 1371 188 1397; x_wconf 83' lang='grc' dir='ltr'><strong>Ἥ</strong></span> <span class='ocrx_word' id='word_1_173' title='bbox 200 1369 232 1405; x_wconf 86' lang='grc' dir='ltr'>ιη’</span> <span class='ocrx_word' id='word_1_174' title='bbox 244 1369 290 1396; x_wconf 82' lang='grc' dir='ltr'><strong>τοῦ</strong></span> <span class='ocrx_word' id='word_1_175' title='bbox 303 1369 386 1396; x_wconf 76' lang='grc' dir='ltr'>αὑτοῦ</span> <span class='ocrx_word' id='word_1_176' title='bbox 406 1370 570 1404; x_wconf 76' lang='grc' dir='ltr'>Ἰανουαρίου</span> <span class='ocrx_word' id='word_1_177' title='bbox 583 1368 628 1396; x_wconf 79' lang='grc' dir='ltr'>διὰ</span> <span class='ocrx_word' id='word_1_178' title='bbox 638 1369 702 1400; x_wconf 81' lang='grc' dir='ltr'>τοὺς</span> <span class='ocrx_word' id='word_1_179' title='bbox 717 1368 808 1400; x_wconf 81' lang='grc' dir='ltr'>Θείους</span> <span class='ocrx_word' id='word_1_180' title='bbox 823 1369 910 1395; x_wconf 85' lang='grc' dir='ltr'>Πατέ-</span> 
     </span>
    </p>
   </div>
   <div class='ocr_carea' id='block_1_31' title="bbox 113 1414 911 1451">
    <p class='ocr_par' dir='ltr' id='par_1_31' title="bbox 113 1414 911 1451">
     <span class='ocr_line' id='line_1_31' title="bbox 113 1414 911 1451; baseline 0 -11"><span class='ocrx_word' id='word_1_181' title='bbox 113 1423 165 1448; x_wconf 72' lang='lat' dir='ltr'><strong>pug</strong></span> <span class='ocrx_word' id='word_1_182' title='bbox 179 1415 224 1440; x_wconf 80' lang='grc' dir='ltr'><strong>καὶ</strong></span> <span class='ocrx_word' id='word_1_183' title='bbox 238 1414 415 1446; x_wconf 77' lang='grc' dir='ltr'>διδασκάλους</span> <span class='ocrx_word' id='word_1_184' title='bbox 430 1416 551 1451; x_wconf 76' lang='grc' dir='ltr'>πατέρας</span> <span class='ocrx_word' id='word_1_185' title='bbox 570 1414 729 1442; x_wconf 82' lang='grc' dir='ltr'>Ἀϐανάσιον</span> <span class='ocrx_word' id='word_1_186' title='bbox 746 1415 793 1441; x_wconf 85' lang='grc' dir='ltr'><strong>καὶ</strong></span> <span class='ocrx_word' id='word_1_187' title='bbox 807 1414 848 1445; x_wconf 75' lang='grc' dir='ltr'><strong>Κύ</strong></span> <span class='ocrx_word' id='word_1_188' title='bbox 854 1414 911 1449; x_wconf 86' lang='grc' dir='ltr'>ριλ-</span> 
     </span>
    </p>
   </div>
   <div class='ocr_carea' id='block_1_32' title="bbox 113 1461 168 1488">
    <p class='ocr_par' dir='ltr' id='par_1_32' title="bbox 113 1461 168 1488">
     <span class='ocr_line' id='line_1_32' title="bbox 113 1461 168 1488; baseline 0.018 -1"><span class='ocrx_word' id='word_1_189' title='bbox 113 1461 168 1488; x_wconf 88' lang='grc' dir='ltr'>λον.</span> 
     </span>
    </p>
   </div>
   <div class='ocr_carea' id='block_1_33' title="bbox 130 1512 911 1554">
    <p class='ocr_par' dir='ltr' id='par_1_33' title="bbox 130 1512 911 1554">
     <span class='ocr_line' id='line_1_33' title="bbox 130 1512 911 1554; baseline -0.003 -9"><span class='ocrx_word' id='word_1_190' title='bbox 130 1512 134 1518; x_wconf 50' lang='grc'><em>’</em></span> <span class='ocrx_word' id='word_1_191' title='bbox 154 1519 187 1545; x_wconf 84' lang='lat' dir='ltr'><strong>&#39;II</strong></span> <span class='ocrx_word' id='word_1_192' title='bbox 201 1518 240 1544; x_wconf 80' lang='grc' dir='ltr'>κε’</span> <span class='ocrx_word' id='word_1_193' title='bbox 257 1518 303 1545; x_wconf 87' lang='grc' dir='ltr'><strong>τοῦ</strong></span> <span class='ocrx_word' id='word_1_194' title='bbox 319 1518 403 1545; x_wconf 78' lang='grc' dir='ltr'><strong>αὑτοί</strong></span> <span class='ocrx_word' id='word_1_195' title='bbox 420 1519 505 1554; x_wconf 72' lang='grc' dir='ltr'>μηνὸς</span> <span class='ocrx_word' id='word_1_196' title='bbox 524 1519 567 1545; x_wconf 84' lang='grc' dir='ltr'><strong>διὰ</strong></span> <span class='ocrx_word' id='word_1_197' title='bbox 588 1518 637 1554; x_wconf 82' lang='grc' dir='ltr'><strong>τὴν</strong></span> <span class='ocrx_word' id='word_1_198' title='bbox 655 1519 765 1554; x_wconf 86' lang='grc' dir='ltr'>μνήμην</span> <span class='ocrx_word' id='word_1_199' title='bbox 787 1517 834 1544; x_wconf 87' lang='grc' dir='ltr'><strong>τοῦ</strong></span> <span class='ocrx_word' id='word_1_200' title='bbox 862 1526 911 1552; x_wconf 89' lang='grc' dir='ltr'>με-</span> 
     </span>
    </p>
   </div>
   <div class='ocr_carea' id='block_1_34' title="bbox 111 1563 643 1599">
    <p class='ocr_par' dir='ltr' id='par_1_34' title="bbox 111 1563 643 1599">
     <span class='ocr_line' id='line_1_34' title="bbox 111 1563 643 1599; baseline -0.002 -8"><span class='ocrx_word' id='word_1_201' title='bbox 111 1564 196 1598; x_wconf 78' lang='grc' dir='ltr'>γάλου</span> <span class='ocrx_word' id='word_1_202' title='bbox 212 1564 318 1599; x_wconf 63' lang='lat' dir='ltr'><strong>[lat-.90;</strong></span> <span class='ocrx_word' id='word_1_203' title='bbox 332 1563 484 1599; x_wconf 82' lang='grc' dir='ltr'>Γρηγορῑου</span> <span class='ocrx_word' id='word_1_204' title='bbox 501 1563 643 1597; x_wconf 80' lang='grc' dir='ltr'>Θεολόγου.</span> 
     </span>
    </p>
   </div>
   <div class='ocr_carea' id='block_1_35' title="bbox 152 1621 910 1657">
    <p class='ocr_par' dir='ltr' id='par_1_35' title="bbox 152 1621 910 1657">
     <span class='ocr_line' id='line_1_35' title="bbox 152 1621 910 1657; baseline -0.003 -9"><span class='ocrx_word' id='word_1_205' title='bbox 152 1622 186 1648; x_wconf 81' lang='grc' dir='ltr'><strong>ἸΙ</strong></span> <span class='ocrx_word' id='word_1_206' title='bbox 196 1621 218 1657; x_wconf 85' lang='grc' dir='ltr'><strong>β’</strong></span> <span class='ocrx_word' id='word_1_207' title='bbox 230 1621 277 1648; x_wconf 85' lang='grc' dir='ltr'><strong>τοῦ</strong></span> <span class='ocrx_word' id='word_1_208' title='bbox 287 1622 469 1657; x_wconf 81' lang='grc' dir='ltr'>Φευρουαρίου</span> <span class='ocrx_word' id='word_1_209' title='bbox 481 1621 526 1647; x_wconf 83' lang='grc' dir='ltr'><strong>διὰ</strong></span> <span class='ocrx_word' id='word_1_210' title='bbox 535 1621 584 1656; x_wconf 82' lang='grc' dir='ltr'><strong>τὴν</strong></span> <span class='ocrx_word' id='word_1_211' title='bbox 590 1621 771 1656; x_wconf 72' lang='grc' dir='ltr'>τοῡΣωτῆρος</span> <span class='ocrx_word' id='word_1_212' title='bbox 783 1621 910 1647; x_wconf 82' lang='grc' dir='ltr'>ὑπαπαν-</span> 
     </span>
    </p>
   </div>
   <div class='ocr_carea' id='block_1_36' title="bbox 111 1669 656 1710">
    <p class='ocr_par' dir='ltr' id='par_1_36' title="bbox 111 1669 656 1710">
     <span class='ocr_line' id='line_1_36' title="bbox 111 1669 656 1710; baseline 0.002 -15"><span class='ocrx_word' id='word_1_213' title='bbox 111 1669 173 1704; x_wconf 84' lang='grc' dir='ltr'>τήν.</span> <span class='ocrx_word' id='word_1_214' title='bbox 648 1704 656 1710; x_wconf 30' lang='grc' dir='ltr'><em>ν</em></span> 
     </span>
    </p>
   </div>
   <div class='ocr_carea' id='block_1_37' title="bbox 148 1711 908 1750">
    <p class='ocr_par' dir='ltr' id='par_1_37' title="bbox 148 1711 908 1750">
     <span class='ocr_line' id='line_1_37' title="bbox 148 1711 908 1750; baseline -0.005 -8"><span class='ocrx_word' id='word_1_215' title='bbox 148 1715 204 1742; x_wconf 74' lang='grc' dir='ltr'>Καὶ</span> <span class='ocrx_word' id='word_1_216' title='bbox 221 1715 238 1749; x_wconf 81' lang='grc' dir='ltr'><strong>ἠ</strong></span> <span class='ocrx_word' id='word_1_217' title='bbox 252 1713 276 1749; x_wconf 84' lang='grc' dir='ltr'>γ’</span> <span class='ocrx_word' id='word_1_218' title='bbox 289 1714 332 1741; x_wconf 78' lang='grc' dir='ltr'><strong>διὰ</strong></span> <span class='ocrx_word' id='word_1_219' title='bbox 344 1714 392 1749; x_wconf 80' lang='grc' dir='ltr'><strong>τὴν</strong></span> <span class='ocrx_word' id='word_1_220' title='bbox 405 1714 456 1750; x_wconf 82' lang='grc' dir='ltr'>τῆς</span> <span class='ocrx_word' id='word_1_221' title='bbox 469 1714 581 1750; x_wconf 83' lang='grc' dir='ltr'>μνήμης</span> <span class='ocrx_word' id='word_1_222' title='bbox 595 1713 641 1740; x_wconf 82' lang='grc' dir='ltr'><strong>τοῦ</strong></span> <span class='ocrx_word' id='word_1_223' title='bbox 658 1712 781 1748; x_wconf 79' lang='grc' dir='ltr'>οεοόὀχου</span> <span class='ocrx_word' id='word_1_224' title='bbox 795 1711 908 1748; x_wconf 83' lang='grc' dir='ltr'>Συμεὼν</span> 
     </span>
    </p>
   </div>
   <div class='ocr_carea' id='block_1_38' title="bbox 110 1761 233 1796">
    <p class='ocr_par' dir='ltr' id='par_1_38' title="bbox 110 1761 233 1796">
     <span class='ocr_line' id='line_1_38' title="bbox 110 1761 233 1796; baseline 0 -9"><span class='ocrx_word' id='word_1_225' title='bbox 110 1761 233 1796; x_wconf 79' lang='grc' dir='ltr'>τελετήν.</span> 
     </span>
    </p>
   </div>
   <div class='ocr_carea' id='block_1_39' title="bbox 152 1804 909 1844">
    <p class='ocr_par' dir='ltr' id='par_1_39' title="bbox 152 1804 909 1844">
     <span class='ocr_line' id='line_1_39' title="bbox 152 1804 909 1844; baseline -0.005 -10"><span class='ocrx_word' id='word_1_226' title='bbox 152 1808 185 1834; x_wconf 86' lang='lat' dir='ltr'><strong>&#39;II</strong></span> <span class='ocrx_word' id='word_1_227' title='bbox 196 1806 235 1835; x_wconf 88' lang='grc' dir='ltr'>κε’</span> <span class='ocrx_word' id='word_1_228' title='bbox 249 1807 382 1844; x_wconf 78' lang='grc' dir='ltr'>Μαρτίου,</span> <span class='ocrx_word' id='word_1_229' title='bbox 394 1807 438 1834; x_wconf 84' lang='grc' dir='ltr'><strong>διὰ</strong></span> <span class='ocrx_word' id='word_1_230' title='bbox 450 1807 496 1834; x_wconf 64' lang='grc' dir='ltr'><strong>τὴν</strong></span> <span class='ocrx_word' id='word_1_231' title='bbox 510 1806 560 1841; x_wconf 77' lang='grc' dir='ltr'>τῆς</span> <span class='ocrx_word' id='word_1_232' title='bbox 575 1805 748 1842; x_wconf 77' lang='grc' dir='ltr'>Θεομήτορος</span> <span class='ocrx_word' id='word_1_233' title='bbox 763 1804 909 1839; x_wconf 78' lang='grc' dir='ltr'>εὐαγγελι-</span> 
     </span>
    </p>
   </div>
   <div class='ocr_carea' id='block_1_40' title="bbox 112 1857 190 1891">
    <p class='ocr_par' dir='ltr' id='par_1_40' title="bbox 112 1857 190 1891">
     <span class='ocr_line' id='line_1_40' title="bbox 112 1857 190 1891; baseline 0 -9"><span class='ocrx_word' id='word_1_234' title='bbox 112 1857 190 1891; x_wconf 86' lang='grc' dir='ltr'>σμόν.</span> 
     </span>
    </p>
   </div>
   <div class='ocr_carea' id='block_1_41' title="bbox 147 1910 909 1949">
    <p class='ocr_par' dir='ltr' id='par_1_41' title="bbox 147 1910 909 1949">
     <span class='ocr_line' id='line_1_41' title="bbox 147 1910 909 1949; baseline -0.005 -9"><span class='ocrx_word' id='word_1_235' title='bbox 147 1915 181 1940; x_wconf 79' lang='grc' dir='ltr'><strong>Αἱ</strong></span> <span class='ocrx_word' id='word_1_236' title='bbox 208 1913 355 1949; x_wconf 83' lang='grc' dir='ltr'>πασχὰλιοι</span> <span class='ocrx_word' id='word_1_237' title='bbox 371 1913 425 1939; x_wconf 82' lang='grc' dir='ltr'>τῶν</span> <span class='ocrx_word' id='word_1_238' title='bbox 442 1911 554 1948; x_wconf 80' lang='grc' dir='ltr'>ἡμερῶν</span> <span class='ocrx_word' id='word_1_239' title='bbox 567 1911 613 1938; x_wconf 80' lang='grc' dir='ltr'>ἀπ’</span> <span class='ocrx_word' id='word_1_240' title='bbox 629 1911 715 1946; x_wconf 75' lang='grc' dir='ltr'>αὐτῆς</span> <span class='ocrx_word' id='word_1_241' title='bbox 728 1911 776 1946; x_wconf 80' lang='grc' dir='ltr'>τῆς</span> <span class='ocrx_word' id='word_1_242' title='bbox 794 1910 841 1937; x_wconf 81' lang='grc' dir='ltr'><strong>τοῦ</strong></span> <span class='ocrx_word' id='word_1_243' title='bbox 852 1911 909 1937; x_wconf 71' lang='grc' dir='ltr'><strong>Λα-</strong></span> 
     </span>
    </p>
   </div>
   <div class='ocr_carea' id='block_1_42' title="bbox 111 1958 908 1996">
    <p class='ocr_par' dir='ltr' id='par_1_42' title="bbox 111 1958 908 1996">
     <span class='ocr_line' id='line_1_42' title="bbox 111 1958 908 1996; baseline -0.004 -9"><span class='ocrx_word' id='word_1_244' title='bbox 111 1961 196 1996; x_wconf 79' lang='grc' dir='ltr'>ζάρου</span> <span class='ocrx_word' id='word_1_245' title='bbox 227 1960 362 1995; x_wconf 80' lang='grc' dir='ltr'>ὲγέρσεως</span> <span class='ocrx_word' id='word_1_246' title='bbox 387 1959 467 1994; x_wconf 78' lang='grc' dir='ltr'>μέχρι</span> <span class='ocrx_word' id='word_1_247' title='bbox 490 1958 537 1985; x_wconf 78' lang='grc' dir='ltr'>καὶ</span> <span class='ocrx_word' id='word_1_248' title='bbox 558 1959 586 1990; x_wconf 83' lang='grc' dir='ltr'>ἐς</span> <span class='ocrx_word' id='word_1_249' title='bbox 612 1958 697 1994; x_wconf 76' lang='grc' dir='ltr'>αὐτὴν</span> <span class='ocrx_word' id='word_1_250' title='bbox 718 1958 767 1994; x_wconf 81' lang='grc' dir='ltr'>τὴν</span> <span class='ocrx_word' id='word_1_251' title='bbox 786 1959 854 1993; x_wconf 70' lang='grc' dir='ltr'>μετὰ</span> <span class='ocrx_word' id='word_1_252' title='bbox 878 1958 908 1984; x_wconf 75' lang='grc' dir='ltr'>τὺ</span> 
     </span>
    </p>
   </div>
   <div class='ocr_carea' id='block_1_43' title="bbox 111 2006 427 2040">
    <p class='ocr_par' dir='ltr' id='par_1_43' title="bbox 111 2006 427 2040">
     <span class='ocr_line' id='line_1_43' title="bbox 111 2006 427 2040; baseline -0.003 -7"><span class='ocrx_word' id='word_1_253' title='bbox 111 2006 190 2040; x_wconf 79' lang='grc' dir='ltr'>ἆγιον</span> <span class='ocrx_word' id='word_1_254' title='bbox 207 2007 301 2040; x_wconf 79' lang='grc' dir='ltr'>Πάσχα</span> <span class='ocrx_word' id='word_1_255' title='bbox 321 2006 427 2040; x_wconf 80' lang='grc' dir='ltr'>ὀγδόην.</span> 
     </span>
    </p>
   </div>
   <div class='ocr_carea' id='block_1_44' title="bbox 153 2051 907 2088">
    <p class='ocr_par' dir='ltr' id='par_1_44' title="bbox 153 2051 907 2088">
     <span class='ocr_line' id='line_1_44' title="bbox 153 2051 907 2088; baseline -0.003 -9"><span class='ocrx_word' id='word_1_256' title='bbox 153 2054 185 2079; x_wconf 84' lang='grc' dir='ltr'><strong>Ἦ</strong></span> <span class='ocrx_word' id='word_1_257' title='bbox 201 2052 238 2080; x_wconf 69' lang='grc' dir='ltr'>κε’</span> <span class='ocrx_word' id='word_1_258' title='bbox 256 2053 303 2079; x_wconf 83' lang='grc' dir='ltr'><strong>τοῦ</strong></span> <span class='ocrx_word' id='word_1_259' title='bbox 317 2053 462 2088; x_wconf 80' lang='grc' dir='ltr'>Ἀπρὶλλου</span> <span class='ocrx_word' id='word_1_260' title='bbox 480 2051 524 2079; x_wconf 83' lang='grc' dir='ltr'><strong>διὰ</strong></span> <span class='ocrx_word' id='word_1_261' title='bbox 536 2052 581 2078; x_wconf 83' lang='grc' dir='ltr'><strong>τὸν</strong></span> <span class='ocrx_word' id='word_1_262' title='bbox 598 2051 746 2079; x_wconf 83' lang='grc' dir='ltr'>ἀπόστολον</span> <span class='ocrx_word' id='word_1_263' title='bbox 761 2052 808 2078; x_wconf 79' lang='grc' dir='ltr'>καὶ</span> <span class='ocrx_word' id='word_1_264' title='bbox 825 2052 907 2085; x_wconf 84' lang='grc' dir='ltr'>εὐαγ-</span> 
     </span>
    </p>
   </div>
   <div class='ocr_carea' id='block_1_45' title="bbox 110 2099 379 2135">
    <p class='ocr_par' dir='ltr' id='par_1_45' title="bbox 110 2099 379 2135">
     <span class='ocr_line' id='line_1_45' title="bbox 110 2099 379 2135; baseline 0 -9"><span class='ocrx_word' id='word_1_265' title='bbox 110 2099 239 2135; x_wconf 85' lang='grc' dir='ltr'>γελιστὴν</span> <span class='ocrx_word' id='word_1_266' title='bbox 255 2100 379 2134; x_wconf 75' lang='grc' dir='ltr'>Μάρκον.</span> 
     </span>
    </p>
   </div>
   <div class='ocr_carea' id='block_1_46' title="bbox 147 2144 909 2180">
    <p class='ocr_par' dir='ltr' id='par_1_46' title="bbox 147 2144 909 2180">
     <span class='ocr_line' id='line_1_46' title="bbox 147 2144 909 2180; baseline -0.003 -8"><span class='ocrx_word' id='word_1_267' title='bbox 147 2147 202 2173; x_wconf 81' lang='grc' dir='ltr'>Καὶ</span> <span class='ocrx_word' id='word_1_268' title='bbox 221 2147 233 2180; x_wconf 73' lang='grc' dir='ltr'>ἡ</span> <span class='ocrx_word' id='word_1_269' title='bbox 247 2144 268 2171; x_wconf 86' lang='grc' dir='ltr'>λ’</span> <span class='ocrx_word' id='word_1_270' title='bbox 282 2145 325 2171; x_wconf 82' lang='grc' dir='ltr'>διὰ</span> <span class='ocrx_word' id='word_1_271' title='bbox 336 2145 382 2171; x_wconf 74' lang='grc' dir='ltr'>τὸν</span> <span class='ocrx_word' id='word_1_272' title='bbox 395 2145 542 2172; x_wconf 79' lang='grc' dir='ltr'>ἀπόστολον</span> <span class='ocrx_word' id='word_1_273' title='bbox 559 2144 686 2171; x_wconf 73' lang='grc' dir='ltr'>Ἰάκωϐον</span> <span class='ocrx_word' id='word_1_274' title='bbox 698 2145 744 2170; x_wconf 77' lang='grc' dir='ltr'><strong>τὸν</strong></span> <span class='ocrx_word' id='word_1_275' title='bbox 755 2144 802 2171; x_wconf 75' lang='grc' dir='ltr'><strong>τοῦ</strong></span> <span class='ocrx_word' id='word_1_276' title='bbox 817 2144 909 2171; x_wconf 77' lang='grc' dir='ltr'>Θεολύ-</span> 
     </span>
    </p>
   </div>
   <div class='ocr_carea' id='block_1_47' title="bbox 110 2191 568 2227">
    <p class='ocr_par' dir='ltr' id='par_1_47' title="bbox 110 2191 568 2227">
     <span class='ocr_line' id='line_1_47' title="bbox 110 2191 568 2227; baseline 0 -9"><span class='ocrx_word' id='word_1_277' title='bbox 110 2201 161 2227; x_wconf 85' lang='grc' dir='ltr'><strong>γου</strong></span> <span class='ocrx_word' id='word_1_278' title='bbox 174 2192 221 2219; x_wconf 83' lang='grc' dir='ltr'><strong>καὶ</strong></span> <span class='ocrx_word' id='word_1_279' title='bbox 234 2191 429 2226; x_wconf 77' lang='grc' dir='ltr'>εὐαγγελιστοῦ</span> <span class='ocrx_word' id='word_1_280' title='bbox 443 2191 568 2226; x_wconf 76' lang='grc' dir='ltr'>ἀδελφόν.</span> 
     </span>
    </p>
   </div>
   <div class='ocr_carea' id='block_1_48' title="bbox 152 2237 948 2275">
    <p class='ocr_par' dir='ltr' id='par_1_48' title="bbox 152 2237 948 2275">
     <span class='ocr_line' id='line_1_48' title="bbox 152 2237 948 2275; baseline -0.003 -9"><span class='ocrx_word' id='word_1_281' title='bbox 152 2239 185 2266; x_wconf 85' lang='grc' dir='ltr'><strong>Ἠ</strong></span> <span class='ocrx_word' id='word_1_282' title='bbox 200 2238 223 2274; x_wconf 85' lang='grc' dir='ltr'>η’</span> <span class='ocrx_word' id='word_1_283' title='bbox 241 2238 288 2265; x_wconf 84' lang='grc' dir='ltr'><strong>τοῦ</strong></span> <span class='ocrx_word' id='word_1_284' title='bbox 300 2238 390 2265; x_wconf 78' lang='grc' dir='ltr'>Μαΐου</span> <span class='ocrx_word' id='word_1_285' title='bbox 404 2238 446 2264; x_wconf 81' lang='grc' dir='ltr'><strong>διὰ</strong></span> <span class='ocrx_word' id='word_1_286' title='bbox 460 2238 509 2274; x_wconf 74' lang='grc' dir='ltr'>τὴν</span> <span class='ocrx_word' id='word_1_287' title='bbox 526 2238 638 2273; x_wconf 86' lang='grc' dir='ltr'>μνήμην</span> <span class='ocrx_word' id='word_1_288' title='bbox 649 2237 697 2264; x_wconf 81' lang='grc' dir='ltr'><strong>τοῦ</strong></span> <span class='ocrx_word' id='word_1_289' title='bbox 712 2237 907 2272; x_wconf 70' lang='grc' dir='ltr'>εὐαγγελιστοῦ</span> <span class='ocrx_word' id='word_1_290' title='bbox 921 2245 948 2275; x_wconf 84' lang='lat' dir='ltr'><strong>D</strong></span> 
     </span>
    </p>
   </div>
   <div class='ocr_carea' id='block_1_49' title="bbox 109 2283 466 2318">
    <p class='ocr_par' dir='ltr' id='par_1_49' title="bbox 109 2283 466 2318">
     <span class='ocr_line' id='line_1_49' title="bbox 109 2283 466 2318; baseline -0.003 -7"><span class='ocrx_word' id='word_1_291' title='bbox 109 2284 242 2311; x_wconf 76' lang='grc' dir='ltr'><strong>ιῐωᾱιννου</strong></span> <span class='ocrx_word' id='word_1_292' title='bbox 261 2283 308 2310; x_wconf 80' lang='grc' dir='ltr'><strong>τοῦ</strong></span> <span class='ocrx_word' id='word_1_293' title='bbox 325 2284 466 2318; x_wconf 82' lang='grc' dir='ltr'>Θεολόγου.</span> 
     </span>
    </p>
   </div>
   <div class='ocr_carea' id='block_1_50' title="bbox 154 2330 910 2366">
    <p class='ocr_par' dir='ltr' id='par_1_50' title="bbox 154 2330 910 2366">
     <span class='ocr_line' id='line_1_50' title="bbox 154 2330 910 2366; baseline -0.001 -9"><span class='ocrx_word' id='word_1_294' title='bbox 154 2331 186 2357; x_wconf 87' lang='grc' dir='ltr'><strong>Ἦ</strong></span> <span class='ocrx_word' id='word_1_295' title='bbox 207 2330 222 2357; x_wconf 85' lang='grc' dir='ltr'>ι’</span> <span class='ocrx_word' id='word_1_296' title='bbox 237 2330 281 2357; x_wconf 79' lang='grc' dir='ltr'><strong>διὰ</strong></span> <span class='ocrx_word' id='word_1_297' title='bbox 293 2331 343 2366; x_wconf 84' lang='grc' dir='ltr'>τὴν</span> <span class='ocrx_word' id='word_1_298' title='bbox 356 2330 402 2357; x_wconf 83' lang='grc' dir='ltr'><strong>τοῦ</strong></span> <span class='ocrx_word' id='word_1_299' title='bbox 417 2331 567 2358; x_wconf 82' lang='grc' dir='ltr'>ἀποστόλου</span> <span class='ocrx_word' id='word_1_300' title='bbox 581 2331 703 2366; x_wconf 82' lang='grc' dir='ltr'>Σίμωνος</span> <span class='ocrx_word' id='word_1_301' title='bbox 717 2333 764 2357; x_wconf 82' lang='grc' dir='ltr'><strong>τοῦ</strong></span> <span class='ocrx_word' id='word_1_302' title='bbox 778 2330 910 2366; x_wconf 81' lang='grc' dir='ltr'>ζηλωτοῦ.</span> 
     </span>
    </p>
   </div>
   <div class='ocr_carea' id='block_1_51' title="bbox 156 2423 913 2459">
    <p class='ocr_par' dir='ltr' id='par_1_51' title="bbox 156 2423 913 2459">
     <span class='ocr_line' id='line_1_51' title="bbox 156 2423 913 2459; baseline -0.001 -9"><span class='ocrx_word' id='word_1_303' title='bbox 156 2424 189 2450; x_wconf 83' lang='grc' dir='ltr'><strong>ἸΙ</strong></span> <span class='ocrx_word' id='word_1_304' title='bbox 203 2427 247 2450; x_wconf 90' lang='grc' dir='ltr'>κα¹</span> <span class='ocrx_word' id='word_1_305' title='bbox 261 2423 305 2450; x_wconf 81' lang='grc' dir='ltr'><strong>διὰ</strong></span> <span class='ocrx_word' id='word_1_306' title='bbox 315 2423 365 2458; x_wconf 84' lang='grc' dir='ltr'>τὴν</span> <span class='ocrx_word' id='word_1_307' title='bbox 378 2424 489 2459; x_wconf 83' lang='grc' dir='ltr'>μνήμην</span> <span class='ocrx_word' id='word_1_308' title='bbox 503 2423 556 2449; x_wconf 83' lang='grc' dir='ltr'><strong>τῶν</strong></span> <span class='ocrx_word' id='word_1_309' title='bbox 568 2423 653 2457; x_wconf 84' lang='grc' dir='ltr'>ἁγίων</span> <span class='ocrx_word' id='word_1_310' title='bbox 665 2423 712 2450; x_wconf 76' lang='grc' dir='ltr'><strong>καὶ</strong></span> <span class='ocrx_word' id='word_1_311' title='bbox 727 2423 913 2450; x_wconf 83' lang='grc' dir='ltr'>ἰσαποστόλων</span> 
     </span>
    </p>
   </div>
   <div class='ocr_carea' id='block_1_52' title="bbox 111 2468 876 2505">
    <p class='ocr_par' dir='ltr' id='par_1_52' title="bbox 111 2468 876 2505">
     <span class='ocr_line' id='line_1_52' title="bbox 111 2468 876 2505; baseline 0.003 -9"><span class='ocrx_word' id='word_1_312' title='bbox 111 2470 160 2497; x_wconf 66' lang='grc' dir='ltr'>καὶ</span> <span class='ocrx_word' id='word_1_313' title='bbox 175 2470 301 2505; x_wconf 77' lang='grc' dir='ltr'>μεγάλων</span> <span class='ocrx_word' id='word_1_314' title='bbox 319 2468 451 2497; x_wconf 77' lang='grc' dir='ltr'>Βασιλέων</span> <span class='ocrx_word' id='word_1_315' title='bbox 470 2470 677 2504; x_wconf 76' lang='grc' dir='ltr'>Κωνσταντίνου</span> <span class='ocrx_word' id='word_1_316' title='bbox 691 2471 738 2497; x_wconf 74' lang='grc' dir='ltr'><strong>καὶ</strong></span> <span class='ocrx_word' id='word_1_317' title='bbox 756 2469 876 2504; x_wconf 85' lang='grc' dir='ltr'>Ἑλένης.</span> 
     </span>
    </p>
   </div>
   <div class='ocr_carea' id='block_1_53' title="bbox 148 2560 912 2597">
    <p class='ocr_par' dir='ltr' id='par_1_53' title="bbox 148 2560 912 2597">
     <span class='ocr_line' id='line_1_53' title="bbox 148 2560 912 2597; baseline 0 -9"><span class='ocrx_word' id='word_1_318' title='bbox 148 2562 204 2588; x_wconf 78' lang='grc' dir='ltr'><strong>Καὶ</strong></span> <span class='ocrx_word' id='word_1_319' title='bbox 224 2562 241 2597; x_wconf 82' lang='grc' dir='ltr'><strong>ἡ</strong></span> <span class='ocrx_word' id='word_1_320' title='bbox 260 2561 307 2594; x_wconf 74' lang='grc' dir='ltr'>κς’</span> <span class='ocrx_word' id='word_1_321' title='bbox 325 2561 369 2588; x_wconf 81' lang='grc' dir='ltr'><strong>διὰ</strong></span> <span class='ocrx_word' id='word_1_322' title='bbox 392 2561 441 2596; x_wconf 84' lang='grc' dir='ltr'>τὴν</span> <span class='ocrx_word' id='word_1_323' title='bbox 463 2560 511 2587; x_wconf 83' lang='grc' dir='ltr'><strong>τοῦ</strong></span> <span class='ocrx_word' id='word_1_324' title='bbox 535 2561 686 2587; x_wconf 84' lang='grc' dir='ltr'>ἀποστόλου</span> <span class='ocrx_word' id='word_1_325' title='bbox 716 2561 844 2595; x_wconf 75' lang='grc' dir='ltr'>’Λλφαίου</span> <span class='ocrx_word' id='word_1_326' title='bbox 864 2562 912 2588; x_wconf 75' lang='grc' dir='ltr'><strong>τοῦ</strong></span> 
     </span>
    </p>
   </div>
   <div class='ocr_carea' id='block_1_54' title="bbox 116 2607 214 2634">
    <p class='ocr_par' dir='ltr' id='par_1_54' title="bbox 116 2607 214 2634">
     <span class='ocr_line' id='line_1_54' title="bbox 116 2607 214 2634; baseline 0 0"><span class='ocrx_word' id='word_1_327' title='bbox 116 2607 214 2634; x_wconf 76' lang='grc' dir='ltr'><strong>Ἰούδα.</strong></span> 
     </span>
    </p>
   </div>
   <div class='ocr_carea' id='block_1_55' title="bbox 154 2651 914 2689">
    <p class='ocr_par' dir='ltr' id='par_1_55' title="bbox 154 2651 914 2689">
     <span class='ocr_line' id='line_1_55' title="bbox 154 2651 914 2689; baseline 0 -10"><span class='ocrx_word' id='word_1_328' title='bbox 154 2654 186 2679; x_wconf 87' lang='lat' dir='ltr'><strong>&#39;ll</strong></span> <span class='ocrx_word' id='word_1_329' title='bbox 205 2653 241 2680; x_wconf 81' lang='grc' dir='ltr'>ια’</span> <span class='ocrx_word' id='word_1_330' title='bbox 260 2653 307 2681; x_wconf 85' lang='grc' dir='ltr'><strong>τοῦ</strong></span> <span class='ocrx_word' id='word_1_331' title='bbox 326 2654 436 2681; x_wconf 79' lang='grc' dir='ltr'>Ἰουνίου</span> <span class='ocrx_word' id='word_1_332' title='bbox 459 2654 503 2681; x_wconf 74' lang='grc' dir='ltr'>διὰ</span> <span class='ocrx_word' id='word_1_333' title='bbox 529 2654 575 2680; x_wconf 75' lang='grc' dir='ltr'>τὸν</span> <span class='ocrx_word' id='word_1_334' title='bbox 602 2653 750 2680; x_wconf 68' lang='grc' dir='ltr'>ἀπόστολον</span> <span class='ocrx_word' id='word_1_335' title='bbox 777 2651 914 2689; x_wconf 79' lang='grc' dir='ltr'>Βαρθολο-</span> 
     </span>
    </p>
   </div>
   <div class='ocr_carea' id='block_1_56' title="bbox 111 2701 203 2735">
    <p class='ocr_par' dir='ltr' id='par_1_56' title="bbox 111 2701 203 2735">
     <span class='ocr_line' id='line_1_56' title="bbox 111 2701 203 2735; baseline 0.011 -9"><span class='ocrx_word' id='word_1_336' title='bbox 111 2701 203 2735; x_wconf 83' lang='grc' dir='ltr'>μαῖον.</span> 
     </span>
    </p>
   </div>
   <div class='ocr_carea' id='block_1_57' title="bbox 153 2744 911 2776">
    <p class='ocr_par' dir='ltr' id='par_1_57' title="bbox 153 2744 911 2776">
     <span class='ocr_line' id='line_1_57' title="bbox 153 2744 911 2776; baseline -0.003 -3"><span class='ocrx_word' id='word_1_337' title='bbox 153 2747 187 2773; x_wconf 82' lang='grc' dir='ltr'><em>Ἢ</em></span> <span class='ocrx_word' id='word_1_338' title='bbox 206 2746 237 2773; x_wconf 80' lang='lat' dir='ltr'><strong>t0&#39;</strong></span> <span class='ocrx_word' id='word_1_339' title='bbox 252 2747 296 2774; x_wconf 80' lang='grc' dir='ltr'><strong>διὰ</strong></span> <span class='ocrx_word' id='word_1_340' title='bbox 312 2748 358 2774; x_wconf 68' lang='grc' dir='ltr'><strong>τὸν</strong></span> <span class='ocrx_word' id='word_1_341' title='bbox 374 2747 524 2774; x_wconf 75' lang='grc' dir='ltr'>ἀπόστολον</span> <span class='ocrx_word' id='word_1_342' title='bbox 542 2746 643 2774; x_wconf 77' lang='grc' dir='ltr'>Ἰούδαν</span> <span class='ocrx_word' id='word_1_343' title='bbox 658 2745 703 2773; x_wconf 81' lang='grc' dir='ltr'><strong>τὸν</strong></span> <span class='ocrx_word' id='word_1_344' title='bbox 715 2746 762 2772; x_wconf 73' lang='grc' dir='ltr'>καὶ</span> <span class='ocrx_word' id='word_1_345' title='bbox 772 2744 911 2776; x_wconf 78' lang='grc' dir='ltr'>Θαδδαῖον,</span> 
     </span>
    </p>
   </div>
   <div class='ocr_carea' id='block_1_58' title="bbox 109 2792 549 2826">
    <p class='ocr_par' dir='ltr' id='par_1_58' title="bbox 109 2792 549 2826">
     <span class='ocr_line' id='line_1_58' title="bbox 109 2792 549 2826; baseline -0.002 -7"><span class='ocrx_word' id='word_1_346' title='bbox 109 2793 161 2820; x_wconf 69' lang='grc' dir='ltr'>καὶ</span> <span class='ocrx_word' id='word_1_347' title='bbox 186 2793 329 2826; x_wconf 70' lang='grc' dir='ltr'>Λεϐϐαῖον,</span> <span class='ocrx_word' id='word_1_348' title='bbox 344 2794 392 2820; x_wconf 68' lang='grc' dir='ltr'><strong>καὶ</strong></span> <span class='ocrx_word' id='word_1_349' title='bbox 411 2792 549 2819; x_wconf 73' lang='grc' dir='ltr'>Ἰάκωϐον.</span> 
     </span>
    </p>
   </div>
   <div class='ocr_carea' id='block_1_59' title="bbox 153 2838 735 2875">
    <p class='ocr_par' dir='ltr' id='par_1_59' title="bbox 153 2838 735 2875">
     <span class='ocr_line' id='line_1_59' title="bbox 153 2838 735 2875; baseline 0.002 -10"><span class='ocrx_word' id='word_1_350' title='bbox 153 2839 186 2865; x_wconf 85' lang='grc' dir='ltr'><strong>Ἡ</strong></span> <span class='ocrx_word' id='word_1_351' title='bbox 202 2838 239 2865; x_wconf 83' lang='grc' dir='ltr'><strong>κδ’</strong></span> <span class='ocrx_word' id='word_1_352' title='bbox 251 2839 294 2866; x_wconf 73' lang='grc' dir='ltr'>διὰ</span> <span class='ocrx_word' id='word_1_353' title='bbox 310 2839 340 2866; x_wconf 71' lang='grc' dir='ltr'>τὸ</span> <span class='ocrx_word' id='word_1_354' title='bbox 351 2839 397 2866; x_wconf 70' lang='grc' dir='ltr'><strong>τοῦ</strong></span> <span class='ocrx_word' id='word_1_355' title='bbox 413 2839 570 2875; x_wconf 71' lang='grc' dir='ltr'>Προῗρόμου</span> <span class='ocrx_word' id='word_1_356' title='bbox 587 2838 735 2873; x_wconf 71' lang='grc' dir='ltr'>γενέθλιον.</span> 
     </span>
    </p>
   </div>
   <div class='ocr_carea' id='block_1_60' title="bbox 931 877 951 904">
    <p class='ocr_par' dir='ltr' id='par_1_60' title="bbox 931 877 951 904">
     <span class='ocr_line' id='line_1_60' title="bbox 931 877 951 904; baseline 0 0"><span class='ocrx_word' id='word_1_357' title='bbox 931 877 951 904; x_wconf 83' lang='grc' dir='ltr'><strong>Β</strong></span> 
     </span>
    </p>
   </div>
   <div class='ocr_carea' id='block_1_61' title="bbox 969 233 1367 263">
    <p class='ocr_par' dir='ltr' id='par_1_61' title="bbox 969 233 1367 263">
     <span class='ocr_line' id='line_1_61' title="bbox 969 233 1367 263; baseline 0.008 -3"><span class='ocrx_word' id='word_1_358' title='bbox 969 233 1084 261; x_wconf 66' lang='grc' dir='ltr'><strong>νὶνὶιίοίε</strong></span> <span class='ocrx_word' id='word_1_359' title='bbox 1100 234 1191 261; x_wconf 88' lang='lat' dir='ltr'><strong>crucis</strong></span> <span class='ocrx_word' id='word_1_360' title='bbox 1205 235 1367 263; x_wconf 75' lang='lat' dir='ltr'><strong>honoratur.</strong></span> 
     </span>
    </p>
   </div>
   <div class='ocr_carea' id='block_1_62' title="bbox 1007 279 1765 319">
    <p class='ocr_par' dir='ltr' id='par_1_62' title="bbox 1007 279 1765 319">
     <span class='ocr_line' id='line_1_62' title="bbox 1007 279 1765 319; baseline 0.012 -13"><span class='ocrx_word' id='word_1_361' title='bbox 1007 279 1073 307; x_wconf 91' lang='lat' dir='ltr'><strong>Itetn</strong></span> <span class='ocrx_word' id='word_1_362' title='bbox 1091 281 1239 308; x_wconf 84' lang='lat' dir='ltr'><strong>vicesimus</strong></span> <span class='ocrx_word' id='word_1_363' title='bbox 1252 286 1356 315; x_wconf 84' lang='lat' dir='ltr'><strong>sextus,</strong></span> <span class='ocrx_word' id='word_1_364' title='bbox 1373 287 1483 318; x_wconf 84' lang='lat' dir='ltr'><strong>propter</strong></span> <span class='ocrx_word' id='word_1_365' title='bbox 1499 283 1618 319; x_wconf 90' lang='lat' dir='ltr'><strong>apostoli</strong></span> <span class='ocrx_word' id='word_1_366' title='bbox 1633 289 1661 314; x_wconf 86' lang='lat' dir='ltr'><strong>et</strong></span> <span class='ocrx_word' id='word_1_367' title='bbox 1677 293 1765 314; x_wconf 87' lang='lat' dir='ltr'><strong>evan-</strong></span> 
     </span>
    </p>
   </div>
   <div class='ocr_carea' id='block_1_63' title="bbox 969 326 1643 363">
    <p class='ocr_par' dir='ltr' id='par_1_63' title="bbox 969 326 1643 363">
     <span class='ocr_line' id='line_1_63' title="bbox 969 326 1643 363; baseline 0.007 -11"><span class='ocrx_word' id='word_1_368' title='bbox 969 326 1074 361; x_wconf 58' lang='lat' dir='ltr'><strong>gelista:</strong></span> <span class='ocrx_word' id='word_1_369' title='bbox 1085 326 1201 354; x_wconf 83' lang='lat' dir='ltr'><strong>Joannis</strong></span> <span class='ocrx_word' id='word_1_370' title='bbox 1218 326 1349 363; x_wconf 80' lang='lat' dir='ltr'><strong>Theologi</strong></span> <span class='ocrx_word' id='word_1_371' title='bbox 1372 329 1643 358; x_wconf 89' lang='lat' dir='ltr'><strong>transmutationem.</strong></span> 
     </span>
    </p>
   </div>
   <div class='ocr_carea' id='block_1_64' title="bbox 1006 381 1765 420">
    <p class='ocr_par' dir='ltr' id='par_1_64' title="bbox 1006 381 1765 420">
     <span class='ocr_line' id='line_1_64' title="bbox 1006 381 1765 420; baseline 0.011 -11"><span class='ocrx_word' id='word_1_372' title='bbox 1006 381 1071 409; x_wconf 92' lang='lat' dir='ltr'><strong>Item</strong></span> <span class='ocrx_word' id='word_1_373' title='bbox 1084 386 1178 411; x_wconf 75' lang='lat' dir='ltr'><strong>sextus</strong></span> <span class='ocrx_word' id='word_1_374' title='bbox 1199 383 1335 417; x_wconf 84' lang='lat' dir='ltr'><strong>Octobris,</strong></span> <span class='ocrx_word' id='word_1_375' title='bbox 1353 385 1424 420; x_wconf 86' lang='lat' dir='ltr'><strong>quod</strong></span> <span class='ocrx_word' id='word_1_376' title='bbox 1445 391 1502 413; x_wconf 88' lang='lat' dir='ltr'><strong>tum</strong></span> <span class='ocrx_word' id='word_1_377' title='bbox 1520 388 1653 415; x_wconf 84' lang='lat' dir='ltr'><strong>memoria</strong></span> <span class='ocrx_word' id='word_1_378' title='bbox 1675 391 1765 418; x_wconf 81' lang='lat' dir='ltr'><strong>sancti</strong></span> 
     </span>
    </p>
   </div>
   <div class='ocr_carea' id='block_1_65' title="bbox 970 428 1399 462">
    <p class='ocr_par' dir='ltr' id='par_1_65' title="bbox 970 428 1399 462">
     <span class='ocr_line' id='line_1_65' title="bbox 970 428 1399 462; baseline 0.007 -7"><span class='ocrx_word' id='word_1_379' title='bbox 970 428 1083 456; x_wconf 70' lang='lat' dir='ltr'><strong>Thomze</strong></span> <span class='ocrx_word' id='word_1_380' title='bbox 1100 429 1217 462; x_wconf 79' lang='lat' dir='ltr'><strong>apostoli</strong></span> <span class='ocrx_word' id='word_1_381' title='bbox 1233 431 1399 458; x_wconf 83' lang='lat' dir='ltr'><strong>celebretur.</strong></span> 
     </span>
    </p>
   </div>
   <div class='ocr_carea' id='block_1_66' title="bbox 1006 476 1763 518">
    <p class='ocr_par' dir='ltr' id='par_1_66' title="bbox 1006 476 1763 518">
     <span class='ocr_line' id='line_1_66' title="bbox 1006 476 1763 518; baseline 0.013 -17"><span class='ocrx_word' id='word_1_382' title='bbox 1006 476 1072 502; x_wconf 89' lang='lat' dir='ltr'><strong>item</strong></span> <span class='ocrx_word' id='word_1_383' title='bbox 1090 484 1190 508; x_wconf 84' lang='lat' dir='ltr'><strong>nonus,</strong></span> <span class='ocrx_word' id='word_1_384' title='bbox 1209 476 1236 503; x_wconf 91' lang='lat' dir='ltr'><strong>in</strong></span> <span class='ocrx_word' id='word_1_385' title='bbox 1253 477 1386 505; x_wconf 90' lang='lat' dir='ltr'><strong>honorem</strong></span> <span class='ocrx_word' id='word_1_386' title='bbox 1400 477 1495 506; x_wconf 80' lang='lat' dir='ltr'><strong>Jacobi</strong></span> <span class='ocrx_word' id='word_1_387' title='bbox 1516 479 1620 516; x_wconf 69' lang='lat' dir='ltr'><strong>Alphaai</strong></span> <span class='ocrx_word' id='word_1_388' title='bbox 1635 484 1763 518; x_wconf 81' lang='lat' dir='ltr'><strong>apostoli.</strong></span> 
     </span>
    </p>
   </div>
   <div class='ocr_carea' id='block_1_67' title="bbox 1004 521 1767 563">
    <p class='ocr_par' dir='ltr' id='par_1_67' title="bbox 1004 521 1767 563">
     <span class='ocr_line' id='line_1_67' title="bbox 1004 521 1767 563; baseline 0.016 -16"><span class='ocrx_word' id='word_1_389' title='bbox 1004 521 1070 548; x_wconf 90' lang='lat' dir='ltr'><strong>Item</strong></span> <span class='ocrx_word' id='word_1_390' title='bbox 1097 522 1241 555; x_wconf 64' lang='lat' dir='ltr'><strong>decimus,</strong></span> <span class='ocrx_word' id='word_1_391' title='bbox 1268 523 1295 550; x_wconf 91' lang='lat' dir='ltr'><strong>in</strong></span> <span class='ocrx_word' id='word_1_392' title='bbox 1326 524 1459 552; x_wconf 82' lang='lat' dir='ltr'><strong>honorem</strong></span> <span class='ocrx_word' id='word_1_393' title='bbox 1484 525 1565 554; x_wconf 71' lang='lat' dir='ltr'><strong>Luca:</strong></span> <span class='ocrx_word' id='word_1_394' title='bbox 1590 530 1710 563; x_wconf 80' lang='lat' dir='ltr'><strong>apostoli</strong></span> <span class='ocrx_word' id='word_1_395' title='bbox 1737 535 1767 559; x_wconf 89' lang='lat' dir='ltr'><strong>et</strong></span> 
     </span>
    </p>
   </div>
   <div class='ocr_carea' id='block_1_68' title="bbox 968 568 1153 602">
    <p class='ocr_par' dir='ltr' id='par_1_68' title="bbox 968 568 1153 602">
     <span class='ocr_line' id='line_1_68' title="bbox 968 568 1153 602; baseline 0 -8"><span class='ocrx_word' id='word_1_396' title='bbox 968 568 1153 602; x_wconf 57' lang='lat' dir='ltr'><strong>evangelista.</strong></span> 
     </span>
    </p>
   </div>
   <div class='ocr_carea' id='block_1_69' title="bbox 1006 613 1764 652">
    <p class='ocr_par' dir='ltr' id='par_1_69' title="bbox 1006 613 1764 652">
     <span class='ocr_line' id='line_1_69' title="bbox 1006 613 1764 652; baseline 0.016 -14"><span class='ocrx_word' id='word_1_397' title='bbox 1006 613 1069 640; x_wconf 90' lang='lat' dir='ltr'><strong>Item</strong></span> <span class='ocrx_word' id='word_1_398' title='bbox 1085 613 1210 641; x_wconf 79' lang='lat' dir='ltr'><strong>decimus</strong></span> <span class='ocrx_word' id='word_1_399' title='bbox 1227 614 1325 642; x_wconf 86' lang='lat' dir='ltr'><strong>tertius</strong></span> <span class='ocrx_word' id='word_1_400' title='bbox 1340 615 1513 650; x_wconf 87' lang='lat' dir='ltr'><strong>Novembris,</strong></span> <span class='ocrx_word' id='word_1_401' title='bbox 1536 619 1609 652; x_wconf 89' lang='lat' dir='ltr'><strong>quod</strong></span> <span class='ocrx_word' id='word_1_402' title='bbox 1628 623 1684 647; x_wconf 89' lang='lat' dir='ltr'><strong>tum</strong></span> <span class='ocrx_word' id='word_1_403' title='bbox 1704 629 1764 650; x_wconf 87' lang='lat' dir='ltr'><strong>me-</strong></span> 
     </span>
    </p>
   </div>
   <div class='ocr_carea' id='block_1_70' title="bbox 968 659 1458 693">
    <p class='ocr_par' dir='ltr' id='par_1_70' title="bbox 968 659 1458 693">
     <span class='ocr_line' id='line_1_70' title="bbox 968 659 1458 693; baseline 0.008 -8"><span class='ocrx_word' id='word_1_404' title='bbox 968 659 1054 685; x_wconf 87' lang='lat' dir='ltr'><strong>moria</strong></span> <span class='ocrx_word' id='word_1_405' title='bbox 1072 659 1159 693; x_wconf 80' lang='lat' dir='ltr'><strong>patris</strong></span> <span class='ocrx_word' id='word_1_406' title='bbox 1174 659 1276 688; x_wconf 88' lang='lat' dir='ltr'><strong>Christi</strong></span> <span class='ocrx_word' id='word_1_407' title='bbox 1292 661 1458 689; x_wconf 84' lang='lat' dir='ltr'><strong>celebretur.</strong></span> 
     </span>
    </p>
   </div>
   <div class='ocr_carea' id='block_1_71' title="bbox 1004 705 1764 749">
    <p class='ocr_par' dir='ltr' id='par_1_71' title="bbox 1004 705 1764 749">
     <span class='ocr_line' id='line_1_71' title="bbox 1004 705 1764 749; baseline 0.014 -19"><span class='ocrx_word' id='word_1_408' title='bbox 1004 705 1070 731; x_wconf 88' lang='lat' dir='ltr'><strong>Item</strong></span> <span class='ocrx_word' id='word_1_409' title='bbox 1087 705 1212 733; x_wconf 86' lang='lat' dir='ltr'><strong>decimus</strong></span> <span class='ocrx_word' id='word_1_410' title='bbox 1227 711 1354 741; x_wconf 73' lang='lat' dir='ltr'><strong>quartus,</strong></span> <span class='ocrx_word' id='word_1_411' title='bbox 1367 709 1442 742; x_wconf 91' lang='lat' dir='ltr'><strong>quod</strong></span> <span class='ocrx_word' id='word_1_412' title='bbox 1458 714 1514 737; x_wconf 87' lang='lat' dir='ltr'><strong>tum</strong></span> <span class='ocrx_word' id='word_1_413' title='bbox 1535 711 1679 747; x_wconf 82' lang='lat' dir='ltr'><strong>Philippus</strong></span> <span class='ocrx_word' id='word_1_414' title='bbox 1695 721 1764 749; x_wconf 86' lang='lat' dir='ltr'><strong>apo-</strong></span> 
     </span>
    </p>
   </div>
   <div class='ocr_carea' id='block_1_72' title="bbox 968 750 1383 781">
    <p class='ocr_par' dir='ltr' id='par_1_72' title="bbox 968 750 1383 781">
     <span class='ocr_line' id='line_1_72' title="bbox 968 750 1383 781; baseline 0.01 -4"><span class='ocrx_word' id='word_1_415' title='bbox 968 751 1055 778; x_wconf 88' lang='lat' dir='ltr'><strong>stolus</strong></span> <span class='ocrx_word' id='word_1_416' title='bbox 1073 750 1208 779; x_wconf 81' lang='lat' dir='ltr'><strong>festiviter</strong></span> <span class='ocrx_word' id='word_1_417' title='bbox 1221 753 1383 781; x_wconf 83' lang='lat' dir='ltr'><strong>honoretur.</strong></span> 
     </span>
    </p>
   </div>
   <div class='ocr_carea' id='block_1_73' title="bbox 1003 796 1764 838">
    <p class='ocr_par' dir='ltr' id='par_1_73' title="bbox 1003 796 1764 838">
     <span class='ocr_line' id='line_1_73' title="bbox 1003 796 1764 838; baseline 0.016 -15"><span class='ocrx_word' id='word_1_418' title='bbox 1003 796 1069 824; x_wconf 88' lang='lat' dir='ltr'><strong>Item</strong></span> <span class='ocrx_word' id='word_1_419' title='bbox 1083 797 1207 825; x_wconf 87' lang='lat' dir='ltr'><strong>decimus</strong></span> <span class='ocrx_word' id='word_1_420' title='bbox 1218 804 1325 830; x_wconf 69' lang='lat' dir='ltr'><strong>sextus.</strong></span> <span class='ocrx_word' id='word_1_421' title='bbox 1336 801 1408 834; x_wconf 88' lang='lat' dir='ltr'><strong>quod</strong></span> <span class='ocrx_word' id='word_1_422' title='bbox 1426 800 1508 838; x_wconf 86' lang='lat' dir='ltr'><strong>[tum]</strong></span> <span class='ocrx_word' id='word_1_423' title='bbox 1524 802 1667 832; x_wconf 60' lang='lat' dir='ltr'><strong>Matthaaus</strong></span> <span class='ocrx_word' id='word_1_424' title='bbox 1680 813 1764 834; x_wconf 82' lang='lat' dir='ltr'><strong>evan-</strong></span> 
     </span>
    </p>
   </div>
   <div class='ocr_carea' id='block_1_74' title="bbox 968 842 1440 878">
    <p class='ocr_par' dir='ltr' id='par_1_74' title="bbox 968 842 1440 878">
     <span class='ocr_line' id='line_1_74' title="bbox 968 842 1440 878; baseline 0.013 -10"><span class='ocrx_word' id='word_1_425' title='bbox 968 842 1065 877; x_wconf 75' lang='lat' dir='ltr'><strong>gelista</strong></span> <span class='ocrx_word' id='word_1_426' title='bbox 1078 847 1106 869; x_wconf 90' lang='lat' dir='ltr'><strong>et</strong></span> <span class='ocrx_word' id='word_1_427' title='bbox 1120 845 1262 878; x_wconf 82' lang='lat' dir='ltr'><strong>apostolus</strong></span> <span class='ocrx_word' id='word_1_428' title='bbox 1277 845 1440 874; x_wconf 88' lang='lat' dir='ltr'><strong>honoretur.</strong></span> 
     </span>
    </p>
   </div>
   <div class='ocr_carea' id='block_1_75' title="bbox 999 887 1764 927">
    <p class='ocr_par' dir='ltr' id='par_1_75' title="bbox 999 887 1764 927">
     <span class='ocr_line' id='line_1_75' title="bbox 999 887 1764 927; baseline 0.017 -13"><span class='ocrx_word' id='word_1_429' title='bbox 999 887 1067 915; x_wconf 87' lang='lat' dir='ltr'><strong>Item</strong></span> <span class='ocrx_word' id='word_1_430' title='bbox 1084 889 1232 917; x_wconf 86' lang='lat' dir='ltr'><strong>vicesimus</strong></span> <span class='ocrx_word' id='word_1_431' title='bbox 1244 891 1364 925; x_wconf 89' lang='lat' dir='ltr'><strong>primus,</strong></span> <span class='ocrx_word' id='word_1_432' title='bbox 1381 893 1455 927; x_wconf 86' lang='lat' dir='ltr'><strong>quod</strong></span> <span class='ocrx_word' id='word_1_433' title='bbox 1470 898 1528 922; x_wconf 94' lang='lat' dir='ltr'><strong>tum</strong></span> <span class='ocrx_word' id='word_1_434' title='bbox 1546 895 1594 924; x_wconf 85' lang='lat' dir='ltr'><strong>Dei</strong></span> <span class='ocrx_word' id='word_1_435' title='bbox 1615 896 1764 927; x_wconf 84' lang='lat' dir='ltr'><strong>Genitricis</strong></span> 
     </span>
    </p>
   </div>
   <div class='ocr_carea' id='block_1_76' title="bbox 965 934 1469 970">
    <p class='ocr_par' dir='ltr' id='par_1_76' title="bbox 965 934 1469 970">
     <span class='ocr_line' id='line_1_76' title="bbox 965 934 1469 970; baseline 0.012 -9"><span class='ocrx_word' id='word_1_436' title='bbox 965 934 992 962; x_wconf 92' lang='lat' dir='ltr'><strong>in</strong></span> <span class='ocrx_word' id='word_1_437' title='bbox 1008 935 1140 970; x_wconf 89' lang='lat' dir='ltr'><strong>templum</strong></span> <span class='ocrx_word' id='word_1_438' title='bbox 1154 936 1287 965; x_wconf 90' lang='lat' dir='ltr'><strong>introitus</strong></span> <span class='ocrx_word' id='word_1_439' title='bbox 1303 938 1469 968; x_wconf 83' lang='lat' dir='ltr'><strong>celebretur.</strong></span> 
     </span>
    </p>
   </div>
   <div class='ocr_carea' id='block_1_77' title="bbox 1004 981 1762 1026">
    <p class='ocr_par' dir='ltr' id='par_1_77' title="bbox 1004 981 1762 1026">
     <span class='ocr_line' id='line_1_77' title="bbox 1004 981 1762 1026; baseline 0.017 -19"><span class='ocrx_word' id='word_1_440' title='bbox 1004 981 1069 1008; x_wconf 92' lang='lat' dir='ltr'><strong>Item</strong></span> <span class='ocrx_word' id='word_1_441' title='bbox 1095 982 1264 1016; x_wconf 88' lang='lat' dir='ltr'><strong>trieesiutus,</strong></span> <span class='ocrx_word' id='word_1_442' title='bbox 1291 984 1368 1019; x_wconf 87' lang='lat' dir='ltr'><strong>quod</strong></span> <span class='ocrx_word' id='word_1_443' title='bbox 1389 991 1447 1014; x_wconf 90' lang='lat' dir='ltr'><strong>tum</strong></span> <span class='ocrx_word' id='word_1_444' title='bbox 1471 987 1596 1017; x_wconf 82' lang='lat' dir='ltr'><strong>Andreas</strong></span> <span class='ocrx_word' id='word_1_445' title='bbox 1619 993 1762 1026; x_wconf 86' lang='lat' dir='ltr'><strong>apostolus</strong></span> 
     </span>
    </p>
   </div>
   <div class='ocr_carea' id='block_1_78' title="bbox 966 1026 1280 1057">
    <p class='ocr_par' dir='ltr' id='par_1_78' title="bbox 966 1026 1280 1057">
     <span class='ocr_line' id='line_1_78' title="bbox 966 1026 1280 1057; baseline 0.01 -3"><span class='ocrx_word' id='word_1_446' title='bbox 966 1026 1102 1055; x_wconf 77' lang='lat' dir='ltr'><strong>festiviter</strong></span> <span class='ocrx_word' id='word_1_447' title='bbox 1116 1029 1280 1057; x_wconf 87' lang='lat' dir='ltr'><strong>honorctur.</strong></span> 
     </span>
    </p>
   </div>
   <div class='ocr_carea' id='block_1_79' title="bbox 1002 1074 1762 1116">
    <p class='ocr_par' dir='ltr' id='par_1_79' title="bbox 1002 1074 1762 1116">
     <span class='ocr_line' id='line_1_79' title="bbox 1002 1074 1762 1116; baseline 0.018 -16"><span class='ocrx_word' id='word_1_448' title='bbox 1002 1074 1067 1101; x_wconf 88' lang='lat' dir='ltr'><strong>item</strong></span> <span class='ocrx_word' id='word_1_449' title='bbox 1086 1083 1175 1103; x_wconf 88' lang='lat' dir='ltr'><strong>nontts</strong></span> <span class='ocrx_word' id='word_1_450' title='bbox 1191 1075 1349 1106; x_wconf 86' lang='lat' dir='ltr'><strong>Decembris</strong></span> <span class='ocrx_word' id='word_1_451' title='bbox 1364 1088 1371 1106; x_wconf 87' lang='lat'><strong>:</strong></span> <span class='ocrx_word' id='word_1_452' title='bbox 1387 1081 1490 1115; x_wconf 82' lang='lat' dir='ltr'><strong>quippe</strong></span> <span class='ocrx_word' id='word_1_453' title='bbox 1505 1082 1569 1116; x_wconf 87' lang='lat' dir='ltr'><strong>quia</strong></span> <span class='ocrx_word' id='word_1_454' title='bbox 1591 1088 1656 1112; x_wconf 89' lang='lat' dir='ltr'><strong>tunc</strong></span> <span class='ocrx_word' id='word_1_455' title='bbox 1677 1084 1762 1114; x_wconf 80' lang='lat' dir='ltr'><strong>Geni-</strong></span> 
     </span>
    </p>
   </div>
   <div class='ocr_carea' id='block_1_80' title="bbox 967 1122 1554 1161">
    <p class='ocr_par' dir='ltr' id='par_1_80' title="bbox 967 1122 1554 1161">
     <span class='ocr_line' id='line_1_80' title="bbox 967 1122 1554 1161; baseline 0.015 -13"><span class='ocrx_word' id='word_1_456' title='bbox 967 1122 1043 1149; x_wconf 89' lang='lat' dir='ltr'><strong>tricis</strong></span> <span class='ocrx_word' id='word_1_457' title='bbox 1055 1122 1101 1150; x_wconf 87' lang='lat' dir='ltr'><strong>Dei</strong></span> <span class='ocrx_word' id='word_1_458' title='bbox 1122 1125 1208 1151; x_wconf 86' lang='lat' dir='ltr'><strong>nostri</strong></span> <span class='ocrx_word' id='word_1_459' title='bbox 1227 1125 1375 1161; x_wconf 82' lang='lat' dir='ltr'><strong>Conceptio</strong></span> <span class='ocrx_word' id='word_1_460' title='bbox 1390 1128 1554 1157; x_wconf 87' lang='lat' dir='ltr'><strong>celebretur.</strong></span> 
     </span>
    </p>
   </div>
   <div class='ocr_carea' id='block_1_81' title="bbox 1003 1168 1763 1209">
    <p class='ocr_par' dir='ltr' id='par_1_81' title="bbox 1003 1168 1763 1209">
     <span class='ocr_line' id='line_1_81' title="bbox 1003 1168 1763 1209; baseline 0.017 -14"><span class='ocrx_word' id='word_1_461' title='bbox 1003 1168 1070 1196; x_wconf 88' lang='lat' dir='ltr'><strong>Itetn</strong></span> <span class='ocrx_word' id='word_1_462' title='bbox 1087 1170 1247 1204; x_wconf 84' lang='lat' dir='ltr'><strong>vicesimus,</strong></span> <span class='ocrx_word' id='word_1_463' title='bbox 1262 1180 1351 1207; x_wconf 89' lang='lat' dir='ltr'><strong>usque</strong></span> <span class='ocrx_word' id='word_1_464' title='bbox 1365 1174 1399 1201; x_wconf 86' lang='lat' dir='ltr'><strong>ad</strong></span> <span class='ocrx_word' id='word_1_465' title='bbox 1421 1175 1511 1209; x_wconf 91' lang='lat' dir='ltr'><strong>ipsum</strong></span> <span class='ocrx_word' id='word_1_466' title='bbox 1532 1182 1640 1205; x_wconf 76' lang='lat' dir='ltr'><strong>sextum</strong></span> <span class='ocrx_word' id='word_1_467' title='bbox 1656 1178 1763 1207; x_wconf 80' lang='lat' dir='ltr'><strong>Janua-</strong></span> 
     </span>
    </p>
   </div>
   <div class='ocr_carea' id='block_1_82' title="bbox 967 1215 1764 1260">
    <p class='ocr_par' dir='ltr' id='par_1_82' title="bbox 967 1215 1764 1260">
     <span class='ocr_line' id='line_1_82' title="bbox 967 1215 1764 1260; baseline 0.015 -18"><span class='ocrx_word' id='word_1_468' title='bbox 967 1215 1012 1249; x_wconf 89' lang='lat' dir='ltr'><strong>rii,</strong></span> <span class='ocrx_word' id='word_1_469' title='bbox 1028 1221 1123 1251; x_wconf 86' lang='lat' dir='ltr'><strong>utpote</strong></span> <span class='ocrx_word' id='word_1_470' title='bbox 1139 1218 1211 1252; x_wconf 88' lang='lat' dir='ltr'><strong>quod</strong></span> <span class='ocrx_word' id='word_1_471' title='bbox 1229 1218 1327 1246; x_wconf 83' lang='lat' dir='ltr'><strong>diebus</strong></span> <span class='ocrx_word' id='word_1_472' title='bbox 1341 1219 1395 1247; x_wconf 92' lang='lat' dir='ltr'><strong>illis</strong></span> <span class='ocrx_word' id='word_1_473' title='bbox 1421 1222 1545 1249; x_wconf 83' lang='lat' dir='ltr'><strong>natalitia</strong></span> <span class='ocrx_word' id='word_1_474' title='bbox 1561 1227 1588 1250; x_wconf 88' lang='lat' dir='ltr'><strong>ct</strong></span> <span class='ocrx_word' id='word_1_475' title='bbox 1611 1225 1764 1260; x_wconf 81' lang='lat' dir='ltr'><strong>baptismus</strong></span> 
     </span>
    </p>
   </div>
   <div class='ocr_carea' id='block_1_83' title="bbox 970 1261 1764 1296">
    <p class='ocr_par' dir='ltr' id='par_1_83' title="bbox 970 1261 1764 1296">
     <span class='ocr_line' id='line_1_83' title="bbox 970 1261 1764 1296; baseline 0.011 -9"><span class='ocrx_word' id='word_1_476' title='bbox 970 1261 1076 1288; x_wconf 86' lang='lat' dir='ltr'><strong>Domini</strong></span> <span class='ocrx_word' id='word_1_477' title='bbox 1103 1266 1130 1288; x_wconf 92' lang='lat' dir='ltr'><strong>et</strong></span> <span class='ocrx_word' id='word_1_478' title='bbox 1154 1262 1200 1289; x_wconf 90' lang='lat' dir='ltr'><strong>Dei</strong></span> <span class='ocrx_word' id='word_1_479' title='bbox 1221 1267 1249 1290; x_wconf 81' lang='lat' dir='ltr'><strong>et</strong></span> <span class='ocrx_word' id='word_1_480' title='bbox 1270 1263 1426 1292; x_wconf 81' lang='lat' dir='ltr'><strong>Servatoris</strong></span> <span class='ocrx_word' id='word_1_481' title='bbox 1453 1267 1541 1293; x_wconf 88' lang='lat' dir='ltr'><strong>nostri</strong></span> <span class='ocrx_word' id='word_1_482' title='bbox 1570 1266 1634 1294; x_wconf 87' lang='lat' dir='ltr'><strong>Jesu</strong></span> <span class='ocrx_word' id='word_1_483' title='bbox 1659 1268 1764 1296; x_wconf 83' lang='lat' dir='ltr'><strong>Christi</strong></span> 
     </span>
    </p>
   </div>
   <div class='ocr_carea' id='block_1_84' title="bbox 966 1308 1150 1335">
    <p class='ocr_par' dir='ltr' id='par_1_84' title="bbox 966 1308 1150 1335">
     <span class='ocr_line' id='line_1_84' title="bbox 966 1308 1150 1335; baseline -0.005 0"><span class='ocrx_word' id='word_1_484' title='bbox 966 1308 1150 1335; x_wconf 85' lang='lat' dir='ltr'><strong>celebrentur.</strong></span> 
     </span>
    </p>
   </div>
   <div class='ocr_carea' id='block_1_85' title="bbox 1006 1354 1763 1392">
    <p class='ocr_par' dir='ltr' id='par_1_85' title="bbox 1006 1354 1763 1392">
     <span class='ocr_line' id='line_1_85' title="bbox 1006 1354 1763 1392; baseline 0.011 -12"><span class='ocrx_word' id='word_1_485' title='bbox 1006 1355 1073 1381; x_wconf 91' lang='lat' dir='ltr'><strong>item</strong></span> <span class='ocrx_word' id='word_1_486' title='bbox 1094 1355 1216 1389; x_wconf 84' lang='lat' dir='ltr'><strong>ejusdem</strong></span> <span class='ocrx_word' id='word_1_487' title='bbox 1232 1354 1356 1383; x_wconf 83' lang='lat' dir='ltr'><strong>Januarii</strong></span> <span class='ocrx_word' id='word_1_488' title='bbox 1373 1357 1615 1387; x_wconf 78' lang='lat' dir='ltr'><strong>duodevicesimus</strong></span> <span class='ocrx_word' id='word_1_489' title='bbox 1627 1380 1636 1392; x_wconf 83' lang='lat'><strong>,</strong></span> <span class='ocrx_word' id='word_1_490' title='bbox 1655 1361 1763 1388; x_wconf 76' lang='lat' dir='ltr'><strong>divino—</strong></span> 
     </span>
    </p>
   </div>
   <div class='ocr_carea' id='block_1_86' title="bbox 968 1400 1763 1442">
    <p class='ocr_par' dir='ltr' id='par_1_86' title="bbox 968 1400 1763 1442">
     <span class='ocr_line' id='line_1_86' title="bbox 968 1400 1763 1442; baseline 0.01 -16"><span class='ocrx_word' id='word_1_491' title='bbox 968 1408 1027 1427; x_wconf 85' lang='lat' dir='ltr'><strong>rum</strong></span> <span class='ocrx_word' id='word_1_492' title='bbox 1043 1400 1155 1427; x_wconf 84' lang='lat' dir='ltr'><strong>Patrum</strong></span> <span class='ocrx_word' id='word_1_493' title='bbox 1167 1401 1345 1428; x_wconf 82' lang='lat' dir='ltr'><strong>etdoctorum</strong></span> <span class='ocrx_word' id='word_1_494' title='bbox 1355 1402 1497 1430; x_wconf 85' lang='lat' dir='ltr'><strong>Athanasii</strong></span> <span class='ocrx_word' id='word_1_495' title='bbox 1513 1409 1540 1431; x_wconf 95' lang='lat' dir='ltr'><strong>et</strong></span> <span class='ocrx_word' id='word_1_496' title='bbox 1555 1406 1647 1440; x_wconf 74' lang='lat' dir='ltr'><strong>Cyl-illi</strong></span> <span class='ocrx_word' id='word_1_497' title='bbox 1664 1408 1763 1442; x_wconf 81' lang='lat' dir='ltr'><strong>gratia.</strong></span> 
     </span>
    </p>
   </div>
   <div class='ocr_carea' id='block_1_87' title="bbox 1004 1500 1764 1544">
    <p class='ocr_par' dir='ltr' id='par_1_87' title="bbox 1004 1500 1764 1544">
     <span class='ocr_line' id='line_1_87' title="bbox 1004 1500 1764 1544; baseline 0.013 -18"><span class='ocrx_word' id='word_1_498' title='bbox 1004 1500 1069 1527; x_wconf 88' lang='lat' dir='ltr'><strong>Itetn</strong></span> <span class='ocrx_word' id='word_1_499' title='bbox 1087 1501 1210 1535; x_wconf 84' lang='lat' dir='ltr'><strong>ejusdem</strong></span> <span class='ocrx_word' id='word_1_500' title='bbox 1229 1502 1333 1530; x_wconf 87' lang='lat' dir='ltr'><strong>mensis</strong></span> <span class='ocrx_word' id='word_1_501' title='bbox 1347 1503 1496 1532; x_wconf 82' lang='lat' dir='ltr'><strong>vicesimus</strong></span> <span class='ocrx_word' id='word_1_502' title='bbox 1516 1506 1630 1540; x_wconf 86' lang='lat' dir='ltr'><strong>quintus</strong></span> <span class='ocrx_word' id='word_1_503' title='bbox 1653 1513 1764 1544; x_wconf 87' lang='lat' dir='ltr'><strong>propter</strong></span> 
     </span>
    </p>
   </div>
   <div class='ocr_carea' id='block_1_88' title="bbox 929 1547 1642 1592">
    <p class='ocr_par' dir='ltr' id='par_1_88' title="bbox 929 1547 1642 1592">
     <span class='ocr_line' id='line_1_88' title="bbox 929 1547 1642 1592; baseline 0.01 -19"><span class='ocrx_word' id='word_1_504' title='bbox 929 1564 950 1592; x_wconf 64' lang='grc' dir='ltr'><strong>ο</strong></span> <span class='ocrx_word' id='word_1_505' title='bbox 969 1547 1129 1574; x_wconf 87' lang='lat' dir='ltr'><strong>memoriam</strong></span> <span class='ocrx_word' id='word_1_506' title='bbox 1148 1548 1238 1583; x_wconf 77' lang='lat' dir='ltr'><strong>magni</strong></span> <span class='ocrx_word' id='word_1_507' title='bbox 1255 1548 1346 1577; x_wconf 85' lang='lat' dir='ltr'><strong>Patris</strong></span> <span class='ocrx_word' id='word_1_508' title='bbox 1357 1549 1480 1586; x_wconf 76' lang='lat' dir='ltr'><strong>Gregorii</strong></span> <span class='ocrx_word' id='word_1_509' title='bbox 1500 1551 1642 1589; x_wconf 82' lang='lat' dir='ltr'><strong>Tlteologi.</strong></span> 
     </span>
    </p>
   </div>
   <div class='ocr_carea' id='block_1_89' title="bbox 1003 1603 1764 1643">
    <p class='ocr_par' dir='ltr' id='par_1_89' title="bbox 1003 1603 1764 1643">
     <span class='ocr_line' id='line_1_89' title="bbox 1003 1603 1764 1643; baseline 0.012 -13"><span class='ocrx_word' id='word_1_510' title='bbox 1003 1603 1070 1631; x_wconf 88' lang='lat' dir='ltr'><strong>Item</strong></span> <span class='ocrx_word' id='word_1_511' title='bbox 1098 1604 1237 1633; x_wconf 87' lang='lat' dir='ltr'><strong>secundus</strong></span> <span class='ocrx_word' id='word_1_512' title='bbox 1255 1605 1417 1641; x_wconf 82' lang='lat' dir='ltr'><strong>Februarii,</strong></span> <span class='ocrx_word' id='word_1_513' title='bbox 1444 1609 1517 1643; x_wconf 89' lang='lat' dir='ltr'><strong>quod</strong></span> <span class='ocrx_word' id='word_1_514' title='bbox 1543 1613 1601 1637; x_wconf 90' lang='lat' dir='ltr'><strong>tum</strong></span> <span class='ocrx_word' id='word_1_515' title='bbox 1625 1610 1764 1640; x_wconf 85' lang='lat' dir='ltr'><strong>Servatori</strong></span> 
     </span>
    </p>
   </div>
   <div class='ocr_carea' id='block_1_90' title="bbox 968 1651 1228 1679">
    <p class='ocr_par' dir='ltr' id='par_1_90' title="bbox 968 1651 1228 1679">
     <span class='ocr_line' id='line_1_90' title="bbox 968 1651 1228 1679; baseline 0.012 -3"><span class='ocrx_word' id='word_1_516' title='bbox 968 1651 1078 1679; x_wconf 83' lang='lat' dir='ltr'><strong>obviam</strong></span> <span class='ocrx_word' id='word_1_517' title='bbox 1098 1651 1166 1678; x_wconf 91' lang='lat' dir='ltr'><strong>itum</strong></span> <span class='ocrx_word' id='word_1_518' title='bbox 1181 1652 1228 1679; x_wconf 88' lang='lat' dir='ltr'><strong>sit.</strong></span> 
     </span>
    </p>
   </div>
   <div class='ocr_carea' id='block_1_91' title="bbox 1003 1697 1763 1733">
    <p class='ocr_par' dir='ltr' id='par_1_91' title="bbox 1003 1697 1763 1733">
     <span class='ocr_line' id='line_1_91' title="bbox 1003 1697 1763 1733; baseline 0.012 -9"><span class='ocrx_word' id='word_1_519' title='bbox 1003 1697 1070 1725; x_wconf 86' lang='lat' dir='ltr'><strong>item</strong></span> <span class='ocrx_word' id='word_1_520' title='bbox 1087 1698 1194 1731; x_wconf 87' lang='lat' dir='ltr'><strong>tertius,</strong></span> <span class='ocrx_word' id='word_1_521' title='bbox 1210 1698 1381 1727; x_wconf 68' lang='lat' dir='ltr'><strong>celebrandae</strong></span> <span class='ocrx_word' id='word_1_522' title='bbox 1405 1701 1548 1730; x_wconf 64' lang='lat' dir='ltr'><strong>memoriae</strong></span> <span class='ocrx_word' id='word_1_523' title='bbox 1565 1702 1702 1732; x_wconf 85' lang='lat' dir='ltr'><strong>Simeonis</strong></span> <span class='ocrx_word' id='word_1_524' title='bbox 1715 1705 1763 1733; x_wconf 74' lang='lat' dir='ltr'><strong>Dei</strong></span> 
     </span>
    </p>
   </div>
   <div class='ocr_carea' id='block_1_92' title="bbox 967 1744 1246 1776">
    <p class='ocr_par' dir='ltr' id='par_1_92' title="bbox 967 1744 1246 1776">
     <span class='ocr_line' id='line_1_92' title="bbox 967 1744 1246 1776; baseline 0 -5"><span class='ocrx_word' id='word_1_525' title='bbox 967 1744 1136 1776; x_wconf 85' lang='lat' dir='ltr'><strong>susceptoris</strong></span> <span class='ocrx_word' id='word_1_526' title='bbox 1153 1752 1246 1772; x_wconf 85' lang='lat' dir='ltr'><strong>causa.</strong></span> 
     </span>
    </p>
   </div>
   <div class='ocr_carea' id='block_1_93' title="bbox 1004 1791 1764 1833">
    <p class='ocr_par' dir='ltr' id='par_1_93' title="bbox 1004 1791 1764 1833">
     <span class='ocr_line' id='line_1_93' title="bbox 1004 1791 1764 1833; baseline 0.011 -17"><span class='ocrx_word' id='word_1_527' title='bbox 1004 1791 1069 1817; x_wconf 89' lang='lat' dir='ltr'><strong>Item</strong></span> <span class='ocrx_word' id='word_1_528' title='bbox 1091 1791 1240 1818; x_wconf 89' lang='lat' dir='ltr'><strong>vicesimus</strong></span> <span class='ocrx_word' id='word_1_529' title='bbox 1257 1793 1372 1826; x_wconf 84' lang='lat' dir='ltr'><strong>quintus</strong></span> <span class='ocrx_word' id='word_1_530' title='bbox 1383 1792 1485 1827; x_wconf 79' lang='lat' dir='ltr'><strong>Martii,</strong></span> <span class='ocrx_word' id='word_1_531' title='bbox 1511 1794 1575 1822; x_wconf 90' lang='lat' dir='ltr'><strong>boni</strong></span> <span class='ocrx_word' id='word_1_532' title='bbox 1593 1797 1683 1824; x_wconf 89' lang='lat' dir='ltr'><strong>nuntii</strong></span> <span class='ocrx_word' id='word_1_533' title='bbox 1698 1805 1764 1833; x_wconf 81' lang='lat' dir='ltr'><strong>ergo</strong></span> 
     </span>
    </p>
   </div>
   <div class='ocr_carea' id='block_1_94' title="bbox 968 1837 1377 1875">
    <p class='ocr_par' dir='ltr' id='par_1_94' title="bbox 968 1837 1377 1875">
     <span class='ocr_line' id='line_1_94' title="bbox 968 1837 1377 1875; baseline 0.002 -11"><span class='ocrx_word' id='word_1_534' title='bbox 968 1837 1001 1864; x_wconf 84' lang='lat' dir='ltr'><strong>ad</strong></span> <span class='ocrx_word' id='word_1_535' title='bbox 1016 1837 1063 1864; x_wconf 83' lang='lat' dir='ltr'><strong>Dei</strong></span> <span class='ocrx_word' id='word_1_536' title='bbox 1080 1837 1246 1865; x_wconf 77' lang='lat' dir='ltr'><strong>Geuitricem</strong></span> <span class='ocrx_word' id='word_1_537' title='bbox 1260 1837 1377 1875; x_wconf 87' lang='lat' dir='ltr'><strong>[delati.]</strong></span> 
     </span>
    </p>
   </div>
   <div class='ocr_carea' id='block_1_95' title="bbox 1002 1894 1761 1933">
    <p class='ocr_par' dir='ltr' id='par_1_95' title="bbox 1002 1894 1761 1933">
     <span class='ocr_line' id='line_1_95' title="bbox 1002 1894 1761 1933; baseline 0.009 -11"><span class='ocrx_word' id='word_1_538' title='bbox 1002 1895 1069 1923; x_wconf 88' lang='lat' dir='ltr'><strong>item</strong></span> <span class='ocrx_word' id='word_1_539' title='bbox 1082 1895 1141 1922; x_wconf 90' lang='lat' dir='ltr'><strong>dies</strong></span> <span class='ocrx_word' id='word_1_540' title='bbox 1156 1894 1304 1923; x_wconf 86' lang='lat' dir='ltr'><strong>Paschaies</strong></span> <span class='ocrx_word' id='word_1_541' title='bbox 1319 1896 1354 1923; x_wconf 84' lang='lat' dir='ltr'><strong>ab</strong></span> <span class='ocrx_word' id='word_1_542' title='bbox 1365 1897 1423 1931; x_wconf 87' lang='lat' dir='ltr'><strong>ipsa</strong></span> <span class='ocrx_word' id='word_1_543' title='bbox 1435 1896 1532 1924; x_wconf 79' lang='lat' dir='ltr'><strong>Lazari</strong></span> <span class='ocrx_word' id='word_1_544' title='bbox 1546 1900 1761 1933; x_wconf 72' lang='lat' dir='ltr'><strong>resurrectione.</strong></span> 
     </span>
    </p>
   </div>
   <div class='ocr_carea' id='block_1_96' title="bbox 966 1940 1701 1975">
    <p class='ocr_par' dir='ltr' id='par_1_96' title="bbox 966 1940 1701 1975">
     <span class='ocr_line' id='line_1_96' title="bbox 966 1940 1701 1975; baseline 0.007 -8"><span class='ocrx_word' id='word_1_545' title='bbox 966 1947 1055 1975; x_wconf 87' lang='lat' dir='ltr'><strong>usque</strong></span> <span class='ocrx_word' id='word_1_546' title='bbox 1069 1940 1102 1967; x_wconf 89' lang='lat' dir='ltr'><strong>ad</strong></span> <span class='ocrx_word' id='word_1_547' title='bbox 1118 1941 1210 1974; x_wconf 88' lang='lat' dir='ltr'><strong>ipsum</strong></span> <span class='ocrx_word' id='word_1_548' title='bbox 1234 1945 1296 1975; x_wconf 85' lang='lat' dir='ltr'><strong>post</strong></span> <span class='ocrx_word' id='word_1_549' title='bbox 1313 1948 1424 1967; x_wconf 89' lang='lat' dir='ltr'><strong>sacrum</strong></span> <span class='ocrx_word' id='word_1_550' title='bbox 1441 1941 1546 1970; x_wconf 78' lang='lat' dir='ltr'><strong>Pascha</strong></span> <span class='ocrx_word' id='word_1_551' title='bbox 1562 1950 1701 1972; x_wconf 73' lang='lat' dir='ltr'><strong>octavum.</strong></span> 
     </span>
    </p>
   </div>
   <div class='ocr_carea' id='block_1_97' title="bbox 1002 2032 1763 2073">
    <p class='ocr_par' dir='ltr' id='par_1_97' title="bbox 1002 2032 1763 2073">
     <span class='ocr_line' id='line_1_97' title="bbox 1002 2032 1763 2073; baseline 0.011 -14"><span class='ocrx_word' id='word_1_552' title='bbox 1002 2032 1065 2059; x_wconf 87' lang='lat' dir='ltr'><strong>item</strong></span> <span class='ocrx_word' id='word_1_553' title='bbox 1081 2032 1204 2060; x_wconf 76' lang='lat' dir='ltr'><strong>i&#39;ecimus</strong></span> <span class='ocrx_word' id='word_1_554' title='bbox 1220 2032 1333 2067; x_wconf 87' lang='lat' dir='ltr'><strong>quintus</strong></span> <span class='ocrx_word' id='word_1_555' title='bbox 1355 2033 1467 2068; x_wconf 74' lang='lat' dir='ltr'><strong>Aprilis,</strong></span> <span class='ocrx_word' id='word_1_556' title='bbox 1489 2035 1517 2062; x_wconf 88' lang='lat' dir='ltr'><strong>in</strong></span> <span class='ocrx_word' id='word_1_557' title='bbox 1545 2036 1677 2064; x_wconf 85' lang='lat' dir='ltr'><strong>honorem</strong></span> <span class='ocrx_word' id='word_1_558' title='bbox 1696 2046 1763 2073; x_wconf 80' lang='lat' dir='ltr'><strong>apo-</strong></span> 
     </span>
    </p>
   </div>
   <div class='ocr_carea' id='block_1_98' title="bbox 965 2078 1367 2114">
    <p class='ocr_par' dir='ltr' id='par_1_98' title="bbox 965 2078 1367 2114">
     <span class='ocr_line' id='line_1_98' title="bbox 965 2078 1367 2114; baseline -0.002 -8"><span class='ocrx_word' id='word_1_559' title='bbox 965 2079 1028 2106; x_wconf 88' lang='lat' dir='ltr'><strong>stoli</strong></span> <span class='ocrx_word' id='word_1_560' title='bbox 1042 2083 1069 2106; x_wconf 91' lang='lat' dir='ltr'><strong>et</strong></span> <span class='ocrx_word' id='word_1_561' title='bbox 1084 2079 1259 2114; x_wconf 68' lang='lat' dir='ltr'><strong>evangelista:</strong></span> <span class='ocrx_word' id='word_1_562' title='bbox 1274 2078 1367 2106; x_wconf 83' lang='lat' dir='ltr'><strong>Marci.</strong></span> 
     </span>
    </p>
   </div>
   <div class='ocr_carea' id='block_1_99' title="bbox 1000 2126 1763 2165">
    <p class='ocr_par' dir='ltr' id='par_1_99' title="bbox 1000 2126 1763 2165">
     <span class='ocr_line' id='line_1_99' title="bbox 1000 2126 1763 2165; baseline 0.008 -13"><span class='ocrx_word' id='word_1_563' title='bbox 1000 2126 1066 2153; x_wconf 84' lang='lat' dir='ltr'><strong>item</strong></span> <span class='ocrx_word' id='word_1_564' title='bbox 1085 2126 1251 2157; x_wconf 81' lang='lat' dir='ltr'><strong>tricesimus,</strong></span> <span class='ocrx_word' id='word_1_565' title='bbox 1279 2126 1305 2152; x_wconf 92' lang='lat' dir='ltr'><strong>Ill</strong></span> <span class='ocrx_word' id='word_1_566' title='bbox 1323 2126 1454 2153; x_wconf 86' lang='lat' dir='ltr'><strong>honorem</strong></span> <span class='ocrx_word' id='word_1_567' title='bbox 1470 2126 1564 2155; x_wconf 82' lang='lat' dir='ltr'><strong>fratris</strong></span> <span class='ocrx_word' id='word_1_568' title='bbox 1584 2128 1715 2165; x_wconf 76' lang='lat' dir='ltr'><strong>Theologi</strong></span> <span class='ocrx_word' id='word_1_569' title='bbox 1733 2137 1763 2159; x_wconf 88' lang='lat' dir='ltr'><strong>ct</strong></span> 
     </span>
    </p>
   </div>
   <div class='ocr_carea' id='block_1_100' title="bbox 966 2170 1408 2206">
    <p class='ocr_par' dir='ltr' id='par_1_100' title="bbox 966 2170 1408 2206">
     <span class='ocr_line' id='line_1_100' title="bbox 966 2170 1408 2206; baseline 0.002 -9"><span class='ocrx_word' id='word_1_570' title='bbox 966 2171 1149 2206; x_wconf 52' lang='lat' dir='ltr'><strong>evangelista,</strong></span> <span class='ocrx_word' id='word_1_571' title='bbox 1166 2170 1260 2197; x_wconf 86' lang='lat' dir='ltr'><strong>Jacobi</strong></span> <span class='ocrx_word' id='word_1_572' title='bbox 1279 2171 1408 2206; x_wconf 84' lang='lat' dir='ltr'><strong>apostoli.</strong></span> 
     </span>
    </p>
   </div>
   <div class='ocr_carea' id='block_1_101' title="bbox 1001 2217 1763 2257">
    <p class='ocr_par' dir='ltr' id='par_1_101' title="bbox 1001 2217 1763 2257">
     <span class='ocr_line' id='line_1_101' title="bbox 1001 2217 1763 2257; baseline 0.007 -11"><span class='ocrx_word' id='word_1_573' title='bbox 1001 2219 1067 2246; x_wconf 87' lang='lat' dir='ltr'><strong>item</strong></span> <span class='ocrx_word' id='word_1_574' title='bbox 1092 2223 1204 2246; x_wconf 86' lang='lat' dir='ltr'><strong>octavus</strong></span> <span class='ocrx_word' id='word_1_575' title='bbox 1231 2217 1309 2251; x_wconf 88' lang='lat' dir='ltr'><strong>Maii,</strong></span> <span class='ocrx_word' id='word_1_576' title='bbox 1332 2219 1368 2245; x_wconf 92' lang='lat' dir='ltr'><strong>ob</strong></span> <span class='ocrx_word' id='word_1_577' title='bbox 1402 2219 1561 2247; x_wconf 80' lang='lat' dir='ltr'><strong>memoriam</strong></span> <span class='ocrx_word' id='word_1_578' title='bbox 1587 2222 1763 2257; x_wconf 73' lang='lat' dir='ltr'><strong>evangelistre</strong></span> 
     </span>
    </p>
   </div>
   <div class='ocr_carea' id='block_1_102' title="bbox 964 2264 1234 2299">
    <p class='ocr_par' dir='ltr' id='par_1_102' title="bbox 964 2264 1234 2299">
     <span class='ocr_line' id='line_1_102' title="bbox 964 2264 1234 2299; baseline -0.004 -7"><span class='ocrx_word' id='word_1_579' title='bbox 964 2265 1078 2293; x_wconf 80' lang='lat' dir='ltr'><strong>Joannis</strong></span> <span class='ocrx_word' id='word_1_580' title='bbox 1091 2264 1234 2299; x_wconf 75' lang='lat' dir='ltr'><strong>Tltcologi.</strong></span> 
     </span>
    </p>
   </div>
   <div class='ocr_carea' id='block_1_103' title="bbox 1000 2311 1763 2350">
    <p class='ocr_par' dir='ltr' id='par_1_103' title="bbox 1000 2311 1763 2350">
     <span class='ocr_line' id='line_1_103' title="bbox 1000 2311 1763 2350; baseline 0.008 -11"><span class='ocrx_word' id='word_1_581' title='bbox 1000 2313 1066 2339; x_wconf 88' lang='lat' dir='ltr'><strong>item</strong></span> <span class='ocrx_word' id='word_1_582' title='bbox 1083 2313 1217 2345; x_wconf 84' lang='lat' dir='ltr'><strong>decimus,</strong></span> <span class='ocrx_word' id='word_1_583' title='bbox 1242 2315 1352 2347; x_wconf 87' lang='lat' dir='ltr'><strong>propter</strong></span> <span class='ocrx_word' id='word_1_584' title='bbox 1369 2311 1558 2350; x_wconf 85' lang='lat' dir='ltr'><strong>[memoriam]</strong></span> <span class='ocrx_word' id='word_1_585' title='bbox 1574 2313 1695 2343; x_wconf 84' lang='lat' dir='ltr'><strong>Simonis</strong></span> <span class='ocrx_word' id='word_1_586' title='bbox 1709 2315 1763 2344; x_wconf 73' lang='lat' dir='ltr'><strong>Ze-</strong></span> 
     </span>
    </p>
   </div>
   <div class='ocr_carea' id='block_1_104' title="bbox 965 2359 1164 2394">
    <p class='ocr_par' dir='ltr' id='par_1_104' title="bbox 965 2359 1164 2394">
     <span class='ocr_line' id='line_1_104' title="bbox 965 2359 1164 2394; baseline 0 -8"><span class='ocrx_word' id='word_1_587' title='bbox 965 2360 1025 2386; x_wconf 61' lang='lat' dir='ltr'><strong>lotae</strong></span> <span class='ocrx_word' id='word_1_588' title='bbox 1036 2359 1164 2394; x_wconf 84' lang='lat' dir='ltr'><strong>apostoli.</strong></span> 
     </span>
    </p>
   </div>
   <div class='ocr_carea' id='block_1_105' title="bbox 1002 2406 1764 2444">
    <p class='ocr_par' dir='ltr' id='par_1_105' title="bbox 1002 2406 1764 2444">
     <span class='ocr_line' id='line_1_105' title="bbox 1002 2406 1764 2444; baseline 0.008 -12"><span class='ocrx_word' id='word_1_589' title='bbox 1002 2406 1068 2433; x_wconf 91' lang='lat' dir='ltr'><strong>Item</strong></span> <span class='ocrx_word' id='word_1_590' title='bbox 1086 2406 1235 2434; x_wconf 73' lang='lat' dir='ltr'><strong>vicesimus</strong></span> <span class='ocrx_word' id='word_1_591' title='bbox 1252 2407 1369 2442; x_wconf 85' lang='lat' dir='ltr'><strong>primus,</strong></span> <span class='ocrx_word' id='word_1_592' title='bbox 1391 2412 1504 2444; x_wconf 84' lang='lat' dir='ltr'><strong>propter</strong></span> <span class='ocrx_word' id='word_1_593' title='bbox 1516 2409 1676 2437; x_wconf 87' lang='lat' dir='ltr'><strong>memoriam</strong></span> <span class='ocrx_word' id='word_1_594' title='bbox 1701 2419 1764 2438; x_wconf 89' lang='lat' dir='ltr'><strong>sau-</strong></span> 
     </span>
    </p>
   </div>
   <div class='ocr_carea' id='block_1_106' title="bbox 965 2454 1764 2491">
    <p class='ocr_par' dir='ltr' id='par_1_106' title="bbox 965 2454 1764 2491">
     <span class='ocr_line' id='line_1_106' title="bbox 965 2454 1764 2491; baseline 0.005 -11"><span class='ocrx_word' id='word_1_595' title='bbox 965 2457 1073 2480; x_wconf 86' lang='lat' dir='ltr'><strong>ctorum</strong></span> <span class='ocrx_word' id='word_1_596' title='bbox 1090 2460 1122 2480; x_wconf 91' lang='lat' dir='ltr'><strong>ac</strong></span> <span class='ocrx_word' id='word_1_597' title='bbox 1135 2454 1268 2487; x_wconf 82' lang='lat' dir='ltr'><strong>apostolis</strong></span> <span class='ocrx_word' id='word_1_598' title='bbox 1285 2457 1444 2489; x_wconf 69' lang='lat' dir='ltr'><strong>mqualium.</strong></span> <span class='ocrx_word' id='word_1_599' title='bbox 1462 2463 1624 2490; x_wconf 79' lang='lat' dir='ltr'><strong>magnorum</strong></span> <span class='ocrx_word' id='word_1_600' title='bbox 1644 2457 1764 2491; x_wconf 83' lang='lat' dir='ltr'><strong>impera-</strong></span> 
     </span>
    </p>
   </div>
   <div class='ocr_carea' id='block_1_107' title="bbox 966 2498 1442 2532">
    <p class='ocr_par' dir='ltr' id='par_1_107' title="bbox 966 2498 1442 2532">
     <span class='ocr_line' id='line_1_107' title="bbox 966 2498 1442 2532; baseline 0.008 -6"><span class='ocrx_word' id='word_1_601' title='bbox 966 2505 1067 2532; x_wconf 85' lang='lat' dir='ltr'><strong>torum,</strong></span> <span class='ocrx_word' id='word_1_602' title='bbox 1084 2498 1258 2528; x_wconf 87' lang='lat' dir='ltr'><strong>Constantini</strong></span> <span class='ocrx_word' id='word_1_603' title='bbox 1280 2507 1304 2528; x_wconf 84' lang='lat' dir='ltr'><strong>et</strong></span> <span class='ocrx_word' id='word_1_604' title='bbox 1324 2500 1442 2530; x_wconf 74' lang='lat' dir='ltr'><strong>Helenae.</strong></span> 
     </span>
    </p>
   </div>
   <div class='ocr_carea' id='block_1_108' title="bbox 1001 2545 1766 2584">
    <p class='ocr_par' dir='ltr' id='par_1_108' title="bbox 1001 2545 1766 2584">
     <span class='ocr_line' id='line_1_108' title="bbox 1001 2545 1766 2584; baseline 0.004 -12"><span class='ocrx_word' id='word_1_605' title='bbox 1001 2545 1068 2573; x_wconf 90' lang='lat' dir='ltr'><strong>Item</strong></span> <span class='ocrx_word' id='word_1_606' title='bbox 1084 2546 1230 2574; x_wconf 81' lang='lat' dir='ltr'><strong>vicesimus</strong></span> <span class='ocrx_word' id='word_1_607' title='bbox 1243 2551 1348 2580; x_wconf 75' lang='lat' dir='ltr'><strong>sextus,</strong></span> <span class='ocrx_word' id='word_1_608' title='bbox 1361 2552 1474 2584; x_wconf 56' lang='lat' dir='ltr'><strong>propter</strong></span> <span class='ocrx_word' id='word_1_609' title='bbox 1489 2548 1681 2584; x_wconf 84' lang='lat' dir='ltr'><strong>[memoriam]</strong></span> <span class='ocrx_word' id='word_1_610' title='bbox 1697 2557 1766 2584; x_wconf 86' lang='lat' dir='ltr'><strong>apo-</strong></span> 
     </span>
    </p>
   </div>
   <div class='ocr_carea' id='block_1_109' title="bbox 966 2591 1250 2628">
    <p class='ocr_par' dir='ltr' id='par_1_109' title="bbox 966 2591 1250 2628">
     <span class='ocr_line' id='line_1_109' title="bbox 966 2591 1250 2628; baseline 0 -8"><span class='ocrx_word' id='word_1_611' title='bbox 966 2592 1027 2620; x_wconf 89' lang='lat' dir='ltr'><strong>stoli</strong></span> <span class='ocrx_word' id='word_1_612' title='bbox 1043 2591 1145 2628; x_wconf 66' lang='lat' dir='ltr'><strong>Aiphaai</strong></span> <span class='ocrx_word' id='word_1_613' title='bbox 1162 2593 1250 2620; x_wconf 65' lang='lat' dir='ltr'><strong>Judm.</strong></span> 
     </span>
    </p>
   </div>
   <div class='ocr_carea' id='block_1_110' title="bbox 1002 2639 1763 2675">
    <p class='ocr_par' dir='ltr' id='par_1_110' title="bbox 1002 2639 1763 2675">
     <span class='ocr_line' id='line_1_110' title="bbox 1002 2639 1763 2675; baseline 0.005 -10"><span class='ocrx_word' id='word_1_614' title='bbox 1002 2639 1068 2666; x_wconf 86' lang='lat' dir='ltr'><strong>item</strong></span> <span class='ocrx_word' id='word_1_615' title='bbox 1084 2639 1246 2668; x_wconf 87' lang='lat' dir='ltr'><strong>undecimus</strong></span> <span class='ocrx_word' id='word_1_616' title='bbox 1265 2639 1350 2675; x_wconf 86' lang='lat' dir='ltr'><strong>Junii,</strong></span> <span class='ocrx_word' id='word_1_617' title='bbox 1366 2641 1391 2669; x_wconf 87' lang='lat' dir='ltr'><strong>in</strong></span> <span class='ocrx_word' id='word_1_618' title='bbox 1420 2641 1553 2670; x_wconf 89' lang='lat' dir='ltr'><strong>Itonorem</strong></span> <span class='ocrx_word' id='word_1_619' title='bbox 1572 2641 1763 2669; x_wconf 71' lang='lat' dir='ltr'><strong>Bartholommi</strong></span> 
     </span>
    </p>
   </div>
   <div class='ocr_carea' id='block_1_111' title="bbox 966 2684 1096 2720">
    <p class='ocr_par' dir='ltr' id='par_1_111' title="bbox 966 2684 1096 2720">
     <span class='ocr_line' id='line_1_111' title="bbox 966 2684 1096 2720; baseline 0 -8"><span class='ocrx_word' id='word_1_620' title='bbox 966 2684 1096 2720; x_wconf 84' lang='lat' dir='ltr'><strong>apostoli.</strong></span> 
     </span>
    </p>
   </div>
   <div class='ocr_carea' id='block_1_112' title="bbox 1003 2732 1766 2768">
    <p class='ocr_par' dir='ltr' id='par_1_112' title="bbox 1003 2732 1766 2768">
     <span class='ocr_line' id='line_1_112' title="bbox 1003 2732 1766 2768; baseline 0.005 -10"><span class='ocrx_word' id='word_1_621' title='bbox 1003 2732 1067 2759; x_wconf 83' lang='lat' dir='ltr'><strong>Item</strong></span> <span class='ocrx_word' id='word_1_622' title='bbox 1088 2733 1312 2761; x_wconf 82' lang='lat' dir='ltr'><strong>ttndcvicesintus</strong></span> <span class='ocrx_word' id='word_1_623' title='bbox 1341 2734 1367 2761; x_wconf 90' lang='lat' dir='ltr'><strong>itt</strong></span> <span class='ocrx_word' id='word_1_624' title='bbox 1392 2734 1523 2762; x_wconf 74' lang='lat' dir='ltr'><strong>honorem</strong></span> <span class='ocrx_word' id='word_1_625' title='bbox 1549 2734 1664 2768; x_wconf 74' lang='lat' dir='ltr'><strong>npmtoli</strong></span> <span class='ocrx_word' id='word_1_626' title='bbox 1688 2733 1766 2762; x_wconf 68' lang='lat' dir='ltr'><strong>illiille</strong></span> 
     </span>
    </p>
   </div>
   <div class='ocr_carea' id='block_1_113' title="bbox 966 2777 1763 2816">
    <p class='ocr_par' dir='ltr' id='par_1_113' title="bbox 966 2777 1763 2816">
     <span class='ocr_line' id='line_1_113' title="bbox 966 2777 1763 2816; baseline 0.005 -13"><span class='ocrx_word' id='word_1_627' title='bbox 966 2778 1012 2812; x_wconf 85' lang='lat' dir='ltr'><strong>qui</strong></span> <span class='ocrx_word' id='word_1_628' title='bbox 1026 2777 1215 2806; x_wconf 67' lang='lat' dir='ltr'><strong>etThztdtiatus</strong></span> <span class='ocrx_word' id='word_1_629' title='bbox 1230 2784 1256 2806; x_wconf 80' lang='lat' dir='ltr'><strong>cl</strong></span> <span class='ocrx_word' id='word_1_630' title='bbox 1268 2779 1382 2807; x_wconf 74' lang='lat' dir='ltr'><strong>Lebtrus</strong></span> <span class='ocrx_word' id='word_1_631' title='bbox 1394 2785 1420 2807; x_wconf 88' lang='lat' dir='ltr'><strong>et</strong></span> <span class='ocrx_word' id='word_1_632' title='bbox 1435 2780 1553 2807; x_wconf 71' lang='lat' dir='ltr'><strong>Jacolnts</strong></span> <span class='ocrx_word' id='word_1_633' title='bbox 1568 2780 1763 2816; x_wconf 81' lang='lat' dir='ltr'><strong>[nominatur].</strong></span> 
     </span>
    </p>
   </div>
   <div class='ocr_carea' id='block_1_114' title="bbox 1005 2824 1764 2862">
    <p class='ocr_par' dir='ltr' id='par_1_114' title="bbox 1005 2824 1764 2862">
     <span class='ocr_line' id='line_1_114' title="bbox 1005 2824 1764 2862; baseline 0.004 -12"><span class='ocrx_word' id='word_1_634' title='bbox 1005 2824 1068 2852; x_wconf 79' lang='lat' dir='ltr'><strong>Item</strong></span> <span class='ocrx_word' id='word_1_635' title='bbox 1083 2826 1231 2853; x_wconf 75' lang='lat' dir='ltr'><strong>vicesimus</strong></span> <span class='ocrx_word' id='word_1_636' title='bbox 1244 2831 1371 2861; x_wconf 76' lang='lat' dir='ltr'><strong>quartus,</strong></span> <span class='ocrx_word' id='word_1_637' title='bbox 1389 2831 1498 2862; x_wconf 84' lang='lat' dir='ltr'><strong>propter</strong></span> <span class='ocrx_word' id='word_1_638' title='bbox 1515 2825 1699 2853; x_wconf 68' lang='lat' dir='ltr'><strong>Prtucursot&#39;is</strong></span> <span class='ocrx_word' id='word_1_639' title='bbox 1718 2834 1764 2853; x_wconf 82' lang='lat' dir='ltr'><strong>na-</strong></span> 
     </span>
    </p>
   </div>
   <div class='ocr_carea' id='block_1_115' title="bbox 969 2871 1249 2900">
    <p class='ocr_par' dir='ltr' id='par_1_115' title="bbox 969 2871 1249 2900">
     <span class='ocr_line' id='line_1_115' title="bbox 969 2871 1249 2900; baseline -0.004 0"><span class='ocrx_word' id='word_1_640' title='bbox 969 2871 1095 2900; x_wconf 88' lang='lat' dir='ltr'><strong>talitiuttt.</strong></span> <span class='ocrx_word' id='word_1_641' title='bbox 1241 2874 1249 2881; x_wconf 72' lang='lat'><strong>‘</strong></span> 
     </span>
    </p>
   </div>
  </div>
