1956 3049
187 145 252 176 1071

223 201 290 229 Itetn
314 200 557 232 undetricesimus.
574 204 687 236 propter
701 199 857 235 principum
874 203 984 234 aposto-
998 196 1025 226 Α

185 247 276 276 lorum
290 246 364 275 Petri
377 251 405 275 et
418 246 496 274 Pauli
506 246 732 274 celebrationem.

219 294 287 322 Item
304 294 471 327 tricesimus,
486 297 600 330 propter
615 293 759 321 duodecim
771 291 979 329 [Apostolorum

185 339 422 377 celebrationem]

219 386 284 414 Item
301 386 450 414 vicesimus
465 385 580 422 quintus
590 385 667 417 Julii.
682 389 793 420 propter
807 389 910 412 sanctae
921 384 978 411 An-

186 441 237 467 nae,
254 433 351 460 Matris
367 432 414 460 Dei
432 432 590 465 Genitricis,
608 431 851 459 obdormitionem.

218 478 284 505 Item
304 481 400 505 sextus
424 477 558 512 Augusti,
582 481 694 512 propter
711 475 867 504 Servatoris
888 473 978 502 nostri

183 523 247 552 Iesu
261 523 363 552 Christi
375 522 672 550 Transformationem.

219 568 286 596 Item
304 577 407 602 nonus,
429 572 541 604 propter
565 567 729 595 memoriam
748 567 836 595 sancti
858 565 978 594 Matthiae

182 615 309 650 apostoli.
588 623 590 625 ί

218 663 285 690 Item
302 661 427 689 decimus
450 660 573 696 quintus,
587 664 699 694 propter
712 658 862 695 gloriosam
875 662 977 686 sanctae

182 708 229 736 Dei
249 708 395 737 Genitricis
411 706 630 742 emigrationem.

219 755 286 783 Item
303 754 453 783 vicesimus
469 759 581 790 propter
598 753 761 781 memoriam
781 751 976 787 sattcti_Thad-

181 801 232 830 dati
250 801 377 837 apostoli.

218 848 286 876 Item
311 847 458 875 vicesimus
480 850 616 882 quartus,
641 849 753 882 propter
781 845 974 874 Bartholomazi

181 894 300 931 apostoli
318 892 516 930 [memoriam].

218 941 285 969 Item
297 940 539 973 undetricesimus,
553 944 665 975 propter
679 939 844 968 venerabilis
854 939 980 968 Praecur-

183 988 255 1016 soris
268 987 492 1015 Deeollationem.
666 987 675 994 '

218 1034 299 1062 Hisce
310 1033 423 1061 omnino
439 1033 543 1061 feriatis
559 1031 680 1069 [diebus]
705 1031 979 1070 conuumerabunlur

180 1080 342 1108 medietates
363 1079 609 1115 quadragesimalis
630 1079 730 1114 jejunii
748 1083 776 1106 et
796 1079 978 1111 Pentecostaa,

182 1127 265 1164 [tum]
280 1127 364 1155 etiam
381 1126 538 1154 Servatoris
555 1125 728 1161 Assumptio,
741 1129 768 1153 et
781 1133 878 1153 omnes
895 1126 979 1153 totius

182 1173 248 1200 anni
263 1171 397 1199 Dominici
413 1171 482 1204 dies,
502 1175 532 1199 ut
555 1171 583 1198 in
600 1171 653 1198 illis
670 1171 760 1199 omnis
789 1171 817 1198 in
841 1171 977 1207 judicium

182 1218 274 1246 aditus
305 1217 497 1253 praecludatur,
522 1225 554 1244 ac
580 1224 661 1245 nemo
685 1217 820 1253 judicium
850 1217 979 1253 judiciale

180 1264 310 1299 quiddam
324 1264 417 1291 faciat.
437 1263 509 1291 Sane
523 1270 588 1291 vero
602 1263 649 1298 qui
665 1262 747 1299 [dies]
763 1271 797 1291 ex
817 1264 978 1300 partejudi-

180 1310 254 1337 cium
266 1310 374 1343 sistent,
391 1317 481 1346 neque
497 1309 546 1337 toti
563 1309 612 1345 (uti
634 1314 716 1338 antea
740 1310 873 1346 diximus)
887 1311 977 1339 feriati

179 1359 271 1389 erunt,
288 1355 315 1382 hi
330 1359 422 1382 sunto.

216 1496 320 1524 Mensis
339 1495 509 1530 Septembris
534 1500 649 1529 sextus,
676 1497 807 1531 quoniam
838 1501 903 1525 tunc
926 1504 975 1533 per

180 1542 353 1571 infundibula
368 1541 458 1592 sumni
474 1541 553 1569 ducis
569 1541 710 1570 Michaelis
724 1542 888 1570 miraculum
911 1551 974 1580 pro—
991 1560 1014 1592 Ο

178 1589 285 1618 diaiose
300 1587 449 1623 peragitur.

214 1645 282 1673 Item
302 1644 451 1672 vicesimus
464 1642 561 1670 tertius
574 1641 712 1674 Octobris,
724 1641 856 1676 quoniam
870 1649 975 1670 memo-

178 1691 249 1719 riam
259 1690 352 1719 fratris
371 1691 416 1717 Dei
429 1688 522 1717 Jacobi
538 1688 720 1716 celebramus.

213 1737 280 1765 Item
293 1737 444 1764 vicesimus
460 1739 566 1769 sextus,
593 1735 657 1770 quia
669 1742 798 1770 magnqu
810 1734 886 1762 illum
901 1743 976 1762 mar-

178 1790 264 1822 tyrem
289 1789 316 1812 et
332 1787 472 1819 unguento
486 1782 690 1817 ;scaturientem
709 1781 841 1809 festiviter
863 1789 976 1810 venera-

177 1838 241 1858 mur
259 1829 439 1857 Demetrium.

212 1887 281 1916 Item
306 1887 412 1922 primus
435 1885 611 1919 Novembris,
643 1885 717 1921 quod
744 1885 904 1913 miraculosi
933 1885 973 1914 illi

176 1942 322 1971 pauperes,
336 1934 452 1962 Cosmas
466 1937 493 1961 et
511 1933 662 1961 Damianus
674 1932 772 1961 festive
783 1933 919 1962 colantur.

213 1981 281 2009 Item
296 1985 421 2014 octavus,
434 1979 505 2015 quod
521 1984 674 2008 conventus
689 1978 882 2007 defunctorum
900 1979 972 2007 cele-

175 2027 281 2056 bretur.

211 2074 280 2103 Item
307 2073 567 2106 duodetricesimus,
588 2072 661 2109 quod
686 2077 799 2101 sanctus
816 2072 972 2109 Stephanus

176 2126 279 2157 martyr
293 2121 387 2157 junior
402 2120 565 2149 celebretur.

212 2179 278 2207 Item
304 2183 420 2214 quartus
441 2177 621 2212 Decembris,
645 2177 673 2204 in
698 2177 832 2205 honorem
856 2177 972 2213 egregiae

176 2226 306 2262 martyris
321 2225 459 2252 Barbarae.

211 2271 279 2299 Item
304 2275 409 2303 sextus,
426 2270 453 2297 in
478 2270 611 2297 honorem
635 2269 780 2298 miraculis
795 2269 911 2298 celebris
926 2278 974 2297 uu-

176 2323 331 2354 guentoque
346 2317 522 2345 scaturientis
539 2317 656 2345 Nicolai.

218 2374 283 2401 Item
298 2373 420 2401 decimus
432 2372 567 2407 Januarii,
585 2373 612 2401 in
624 2373 757 2401 honorem
772 2372 858 2401 divini
874 2373 975 2409 Grego-

177 2420 210 2447 rii
225 2419 353 2456 Nysseni.

212 2467 278 2494 Item
296 2466 420 2494 decimus
432 2471 538 2500 sextus,
557 2470 667 2502 propter
682 2466 876 2494 Adorationem
891 2473 975 2493 vene-

175 2514 303 2542 rabilium
317 2512 451 2551 principis
468 2514 656 2549 apostolorum
670 2513 743 2542 Petri
761 2513 945 2541 vinculorum.

211 2560 276 2589 Item
288 2561 411 2590 decimus
423 2569 522 2594 nonus,
542 2566 652 2596 propter
668 2560 913 2595 Recuperationem
928 2567 973 2586 vc-

175 2609 305 2637 nerabilis
320 2608 441 2637 defuncti
451 2607 576 2644 Gregorii
589 2607 732 2644 Theologi.

209 2655 275 2683 Item
285 2655 434 2683 vicesimus
445 2656 589 2690 septimus,
607 2659 717 2689 propter
726 2652 972 2688 Recupcratioucm

174 2702 393 2730 venerandarum
411 2701 590 2737 reliquiarum
605 2700 811 2737 Cltrysostomi.

210 2748 277 2776 Item
294 2749 428 2784 septiutus
443 2748 600 2779 Februarii.
617 2748 645 2775 in
675 2749 809 2775 honorem
834 2747 970 2783 magnifici

174 2796 312 2831 martyris.
328 2796 406 2824 ducis
419 2796 567 2830 exercitus,
585 2795 736 2823 Theodori.

213 2842 281 2870 Item
296 2842 420 2870 decimus
434 2842 579 2878 septimus,
596 2842 622 2870 in
640 2842 772 2870 honorem
785 2841 905 2877 praemiis
920 2841 969 2869 (lc-

176 2888 261 2915 corati
277 2888 414 2918 Theodori
428 2890 537 2918 tironis.

762 142 892 174 PHOTII
913 141 1166 172 PATRIARCH.’E
1189 143 1244 174 (ΖΡ.

1766 143 1828 176 1072

1081 197 1112 224 'H
1130 197 1171 225 κθ⁹
1183 197 1226 225 διὰ
1238 197 1289 234 τὴν
1301 198 1347 225 ἐπὶ
1361 198 1418 230 τοῖς
1432 197 1593 233 κορυφαίοις
1606 197 1660 223 τῶν
1678 198 1829 226 ἀποστόλων

1033 241 1138 278 Πέτρου
1154 243 1201 270 καὶ
1219 243 1328 270 Παύλου
1347 243 1512 278 πανήγυριν.

1067 289 1124 316 Καὶ
1136 290 1154 325 ἡ
1167 288 1189 316 λ’
1201 289 1247 317 διὰ
1263 289 1314 326 τὴν
1328 290 1376 317 Ini
1392 290 1450 322 τοῖς
1464 288 1510 325 ιβ’.

1072 384 1106 411 Ἦ
1127 383 1177 417 κε’,
1192 384 1240 412 τοῦ
1257 384 1369 412 Ἰουλίου
1384 384 1429 412 διὰ
1444 385 1494 421 τὴν
1506 384 1556 421 τῆς
1572 385 1654 420 ἁγίας
1670 386 1770 423 ’Δννης
1782 388 1827 423 τῆς

1031 429 1136 466 μητρὸς
1150 431 1200 466 ’τῆς
1214 430 1386 467 Θεομήτορος
1405 431 1546 468 κοίμησιν.

1072 477 1105 504 Ἦ
1122 481 1148 510 ς’
1160 477 1207 504 τοῦ
1222 477 1378 513 Αὐγούστου
1393 478 1439 506 διὰ
1461 478 1511 515 τὴν
1531 478 1579 506 τοῦ
1603 479 1729 516 Σωτῆρος
1742 480 1829 516 ¹ἡμῶν

1037 523 1126 559 Ἰησοῦ
1140 524 1259 560 Χριστοῦ
1277 524 1501 561 μεταμόρφωσιν.
1800 547 1803 548 ν
1815 547 1824 552 ,μ

1032 613 1047 641 Θ
1070 569 1104 640 gf!
1127 569 1148 597 θ’
1163 569 1207 597 διὰ
1225 571 1275 607 τὴν
1300 571 1411 607 μνήμην
1426 570 1474 598 τοῦ
1491 571 1570 606 ἁγίου
1587 572 1738 600 ἀποστόλου
1756 574 1830 601 Ματ-

1050 622 1066 640 α
1079 623 1120 641 ου.

1070 660 1103 686 Ἦ
1131 659 1161 687 ιε’
1185 660 1231 687 διὰ
1249 661 1299 698 τὴν
1322 662 1502 698 ὕπερένδοξον
1526 662 1578 698 τῆς
1597 663 1679 698 ἁγίας
1698 663 1829 692 Θεοτόκου

1030 707 1206 743 μετάστασιν.

1071 752 1105 780 Ἦ
1124 753 1149 780 κ’
1164 754 1208 780 διὰ
1225 754 1275 791 τὴν
1291 755 1404 791 μνήμην
1417 755 1465 783 τοῦ
1487 756 1568 792 ἁγίου
1591 757 1744 786 ἀποστόλου
1763 758 1831 786 Θαδ-

1029 799 1116 828 δαίου.

1073 847 1106 874 Ἡ
1119 847 1158 874 κδ’
1175 847 1220 875 διὰ
1236 848 1285 884 τὴν
1302 848 1349 876 τοῦ
1363 849 1514 878 ἀποστόλου
1530 851 1745 888 Βαρθολομαίου.

1069 941 1126 970 Καὶ
1137 943 1154 979 ή
1165 942 1206 969 κθ¹
1219 942 1263 971 διὰ
1276 942 1325 980 τὴν
1340 943 1387 970 τοῦ
1399 944 1491 982 τιμίου
1505 945 1665 981 Προδρόμου
1679 946 1831 984 ἀποτομήν.

1069 1031 1191 1064 Ταύταις
1213 1032 1251 1065 ὡς
1271 1033 1364 1061 τέλεον
1379 1034 1534 1071 ἀπράκτοις
1549 1036 1827 1074 συνεξετασθήσονται

1033 1077 1083 1105 καὶ
1106 1079 1134 1105 at
1158 1079 1309 1115 μεσότητες
1324 1079 1375 1116 τῆς
1390 1082 1687 1118 τεσσαρακονθημέρου
1705 1085 1832 1120 νηστείας

1033 1124 1081 1151 καὶ
1097 1124 1149 1159 τῆς
1162 1125 1366 1161 Πεντηκοστῆς,
1386 1126 1434 1154 καὶ
1450 1127 1467 1162 ἡ
1483 1127 1531 1154 τοῦ
1546 1127 1674 1164 Σωτῆρος
1688 1129 1832 1166 ἀνάληψις,

1032 1171 1079 1198 καὶ
1102 1171 1130 1198 αἱ
1155 1172 1243 1199 πᾶσαι
1258 1171 1313 1199 τῶν
1328 1173 1358 1199 ὲν
1372 1172 1411 1208 τῷ
1431 1173 1675 1210 ὲνιαυτῷλήμερῶν
1698 1177 1833 1212 κυριώνυ-

1034 1226 1095 1253 μαι,
1111 1217 1150 1250 ὡς
1163 1219 1192 1245 ὲν
1207 1218 1304 1251 αὐταῖς
1316 1219 1531 1248 ἀποκεκλεῖσθαι
1549 1222 1641 1249 πᾶσαν
1656 1223 1774 1258 πάροδον
1790 1225 1830 1258 είς

1031 1264 1062 1291 τὸ
1081 1264 1270 1301 δικαστήριον,
1292 1266 1340 1293 καὶ
1363 1266 1448 1301 μηδέν
1468 1276 1495 1294 τι
1517 1267 1623 1303 μηδένα
1643 1268 1698 1296 τῶν
1712 1270 1833 1303 δικάζειν

1031 1308 1167 1343 λαχόντων
1186 1309 1344 1337 δικαστικὸν
1366 1310 1592 1347 διαπράττεσθαι,
1606 1313 1638 1340 aI
1658 1322 1691 1348 γε
1710 1315 1764 1351 μὴν
1778 1315 1834 1344 τῶν

1031 1354 1216 1390 δικαστηρίων
1240 1354 1296 1382 ἀπὸ
1318 1355 1421 1391 μέρους
1441 1357 1622 1392 σχολάζουσαι
1637 1359 1685 1386 καὶ
1709 1360 1748 1396 μὴ
1771 1362 1834 1389 καθ’

1031 1400 1179 1438 ὁλόκληρον
1195 1401 1233 1433 ὡς
1247 1401 1457 1438 προειλήφαμεν
1476 1404 1705 1441 ἀπρακτήσουσαι
1728 1404 1785 1435 εἶεν
1800 1408 1834 1435 ἂν

1031 1447 1122 1475 αὐταί.

1071 1492 1104 1520 'H
1121 1492 1147 1526 ς’
1166 1493 1214 1521 τοῦ
1229 1494 1418 1531 Σεπεμὸρίου
1437 1497 1522 1532 μηνὸς
1544 1497 1586 1524 ὅτι
1613 1498 1642 1525 ὲν
1663 1499 1732 1535 αὐτῇ
1748 1500 1780 1527 τὸ
1803 1501 1834 1527 ἐν

1031 1538 1137 1571 Χώνοις
1158 1540 1206 1567 τοῦ
1230 1541 1453 1578 ἀρχιστρατήγου
1474 1543 1585 1580 Μιχαὴλ
1604 1544 1698 1581 θαῦμα
1719 1555 1834 1583 τετερα-

1032 1585 1194 1622 τούργηται.

1077 1640 1109 1667 Ἠ
1120 1640 1163 1675 κγ’
1178 1641 1224 1668 τοῦ
1246 1642 1426 1679 Ὀκτωϐρίου,
1443 1643 1484 1670 ὅτι
1499 1643 1549 1680 τὴν
1565 1645 1677 1681 μνήμην
1690 1645 1738 1673 τοῦ
1753 1646 1834 1674 ἀδελ-

1033 1685 1131 1721 φοθέου
1150 1686 1279 1714 Ἰακώϐου
1295 1688 1437 1723 τελοῦμεν.

1075 1734 1107 1761 Ἡ
1130 1733 1176 1767 κς⁷
1197 1735 1238 1762 ὅτι
1262 1735 1306 1762 τὸν
1331 1736 1567 1773 μεγαλομάρτυρα
1586 1738 1633 1765 καὶ
1657 1739 1834 1776 μυρόὸλητον

1032 1780 1188 1816 Δημήτριον
1200 1780 1380 1817 ἑορτάζομεν.

1074 1879 1107 1907 Ἦ
1119 1879 1142 1907 α’
1155 1880 1202 1908 τοῦ
1216 1882 1373 1919 Νοεμερίου
1398 1883 1443 1911 διὰ
1466 1885 1497 1912 τὸ
1519 1886 1582 1916 τοὺς
1601 1885 1837 1923 θαυματουργοὺς

1031 1925 1080 1953 καὶ
1091 1927 1264 1964 ἀναργὺρους
1278 1929 1403 1965 Κοσμᾶν,
1419 1931 1467 1958 καὶ
1484 1931 1622 1968 Δαμιανδν
1639 1933 1836 1968 ἐορτάζεσθαι.

1073 1973 1106 2001 Ἡ
1127 1973 1152 2010 η’
1171 1975 1217 2003 διὰ
1228 1975 1277 2013 τὴν
1294 1977 1405 2011 σύναξιν
1416 1978 1471 2006 τῶν
1486 1979 1642 2015 ἀσωμάτων
1662 1980 1813 2009 τελεῖσθαι.

1065 2065 1122 2093 Καὶ
1139 2066 1156 2102 ἡ
1175 2065 1219 2103 κη’
1236 2067 1280 2095 διὰ
1301 2067 1331 2095 τὸ
1351 2067 1397 2096 τὸν
1418 2069 1609 2106 όσιομάρτυρα
1622 2070 1760 2106 Στέφανον
1784 2073 1836 2099 τὸν

1029 2112 1090 2139 νέον
1105 2114 1352 2150 πανηγυρίζεσθαι.

1072 2170 1104 2196 Ἦ
1119 2170 1140 2197 δ’
1158 2171 1206 2198 τοῦ
1218 2173 1390 2209 Δεκεμϐρίου
1404 2175 1450 2202 διὰ
1461 2175 1512 2211 τὴν
1532 2176 1743 2213 καλλιμάρτυρα
1757 2177 1838 2216 Βαρ-

1030 2217 1129 2254 ὁάραν.

1063 2267 1117 2294 Καὶ
1134 2268 1150 2304 ὴ
1165 2266 1192 2300 ς’
1203 2267 1248 2294 διὰ
1263 2267 1308 2295 τὸν
1328 2268 1357 2296 ἐν
1379 2269 1500 2305 θαύμασι
1519 2269 1695 2306 περιώνυμον
1710 2272 1758 2298 καὶ
1777 2281 1837 2308 μυ-

1028 2312 1162 2349 ροϐλύτην
1176 2313 1321 2342 Νικόλαον.

1067 2369 1100 2395 Ἠ
1115 2372 1130 2395 ι’
1148 2369 1195 2397 τοῦ
1213 2370 1380 2408 Ἰανουαρίου
1401 2372 1445 2400 διὰ
1466 2373 1512 2400 τὸν
1536 2373 1649 2409 Νύσσης
1667 2373 1740 2401 θεῖον
1753 2375 1836 2412 Γρη-

1026 2416 1128 2452 γόριον.
1691 2447 1693 2449 ,

1068 2463 1098 2491 'II
1114 2467 1152 2496 ις’
1167 2465 1211 2492 διὰ
1230 2465 1281 2502 τὴν
1304 2467 1493 2502 προσκύνησιν
1508 2468 1557 2503 τῆς
1573 2469 1668 2504 τιμίας
1683 2469 1729 2496 τοῦ
1740 2478 1834 2505 κορυ-

1026 2510 1107 2545 φαίου
1123 2511 1177 2538 τῶν
1193 2511 1353 2539 ἀποστόλων
1367 2513 1471 2549 Πέτρου
1484 2513 1620 2546 ἁλύσεως.

1066 2556 1100 2582 Ἡ
1116 2555 1148 2583 ιο¹
1161 2556 1206 2584 διὰ
1225 2557 1276 2593 τὴν
1297 2558 1466 2594 ἀνακομιδὴν
1491 2558 1538 2586 τοῦ
1554 2560 1649 2595 τιμίου
1662 2560 1762 2597 νεκροῦ
1780 2561 1836 2588 τοῦ

1024 2601 1058 2628 Θε
1062 2601 1156 2636 ολόγου
1161 2622 1168 2629 .

1059 2649 1116 2676 Καὶ
1131 2649 1147 2685 ἡ
1163 2649 1204 2682 κζ’
1220 2649 1264 2677 διὰ
1278 2651 1328 2687 τὴν
1345 2651 1514 2688 ἀνακομιδὴν
1532 2652 1581 2679 τοῦ
1601 2652 1752 2688 σεϐασμίου
1769 2654 1836 2682 λει-

1023 2696 1109 2730 ψάνου
1128 2695 1177 2722 τοῦ
1197 2697 1406 2732 Χρυσοστὸμου.

1066 2752 1098 2778 'II
1115 2752 1137 2784 ζ’
1163 2752 1209 2780 τοῦ
1236 2754 1423 2790 Φευρουαριου
1445 2753 1488 2781 διὰ
1513 2754 1560 2782 τὸν
1589 2754 1837 2793 μεγαλομάρτυρα

1024 2798 1214 2834 στρατηλάτην
1230 2798 1380 2834 Θεόδωρον.

1058 2842 1113 2871 Καὶ
1125 2845 1142 2881 ἡ
1156 2844 1187 2877 ις’
1198 2845 1243 2872 διὰ
1255 2845 1300 2873 τὸν
1316 2845 1471 2882 ἀοληφόρον
1484 2847 1622 2883 Θεόδωρον
1633 2848 1679 2876 τὸν
1692 2850 1836 2886 Τήρωνα.
