  <div class='ocr_page' id='page_1' title='image "/cluster/home/n/w/nwhite01/storage/ocr_20150623/104/njp.32101077772885/546.png"; bbox 0 0 1946 3076; ppageno 0'>
   <div class='ocr_carea' id='block_1_1' title="bbox 135 269 932 305">
    <p class='ocr_par' dir='ltr' id='par_1_1' title="bbox 135 269 932 305">
     <span class='ocr_line' id='line_1_1' title="bbox 135 269 932 305; baseline 0.004 -9"><span class='ocrx_word' id='word_1_1' title='bbox 135 269 232 304; x_wconf 87' lang='grc' dir='ltr'>γέννης</span> <span class='ocrx_word' id='word_1_2' title='bbox 255 269 345 297; x_wconf 88' lang='grc' dir='ltr'>κανὼν</span> <span class='ocrx_word' id='word_1_3' title='bbox 374 278 425 305; x_wconf 90' lang='grc' dir='ltr'><strong>νγ,</strong></span> <span class='ocrx_word' id='word_1_4' title='bbox 440 280 494 304; x_wconf 82' lang='grc' dir='ltr'><strong>νς,</strong></span> <span class='ocrx_word' id='word_1_5' title='bbox 506 279 535 297; x_wconf 85' lang='grc' dir='ltr'><strong>οε</strong></span> <span class='ocrx_word' id='word_1_6' title='bbox 551 279 558 286; x_wconf 91' lang='grc'><strong>·</strong></span> <span class='ocrx_word' id='word_1_7' title='bbox 581 271 692 299; x_wconf 81' lang='grc' dir='ltr'><strong>συνόδου</strong></span> <span class='ocrx_word' id='word_1_8' title='bbox 709 275 747 305; x_wconf 83' lang='grc' dir='ltr'>ς’,</span> <span class='ocrx_word' id='word_1_9' title='bbox 769 272 859 299; x_wconf 87' lang='grc' dir='ltr'>κανὼν</span> <span class='ocrx_word' id='word_1_10' title='bbox 882 272 932 305; x_wconf 85' lang='grc' dir='ltr'>κε’,</span> 
     </span>
    </p>
   </div>
   <div class='ocr_carea' id='block_1_2' title="bbox 135 314 387 350">
    <p class='ocr_par' dir='ltr' id='par_1_2' title="bbox 135 314 387 350">
     <span class='ocr_line' id='line_1_2' title="bbox 135 314 387 350; baseline 0.008 -9"><span class='ocrx_word' id='word_1_11' title='bbox 135 314 250 348; x_wconf 68' lang='grc' dir='ltr'>λς’,λςν,</span> <span class='ocrx_word' id='word_1_12' title='bbox 269 315 321 350; x_wconf 81' lang='grc' dir='ltr'>λη’,</span> <span class='ocrx_word' id='word_1_13' title='bbox 339 314 387 343; x_wconf 85' lang='grc' dir='ltr'>λο’.</span> 
     </span>
    </p>
   </div>
   <div class='ocr_carea' id='block_1_3' title="bbox 170 360 929 399">
    <p class='ocr_par' dir='ltr' id='par_1_3' title="bbox 170 360 929 399">
     <span class='ocr_line' id='line_1_3' title="bbox 170 360 929 399; baseline 0.005 -13"><span class='ocrx_word' id='word_1_14' title='bbox 170 360 325 395; x_wconf 71' lang='grc' dir='ltr'>κείμενον.</span> <span class='ocrx_word' id='word_1_15' title='bbox 351 361 385 388; x_wconf 84' lang='grc' dir='ltr'><strong><em>Ἠ</em></strong></span> <span class='ocrx_word' id='word_1_16' title='bbox 396 360 424 394; x_wconf 82' lang='grc' dir='ltr'>ς’</span> <span class='ocrx_word' id='word_1_17' title='bbox 443 362 514 390; x_wconf 85' lang='grc' dir='ltr'>διάτ.</span> <span class='ocrx_word' id='word_1_18' title='bbox 544 362 593 390; x_wconf 81' lang='grc' dir='ltr'>τοῦ</span> <span class='ocrx_word' id='word_1_19' title='bbox 606 362 627 398; x_wconf 84' lang='grc' dir='ltr'>β’</span> <span class='ocrx_word' id='word_1_20' title='bbox 640 363 692 390; x_wconf 91' lang='grc' dir='ltr'>τίτ.</span> <span class='ocrx_word' id='word_1_21' title='bbox 720 363 767 390; x_wconf 80' lang='grc' dir='ltr'>τοῦ</span> <span class='ocrx_word' id='word_1_22' title='bbox 784 367 807 390; x_wconf 83' lang='grc' dir='ltr'>α’</span> <span class='ocrx_word' id='word_1_23' title='bbox 824 363 929 399; x_wconf 85' lang='grc' dir='ltr'>βιϐλίου</span> 
     </span>
    </p>
   </div>
   <div class='ocr_carea' id='block_1_4' title="bbox 134 405 930 447">
    <p class='ocr_par' dir='ltr' id='par_1_4' title="bbox 134 405 930 447">
     <span class='ocr_line' id='line_1_4' title="bbox 134 405 930 447; baseline 0.008 -14"><span class='ocrx_word' id='word_1_24' title='bbox 134 405 182 433; x_wconf 81' lang='grc' dir='ltr'>τοῦ</span> <span class='ocrx_word' id='word_1_25' title='bbox 190 406 312 440; x_wconf 83' lang='grc' dir='ltr'>κώδικος,</span> <span class='ocrx_word' id='word_1_26' title='bbox 325 409 408 443; x_wconf 73' lang='grc' dir='ltr'>φησὶν</span> <span class='ocrx_word' id='word_1_27' title='bbox 418 409 459 435; x_wconf 82' lang='grc' dir='ltr'>ὅτι</span> <span class='ocrx_word' id='word_1_28' title='bbox 469 409 529 441; x_wconf 79' lang='grc' dir='ltr'>τὰς,</span> <span class='ocrx_word' id='word_1_29' title='bbox 543 418 571 437; x_wconf 90' lang='grc' dir='ltr'>κ.</span> <span class='ocrx_word' id='word_1_30' title='bbox 583 419 608 437; x_wconf 84' lang='grc' dir='ltr'>τ.</span> <span class='ocrx_word' id='word_1_31' title='bbox 624 410 661 442; x_wconf 88' lang='grc' dir='ltr'><strong>λ.,</strong></span> <span class='ocrx_word' id='word_1_32' title='bbox 670 418 756 446; x_wconf 90' lang='lat' dir='ltr'><strong>usque</strong></span> <span class='ocrx_word' id='word_1_33' title='bbox 769 411 804 438; x_wconf 87' lang='lat' dir='ltr'><strong>ad</strong></span> <span class='ocrx_word' id='word_1_34' title='bbox 820 411 930 447; x_wconf 82' lang='grc' dir='ltr'><strong>Ῥώμην</strong></span> 
     </span>
    </p>
   </div>
   <div class='ocr_carea' id='block_1_5' title="bbox 135 453 514 489">
    <p class='ocr_par' dir='ltr' id='par_1_5' title="bbox 135 453 514 489">
     <span class='ocr_line' id='line_1_5' title="bbox 135 453 514 489; baseline 0.005 -9"><span class='ocrx_word' id='word_1_35' title='bbox 135 453 220 488; x_wconf 85' lang='grc' dir='ltr'>αὐτὴν</span> <span class='ocrx_word' id='word_1_36' title='bbox 238 453 418 488; x_wconf 77' lang='grc' dir='ltr'>ὀνομάζεσθαι</span> <span class='ocrx_word' id='word_1_37' title='bbox 430 454 514 489; x_wconf 83' lang='grc' dir='ltr'><strong>λέγει.</strong></span> 
     </span>
    </p>
   </div>
   <div class='ocr_carea' id='block_1_6' title="bbox 170 498 928 538">
    <p class='ocr_par' dir='ltr' id='par_1_6' title="bbox 170 498 928 538">
     <span class='ocr_line' id='line_1_6' title="bbox 170 498 928 538; baseline 0.009 -13"><span class='ocrx_word' id='word_1_38' title='bbox 170 498 309 533; x_wconf 74' lang='grc' dir='ltr'>Σχόλιον.</span> <span class='ocrx_word' id='word_1_39' title='bbox 332 500 364 527; x_wconf 86' lang='grc' dir='ltr'><strong><em>Ἦ</em></strong></span> <span class='ocrx_word' id='word_1_40' title='bbox 380 500 406 533; x_wconf 86' lang='grc' dir='ltr'>ς’</span> <span class='ocrx_word' id='word_1_41' title='bbox 421 501 502 535; x_wconf 81' lang='grc' dir='ltr'>διάτ.,</span> <span class='ocrx_word' id='word_1_42' title='bbox 519 501 566 529; x_wconf 80' lang='grc' dir='ltr'>τοῦ</span> <span class='ocrx_word' id='word_1_43' title='bbox 581 506 605 530; x_wconf 89' lang='grc' dir='ltr'>α’</span> <span class='ocrx_word' id='word_1_44' title='bbox 624 502 728 538; x_wconf 88' lang='grc' dir='ltr'>βιϐλίου</span> <span class='ocrx_word' id='word_1_45' title='bbox 742 504 789 531; x_wconf 84' lang='grc' dir='ltr'>τοῦ</span> <span class='ocrx_word' id='word_1_46' title='bbox 802 505 928 538; x_wconf 85' lang='grc' dir='ltr'>κώδικος,</span> 
     </span>
    </p>
   </div>
   <div class='ocr_carea' id='block_1_7' title="bbox 135 544 929 584">
    <p class='ocr_par' dir='ltr' id='par_1_7' title="bbox 135 544 929 584">
     <span class='ocr_line' id='line_1_7' title="bbox 135 544 929 584; baseline 0.009 -13"><span class='ocrx_word' id='word_1_47' title='bbox 135 544 195 572; x_wconf 78' lang='grc' dir='ltr'>ἔστι</span> <span class='ocrx_word' id='word_1_48' title='bbox 208 554 272 580; x_wconf 80' lang='grc' dir='ltr'>κεφ.</span> <span class='ocrx_word' id='word_1_49' title='bbox 286 549 324 579; x_wconf 81' lang='grc' dir='ltr'>ς’,</span> <span class='ocrx_word' id='word_1_50' title='bbox 341 547 388 573; x_wconf 88' lang='grc' dir='ltr'>τοῦ</span> <span class='ocrx_word' id='word_1_51' title='bbox 402 547 426 574; x_wconf 88' lang='grc' dir='ltr'>α’</span> <span class='ocrx_word' id='word_1_52' title='bbox 439 548 506 581; x_wconf 86' lang='grc' dir='ltr'>τίτ.,</span> <span class='ocrx_word' id='word_1_53' title='bbox 531 549 578 575; x_wconf 80' lang='grc' dir='ltr'>τοῦ</span> <span class='ocrx_word' id='word_1_54' title='bbox 592 548 613 575; x_wconf 81' lang='grc' dir='ltr'>ε’</span> <span class='ocrx_word' id='word_1_55' title='bbox 631 549 733 584; x_wconf 84' lang='grc' dir='ltr'>βιϐλίου</span> <span class='ocrx_word' id='word_1_56' title='bbox 750 550 804 577; x_wconf 83' lang='grc' dir='ltr'>τῶν</span> <span class='ocrx_word' id='word_1_57' title='bbox 817 551 929 578; x_wconf 85' lang='grc' dir='ltr'>Βασιλι-</span> 
     </span>
    </p>
   </div>
   <div class='ocr_carea' id='block_1_8' title="bbox 134 590 928 631">
    <p class='ocr_par' dir='ltr' id='par_1_8' title="bbox 134 590 928 631">
     <span class='ocr_line' id='line_1_8' title="bbox 134 590 928 631; baseline 0.008 -13"><span class='ocrx_word' id='word_1_58' title='bbox 134 590 192 618; x_wconf 86' lang='grc' dir='ltr'>κῶν</span> <span class='ocrx_word' id='word_1_59' title='bbox 206 591 293 623; x_wconf 79' lang='grc' dir='ltr'>οὓτως</span> <span class='ocrx_word' id='word_1_60' title='bbox 306 592 367 627; x_wconf 73' lang='grc' dir='ltr'>ἔχον</span> <span class='ocrx_word' id='word_1_61' title='bbox 380 592 418 624; x_wconf 88' lang='grc' dir='ltr'>ὡς</span> <span class='ocrx_word' id='word_1_62' title='bbox 433 594 622 630; x_wconf 81' lang='grc' dir='ltr'>κατεστρώθη.</span> <span class='ocrx_word' id='word_1_63' title='bbox 639 595 676 622; x_wconf 89' lang='grc' dir='ltr'><strong>Τὸ</strong></span> <span class='ocrx_word' id='word_1_64' title='bbox 687 595 716 622; x_wconf 83' lang='grc' dir='ltr'>δὲ</span> <span class='ocrx_word' id='word_1_65' title='bbox 726 596 783 631; x_wconf 76' lang='grc' dir='ltr'>ἔχει</span> <span class='ocrx_word' id='word_1_66' title='bbox 794 597 840 623; x_wconf 70' lang='grc' dir='ltr'><strong>τὸν</strong></span> <span class='ocrx_word' id='word_1_67' title='bbox 850 598 928 624; x_wconf 84' lang='grc' dir='ltr'>Κων-</span> 
     </span>
    </p>
   </div>
   <div class='ocr_carea' id='block_1_9' title="bbox 136 638 928 678">
    <p class='ocr_par' dir='ltr' id='par_1_9' title="bbox 136 638 928 678">
     <span class='ocr_line' id='line_1_9' title="bbox 136 638 928 678; baseline 0.009 -15"><span class='ocrx_word' id='word_1_68' title='bbox 136 638 385 671; x_wconf 80' lang='grc' dir='ltr'>σταντινουπόλεως</span> <span class='ocrx_word' id='word_1_69' title='bbox 401 640 438 666; x_wconf 76' lang='grc' dir='ltr'>τὰ</span> <span class='ocrx_word' id='word_1_70' title='bbox 447 640 582 675; x_wconf 85' lang='grc' dir='ltr'>προνόμια</span> <span class='ocrx_word' id='word_1_71' title='bbox 596 641 646 676; x_wconf 80' lang='grc' dir='ltr'>τῆς</span> <span class='ocrx_word' id='word_1_72' title='bbox 669 641 788 674; x_wconf 78' lang='grc' dir='ltr'>παλαιᾶς</span> <span class='ocrx_word' id='word_1_73' title='bbox 807 643 928 678; x_wconf 83' lang='grc' dir='ltr'><strong>Ῥώμης,</strong></span> 
     </span>
    </p>
   </div>
   <div class='ocr_carea' id='block_1_10' title="bbox 135 683 930 722">
    <p class='ocr_par' dir='ltr' id='par_1_10' title="bbox 135 683 930 722">
     <span class='ocr_line' id='line_1_10' title="bbox 135 683 930 722; baseline 0.009 -13"><span class='ocrx_word' id='word_1_74' title='bbox 135 683 167 709; x_wconf 77' lang='grc' dir='ltr'>οὺ</span> <span class='ocrx_word' id='word_1_75' title='bbox 182 684 333 719; x_wconf 77' lang='grc' dir='ltr'><strong>προσετέθη</strong></span> <span class='ocrx_word' id='word_1_76' title='bbox 360 685 401 716; x_wconf 81' lang='grc' dir='ltr'>εὶς</span> <span class='ocrx_word' id='word_1_77' title='bbox 414 686 449 712; x_wconf 84' lang='grc' dir='ltr'>τὰ</span> <span class='ocrx_word' id='word_1_78' title='bbox 465 685 609 714; x_wconf 82' lang='grc' dir='ltr'>Βασιλικὰ.</span> <span class='ocrx_word' id='word_1_79' title='bbox 631 688 781 722; x_wconf 84' lang='grc' dir='ltr'>Ἀνάγνωθι</span> <span class='ocrx_word' id='word_1_80' title='bbox 809 690 857 716; x_wconf 87' lang='grc' dir='ltr'>καὶ</span> <span class='ocrx_word' id='word_1_81' title='bbox 883 690 930 717; x_wconf 81' lang='grc' dir='ltr'>τὸν</span> 
     </span>
    </p>
   </div>
   <div class='ocr_carea' id='block_1_11' title="bbox 92 727 928 770">
    <p class='ocr_par' dir='ltr' id='par_1_11' title="bbox 92 727 928 770">
     <span class='ocr_line' id='line_1_11' title="bbox 92 727 928 770; baseline 0.011 -16"><span class='ocrx_word' id='word_1_82' title='bbox 92 764 95 768; x_wconf 36' lang='grc'>.</span> <span class='ocrx_word' id='word_1_83' title='bbox 135 727 178 763; x_wconf 87' lang='grc' dir='ltr'>κη’</span> <span class='ocrx_word' id='word_1_84' title='bbox 194 730 293 756; x_wconf 81' lang='grc' dir='ltr'>κανόνα</span> <span class='ocrx_word' id='word_1_85' title='bbox 304 730 354 765; x_wconf 86' lang='grc' dir='ltr'>τῆς</span> <span class='ocrx_word' id='word_1_86' title='bbox 368 730 389 757; x_wconf 91' lang='grc' dir='ltr'>δ’</span> <span class='ocrx_word' id='word_1_87' title='bbox 402 732 520 765; x_wconf 81' lang='grc' dir='ltr'>συνόδου,</span> <span class='ocrx_word' id='word_1_88' title='bbox 538 733 584 759; x_wconf 80' lang='grc' dir='ltr'>καὶ</span> <span class='ocrx_word' id='word_1_89' title='bbox 597 732 631 760; x_wconf 77' lang='grc' dir='ltr'><strong>τὰ</strong></span> <span class='ocrx_word' id='word_1_90' title='bbox 645 735 674 760; x_wconf 83' lang='grc' dir='ltr'>ἐν</span> <span class='ocrx_word' id='word_1_91' title='bbox 690 734 765 770; x_wconf 75' lang='grc' dir='ltr'>αὐτῷ</span> <span class='ocrx_word' id='word_1_92' title='bbox 777 735 928 770; x_wconf 84' lang='grc' dir='ltr'>γραφέντα.</span> 
     </span>
    </p>
   </div>
   <div class='ocr_carea' id='block_1_12' title="bbox 142 776 931 815">
    <p class='ocr_par' dir='ltr' id='par_1_12' title="bbox 142 776 931 815">
     <span class='ocr_line' id='line_1_12' title="bbox 142 776 931 815; baseline 0.008 -13"><span class='ocrx_word' id='word_1_93' title='bbox 142 776 175 803; x_wconf 83' lang='grc' dir='ltr'><strong>Ἦ</strong></span> <span class='ocrx_word' id='word_1_94' title='bbox 191 776 228 809; x_wconf 79' lang='grc' dir='ltr'>ις’</span> <span class='ocrx_word' id='word_1_95' title='bbox 243 777 313 805; x_wconf 84' lang='grc' dir='ltr'>διάτ.</span> <span class='ocrx_word' id='word_1_96' title='bbox 343 778 390 804; x_wconf 72' lang='grc' dir='ltr'><strong>τοῦ</strong></span> <span class='ocrx_word' id='word_1_97' title='bbox 405 778 427 813; x_wconf 83' lang='grc' dir='ltr'>β’</span> <span class='ocrx_word' id='word_1_98' title='bbox 444 779 497 806; x_wconf 88' lang='grc' dir='ltr'>τίτ.</span> <span class='ocrx_word' id='word_1_99' title='bbox 531 779 578 806; x_wconf 85' lang='grc' dir='ltr'>τοῦ</span> <span class='ocrx_word' id='word_1_100' title='bbox 595 783 618 806; x_wconf 88' lang='grc' dir='ltr'>α’</span> <span class='ocrx_word' id='word_1_101' title='bbox 635 780 738 815; x_wconf 91' lang='grc' dir='ltr'>βιϐλίου</span> <span class='ocrx_word' id='word_1_102' title='bbox 753 781 800 807; x_wconf 83' lang='grc' dir='ltr'>τοῦ</span> <span class='ocrx_word' id='word_1_103' title='bbox 814 781 931 814; x_wconf 86' lang='grc' dir='ltr'>κώδικος</span> 
     </span>
    </p>
   </div>
   <div class='ocr_carea' id='block_1_13' title="bbox 133 823 928 862">
    <p class='ocr_par' dir='ltr' id='par_1_13' title="bbox 133 823 928 862">
     <span class='ocr_line' id='line_1_13' title="bbox 133 823 928 862; baseline 0.008 -13"><span class='ocrx_word' id='word_1_104' title='bbox 133 823 184 849; x_wconf 83' lang='grc' dir='ltr'>οὐκ</span> <span class='ocrx_word' id='word_1_105' title='bbox 199 823 280 858; x_wconf 78' lang='grc' dir='ltr'>ἐτέθη</span> <span class='ocrx_word' id='word_1_106' title='bbox 295 824 336 856; x_wconf 81' lang='grc' dir='ltr'><strong>είς</strong></span> <span class='ocrx_word' id='word_1_107' title='bbox 350 825 385 850; x_wconf 84' lang='grc' dir='ltr'>τὰ</span> <span class='ocrx_word' id='word_1_108' title='bbox 396 824 539 852; x_wconf 77' lang='grc' dir='ltr'>Βασιλικά.</span> <span class='ocrx_word' id='word_1_109' title='bbox 562 825 594 852; x_wconf 85' lang='grc' dir='ltr'><em>Ἢ</em></span> <span class='ocrx_word' id='word_1_110' title='bbox 610 826 645 852; x_wconf 84' lang='grc' dir='ltr'>λε’</span> <span class='ocrx_word' id='word_1_111' title='bbox 660 827 742 860; x_wconf 82' lang='grc' dir='ltr'>διάτ.,</span> <span class='ocrx_word' id='word_1_112' title='bbox 774 827 821 854; x_wconf 80' lang='grc' dir='ltr'>τοῦ</span> <span class='ocrx_word' id='word_1_113' title='bbox 837 830 862 862; x_wconf 79' lang='grc' dir='ltr'>γ’</span> <span class='ocrx_word' id='word_1_114' title='bbox 875 828 928 855; x_wconf 86' lang='grc' dir='ltr'>τίτ.</span> 
     </span>
    </p>
   </div>
   <div class='ocr_carea' id='block_1_14' title="bbox 133 869 928 908">
    <p class='ocr_par' dir='ltr' id='par_1_14' title="bbox 133 869 928 908">
     <span class='ocr_line' id='line_1_14' title="bbox 133 869 928 908; baseline 0.008 -13"><span class='ocrx_word' id='word_1_115' title='bbox 133 869 181 895; x_wconf 81' lang='grc' dir='ltr'>τοῦ</span> <span class='ocrx_word' id='word_1_116' title='bbox 195 872 219 895; x_wconf 89' lang='grc' dir='ltr'>α’</span> <span class='ocrx_word' id='word_1_117' title='bbox 237 869 339 904; x_wconf 81' lang='grc' dir='ltr'>βιϐλίου</span> <span class='ocrx_word' id='word_1_118' title='bbox 353 871 399 897; x_wconf 78' lang='grc' dir='ltr'>τοῦ</span> <span class='ocrx_word' id='word_1_119' title='bbox 415 871 541 904; x_wconf 84' lang='grc' dir='ltr'>κώδικος,</span> <span class='ocrx_word' id='word_1_120' title='bbox 566 872 625 899; x_wconf 78' lang='grc' dir='ltr'>ἔστι</span> <span class='ocrx_word' id='word_1_121' title='bbox 639 881 701 908; x_wconf 87' lang='grc' dir='ltr'>κεφ.</span> <span class='ocrx_word' id='word_1_122' title='bbox 716 873 740 908; x_wconf 91' lang='grc' dir='ltr'>γ’</span> <span class='ocrx_word' id='word_1_123' title='bbox 757 873 804 900; x_wconf 82' lang='grc' dir='ltr'>τοῦ</span> <span class='ocrx_word' id='word_1_124' title='bbox 837 873 860 900; x_wconf 83' lang='grc' dir='ltr'>α’</span> <span class='ocrx_word' id='word_1_125' title='bbox 877 874 928 901; x_wconf 85' lang='grc' dir='ltr'>τίτ.</span> 
     </span>
    </p>
   </div>
   <div class='ocr_carea' id='block_1_15' title="bbox 133 914 931 954">
    <p class='ocr_par' dir='ltr' id='par_1_15' title="bbox 133 914 931 954">
     <span class='ocr_line' id='line_1_15' title="bbox 133 914 931 954; baseline 0.008 -13"><span class='ocrx_word' id='word_1_126' title='bbox 133 915 180 941; x_wconf 76' lang='grc' dir='ltr'>τοῦ</span> <span class='ocrx_word' id='word_1_127' title='bbox 201 914 225 949; x_wconf 86' lang='grc' dir='ltr'>γ’</span> <span class='ocrx_word' id='word_1_128' title='bbox 239 916 342 950; x_wconf 85' lang='grc' dir='ltr'>βιϐλίου</span> <span class='ocrx_word' id='word_1_129' title='bbox 368 917 422 944; x_wconf 81' lang='grc' dir='ltr'>τῶν</span> <span class='ocrx_word' id='word_1_130' title='bbox 444 918 596 945; x_wconf 84' lang='grc' dir='ltr'>Βασιλικῶν</span> <span class='ocrx_word' id='word_1_131' title='bbox 614 919 701 950; x_wconf 73' lang='grc' dir='ltr'>οὕτως</span> <span class='ocrx_word' id='word_1_132' title='bbox 716 920 777 954; x_wconf 80' lang='grc' dir='ltr'>ἔχον</span> <span class='ocrx_word' id='word_1_133' title='bbox 791 920 830 951; x_wconf 82' lang='grc' dir='ltr'>ὡς</span> <span class='ocrx_word' id='word_1_134' title='bbox 844 921 884 952; x_wconf 81' lang='grc' dir='ltr'><strong>εἰς</strong></span> <span class='ocrx_word' id='word_1_135' title='bbox 899 920 931 947; x_wconf 81' lang='grc' dir='ltr'><strong>τὺ</strong></span> 
     </span>
    </p>
   </div>
   <div class='ocr_carea' id='block_1_16' title="bbox 133 961 927 1000">
    <p class='ocr_par' dir='ltr' id='par_1_16' title="bbox 133 961 927 1000">
     <span class='ocr_line' id='line_1_16' title="bbox 133 961 927 1000; baseline 0.009 -14"><span class='ocrx_word' id='word_1_136' title='bbox 133 961 261 996; x_wconf 86' lang='grc' dir='ltr'>κείμενον</span> <span class='ocrx_word' id='word_1_137' title='bbox 291 963 446 999; x_wconf 77' lang='grc' dir='ltr'>συνωψίσθη</span> <span class='ocrx_word' id='word_1_138' title='bbox 462 964 525 991; x_wconf 74' lang='grc' dir='ltr'>ἄνευ</span> <span class='ocrx_word' id='word_1_139' title='bbox 541 965 589 991; x_wconf 83' lang='grc' dir='ltr'>τοῦ</span> <span class='ocrx_word' id='word_1_140' title='bbox 605 965 679 1000; x_wconf 75' lang='grc' dir='ltr'>ἔχειν</span> <span class='ocrx_word' id='word_1_141' title='bbox 695 966 741 992; x_wconf 76' lang='grc' dir='ltr'><strong>τὸν</strong></span> <span class='ocrx_word' id='word_1_142' title='bbox 753 967 927 993; x_wconf 83' lang='grc' dir='ltr'>Κωνσταντι-</span> 
     </span>
    </p>
   </div>
   <div class='ocr_carea' id='block_1_17' title="bbox 133 1008 929 1047">
    <p class='ocr_par' dir='ltr' id='par_1_17' title="bbox 133 1008 929 1047">
     <span class='ocr_line' id='line_1_17' title="bbox 133 1008 929 1047; baseline 0.008 -15"><span class='ocrx_word' id='word_1_143' title='bbox 133 1008 286 1040; x_wconf 85' lang='grc' dir='ltr'>νουπόλεως</span> <span class='ocrx_word' id='word_1_144' title='bbox 309 1010 344 1036; x_wconf 73' lang='grc' dir='ltr'><strong>τὰ</strong></span> <span class='ocrx_word' id='word_1_145' title='bbox 373 1010 509 1046; x_wconf 85' lang='grc' dir='ltr'>προνόμια</span> <span class='ocrx_word' id='word_1_146' title='bbox 536 1011 586 1046; x_wconf 85' lang='grc' dir='ltr'>τῆς</span> <span class='ocrx_word' id='word_1_147' title='bbox 613 1011 733 1047; x_wconf 83' lang='grc' dir='ltr'><strong>ἀρχαίας</strong></span> <span class='ocrx_word' id='word_1_148' title='bbox 754 1011 875 1046; x_wconf 84' lang='grc' dir='ltr'><strong>Ῥώμης.</strong></span> <span class='ocrx_word' id='word_1_149' title='bbox 895 1012 929 1038; x_wconf 85' lang='grc' dir='ltr'><strong>Ἥ</strong></span> 
     </span>
    </p>
   </div>
   <div class='ocr_carea' id='block_1_18' title="bbox 134 1052 929 1092">
    <p class='ocr_par' dir='ltr' id='par_1_18' title="bbox 134 1052 929 1092">
     <span class='ocr_line' id='line_1_18' title="bbox 134 1052 929 1092; baseline 0.008 -13"><span class='ocrx_word' id='word_1_150' title='bbox 134 1052 159 1079; x_wconf 88' lang='grc' dir='ltr'>α’</span> <span class='ocrx_word' id='word_1_151' title='bbox 168 1054 222 1080; x_wconf 86' lang='grc' dir='ltr'>διά.</span> <span class='ocrx_word' id='word_1_152' title='bbox 237 1054 285 1080; x_wconf 81' lang='grc' dir='ltr'><strong>τοῦ</strong></span> <span class='ocrx_word' id='word_1_153' title='bbox 299 1054 340 1082; x_wconf 87' lang='grc' dir='ltr'>κα¹</span> <span class='ocrx_word' id='word_1_154' title='bbox 355 1056 407 1083; x_wconf 89' lang='grc' dir='ltr'>τίτ.</span> <span class='ocrx_word' id='word_1_155' title='bbox 432 1057 479 1083; x_wconf 87' lang='grc' dir='ltr'>τοῦ</span> <span class='ocrx_word' id='word_1_156' title='bbox 494 1057 527 1084; x_wconf 85' lang='grc' dir='ltr'>ια’</span> <span class='ocrx_word' id='word_1_157' title='bbox 546 1057 650 1092; x_wconf 90' lang='grc' dir='ltr'>βιϐλίου</span> <span class='ocrx_word' id='word_1_158' title='bbox 665 1058 712 1084; x_wconf 76' lang='grc' dir='ltr'>τοῦ</span> <span class='ocrx_word' id='word_1_159' title='bbox 724 1057 850 1091; x_wconf 83' lang='grc' dir='ltr'>κώδικος,</span> <span class='ocrx_word' id='word_1_160' title='bbox 868 1058 929 1085; x_wconf 79' lang='grc' dir='ltr'>ἔστι</span> 
     </span>
    </p>
   </div>
   <div class='ocr_carea' id='block_1_19' title="bbox 134 1099 928 1140">
    <p class='ocr_par' dir='ltr' id='par_1_19' title="bbox 134 1099 928 1140">
     <span class='ocr_line' id='line_1_19' title="bbox 134 1099 928 1140; baseline 0.009 -15"><span class='ocrx_word' id='word_1_161' title='bbox 134 1108 196 1134; x_wconf 74' lang='grc' dir='ltr'>κεφ.</span> <span class='ocrx_word' id='word_1_162' title='bbox 209 1099 235 1133; x_wconf 82' lang='grc' dir='ltr'>ς’</span> <span class='ocrx_word' id='word_1_163' title='bbox 276 1101 324 1128; x_wconf 81' lang='grc' dir='ltr'>τοῦ</span> <span class='ocrx_word' id='word_1_164' title='bbox 344 1101 367 1129; x_wconf 88' lang='grc' dir='ltr'>α’</span> <span class='ocrx_word' id='word_1_165' title='bbox 384 1103 436 1131; x_wconf 89' lang='grc' dir='ltr'>τίτ.</span> <span class='ocrx_word' id='word_1_166' title='bbox 467 1104 515 1131; x_wconf 83' lang='grc' dir='ltr'>τοῦ</span> <span class='ocrx_word' id='word_1_167' title='bbox 530 1103 551 1131; x_wconf 74' lang='grc' dir='ltr'>ε’</span> <span class='ocrx_word' id='word_1_168' title='bbox 572 1104 676 1140; x_wconf 86' lang='grc' dir='ltr'>βιϐλίου</span> <span class='ocrx_word' id='word_1_169' title='bbox 694 1104 749 1132; x_wconf 86' lang='grc' dir='ltr'>τῶν</span> <span class='ocrx_word' id='word_1_170' title='bbox 775 1105 928 1132; x_wconf 84' lang='grc' dir='ltr'>Βασιλικῶν</span> 
     </span>
    </p>
   </div>
   <div class='ocr_carea' id='block_1_20' title="bbox 134 1145 928 1187">
    <p class='ocr_par' dir='ltr' id='par_1_20' title="bbox 134 1145 928 1187">
     <span class='ocr_line' id='line_1_20' title="bbox 134 1145 928 1187; baseline 0.009 -15"><span class='ocrx_word' id='word_1_171' title='bbox 134 1145 326 1186; x_wconf 23' lang='grc' dir='ltr'>οὖτωςῡέχον·</span> <span class='ocrx_word' id='word_1_172' title='bbox 354 1149 387 1176; x_wconf 89' lang='grc' dir='ltr'>Ἡ</span> <span class='ocrx_word' id='word_1_173' title='bbox 398 1150 684 1182; x_wconf 79' lang='grc' dir='ltr'>Κωνσταντινούπολις</span> <span class='ocrx_word' id='word_1_174' title='bbox 706 1151 742 1187; x_wconf 85' lang='grc' dir='ltr'>μὴ</span> <span class='ocrx_word' id='word_1_175' title='bbox 770 1151 850 1186; x_wconf 87' lang='grc' dir='ltr'>μόνον</span> <span class='ocrx_word' id='word_1_176' title='bbox 878 1152 928 1186; x_wconf 85' lang='grc' dir='ltr'>τῆς</span> 
     </span>
    </p>
   </div>
   <div class='ocr_carea' id='block_1_21' title="bbox 141 1193 930 1234">
    <p class='ocr_par' dir='ltr' id='par_1_21' title="bbox 141 1193 930 1234">
     <span class='ocr_line' id='line_1_21' title="bbox 141 1193 930 1234; baseline 0.006 -15"><span class='ocrx_word' id='word_1_177' title='bbox 141 1193 267 1227; x_wconf 87' lang='grc' dir='ltr'>Ἰταλίας,</span> <span class='ocrx_word' id='word_1_178' title='bbox 298 1195 366 1222; x_wconf 83' lang='grc' dir='ltr'>ἀλλὰ</span> <span class='ocrx_word' id='word_1_179' title='bbox 394 1197 440 1223; x_wconf 78' lang='grc' dir='ltr'><strong>καὶ</strong></span> <span class='ocrx_word' id='word_1_180' title='bbox 468 1197 554 1230; x_wconf 85' lang='grc' dir='ltr'>αὐτῆς</span> <span class='ocrx_word' id='word_1_181' title='bbox 578 1197 629 1233; x_wconf 82' lang='grc' dir='ltr'>τῆς</span> <span class='ocrx_word' id='word_1_182' title='bbox 649 1197 760 1234; x_wconf 83' lang='grc' dir='ltr'><strong>Ῥώμης</strong></span> <span class='ocrx_word' id='word_1_183' title='bbox 772 1198 930 1233; x_wconf 87' lang='grc' dir='ltr'>προνομίοις</span> 
     </span>
    </p>
   </div>
   <div class='ocr_carea' id='block_1_22' title="bbox 135 1240 927 1280">
    <p class='ocr_par' dir='ltr' id='par_1_22' title="bbox 135 1240 927 1280">
     <span class='ocr_line' id='line_1_22' title="bbox 135 1240 927 1280; baseline 0.008 -15"><span class='ocrx_word' id='word_1_184' title='bbox 135 1240 292 1276; x_wconf 81' lang='grc' dir='ltr'>κεχρήσθω.</span> <span class='ocrx_word' id='word_1_185' title='bbox 308 1242 340 1268; x_wconf 88' lang='grc' dir='ltr'>Ἡ</span> <span class='ocrx_word' id='word_1_186' title='bbox 355 1242 383 1269; x_wconf 87' lang='grc' dir='ltr'>δὲ</span> <span class='ocrx_word' id='word_1_187' title='bbox 395 1242 419 1270; x_wconf 90' lang='grc' dir='ltr'>α’</span> <span class='ocrx_word' id='word_1_188' title='bbox 431 1243 501 1270; x_wconf 82' lang='grc' dir='ltr'>διάτ.</span> <span class='ocrx_word' id='word_1_189' title='bbox 530 1244 580 1271; x_wconf 76' lang='grc' dir='ltr'>τοῦ</span> <span class='ocrx_word' id='word_1_190' title='bbox 592 1243 624 1276; x_wconf 82' lang='grc' dir='ltr'><strong>ιζ’</strong></span> <span class='ocrx_word' id='word_1_191' title='bbox 637 1245 689 1271; x_wconf 85' lang='grc' dir='ltr'>τίτ.</span> <span class='ocrx_word' id='word_1_192' title='bbox 719 1244 766 1271; x_wconf 84' lang='grc' dir='ltr'>τοῦ</span> <span class='ocrx_word' id='word_1_193' title='bbox 784 1247 808 1271; x_wconf 90' lang='grc' dir='ltr'>α’</span> <span class='ocrx_word' id='word_1_194' title='bbox 824 1244 927 1280; x_wconf 77' lang='grc' dir='ltr'>βιϐλίου</span> 
     </span>
    </p>
   </div>
   <div class='ocr_carea' id='block_1_23' title="bbox 133 1286 931 1326">
    <p class='ocr_par' dir='ltr' id='par_1_23' title="bbox 133 1286 931 1326">
     <span class='ocr_line' id='line_1_23' title="bbox 133 1286 931 1326; baseline 0.005 -14"><span class='ocrx_word' id='word_1_195' title='bbox 133 1286 180 1312; x_wconf 77' lang='grc' dir='ltr'>τοῦ</span> <span class='ocrx_word' id='word_1_196' title='bbox 196 1287 322 1320; x_wconf 81' lang='grc' dir='ltr'>κώδικος,</span> <span class='ocrx_word' id='word_1_197' title='bbox 334 1288 392 1316; x_wconf 77' lang='grc' dir='ltr'>ἔστι</span> <span class='ocrx_word' id='word_1_198' title='bbox 403 1298 467 1325; x_wconf 85' lang='grc' dir='ltr'>κεφ.</span> <span class='ocrx_word' id='word_1_199' title='bbox 484 1289 507 1317; x_wconf 85' lang='grc' dir='ltr'>κ’</span> <span class='ocrx_word' id='word_1_200' title='bbox 520 1291 566 1317; x_wconf 80' lang='grc' dir='ltr'><strong>τοῦ</strong></span> <span class='ocrx_word' id='word_1_201' title='bbox 583 1290 610 1323; x_wconf 85' lang='grc' dir='ltr'>ς’</span> <span class='ocrx_word' id='word_1_202' title='bbox 624 1290 745 1318; x_wconf 66' lang='grc' dir='ltr'>τίτΛτοῢ</span> <span class='ocrx_word' id='word_1_203' title='bbox 760 1290 862 1326; x_wconf 85' lang='grc' dir='ltr'>βιϐλίου</span> <span class='ocrx_word' id='word_1_204' title='bbox 876 1290 931 1317; x_wconf 85' lang='grc' dir='ltr'>τῶν</span> 
     </span>
    </p>
   </div>
   <div class='ocr_carea' id='block_1_24' title="bbox 133 1332 932 1373">
    <p class='ocr_par' dir='ltr' id='par_1_24' title="bbox 133 1332 932 1373">
     <span class='ocr_line' id='line_1_24' title="bbox 133 1332 932 1373; baseline 0.008 -15"><span class='ocrx_word' id='word_1_205' title='bbox 133 1332 287 1361; x_wconf 77' lang='grc' dir='ltr'>Βασιλικῶν</span> <span class='ocrx_word' id='word_1_206' title='bbox 316 1335 388 1362; x_wconf 77' lang='grc' dir='ltr'>οὕτω</span> <span class='ocrx_word' id='word_1_207' title='bbox 418 1336 507 1370; x_wconf 83' lang='grc' dir='ltr'>λέγον·</span> <span class='ocrx_word' id='word_1_208' title='bbox 521 1338 561 1373; x_wconf 84' lang='grc' dir='ltr'><strong>Τῇ</strong></span> <span class='ocrx_word' id='word_1_209' title='bbox 589 1337 719 1373; x_wconf 61' lang='grc' dir='ltr'>συνηθείᾳ</span> <span class='ocrx_word' id='word_1_210' title='bbox 745 1338 795 1372; x_wconf 80' lang='grc' dir='ltr'><strong>τῆς</strong></span> <span class='ocrx_word' id='word_1_211' title='bbox 823 1337 932 1372; x_wconf 84' lang='grc' dir='ltr'>Ῥώμης</span> 
     </span>
    </p>
   </div>
   <div class='ocr_carea' id='block_1_25' title="bbox 132 1376 933 1418">
    <p class='ocr_par' dir='ltr' id='par_1_25' title="bbox 132 1376 933 1418">
     <span class='ocr_line' id='line_1_25' title="bbox 132 1376 933 1418; baseline 0.009 -16"><span class='ocrx_word' id='word_1_212' title='bbox 132 1376 291 1404; x_wconf 72' lang='grc' dir='ltr'>ἀκολουθεῖν</span> <span class='ocrx_word' id='word_1_213' title='bbox 315 1378 428 1414; x_wconf 83' lang='grc' dir='ltr'>ὀφείλει.</span> <span class='ocrx_word' id='word_1_214' title='bbox 445 1379 497 1409; x_wconf 79' lang='grc' dir='ltr'>Οἷα</span> <span class='ocrx_word' id='word_1_215' title='bbox 510 1381 539 1408; x_wconf 86' lang='grc' dir='ltr'><strong>δέ</strong></span> <span class='ocrx_word' id='word_1_216' title='bbox 565 1382 664 1408; x_wconf 77' lang='grc' dir='ltr'>εἰσιτὰ</span> <span class='ocrx_word' id='word_1_217' title='bbox 678 1384 815 1418; x_wconf 83' lang='grc' dir='ltr'>προνόμια</span> <span class='ocrx_word' id='word_1_218' title='bbox 840 1383 890 1417; x_wconf 86' lang='grc' dir='ltr'>τῆς</span> <span class='ocrx_word' id='word_1_219' title='bbox 904 1383 933 1409; x_wconf 81' lang='grc' dir='ltr'>ἐν</span> 
     </span>
    </p>
   </div>
   <div class='ocr_carea' id='block_1_26' title="bbox 134 1423 933 1464">
    <p class='ocr_par' dir='ltr' id='par_1_26' title="bbox 134 1423 933 1464">
     <span class='ocr_line' id='line_1_26' title="bbox 134 1423 933 1464; baseline 0.009 -16"><span class='ocrx_word' id='word_1_220' title='bbox 134 1423 169 1458; x_wconf 87' lang='grc' dir='ltr'><strong>τῇ</strong></span> <span class='ocrx_word' id='word_1_221' title='bbox 202 1423 305 1460; x_wconf 80' lang='grc' dir='ltr'>παλαιᾷ</span> <span class='ocrx_word' id='word_1_222' title='bbox 334 1425 428 1462; x_wconf 81' lang='grc' dir='ltr'><strong>Ῥώμῃ</strong></span> <span class='ocrx_word' id='word_1_223' title='bbox 458 1427 538 1462; x_wconf 81' lang='grc' dir='ltr'>ἁγίας</span> <span class='ocrx_word' id='word_1_224' title='bbox 562 1428 735 1463; x_wconf 78' lang='grc' dir='ltr'>Ἐκκλησίας,</span> <span class='ocrx_word' id='word_1_225' title='bbox 766 1428 933 1464; x_wconf 81' lang='grc' dir='ltr'>παρίστησιν</span> 
     </span>
    </p>
   </div>
   <div class='ocr_carea' id='block_1_27' title="bbox 646 215 1270 254">
    <p class='ocr_par' dir='ltr' id='par_1_27' title="bbox 646 215 1270 254">
     <span class='ocr_line' id='line_1_27' title="bbox 646 215 1270 254; baseline 0 -7"><span class='ocrx_word' id='word_1_226' title='bbox 646 215 889 248; x_wconf 82' lang='lat' dir='ltr'><strong>NOMOCANON.</strong></span> <span class='ocrx_word' id='word_1_227' title='bbox 903 228 939 235; x_wconf 89' lang='grc'><strong><em>--</em></strong></span> <span class='ocrx_word' id='word_1_228' title='bbox 952 217 1026 247; x_wconf 87' lang='lat' dir='ltr'><strong>TIT.</strong></span> <span class='ocrx_word' id='word_1_229' title='bbox 1045 217 1126 254; x_wconf 85' lang='lat' dir='ltr'><strong>VIII,</strong></span> <span class='ocrx_word' id='word_1_230' title='bbox 1147 217 1227 248; x_wconf 83' lang='lat' dir='ltr'><strong>CAP.</strong></span> <span class='ocrx_word' id='word_1_231' title='bbox 1243 217 1270 247; x_wconf 88' lang='grc' dir='ltr'><strong>Ι.</strong></span> 
     </span>
    </p>
   </div>
   <div class='ocr_carea' id='block_1_28' title="bbox 948 271 1778 306">
    <p class='ocr_par' dir='ltr' id='par_1_28' title="bbox 948 271 1778 306">
     <span class='ocr_line' id='line_1_28' title="bbox 948 271 1778 306; baseline 0.001 -8"><span class='ocrx_word' id='word_1_232' title='bbox 948 276 969 303; x_wconf 79' lang='grc' dir='ltr'>Α</span> <span class='ocrx_word' id='word_1_233' title='bbox 986 272 1108 306; x_wconf 84' lang='lat' dir='ltr'><strong>ginensis</strong></span> <span class='ocrx_word' id='word_1_234' title='bbox 1121 279 1210 300; x_wconf 90' lang='lat' dir='ltr'><strong>canon</strong></span> <span class='ocrx_word' id='word_1_235' title='bbox 1221 272 1267 305; x_wconf 76' lang='lat'><strong>53,</strong></span> <span class='ocrx_word' id='word_1_236' title='bbox 1283 271 1328 306; x_wconf 83' lang='lat'><strong>56,</strong></span> <span class='ocrx_word' id='word_1_237' title='bbox 1340 272 1372 300; x_wconf 76' lang='grc'><strong>71</strong></span> <span class='ocrx_word' id='word_1_238' title='bbox 1389 282 1396 306; x_wconf 90' lang='grc'>;</span> <span class='ocrx_word' id='word_1_239' title='bbox 1414 271 1525 301; x_wconf 82' lang='lat' dir='ltr'><strong>concilii</strong></span> <span class='ocrx_word' id='word_1_240' title='bbox 1544 272 1614 301; x_wconf 68' lang='lat' dir='ltr'><strong>sexti</strong></span> <span class='ocrx_word' id='word_1_241' title='bbox 1629 279 1718 300; x_wconf 90' lang='lat' dir='ltr'><strong>canon</strong></span> <span class='ocrx_word' id='word_1_242' title='bbox 1731 272 1778 305; x_wconf 73' lang='grc'>25,</span> 
     </span>
    </p>
   </div>
   <div class='ocr_carea' id='block_1_29' title="bbox 982 316 1216 351">
    <p class='ocr_par' dir='ltr' id='par_1_29' title="bbox 982 316 1216 351">
     <span class='ocr_line' id='line_1_29' title="bbox 982 316 1216 351; baseline 0.004 -7"><span class='ocrx_word' id='word_1_243' title='bbox 982 316 1028 346; x_wconf 83' lang='grc'><strong>56.</strong></span> <span class='ocrx_word' id='word_1_244' title='bbox 1046 317 1092 350; x_wconf 83' lang='grc'><strong>57,</strong></span> <span class='ocrx_word' id='word_1_245' title='bbox 1111 317 1157 351; x_wconf 81' lang='grc'>58,</span> <span class='ocrx_word' id='word_1_246' title='bbox 1171 317 1216 345; x_wconf 76' lang='lat'><strong>59.</strong></span> 
     </span>
    </p>
   </div>
   <div class='ocr_carea' id='block_1_30' title="bbox 1018 363 1777 400">
    <p class='ocr_par' dir='ltr' id='par_1_30' title="bbox 1018 363 1777 400">
     <span class='ocr_line' id='line_1_30' title="bbox 1018 363 1777 400; baseline 0.003 -10"><span class='ocrx_word' id='word_1_247' title='bbox 1018 363 1234 393; x_wconf 69' lang='lat' dir='ltr'><strong>Teztus.Const.</strong></span> <span class='ocrx_word' id='word_1_248' title='bbox 1248 363 1274 396; x_wconf 89' lang='lat'><strong>6,</strong></span> <span class='ocrx_word' id='word_1_249' title='bbox 1286 365 1328 392; x_wconf 90' lang='lat' dir='ltr'><strong>tit.</strong></span> <span class='ocrx_word' id='word_1_250' title='bbox 1342 364 1370 398; x_wconf 79' lang='lat'><strong>2,</strong></span> <span class='ocrx_word' id='word_1_251' title='bbox 1383 365 1432 392; x_wconf 85' lang='lat' dir='ltr'><strong>lib.</strong></span> <span class='ocrx_word' id='word_1_252' title='bbox 1444 364 1457 392; x_wconf 82' lang='grc'><strong>1</strong></span> <span class='ocrx_word' id='word_1_253' title='bbox 1471 365 1532 394; x_wconf 91' lang='lat' dir='ltr'><strong>cod.</strong></span> <span class='ocrx_word' id='word_1_254' title='bbox 1552 366 1606 394; x_wconf 85' lang='lat' dir='ltr'><strong>ait:</strong></span> <span class='ocrx_word' id='word_1_255' title='bbox 1617 365 1696 399; x_wconf 86' lang='lat' dir='ltr'><strong>Quod</strong></span> <span class='ocrx_word' id='word_1_256' title='bbox 1707 372 1777 400; x_wconf 82' lang='lat' dir='ltr'><strong>quae,</strong></span> 
     </span>
    </p>
   </div>
   <div class='ocr_carea' id='block_1_31' title="bbox 981 409 1705 448">
    <p class='ocr_par' dir='ltr' id='par_1_31' title="bbox 981 409 1705 448">
     <span class='ocr_line' id='line_1_31' title="bbox 981 409 1705 448; baseline 0.001 -11"><span class='ocrx_word' id='word_1_257' title='bbox 981 414 1136 445; x_wconf 81' lang='lat' dir='ltr'><strong>etc.,usque</strong></span> <span class='ocrx_word' id='word_1_258' title='bbox 1153 409 1187 437; x_wconf 80' lang='lat' dir='ltr'><strong>ad</strong></span> <span class='ocrx_word' id='word_1_259' title='bbox 1204 410 1339 438; x_wconf 90' lang='lat' dir='ltr'><strong>nominari</strong></span> <span class='ocrx_word' id='word_1_260' title='bbox 1355 411 1430 445; x_wconf 89' lang='lat' dir='ltr'><strong>dicit,</strong></span> <span class='ocrx_word' id='word_1_261' title='bbox 1446 416 1543 448; x_wconf 78' lang='lat' dir='ltr'><strong>utpag.</strong></span> <span class='ocrx_word' id='word_1_262' title='bbox 1558 412 1622 447; x_wconf 81' lang='lat'><strong>655,</strong></span> <span class='ocrx_word' id='word_1_263' title='bbox 1641 411 1705 440; x_wconf 81' lang='lat'><strong>658.</strong></span> 
     </span>
    </p>
   </div>
   <div class='ocr_carea' id='block_1_32' title="bbox 1017 503 1777 540">
    <p class='ocr_par' dir='ltr' id='par_1_32' title="bbox 1017 503 1777 540">
     <span class='ocr_line' id='line_1_32' title="bbox 1017 503 1777 540; baseline 0.001 -10"><span class='ocrx_word' id='word_1_264' title='bbox 1017 503 1162 532; x_wconf 83' lang='lat' dir='ltr'><strong>Scholium.</strong></span> <span class='ocrx_word' id='word_1_265' title='bbox 1187 503 1284 532; x_wconf 80' lang='lat' dir='ltr'><strong>Const.</strong></span> <span class='ocrx_word' id='word_1_266' title='bbox 1305 505 1331 537; x_wconf 88' lang='lat'><strong>6,</strong></span> <span class='ocrx_word' id='word_1_267' title='bbox 1346 505 1388 532; x_wconf 91' lang='lat' dir='ltr'><strong>tit.</strong></span> <span class='ocrx_word' id='word_1_268' title='bbox 1401 505 1428 538; x_wconf 78' lang='lat'><strong>2,</strong></span> <span class='ocrx_word' id='word_1_269' title='bbox 1444 505 1492 532; x_wconf 89' lang='lat' dir='ltr'><strong>lib.</strong></span> <span class='ocrx_word' id='word_1_270' title='bbox 1512 513 1533 539; x_wconf 86' lang='grc' dir='ltr'><strong>ι,</strong></span> <span class='ocrx_word' id='word_1_271' title='bbox 1551 505 1612 533; x_wconf 89' lang='lat' dir='ltr'><strong>cod.</strong></span> <span class='ocrx_word' id='word_1_272' title='bbox 1629 510 1673 533; x_wconf 85' lang='lat' dir='ltr'><strong>est</strong></span> <span class='ocrx_word' id='word_1_273' title='bbox 1711 513 1777 540; x_wconf 85' lang='lat' dir='ltr'><strong>cap.</strong></span> 
     </span>
    </p>
   </div>
   <div class='ocr_carea' id='block_1_33' title="bbox 981 550 1777 586">
    <p class='ocr_par' dir='ltr' id='par_1_33' title="bbox 981 550 1777 586">
     <span class='ocr_line' id='line_1_33' title="bbox 981 550 1777 586; baseline 0 -9"><span class='ocrx_word' id='word_1_274' title='bbox 981 550 1008 582; x_wconf 80' lang='lat'><strong>6,</strong></span> <span class='ocrx_word' id='word_1_275' title='bbox 1024 550 1066 578; x_wconf 87' lang='lat' dir='ltr'><strong>tit.</strong></span> <span class='ocrx_word' id='word_1_276' title='bbox 1079 551 1104 583; x_wconf 79' lang='lat' dir='ltr'><strong>i,</strong></span> <span class='ocrx_word' id='word_1_277' title='bbox 1122 550 1168 578; x_wconf 88' lang='lat' dir='ltr'><strong>lib.</strong></span> <span class='ocrx_word' id='word_1_278' title='bbox 1186 558 1195 578; x_wconf 84' lang='grc' dir='ltr'><strong>ι</strong></span> <span class='ocrx_word' id='word_1_279' title='bbox 1218 551 1302 578; x_wconf 85' lang='lat' dir='ltr'><strong>Basil.</strong></span> <span class='ocrx_word' id='word_1_280' title='bbox 1322 550 1396 586; x_wconf 89' lang='lat' dir='ltr'><strong>quod</strong></span> <span class='ocrx_word' id='word_1_281' title='bbox 1430 551 1522 584; x_wconf 92' lang='lat' dir='ltr'><strong>habet,</strong></span> <span class='ocrx_word' id='word_1_282' title='bbox 1556 556 1585 578; x_wconf 94' lang='lat' dir='ltr'><strong>ut</strong></span> <span class='ocrx_word' id='word_1_283' title='bbox 1608 551 1777 586; x_wconf 79' lang='lat' dir='ltr'><strong>propositum</strong></span> 
     </span>
    </p>
   </div>
   <div class='ocr_carea' id='block_1_34' title="bbox 981 594 1776 633">
    <p class='ocr_par' dir='ltr' id='par_1_34' title="bbox 981 594 1776 633">
     <span class='ocr_line' id='line_1_34' title="bbox 981 594 1776 633; baseline 0 -9"><span class='ocrx_word' id='word_1_284' title='bbox 981 602 1032 624; x_wconf 86' lang='lat' dir='ltr'><strong>est.</strong></span> <span class='ocrx_word' id='word_1_285' title='bbox 1047 597 1127 630; x_wconf 84' lang='lat' dir='ltr'><strong>Quod</strong></span> <span class='ocrx_word' id='word_1_286' title='bbox 1153 605 1218 624; x_wconf 91' lang='lat' dir='ltr'><strong>vero</strong></span> <span class='ocrx_word' id='word_1_287' title='bbox 1237 594 1560 633; x_wconf 78' lang='lat' dir='ltr'><strong>Constantiuopolilanus</strong></span> <span class='ocrx_word' id='word_1_288' title='bbox 1580 597 1776 632; x_wconf 69' lang='lat' dir='ltr'><strong>praerogativas</strong></span> 
     </span>
    </p>
   </div>
   <div class='ocr_carea' id='block_1_35' title="bbox 982 643 1773 677">
    <p class='ocr_par' dir='ltr' id='par_1_35' title="bbox 982 643 1773 677">
     <span class='ocr_line' id='line_1_35' title="bbox 982 643 1773 677; baseline 0 -8"><span class='ocrx_word' id='word_1_289' title='bbox 982 643 1082 671; x_wconf 78' lang='lat' dir='ltr'><strong>veteris</strong></span> <span class='ocrx_word' id='word_1_290' title='bbox 1102 643 1196 671; x_wconf 53' lang='lat' dir='ltr'><strong>Romae</strong></span> <span class='ocrx_word' id='word_1_291' title='bbox 1211 643 1320 677; x_wconf 84' lang='lat' dir='ltr'><strong>habeat,</strong></span> <span class='ocrx_word' id='word_1_292' title='bbox 1336 644 1364 671; x_wconf 92' lang='lat' dir='ltr'><strong>in</strong></span> <span class='ocrx_word' id='word_1_293' title='bbox 1392 643 1468 671; x_wconf 82' lang='lat' dir='ltr'><strong>Basil</strong></span> <span class='ocrx_word' id='word_1_294' title='bbox 1493 651 1548 671; x_wconf 91' lang='lat' dir='ltr'><strong>non</strong></span> <span class='ocrx_word' id='word_1_295' title='bbox 1571 648 1614 671; x_wconf 90' lang='lat' dir='ltr'><strong>est</strong></span> <span class='ocrx_word' id='word_1_296' title='bbox 1640 643 1773 670; x_wconf 83' lang='lat' dir='ltr'><strong>additum.</strong></span> 
     </span>
    </p>
   </div>
   <div class='ocr_carea' id='block_1_36' title="bbox 981 688 1778 724">
    <p class='ocr_par' dir='ltr' id='par_1_36' title="bbox 981 688 1778 724">
     <span class='ocr_line' id='line_1_36' title="bbox 981 688 1778 724; baseline -0.001 -8"><span class='ocrx_word' id='word_1_297' title='bbox 981 689 1076 716; x_wconf 84' lang='lat' dir='ltr'><strong>Const.</strong></span> <span class='ocrx_word' id='word_1_298' title='bbox 1091 688 1135 721; x_wconf 80' lang='grc'><strong>16,</strong></span> <span class='ocrx_word' id='word_1_299' title='bbox 1148 689 1190 716; x_wconf 87' lang='lat' dir='ltr'><strong>tit.</strong></span> <span class='ocrx_word' id='word_1_300' title='bbox 1202 689 1229 721; x_wconf 76' lang='lat'><strong>2,</strong></span> <span class='ocrx_word' id='word_1_301' title='bbox 1244 690 1291 716; x_wconf 90' lang='lat' dir='ltr'><strong>lib.</strong></span> <span class='ocrx_word' id='word_1_302' title='bbox 1307 698 1327 721; x_wconf 81' lang='grc' dir='ltr'>ι.</span> <span class='ocrx_word' id='word_1_303' title='bbox 1341 689 1392 717; x_wconf 88' lang='lat' dir='ltr'><strong>cod</strong></span> <span class='ocrx_word' id='word_1_304' title='bbox 1403 690 1430 716; x_wconf 90' lang='lat' dir='ltr'><strong>in</strong></span> <span class='ocrx_word' id='word_1_305' title='bbox 1445 689 1525 717; x_wconf 87' lang='lat' dir='ltr'><strong>Basil.</strong></span> <span class='ocrx_word' id='word_1_306' title='bbox 1544 697 1599 716; x_wconf 88' lang='lat' dir='ltr'><strong>non</strong></span> <span class='ocrx_word' id='word_1_307' title='bbox 1619 693 1661 717; x_wconf 87' lang='lat' dir='ltr'><strong>est</strong></span> <span class='ocrx_word' id='word_1_308' title='bbox 1688 689 1778 724; x_wconf 85' lang='lat' dir='ltr'><strong>posita</strong></span> 
     </span>
    </p>
   </div>
   <div class='ocr_carea' id='block_1_37' title="bbox 980 735 1777 770">
    <p class='ocr_par' dir='ltr' id='par_1_37' title="bbox 980 735 1777 770">
     <span class='ocr_line' id='line_1_37' title="bbox 980 735 1777 770; baseline -0.003 -7"><span class='ocrx_word' id='word_1_309' title='bbox 980 735 1096 763; x_wconf 86' lang='lat' dir='ltr'><strong>Constit.</strong></span> <span class='ocrx_word' id='word_1_310' title='bbox 1117 736 1162 769; x_wconf 73' lang='lat'><strong>55,</strong></span> <span class='ocrx_word' id='word_1_311' title='bbox 1180 737 1256 768; x_wconf 79' lang='lat' dir='ltr'><strong>tit.5,</strong></span> <span class='ocrx_word' id='word_1_312' title='bbox 1279 736 1326 763; x_wconf 87' lang='lat' dir='ltr'><strong>lib.</strong></span> <span class='ocrx_word' id='word_1_313' title='bbox 1356 744 1375 768; x_wconf 89' lang='lat' dir='ltr'><strong>I,</strong></span> <span class='ocrx_word' id='word_1_314' title='bbox 1394 736 1455 763; x_wconf 75' lang='lat' dir='ltr'><strong>cod.</strong></span> <span class='ocrx_word' id='word_1_315' title='bbox 1484 740 1527 763; x_wconf 89' lang='lat' dir='ltr'><strong>est</strong></span> <span class='ocrx_word' id='word_1_316' title='bbox 1538 743 1599 770; x_wconf 81' lang='lat' dir='ltr'><strong>cap.</strong></span> <span class='ocrx_word' id='word_1_317' title='bbox 1634 737 1662 767; x_wconf 77' lang='lat'><strong>5,</strong></span> <span class='ocrx_word' id='word_1_318' title='bbox 1691 736 1731 762; x_wconf 90' lang='lat' dir='ltr'><strong>til.</strong></span> <span class='ocrx_word' id='word_1_319' title='bbox 1757 743 1777 766; x_wconf 82' lang='grc' dir='ltr'><strong>ι,</strong></span> 
     </span>
    </p>
   </div>
   <div class='ocr_carea' id='block_1_38' title="bbox 983 780 1782 816">
    <p class='ocr_par' dir='ltr' id='par_1_38' title="bbox 983 780 1782 816">
     <span class='ocr_line' id='line_1_38' title="bbox 983 780 1782 816; baseline 0 -9"><span class='ocrx_word' id='word_1_320' title='bbox 983 781 1031 808; x_wconf 89' lang='lat' dir='ltr'><strong>lib.</strong></span> <span class='ocrx_word' id='word_1_321' title='bbox 1049 789 1089 808; x_wconf 87' lang='grc' dir='ltr'>ιιι.</span> <span class='ocrx_word' id='word_1_322' title='bbox 1107 781 1193 808; x_wconf 90' lang='lat' dir='ltr'><strong>Basil.</strong></span> <span class='ocrx_word' id='word_1_323' title='bbox 1207 781 1282 816; x_wconf 90' lang='lat' dir='ltr'><strong>quod</strong></span> <span class='ocrx_word' id='word_1_324' title='bbox 1303 781 1395 812; x_wconf 84' lang='lat' dir='ltr'><strong>habet,</strong></span> <span class='ocrx_word' id='word_1_325' title='bbox 1407 787 1434 808; x_wconf 86' lang='lat' dir='ltr'><strong>vt</strong></span> <span class='ocrx_word' id='word_1_326' title='bbox 1450 782 1477 808; x_wconf 89' lang='lat' dir='ltr'><strong>in</strong></span> <span class='ocrx_word' id='word_1_327' title='bbox 1496 785 1571 808; x_wconf 78' lang='lat' dir='ltr'><strong>textu</strong></span> <span class='ocrx_word' id='word_1_328' title='bbox 1588 780 1782 816; x_wconf 81' lang='lat' dir='ltr'><strong>compendiose</strong></span> 
     </span>
    </p>
   </div>
   <div class='ocr_carea' id='block_1_39' title="bbox 982 826 1778 863">
    <p class='ocr_par' dir='ltr' id='par_1_39' title="bbox 982 826 1778 863">
     <span class='ocr_line' id='line_1_39' title="bbox 982 826 1778 863; baseline -0.001 -9"><span class='ocrx_word' id='word_1_329' title='bbox 982 828 1100 862; x_wconf 89' lang='lat' dir='ltr'><strong>positum</strong></span> <span class='ocrx_word' id='word_1_330' title='bbox 1115 833 1158 855; x_wconf 89' lang='lat' dir='ltr'><strong>est</strong></span> <span class='ocrx_word' id='word_1_331' title='bbox 1172 837 1178 854; x_wconf 90' lang='lat'>:</span> <span class='ocrx_word' id='word_1_332' title='bbox 1197 833 1377 862; x_wconf 66' lang='lat' dir='ltr'><strong>prmierquam</strong></span> <span class='ocrx_word' id='word_1_333' title='bbox 1390 827 1472 863; x_wconf 79' lang='lat' dir='ltr'><strong>[quod</strong></span> <span class='ocrx_word' id='word_1_334' title='bbox 1488 835 1543 854; x_wconf 90' lang='lat' dir='ltr'><strong>non</strong></span> <span class='ocrx_word' id='word_1_335' title='bbox 1558 826 1680 862; x_wconf 84' lang='lat' dir='ltr'><strong>habeat],</strong></span> <span class='ocrx_word' id='word_1_336' title='bbox 1705 826 1778 853; x_wconf 87' lang='lat' dir='ltr'><strong>Con-</strong></span> 
     </span>
    </p>
   </div>
   <div class='ocr_carea' id='block_1_40' title="bbox 982 872 1777 909">
    <p class='ocr_par' dir='ltr' id='par_1_40' title="bbox 982 872 1777 909">
     <span class='ocr_line' id='line_1_40' title="bbox 982 872 1777 909; baseline -0.003 -9"><span class='ocrx_word' id='word_1_337' title='bbox 982 873 1254 908; x_wconf 85' lang='lat' dir='ltr'><strong>stantinopolitanum</strong></span> <span class='ocrx_word' id='word_1_338' title='bbox 1271 873 1468 909; x_wconf 64' lang='lat' dir='ltr'><strong>praerogativae.</strong></span> <span class='ocrx_word' id='word_1_339' title='bbox 1482 873 1581 900; x_wconf 79' lang='lat' dir='ltr'><strong>veteris</strong></span> <span class='ocrx_word' id='word_1_340' title='bbox 1608 872 1701 899; x_wconf 71' lang='lat' dir='ltr'><strong>Roma:</strong></span> <span class='ocrx_word' id='word_1_341' title='bbox 1726 872 1777 898; x_wconf 89' lang='lat' dir='ltr'><strong>ha-</strong></span> 
     </span>
    </p>
   </div>
   <div class='ocr_carea' id='block_1_41' title="bbox 984 919 1776 952">
    <p class='ocr_par' dir='ltr' id='par_1_41' title="bbox 984 919 1776 952">
     <span class='ocr_line' id='line_1_41' title="bbox 984 919 1776 952; baseline -0.003 -5"><span class='ocrx_word' id='word_1_342' title='bbox 984 920 1056 947; x_wconf 79' lang='lat' dir='ltr'><strong>bere.</strong></span> <span class='ocrx_word' id='word_1_343' title='bbox 1071 919 1186 947; x_wconf 86' lang='lat' dir='ltr'><strong>Constit.</strong></span> <span class='ocrx_word' id='word_1_344' title='bbox 1207 920 1233 951; x_wconf 75' lang='lat' dir='ltr'><strong>i,</strong></span> <span class='ocrx_word' id='word_1_345' title='bbox 1254 921 1295 947; x_wconf 90' lang='lat' dir='ltr'><strong>tit.</strong></span> <span class='ocrx_word' id='word_1_346' title='bbox 1313 919 1359 952; x_wconf 69' lang='lat' dir='ltr'><strong>2i,</strong></span> <span class='ocrx_word' id='word_1_347' title='bbox 1376 920 1423 947; x_wconf 92' lang='lat' dir='ltr'><strong>lib.</strong></span> <span class='ocrx_word' id='word_1_348' title='bbox 1439 927 1469 951; x_wconf 84' lang='grc' dir='ltr'><strong>ιι,</strong></span> <span class='ocrx_word' id='word_1_349' title='bbox 1488 919 1549 947; x_wconf 89' lang='lat' dir='ltr'><strong>cod.</strong></span> <span class='ocrx_word' id='word_1_350' title='bbox 1563 924 1605 946; x_wconf 89' lang='lat' dir='ltr'><strong>est</strong></span> <span class='ocrx_word' id='word_1_351' title='bbox 1625 919 1710 949; x_wconf 66' lang='lat' dir='ltr'><strong>tit.&quot;i,</strong></span> <span class='ocrx_word' id='word_1_352' title='bbox 1729 919 1776 946; x_wconf 88' lang='lat' dir='ltr'><strong>lib.</strong></span> 
     </span>
    </p>
   </div>
   <div class='ocr_carea' id='block_1_42' title="bbox 951 958 1774 999">
    <p class='ocr_par' dir='ltr' id='par_1_42' title="bbox 951 958 1774 999">
     <span class='ocr_line' id='line_1_42' title="bbox 951 958 1774 999; baseline -0.002 -7"><span class='ocrx_word' id='word_1_353' title='bbox 951 958 970 984; x_wconf 69' lang='grc' dir='ltr'><strong>Β</strong></span> <span class='ocrx_word' id='word_1_354' title='bbox 985 974 998 992; x_wconf 88' lang='grc' dir='ltr'><strong>ν</strong></span> <span class='ocrx_word' id='word_1_355' title='bbox 1017 965 1111 998; x_wconf 79' lang='lat' dir='ltr'><strong>Basil.,</strong></span> <span class='ocrx_word' id='word_1_356' title='bbox 1130 973 1192 999; x_wconf 87' lang='lat' dir='ltr'><strong>cap.</strong></span> <span class='ocrx_word' id='word_1_357' title='bbox 1225 966 1254 996; x_wconf 83' lang='grc'><strong>6.</strong></span> <span class='ocrx_word' id='word_1_358' title='bbox 1267 966 1339 999; x_wconf 86' lang='lat' dir='ltr'><strong>quod</strong></span> <span class='ocrx_word' id='word_1_359' title='bbox 1358 966 1399 993; x_wconf 84' lang='lat' dir='ltr'><strong>sic</strong></span> <span class='ocrx_word' id='word_1_360' title='bbox 1415 965 1453 992; x_wconf 88' lang='lat' dir='ltr'><strong>ait</strong></span> <span class='ocrx_word' id='word_1_361' title='bbox 1469 974 1476 991; x_wconf 84' lang='lat'>:</span> <span class='ocrx_word' id='word_1_362' title='bbox 1492 965 1564 992; x_wconf 87' lang='lat' dir='ltr'><strong>Urbs</strong></span> <span class='ocrx_word' id='word_1_363' title='bbox 1576 964 1774 992; x_wconf 85' lang='lat' dir='ltr'><strong>Constantino-</strong></span> 
     </span>
    </p>
   </div>
   <div class='ocr_carea' id='block_1_43' title="bbox 980 1009 1771 1046">
    <p class='ocr_par' dir='ltr' id='par_1_43' title="bbox 980 1009 1771 1046">
     <span class='ocr_line' id='line_1_43' title="bbox 980 1009 1771 1046; baseline -0.003 -8"><span class='ocrx_word' id='word_1_364' title='bbox 980 1011 1102 1046; x_wconf 86' lang='lat' dir='ltr'><strong>politana</strong></span> <span class='ocrx_word' id='word_1_365' title='bbox 1115 1019 1168 1038; x_wconf 90' lang='lat' dir='ltr'><strong>non</strong></span> <span class='ocrx_word' id='word_1_366' title='bbox 1189 1011 1279 1038; x_wconf 88' lang='lat' dir='ltr'><strong>solum</strong></span> <span class='ocrx_word' id='word_1_367' title='bbox 1296 1011 1367 1045; x_wconf 87' lang='lat' dir='ltr'><strong>juris</strong></span> <span class='ocrx_word' id='word_1_368' title='bbox 1390 1010 1487 1043; x_wconf 75' lang='lat' dir='ltr'><strong>ltaliei,</strong></span> <span class='ocrx_word' id='word_1_369' title='bbox 1503 1010 1551 1037; x_wconf 88' lang='lat' dir='ltr'><strong>sed</strong></span> <span class='ocrx_word' id='word_1_370' title='bbox 1572 1010 1654 1036; x_wconf 79' lang='lat' dir='ltr'><strong>etiam</strong></span> <span class='ocrx_word' id='word_1_371' title='bbox 1682 1009 1771 1044; x_wconf 84' lang='lat' dir='ltr'><strong>ipsius</strong></span> 
     </span>
    </p>
   </div>
   <div class='ocr_carea' id='block_1_44' title="bbox 981 1055 1775 1092">
    <p class='ocr_par' dir='ltr' id='par_1_44' title="bbox 981 1055 1775 1092">
     <span class='ocr_line' id='line_1_44' title="bbox 981 1055 1775 1092; baseline -0.005 -7"><span class='ocrx_word' id='word_1_372' title='bbox 981 1057 1074 1085; x_wconf 73' lang='lat' dir='ltr'><strong>Romae</strong></span> <span class='ocrx_word' id='word_1_373' title='bbox 1087 1058 1266 1092; x_wconf 58' lang='lat' dir='ltr'><strong>praerogativa</strong></span> <span class='ocrx_word' id='word_1_374' title='bbox 1287 1057 1398 1084; x_wconf 82' lang='lat' dir='ltr'><strong>fruitor.</strong></span> <span class='ocrx_word' id='word_1_375' title='bbox 1421 1057 1515 1084; x_wconf 87' lang='lat' dir='ltr'><strong>Const.</strong></span> <span class='ocrx_word' id='word_1_376' title='bbox 1539 1063 1603 1084; x_wconf 90' lang='lat' dir='ltr'><strong>vero</strong></span> <span class='ocrx_word' id='word_1_377' title='bbox 1621 1056 1648 1088; x_wconf 81' lang='lat'><strong>1,</strong></span> <span class='ocrx_word' id='word_1_378' title='bbox 1668 1057 1708 1083; x_wconf 90' lang='lat' dir='ltr'><strong>tit.</strong></span> <span class='ocrx_word' id='word_1_379' title='bbox 1731 1055 1775 1088; x_wconf 78' lang='grc'>17,</span> 
     </span>
    </p>
   </div>
   <div class='ocr_carea' id='block_1_45' title="bbox 980 1102 1778 1140">
    <p class='ocr_par' dir='ltr' id='par_1_45' title="bbox 980 1102 1778 1140">
     <span class='ocr_line' id='line_1_45' title="bbox 980 1102 1778 1140; baseline -0.004 -8"><span class='ocrx_word' id='word_1_380' title='bbox 980 1106 1026 1132; x_wconf 89' lang='lat' dir='ltr'><strong>lib.</strong></span> <span class='ocrx_word' id='word_1_381' title='bbox 1043 1113 1051 1132; x_wconf 89' lang='grc' dir='ltr'><strong>ι</strong></span> <span class='ocrx_word' id='word_1_382' title='bbox 1080 1105 1141 1132; x_wconf 89' lang='lat' dir='ltr'><strong>cod.</strong></span> <span class='ocrx_word' id='word_1_383' title='bbox 1158 1108 1201 1132; x_wconf 88' lang='lat' dir='ltr'><strong>est</strong></span> <span class='ocrx_word' id='word_1_384' title='bbox 1217 1112 1277 1140; x_wconf 84' lang='lat' dir='ltr'><strong>cap.</strong></span> <span class='ocrx_word' id='word_1_385' title='bbox 1305 1104 1350 1135; x_wconf 77' lang='lat'><strong>20.</strong></span> <span class='ocrx_word' id='word_1_386' title='bbox 1368 1104 1408 1132; x_wconf 90' lang='lat' dir='ltr'><strong>tit.</strong></span> <span class='ocrx_word' id='word_1_387' title='bbox 1429 1104 1457 1136; x_wconf 85' lang='lat'><strong>6,</strong></span> <span class='ocrx_word' id='word_1_388' title='bbox 1474 1104 1537 1131; x_wconf 81' lang='lat' dir='ltr'><strong>lib.‘</strong></span> <span class='ocrx_word' id='word_1_389' title='bbox 1553 1111 1585 1135; x_wconf 78' lang='grc' dir='ltr'><strong>ιι,</strong></span> <span class='ocrx_word' id='word_1_390' title='bbox 1605 1102 1688 1130; x_wconf 88' lang='lat' dir='ltr'><strong>Basil.</strong></span> <span class='ocrx_word' id='word_1_391' title='bbox 1705 1102 1778 1137; x_wconf 91' lang='lat' dir='ltr'><strong>quod</strong></span> 
     </span>
    </p>
   </div>
   <div class='ocr_carea' id='block_1_46' title="bbox 981 1150 1774 1185">
    <p class='ocr_par' dir='ltr' id='par_1_46' title="bbox 981 1150 1774 1185">
     <span class='ocr_line' id='line_1_46' title="bbox 981 1150 1774 1185; baseline -0.004 -6"><span class='ocrx_word' id='word_1_392' title='bbox 981 1153 1022 1179; x_wconf 89' lang='lat' dir='ltr'><strong>sic</strong></span> <span class='ocrx_word' id='word_1_393' title='bbox 1035 1152 1074 1179; x_wconf 88' lang='lat' dir='ltr'><strong>ait</strong></span> <span class='ocrx_word' id='word_1_394' title='bbox 1094 1161 1100 1179; x_wconf 88' lang='lat'><strong><em>:</em></strong></span> <span class='ocrx_word' id='word_1_395' title='bbox 1117 1151 1214 1179; x_wconf 85' lang='lat' dir='ltr'><strong>Omnis</strong></span> <span class='ocrx_word' id='word_1_396' title='bbox 1229 1151 1326 1179; x_wconf 80' lang='lat' dir='ltr'><strong>civitas</strong></span> <span class='ocrx_word' id='word_1_397' title='bbox 1344 1151 1572 1179; x_wconf 85' lang='lat' dir='ltr'><strong>consuetudinem</strong></span> <span class='ocrx_word' id='word_1_398' title='bbox 1587 1150 1681 1177; x_wconf 77' lang='lat' dir='ltr'><strong>Romae</strong></span> <span class='ocrx_word' id='word_1_399' title='bbox 1695 1150 1774 1185; x_wconf 87' lang='lat' dir='ltr'><strong>sequi</strong></span> 
     </span>
    </p>
   </div>
   <div class='ocr_carea' id='block_1_47' title="bbox 985 1196 1776 1233">
    <p class='ocr_par' dir='ltr' id='par_1_47' title="bbox 985 1196 1776 1233">
     <span class='ocr_line' id='line_1_47' title="bbox 985 1196 1776 1233; baseline -0.001 -9"><span class='ocrx_word' id='word_1_400' title='bbox 985 1199 1075 1226; x_wconf 82' lang='lat' dir='ltr'><strong>debet.</strong></span> <span class='ocrx_word' id='word_1_401' title='bbox 1093 1199 1229 1226; x_wconf 55' lang='lat' dir='ltr'><strong>(laterum</strong></span> <span class='ocrx_word' id='word_1_402' title='bbox 1255 1198 1409 1233; x_wconf 69' lang='lat' dir='ltr'><strong>cuiusmodi</strong></span> <span class='ocrx_word' id='word_1_403' title='bbox 1432 1198 1489 1225; x_wconf 91' lang='lat' dir='ltr'><strong>sint</strong></span> <span class='ocrx_word' id='word_1_404' title='bbox 1511 1196 1652 1232; x_wconf 82' lang='lat' dir='ltr'><strong>privilegia</strong></span> <span class='ocrx_word' id='word_1_405' title='bbox 1674 1202 1776 1224; x_wconf 79' lang='lat' dir='ltr'><strong>sanctae</strong></span> 
     </span>
    </p>
   </div>
   <div class='ocr_carea' id='block_1_48' title="bbox 986 1244 1780 1277">
    <p class='ocr_par' dir='ltr' id='par_1_48' title="bbox 986 1244 1780 1277">
     <span class='ocr_line' id='line_1_48' title="bbox 986 1244 1780 1277; baseline -0.004 -4"><span class='ocrx_word' id='word_1_406' title='bbox 986 1245 1119 1273; x_wconf 65' lang='lat' dir='ltr'><strong>Ecclesia:</strong></span> <span class='ocrx_word' id='word_1_407' title='bbox 1127 1245 1228 1272; x_wconf 83' lang='lat' dir='ltr'><strong>veteris</strong></span> <span class='ocrx_word' id='word_1_408' title='bbox 1239 1244 1343 1277; x_wconf 70' lang='lat' dir='ltr'><strong>nonne,</strong></span> <span class='ocrx_word' id='word_1_409' title='bbox 1357 1244 1496 1272; x_wconf 86' lang='lat' dir='ltr'><strong>evidenter</strong></span> <span class='ocrx_word' id='word_1_410' title='bbox 1511 1244 1593 1271; x_wconf 76' lang='lat' dir='ltr'><strong>tradit</strong></span> <span class='ocrx_word' id='word_1_411' title='bbox 1613 1244 1692 1271; x_wconf 89' lang='lat' dir='ltr'><strong>nobis</strong></span> <span class='ocrx_word' id='word_1_412' title='bbox 1712 1244 1780 1271; x_wconf 88' lang='lat' dir='ltr'><strong>scri-</strong></span> 
     </span>
    </p>
   </div>
   <div class='ocr_carea' id='block_1_49' title="bbox 989 1288 1776 1324">
    <p class='ocr_par' dir='ltr' id='par_1_49' title="bbox 989 1288 1776 1324">
     <span class='ocr_line' id='line_1_49' title="bbox 989 1288 1776 1324; baseline -0.001 -8"><span class='ocrx_word' id='word_1_413' title='bbox 989 1295 1066 1324; x_wconf 87' lang='lat' dir='ltr'><strong>ptum</strong></span> <span class='ocrx_word' id='word_1_414' title='bbox 1097 1288 1162 1315; x_wconf 93' lang='lat' dir='ltr'><strong>illud</strong></span> <span class='ocrx_word' id='word_1_415' title='bbox 1188 1288 1330 1316; x_wconf 84' lang='lat' dir='ltr'><strong>oraculum</strong></span> <span class='ocrx_word' id='word_1_416' title='bbox 1348 1289 1382 1316; x_wconf 89' lang='lat' dir='ltr'><strong>ab</strong></span> <span class='ocrx_word' id='word_1_417' title='bbox 1402 1288 1535 1324; x_wconf 85' lang='lat' dir='ltr'><strong>apostolis</strong></span> <span class='ocrx_word' id='word_1_418' title='bbox 1554 1289 1652 1323; x_wconf 67' lang='lat' dir='ltr'><strong>mquali</strong></span> <span class='ocrx_word' id='word_1_419' title='bbox 1679 1293 1776 1316; x_wconf 88' lang='lat' dir='ltr'><strong>sancto</strong></span> 
     </span>
    </p>
   </div>
   <div class='ocr_carea' id='block_1_50' title="bbox 988 1334 1780 1369">
    <p class='ocr_par' dir='ltr' id='par_1_50' title="bbox 988 1334 1780 1369">
     <span class='ocr_line' id='line_1_50' title="bbox 988 1334 1780 1369; baseline -0.003 -7"><span class='ocrx_word' id='word_1_420' title='bbox 988 1335 1171 1362; x_wconf 83' lang='lat' dir='ltr'><strong>Constantino</strong></span> <span class='ocrx_word' id='word_1_421' title='bbox 1182 1334 1280 1369; x_wconf 78' lang='lat' dir='ltr'><strong>Magno</strong></span> <span class='ocrx_word' id='word_1_422' title='bbox 1295 1334 1328 1361; x_wconf 90' lang='lat' dir='ltr'><strong>ad</strong></span> <span class='ocrx_word' id='word_1_423' title='bbox 1344 1341 1470 1362; x_wconf 86' lang='lat' dir='ltr'><strong>sanctum</strong></span> <span class='ocrx_word' id='word_1_424' title='bbox 1483 1334 1653 1369; x_wconf 82' lang='lat' dir='ltr'><strong>Sylvestrum</strong></span> <span class='ocrx_word' id='word_1_425' title='bbox 1665 1342 1698 1361; x_wconf 90' lang='lat' dir='ltr'><strong>co</strong></span> <span class='ocrx_word' id='word_1_426' title='bbox 1713 1339 1780 1361; x_wconf 89' lang='lat' dir='ltr'><strong>tem-</strong></span> 
     </span>
    </p>
   </div>
   <div class='ocr_carea' id='block_1_51' title="bbox 987 1380 1779 1416">
    <p class='ocr_par' dir='ltr' id='par_1_51' title="bbox 987 1380 1779 1416">
     <span class='ocr_line' id='line_1_51' title="bbox 987 1380 1779 1416; baseline 0.001 -9"><span class='ocrx_word' id='word_1_427' title='bbox 987 1389 1051 1416; x_wconf 80' lang='lat' dir='ltr'><strong>pore</strong></span> <span class='ocrx_word' id='word_1_428' title='bbox 1072 1389 1168 1416; x_wconf 82' lang='lat' dir='ltr'><strong>papam</strong></span> <span class='ocrx_word' id='word_1_429' title='bbox 1182 1380 1339 1408; x_wconf 85' lang='lat' dir='ltr'><strong>Romanum</strong></span> <span class='ocrx_word' id='word_1_430' title='bbox 1358 1380 1501 1414; x_wconf 85' lang='lat' dir='ltr'><strong>emissum,</strong></span> <span class='ocrx_word' id='word_1_431' title='bbox 1515 1381 1588 1416; x_wconf 90' lang='lat' dir='ltr'><strong>quod</strong></span> <span class='ocrx_word' id='word_1_432' title='bbox 1605 1381 1632 1407; x_wconf 91' lang='lat' dir='ltr'><strong>in</strong></span> <span class='ocrx_word' id='word_1_433' title='bbox 1651 1381 1779 1408; x_wconf 76' lang='lat' dir='ltr'><strong>huncha-</strong></span> 
     </span>
    </p>
   </div>
   <div class='ocr_carea' id='block_1_52' title="bbox 989 1427 1171 1454">
    <p class='ocr_par' dir='ltr' id='par_1_52' title="bbox 989 1427 1171 1454">
     <span class='ocr_line' id='line_1_52' title="bbox 989 1427 1171 1454; baseline -0.005 0"><span class='ocrx_word' id='word_1_434' title='bbox 989 1428 1032 1454; x_wconf 84' lang='lat' dir='ltr'><strong>hct</strong></span> <span class='ocrx_word' id='word_1_435' title='bbox 1049 1427 1171 1453; x_wconf 89' lang='lat' dir='ltr'><strong>modum.</strong></span> 
     </span>
    </p>
   </div>
   <div class='ocr_carea' id='block_1_53' title="bbox 135 1470 1776 1512">
    <p class='ocr_par' dir='ltr' id='par_1_53' title="bbox 135 1470 1776 1512">
     <span class='ocr_line' id='line_1_53' title="bbox 135 1470 1776 1512; baseline 0.002 -15"><span class='ocrx_word' id='word_1_436' title='bbox 135 1470 202 1504; x_wconf 79' lang='grc' dir='ltr'>ἡμῖν</span> <span class='ocrx_word' id='word_1_437' title='bbox 215 1472 246 1497; x_wconf 73' lang='grc' dir='ltr'><strong>τὸ</strong></span> <span class='ocrx_word' id='word_1_438' title='bbox 261 1472 338 1507; x_wconf 77' lang='grc' dir='ltr'>παρὰ</span> <span class='ocrx_word' id='word_1_439' title='bbox 350 1472 397 1500; x_wconf 86' lang='grc' dir='ltr'>τοῦ</span> <span class='ocrx_word' id='word_1_440' title='bbox 432 1475 609 1502; x_wconf 85' lang='grc' dir='ltr'>ίσαποστόλου</span> <span class='ocrx_word' id='word_1_441' title='bbox 650 1476 729 1511; x_wconf 82' lang='grc' dir='ltr'>ἁγίου</span> <span class='ocrx_word' id='word_1_442' title='bbox 748 1477 867 1512; x_wconf 80' lang='grc' dir='ltr'>μεγάλου</span> <span class='ocrx_word' id='word_1_443' title='bbox 908 1474 1118 1503; x_wconf 74' lang='grc' dir='ltr'>Κωνσῖαντίνου</span> <span class='ocrx_word' id='word_1_444' title='bbox 1148 1473 1260 1508; x_wconf 81' lang='grc' dir='ltr'>γεγονὸς</span> <span class='ocrx_word' id='word_1_445' title='bbox 1294 1474 1434 1510; x_wconf 73' lang='grc' dir='ltr'>ἔγγραφον</span> <span class='ocrx_word' id='word_1_446' title='bbox 1465 1473 1604 1510; x_wconf 77' lang='grc' dir='ltr'>θέσπισμα</span> <span class='ocrx_word' id='word_1_447' title='bbox 1635 1474 1704 1510; x_wconf 77' lang='grc' dir='ltr'>πρὸς</span> <span class='ocrx_word' id='word_1_448' title='bbox 1729 1475 1776 1500; x_wconf 75' lang='grc' dir='ltr'>τὸν</span> 
     </span>
    </p>
   </div>
   <div class='ocr_carea' id='block_1_54' title="bbox 135 1518 1117 1558">
    <p class='ocr_par' dir='ltr' id='par_1_54' title="bbox 135 1518 1117 1558">
     <span class='ocr_line' id='line_1_54' title="bbox 135 1518 1117 1558; baseline 0.004 -14"><span class='ocrx_word' id='word_1_449' title='bbox 135 1518 214 1552; x_wconf 71' lang='grc' dir='ltr'>ἅγιον</span> <span class='ocrx_word' id='word_1_450' title='bbox 232 1518 394 1555; x_wconf 85' lang='grc' dir='ltr'>Σίλϐεστρον</span> <span class='ocrx_word' id='word_1_451' title='bbox 407 1521 453 1548; x_wconf 81' lang='grc' dir='ltr'><strong>τὸν</strong></span> <span class='ocrx_word' id='word_1_452' title='bbox 464 1522 525 1548; x_wconf 86' lang='grc' dir='ltr'>τότε</span> <span class='ocrx_word' id='word_1_453' title='bbox 537 1522 630 1550; x_wconf 79' lang='grc' dir='ltr'>πάπαν</span> <span class='ocrx_word' id='word_1_454' title='bbox 646 1523 696 1558; x_wconf 86' lang='grc' dir='ltr'>τῆς</span> <span class='ocrx_word' id='word_1_455' title='bbox 715 1522 836 1558; x_wconf 84' lang='grc' dir='ltr'><strong>Ῥώμης,</strong></span> <span class='ocrx_word' id='word_1_456' title='bbox 850 1523 865 1549; x_wconf 83' lang='grc' dir='ltr'><strong>δ</strong></span> <span class='ocrx_word' id='word_1_457' title='bbox 879 1522 927 1549; x_wconf 72' lang='grc' dir='ltr'>καὶ</span> <span class='ocrx_word' id='word_1_458' title='bbox 947 1522 1005 1557; x_wconf 73' lang='grc' dir='ltr'>ἔχει</span> <span class='ocrx_word' id='word_1_459' title='bbox 1019 1520 1117 1551; x_wconf 69' lang='grc' dir='ltr'>οὕτως.</span> 
     </span>
    </p>
   </div>
   <div class='ocr_carea' id='block_1_55' title="bbox 172 1565 927 1604">
    <p class='ocr_par' dir='ltr' id='par_1_55' title="bbox 172 1565 927 1604">
     <span class='ocr_line' id='line_1_55' title="bbox 172 1565 927 1604; baseline 0.007 -13"><span class='ocrx_word' id='word_1_460' title='bbox 172 1565 236 1592; x_wconf 82' lang='grc' dir='ltr'>Δέον</span> <span class='ocrx_word' id='word_1_461' title='bbox 251 1566 400 1602; x_wconf 75' lang='grc' dir='ltr'>ἐκρίναμεν</span> <span class='ocrx_word' id='word_1_462' title='bbox 413 1567 482 1602; x_wconf 84' lang='grc' dir='ltr'>μετὰ</span> <span class='ocrx_word' id='word_1_463' title='bbox 495 1569 604 1596; x_wconf 85' lang='grc' dir='ltr'>πάντων</span> <span class='ocrx_word' id='word_1_464' title='bbox 620 1569 675 1596; x_wconf 84' lang='grc' dir='ltr'>τῶν</span> <span class='ocrx_word' id='word_1_465' title='bbox 689 1569 838 1604; x_wconf 78' lang='grc' dir='ltr'>σατραπῶν</span> <span class='ocrx_word' id='word_1_466' title='bbox 849 1569 927 1604; x_wconf 81' lang='grc' dir='ltr'>ἡμῶν</span> 
     </span>
    </p>
   </div>
   <div class='ocr_carea' id='block_1_56' title="bbox 134 1607 966 1651">
    <p class='ocr_par' dir='ltr' id='par_1_56' title="bbox 134 1607 966 1651">
     <span class='ocr_line' id='line_1_56' title="bbox 134 1607 966 1651; baseline 0.006 -13"><span class='ocrx_word' id='word_1_467' title='bbox 134 1612 184 1638; x_wconf 80' lang='grc' dir='ltr'><strong>καὶ</strong></span> <span class='ocrx_word' id='word_1_468' title='bbox 200 1612 291 1646; x_wconf 79' lang='grc' dir='ltr'>πάσης</span> <span class='ocrx_word' id='word_1_469' title='bbox 316 1613 365 1647; x_wconf 85' lang='grc' dir='ltr'>τῆς</span> <span class='ocrx_word' id='word_1_470' title='bbox 383 1613 547 1649; x_wconf 83' lang='grc' dir='ltr'>συγκλήτου,</span> <span class='ocrx_word' id='word_1_471' title='bbox 573 1615 620 1642; x_wconf 77' lang='grc' dir='ltr'><strong>καὶ</strong></span> <span class='ocrx_word' id='word_1_472' title='bbox 643 1615 697 1642; x_wconf 85' lang='grc' dir='ltr'><strong>τῶν</strong></span> <span class='ocrx_word' id='word_1_473' title='bbox 714 1615 864 1651; x_wconf 82' lang='grc' dir='ltr'>ἀρχόντων,</span> <span class='ocrx_word' id='word_1_474' title='bbox 883 1616 930 1642; x_wconf 72' lang='grc' dir='ltr'>καὶ</span> <span class='ocrx_word' id='word_1_475' title='bbox 943 1607 966 1637; x_wconf 77' lang='lat' dir='ltr'><strong><em>C</em></strong></span> 
     </span>
    </p>
   </div>
   <div class='ocr_carea' id='block_1_57' title="bbox 135 1658 931 1698">
    <p class='ocr_par' dir='ltr' id='par_1_57' title="bbox 135 1658 931 1698">
     <span class='ocr_line' id='line_1_57' title="bbox 135 1658 931 1698; baseline 0.006 -14"><span class='ocrx_word' id='word_1_476' title='bbox 135 1658 206 1692; x_wconf 79' lang='grc' dir='ltr'>μετὰ</span> <span class='ocrx_word' id='word_1_477' title='bbox 235 1659 337 1691; x_wconf 82' lang='grc' dir='ltr'>παντὸς</span> <span class='ocrx_word' id='word_1_478' title='bbox 363 1660 410 1686; x_wconf 84' lang='grc' dir='ltr'>τοῦ</span> <span class='ocrx_word' id='word_1_479' title='bbox 438 1659 503 1687; x_wconf 74' lang='grc' dir='ltr'>λαοῦ</span> <span class='ocrx_word' id='word_1_480' title='bbox 526 1661 573 1688; x_wconf 87' lang='grc' dir='ltr'>τοῦ</span> <span class='ocrx_word' id='word_1_481' title='bbox 596 1662 648 1689; x_wconf 79' lang='grc' dir='ltr'><strong>ὑπὸ</strong></span> <span class='ocrx_word' id='word_1_482' title='bbox 671 1662 720 1698; x_wconf 87' lang='grc' dir='ltr'>τὴν</span> <span class='ocrx_word' id='word_1_483' title='bbox 740 1663 865 1695; x_wconf 82' lang='grc' dir='ltr'>ἐξουσίαν</span> <span class='ocrx_word' id='word_1_484' title='bbox 882 1663 931 1698; x_wconf 82' lang='grc' dir='ltr'><strong>τῆς</strong></span> 
     </span>
    </p>
   </div>
   <div class='ocr_carea' id='block_1_58' title="bbox 142 1705 929 1745">
    <p class='ocr_par' dir='ltr' id='par_1_58' title="bbox 142 1705 929 1745">
     <span class='ocr_line' id='line_1_58' title="bbox 142 1705 929 1745; baseline 0.008 -14"><span class='ocrx_word' id='word_1_485' title='bbox 142 1705 299 1741; x_wconf 82' lang='grc' dir='ltr'>Ῥωμαῖκῆς</span> <span class='ocrx_word' id='word_1_486' title='bbox 307 1706 398 1740; x_wconf 80' lang='grc' dir='ltr'><strong>δόξης,</strong></span> <span class='ocrx_word' id='word_1_487' title='bbox 407 1707 450 1734; x_wconf 79' lang='grc' dir='ltr'>ἵνα</span> <span class='ocrx_word' id='word_1_488' title='bbox 460 1707 498 1738; x_wconf 84' lang='grc' dir='ltr'><strong>ὡς</strong></span> <span class='ocrx_word' id='word_1_489' title='bbox 512 1709 526 1735; x_wconf 83' lang='grc' dir='ltr'><em>ὸ</em></span> <span class='ocrx_word' id='word_1_490' title='bbox 534 1708 612 1743; x_wconf 76' lang='grc' dir='ltr'>ἅγιος</span> <span class='ocrx_word' id='word_1_491' title='bbox 624 1709 728 1745; x_wconf 79' lang='grc' dir='ltr'>Πέτρος</span> <span class='ocrx_word' id='word_1_492' title='bbox 739 1710 770 1737; x_wconf 81' lang='grc' dir='ltr'>ὲκ</span> <span class='ocrx_word' id='word_1_493' title='bbox 783 1710 929 1744; x_wconf 86' lang='grc' dir='ltr'>προσώπου</span> 
     </span>
    </p>
   </div>
   <div class='ocr_carea' id='block_1_59' title="bbox 135 1751 931 1790">
    <p class='ocr_par' dir='ltr' id='par_1_59' title="bbox 135 1751 931 1790">
     <span class='ocr_line' id='line_1_59' title="bbox 135 1751 931 1790; baseline 0.008 -13"><span class='ocrx_word' id='word_1_494' title='bbox 135 1751 186 1777; x_wconf 80' lang='grc' dir='ltr'><strong>τοῦ</strong></span> <span class='ocrx_word' id='word_1_495' title='bbox 203 1751 269 1778; x_wconf 81' lang='grc' dir='ltr'>Υἰοῦ</span> <span class='ocrx_word' id='word_1_496' title='bbox 298 1752 345 1779; x_wconf 80' lang='grc' dir='ltr'>τοῦ</span> <span class='ocrx_word' id='word_1_497' title='bbox 361 1751 430 1779; x_wconf 82' lang='grc' dir='ltr'><strong>Θεοῦ</strong></span> <span class='ocrx_word' id='word_1_498' title='bbox 454 1755 530 1780; x_wconf 81' lang='grc' dir='ltr'>ἐστιν</span> <span class='ocrx_word' id='word_1_499' title='bbox 553 1755 593 1786; x_wconf 76' lang='grc' dir='ltr'>εἰς</span> <span class='ocrx_word' id='word_1_500' title='bbox 609 1755 657 1790; x_wconf 85' lang='grc' dir='ltr'>τὴν</span> <span class='ocrx_word' id='word_1_501' title='bbox 678 1757 741 1790; x_wconf 84' lang='grc' dir='ltr'>γῆν,</span> <span class='ocrx_word' id='word_1_502' title='bbox 756 1755 828 1782; x_wconf 76' lang='grc' dir='ltr'>οὕτω</span> <span class='ocrx_word' id='word_1_503' title='bbox 847 1756 893 1783; x_wconf 70' lang='grc' dir='ltr'>καὶ</span> <span class='ocrx_word' id='word_1_504' title='bbox 905 1757 931 1783; x_wconf 73' lang='grc' dir='ltr'>οἱ</span> 
     </span>
    </p>
   </div>
   <div class='ocr_carea' id='block_1_60' title="bbox 136 1795 931 1835">
    <p class='ocr_par' dir='ltr' id='par_1_60' title="bbox 136 1795 931 1835">
     <span class='ocr_line' id='line_1_60' title="bbox 136 1795 931 1835; baseline 0.008 -13"><span class='ocrx_word' id='word_1_505' title='bbox 136 1795 285 1823; x_wconf 82' lang='grc' dir='ltr'>ἐπίσκοποι</span> <span class='ocrx_word' id='word_1_506' title='bbox 300 1797 325 1823; x_wconf 87' lang='grc' dir='ltr'>οἱ</span> <span class='ocrx_word' id='word_1_507' title='bbox 339 1797 456 1833; x_wconf 80' lang='grc' dir='ltr'>διάδοχοι</span> <span class='ocrx_word' id='word_1_508' title='bbox 469 1798 516 1825; x_wconf 81' lang='grc' dir='ltr'>τοῦ</span> <span class='ocrx_word' id='word_1_509' title='bbox 531 1800 680 1835; x_wconf 83' lang='grc' dir='ltr'>κορυφαίου</span> <span class='ocrx_word' id='word_1_510' title='bbox 692 1800 746 1827; x_wconf 87' lang='grc' dir='ltr'><strong>τῶν</strong></span> <span class='ocrx_word' id='word_1_511' title='bbox 761 1800 931 1834; x_wconf 86' lang='grc' dir='ltr'>ἀποστόλων,</span> 
     </span>
    </p>
   </div>
   <div class='ocr_carea' id='block_1_61' title="bbox 136 1842 932 1883">
    <p class='ocr_par' dir='ltr' id='par_1_61' title="bbox 136 1842 932 1883">
     <span class='ocr_line' id='line_1_61' title="bbox 136 1842 932 1883; baseline 0.008 -15"><span class='ocrx_word' id='word_1_512' title='bbox 136 1843 255 1877; x_wconf 79' lang='grc' dir='ltr'>ἀρχικὴν</span> <span class='ocrx_word' id='word_1_513' title='bbox 269 1842 395 1876; x_wconf 78' lang='grc' dir='ltr'>ἐξουσίαν</span> <span class='ocrx_word' id='word_1_514' title='bbox 412 1844 451 1876; x_wconf 76' lang='grc' dir='ltr'>εἰς</span> <span class='ocrx_word' id='word_1_515' title='bbox 467 1844 516 1880; x_wconf 86' lang='grc' dir='ltr'>τὴν</span> <span class='ocrx_word' id='word_1_516' title='bbox 535 1845 588 1880; x_wconf 78' lang='grc' dir='ltr'>γῆν</span> <span class='ocrx_word' id='word_1_517' title='bbox 604 1845 697 1881; x_wconf 78' lang='grc' dir='ltr'>ἔχωσι.</span> <span class='ocrx_word' id='word_1_518' title='bbox 713 1847 798 1873; x_wconf 85' lang='grc' dir='ltr'>Πλέον</span> <span class='ocrx_word' id='word_1_519' title='bbox 815 1847 932 1883; x_wconf 85' lang='grc' dir='ltr'>παρέχει</span> 
     </span>
    </p>
   </div>
   <div class='ocr_carea' id='block_1_62' title="bbox 137 1888 933 1929">
    <p class='ocr_par' dir='ltr' id='par_1_62' title="bbox 137 1888 933 1929">
     <span class='ocr_line' id='line_1_62' title="bbox 137 1888 933 1929; baseline 0.009 -15"><span class='ocrx_word' id='word_1_520' title='bbox 137 1889 154 1923; x_wconf 84' lang='grc' dir='ltr'><strong>ἡ</strong></span> <span class='ocrx_word' id='word_1_521' title='bbox 171 1888 295 1924; x_wconf 76' lang='grc' dir='ltr'>βασιλεία</span> <span class='ocrx_word' id='word_1_522' title='bbox 316 1891 365 1926; x_wconf 82' lang='grc' dir='ltr'>τῆς</span> <span class='ocrx_word' id='word_1_523' title='bbox 386 1889 465 1926; x_wconf 80' lang='grc' dir='ltr'>δόξης</span> <span class='ocrx_word' id='word_1_524' title='bbox 480 1891 569 1926; x_wconf 87' lang='grc' dir='ltr'>ἡμῶν,</span> <span class='ocrx_word' id='word_1_525' title='bbox 585 1893 631 1919; x_wconf 82' lang='grc' dir='ltr'>καὶ</span> <span class='ocrx_word' id='word_1_526' title='bbox 646 1892 727 1919; x_wconf 84' lang='grc' dir='ltr'>τοῦτο</span> <span class='ocrx_word' id='word_1_527' title='bbox 747 1893 933 1929; x_wconf 84' lang='grc' dir='ltr'>παρεχωρήθη</span> 
     </span>
    </p>
   </div>
   <div class='ocr_carea' id='block_1_63' title="bbox 137 1935 933 1975">
    <p class='ocr_par' dir='ltr' id='par_1_63' title="bbox 137 1935 933 1975">
     <span class='ocr_line' id='line_1_63' title="bbox 137 1935 933 1975; baseline 0.005 -13"><span class='ocrx_word' id='word_1_528' title='bbox 137 1935 184 1970; x_wconf 66' lang='grc' dir='ltr'><strong>ἀφ’</strong></span> <span class='ocrx_word' id='word_1_529' title='bbox 203 1936 292 1971; x_wconf 79' lang='grc' dir='ltr'>ἡμῶν,</span> <span class='ocrx_word' id='word_1_530' title='bbox 306 1937 353 1963; x_wconf 84' lang='grc' dir='ltr'>καὶ</span> <span class='ocrx_word' id='word_1_531' title='bbox 363 1936 417 1964; x_wconf 84' lang='grc' dir='ltr'><strong>ἀπὸ</strong></span> <span class='ocrx_word' id='word_1_532' title='bbox 432 1938 481 1973; x_wconf 83' lang='grc' dir='ltr'>τῆς</span> <span class='ocrx_word' id='word_1_533' title='bbox 497 1938 637 1973; x_wconf 85' lang='grc' dir='ltr'>βασιλείας</span> <span class='ocrx_word' id='word_1_534' title='bbox 653 1938 742 1974; x_wconf 85' lang='grc' dir='ltr'>ἡμῶν,</span> <span class='ocrx_word' id='word_1_535' title='bbox 757 1939 804 1966; x_wconf 74' lang='grc' dir='ltr'>καὶ</span> <span class='ocrx_word' id='word_1_536' title='bbox 820 1940 933 1975; x_wconf 82' lang='grc' dir='ltr'>θέλομεν</span> 
     </span>
    </p>
   </div>
   <div class='ocr_carea' id='block_1_64' title="bbox 137 1983 933 2020">
    <p class='ocr_par' dir='ltr' id='par_1_64' title="bbox 137 1983 933 2020">
     <span class='ocr_line' id='line_1_64' title="bbox 137 1983 933 2020; baseline 0.008 -12"><span class='ocrx_word' id='word_1_537' title='bbox 137 1983 221 2018; x_wconf 81' lang='grc' dir='ltr'>ἡμεῖς</span> <span class='ocrx_word' id='word_1_538' title='bbox 234 1983 316 2010; x_wconf 82' lang='grc' dir='ltr'>αὑτὸν</span> <span class='ocrx_word' id='word_1_539' title='bbox 330 1983 376 2011; x_wconf 74' lang='grc' dir='ltr'><strong>τὸν</strong></span> <span class='ocrx_word' id='word_1_540' title='bbox 392 1986 540 2020; x_wconf 81' lang='grc' dir='ltr'>κορυφαῖον</span> <span class='ocrx_word' id='word_1_541' title='bbox 555 1985 609 2012; x_wconf 86' lang='grc' dir='ltr'>τῶν</span> <span class='ocrx_word' id='word_1_542' title='bbox 623 1985 791 2018; x_wconf 82' lang='grc' dir='ltr'>ἀποστόλων,</span> <span class='ocrx_word' id='word_1_543' title='bbox 812 1986 933 2019; x_wconf 74' lang='grc' dir='ltr'>καὶτοὺς</span> 
     </span>
    </p>
   </div>
   <div class='ocr_carea' id='block_1_65' title="bbox 136 2028 933 2069">
    <p class='ocr_par' dir='ltr' id='par_1_65' title="bbox 136 2028 933 2069">
     <span class='ocr_line' id='line_1_65' title="bbox 136 2028 933 2069; baseline 0.006 -14"><span class='ocrx_word' id='word_1_544' title='bbox 136 2028 278 2064; x_wconf 78' lang='grc' dir='ltr'>διαδόχους</span> <span class='ocrx_word' id='word_1_545' title='bbox 299 2030 381 2057; x_wconf 82' lang='grc' dir='ltr'>αὑτοῦ</span> <span class='ocrx_word' id='word_1_546' title='bbox 400 2032 433 2058; x_wconf 83' lang='grc' dir='ltr'>ὲκ</span> <span class='ocrx_word' id='word_1_547' title='bbox 451 2031 599 2066; x_wconf 86' lang='grc' dir='ltr'>προσώπου</span> <span class='ocrx_word' id='word_1_548' title='bbox 616 2032 699 2060; x_wconf 81' lang='grc' dir='ltr'>αὑτοῦ</span> <span class='ocrx_word' id='word_1_549' title='bbox 719 2032 845 2068; x_wconf 82' lang='grc' dir='ltr'>πρώτους</span> <span class='ocrx_word' id='word_1_550' title='bbox 865 2034 933 2069; x_wconf 76' lang='grc' dir='ltr'>πρὸς</span> 
     </span>
    </p>
   </div>
   <div class='ocr_carea' id='block_1_66' title="bbox 137 2075 933 2116">
    <p class='ocr_par' dir='ltr' id='par_1_66' title="bbox 137 2075 933 2116">
     <span class='ocr_line' id='line_1_66' title="bbox 137 2075 933 2116; baseline 0.006 -15"><span class='ocrx_word' id='word_1_551' title='bbox 137 2076 184 2102; x_wconf 79' lang='grc' dir='ltr'><strong>τὸν</strong></span> <span class='ocrx_word' id='word_1_552' title='bbox 196 2076 263 2103; x_wconf 71' lang='grc' dir='ltr'>Θεὸν</span> <span class='ocrx_word' id='word_1_553' title='bbox 279 2077 402 2112; x_wconf 85' lang='grc' dir='ltr'>πατέρας</span> <span class='ocrx_word' id='word_1_554' title='bbox 414 2075 484 2105; x_wconf 87' lang='grc' dir='ltr'>εῐναι</span> <span class='ocrx_word' id='word_1_555' title='bbox 503 2078 550 2105; x_wconf 80' lang='grc' dir='ltr'>καὶ</span> <span class='ocrx_word' id='word_1_556' title='bbox 564 2078 747 2114; x_wconf 84' lang='grc' dir='ltr'>δεφένσωρας.</span> <span class='ocrx_word' id='word_1_557' title='bbox 764 2079 818 2105; x_wconf 74' lang='grc' dir='ltr'><strong>Καὶ</strong></span> <span class='ocrx_word' id='word_1_558' title='bbox 839 2078 933 2116; x_wconf 80' lang='grc' dir='ltr'>ὥσπερ</span> 
     </span>
    </p>
   </div>
   <div class='ocr_carea' id='block_1_67' title="bbox 138 2121 935 2160">
    <p class='ocr_par' dir='ltr' id='par_1_67' title="bbox 138 2121 935 2160">
     <span class='ocr_line' id='line_1_67' title="bbox 138 2121 935 2160; baseline 0.005 -13"><span class='ocrx_word' id='word_1_559' title='bbox 138 2122 155 2156; x_wconf 82' lang='grc' dir='ltr'>ὴ</span> <span class='ocrx_word' id='word_1_560' title='bbox 182 2121 310 2158; x_wconf 76' lang='grc' dir='ltr'>βασιλικὴ</span> <span class='ocrx_word' id='word_1_561' title='bbox 329 2122 436 2155; x_wconf 80' lang='grc' dir='ltr'>ἐξουσία</span> <span class='ocrx_word' id='word_1_562' title='bbox 455 2123 534 2159; x_wconf 78' lang='grc' dir='ltr'>ἡμῶν</span> <span class='ocrx_word' id='word_1_563' title='bbox 554 2124 593 2155; x_wconf 85' lang='grc' dir='ltr'><strong>εἰς</strong></span> <span class='ocrx_word' id='word_1_564' title='bbox 610 2124 659 2159; x_wconf 82' lang='grc' dir='ltr'>τὴν</span> <span class='ocrx_word' id='word_1_565' title='bbox 679 2125 731 2160; x_wconf 83' lang='grc' dir='ltr'>γῆν</span> <span class='ocrx_word' id='word_1_566' title='bbox 747 2124 867 2157; x_wconf 82' lang='grc' dir='ltr'>σέϐεται,</span> <span class='ocrx_word' id='word_1_567' title='bbox 887 2125 935 2151; x_wconf 76' lang='grc' dir='ltr'>καὶ</span> 
     </span>
    </p>
   </div>
   <div class='ocr_carea' id='block_1_68' title="bbox 137 2169 935 2207">
    <p class='ocr_par' dir='ltr' id='par_1_68' title="bbox 137 2169 935 2207">
     <span class='ocr_line' id='line_1_68' title="bbox 137 2169 935 2207; baseline 0.005 -13"><span class='ocrx_word' id='word_1_568' title='bbox 137 2169 263 2203; x_wconf 82' lang='grc' dir='ltr'>τιμᾶται,</span> <span class='ocrx_word' id='word_1_569' title='bbox 277 2169 348 2196; x_wconf 78' lang='grc' dir='ltr'>οὕτω</span> <span class='ocrx_word' id='word_1_570' title='bbox 360 2169 526 2206; x_wconf 81' lang='grc' dir='ltr'>θεσπίζομεν</span> <span class='ocrx_word' id='word_1_571' title='bbox 541 2170 669 2198; x_wconf 83' lang='grc' dir='ltr'>σέϐεσθαι</span> <span class='ocrx_word' id='word_1_572' title='bbox 683 2171 731 2198; x_wconf 70' lang='grc' dir='ltr'><strong>καὶ</strong></span> <span class='ocrx_word' id='word_1_573' title='bbox 741 2172 872 2206; x_wconf 83' lang='grc' dir='ltr'>τιμᾶσθαι</span> <span class='ocrx_word' id='word_1_574' title='bbox 886 2171 935 2207; x_wconf 86' lang='grc' dir='ltr'>τὴν</span> 
     </span>
    </p>
   </div>
   <div class='ocr_carea' id='block_1_69' title="bbox 139 2215 937 2254">
    <p class='ocr_par' dir='ltr' id='par_1_69' title="bbox 139 2215 937 2254">
     <span class='ocr_line' id='line_1_69' title="bbox 139 2215 937 2254; baseline 0.005 -13"><span class='ocrx_word' id='word_1_575' title='bbox 139 2215 222 2249; x_wconf 85' lang='grc' dir='ltr'>ἁγίαν</span> <span class='ocrx_word' id='word_1_576' title='bbox 244 2215 300 2242; x_wconf 86' lang='grc' dir='ltr'>τῶν</span> <span class='ocrx_word' id='word_1_577' title='bbox 324 2216 469 2251; x_wconf 85' lang='grc' dir='ltr'>Ῥωμαίων</span> <span class='ocrx_word' id='word_1_578' title='bbox 486 2217 661 2254; x_wconf 84' lang='grc' dir='ltr'>Ἐκκλησίαν,</span> <span class='ocrx_word' id='word_1_579' title='bbox 685 2218 733 2245; x_wconf 81' lang='grc' dir='ltr'>καὶ</span> <span class='ocrx_word' id='word_1_580' title='bbox 757 2218 839 2245; x_wconf 84' lang='grc' dir='ltr'>πλέον</span> <span class='ocrx_word' id='word_1_581' title='bbox 860 2219 937 2254; x_wconf 81' lang='grc' dir='ltr'>παρὰ</span> 
     </span>
    </p>
   </div>
   <div class='ocr_carea' id='block_1_70' title="bbox 138 2261 937 2300">
    <p class='ocr_par' dir='ltr' id='par_1_70' title="bbox 138 2261 937 2300">
     <span class='ocr_line' id='line_1_70' title="bbox 138 2261 937 2300; baseline 0.005 -13"><span class='ocrx_word' id='word_1_582' title='bbox 138 2262 190 2296; x_wconf 76' lang='grc' dir='ltr'><strong>τὴν</strong></span> <span class='ocrx_word' id='word_1_583' title='bbox 206 2261 344 2296; x_wconf 85' lang='grc' dir='ltr'>βασιλείαν</span> <span class='ocrx_word' id='word_1_584' title='bbox 370 2263 459 2298; x_wconf 82' lang='grc' dir='ltr'>ἡμῶν,</span> <span class='ocrx_word' id='word_1_585' title='bbox 484 2264 532 2291; x_wconf 75' lang='grc' dir='ltr'>καὶ</span> <span class='ocrx_word' id='word_1_586' title='bbox 553 2264 600 2291; x_wconf 80' lang='grc' dir='ltr'>τὸν</span> <span class='ocrx_word' id='word_1_587' title='bbox 620 2265 713 2300; x_wconf 85' lang='grc' dir='ltr'>γήϊνον</span> <span class='ocrx_word' id='word_1_588' title='bbox 742 2264 836 2300; x_wconf 76' lang='grc' dir='ltr'>θρόνον</span> <span class='ocrx_word' id='word_1_589' title='bbox 855 2265 937 2299; x_wconf 80' lang='grc' dir='ltr'>ἁγίαν</span> 
     </span>
    </p>
   </div>
   <div class='ocr_carea' id='block_1_71' title="bbox 1007 1567 1779 1602">
    <p class='ocr_par' dir='ltr' id='par_1_71' title="bbox 1007 1567 1779 1602">
     <span class='ocr_line' id='line_1_71' title="bbox 1007 1567 1779 1602; baseline 0 -6"><span class='ocrx_word' id='word_1_590' title='bbox 1007 1569 1075 1596; x_wconf 77' lang='lat' dir='ltr'><strong>Cum</strong></span> <span class='ocrx_word' id='word_1_591' title='bbox 1086 1567 1215 1595; x_wconf 87' lang='lat' dir='ltr'><strong>omnibus</strong></span> <span class='ocrx_word' id='word_1_592' title='bbox 1226 1567 1343 1602; x_wconf 77' lang='lat' dir='ltr'><strong>satrapis</strong></span> <span class='ocrx_word' id='word_1_593' title='bbox 1351 1568 1527 1600; x_wconf 89' lang='lat' dir='ltr'><strong>nostris,cum</strong></span> <span class='ocrx_word' id='word_1_594' title='bbox 1534 1568 1664 1595; x_wconf 80' lang='lat' dir='ltr'><strong>universo</strong></span> <span class='ocrx_word' id='word_1_595' title='bbox 1673 1572 1779 1596; x_wconf 72' lang='lat' dir='ltr'><strong>senatu.</strong></span> 
     </span>
    </p>
   </div>
   <div class='ocr_carea' id='block_1_72' title="bbox 982 1613 1785 1649">
    <p class='ocr_par' dir='ltr' id='par_1_72' title="bbox 982 1613 1785 1649">
     <span class='ocr_line' id='line_1_72' title="bbox 982 1613 1785 1649; baseline -0.002 -8"><span class='ocrx_word' id='word_1_596' title='bbox 982 1623 1044 1642; x_wconf 75' lang='lat' dir='ltr'><strong>rum</strong></span> <span class='ocrx_word' id='word_1_597' title='bbox 1054 1614 1200 1649; x_wconf 66' lang='lat' dir='ltr'><strong>praafertis,</strong></span> <span class='ocrx_word' id='word_1_598' title='bbox 1207 1613 1326 1648; x_wconf 87' lang='lat' dir='ltr'><strong>denique</strong></span> <span class='ocrx_word' id='word_1_599' title='bbox 1333 1622 1395 1641; x_wconf 90' lang='lat' dir='ltr'><strong>cum</strong></span> <span class='ocrx_word' id='word_1_600' title='bbox 1404 1613 1478 1641; x_wconf 92' lang='lat' dir='ltr'><strong>omni</strong></span> <span class='ocrx_word' id='word_1_601' title='bbox 1487 1613 1586 1649; x_wconf 90' lang='lat' dir='ltr'><strong>populo</strong></span> <span class='ocrx_word' id='word_1_602' title='bbox 1596 1614 1719 1648; x_wconf 87' lang='lat' dir='ltr'><strong>potestati</strong></span> <span class='ocrx_word' id='word_1_603' title='bbox 1731 1613 1785 1640; x_wconf 77' lang='lat' dir='ltr'><strong>Ro.</strong></span> 
     </span>
    </p>
   </div>
   <div class='ocr_carea' id='block_1_73' title="bbox 988 1659 1784 1695">
    <p class='ocr_par' dir='ltr' id='par_1_73' title="bbox 988 1659 1784 1695">
     <span class='ocr_line' id='line_1_73' title="bbox 988 1659 1784 1695; baseline -0.004 -6"><span class='ocrx_word' id='word_1_604' title='bbox 988 1668 1077 1689; x_wconf 71' lang='lat' dir='ltr'><strong>manat</strong></span> <span class='ocrx_word' id='word_1_605' title='bbox 1086 1660 1236 1695; x_wconf 73' lang='lat' dir='ltr'><strong>maiestatis</strong></span> <span class='ocrx_word' id='word_1_606' title='bbox 1251 1661 1370 1691; x_wconf 83' lang='lat' dir='ltr'><strong>subdito,</strong></span> <span class='ocrx_word' id='word_1_607' title='bbox 1380 1660 1546 1688; x_wconf 87' lang='lat' dir='ltr'><strong>conveniens</strong></span> <span class='ocrx_word' id='word_1_608' title='bbox 1568 1667 1629 1688; x_wconf 86' lang='lat' dir='ltr'><strong>esse</strong></span> <span class='ocrx_word' id='word_1_609' title='bbox 1649 1659 1784 1694; x_wconf 86' lang='lat' dir='ltr'><strong>judicavi-</strong></span> 
     </span>
    </p>
   </div>
   <div class='ocr_carea' id='block_1_74' title="bbox 984 1705 1785 1740">
    <p class='ocr_par' dir='ltr' id='par_1_74' title="bbox 984 1705 1785 1740">
     <span class='ocr_line' id='line_1_74' title="bbox 984 1705 1785 1740; baseline -0.001 -7"><span class='ocrx_word' id='word_1_610' title='bbox 984 1709 1096 1739; x_wconf 90' lang='lat' dir='ltr'><strong>mus,ut</strong></span> <span class='ocrx_word' id='word_1_611' title='bbox 1108 1705 1339 1740; x_wconf 88' lang='lat' dir='ltr'><strong>quemadmodum</strong></span> <span class='ocrx_word' id='word_1_612' title='bbox 1352 1710 1464 1733; x_wconf 86' lang='lat' dir='ltr'><strong>sanctus</strong></span> <span class='ocrx_word' id='word_1_613' title='bbox 1489 1706 1586 1733; x_wconf 79' lang='lat' dir='ltr'><strong>Petrus</strong></span> <span class='ocrx_word' id='word_1_614' title='bbox 1609 1713 1643 1732; x_wconf 78' lang='lat' dir='ltr'><strong>ex</strong></span> <span class='ocrx_word' id='word_1_615' title='bbox 1666 1713 1785 1740; x_wconf 88' lang='lat' dir='ltr'><strong>persona</strong></span> 
     </span>
    </p>
   </div>
   <div class='ocr_carea' id='block_1_75' title="bbox 981 1751 1785 1788">
    <p class='ocr_par' dir='ltr' id='par_1_75' title="bbox 981 1751 1785 1788">
     <span class='ocr_line' id='line_1_75' title="bbox 981 1751 1785 1788; baseline -0.002 -8"><span class='ocrx_word' id='word_1_616' title='bbox 981 1752 1044 1780; x_wconf 86' lang='lat' dir='ltr'><strong>Filii</strong></span> <span class='ocrx_word' id='word_1_617' title='bbox 1065 1752 1112 1779; x_wconf 84' lang='lat' dir='ltr'><strong>Dei</strong></span> <span class='ocrx_word' id='word_1_618' title='bbox 1128 1752 1264 1788; x_wconf 59' lang='lat' dir='ltr'><strong>[ecclesiaa</strong></span> <span class='ocrx_word' id='word_1_619' title='bbox 1277 1751 1370 1788; x_wconf 86' lang='lat' dir='ltr'><strong>caput]</strong></span> <span class='ocrx_word' id='word_1_620' title='bbox 1387 1756 1430 1779; x_wconf 87' lang='lat' dir='ltr'><strong>est</strong></span> <span class='ocrx_word' id='word_1_621' title='bbox 1445 1752 1473 1779; x_wconf 93' lang='lat' dir='ltr'><strong>in</strong></span> <span class='ocrx_word' id='word_1_622' title='bbox 1485 1753 1566 1780; x_wconf 88' lang='lat' dir='ltr'><strong>terris</strong></span> <span class='ocrx_word' id='word_1_623' title='bbox 1578 1761 1584 1778; x_wconf 92' lang='lat'><strong>:</strong></span> <span class='ocrx_word' id='word_1_624' title='bbox 1595 1752 1717 1779; x_wconf 90' lang='lat' dir='ltr'><strong>itaetiam</strong></span> <span class='ocrx_word' id='word_1_625' title='bbox 1727 1752 1785 1787; x_wconf 86' lang='lat' dir='ltr'><strong>epi-</strong></span> 
     </span>
    </p>
   </div>
   <div class='ocr_carea' id='block_1_76' title="bbox 986 1798 1784 1834">
    <p class='ocr_par' dir='ltr' id='par_1_76' title="bbox 986 1798 1784 1834">
     <span class='ocr_line' id='line_1_76' title="bbox 986 1798 1784 1834; baseline -0.003 -8"><span class='ocrx_word' id='word_1_626' title='bbox 986 1799 1073 1834; x_wconf 84' lang='lat' dir='ltr'><strong>scopi,</strong></span> <span class='ocrx_word' id='word_1_627' title='bbox 1091 1799 1138 1834; x_wconf 86' lang='lat' dir='ltr'><strong>qui</strong></span> <span class='ocrx_word' id='word_1_628' title='bbox 1153 1806 1329 1827; x_wconf 81' lang='lat' dir='ltr'><strong>successores</strong></span> <span class='ocrx_word' id='word_1_629' title='bbox 1351 1803 1417 1826; x_wconf 89' lang='lat' dir='ltr'><strong>suut</strong></span> <span class='ocrx_word' id='word_1_630' title='bbox 1438 1798 1574 1833; x_wconf 88' lang='lat' dir='ltr'><strong>Principis</strong></span> <span class='ocrx_word' id='word_1_631' title='bbox 1587 1799 1784 1833; x_wconf 87' lang='lat' dir='ltr'><strong>apostolorum,</strong></span> 
     </span>
    </p>
   </div>
   <div class='ocr_carea' id='block_1_77' title="bbox 987 1844 1785 1882">
    <p class='ocr_par' dir='ltr' id='par_1_77' title="bbox 987 1844 1785 1882">
     <span class='ocr_line' id='line_1_77' title="bbox 987 1844 1785 1882; baseline -0.003 -9"><span class='ocrx_word' id='word_1_632' title='bbox 987 1846 1147 1882; x_wconf 86' lang='lat' dir='ltr'><strong>primariam</strong></span> <span class='ocrx_word' id='word_1_633' title='bbox 1156 1846 1184 1874; x_wconf 84' lang='lat' dir='ltr'><strong>in</strong></span> <span class='ocrx_word' id='word_1_634' title='bbox 1193 1846 1272 1874; x_wconf 87' lang='lat' dir='ltr'><strong>terris</strong></span> <span class='ocrx_word' id='word_1_635' title='bbox 1297 1850 1461 1882; x_wconf 82' lang='lat' dir='ltr'><strong>potestatem</strong></span> <span class='ocrx_word' id='word_1_636' title='bbox 1471 1846 1603 1873; x_wconf 88' lang='lat' dir='ltr'><strong>habeant:</strong></span> <span class='ocrx_word' id='word_1_637' title='bbox 1614 1845 1652 1881; x_wconf 83' lang='lat' dir='ltr'><strong>[et</strong></span> <span class='ocrx_word' id='word_1_638' title='bbox 1662 1844 1785 1880; x_wconf 83' lang='lat' dir='ltr'><strong>quidem]</strong></span> 
     </span>
    </p>
   </div>
   <div class='ocr_carea' id='block_1_78' title="bbox 988 1892 1785 1929">
    <p class='ocr_par' dir='ltr' id='par_1_78' title="bbox 988 1892 1785 1929">
     <span class='ocr_line' id='line_1_78' title="bbox 988 1892 1785 1929; baseline -0.003 -9"><span class='ocrx_word' id='word_1_639' title='bbox 988 1893 1107 1926; x_wconf 85' lang='lat' dir='ltr'><strong>amplius</strong></span> <span class='ocrx_word' id='word_1_640' title='bbox 1127 1901 1210 1928; x_wconf 84' lang='lat' dir='ltr'><strong>quam</strong></span> <span class='ocrx_word' id='word_1_641' title='bbox 1227 1898 1323 1920; x_wconf 82' lang='lat' dir='ltr'><strong>nostra</strong></span> <span class='ocrx_word' id='word_1_642' title='bbox 1340 1893 1519 1929; x_wconf 86' lang='lat' dir='ltr'><strong>imperatoria</strong></span> <span class='ocrx_word' id='word_1_643' title='bbox 1536 1893 1665 1928; x_wconf 72' lang='lat' dir='ltr'><strong>maiestas</strong></span> <span class='ocrx_word' id='word_1_644' title='bbox 1677 1892 1785 1919; x_wconf 85' lang='lat' dir='ltr'><strong>habeat.</strong></span> 
     </span>
    </p>
   </div>
   <div class='ocr_carea' id='block_1_79' title="bbox 988 1938 1788 1975">
    <p class='ocr_par' dir='ltr' id='par_1_79' title="bbox 988 1938 1788 1975">
     <span class='ocr_line' id='line_1_79' title="bbox 988 1938 1788 1975; baseline -0.001 -9"><span class='ocrx_word' id='word_1_645' title='bbox 988 1939 1078 1974; x_wconf 82' lang='lat' dir='ltr'><strong>Atque</strong></span> <span class='ocrx_word' id='word_1_646' title='bbox 1087 1938 1252 1975; x_wconf 69' lang='lat' dir='ltr'><strong>iquuidem]</strong></span> <span class='ocrx_word' id='word_1_647' title='bbox 1262 1946 1426 1966; x_wconf 86' lang='lat' dir='ltr'><strong>concessum</strong></span> <span class='ocrx_word' id='word_1_648' title='bbox 1435 1943 1477 1967; x_wconf 88' lang='lat' dir='ltr'><strong>est</strong></span> <span class='ocrx_word' id='word_1_649' title='bbox 1485 1947 1499 1966; x_wconf 89' lang='lat' dir='ltr'><strong>a</strong></span> <span class='ocrx_word' id='word_1_650' title='bbox 1508 1939 1598 1970; x_wconf 88' lang='lat' dir='ltr'><strong>nobis,</strong></span> <span class='ocrx_word' id='word_1_651' title='bbox 1610 1941 1788 1973; x_wconf 83' lang='lat' dir='ltr'><strong>Angustaque</strong></span> 
     </span>
    </p>
   </div>
   <div class='ocr_carea' id='block_1_80' title="bbox 987 1982 1787 2019">
    <p class='ocr_par' dir='ltr' id='par_1_80' title="bbox 987 1982 1787 2019">
     <span class='ocr_line' id='line_1_80' title="bbox 987 1982 1787 2019; baseline -0.003 -7"><span class='ocrx_word' id='word_1_652' title='bbox 987 1989 1082 2012; x_wconf 88' lang='lat' dir='ltr'><strong>nostra</strong></span> <span class='ocrx_word' id='word_1_653' title='bbox 1092 1984 1208 2019; x_wconf 80' lang='lat' dir='ltr'><strong>conjuge</strong></span> <span class='ocrx_word' id='word_1_654' title='bbox 1218 1991 1226 2011; x_wconf 93' lang='lat'><strong>:</strong></span> <span class='ocrx_word' id='word_1_655' title='bbox 1236 1992 1268 2011; x_wconf 90' lang='lat' dir='ltr'><strong>ac</strong></span> <span class='ocrx_word' id='word_1_656' title='bbox 1280 1984 1445 2012; x_wconf 90' lang='lat' dir='ltr'><strong>volumusut</strong></span> <span class='ocrx_word' id='word_1_657' title='bbox 1458 1985 1516 2019; x_wconf 87' lang='lat' dir='ltr'><strong>ipse</strong></span> <span class='ocrx_word' id='word_1_658' title='bbox 1528 1982 1658 2019; x_wconf 87' lang='lat' dir='ltr'><strong>Princeps</strong></span> <span class='ocrx_word' id='word_1_659' title='bbox 1676 1990 1787 2018; x_wconf 84' lang='lat' dir='ltr'><strong>aposto-</strong></span> 
     </span>
    </p>
   </div>
   <div class='ocr_carea' id='block_1_81' title="bbox 988 2030 1786 2065">
    <p class='ocr_par' dir='ltr' id='par_1_81' title="bbox 988 2030 1786 2065">
     <span class='ocr_line' id='line_1_81' title="bbox 988 2030 1786 2065; baseline 0 -7"><span class='ocrx_word' id='word_1_660' title='bbox 988 2030 1089 2063; x_wconf 86' lang='lat' dir='ltr'><strong>lorum,</strong></span> <span class='ocrx_word' id='word_1_661' title='bbox 1107 2031 1223 2065; x_wconf 83' lang='lat' dir='ltr'><strong>ejusque</strong></span> <span class='ocrx_word' id='word_1_662' title='bbox 1242 2038 1431 2063; x_wconf 85' lang='lat' dir='ltr'><strong>successores,</strong></span> <span class='ocrx_word' id='word_1_663' title='bbox 1447 2038 1481 2058; x_wconf 80' lang='lat' dir='ltr'><strong>ex</strong></span> <span class='ocrx_word' id='word_1_664' title='bbox 1500 2030 1587 2064; x_wconf 80' lang='lat' dir='ltr'><strong>ipsi-is</strong></span> <span class='ocrx_word' id='word_1_665' title='bbox 1599 2038 1714 2065; x_wconf 88' lang='lat' dir='ltr'><strong>persona</strong></span> <span class='ocrx_word' id='word_1_666' title='bbox 1727 2031 1786 2065; x_wconf 89' lang='lat' dir='ltr'><strong>pri-</strong></span> 
     </span>
    </p>
   </div>
   <div class='ocr_carea' id='block_1_82' title="bbox 989 2076 1788 2112">
    <p class='ocr_par' dir='ltr' id='par_1_82' title="bbox 989 2076 1788 2112">
     <span class='ocr_line' id='line_1_82' title="bbox 989 2076 1788 2112; baseline -0.001 -8"><span class='ocrx_word' id='word_1_667' title='bbox 989 2077 1026 2104; x_wconf 91' lang='lat' dir='ltr'><strong>mi</strong></span> <span class='ocrx_word' id='word_1_668' title='bbox 1041 2077 1113 2112; x_wconf 88' lang='lat' dir='ltr'><strong>apud</strong></span> <span class='ocrx_word' id='word_1_669' title='bbox 1128 2077 1212 2104; x_wconf 86' lang='lat' dir='ltr'><strong>Deum</strong></span> <span class='ocrx_word' id='word_1_670' title='bbox 1230 2082 1328 2110; x_wconf 66' lang='lat' dir='ltr'><strong>:patres</strong></span> <span class='ocrx_word' id='word_1_671' title='bbox 1349 2077 1405 2105; x_wconf 87' lang='lat' dir='ltr'><strong>sint</strong></span> <span class='ocrx_word' id='word_1_672' title='bbox 1438 2081 1520 2111; x_wconf 75' lang='lat' dir='ltr'><strong>atque</strong></span> <span class='ocrx_word' id='word_1_673' title='bbox 1552 2076 1725 2104; x_wconf 83' lang='lat' dir='ltr'><strong>defensores.</strong></span> <span class='ocrx_word' id='word_1_674' title='bbox 1753 2077 1788 2104; x_wconf 84' lang='lat' dir='ltr'><strong>Et</strong></span> 
     </span>
    </p>
   </div>
   <div class='ocr_carea' id='block_1_83' title="bbox 988 2122 1785 2159">
    <p class='ocr_par' dir='ltr' id='par_1_83' title="bbox 988 2122 1785 2159">
     <span class='ocr_line' id='line_1_83' title="bbox 988 2122 1785 2159; baseline 0 -9"><span class='ocrx_word' id='word_1_675' title='bbox 988 2122 1222 2159; x_wconf 81' lang='lat' dir='ltr'><strong>quemadmodum</strong></span> <span class='ocrx_word' id='word_1_676' title='bbox 1239 2123 1428 2158; x_wconf 70' lang='lat' dir='ltr'><strong>imperatoriae</strong></span> <span class='ocrx_word' id='word_1_677' title='bbox 1440 2127 1544 2150; x_wconf 62' lang='lat' dir='ltr'><strong>nostrie</strong></span> <span class='ocrx_word' id='word_1_678' title='bbox 1561 2123 1712 2157; x_wconf 82' lang='lat' dir='ltr'><strong>majestatis</strong></span> <span class='ocrx_word' id='word_1_679' title='bbox 1732 2130 1785 2157; x_wconf 72' lang='lat' dir='ltr'><strong>po,-</strong></span> 
     </span>
    </p>
   </div>
   <div class='ocr_carea' id='block_1_84' title="bbox 996 2169 1789 2200">
    <p class='ocr_par' dir='ltr' id='par_1_84' title="bbox 996 2169 1789 2200">
     <span class='ocr_line' id='line_1_84' title="bbox 996 2169 1789 2200; baseline -0.001 -4"><span class='ocrx_word' id='word_1_680' title='bbox 996 2170 1192 2197; x_wconf 84' lang='lat' dir='ltr'><strong>testascolitur</strong></span> <span class='ocrx_word' id='word_1_681' title='bbox 1220 2173 1248 2197; x_wconf 90' lang='lat' dir='ltr'><strong>ct</strong></span> <span class='ocrx_word' id='word_1_682' title='bbox 1267 2170 1418 2196; x_wconf 84' lang='lat' dir='ltr'><strong>honoratur</strong></span> <span class='ocrx_word' id='word_1_683' title='bbox 1446 2177 1454 2196; x_wconf 90' lang='lat'>:</span> <span class='ocrx_word' id='word_1_684' title='bbox 1485 2169 1519 2195; x_wconf 68' lang='lat' dir='ltr'><strong>ita</strong></span> <span class='ocrx_word' id='word_1_685' title='bbox 1539 2169 1689 2200; x_wconf 83' lang='lat' dir='ltr'><strong>sancimus,</strong></span> <span class='ocrx_word' id='word_1_686' title='bbox 1708 2173 1738 2195; x_wconf 85' lang='lat' dir='ltr'><strong>ut</strong></span> <span class='ocrx_word' id='word_1_687' title='bbox 1761 2173 1789 2196; x_wconf 88' lang='lat' dir='ltr'><strong>et</strong></span> 
     </span>
    </p>
   </div>
   <div class='ocr_carea' id='block_1_85' title="bbox 991 2213 1786 2246">
    <p class='ocr_par' dir='ltr' id='par_1_85' title="bbox 991 2213 1786 2246">
     <span class='ocr_line' id='line_1_85' title="bbox 991 2213 1786 2246; baseline -0.004 -4"><span class='ocrx_word' id='word_1_688' title='bbox 991 2219 1086 2242; x_wconf 77' lang='lat' dir='ltr'><strong>sancta</strong></span> <span class='ocrx_word' id='word_1_689' title='bbox 1101 2213 1289 2242; x_wconf 79' lang='lat' dir='ltr'><strong>Romanorum</strong></span> <span class='ocrx_word' id='word_1_690' title='bbox 1310 2214 1433 2242; x_wconf 82' lang='lat' dir='ltr'><strong>Ecclesia</strong></span> <span class='ocrx_word' id='word_1_691' title='bbox 1450 2214 1560 2241; x_wconf 83' lang='lat' dir='ltr'><strong>colatur</strong></span> <span class='ocrx_word' id='word_1_692' title='bbox 1574 2218 1601 2240; x_wconf 91' lang='lat' dir='ltr'><strong>et</strong></span> <span class='ocrx_word' id='word_1_693' title='bbox 1616 2215 1766 2240; x_wconf 85' lang='lat' dir='ltr'><strong>honoretur</strong></span> <span class='ocrx_word' id='word_1_694' title='bbox 1779 2222 1786 2246; x_wconf 88' lang='lat'>;</span> 
     </span>
    </p>
   </div>
   <div class='ocr_carea' id='block_1_86' title="bbox 991 2259 1787 2296">
    <p class='ocr_par' dir='ltr' id='par_1_86' title="bbox 991 2259 1787 2296">
     <span class='ocr_line' id='line_1_86' title="bbox 991 2259 1787 2296; baseline -0.004 -8"><span class='ocrx_word' id='word_1_695' title='bbox 991 2266 1073 2296; x_wconf 85' lang='lat' dir='ltr'><strong>atque</strong></span> <span class='ocrx_word' id='word_1_696' title='bbox 1101 2268 1185 2296; x_wconf 88' lang='lat' dir='ltr'><strong>supra</strong></span> <span class='ocrx_word' id='word_1_697' title='bbox 1213 2268 1296 2296; x_wconf 89' lang='lat' dir='ltr'><strong>quam</strong></span> <span class='ocrx_word' id='word_1_698' title='bbox 1334 2259 1511 2294; x_wconf 87' lang='lat' dir='ltr'><strong>imperatoria</strong></span> <span class='ocrx_word' id='word_1_699' title='bbox 1527 2263 1620 2287; x_wconf 87' lang='lat' dir='ltr'><strong>nostra</strong></span> <span class='ocrx_word' id='word_1_700' title='bbox 1646 2259 1787 2293; x_wconf 83' lang='lat' dir='ltr'><strong>majestas,</strong></span> 
     </span>
    </p>
   </div>
   <div class='ocr_carea' id='block_1_87' title="bbox 139 2304 932 2347">
    <p class='ocr_par' dir='ltr' id='par_1_87' title="bbox 139 2309 932 2347">
     <span class='ocr_line' id='line_1_87' title="bbox 139 2309 932 2347; baseline 0.003 -11"><span class='ocrx_word' id='word_1_701' title='bbox 139 2309 276 2344; x_wconf 84' lang='grc' dir='ltr'>καθέδραν</span> <span class='ocrx_word' id='word_1_702' title='bbox 298 2309 345 2336; x_wconf 78' lang='grc' dir='ltr'>τοῦ</span> <span class='ocrx_word' id='word_1_703' title='bbox 362 2311 439 2344; x_wconf 83' lang='grc' dir='ltr'>ἁγίου</span> <span class='ocrx_word' id='word_1_704' title='bbox 465 2311 568 2346; x_wconf 86' lang='grc' dir='ltr'>Πέτρου</span> <span class='ocrx_word' id='word_1_705' title='bbox 584 2310 755 2344; x_wconf 75' lang='grc' dir='ltr'>δοξάζεσθαι,</span> <span class='ocrx_word' id='word_1_706' title='bbox 779 2311 827 2338; x_wconf 75' lang='grc' dir='ltr'>καὶ</span> <span class='ocrx_word' id='word_1_707' title='bbox 853 2310 932 2347; x_wconf 78' lang='grc' dir='ltr'>ὑψοῦ-</span> 
     </span>
    </p>
   </div>
   <div class='ocr_carea' id='block_1_88' title="bbox 988 2304 1783 2347">
    <p class='ocr_par' dir='ltr' id='par_1_88' title="bbox 992 2306 1783 2343">
     <span class='ocr_line' id='line_1_88' title="bbox 992 2306 1783 2343; baseline -0.005 -7"><span class='ocrx_word' id='word_1_708' title='bbox 992 2314 1187 2343; x_wconf 85' lang='lat' dir='ltr'><strong>terrenumquo</strong></span> <span class='ocrx_word' id='word_1_709' title='bbox 1201 2309 1313 2342; x_wconf 88' lang='lat' dir='ltr'><strong>solium,</strong></span> <span class='ocrx_word' id='word_1_710' title='bbox 1329 2313 1423 2335; x_wconf 85' lang='lat' dir='ltr'><strong>sancta</strong></span> <span class='ocrx_word' id='word_1_711' title='bbox 1438 2307 1518 2335; x_wconf 82' lang='lat' dir='ltr'><strong>sedes</strong></span> <span class='ocrx_word' id='word_1_712' title='bbox 1538 2307 1626 2334; x_wconf 85' lang='lat' dir='ltr'><strong>sancti</strong></span> <span class='ocrx_word' id='word_1_713' title='bbox 1637 2306 1710 2333; x_wconf 82' lang='lat' dir='ltr'><strong>Petri</strong></span> <span class='ocrx_word' id='word_1_714' title='bbox 1724 2306 1783 2332; x_wconf 88' lang='lat' dir='ltr'><strong>lau-</strong></span> 
     </span>
    </p>
   </div>
   <div class='ocr_carea' id='block_1_89' title="bbox 140 2356 937 2393">
    <p class='ocr_par' dir='ltr' id='par_1_89' title="bbox 140 2356 937 2393">
     <span class='ocr_line' id='line_1_89' title="bbox 140 2356 937 2393; baseline 0.004 -11"><span class='ocrx_word' id='word_1_715' title='bbox 140 2357 214 2389; x_wconf 82' lang='grc' dir='ltr'>σθαι,</span> <span class='ocrx_word' id='word_1_716' title='bbox 231 2356 346 2388; x_wconf 86' lang='grc' dir='ltr'>διδόντες</span> <span class='ocrx_word' id='word_1_717' title='bbox 360 2357 429 2393; x_wconf 84' lang='grc' dir='ltr'>αὐτῇ</span> <span class='ocrx_word' id='word_1_718' title='bbox 449 2357 564 2393; x_wconf 80' lang='grc' dir='ltr'>δύναμιν</span> <span class='ocrx_word' id='word_1_719' title='bbox 585 2359 632 2384; x_wconf 79' lang='grc' dir='ltr'>καὶ</span> <span class='ocrx_word' id='word_1_720' title='bbox 651 2357 730 2392; x_wconf 80' lang='grc' dir='ltr'>δόξης</span> <span class='ocrx_word' id='word_1_721' title='bbox 749 2357 868 2393; x_wconf 78' lang='grc' dir='ltr'>ἀξίωμα,</span> <span class='ocrx_word' id='word_1_722' title='bbox 889 2358 937 2385; x_wconf 73' lang='grc' dir='ltr'><strong>καὶ</strong></span> 
     </span>
    </p>
   </div>
   <div class='ocr_carea' id='block_1_90' title="bbox 139 2403 935 2440">
    <p class='ocr_par' dir='ltr' id='par_1_90' title="bbox 139 2403 935 2440">
     <span class='ocr_line' id='line_1_90' title="bbox 139 2403 935 2440; baseline 0.001 -11"><span class='ocrx_word' id='word_1_723' title='bbox 139 2403 327 2438; x_wconf 86' lang='grc' dir='ltr'>διακρίνοντες</span> <span class='ocrx_word' id='word_1_724' title='bbox 349 2404 516 2440; x_wconf 79' lang='grc' dir='ltr'>θεσπίζομεν</span> <span class='ocrx_word' id='word_1_725' title='bbox 539 2404 583 2432; x_wconf 78' lang='grc' dir='ltr'>ἵνα</span> <span class='ocrx_word' id='word_1_726' title='bbox 598 2403 723 2436; x_wconf 78' lang='grc' dir='ltr'>ἐξουσίαν</span> <span class='ocrx_word' id='word_1_727' title='bbox 739 2403 789 2440; x_wconf 73' lang='grc' dir='ltr'><strong>ἔχῃ</strong></span> <span class='ocrx_word' id='word_1_728' title='bbox 806 2404 935 2440; x_wconf 83' lang='grc' dir='ltr'>ἁρχικὴν,</span> 
     </span>
    </p>
   </div>
   <div class='ocr_carea' id='block_1_91' title="bbox 140 2447 935 2486">
    <p class='ocr_par' dir='ltr' id='par_1_91' title="bbox 140 2447 935 2486">
     <span class='ocr_line' id='line_1_91' title="bbox 140 2447 935 2486; baseline 0 -10"><span class='ocrx_word' id='word_1_729' title='bbox 140 2449 190 2476; x_wconf 68' lang='grc' dir='ltr'>καὶ</span> <span class='ocrx_word' id='word_1_730' title='bbox 213 2447 283 2480; x_wconf 85' lang='grc' dir='ltr'>εἶναι</span> <span class='ocrx_word' id='word_1_731' title='bbox 306 2449 409 2485; x_wconf 86' lang='grc' dir='ltr'>ταύτην</span> <span class='ocrx_word' id='word_1_732' title='bbox 433 2450 554 2486; x_wconf 84' lang='grc' dir='ltr'>κεφαλὴν</span> <span class='ocrx_word' id='word_1_733' title='bbox 579 2449 632 2477; x_wconf 87' lang='grc' dir='ltr'><strong>τῶν</strong></span> <span class='ocrx_word' id='word_1_734' title='bbox 653 2449 796 2485; x_wconf 77' lang='grc' dir='ltr'>τεσσάρων</span> <span class='ocrx_word' id='word_1_735' title='bbox 809 2449 935 2484; x_wconf 44' lang='grc' dir='ltr'>ἑθρόνων,</span> 
     </span>
    </p>
   </div>
   <div class='ocr_carea' id='block_1_92' title="bbox 140 2495 935 2532">
    <p class='ocr_par' dir='ltr' id='par_1_92' title="bbox 140 2495 935 2532">
     <span class='ocr_line' id='line_1_92' title="bbox 140 2495 935 2532; baseline 0 -10"><span class='ocrx_word' id='word_1_736' title='bbox 140 2497 201 2531; x_wconf 76' lang='grc' dir='ltr'>ἦτοι</span> <span class='ocrx_word' id='word_1_737' title='bbox 215 2496 262 2522; x_wconf 84' lang='grc' dir='ltr'>τοῦ</span> <span class='ocrx_word' id='word_1_738' title='bbox 283 2495 379 2532; x_wconf 86' lang='grc' dir='ltr'>θρόνου</span> <span class='ocrx_word' id='word_1_739' title='bbox 392 2497 442 2532; x_wconf 80' lang='grc' dir='ltr'>τῆς</span> <span class='ocrx_word' id='word_1_740' title='bbox 463 2495 675 2531; x_wconf 72' lang='grc' dir='ltr'>Ἀλεξανδρείας,</span> <span class='ocrx_word' id='word_1_741' title='bbox 691 2496 741 2531; x_wconf 79' lang='grc' dir='ltr'>τῆς</span> <span class='ocrx_word' id='word_1_742' title='bbox 760 2495 935 2531; x_wconf 79' lang='grc' dir='ltr'>Ἀντιοχείας,</span> 
     </span>
    </p>
   </div>
   <div class='ocr_carea' id='block_1_93' title="bbox 140 2542 936 2579">
    <p class='ocr_par' dir='ltr' id='par_1_93' title="bbox 140 2542 936 2579">
     <span class='ocr_line' id='line_1_93' title="bbox 140 2542 936 2579; baseline -0.001 -10"><span class='ocrx_word' id='word_1_743' title='bbox 140 2542 196 2569; x_wconf 86' lang='grc' dir='ltr'>τῶν</span> <span class='ocrx_word' id='word_1_744' title='bbox 225 2542 431 2579; x_wconf 84' lang='grc' dir='ltr'>Ἱεροσολύμων,</span> <span class='ocrx_word' id='word_1_745' title='bbox 456 2544 503 2570; x_wconf 71' lang='grc' dir='ltr'>καὶ</span> <span class='ocrx_word' id='word_1_746' title='bbox 530 2542 580 2577; x_wconf 82' lang='grc' dir='ltr'>τῆς</span> <span class='ocrx_word' id='word_1_747' title='bbox 610 2542 936 2574; x_wconf 79' lang='grc' dir='ltr'>Κωνσταντινουπόλεως,</span> 
     </span>
    </p>
   </div>
   <div class='ocr_carea' id='block_1_94' title="bbox 141 2579 938 2625">
    <p class='ocr_par' dir='ltr' id='par_1_94' title="bbox 141 2579 938 2625">
     <span class='ocr_line' id='line_1_94' title="bbox 141 2579 938 2625; baseline -0.001 -9"><span class='ocrx_word' id='word_1_748' title='bbox 141 2590 191 2616; x_wconf 76' lang='grc' dir='ltr'>καὶ</span> <span class='ocrx_word' id='word_1_749' title='bbox 219 2589 314 2622; x_wconf 83' lang='grc' dir='ltr'>ἁπλῶς</span> <span class='ocrx_word' id='word_1_750' title='bbox 339 2590 378 2622; x_wconf 81' lang='grc' dir='ltr'><strong>είς</strong></span> <span class='ocrx_word' id='word_1_751' title='bbox 405 2579 544 2622; x_wconf 33' lang='lat' dir='ltr'><strong>suam;</strong></span> <span class='ocrx_word' id='word_1_752' title='bbox 566 2590 729 2625; x_wconf 85' lang='grc' dir='ltr'>Ἐκκλησίας</span> <span class='ocrx_word' id='word_1_753' title='bbox 751 2590 860 2624; x_wconf 73' lang='grc' dir='ltr'>ἁπάσης</span> <span class='ocrx_word' id='word_1_754' title='bbox 887 2588 938 2624; x_wconf 85' lang='grc' dir='ltr'>τῆς</span> 
     </span>
    </p>
   </div>
   <div class='ocr_carea' id='block_1_95' title="bbox 141 2634 936 2671">
    <p class='ocr_par' dir='ltr' id='par_1_95' title="bbox 141 2634 936 2671">
     <span class='ocr_line' id='line_1_95' title="bbox 141 2634 936 2671; baseline -0.003 -8"><span class='ocrx_word' id='word_1_755' title='bbox 141 2635 317 2670; x_wconf 74' lang='grc' dir='ltr'>οἰκουμένης.</span> <span class='ocrx_word' id='word_1_756' title='bbox 334 2635 389 2663; x_wconf 78' lang='grc' dir='ltr'><strong>Καὶ</strong></span> <span class='ocrx_word' id='word_1_757' title='bbox 405 2637 419 2663; x_wconf 83' lang='grc' dir='ltr'><strong><em>ὁ</em></strong></span> <span class='ocrx_word' id='word_1_758' title='bbox 435 2635 585 2666; x_wconf 79' lang='grc' dir='ltr'>ἐπίσκοπος</span> <span class='ocrx_word' id='word_1_759' title='bbox 599 2637 613 2662; x_wconf 87' lang='grc' dir='ltr'>ὁ</span> <span class='ocrx_word' id='word_1_760' title='bbox 631 2636 736 2670; x_wconf 80' lang='grc' dir='ltr'>μέλλων</span> <span class='ocrx_word' id='word_1_761' title='bbox 747 2634 816 2662; x_wconf 76' lang='grc' dir='ltr'>εἶναι</span> <span class='ocrx_word' id='word_1_762' title='bbox 833 2636 873 2667; x_wconf 87' lang='grc' dir='ltr'>εἰς</span> <span class='ocrx_word' id='word_1_763' title='bbox 885 2635 936 2671; x_wconf 82' lang='grc' dir='ltr'>τὴν</span> 
     </span>
    </p>
   </div>
   <div class='ocr_carea' id='block_1_96' title="bbox 141 2677 938 2714">
    <p class='ocr_par' dir='ltr' id='par_1_96' title="bbox 141 2677 938 2714">
     <span class='ocr_line' id='line_1_96' title="bbox 141 2677 938 2714; baseline -0.005 -6"><span class='ocrx_word' id='word_1_764' title='bbox 141 2680 224 2714; x_wconf 82' lang='grc' dir='ltr'>ἁγίαν</span> <span class='ocrx_word' id='word_1_765' title='bbox 235 2680 289 2707; x_wconf 77' lang='grc' dir='ltr'><strong>τῶν</strong></span> <span class='ocrx_word' id='word_1_766' title='bbox 306 2680 452 2714; x_wconf 85' lang='grc' dir='ltr'>Ῥωμαίων</span> <span class='ocrx_word' id='word_1_767' title='bbox 459 2679 624 2714; x_wconf 84' lang='grc' dir='ltr'>Ἐκκλησίαν</span> <span class='ocrx_word' id='word_1_768' title='bbox 638 2679 741 2714; x_wconf 78' lang='grc' dir='ltr'>ὀφείλει</span> <span class='ocrx_word' id='word_1_769' title='bbox 752 2677 823 2706; x_wconf 81' lang='grc' dir='ltr'>εἶναι</span> <span class='ocrx_word' id='word_1_770' title='bbox 833 2678 938 2712; x_wconf 78' lang='grc' dir='ltr'>ἔνδοξος</span> 
     </span>
    </p>
   </div>
   <div class='ocr_carea' id='block_1_97' title="bbox 142 2725 937 2762">
    <p class='ocr_par' dir='ltr' id='par_1_97' title="bbox 142 2725 937 2762">
     <span class='ocr_line' id='line_1_97' title="bbox 142 2725 937 2762; baseline -0.004 -9"><span class='ocrx_word' id='word_1_771' title='bbox 142 2727 191 2754; x_wconf 85' lang='grc' dir='ltr'><strong>καὶ</strong></span> <span class='ocrx_word' id='word_1_772' title='bbox 202 2726 369 2762; x_wconf 77' lang='grc' dir='ltr'>ὑψηλότερος</span> <span class='ocrx_word' id='word_1_773' title='bbox 386 2726 462 2761; x_wconf 78' lang='grc' dir='ltr'>παρὰ</span> <span class='ocrx_word' id='word_1_774' title='bbox 476 2725 583 2757; x_wconf 83' lang='grc' dir='ltr'>πάντας</span> <span class='ocrx_word' id='word_1_775' title='bbox 590 2726 653 2757; x_wconf 86' lang='grc' dir='ltr'>τοὺς</span> <span class='ocrx_word' id='word_1_776' title='bbox 669 2725 804 2760; x_wconf 85' lang='grc' dir='ltr'>ἰερεῖςτοῦ</span> <span class='ocrx_word' id='word_1_777' title='bbox 821 2725 937 2759; x_wconf 76' lang='grc' dir='ltr'>κόσμου,</span> 
     </span>
    </p>
   </div>
   <div class='ocr_carea' id='block_1_98' title="bbox 141 2771 938 2808">
    <p class='ocr_par' dir='ltr' id='par_1_98' title="bbox 141 2771 938 2808">
     <span class='ocr_line' id='line_1_98' title="bbox 141 2771 938 2808; baseline -0.005 -7"><span class='ocrx_word' id='word_1_778' title='bbox 141 2773 190 2801; x_wconf 78' lang='grc' dir='ltr'>καὶ</span> <span class='ocrx_word' id='word_1_779' title='bbox 204 2773 256 2799; x_wconf 81' lang='grc' dir='ltr'>εἴτι</span> <span class='ocrx_word' id='word_1_780' title='bbox 277 2773 336 2800; x_wconf 77' lang='grc' dir='ltr'>ἐστὶ</span> <span class='ocrx_word' id='word_1_781' title='bbox 363 2772 433 2808; x_wconf 85' lang='grc' dir='ltr'>πρὸς</span> <span class='ocrx_word' id='word_1_782' title='bbox 468 2772 617 2807; x_wconf 74' lang='grc' dir='ltr'>θεραπείαν</span> <span class='ocrx_word' id='word_1_783' title='bbox 638 2771 685 2798; x_wconf 78' lang='grc' dir='ltr'><strong>τοῦ</strong></span> <span class='ocrx_word' id='word_1_784' title='bbox 707 2771 786 2804; x_wconf 85' lang='grc' dir='ltr'>Θεοῦ,</span> <span class='ocrx_word' id='word_1_785' title='bbox 799 2771 847 2798; x_wconf 73' lang='grc' dir='ltr'><strong>καὶ</strong></span> <span class='ocrx_word' id='word_1_786' title='bbox 870 2771 938 2806; x_wconf 72' lang='grc' dir='ltr'>πρὸς</span> 
     </span>
    </p>
   </div>
   <div class='ocr_carea' id='block_1_99' title="bbox 141 2819 938 2854">
    <p class='ocr_par' dir='ltr' id='par_1_99' title="bbox 141 2819 938 2854">
     <span class='ocr_line' id='line_1_99' title="bbox 141 2819 938 2854; baseline -0.001 -8"><span class='ocrx_word' id='word_1_787' title='bbox 141 2819 288 2854; x_wconf 84' lang='grc' dir='ltr'>διόρθωσιν</span> <span class='ocrx_word' id='word_1_788' title='bbox 300 2820 348 2846; x_wconf 75' lang='grc' dir='ltr'>καὶ</span> <span class='ocrx_word' id='word_1_789' title='bbox 360 2819 508 2854; x_wconf 78' lang='grc' dir='ltr'>στερέωσιν</span> <span class='ocrx_word' id='word_1_790' title='bbox 521 2819 570 2853; x_wconf 79' lang='grc' dir='ltr'><strong>τῆς</strong></span> <span class='ocrx_word' id='word_1_791' title='bbox 591 2819 710 2849; x_wconf 77' lang='grc' dir='ltr'>πίστεως</span> <span class='ocrx_word' id='word_1_792' title='bbox 737 2819 791 2845; x_wconf 77' lang='grc' dir='ltr'>τῶν</span> <span class='ocrx_word' id='word_1_793' title='bbox 805 2819 938 2854; x_wconf 74' lang='grc' dir='ltr'>Χριστιαι-</span> 
     </span>
    </p>
   </div>
   <div class='ocr_carea' id='block_1_100' title="bbox 142 2864 939 2900">
    <p class='ocr_par' dir='ltr' id='par_1_100' title="bbox 142 2864 939 2900">
     <span class='ocr_line' id='line_1_100' title="bbox 142 2864 939 2900; baseline 0 -9"><span class='ocrx_word' id='word_1_794' title='bbox 142 2865 197 2891; x_wconf 85' lang='grc' dir='ltr'><strong>νῶν</strong></span> <span class='ocrx_word' id='word_1_795' title='bbox 209 2865 253 2891; x_wconf 79' lang='grc' dir='ltr'>ἵνα</span> <span class='ocrx_word' id='word_1_796' title='bbox 268 2865 395 2900; x_wconf 80' lang='grc' dir='ltr'>κρίνηται</span> <span class='ocrx_word' id='word_1_797' title='bbox 412 2865 475 2900; x_wconf 87' lang='grc' dir='ltr'>παρ’</span> <span class='ocrx_word' id='word_1_798' title='bbox 490 2864 584 2891; x_wconf 83' lang='grc' dir='ltr'>αὐτοῦ·</span> <span class='ocrx_word' id='word_1_799' title='bbox 617 2864 722 2891; x_wconf 84' lang='grc' dir='ltr'>δίκαιον</span> <span class='ocrx_word' id='word_1_800' title='bbox 750 2865 805 2900; x_wconf 83' lang='grc' dir='ltr'>γάρ</span> <span class='ocrx_word' id='word_1_801' title='bbox 817 2866 875 2891; x_wconf 79' lang='grc' dir='ltr'>εστι</span> <span class='ocrx_word' id='word_1_802' title='bbox 894 2864 939 2892; x_wconf 76' lang='grc' dir='ltr'>ἶνα</span> 
     </span>
    </p>
   </div>
   <div class='ocr_carea' id='block_1_101' title="bbox 144 2910 936 2948">
    <p class='ocr_par' dir='ltr' id='par_1_101' title="bbox 144 2910 936 2948">
     <span class='ocr_line' id='line_1_101' title="bbox 144 2910 936 2948; baseline 0 -10"><span class='ocrx_word' id='word_1_803' title='bbox 144 2913 235 2939; x_wconf 74' lang='grc' dir='ltr'>ἐκεῖσε</span> <span class='ocrx_word' id='word_1_804' title='bbox 252 2912 266 2937; x_wconf 82' lang='grc' dir='ltr'><strong>ό</strong></span> <span class='ocrx_word' id='word_1_805' title='bbox 292 2911 370 2945; x_wconf 68' lang='grc' dir='ltr'>ἅγιος</span> <span class='ocrx_word' id='word_1_806' title='bbox 388 2913 470 2948; x_wconf 85' lang='grc' dir='ltr'>νόμος</span> <span class='ocrx_word' id='word_1_807' title='bbox 492 2911 540 2947; x_wconf 74' lang='grc' dir='ltr'><strong>ἔχῃ</strong></span> <span class='ocrx_word' id='word_1_808' title='bbox 558 2911 607 2948; x_wconf 80' lang='grc' dir='ltr'>τὴν</span> <span class='ocrx_word' id='word_1_809' title='bbox 628 2910 761 2947; x_wconf 83' lang='grc' dir='ltr'>κεφαλὴν,</span> <span class='ocrx_word' id='word_1_810' title='bbox 778 2911 826 2938; x_wconf 81' lang='grc' dir='ltr'><strong>καὶ</strong></span> <span class='ocrx_word' id='word_1_811' title='bbox 838 2911 936 2947; x_wconf 83' lang='grc' dir='ltr'>ἀρχὴν.</span> 
     </span>
    </p>
   </div>
   <div class='ocr_carea' id='block_1_102' title="bbox 141 2957 937 2994">
    <p class='ocr_par' dir='ltr' id='par_1_102' title="bbox 141 2957 937 2994">
     <span class='ocr_line' id='line_1_102' title="bbox 141 2957 937 2994; baseline -0.003 -8"><span class='ocrx_word' id='word_1_812' title='bbox 141 2960 210 2986; x_wconf 72' lang='grc' dir='ltr'>ὅπου</span> <span class='ocrx_word' id='word_1_813' title='bbox 223 2959 237 2985; x_wconf 68' lang='grc' dir='ltr'>ὁ</span> <span class='ocrx_word' id='word_1_814' title='bbox 254 2957 331 2992; x_wconf 71' lang='grc' dir='ltr'>ἅγιος</span> <span class='ocrx_word' id='word_1_815' title='bbox 344 2958 493 2994; x_wconf 82' lang='grc' dir='ltr'>νομοθέτης</span> <span class='ocrx_word' id='word_1_816' title='bbox 511 2959 524 2985; x_wconf 78' lang='grc' dir='ltr'>ὁ</span> <span class='ocrx_word' id='word_1_817' title='bbox 544 2958 638 2994; x_wconf 74' lang='grc' dir='ltr'>Σωτὴρ</span> <span class='ocrx_word' id='word_1_818' title='bbox 652 2958 731 2994; x_wconf 76' lang='grc' dir='ltr'>ἡμῶν</span> <span class='ocrx_word' id='word_1_819' title='bbox 749 2958 852 2993; x_wconf 72' lang='grc' dir='ltr'>Ἰησοῦς</span> <span class='ocrx_word' id='word_1_820' title='bbox 871 2958 937 2993; x_wconf 75' lang='grc' dir='ltr'>Χρι-</span> 
     </span>
    </p>
   </div>
   <div class='ocr_carea' id='block_1_103' title="bbox 990 2351 1779 2390">
    <p class='ocr_par' dir='ltr' id='par_1_103' title="bbox 990 2351 1779 2390">
     <span class='ocr_line' id='line_1_103' title="bbox 990 2351 1779 2390; baseline -0.005 -8"><span class='ocrx_word' id='word_1_821' title='bbox 990 2356 1083 2388; x_wconf 86' lang='lat' dir='ltr'><strong>dibus,</strong></span> <span class='ocrx_word' id='word_1_822' title='bbox 1095 2355 1253 2383; x_wconf 86' lang='lat' dir='ltr'><strong>cumuletur</strong></span> <span class='ocrx_word' id='word_1_823' title='bbox 1271 2360 1354 2390; x_wconf 87' lang='lat' dir='ltr'><strong>atque</strong></span> <span class='ocrx_word' id='word_1_824' title='bbox 1373 2355 1520 2381; x_wconf 78' lang='lat' dir='ltr'><strong>exaltetur.</strong></span> <span class='ocrx_word' id='word_1_825' title='bbox 1546 2353 1608 2389; x_wconf 84' lang='lat' dir='ltr'><strong>|Ae]</strong></span> <span class='ocrx_word' id='word_1_826' title='bbox 1628 2353 1689 2380; x_wconf 86' lang='lat' dir='ltr'><strong>data</strong></span> <span class='ocrx_word' id='word_1_827' title='bbox 1700 2351 1779 2388; x_wconf 70' lang='lat' dir='ltr'><strong>[jam]</strong></span> 
     </span>
    </p>
   </div>
   <div class='ocr_carea' id='block_1_104' title="bbox 991 2400 1788 2437">
    <p class='ocr_par' dir='ltr' id='par_1_104' title="bbox 991 2400 1788 2437">
     <span class='ocr_line' id='line_1_104' title="bbox 991 2400 1788 2437; baseline -0.003 -9"><span class='ocrx_word' id='word_1_828' title='bbox 991 2403 1041 2437; x_wconf 84' lang='lat' dir='ltr'><strong>ipsi</strong></span> <span class='ocrx_word' id='word_1_829' title='bbox 1059 2406 1208 2436; x_wconf 81' lang='lat' dir='ltr'><strong>potestate,</strong></span> <span class='ocrx_word' id='word_1_830' title='bbox 1229 2402 1436 2437; x_wconf 72' lang='lat' dir='ltr'><strong>maiestatisque</strong></span> <span class='ocrx_word' id='word_1_831' title='bbox 1459 2401 1601 2436; x_wconf 76' lang='lat' dir='ltr'><strong>dignitate,</strong></span> <span class='ocrx_word' id='word_1_832' title='bbox 1624 2400 1788 2428; x_wconf 81' lang='lat' dir='ltr'><strong>conﬁrmato</strong></span> 
     </span>
    </p>
   </div>
   <div class='ocr_carea' id='block_1_105' title="bbox 991 2446 1788 2485">
    <p class='ocr_par' dir='ltr' id='par_1_105' title="bbox 991 2446 1788 2485">
     <span class='ocr_line' id='line_1_105' title="bbox 991 2446 1788 2485; baseline -0.006 -9"><span class='ocrx_word' id='word_1_833' title='bbox 991 2449 1215 2485; x_wconf 85' lang='lat' dir='ltr'><strong>[deindejudicio</strong></span> <span class='ocrx_word' id='word_1_834' title='bbox 1228 2449 1368 2477; x_wconf 87' lang='lat' dir='ltr'><strong>sancimus</strong></span> <span class='ocrx_word' id='word_1_835' title='bbox 1406 2452 1435 2474; x_wconf 89' lang='lat' dir='ltr'><strong>ut</strong></span> <span class='ocrx_word' id='word_1_836' title='bbox 1463 2448 1622 2483; x_wconf 85' lang='lat' dir='ltr'><strong>primariam</strong></span> <span class='ocrx_word' id='word_1_837' title='bbox 1643 2447 1716 2473; x_wconf 89' lang='lat' dir='ltr'><strong>illam</strong></span> <span class='ocrx_word' id='word_1_838' title='bbox 1737 2446 1788 2472; x_wconf 88' lang='lat' dir='ltr'><strong>ha-</strong></span> 
     </span>
    </p>
   </div>
   <div class='ocr_carea' id='block_1_106' title="bbox 991 2493 1786 2531">
    <p class='ocr_par' dir='ltr' id='par_1_106' title="bbox 991 2493 1786 2531">
     <span class='ocr_line' id='line_1_106' title="bbox 991 2493 1786 2531; baseline -0.005 -8"><span class='ocrx_word' id='word_1_839' title='bbox 991 2497 1054 2523; x_wconf 76' lang='lat' dir='ltr'><strong>beat</strong></span> <span class='ocrx_word' id='word_1_840' title='bbox 1070 2501 1244 2531; x_wconf 75' lang='lat' dir='ltr'><strong>potestatem,</strong></span> <span class='ocrx_word' id='word_1_841' title='bbox 1259 2500 1342 2531; x_wconf 86' lang='lat' dir='ltr'><strong>atque</strong></span> <span class='ocrx_word' id='word_1_842' title='bbox 1359 2501 1443 2530; x_wconf 88' lang='lat' dir='ltr'><strong>caput</strong></span> <span class='ocrx_word' id='word_1_843' title='bbox 1459 2495 1495 2523; x_wconf 87' lang='lat' dir='ltr'><strong>sit</strong></span> <span class='ocrx_word' id='word_1_844' title='bbox 1519 2500 1637 2530; x_wconf 86' lang='lat' dir='ltr'><strong>quatuor</strong></span> <span class='ocrx_word' id='word_1_845' title='bbox 1653 2493 1786 2521; x_wconf 78' lang='lat' dir='ltr'><strong>soliorum</strong></span> 
     </span>
    </p>
   </div>
   <div class='ocr_carea' id='block_1_107' title="bbox 991 2539 1787 2575">
    <p class='ocr_par' dir='ltr' id='par_1_107' title="bbox 991 2539 1787 2575">
     <span class='ocr_line' id='line_1_107' title="bbox 991 2539 1787 2575; baseline -0.006 -6"><span class='ocrx_word' id='word_1_846' title='bbox 991 2542 1168 2570; x_wconf 82' lang='lat' dir='ltr'><strong>Alexandrini</strong></span> <span class='ocrx_word' id='word_1_847' title='bbox 1182 2542 1315 2575; x_wconf 86' lang='lat' dir='ltr'><strong>videlicet,</strong></span> <span class='ocrx_word' id='word_1_848' title='bbox 1328 2541 1504 2574; x_wconf 84' lang='lat' dir='ltr'><strong>Antiocheui,</strong></span> <span class='ocrx_word' id='word_1_849' title='bbox 1545 2539 1787 2574; x_wconf 79' lang='lat' dir='ltr'><strong>llierosolymitani</strong></span> 
     </span>
    </p>
   </div>
   <div class='ocr_carea' id='block_1_108' title="bbox 991 2585 1787 2622">
    <p class='ocr_par' dir='ltr' id='par_1_108' title="bbox 991 2585 1787 2622">
     <span class='ocr_line' id='line_1_108' title="bbox 991 2585 1787 2622; baseline -0.006 -7"><span class='ocrx_word' id='word_1_850' title='bbox 991 2587 1324 2622; x_wconf 80' lang='lat' dir='ltr'><strong>etConstantinopolitani</strong></span> <span class='ocrx_word' id='word_1_851' title='bbox 1347 2595 1353 2613; x_wconf 89' lang='lat'>:</span> <span class='ocrx_word' id='word_1_852' title='bbox 1371 2595 1403 2614; x_wconf 87' lang='lat' dir='ltr'><strong>ac</strong></span> <span class='ocrx_word' id='word_1_853' title='bbox 1424 2585 1647 2622; x_wconf 76' lang='lat' dir='ltr'><strong>[vero].l\revi.ter</strong></span> <span class='ocrx_word' id='word_1_854' title='bbox 1663 2585 1787 2612; x_wconf 87' lang='lat' dir='ltr'><strong>omnium</strong></span> 
     </span>
    </p>
   </div>
   <div class='ocr_carea' id='block_1_109' title="bbox 993 2631 1786 2668">
    <p class='ocr_par' dir='ltr' id='par_1_109' title="bbox 993 2631 1786 2668">
     <span class='ocr_line' id='line_1_109' title="bbox 993 2631 1786 2668; baseline -0.005 -7"><span class='ocrx_word' id='word_1_855' title='bbox 993 2635 1176 2662; x_wconf 75' lang='lat' dir='ltr'><strong>Ecelesiarum</strong></span> <span class='ocrx_word' id='word_1_856' title='bbox 1213 2634 1334 2661; x_wconf 82' lang='lat' dir='ltr'><strong>universi</strong></span> <span class='ocrx_word' id='word_1_857' title='bbox 1351 2638 1488 2661; x_wconf 81' lang='lat' dir='ltr'><strong>terrarum</strong></span> <span class='ocrx_word' id='word_1_858' title='bbox 1507 2633 1592 2660; x_wconf 81' lang='lat' dir='ltr'><strong>orbis.</strong></span> <span class='ocrx_word' id='word_1_859' title='bbox 1616 2631 1674 2668; x_wconf 85' lang='lat' dir='ltr'><strong>[Ut]</strong></span> <span class='ocrx_word' id='word_1_860' title='bbox 1703 2631 1786 2658; x_wconf 86' lang='lat' dir='ltr'><strong>etiam</strong></span> 
     </span>
    </p>
   </div>
   <div class='ocr_carea' id='block_1_110' title="bbox 993 2678 1788 2716">
    <p class='ocr_par' dir='ltr' id='par_1_110' title="bbox 993 2678 1788 2716">
     <span class='ocr_line' id='line_1_110' title="bbox 993 2678 1788 2716; baseline -0.004 -9"><span class='ocrx_word' id='word_1_861' title='bbox 993 2681 1040 2716; x_wconf 89' lang='lat' dir='ltr'><strong>qui</strong></span> <span class='ocrx_word' id='word_1_862' title='bbox 1061 2684 1163 2708; x_wconf 68' lang='lat' dir='ltr'><strong>sancta:</strong></span> <span class='ocrx_word' id='word_1_863' title='bbox 1175 2679 1364 2708; x_wconf 80' lang='lat' dir='ltr'><strong>Romanorum</strong></span> <span class='ocrx_word' id='word_1_864' title='bbox 1379 2679 1508 2707; x_wconf 63' lang='lat' dir='ltr'><strong>Ecclesia:</strong></span> <span class='ocrx_word' id='word_1_865' title='bbox 1519 2679 1665 2714; x_wconf 87' lang='lat' dir='ltr'><strong>episcopus</strong></span> <span class='ocrx_word' id='word_1_866' title='bbox 1679 2678 1788 2704; x_wconf 83' lang='lat' dir='ltr'><strong>futurus</strong></span> 
     </span>
    </p>
   </div>
   <div class='ocr_carea' id='block_1_111' title="bbox 992 2720 1786 2761">
    <p class='ocr_par' dir='ltr' id='par_1_111' title="bbox 992 2720 1786 2761">
     <span class='ocr_line' id='line_1_111' title="bbox 992 2720 1786 2761; baseline -0.01 -7"><span class='ocrx_word' id='word_1_867' title='bbox 992 2732 1044 2759; x_wconf 85' lang='lat' dir='ltr'><strong>est,</strong></span> <span class='ocrx_word' id='word_1_868' title='bbox 1062 2726 1199 2761; x_wconf 77' lang='lat' dir='ltr'><strong>gloriosus</strong></span> <span class='ocrx_word' id='word_1_869' title='bbox 1212 2733 1273 2753; x_wconf 79' lang='lat' dir='ltr'><strong>esse</strong></span> <span class='ocrx_word' id='word_1_870' title='bbox 1282 2725 1388 2757; x_wconf 79' lang='lat' dir='ltr'><strong>debeat,</strong></span> <span class='ocrx_word' id='word_1_871' title='bbox 1404 2728 1432 2751; x_wconf 88' lang='lat' dir='ltr'><strong>et</strong></span> <span class='ocrx_word' id='word_1_872' title='bbox 1455 2731 1537 2758; x_wconf 88' lang='lat' dir='ltr'><strong>supra</strong></span> <span class='ocrx_word' id='word_1_873' title='bbox 1561 2729 1658 2750; x_wconf 85' lang='lat' dir='ltr'><strong>omnes</strong></span> <span class='ocrx_word' id='word_1_874' title='bbox 1674 2720 1786 2756; x_wconf 68' lang='lat' dir='ltr'><strong>hamis]</strong></span> 
     </span>
    </p>
   </div>
   <div class='ocr_carea' id='block_1_112' title="bbox 992 2767 1787 2805">
    <p class='ocr_par' dir='ltr' id='par_1_112' title="bbox 992 2767 1787 2805">
     <span class='ocr_line' id='line_1_112' title="bbox 992 2767 1787 2805; baseline -0.01 -4"><span class='ocrx_word' id='word_1_875' title='bbox 992 2773 1088 2801; x_wconf 83' lang='lat' dir='ltr'><strong>mundi</strong></span> <span class='ocrx_word' id='word_1_876' title='bbox 1103 2772 1260 2801; x_wconf 85' lang='lat' dir='ltr'><strong>sacerdotes</strong></span> <span class='ocrx_word' id='word_1_877' title='bbox 1280 2772 1416 2800; x_wconf 77' lang='lat' dir='ltr'><strong>excelsus.</strong></span> <span class='ocrx_word' id='word_1_878' title='bbox 1428 2770 1463 2798; x_wconf 87' lang='lat' dir='ltr'><strong>Ut</strong></span> <span class='ocrx_word' id='word_1_879' title='bbox 1479 2767 1640 2805; x_wconf 78' lang='lat' dir='ltr'><strong>[postremo]</strong></span> <span class='ocrx_word' id='word_1_880' title='bbox 1669 2768 1690 2794; x_wconf 82' lang='lat' dir='ltr'><strong>si</strong></span> <span class='ocrx_word' id='word_1_881' title='bbox 1720 2768 1787 2802; x_wconf 84' lang='lat' dir='ltr'><strong>quid</strong></span> 
     </span>
    </p>
   </div>
   <div class='ocr_carea' id='block_1_113' title="bbox 993 2815 1788 2852">
    <p class='ocr_par' dir='ltr' id='par_1_113' title="bbox 993 2815 1788 2852">
     <span class='ocr_line' id='line_1_113' title="bbox 993 2815 1788 2852; baseline -0.009 -5"><span class='ocrx_word' id='word_1_882' title='bbox 993 2820 1026 2848; x_wconf 84' lang='lat' dir='ltr'><strong>ad</strong></span> <span class='ocrx_word' id='word_1_883' title='bbox 1040 2819 1143 2847; x_wconf 89' lang='lat' dir='ltr'><strong>cultum</strong></span> <span class='ocrx_word' id='word_1_884' title='bbox 1154 2818 1212 2851; x_wconf 81' lang='lat' dir='ltr'><strong>Dei,</strong></span> <span class='ocrx_word' id='word_1_885' title='bbox 1225 2818 1461 2852; x_wconf 84' lang='lat' dir='ltr'><strong>Christianamque</strong></span> <span class='ocrx_word' id='word_1_886' title='bbox 1471 2816 1550 2844; x_wconf 68' lang='lat' dir='ltr'><strong>[idem</strong></span> <span class='ocrx_word' id='word_1_887' title='bbox 1580 2815 1788 2842; x_wconf 85' lang='lat' dir='ltr'><strong>instaurandam</strong></span> 
     </span>
    </p>
   </div>
   <div class='ocr_carea' id='block_1_114' title="bbox 993 2861 1788 2900">
    <p class='ocr_par' dir='ltr' id='par_1_114' title="bbox 993 2861 1788 2900">
     <span class='ocr_line' id='line_1_114' title="bbox 993 2861 1788 2900; baseline -0.008 -6"><span class='ocrx_word' id='word_1_888' title='bbox 993 2875 1026 2894; x_wconf 86' lang='lat' dir='ltr'><strong>ac</strong></span> <span class='ocrx_word' id='word_1_889' title='bbox 1043 2865 1286 2894; x_wconf 72' lang='lat' dir='ltr'><strong>constabilienjam</strong></span> <span class='ocrx_word' id='word_1_890' title='bbox 1309 2865 1454 2900; x_wconf 85' lang='lat' dir='ltr'><strong>pertineal,</strong></span> <span class='ocrx_word' id='word_1_891' title='bbox 1475 2861 1526 2899; x_wconf 81' lang='lat' dir='ltr'><strong>[id]</strong></span> <span class='ocrx_word' id='word_1_892' title='bbox 1540 2862 1575 2890; x_wconf 86' lang='lat' dir='ltr'><strong>ab</strong></span> <span class='ocrx_word' id='word_1_893' title='bbox 1595 2862 1656 2896; x_wconf 83' lang='lat' dir='ltr'><strong>ipso</strong></span> <span class='ocrx_word' id='word_1_894' title='bbox 1687 2861 1788 2896; x_wconf 79' lang='lat' dir='ltr'><strong>dijudi-</strong></span> 
     </span>
    </p>
   </div>
   <div class='ocr_carea' id='block_1_115' title="bbox 994 2905 1785 2944">
    <p class='ocr_par' dir='ltr' id='par_1_115' title="bbox 994 2905 1785 2944">
     <span class='ocr_line' id='line_1_115' title="bbox 994 2905 1785 2944; baseline -0.009 -6"><span class='ocrx_word' id='word_1_895' title='bbox 994 2914 1081 2938; x_wconf 75' lang='lat' dir='ltr'><strong>cetur.</strong></span> <span class='ocrx_word' id='word_1_896' title='bbox 1096 2909 1216 2944; x_wconf 64' lang='lat' dir='ltr'><strong>Equum</strong></span> <span class='ocrx_word' id='word_1_897' title='bbox 1233 2909 1306 2936; x_wconf 87' lang='lat' dir='ltr'><strong>enim</strong></span> <span class='ocrx_word' id='word_1_898' title='bbox 1323 2914 1374 2942; x_wconf 80' lang='lat' dir='ltr'><strong>est,</strong></span> <span class='ocrx_word' id='word_1_899' title='bbox 1389 2913 1418 2935; x_wconf 89' lang='lat' dir='ltr'><strong>ut</strong></span> <span class='ocrx_word' id='word_1_900' title='bbox 1435 2907 1492 2935; x_wconf 88' lang='lat' dir='ltr'><strong>illic</strong></span> <span class='ocrx_word' id='word_1_901' title='bbox 1506 2914 1585 2935; x_wconf 88' lang='lat' dir='ltr'><strong>sacra</strong></span> <span class='ocrx_word' id='word_1_902' title='bbox 1597 2905 1638 2933; x_wconf 81' lang='lat' dir='ltr'><strong>lex</strong></span> <span class='ocrx_word' id='word_1_903' title='bbox 1651 2905 1785 2941; x_wconf 71' lang='lat' dir='ltr'><strong>originem</strong></span> 
     </span>
    </p>
   </div>
   <div class='ocr_carea' id='block_1_116' title="bbox 994 2951 1786 2988">
    <p class='ocr_par' dir='ltr' id='par_1_116' title="bbox 994 2951 1786 2988">
     <span class='ocr_line' id='line_1_116' title="bbox 994 2951 1786 2988; baseline -0.008 -4"><span class='ocrx_word' id='word_1_904' title='bbox 994 2961 1021 2984; x_wconf 88' lang='lat' dir='ltr'><strong>ct</strong></span> <span class='ocrx_word' id='word_1_905' title='bbox 1035 2956 1142 2984; x_wconf 86' lang='lat' dir='ltr'><strong>initium</strong></span> <span class='ocrx_word' id='word_1_906' title='bbox 1155 2959 1257 2988; x_wconf 83' lang='lat' dir='ltr'><strong>sumat,</strong></span> <span class='ocrx_word' id='word_1_907' title='bbox 1274 2955 1320 2982; x_wconf 82' lang='lat' dir='ltr'><strong>ubi</strong></span> <span class='ocrx_word' id='word_1_908' title='bbox 1341 2957 1536 2983; x_wconf 74' lang='lat' dir='ltr'><strong>sacrosanctus</strong></span> <span class='ocrx_word' id='word_1_909' title='bbox 1553 2952 1694 2988; x_wconf 74' lang='lat' dir='ltr'><strong>legislator</strong></span> <span class='ocrx_word' id='word_1_910' title='bbox 1723 2951 1786 2979; x_wconf 51' lang='lat' dir='ltr'><strong>Scr-</strong></span> 
     </span>
    </p>
   </div>
  </div>
