1956 3049
200 264 278 286 valor
287 258 468 287 nosterJesus
484 259 612 287 Christus
632 259 742 287 beatum
763 258 918 293 apostolum
942 256 992 283 Pe-
1010 258 1032 284 Α

202 310 275 332 trum
295 305 387 332 sedem
400 305 525 333 obtinere
537 306 630 341 jussit,
642 305 734 333 crucis
744 305 921 333 alllictionem
929 310 993 331 sus-

201 351 284 378 tinuit
300 351 440 386 beateque
455 352 552 379 mortis
577 351 690 379 calicem
702 351 771 379 bibit
789 355 837 379 εει
855 351 901 378 ubi
925 349 994 386 [ille]

202 398 285 424 etiam
308 397 430 425 imitator
453 397 576 433 Magistri
600 402 684 433 atque
703 397 812 425 Domini
838 397 881 425 sui
904 395 995 424 factus

202 447 255 470 est.
270 442 305 470 Ut
320 442 410 480 [item]
430 443 484 471 illic
494 443 626 471 inclinent
637 448 732 479 gentes
752 443 842 478 capita
863 450 914 470 sua
926 449 991 477 pro-

203 494 264 524 pter
290 488 494 517 confessionem
517 490 637 518 nominis
666 490 780 522 Christi,
814 489 860 517 ubi
886 489 996 516 illarum

201 535 299 562 doctor
320 535 417 563 beatus
440 536 581 572 apostolus
606 536 708 564 Paulus
737 541 852 564 extenso
878 539 993 570 propter

202 581 342 609 Christum
372 582 443 610 collo
473 583 599 617 martyrii
631 589 761 610 coronam
795 582 903 616 accepit
927 590 934 608 :
968 585 999 609 ut

203 627 337 665 [insuper]
350 636 438 663 usque
461 629 495 656 ad
518 629 600 656 [linem
620 629 716 656 mundi
741 627 819 664 [illae]
852 628 994 655 doctorem

201 679 335 708 qum-ant.
355 675 401 702 ubi
429 681 587 702 sanctorum
607 675 669 709 ejus
694 675 818 710 reliquiae
840 675 998 710 quiescunt.

203 721 261 757 [Ad
274 726 429 748 extremum
442 728 506 749 vero
521 720 573 757 ut],
588 728 644 756 quo
658 720 719 748 loco
744 720 863 755 superbo
878 719 916 747 illi
942 719 999 755 regi

201 767 378 799 servivimus,
394 767 488 795 eodem
507 767 600 802 supini
611 775 645 795 ac
660 767 687 794 in
707 771 809 794 terram
820 766 999 802 expansicm-

200 812 278 841 lestis
288 812 371 848 Regis
383 817 410 840 et
426 813 474 840 Dei
486 817 514 840 et
533 812 689 841 Servatoris
708 813 794 841 nostri
811 812 875 841 Jesu
897 813 998 841 Christi

201 859 286 886 oﬂicii
301 859 497 887 deserviamus.
517 859 672 887 ‘Tradimus
696 860 789 895 itaque
804 860 872 895 ipsis
896 860 999 888 sanctis

202 903 335 937 apostolis
349 924 356 936 ,
370 904 457 932 beatis
482 905 601 932 dominis
615 905 683 933 meis
700 905 783 932 Petro
808 910 836 933 et
852 904 949 937 Paulo,
966 912 999 932 ac

201 956 265 985 post
288 950 350 978 illos
374 951 455 978 beato
484 951 637 987 Sylvestro,
663 952 737 981 Patri
767 957 875 986 nostro,
898 960 999 988 magno
1015 939 1037 967 Β

203 996 345 1032 episcopo,
359 1002 387 1025 et
401 998 538 1026 catholico
559 1006 637 1033 papae
649 999 725 1026 urbis
737 998 842 1033 Roman,
858 1000 1001 1028 omnibus-

200 1050 254 1077 que
266 1044 474 1072 successoribus
487 1044 557 1079 ejus,
567 1045 615 1079 qui
627 1045 661 1081 ab
673 1045 807 1073 hodierno
821 1045 878 1081 [die
911 1054 1000 1081 usque

204 1088 240 1116 ad
260 1089 342 1117 ﬁnem
364 1091 458 1118 mundi
483 1091 510 1118 in
527 1091 597 1118 solio
622 1091 694 1118 beati
715 1091 788 1119 Petri
803 1092 999 1127 praesidebunt,

202 1135 411 1170 imperatorium
423 1142 547 1164 nostrum
560 1138 692 1172 palatium
715 1137 911 1172 Lateranense,
926 1139 998 1173 quod

202 1188 314 1217 supcrat
330 1191 413 1218 atque
425 1184 510 1211 vineit
522 1185 606 1211 totius
618 1184 714 1211 mundi
731 1185 851 1219 palatia:
868 1190 997 1220 praeterea

201 1230 284 1257 etiam
303 1230 439 1262 diadema,
454 1230 512 1257 sive
536 1237 667 1258 coronam
689 1231 787 1265 capitis
808 1231 895 1258 nostri
917 1240 923 1258 :
942 1237 997 1258 tum

201 1276 290 1302 lorum
306 1283 416 1311 quoque
430 1281 458 1304 et
474 1277 624 1308 humerale,
642 1277 717 1312 quod
733 1277 916 1311 imperatoriae
934 1285 999 1304 ma-

199 1322 309 1357 jestatis
336 1322 438 1349 collum
467 1322 553 1357 cingit
582 1323 687 1350 :simul
715 1323 798 1350 etiam
827 1331 996 1358 purpuream

201 1367 383 1404 chlamydem,
395 1373 423 1395 et
438 1369 558 1396 tunicam
570 1369 741 1401 coecineam,
751 1369 899 1404 omniaque
910 1370 997 1405 impe-

202 1412 304 1438 ratoria
319 1411 491 1444 indumenta,
504 1420 610 1440 necnon
625 1414 870 1448 imperatoriorum
883 1415 997 1450 jumen-

203 1465 293 1486 torum
317 1459 436 1493 insignia
452 1469 458 1486 ε
473 1460 601 1488 similiter
619 1462 702 1489 etiam
735 1462 912 1497 imperatoria
935 1471 998 1491 sce-

203 1509 275 1538 ptra.
294 1506 386 1533 omnia
405 1506 494 1541 signa,
511 1507 605 1540 banta,
627 1508 788 1544 reliquaque
814 1509 998 1545 imperatoriae

202 1551 355 1585 maiestatis
368 1557 540 1585 ornamenta,
560 1559 586 1580 et
595 1554 725 1588 potentiae
742 1555 860 1590 nostrai"
870 1555 996 1590 gloriam.

202 1597 317 1632 Insuper
332 1599 473 1626 sancimus
498 1599 587 1626 utviri
601 1600 800 1635 religiosissimi
817 1601 907 1628 clerici
925 1602 996 1628 mul-

203 1649 294 1671 torum
309 1644 450 1678 ordinum,
460 1645 506 1679 qui
519 1644 608 1672 eidem
620 1650 721 1673 sanctae
731 1645 859 1673 Romanae
866 1645 996 1675 Ecclesia

201 1690 372 1724 deserviunt,
388 1697 524 1720 ornentur
536 1698 564 1721 et
576 1693 694 1719 habeant
706 1692 779 1720 illam
798 1694 996 1721 sublimitatem

202 1741 230 1763 et
247 1737 478 1772 magniﬁcentiam
495 1746 550 1771 qua
567 1743 682 1766 ornatus
701 1744 744 1765 est
761 1746 877 1774 magnus
901 1744 997 1768 noster

204 1787 329 1814 senatus,
344 1782 452 1817 patricii
478 1790 587 1818 nempe,
615 1787 643 1810 et
663 1783 804 1815 consules.
831 1788 859 1811 et
885 1784 997 1819 reliquas

201 1829 358 1863 dignitates.
375 1828 409 1856 Et
423 1830 682 1867 [quemadmodum]
698 1831 848 1866 imperialis
859 1832 997 1860 exercitus

202 1871 317 1902 ornatus
328 1880 370 1902 est
385 1883 392 1902 ἒ
425 1877 461 1902 ita
475 1876 618 1904 sancimus
644 1883 674 1904 ιιι
695 1883 721 1905 et
734 1883 837 1908 sanctae
864 1877 996 1905 Romanae

203 1921 333 1949 Ecclesiae
352 1922 443 1949 clerus
456 1927 581 1950 ornetur.
603 1923 645 1950 Al
665 1924 723 1951 haec
739 1932 794 1958 quo
816 1925 898 1952 modo
913 1925 999 1960 impe-

205 1969 305 1997 ratoria
331 1973 453 2004 potestas
474 1970 568 1997 multis
589 1970 685 1998 olliciis
704 1976 864 2004 exornatur.
883 1973 997 2001 cubicu-

203 2013 292 2046 lariis,
307 2014 430 2042 ostiariis
455 2019 483 2042 et
497 2015 706 2043 excubitoribus
723 2016 763 2043 sic
774 2017 857 2043 etiam
871 2022 995 2045 sanctam

202 2059 393 2089 Romanorum
431 2061 583 2090 Ecclesiam
618 2063 748 2090 exornari
783 2064 923 2091 volumus.
962 2064 999 2091 At

204 2106 294 2142 [verol
311 2112 340 2135 ut
358 2108 525 2144 episcopalis
553 2109 682 2144 splendor
696 2109 733 2144 ⁵ίη
750 2110 880 2137 omnibus
895 2110 997 2145 praelu-

204 2159 273 2185 ceat.
286 2155 367 2181 etiam
384 2155 436 2182 hoc
452 2155 592 2183 sancimus
618 2160 648 2182 ut
661 2155 754 2182 clerici
768 2161 872 2183 sancta:
893 2155 998 2183 Roma-

206 2207 305 2226 norum
330 2199 460 2227 Ecclesize
474 2200 598 2227 caballos
624 2200 753 2226 candidis
768 2199 860 2227 linteis
883 2204 998 2228 ornatos

209 2247 344 2280 equitem,
360 2251 387 2273 et
401 2246 632 2281 quemadmodum
649 2248 762 2274 senatus
789 2251 885 2274 noster
900 2247 1001 2274 calcia-

206 2296 296 2318 menta
328 2291 386 2319 sive
407 2291 544 2325 sandalia,
577 2300 610 2320 ex
644 2293 736 2320 linteis
760 2293 876 2320 candida
899 2298 999 2328 gestat,

205 2337 254 2374 [ita
264 2339 346 2364 etiam
361 2338 399 2365 illi
417 2347 424 2365 :
445 2337 484 2375 ut]
501 2339 596 2366 eodem
616 2339 698 2366 modo
711 2339 845 2372 cmlestia,
869 2347 924 2373 quo
943 2343 1000 2366 ter-

203 2385 300 2416 restia,
315 2385 348 2415 ad
359 2384 468 2414 laudem
486 2384 533 2412 Dei
556 2384 716 2422 [spectrnL]
735 2386 826 2421 Supra
847 2386 941 2412 omnia
973 2386 1000 2412 in

206 2431 338 2459 honorem
363 2436 391 2459 et
402 2431 516 2466 gloriam
547 2431 635 2466 ipsius
653 2432 763 2463 Domini
793 2437 821 2460 et
843 2432 1001 2460 Servatoris

205 2480 291 2506 nostri
307 2478 372 2506 Jesu
390 2479 505 2512 Christi,
526 2480 576 2514 ipsi
598 2480 778 2508 sanctissimo
800 2479 877 2506 Patri
900 2484 998 2507 nostro

206 2525 347 2558 Sylvestro
358 2526 489 2561 episcopo
500 2532 527 2554 et
547 2534 623 2562 papa
638 2527 716 2554 urbis
731 2526 835 2558 Romae,
853 2526 1001 2554 omnibus-

208 2578 262 2605 que
277 2570 487 2599 successoribus
506 2571 566 2607 ejus
581 2572 669 2600 beatis
681 2572 829 2607 episcopis,
851 2571 879 2599 in
905 2571 1000 2599 eadem

205 2625 303 2652 magna
313 2622 396 2653 atque
413 2618 564 2654 apostolica
575 2618 705 2646 Ecclesia
721 2622 885 2654 potestatem
903 2619 1002 2645 damus

204 2672 236 2691 ac
248 2665 439 2699 concedimus,
457 2670 487 2693 ut
503 2666 526 2694 si
548 2666 611 2701 quis
625 2674 657 2694 ex
677 2672 774 2694 senatu
793 2670 890 2701 suapte
904 2669 1002 2700 sponte

206 2718 237 2737 ac
249 2710 351 2738 libente
367 2711 508 2740 voluntate
521 2712 643 2740 clericus
658 2712 727 2745 ﬁeri,
744 2719 917 2746 nmneroque
928 2719 941 2739 s
950 2719 1000 2738 an-

203 2764 311 2786 ctorum
328 2759 491 2787 clericorum
506 2761 646 2788 numerari
671 2760 746 2793 velit,
770 2760 860 2787 nullus
878 2760 999 2787 omnium

203 2805 244 2832 illi
260 2805 456 2840 impedimento
482 2815 545 2835 esse
568 2809 677 2836 audeat.
705 2807 880 2835 Saucivimus
894 2807 928 2835 ad
945 2807 1002 2835 haec

201 2855 266 2878 utr'
295 2861 343 2887 pse
356 2854 417 2888 pius
437 2853 519 2881 Pater
534 2859 627 2882 noster
641 2855 781 2890 Sylvester
799 2862 916 2890 magnus
943 2855 1002 2889 cpi-

206 2905 316 2932 scopus,
330 2904 357 2926 et
375 2908 472 2928 omnes
485 2901 607 2936 episcopi
626 2908 803 2929 successores
820 2901 890 2935 ejus,
909 2906 1001 2936 gesta-

205 2948 265 2972 rent
278 2944 402 2973 diadema
414 2947 473 2975 sive
493 2954 623 2976 coronant
637 2956 669 2976 ex
686 2956 755 2984 puro
775 2947 865 2984 [puto]
890 2955 958 2975 auro
974 2953 1001 2976 ct

782 200 915 232 I‘HOTII
940 199 1196 230 PATRIARCIL‘E
1212 200 1266 230 CP.

1779 199 1842 232 1080

1047 254 1109 285 στὸς
1129 255 1175 281 τὸν
1194 255 1333 290 μακάριον
1347 254 1498 281 ἀπόστολον
1511 254 1615 290 Πέτρον
1633 253 1760 281 ἐκέλευσε
1779 264 1843 292 κρα-

1047 301 1103 326 τεῖν
1110 300 1158 336 τὴν
1165 301 1361 337 καθέδραν,καὶ
1368 301 1436 328 ὅπου
1444 301 1475 327 τὺ
1485 300 1617 333 πάθος-τοῦ
1627 301 1743 337 σταυροῦ
1752 301 1842 336 ἔπαθε,

1049 347 1097 374 καὶ
1113 347 1250 383 μακαρίου
1271 347 1388 374 θανάτου
1404 348 1536 382 ποτήριον
1561 347 1633 380 ἔπιε,
1661 348 1709 374 καὶ
1739 348 1843 381 ἐγένετο

1049 394 1097 420 τοῦ
1106 394 1262 430 Μαῖστορος
1280 393 1427 426 ἀκόλουθος
1439 394 1487 421 καὶ
1501 394 1605 430 Κυρίου
1620 394 1714 427 αὐτοῦ,
1730 395 1777 421 καὶ
1791 396 1845 422 ἐκεῖ

1051 439 1086 466 τὰ
1099 439 1163 475 ἔθνη
1185 440 1229 468 ἵνα
1260 440 1374 467 κλίνωσι
1405 441 1456 472 τὰς
1481 440 1604 474 κεφαλὰς
1626 440 1717 468 αὐτῶν
1737 441 1781 468 διὰ
1798 441 1844 476 τὴν

1052 485 1250 521 ἐξομολόγησιν
1271 486 1320 513 τοῦ
1334 486 1469 521 ὀνόματος
1491 486 1539 513 τοῦ
1552 486 1684 522 Χριστοῦ,
1699 487 1766 514 ὅπου
1783 488 1797 514 ὁ
1808 487 1845 514 δι-

1051 531 1186 563 δάσκαλος
1202 531 1293 559 αὐτῶν
1314 532 1328 558 ό
1355 532 1491 567 μακάριος
1511 532 1659 564 ἀπόστολος
1677 533 1782 565 Παῦλος
1806 533 1845 560 διὰ

1057 579 1104 605 τὸν
1119 579 1239 614 Χριστὸν
1269 578 1394 611 ἐκτείνας
1421 579 1468 606 τὸν
1493 579 1630 615 τράχηλον
1650 581 1783 615 στέφανον
1801 580 1845 608 τοῦ

1055 624 1207 660 μαρτυρίου
1222 624 1342 658 ἐδέξατο,
1360 625 1409 652 καὶ
1431 625 1485 657 ἕως
1501 625 1549 652 τοῦ
1562 625 1657 658 τέλους
1678 625 1727 652 τοῦ
1743 626 1842 662 κόσμου

1055 670 1099 696 ῐνα
1116 670 1290 706 ἁναζητῶσιν
1314 671 1382 698 ὅπου
1406 671 1440 698 τὰ
1461 671 1516 698 τῶν
1537 671 1623 707 ἁγίων
1638 672 1721 699 αὐτοῦ
1738 672 1846 708 λείψανα

1053 717 1251 749 ἀναπαύονται,
1264 718 1313 745 καὶ
1331 719 1390 745 ἐκεῖ
1406 718 1564 751 ὖπτιοι,καὶ
1577 720 1618 751 είς
1630 720 1680 754 τὴν
1693 718 1748 754 γῆν
1760 716 1847 754 ήπλω-

1055 764 1131 800 μὲνοι
1157 765 1206 792 τοῦ
1225 766 1367 802 οὐρανίου,
1383 767 1431 793 καὶ
1457 766 1601 802 βασιλέως,
1624 767 1673 793 καὶ
1700 767 1782 799 Θεοῦ,
1804 767 1848 793 καὶ

1053 811 1180 846 Σωτῆρος
1197 811 1284 847 Ἰησοῦ
1304 812 1426 848 Χριστοῦ
1449 812 1613 849 δουλεύομεν
1644 813 1764 848 όφφίκια
1783 814 1848 840 ὅπου

1052 856 1253 891 ὲδουλεύσαμεν
1266 856 1305 893 τῷ
1319 858 1490 894 ὑπερηφάνῳ
1501 859 1600 894 ἐκείνῳ
1623 858 1741 894 βασιλεῖ.
1759 860 1849 894 Παρα-

1051 902 1178 937 διδόαμεν
1187 902 1235 929 οῦν
1252 903 1345 936 αὐτοῖς
1354 905 1412 937 τοῖς
1429 904 1520 939 ἀγίοις
1538 904 1701 935 ἀποστόλοις
1719 906 1777 937 τοῖς
1796 913 1846 940 μα-

1052 949 1161 984 καρίοις
1180 949 1286 985 κυρίοις
1302 959 1353 985 μου
1366 951 1405 986 τῷ
1420 951 1529 987 Πέτρῳ,
1544 951 1593 978 καὶ
1609 951 1648 986 τῷ
1669 950 1780 987 Παύλῳ,
1802 951 1848 978 καὶ

1054 995 1112 1030 μετ’
1127 996 1227 1028 αὐτοὺς
1241 995 1280 1031 τῷ
1294 996 1423 1032 μακαρίῳ
1433 997 1598 1033 Σιλϐέστρῳ,
1615 997 1663 1024 καὶ
1673 998 1763 1034 Πατρὶ
1774 997 1850 1033 ἡμῶν

1050 1041 1091 1077 τῷ
1111 1042 1224 1078 μεγάλῳ
1236 1042 1382 1078 ὲπισκόπῳ
1404 1042 1545 1078 καθολικῷ
1575 1042 1656 1079 πάπᾳ
1674 1044 1728 1079 τῆς
1749 1043 1850 1075 πόλεως

1056 1088 1179 1125 Ῥώμης,
1189 1089 1237 1116 καὶΙ
1247 1089 1316 1116 πᾶσι
1342 1090 1399 1121 τοῖς
1419 1088 1554 1125 διαδόχοις
1565 1089 1661 1122 αὑτοῦ,
1675 1090 1780 1122 οἵτινες
1794 1090 1846 1122 ἓως

1050 1134 1099 1162 τοῦ
1114 1135 1212 1166 τέλους
1226 1134 1274 1162 τοῦ
1289 1135 1395 1171 κόσμου
1405 1135 1532 1171 μέλλουσι
1546 1136 1742 1172 προκαθῆσθαι
1753 1137 1794 1168 είς
1807 1136 1854 1163 τὴν

1051 1182 1146 1217 θρόνον
1160 1182 1209 1209 τοῦ
1226 1181 1363 1217 μακαρίου
1393 1182 1499 1217 Πέτρου
1526 1183 1581 1209 ἀπὸ
1605 1182 1659 1217 τῆς
1683 1183 1807 1218 σήμερον
1821 1182 1849 1209 τὺ

1050 1229 1185 1264 ἡμέτερον
1205 1229 1346 1264 βασιλικὸν
1378 1229 1514 1256 παλάτιον
1556 1229 1586 1256 τὸ
1600 1229 1804 1265 Λατερανέσιον
1821 1228 1850 1255 τὺ

1050 1275 1215 1311 ὑπερὸαἴνον
1235 1275 1282 1302 καὶ
1295 1275 1451 1310 ὑπερνικῶν
1481 1275 1517 1302 ⁸ιά
1543 1275 1594 1302 ὅλα
1607 1275 1655 1302 τοῦ
1676 1276 1782 1311 κόσμου
1798 1283 1848 1301 πα-

1050 1321 1140 1349 λάτια.
1162 1321 1221 1348 Ἐπ’
1237 1322 1331 1348 ἐκεῖνα
1350 1321 1379 1348 δὲ
1392 1322 1442 1348 καὶ
1455 1321 1485 1348 τὸ
1496 1321 1618 1357 διάδημα
1641 1321 1705 1357 ἦτοι
1729 1321 1776 1349 τὸν
1794 1321 1849 1347 ολτὲ-

1050 1378 1135 1404 φανον
1154 1370 1206 1405 τῆς
1221 1370 1345 1405 κεφαλῆς
1359 1371 1464 1406 ήμῶν,²
1483 1370 1542 1405 ἅμα
1565 1369 1617 1396 -καὶ
1631 1370 1678 1396 τὸν
1696 1369 1786 1406 λῶρον
1805 1369 1847 1396 καὶ

1049 1415 1080 1442 τὸ
1090 1415 1248 1450 ὼμοφόριον
1261 1415 1332 1451 ὅπερ
1356 1414 1521 1450 περικυκλοί
1542 1414 1590 1441 τὸν
1621 1414 1768 1450 βασιλικὸν
1784 1414 1847 1449 τρά-

1050 1462 1144 1497 χηλον,
1160 1462 1219 1496 ἃμα
1236 1462 1265 1488 δὲ
1289 1462 1336 1488 καὶ
1358 1461 1505 1497 πορφυράν
1530 1460 1666 1497 χλαμύδα,
1690 1461 1740 1488 καὶ
1752 1461 1848 1495 χιτῶνα

1050 1507 1187 1538 κόκκινον,
1200 1507 1248 1534 καὶ
1262 1508 1352 1534 πάντα
1362 1507 1398 1533 τὰ
1415 1507 1544 1542 βασιλικὰ
1556 1506 1699 1541 ἐνδύματα
1715 1507 1764 1534 καὶ
1777 1505 1850 1539 ἀξιώ-

1052 1563 1125 1589 ματα
1144 1553 1198 1581 τῶν
1213 1553 1364 1589 βασιλικῶν
1376 1553 1493 1588 ἀλόγων,
1504 1553 1605 1588 ὁμοίως
1620 1554 1713 1580 καὶτὰ
1728 1553 1850 1589 βασιλικὰ

1052 1602 1191 1636 σκῆπτρα,
1220 1600 1268 1627 καὶ
1288 1601 1379 1627 πάντα
1399 1602 1434 1626 τά
1460 1600 1553 1634 σίγνα,
1572 1599 1670 1626 καὶτὰ
1686 1600 1785 1633 βάντα,
1807 1599 1850 1626 καὶ

1053 1646 1088 1672 τὰ
1103 1645 1185 1672 λοιπά
1209 1646 1378 1680 κοσμήματα
1391 1645 1442 1680 τῆς
1467 1645 1610 1680 βασιλικῆς
1627 1645 1848 1680 μεγαλειότητος,

1054 1693 1102 1721 καὶ
1114 1693 1164 1728 τὴν
1179 1692 1259 1724 δόξαν
1273 1692 1325 1726 τῆς
1345 1692 1426 1728 ἡμῶν
1441 1691 1567 1725 ἐξουσίας
1581 1692 1684 1727 ἄνδρας
1699 1701 1730 1719 τε
1745 1691 1851 1719 εὐσεϐε-

1055 1740 1170 1769 στάτους
1186 1739 1336 1775 κληρικοὺς
1367 1738 1474 1765 πολλῶν
1500 1738 1606 1771 τάξεων
1632 1739 1665 1773 τῇ
1701 1738 1771 1772 αὐτῇ
1790 1738 1851 1773 ἁγίᾳ

1061 1786 1203 1821 Ῥωμαϊκῇ
1256 1785 1409 1820 Ἐκκλησίᾳ
1456 1784 1636 1816 δουλεύοντας
1688 1784 1852 1819 θεσπίζομεν

1056 1831 1229 1867 κοσμεῖσθαι,
1246 1832 1294 1858 καὶ
1307 1831 1380 1866 ἔχειν
1404 1831 1514 1865 ἐκείνην
1539 1831 1589 1867 τὴν
1619 1831 1780 1866 ὑψηλότητα
1807 1830 1852 1857 καὶ

1057 1877 1264 1914 μεγαλωσύνην,
1295 1877 1329 1913 ἢν
1348 1878 1549 1913 κεκόσμηταιὴ
1571 1877 1679 1913 μεγάλη
1701 1877 1852 1912 σύγκλητος

1054 1923 1147 1958 ὴμῶν,
1173 1923 1233 1958 ἦτοι
1258 1924 1282 1950 οί
1310 1923 1462 1958 πατρίκιοι,
1484 1923 1533 1950 καὶ
1549 1924 1573 1950 oi
1591 1923 1745 1955 κόνσουλοι,
1759 1922 1852 1958 ῆτοιοί

1055 1969 1166 2002 ὕπατοι,
1179 1971 1228 1997 καὶ
1240 1970 1274 1996 τὰ
1294 1970 1375 1996 λοιπὰ
1387 1969 1544 2005 ἀξιώματα,
1567 1970 1614 1996 καὶ
1639 1970 1678 2002 ὠς
1693 1971 1710 2005 ἡ
1726 1969 1851 2005 βασιλικὴ

1055 2017 1172 2052 στρατιὰ
1194 2017 1376 2052 κεκόσμηται,
1401 2016 1473 2043 οὕτω
1499 2016 1667 2051 θεσπίζομεν
1692 2015 1852 2051 κοσμεῖσθαι

1056 2063 1160 2091 καὶτὸν
1171 2063 1273 2099 κλῆρον
1284 2063 1335 2098 τῆς
1347 2063 1429 2097 ἀγίας
1445 2063 1590 2098 Ῥωμαίων
1609 2063 1786 2098 Ἐκκλησίας.
1798 2062 1851 2088 Καὶ

1056 2107 1112 2137 οἷον
1141 2110 1242 2145 τρόπον
1265 2109 1283 2144 ὴ
1311 2108 1439 2144 βασιλικὴ
1465 2108 1582 2143 δύναμις
1593 2107 1639 2134 διὰ
1655 2107 1763 2134 πολλῶν
1774 2107 1850 2140 ὁφφι-

1056 2158 1124 2185 κίων
1142 2156 1325 2191 κεκόσμηται,
1342 2155 1403 2191 ἦτοι
1431 2154 1662 2189 κουὸικυλαρίων,
1684 2153 1848 2189 πορταρίων,

1057 2203 1233 2237 ὲξκουσὶτων,
1267 2202 1340 2229 οὕτω
1364 2203 1411 2229 καὶ
1435 2202 1485 2238 τὴν
1515 2201 1598 2236 ἁγίαν
1615 2201 1672 2229 τῶν
1706 2201 1847 2236 Ῥωμαίων

1063 2250 1228 2286 Ἐκκλησίαν
1243 2249 1406 2284 κοσμεῖσθαι
1417 2248 1543 2287 θέλομεςν,
1564 2248 1611 2275 καὶ
1636 2249 1681 2275 ἴνα
1696 2248 1767 2275 κατά
1782 2246 1848 2273 πλάρ

1018 2313 1040 2341 υ
1055 2306 1102 2329 τος
1114 2297 1144 2323 τὸ
1164 2296 1344 2324 ὲπιςκοπικὸν
1360 2295 1419 2330 φῶς
1431 2295 1611 2332 ὑπερλάμπῃ,
1630 2295 1796 2330 θεσπίζομεν
1804 2293 1849 2320 καὶ

1053 2342 1143 2375 τοῦτο,
1157 2343 1202 2369 ἴνα
1216 2343 1241 2369 οί
1250 2342 1378 2377 κληρικοὶ
1389 2342 1438 2377 τῆς
1449 2343 1529 2376 ἁγίας
1538 2341 1682 2376 Ῥωμαίων
1690 2341 1850 2376 Ἐκχλησίας

1054 2389 1276 2417 καόαλικεύωσιν
1289 2389 1375 2423 ἄλογα
1391 2389 1589 2424 κεκοσμημένα
1601 2389 1646 2415 διὰ
1665 2389 1777 2415 ὀθονίων
1790 2388 1850 2413 λευ-

1057 2436 1125 2463 κῶν.
1151 2436 1206 2463 Καὶ
1222 2435 1287 2470 ὠςή
1304 2436 1427 2470 ἡμετέρα
1441 2435 1596 2471 σύγκλητος
1608 2436 1692 2471 φορεῖ
1704 2435 1845 2469 ὑποδήμα-

1054 2492 1099 2516 τα,
1116 2484 1176 2519 ἦτοι
1188 2482 1317 2510 σανδάλια
1333 2482 1417 2509 λευκὰ
1448 2482 1492 2509 διὰ
1517 2482 1640 2515 ὀθονίων,
1664 2481 1738 2508 οὕτω
1759 2481 1806 2508 καὶ
1816 2479 1849 2506 τὰ

1053 2531 1177 2565 οὺρὰνισ,
1204 2529 1242 2561 ὡς
1272 2530 1319 2557 καὶ
1350 2530 1384 2556 τὰ
1410 2529 1492 2564 γήϊνα
1508 2528 1577 2563 πρὸς
1591 2528 1697 2555 αἴνεσιν
1708 2527 1755 2555 τοῦ
1770 2526 1847 2553 Θεοῦ.

1060 2576 1205 2603 Ἐπέκεινα
1221 2575 1249 2604 δὲ
1267 2577 1377 2603 πάντων
1390 2576 1520 2611 διδόαμεν
1538 2575 1642 2606 ἄδειαν,
1659 2575 1708 2602 καὶ
1722 2581 1849 2610 παραχω-

1054 2622 1155 2658 ροῦμεν
1178 2622 1255 2658 αὺτῴ
1275 2622 1314 2658 τῷ
1329 2622 1474 2657 ἁγιωτάτῳ
1500 2621 1589 2658 Πατρὶ
1610 2621 1691 2656 ἡμῶν
1707 2620 1746 2655 τῷ
1759 2619 1847 2646 Σιλϐέ-

1054 2677 1129 2704 στρῳ
1141 2668 1285 2703 ὲπισκόπῳ
1302 2668 1350 2695 καὶ
1376 2668 1457 2703 πάπᾳ
1473 2669 1524 2703 τῆς
1545 2667 1649 2698 πόλεως
1671 2667 1790 2702 Ῥώμης,
1803 2663 1848 2691 καὶ

1051 2717 1122 2743 πᾶσι
1151 2717 1208 2748 τοϊς
1239 2715 1373 2751 διαδόχοις
1395 2715 1558 2746 ἐπισκόποις
1585 2713 1737 2750 ὀρθοδόξοις
1759 2720 1845 2748 μακα-

1054 2762 1122 2797 ρίοις
1136 2762 1176 2794 είς
1191 2762 1275 2797 τιμὴν
1292 2762 1340 2787 καὶ
1362 2761 1442 2794 δόξαν
1459 2761 1506 2788 τοῦ
1534 2760 1649 2796 Κυρίου,
1661 2760 1711 2785 καὶ
1726 2758 1847 2792 Σωτῆρος

1053 2808 1133 2843 ἡμῶν
1153 2807 1242 2843 Ἰησοῦ
1268 2808 1389 2844 Χριστοῦ
1411 2809 1452 2840 εἰς
1472 2807 1521 2843 τὴν
1557 2807 1642 2841 αὐτὴν
1664 2804 1787 2840 μεγάλην
1803 2802 1847 2829 καὶ

1052 2854 1237 2890 ἀποστολικὴν
1253 2854 1429 2891 Ἐκκλησίαν,
1447 2855 1491 2881 ἵνα
1507 2853 1554 2881 ἐάν
1570 2861 1613 2885 τις
1626 2852 1677 2886 τῆς
1696 2850 1844 2885 συγκλήτου

1053 2900 1172 2936 βουληθῇ
1191 2901 1260 2935 μετά
1281 2901 1347 2927 ἰδίου
1365 2900 1530 2936 θελήματος,
1544 2899 1592 2926 καὶ
1611 2897 1759 2933 εὐαρέστου
1773 2893 1845 2929 γενέ-

1053 2947 1114 2975 σθαι
1129 2947 1270 2984 κληριῖιὺς,
1288 2949 1335 2979 καὶ
1358 2949 1385 2974 ἐν
1399 2946 1437 2982 τῷ
1450 2945 1560 2982 ἀριθμῷ
1579 2944 1632 2973 τῶν
1647 2944 1734 2978 ἁγίων
1753 2941 1843 2976 κληρι“
