1956 3049
133 201 200 234 1081

637 201 881 232 NOMOCANON.
901 214 931 220 —
954 201 1030 233 TIT.
1044 198 1224 239 VIII,'CAP.
1244 202 1270 233 Ι.

1712 201 1781 235 1082

130 259 188 286 κῶν
205 260 446 296 συναριθμεῖσθαι,
467 260 504 296 μή
529 268 572 292 τις
585 259 674 295 τολμᾷ
687 259 742 286 ἀπὸ
756 260 867 287 πάντων
880 260 919 294 ἐμ·

982 259 1222 287 inaastimabilibus
1257 258 1415 295 margaritis
1437 258 1626 296 [confectam],
1640 267 1723 295 quam
1746 270 1780 289 ex

129 306 361 343 ποδίζειντούτῳ.
385 307 590 342 Ἐθεσπίσαμεν
616 306 645 333 δὲ
673 307 720 334 καὶ
739 307 808 342 πρὸς
824 307 931 338 τούτοις

130 352 174 379 ἵνα
190 353 237 379 καὶ
251 353 351 384 caeca;
361 353 493 389 θεοσεϐὴς
505 352 597 388 πατὴρ
613 352 692 389 ἡμῶν
701 352 863 388 Σίλϐεστρος
880 352 931 388 μέ-

128 407 182 432 γας
201 398 363 430 ἐπίσκοπος,
379 399 427 425 καὶ
443 398 544 430 πάντες
561 399 585 425 οἱ
596 397 732 434 όρθόδοξοι
745 397 864 432 διάδοχοι
881 397 932 423 αὐ-

127 443 176 471 τοῦ
189 444 236 471 καὶ
253 444 398 471 ἐπίσκοποι
413 444 457 471 ἴνα
472 445 576 480 φορῶσι
592 444 622 471 τὸ
637 445 758 480 διάδημα
789 445 862 480 ἢτοιΙ
880 444 931 479 τὴν

131 490 281 526 στεφάνην,
298 491 332 526 ἠν
350 491 551 527 παρεδώκαμεν
567 491 641 527 αὑτῷ
654 493 687 518 ἐκ
712 491 835 527 κεφαλῆς
849 491 930 526 ἡμῶν

127 537 161 564 ὲκ
173 537 287 572 χρυσίου
303 537 426 572 καθαροῦ
462 537 511 565 καὶ
524 537 754 573 μαργαριταρίων
773 537 928 572 ἁτιμήτων.

127 583 176 609 καὶ
189 582 233 609 ἵνα
244 583 321 609 αὐτοὶ
339 583 497 618 χρήσωνται
525 583 566 614 εἰς
578 582 628 614 τὰς
644 582 767 617 κεφαλὰς
782 582 873 609 αὐτῶν
888 583 929 614 είς

127 629 179 663 τὴν
193 629 298 656 αίνεσιν
313 628 361 655 τοῦ
384 628 464 662 Θεοῦ,
493 629 542 656 καὶ
564 630 604 659 εὶς
621 629 706 664 τιμὴν
717 629 765 656 τοῦ
779 629 860 663 ἁγίου
880 629 928 655 καὶ

127 675 279 710 κορυφαίου
293 675 347 702 τῶν
364 675 532 703 ἀποστόλων.
557 675 641 707 Αὺτὺς
656 676 670 702 ὁ
682 675 818 711 μακάριος
833 675 928 708 πάπας

129 722 295 758 Σίλΐεστρος
313 722 384 757 ὑπὲρ
397 722 448 757 τὴν
465 722 602 757 στεφάνην
617 722 676 758 ἦτοι
691 722 740 758 τὴν
751 722 927 758 παπαλίθραν

127 769 161 804 ἣν
175 766 232 804 εἶχε
249 769 317 804 πρὸς
337 768 417 801 δόξαν
431 768 479 795 τοῦ
495 768 563 795 Θεοῦ
591 769 639 795 καὶ
653 767 702 795 τοῦ
720 769 800 803 ἁγίου
818 768 924 803 Πέτρου

127 815 177 840 οὐκ
188 814 262 841 ἔθελε
282 814 428 849 βαστάζειν
451 814 588 850 στεφάνην
607 815 639 840 ὲκ
660 814 795 849 χρυσίου,ῑ
808 814 825 848 ἢ
850 822 923 849 μαρ-

126 861 309 896 γαριταρίων,
325 862 417 896 ἡμεῖς,
429 861 498 888 διότι
515 861 566 888 οὐκ
590 860 683 887 ἔθελεν
696 861 710 887 ό
732 860 810 895 ἅγιος
827 860 923 887 Σίλϐε-

126 915 206 941 στρος
216 908 249 933 ἐκ
265 907 378 942 χρυσίου
393 907 531 943 στεφάνην
547 907 592 934 τὸν
612 906 810 942 ὑπέρλαμπρον
825 907 922 942 λῶρον,

126 954 293 988 σημαίνοντα
319 954 370 990 τὴν
397 954 479 988 ἁγίαν
489 954 639 981 ἀνάστασιν
661 955 696 989 τῇ
726 953 794 988 ἁγίᾳ
816 953 923 990 κεφαλῇ

125 999 208 1026 αὐτοῦ
232 999 312 1031 ἰδίαις
326 1000 421 1035 χερσὶν
436 999 624 1036 ἐπεθήκαμεν,
637 1000 857 1036 καὶκρατοῦντες
875 1001 923 1027 τοῦ

125 1046 234 1081 χαλινοῦ
246 1046 292 1073 τοῦ
303 1047 386 1073 ἵππου
394 1046 477 1073 αὑτοῦ
486 1046 530 1073 διὰ
543 1046 593 1082 τὴν
605 1046 801 1082 προσκύνησιν,
819 1047 925 1074 καὶτὸν

125 1092 208 1127 φόϐον
224 1093 272 1119 τοῦ
289 1093 367 1127 ἁγίου
383 1094 488 1129 Πέτρου
501 1093 658 1129 στράτωρος
674 1094 802 1128 ὀφφίκιον
827 1094 923 1130 ἐποιή-

126 1147 227 1174 σαμεν,
254 1139 430 1172 θεσπίζοντες
456 1139 500 1167 ἵνα
532 1139 634 1171 πάντες
649 1139 673 1166 οι
696 1139 815 1174 διάδοχοι
835 1139 921 1166 αὑτοῦ

124 1185 163 1220 τῷ
171 1184 251 1220 λώρῳ
263 1186 420 1220 χρήσωνται
435 1187 476 1219 εἰς
494 1187 545 1219 τάς
559 1187 736 1223 προελεύσεις
753 1187 822 1224 πρὸς
839 1189 922 1224 μίμη-

125 1239 168 1258 σιν
184 1232 235 1266 τῆς
255 1232 403 1266 βασιλείας.
433 1234 483 1260 Διὰ
502 1233 584 1261 τοῦτο
606 1234 634 1261 δὲ
649 1235 693 1261 ἵνα
714 1234 795 1270 μὴτὸ
812 1235 922 1270 ἀξίωμα

122 1277 173 1312 τῆς
193 1278 345 1314 ἐπισκοπῆς
356 1280 569 1315 καταφρονῆται,
594 1280 662 1308 ἁλλὰ
678 1281 761 1308 πλέον
778 1282 855 1316 παρὰ
867 1281 917 1318 τὴν

123 1322 261 1358 βασιλείαν
273 1324 352 1358 ἡμῶν
364 1324 415 1360 τὴν
431 1325 542 1361 γηῖνην,
560 1326 607 1352 καὶ
633 1327 751 1362 κράτους
768 1326 847 1359 δόξαν
875 1335 922 1354 κο-

123 1371 244 1405 σμεῖται,
262 1371 316 1398 ἰδοὺ
328 1371 359 1397 τὺ
376 1371 508 1399 παλάτιον
522 1373 603 1408 ἡμῶν
621 1373 660 1405 ὡς
676 1373 856 1409 προείπομεν,
873 1374 922 1401 καὶ

121 1417 170 1452 τὴν
187 1417 330 1452 Ῥωμαίων
353 1418 441 1451 πόλιν,
469 1419 518 1446 καὶ
551 1419 655 1455 ταύτης
677 1420 729 1455 τῆς
757 1421 884 1453 Ἰταλίας,
903 1420 919 1456 ἦ

120 1463 233 1497 δυσμῶν
260 1464 359 1500 χωρῶν
394 1466 529 1501 ἐπαρχίας
544 1466 656 1499 τόπους,
683 1468 730 1494 καὶ
746 1467 855 1503 κάστρα
879 1467 918 1502 τῷ

121 1510 363 1546 προγεγραμμένῳ
380 1511 585 1547 μακαριωτὰτῳ
604 1512 748 1548 ἑπισκόπῳ
760 1513 850 1547 ἡμῶν,
871 1513 919 1540 καὶ

121 1555 210 1591 Πατρὶ
229 1556 384 1592 Σιλὸέστρῳ
403 1557 540 1592 καθολικῷ
556 1558 635 1594 πάπα
652 1558 857 1594 παραδιδόαμεν
871 1559 920 1585 καὶ
936 1567 941 1569 ·

119 1602 267 1637 ἀφήκαμεν
282 1602 369 1637 αὐτῷ,
400 1603 449 1630 καὶ
469 1604 528 1635 τοῖς
539 1604 673 1639 διαδόχοις
686 1604 769 1631 αὑτοῦ
789 1605 916 1638 ἐξουσίαν

118 1647 167 1673 καὶ
188 1647 303 1682 δύναμιν
330 1649 444 1684 στερεὰν
472 1649 614 1684 βασιλικοῦ
642 1650 856 1685 προστάγματος
873 1650 918 1677 διὰ

117 1693 221 1728 ταύτην
232 1695 282 1730 τὴν
299 1695 375 1723 θείαν
389 1695 524 1729 κέλευσιν,
539 1697 586 1723 καὶ
602 1696 796 1732 πραγματικὸν
814 1696 914 1733 σύστη-

119 1749 159 1775 μα
187 1741 374 1777 ἐθεσπίσαμεν
402 1743 541 1778 διαμένειν
567 1743 615 1770 καὶ
652 1743 710 1774 τοῖς
733 1739 850 1778 ἀνδράσι
865 1743 916 1779 τῆς

121 1787 202 1821 ἁγίας
230 1787 286 1814 τῶν
311 1788 456 1824 Ῥωμαίων
487 1789 652 1826 Ἐκκλησίας
681 1790 722 1822 είς
757 1790 802 1816 τὸν
829 1789 918 1818 αίῶνα

117 1835 370 1870 παρεχωρήσαμεν.
393 1835 442 1862 Διὰ
454 1835 534 1862 τοῦτο
548 1836 577 1862 δὲ
604 1836 739 1871 χρήσιμον
763 1836 917 1872 ὲνοήσαμεν

116 1880 168 1915 τὴν
197 1880 337 1915 βασιλείαν
363 1881 454 1916 ἡμῶν,
480 1882 528 1908 καὶ
542 1881 573 1908 τὸ
585 1882 687 1917 κράτος
710 1881 760 1916 τῆς
776 1881 917 1917 βασιλείας

115 1928 158 1959 είς
172 1927 222 1959 τὰς
253 1924 421 1960 ἀνατολικὰς
446 1927 540 1964 χώρας
566 1927 743 1963 μεταφέρειν,
768 1927 816 1954 καὶ
838 1928 915 1963 ὲντῇ

115 1973 258 2009 Βυζαντίῳ
283 1973 361 2010 χώρᾳ
381 1974 456 2009 τόπῳ
484 1973 616 2010 χρησίμῳ
639 1973 689 2008 τὴν
712 1973 790 2000 πόλιν
811 1974 858 2000 ἐπὶ
870 1973 910 2010 τῷ

113 2020 227 2055 ὀνόματι
256 2020 335 2056 ἡμῶν
362 2020 513 2056 ίδιωθῆναι,
533 2020 581 2047 καὶ
599 2020 649 2056 τὴν
672 2019 756 2055 ἡμῶν
767 2019 910 2055 βασιλείαν

112 2067 175 2094 ἐκεῖ
194 2067 337 2102 συστῆναι.
357 2067 432 2094 Διότι
458 2067 526 2094 ὅπου
554 2067 628 2094 ἐστὶν
657 2067 760 2103 ἀρχικὴ
773 2066 909 2102 ίερατεία,

113 2113 161 2139 καὶ¹
180 2114 196 2148 ἡ
213 2113 320 2150 κεφαλὴ
332 2113 385 2149 τῆς
403 2113 603 2149 Χριστιανικῆς
626 2113 778 2149 θρησκείας
798 2111 912 2139 ἀπὸτοῦ

115 2159 250 2194 βασιλέως
278 2159 333 2186 τῶν
366 2159 500 2195 οὐρανίων
514 2159 652 2194 διδομένη,
676 2159 854 2186 ἁδικόνὲστιν
869 2158 912 2185 ἵνα

113 2207 305 2242 ἐκείὀγήῖνος
327 2205 453 2241 βασιλεὺς
479 2206 528 2241 ἔχῃ
551 2205 689 2238 ἐξουσίαν.
719 2205 804 2232 Τοῦτο
830 2205 859 2231 δὲ
879 2205 909 2231 τὸ

113 2252 180 2286 ὕφος
195 2253 244 2287 τῆς
259 2252 398 2288 βασιλείας
410 2252 489 2288 ἡμῶν
508 2252 588 2284 ίδίαις
599 2252 678 2287 χερεῖ)⁸
701 2253 914 2286 καταστρώσαν-

984 305 1076 342 capite
1089 309 1185 333 nostro
1207 305 1260 340 ipsi
1285 305 1450 333 tradidimus
1466 310 1625 341 :gestarent
1640 313 1731 334 autem
1751 309 1779 335 in

983 353 1120 387 capitibus
1130 353 1188 381 suis
1206 353 1240 380 ad
1255 352 1365 380 laudem
1379 352 1438 386 Dei,
1454 357 1482 380 et
1495 353 1523 380 in
1540 353 1672 381 honorem
1687 355 1778 382 sancti

982 399 1115 434 principis
1149 398 1351 434 apostolorum.
1384 397 1483 426 Verum
1517 398 1575 434 ipse
1605 399 1781 428 beatissimus

982 453 1051 481 papa
1061 445 1202 483 Sylvester
1230 453 1314 481 super
1334 453 1466 473 coronam
1491 445 1550 473 sive
1577 445 1779 481 papalethram,

982 498 1064 527 quam
1089 491 1122 518 ad
1133 490 1249 526 gloriam
1264 490 1310 518 Dei
1323 490 1448 518 etsancti
1462 489 1537 517 Petri
1560 489 1690 524 habebat,
1702 491 1781 518 nole-

981 538 1028 565 bat
1042 542 1154 572 portare
1165 544 1298 565 coronam
1320 544 1411 564 meam
1433 537 1475 564 vel
1491 537 1703 571 margaritarum
1719 537 1779 572 ple-

980 591 1055 611 nam.
1069 583 1125 611 Nos
1139 590 1216 615 vero,
1233 587 1379 618 propterea
1399 583 1474 618 quod
1502 587 1615 611 sanctus
1642 582 1780 619 Sylvester

979 637 1091 658 auream
1111 637 1244 658 coronam
1260 630 1366 665 respuit
1383 638 1390 657 :
1407 633 1506 657 sancto
1518 629 1606 664 ipsius
1617 629 1701 665 capiti
1730 638 1776 658 ra-

978 676 1185 705 diantissimum
1200 677 1303 708 lorum,
1315 680 1521 704 sacrosanctam
1542 677 1775 705 resurrectionem

978 724 1123 757 denotans,
1137 724 1240 752 nostris
1253 723 1380 751 manibus
1396 723 1578 758 imposuimus
1593 732 1600 750 :
1617 727 1646 750 et
1659 727 1778 758 arrepto,

979 771 1150 798 adorationis
1167 770 1333 805 timorisque
1348 770 1438 797 sancti
1463 769 1537 797 Petri
1557 777 1635 805 ergo,
1649 770 1713 805 equi
1732 770 1777 805 ip-

977 817 1035 845 sius
1047 817 1135 850 l'reno,
1155 817 1283 845 stratoris
1308 815 1428 844 oﬂicium
1453 815 1570 844 fecimus
1601 816 1779 844 :sancientes

978 868 1006 889 ut
1022 869 1120 889 omnes
1138 868 1314 889 successores
1337 861 1398 897 ejus
1415 861 1449 888 ad
1470 861 1655 889 imitationem
1683 861 1772 896 impe—

976 909 1085 936 ratoriae
1103 909 1255 944 majestatis
1275 909 1336 936 loro
1351 908 1518 941 utantursin
1540 909 1777 943 processionibus.

939 937 963 967 Β
979 955 1019 982 Ac
1030 962 1096 983 vero
1118 937 1167 991 [id]
1183 955 1258 988 ideo,
1274 959 1306 982 ut
1336 963 1373 982 ne
1385 937 1506 990 dignitas
1522 937 1686 990 episcopalis
1712 963 1779 982 con-

980 1007 1131 1030 temnatur.
1152 1002 1311 1035 Quinetiam
1323 1001 1377 1038 [ut]
1395 1002 1539 1036 ampliore,
1553 1009 1636 1036 quam
1658 1001 1779 1036 impera-

980 1049 1049 1077 toria
1077 1053 1173 1077 nostra
1206 1054 1316 1076 terrena
1345 1048 1487 1082 majestas,
1512 1047 1641 1083 potentiae
1666 1055 1778 1082 quoque

980 1096 1127 1131 splendore
1137 1096 1288 1123 adornetur
1305 1103 1314 1123 ι
1330 1103 1394 1123 ecce
1420 1094 1553 1130 palatium
1579 1098 1705 1122 nastrum
1722 1093 1731 1129 (
1746 1098 1776 1121 ut

981 1141 1167 1177 praediximus)
1183 1146 1212 1168 et
1238 1141 1335 1168 urbem
1361 1141 1492 1173 Romam,
1509 1147 1615 1168 necnon
1637 1140 1776 1167 universae

981 1190 1065 1217 haliae
1087 1189 1356 1224 occidentaliumque
1399 1188 1542 1223 regionum
1587 1187 1777 1222 praefecturas,

979 1237 1039 1264 loca
1053 1241 1137 1270 atque
1153 1240 1243 1263 castra
1260 1235 1390 1270 praedicto
1406 1234 1569 1262 beatissimo
1587 1234 1730 1269 episcopo,
1748 1240 1776 1261 ct

978 1283 1053 1311 Patri
1067 1287 1163 1310 nostro
1178 1282 1314 1310 Silveslro
1331 1289 1408 1317 papa:
1426 1281 1571 1313 tradimus,
1585 1285 1613 1308 et
1633 1280 1684 1316 ipsi
1700 1281 1778 1316 ejus-

977 1336 1031 1363 que
1047 1328 1255 1355 successoribus
1279 1327 1485 1362 imperatoriam
1501 1326 1654 1362 imperandi
1682 1331 1777 1353 auclo-

976 1374 1085 1401 ritatem
1112 1381 1144 1401 ac
1175 1377 1337 1409 potestatem
1366 1373 1552 1408 permittimus
1584 1372 1679 1408 [atque
1700 1372 1774 1408 eam]

976 1428 1025 1456 per
1035 1420 1106 1447 hanc
1121 1419 1242 1447 divinam
1258 1419 1413 1454 iussionem
1428 1426 1462 1446 ac
1478 1418 1675 1454 pragmaticam
1704 1426 1774 1445 con-

977 1467 1150 1495 stitutionem
1168 1467 1276 1494 ﬁrmam
1292 1474 1455 1502 permanere
1467 1466 1619 1499 sancimus,
1647 1465 1772 1500 virisque

977 1519 1080 1542 sanctae
1114 1514 1301 1541 Romanorum
1317 1513 1449 1540 Ecclesia:
1473 1513 1500 1540 in
1515 1516 1648 1540 a'lernum
1673 1519 1774 1540 conce-

974 1561 1076 1588 dimus.
1089 1560 1227 1594 Quorsum
1259 1558 1365 1596 [etiam]
1381 1559 1448 1587 utile
1468 1558 1550 1595 [fore]
1577 1558 1775 1586 consideravi-

976 1616 1038 1635 mus
1060 1608 1083 1635 si
1100 1607 1304 1642 imperatoriam
1332 1611 1455 1633 nostram
1469 1605 1638 1640 majestatem
1658 1604 1774 1639 ejusque

969 1653 1119 1689 potentiam
1132 1653 1159 1679 in
1174 1652 1321 1680 orientales
1345 1651 1472 1687 regiones
1496 1650 1722 1683 transl'erremus,
1740 1655 1769 1677 et

969 1700 997 1728 in
1012 1700 1160 1736 Byzantico
1175 1707 1241 1735 agro
1254 1700 1314 1727 loco
1325 1698 1470 1726 commodo
1485 1698 1536 1726 sub
1552 1698 1662 1725 nomine
1676 1701 1772 1724 nostro

971 1746 1109 1773 civitatem
1133 1744 1315 1779 erigeremus,
1331 1750 1413 1779 atque
1438 1743 1474 1770 ibi
1491 1747 1619 1770 nostram
1637 1742 1770 1778 majesta-

969 1797 1023 1820 tem
1050 1792 1257 1820 collocaremus.
1286 1790 1511 1826 Quandoquidem
1538 1789 1586 1817 ubi
1609 1789 1771 1824 primarium

970 1836 1398 1871 saderdotium,Christianaeque
1421 1835 1563 1871 religionis
1571 1834 1772 1870 caputcoelitus

969 1889 1010 1912 est
1021 1884 1217 1915 constitutum,
1234 1888 1264 1910 ut
1275 1882 1377 1910 ibidem
1395 1886 1522 1909 terrenus
1536 1881 1664 1916 princeps
1678 1881 1752 1908 domi

969 1934 1063 1958 natum
1081 1929 1189 1962 habeat,
1206 1922 1278 1956 haud
1289 1928 1395 1964 justum
1409 1927 1503 1954 fuerit.
1516 1926 1587 1963 [Qua
1603 1934 1670 1954 sane
1685 1927 1767 1953 etiam

968 1976 1002 2003 de
1015 1982 1098 2002 causa
1111 1973 1121 2010 ]
1139 1975 1192 2002 hoc
1203 1972 1362 2010 [oratioriis]
1384 1973 1568 2008 imperatoriae
1582 1978 1685 2000 nostra:
1708 1980 1770 1999 ma-

969 2021 1080 2057 jcstatis
1102 2024 1232 2048 contextu
1258 2020 1378 2055 propriis
1393 2019 1523 2046 manilius
1541 2018 1569 2046 in
1594 2018 1768 2045 venerandas

968 2068 1055 2096 sancti
1069 2067 1188 2103 apostoli
1200 2066 1369 2102 etprincipis
1381 2065 1453 2093 Petri
1472 2065 1605 2100 reliquias
1621 2069 1760 2099 prostrato

968 2120 1001 2140 ac
1029 2114 1162 2147 reposito,
1182 2112 1239 2140 haec
1258 2119 1309 2139 nos
1326 2111 1419 2138 omnia
1437 2111 1524 2138 illaesa
1552 2113 1767 2138 conservaturos

967 2157 1022 2184 illic
1036 2156 1204 2192 iuravimus,
1216 2161 1244 2184 et
1255 2155 1577 2189 successoribusfnostris
1590 2155 1767 2190 imperatori<

966 2203 1018 2231 bus
1039 2203 1067 2230 in
1092 2203 1300 2231 commentariis
1325 2202 1428 2230 nostris
1444 2203 1539 2230 eadem
1557 2201 1692 2229 servanda
1707 2204 1765 2228 tra-

966 2249 1097 2277 didimus.
1112 2249 1186 2277 Patri
1203 2249 1319 2286 [itaque]
1334 2254 1432 2277 nostro
1454 2253 1550 2276 sancto
1574 2252 1602 2276 et
1627 2247 1765 2276 catholico

111 2307 158 2330 τες
175 2299 217 2331 είς
243 2299 278 2326 τὰ
302 2298 383 2334 τίμια
393 2299 508 2333 λείψανα
530 2297 578 2325 τοῦ
598 2298 678 2332 ἁγίου
691 2298 910 2328 ἁποστόλου,κα“ι

974 2295 1095 2330 episcopo
1106 2299 1132 2322 et
1146 2303 1232 2330 papaz,
1249 2300 1331 2330 atque
1344 2302 1392 2330 per
1401 2294 1500 2330 {ipsum
1513 2293 1641 2321 omnibus
1654 2299 1765 2320 succes-

111 2346 263 2380 κορυφαίου
290 2345 396 2380 Πέτρου
429 2345 570 2380 ἐθήκαμεν
594 2346 642 2370 καὶ
673 2344 732 2370 ἐκεῖ
756 2343 908 2379 ὠμόσαμεν

109 2390 198 2417 ταῦτα
216 2391 308 2418 πάντα
325 2391 548 2426 ἀπαράθραυστα
563 2389 767 2424 διαφυλάττειν,
783 2389 831 2416 καὶ
846 2389 910 2421 τοὺς

110 2436 254 2471 διαδόχους
267 2437 347 2472 ἡμῶν
363 2437 451 2463 ταῦτα
466 2436 612 2471 φυλάττειν
624 2435 857 2471 παραδεδώκαμεν
871 2435 910 2472 τῷ

964 2344 1074 2372 scribus
1088 2344 1152 2380 ejus
1166 2341 1320 2379 episcopis,
1338 2347 1477 2371 annuente
1496 2341 1612 2369 Domino
1627 2345 1723 2368 nostro
1738 2345 1766 2367 el.

965 2389 1113 2416 Scrvalore
1140 2388 1206 2417 Jcsu
1221 2389 1343 2421 Christo,
1371 2389 1464 2416 omnia
1483 2391 1548 2415 ante
1564 2387 1667 2422 scripta
1687 2390 1762 2414 recte

965 2435 992 2462 in
1005 2439 1138 2462 aeternum
1157 2435 1346 2463 conservanda
1361 2435 1537 2463 tradidimus.

111 2483 200 2519 Πατρὶ
211 2484 291 2519 ἡμῶν
305 2485 346 2519 τῷ
363 2484 444 2520 ἁγίῳ,
466 2484 514 2511 καὶ
530 2483 669 2518 καθολικῷ
684 2483 841 2519 ἐπισκόπῳ,
860 2484 908 2510 καὶ
928 2484 1018 2519 πάπᾳ,
1045 2484 1094 2510 καὶ
1110 2483 1145 2510 δι’
1180 2483 1266 2510 αὑτοῦ
1287 2484 1356 2511 πᾶσι
1386 2485 1442 2515 τοῖς
1454 2482 1587 2518 διαδόχοις
1602 2480 1686 2508 αὑτοῦ
1698 2481 1759 2507 ἑπι-

109 2530 224 2562 σκὸποις
247 2530 295 2558 τοῦ
324 2530 428 2566 Κυρίου
457 2530 536 2566 ἡμῶν
578 2530 625 2557 καὶ
649 2529 776 2565 Σωτῆρος

107 2577 260 2614 γραμμένα
271 2578 363 2610 καλῶς
376 2578 416 2610 είς
426 2577 472 2604 τὸν
488 2577 575 2604 αίῶνα
588 2576 830 2611 διαφυλάττεσθαι.

817 2529 907 2565 Ἰησοῦ
944 2528 1065 2564 Χριστοῦ
1094 2528 1293 2565 προσνεύοντος
1312 2527 1515 2565 παραδιδόαμεν
1535 2527 1584 2554 ὅλα
1601 2525 1637 2553 τὰ
1665 2534 1767 2562 προγε.

145 2627 302 2663 Σημείωσαι
316 2627 357 2654 ὅτι
373 2625 427 2653 άπὸ
443 2625 491 2653 τοῦ
502 2625 637 2660 παρόντος
653 2625 770 2656 ἑδίκτου,
781 2625 842 2660 ἦτοι
858 2623 999 2659 βασιλικοῦ
1017 2623 1230 2659 προστάγματος
1252 2623 1299 2650 τοῦ
1313 2623 1392 2658 ἁγίου
1410 2623 1530 2660 μεγάλου
1553 2623 1763 2652 Κωνσταντίνου

106 2675 260 2702 δικαιοῦται
289 2675 410 2705 όπάπας
435 2673 545 2709 Ῥώμης
569 2673 614 2700 διὰ
637 2672 817 2706 πάντωνξτῶν
835 2671 987 2708 βασιλικῶν
1015 2671 1172 2706 προνομίων
1191 2671 1393 2706 μεγαλὺνεσθαι
1415 2671 1583 2706 ἅιλευῖμόνου
1603 2671 1650 2698 τοῦ
1675 2671 1763 2705 στέμ-

109 2731 204 2758 ματος·
231 2721 275 2748 διὰ
302 2721 356 2756 γὰρ
371 2719 451 2746 τοῦτο
477 2720 525 2746 καὶ
551 2720 580 2746 ὲν
597 2720 659 2750 ταῖς
681 2719 852 2755 ὁπουδήποτε
876 2718 1036 2754 γινομέναις
1058 2717 1252 2753 προελεύσεσιν
1278 2717 1381 2749 αὐτοῦ,
1410 2718 1458 2744 καὶ
1480 2719 1541 2748 ταῖς
1565 2717 1652 2748 θείαις
1675 2716 1760 2743 αὑτοῦ

108 2768 317 2805 ἱεροτελεστίαις
348 2767 393 2793 διὰ
416 2765 556 2801 βασιλικοῦ
586 2764 676 2800 λὼρου
703 2767 754 2800 τὴν
772 2765 895 2800 κεφαλὴν
923 2763 1178 2796 κατακαλύπτεται,
1203 2762 1386 2798 ἀμφιέννυται
1409 2762 1437 2788 δὲ
1453 2762 1500 2789 καὶ
1523 2761 1637 2796 ἀληθινὰ
1656 2761 1759 2798 ὑποδή-

108 2824 192 2850 ματα,
210 2815 259 2841 καὶ
287 2813 465 2840 καϐαλικεύει
496 2811 565 2847 μετὰ
579 2811 707 2846 ἀληθινοῦ
725 2811 909 2847 σελοχαλίνου,
933 2812 1004 2838 κατὰ
1022 2811 1086 2842 τοὺς
1102 2809 1233 2845 βασιλεῖς,
1262 2809 1330 2844 τιμᾷ
1345 2808 1373 2835 δὲ
1397 2809 1444 2834 καὶ
1466 2808 1530 2838 τοὺς
1553 2807 1598 2833 ὑπ’
1611 2807 1694 2834 αὐτοῦ
1713 2808 1761 2836 διὰ

106 2862 272 2898 ἀξιωμάτων
292 2860 450 2897 βασιλικῶν.
473 2860 557 2886 Ὅταν
584 2859 612 2885 δὲ
630 2859 647 2893 ἡ
669 2858 784 2893 δευτέρα
807 2859 916 2890 σύνοδος
944 2859 1046 2885 δέδωκε
1072 2856 1112 2893 τῷ
1131 2856 1341 2893 ἀρχιετιισκόπῳ
1367 2856 1416 2891 τῆς
1441 2855 1759 2887 Κωνσταντινουπόλεως

105 2910 140 2938 τὰ
156 2909 292 2945 προνόμια
308 2909 398 2935 πάντα
414 2907 461 2934 τοῦ
482 2906 562 2933 πάπα
582 2904 702 2941 Ῥώμης,
721 2905 906 2941 ἐπεχείρησάν
932 2914 1005 2937 τινες
1017 2904 1073 2931 τῶν
1092 2903 1271 2940 πατριαρχῶν
1287 2903 1324 2934 ὡς
1338 2903 1352 2928 ὁ
1372 2900 1527 2936 Κύρουλλος
1542 2902 1645 2933 ἐκεῖνος
1661 2902 1757 2938 κύριος

107 2955 229 2992 Μιχαὴλ,
247 2955 296 2982 καὶ
315 2953 404 2989 ἕτεροι
428 2953 484 2985 τοῖς
497 2952 591 2984 αὐτοῖς
613 2950 850 2987 ἀποσεμνύνεσθαι
866 2951 1037 2987 προνομίοις,
1056 2950 1086 2978 οὑ
1107 2950 1202 2985 γέγονε
1224 2949 1252 2976 δὲ
1268 2949 1360 2980 αὐτοῖς
1383 2948 1422 2980 εἰς
1449 2947 1530 2974 καλὸν
1552 2948 1568 2984 ἡ
1587 2948 1755 2985 ἐγχείρησις.
