1956 3049
184 187 254 220 1083
738 189 872 220 ΡΗΟΤΙΙ
892 189 991 220 ΡΑΤΒ

1047 190 1149 220 ἶίῖΗβΕ
1162 191 1217 221 CP.
1761 186 1830 220 1084

182 244 322 279 Τιμᾶσοαι
351 244 380 271 δὲ
414 244 458 272 διὰ
490 244 657 280 ἀξιωμάτων
689 244 752 276 τοὺς
780 244 930 279 κληρικοὺς
954 244 1005 279 τῆς
1031 245 1349 277 Κωνσταντινουπόλεως
1375 244 1540 273 κεκώλυται.
1574 245 1648 281 Πλὴν
1675 245 1723 273 καὶ
1750 244 1836 271 ταῦτα

182 291 395 327 κεκολοὸωμένα
422 292 501 324 εἰσίν,
536 293 565 318 Ὀ
590 292 618 318 δὲ
646 292 717 318 κατὰ
744 292 859 328 καιροὺς
885 291 1062 327 χαρτοφὺλαξ
1093 292 1148 318 ἀπὸ
1167 292 1217 318 τοῦ
1244 292 1380 328 παρόντος
1405 292 1510 319 ὲδίκτου
1537 291 1690 319 δικαιοῦται
1719 290 1836 318 καϐαλι-

182 336 276 363 κεύειν
294 338 365 364 κατὰ
379 337 429 372 τὴν
449 337 525 372 λιτὴν
544 336 599 364 τῶν
621 337 706 371 ἁγίων
729 337 862 371 νοταρίων
890 337 920 363 τὲ
946 338 1147 372 πατριαρχικδν
1171 338 1269 372 ἄλογον
1293 337 1363 373 μετὰ
1385 338 1489 365 ὀθονίου
1509 337 1618 366 λευκοῦ.
1646 337 1720 364 Ἔδει
1740 337 1769 364 δὲ
1787 337 1836 372 τὴν

183 382 308 420 κεφαλήν
336 383 419 409 αὐτοῦ
440 383 477 414 ὡς
502 382 683 418 καδδηναρίου
705 383 907 418 πατριαρχικοῡ
935 383 1087 410 σκέπτεσθαι
1114 384 1184 419 μετὰ
1216 384 1321 419 χρυσῆς
1346 383 1455 420 τιάρας,
1482 384 1545 420 ἥτις
1572 384 1621 410 καὶ
1645 384 1675 410 ὲν
1702 391 1836 418 χαρτοφυ-

184 418 276 465 λιικίῳ
309 430 465 458 ἀπόκειται,
502 429 582 456 ’Λλλὰ
609 430 657 456 καὶ
682 431 696 456 ὁ
724 430 796 456 κατὰ
822 430 937 465 καιροὺς
966 418 1141 466 πατριάρχης
1174 429 1378 466 Ἀλεξανδρείας
1396 418 1463 457 cm
1492 418 1540 457 τοῦ
1573 430 1709 465 παρόντος
1729 430 1836 457 ἑδίκτου

183 477 338 508 δικαιοῦται
372 477 441 512 μετὰ
466 476 554 512 λώρου
575 478 755 512 λειτουργεῖν,
783 477 863 503 ἔλαϐε
889 477 944 512 γὰρ
959 477 1009 513 τὴν
1037 477 1162 510 ἐξουσίαν
1188 477 1291 512 ταύτην
1319 478 1334 504 ὁ
1358 477 1436 509 ἆγιος
1463 477 1599 513 Κύριλλος
1633 477 1836 513 Ἀλεξανδρείας

183 523 239 559 ἀπὸ
253 523 300 550 τοῦ
319 523 397 550 πάπα
414 523 523 558 Ῥώμης
537 523 716 555 Κελεστίνου,
738 524 783 550 ὅτε
803 525 819 559 ἡ
843 524 874 550 ὲν
894 524 1002 560 Ἐφέσῳ
1027 525 1123 558 γέγονε
1140 523 1248 556 σύνοδος
1269 524 1340 550 κατᾶ
1360 524 1520 559 Νεστορίου’
1538 519 1586 550 τοῦ
1606 524 1661 560 γὰρ
1672 524 1836 551 Κελεστίνου

186 569 224 605 μὴ
240 570 389 604 δυναμένου
417 572 603 605 παρουσιᾶσαι
626 571 665 600 είς
682 571 811 604 Ἔφεσον,
827 571 875 598 καὶ
894 572 986 606 κρῖναι
1013 571 1060 598 τὸν
1084 571 1243 607 Νεστόριον,
1264 569 1387 604 συνέδοξε
1406 571 1591 606 ἐπιτραπῆναι
1615 571 1661 597 τὸν
1680 571 1758 605 ἅγιον
1781 571 1837 598 Κύ-

185 615 275 652 ριλλον
296 616 348 642 ὑπὸ
365 615 412 643 τοῦ
428 617 589 642 Κελεστίνου
612 617 784 652 προκαθῆσαι
799 617 849 652 τῆς
867 618 988 650 συνόδου,
1015 618 1074 645 ἀντ’
1096 617 1190 644 αὐτοῦ.
1216 618 1268 649 Et;
1295 617 1361 652 γοῦν
1386 618 1559 653 παράστασιν
1584 617 1631 644 τοῦ
1658 617 1730 652 ἔχειν
1756 617 1836 646 αὐτὸν

183 662 215 688 τὸ
237 663 340 690 δίκαιον
369 663 417 690 τοῦ
439 664 518 690 πάπα
539 662 649 698 Ῥώμης
677 664 841 691 Κελεστίνου
866 664 985 699 ὲκάθησε
1012 665 1082 700 μετὰ
1113 664 1221 700 λώρου,
1262 665 1310 692 καὶ
1343 665 1506 691 κατεδίκασε
1531 665 1578 692 τὸν
1604 665 1762 700 Νεστόριον.
1787 665 1836 693 Ἐκ

182 710 244 738 τότε
270 711 317 737 οὖν
344 710 412 744 μετὰ
439 709 487 736 τοῦ
510 709 593 736 αὐτοῦ
615 710 703 746 λώρου
725 711 911 746 ἱερουργοῦσι,
926 711 981 744 Ξκαὶ
1006 711 1198 746 προοδεύουσιν
1219 711 1244 738 οι
1270 711 1439 746 πατριάρχαι
1457 711 1663 748 Ἀλεξανδρείας
1679 713 1727 739 καὶ
1749 712 1838 739 αἰτία-

185 763 228 783 σιν
254 757 305 784 οὐκ
325 757 536 785 ὑποπτεύουσιν.
567 757 715 792 Ἀνάγνωοι
745 758 795 794 τὴν
817 758 882 792 περὶ
910 757 1006 784 τούτου
1036 757 1184 793 επιστολὴν
1214 757 1262 784 τοῦ
1295 757 1375 792 ἁγίου
1412 757 1575 785 Κελεστίνου
1606 758 1838 794 κατεστρωμένην

185 802 268 830 οὖσαν
283 803 322 834 είς
335 803 369 830 τὰ
385 804 526 838 πρακτικὰ
542 804 592 839 τῆς
611 803 635 838 γ’
652 804 775 831 συνόδου.
827 808 829 810 ’

221 851 288 879 CAP
302 851 334 879 11.
350 867 384 872 -κ
401 851 441 878 Ne
457 853 594 886 episcopus
613 858 708 880 temere
728 853 916 888 peregrinetur,
932 857 979 880 aut

1071 853 1199 880 ΚΕΦΛΛ.
1221 853 1259 880 Β’.
1271 869 1306 874 ——
1321 853 1390 887 Περὶ
1404 853 1459 880 τοῦ
1473 853 1517 887 μὴ
1534 853 1575 886 ὡς
1604 852 1696 887 ἔτυχε
1710 853 1836 880 ἐπίσκο-

186 899 298 926 clericus
314 899 342 925 in
356 899 412 925 alia
425 899 561 933 provincia
576 900 664 935 degat.

1047 909 1097 927 τον
1113 900 1288 936 ἀποδημεῖν,
1302 900 1322 935 ἢ
1334 901 1383 928 καὶ
1396 901 1543 935 κληρικὸν
1555 901 1591 927 ἐν
1612 900 1698 934 ἑτέρᾳ
1723 901 1840 936 διάγειν

1037 946 1178 980 ἐπαρχίᾳ.

222 991 415 1026 Apestolorum
433 999 521 1018 canon
554 992 598 1023 11,
617 991 674 1024 1ῧ;
706 992 820 1019 concilii
847 992 982 1028 Ancyrnni

186 1044 275 1065 canon
292 1037 343 1070 l8;
369 1038 477 1065 concilii
507 1038 672 1066 Antiocheni
700 1046 789 1065 canon
806 1039 897 1072 3,15,
922 1040 979 1072 ‘22;

186 1083 294 1111 concilii
310 1083 453 1111 Laodiceni
472 1092 560 1112 canon
573 1085 619 1116 41,
640 1085 694 1117 4‘2;
712 1085 823 1112 concilii
849 1085 984 1112 Constan-

188 1128 360 1164 tinopolitani
378 1137 466 1156 canon
493 1130 530 1163 2;
548 1131 657 1157 concilii
677 1130 922 1159 Chalcedonensis
938 1140 985 1159 ca-

188 1183 242 1202 non
261 1176 304 1206 15.
331 1175 386 1209 ‘25;
408 1177 516 1203 concilii
542 1176 712 1205 Surdicensis
726 1186 814 1205 canon
832 1179 860 1210 5,
876 1179 920 1212 11,
935 1178 981 1211 12,

190 1221 235 1253 16.
254 1223 305 1255 17;
320 1223 430 1250 concilii
447 1223 671 1259 Carthaginensis
685 1232 773 1251 ennon
785 1224 830 1256 '23,
847 1224 876 1252 7|
894 1232 985 1258 :con-

189 1268 243 1295 cilii
258 1269 326 1296 sexti
340 1276 427 1296 canon
444 1269 488 1302 17,
502 1269 545 1303 18,
557 1269 610 1302 20;
625 1271 733 1298 concilii
743 1269 846 1298 Niczeni
862 1270 984 1298 secundi

190 1322 278 1342 canon
295 1315 338 1349 10;
355 1316 464 1343 concilii
487 1317 569 1351 primi
585 1321 613 1344 et
627 1318 740 1345 secumli
755 1317 782 1344 in
793 1317 851 1346 aede
869 1317 987 1346 Sancto-

190 1369 250 1388 rum
266 1361 458 1396 Apostolorum
476 1362 585 1399 [habili]
603 1371 691 1390 canon
708 1363 750 1391 l6.

226 1409 335 1437 Tertiis.
360 1409 455 1437 Const.
477 1411 522 1442 42,
534 1411 575 1439 tit.
591 1412 607 1438 5
625 1412 669 1439 Iih.
685 1411 704 1444 l,
717 1412 779 1440 cod.
793 1413 848 1439 ait:
863 1412 903 1439 0b
917 1412 988 1440 mul-

189 1459 336 1489 tum,elc.,
354 1456 479 1492 usquead
501 1457 547 1484 ﬁat
568 1459 740 1493 crogalio.ut
759 1467 820 1493 pag.
843 1459 904 1492 197,
925 1459 986 1504 19ξ,

188 1500 250 1532 665,
268 1501 331 1529 666.

227 1594 373 1622 Scholium.
391 1596 486 1625 Const.
507 1597 552 1631 45,
569 1599 609 1625 tit.
626 1598 653 1631 5,
668 1599 736 1626 lib.|
761 1600 822 1628 cod.
847 1601 875 1628 in
905 1601 988 1629 Basil.

191 1649 244 1668 non
259 1647 301 1669 est
314 1644 400 1678 posita
419 1650 528 1679 :neque
551 1645 662 1672 constit.
684 1646 710 1678 1,
739 1646 787 1674 lib.
813 1655 821 1674 l
864 1647 990 1676 Novella-

191 1696 252 1714 rum
271 1697 331 1724 qua:
346 1695 387 1717 est
399 1691 504 1718 novella
515 1690 666 1719 Justiniani
685 1691 713 1725 6,
728 1701 817 1728 neque
836 1694 948 1722 consrit.
974 1695 990 1721 7

192 1735 315 1770 ejusdem
332 1736 343 1763 1
369 1737 410 1764 tit.
423 1736 610 1769 Novellarum.
627 1746 688 1774 qua:
704 1743 746 1768 cst
776 1741 882 1768 novella
903 1741 990 1770 Justi-

195 1781 269 1808 niani
300 1781 334 1809 67
351 1791 358 1815 ;
377 1783 489 1810 constit.
518 1784 535 1811 3
560 1784 682 1818 ejusdem
707 1785 732 1818 1,
751 1785 805 1818 ιίι.,
822 1791 865 1814 est
885 1788 989 1815 novella

194 1826 343 1854 Justiniani
362 1827 408 1858 86,
432 1828 518 1863 posita
534 1829 599 1865 [que
615 1829 667 1867 est]
690 1831 716 1858 in
735 1831 781 1859 lib.
798 1840 824 1860 vr
841 1831 923 1861 Basil.
946 1835 989 1862 tit.

193 1871 240 1903 22,
260 1873 305 1908 qui
322 1873 395 1900 circa
412 1874 493 1901 linem
514 1875 554 1902 sic
579 1876 679 1904 habet:
708 1877 760 1907 Sed
792 1878 928 1913 jnbemus
959 1886 990 1908 ut

194 1926 285 1954 neque
305 1920 470 1951 monachus,
488 1929 576 1956 neque
594 1923 721 1957 clericus,
736 1932 824 1958 neque
838 1926 991 1962 episcopus

197 1965 256 1993 sive
285 1966 488 2002 religiosissimi
503 1969 667 2004 patriarcha:
683 1972 725 1998 sui
742 1971 864 2008 [litteris]
878 1973 931 2000 huc
945 1982 992 2001 ae-

196 2011 275 2039 ccdat
292 2016 359 2039 :aut
381 2014 449 2040 certi
476 2019 565 2043 sunto,
590 2017 663 2050 quod
693 2017 835 2052 religionis
855 2019 949 2047 habitu
962 2028 992 2048 se

196 2057 324 2094 iuvlignns
340 2059 451 2088 facient.
464 2059 535 2089 Nota
551 2070 617 2090 vero
642 2064 715 2098 quod
737 2065 852 2101 integra:
878 2068 992 2096 novellae

195 2103 317 2139 episcopi
350 2105 482 2133 duntaxat
514 2108 681 2136 mentionem
708 2109 833 2145 faciant;
875 2113 991 2142 Basilica

197 2157 262 2176 vero
279 2159 368 2186 neque
386 2152 517 2180 clericum
542 2162 632 2189 neque
654 2155 814 2192 episcopum
832 2157 992 2187 Constanti-

197 2196 318 2230 nopolim
338 2197 425 2224 inscio
444 2199 601 2233 patriarcha
616 2201 748 2229 accedere
763 2203 864 2231 sinant.
896 2204 989 2232 Const.

195 2241 224 2272 2,
249 2242 291 2270 tit.
310 2243 322 2270 1
342 2243 525 2278 Novellarum,
552 2250 592 2273 est
619 2248 724 2275 novella
750 2248 898 2277 Iustiniani
929 2251 990 2283 123,

199 2288 242 2325 [ac
252 2289 303 2326 est]
322 2291 410 2325 posita
425 2292 452 2319 in
481 2293 528 2320 lib.
547 2301 575 2321 ιιι
599 2289 681 2322 Busil.
702 2296 743 2324 tit.
780 2297 806 2329 1,
828 2305 888 2332 σπι).
917 2298 950 2326 18
969 2303 996 2326 ct

201 2337 244 2368 1!).
259 2344 321 2371 quze
343 2338 453 2372 habent,
467 2341 547 2371 utlin
569 2343 732 2377 compendio
750 2344 889 2378 proposita
919 2350 994 2372 sunt.

201 2381 243 2408 Tu
275 2390 339 2410 vero
356 2384 447 2419 potius
476 2386 648 2416 adhaerescas
674 2388 708 2416 16
731 2391 829 2416 canoui
858 2390 992 2428 [concilii]

199 2428 279 2463 primi
291 2433 318 2456 et
326 2431 437 2458 secundi
454 2431 481 2459 in
491 2433 591 2468 templo
605 2433 770 2463 Sanctorum
796 2436 995 2472 Apostolorum

202 2472 327 2510 [habiti],
352 2475 380 2502 in
411 2484 458 2504 sex
488 2486 596 2506 menses
620 2480 856 2516 Qpcregrinatiouis
890 2487 997 2519 tempus

202 2521 366 2549 coci-etanti.
380 2521 477 2550 Const.
491 2524 525 2551 12
548 2525 673 2560 ejusdem
696 2527 738 2554 tit.
752 2526 941 2563 Novellarum,
955 2535 997 2557 est

202 2567 308 2594 norclla
323 2563 470 2598 Iustiniani
495 2571 530 2598 57
561 2573 649 2608 posita
668 2573 742 2610 [quur
756 2575 810 2611 est]
835 2576 862 2603 in
883 2576 930 2605 lib.
947 2577 999 2604 Ba-

203 2614 246 2640 sil.
260 2615 287 2646 5,
299 2616 341 2643 ιῑι.
355 2617 384 2649 4,
395 2621 477 2652 atque
495 2619 530 2646 ita
545 2619 602 2648 fere
617 2621 650 2649 de
669 2623 843 2657 perceptione
857 2622 998 2660 [annonae]

203 2661 295 2695 habet,
317 2667 345 2690 ut
362 2663 388 2690 in
411 2669 484 2692 textu
509 2667 641 2702 scriptum
660 2673 711 2696 est.
730 2668 806 2697 Hauc
823 2669 906 2705 igitur
926 2670 996 2706 lege.

205 2708 291 2746 Legas
306 2710 394 2748 [vero]
410 2713 492 2740 etiam
511 2715 680 2742 sanctissimi
693 2715 772 2749 illius
784 2724 816 2744 ac
829 2717 996 2745 universalis

205 2757 367 2790 patriarcha
383 2758 486 2787 domini
506 2759 617 2792 ,Nicolai
640 2763 804 2797 synodicum
830 2768 1000 2790 commenta-

207 2803 277 2829 rimn
291 2805 498 2838 quartodecimo
515 2808 618 2836 mensis
632 2808 721 2836 Martii
735 2809 815 2846 [die,]
851 2810 1002 2838 indictione

211 2850 288 2876 nrzia
307 2850 464 2880 confectum
481 2862 487 2880 :
505 2855 551 2889 qui
577 2856 852 2891 constituil,,quanto
878 2862 1002 2891 tempore

1080 991 1250 1018 ’Δποστόλων
1264 991 1356 1019 κανὼν
1372 991 1412 1024 ιδ’,
1437 991 1468 1018 ιε’
1478 999 1486 1007 ο
1503 991 1614 1018 συνόδου
1630 992 1769 1028 ’Λγκύρπς
1785 1003 1835 1020 κα-

1037 1038 1090 1064 νὼν
1106 1041 1156 1073 ιη’·
1174 1037 1282 1064 συνόδου
1301 1038 1468 1073 Ἀντιοχείας
1485 1037 1576 1065 κανὼν
1591 1042 1625 1073 γ’,
1637 1041 1682 1073 ιγ’,
1698 1039 1758 1075 κβ’·
1776 1049 1840 1067 συν-

1038 1085 1097 1111 όδου
1130 1084 1290 1115 Λαοδικείας
1310 1084 1401 1112 κανὼν
1415 1084 1461 1120 μα’
1485 1085 1551 1121 μβ’·
1569 1086 1679 1112 συνόδου
1695 1087 1840 1114 Κωνσταν-

1037 1129 1222 1162 τινουπόλεως
1233 1129 1324 1158 κανὼν
1336 1130 1358 1165 β’
1367 1139 1374 1146 ·
1390 1131 1500 1158 συνόδου
1508 1131 1681 1167 Χαλκηδόνος
1694 1132 1784 1159 κανὼν
1793 1136 1839 1166 ιγ’,

1038 1180 1098 1211 κγ’·
1126 1177 1239 1203 συνόδου
1255 1177 1392 1213 Σαρδικῆς
1421 1177 1512 1204 κανὼν
1533 1181 1568 1211 γ’,
1589 1177 1636 1209 ια’,
1653 1177 1700 1213 ιβ’,
1723 1178 1773 1211 ις’,
1789 1179 1837 1211 ιζ’·

1040 1224 1153 1251 συνόδου
1168 1223 1351 1259 Καρϐαγένης
1362 1223 1453 1250 κανὼν
1469 1227 1522 1258 κγ’,
1538 1227 1578 1251 οα⁹
1591 1232 1597 1238 ·
1612 1224 1724 1251 συνόδου
1738 1227 1775 1256 ς’,
1789 1234 1840 1252 κα-

1039 1268 1093 1295 νὼν
1105 1268 1147 1301 ιζ’,
1164 1267 1239 1304 ιη’,κ¹
1250 1268 1370 1295 ’συνόδου
1385 1268 1502 1300 Νικαίας
1517 1268 1548 1294 τὸ
1564 1269 1597 1303 β’,
1607 1268 1698 1295 κανὼν
1707 1272 1722 1294 ι’
1732 1276 1739 1283 ⁸
1761 1270 1840 1296 συνό-

1039 1315 1085 1342 δου
1106 1318 1131 1347 α’
1146 1314 1194 1342 καὶ
1207 1314 1241 1350 β’,
1255 1315 1285 1341 ἐν
1302 1314 1342 1350 τῷ
1352 1315 1410 1350 ναῷ
1425 1314 1481 1341 τῶν
1498 1314 1585 1349 ἁγίων
1609 1314 1768 1342 ἀποστόλων
1790 1323 1840 1342 κα-

1040 1361 1094 1389 νὼν
1112 1365 1160 1394 ις’.

1077 1408 1235 1443 Κείμενον.
1255 1407 1289 1435 Ἦ
1305 1407 1350 1442 μβ¹
1365 1407 1448 1441 διάτ.,
1463 1407 1510 1435 τοῦ
1529 1408 1615 1442 γ’τίτ.
1627 1408 1675 1435 τοῦ
1693 1408 1717 1435 α’
1733 1408 1838 1444 βιϐλίου

1041 1454 1088 1481 τοῦ
1104 1453 1231 1486 κώδικος,
1265 1455 1349 1490 φησὶν
1372 1455 1413 1481 ὅτι
1437 1455 1580 1486 ὲπίσκοπο,
1602 1464 1630 1488 κ,
1647 1464 1672 1482 τ.
1693 1455 1730 1488 λ.,
1747 1462 1838 1490 usque

1043 1499 1077 1527 ad
1098 1499 1169 1526 ὥστε
1196 1499 1248 1535 τὴν
1266 1500 1399 1536 χορηγίαν
1419 1501 1470 1536 τῆς
1490 1502 1623 1535 σιτήσεως
1641 1501 1745 1528 ἐκεῖθεν
1766 1501 1841 1535 γίνε-

1005 1543 1027 1570 Β
1043 1545 1115 1572 σθαι.

1077 1591 1218 1624 Σχόλιοίν.
1239 1590 1272 1617 Ἦ
1285 1589 1330 1626 μγ¹
1341 1591 1411 1618 διάτ.
1442 1591 1490 1618 τοῦ
1503 1594 1527 1625 γ’
1542 1591 1595 1618 τίτ.
1635 1592 1684 1619 τοῦ
1698 1595 1722 1619 α’
1737 1591 1841 1627 βιϐλίου

1041 1636 1088 1662 τοῦ
1104 1636 1221 1668 κώδικος
1243 1636 1293 1662 οὑκ
1315 1636 1395 1672 ἐτέθη
1415 1638 1455 1668 είς
1482 1637 1516 1664 τὰ
1534 1636 1677 1665 Βασιλικά.
1703 1638 1770 1665 οὐδὲ
1787 1637 1842 1673 ἡα¹

1041 1681 1119 1708 διάτ.¹
1134 1680 1181 1707 τοῦ
1197 1685 1220 1708 α’
1237 1682 1291 1709 τίτ.
1316 1682 1370 1708 τῶν
1401 1682 1516 1719 Νεαρῶν
1536 1682 1605 1710 οὖσα
1627 1683 1843 1716 Ἰουστινιάνειος

1042 1727 1080 1761 «ᾖς’
1109 1728 1179 1756 διάτ.
1200 1728 1247 1755 τοῦ
1269 1728 1353 1755 αὑτοῦ
1365 1729 1420 1756 τίτ.
1436 1730 1497 1756 ἐστὶ
1513 1730 1610 1766 Νεαρὰ
1626 1730 1843 1762 Ίουστινιάνειος

1043 1778 1092 1805 πς¹
1110 1774 1225 1810 κειμένη
1239 1776 1269 1801 ἐν
1292 1774 1388 1811 βιϐλίῳ
1403 1778 1431 1808 ς’
1452 1775 1507 1802 τῶν
1529 1776 1687 1804 Βασιλικῶν
1717 1777 1772 1803 τίτ.
1786 1776 1842 1812 κβ’.

1042 1820 1111 1854 Περὶ
1125 1820 1156 1846 τὸ
1175 1819 1253 1851 τέλος
1276 1819 1363 1852 οὓτως
1391 1820 1490 1856 ἔχοντι·
1509 1821 1572 1848 οὒτε
1584 1822 1612 1848 δὲ
1637 1822 1767 1857 μοναχὸν,
1780 1821 1845 1848 οὔτε

1043 1865 1184 1901 κληρικδν,
1193 1865 1257 1892 οὕτε
1267 1866 1417 1893 ἐπίσκοπον
1428 1866 1576 1902 κελεύομεν
1586 1867 1717 1903 ἔρχεσθαι
1726 1867 1847 1895 ἐνταῦθα

1042 1912 1108 1939 ἄνευ
1119 1911 1166 1938 τοῦ
1185 1911 1334 1939 όσιωτάτου
1349 1911 1441 1938 αὐτῶν
1458 1913 1630 1948 πατριάρχου
1643 1920 1650 1927 ·
1668 1914 1715 1940 καὶ
1731 1913 1844 1940 είδέτω-

1044 1965 1093 1984 σαν
1106 1957 1145 1989 ὡς
1169 1956 1298 1989 ἀναξίους
1323 1958 1438 1990 ἑαυτοὺς
1459 1958 1507 1985 τοῦ
1528 1959 1670 1994 σχήματος
1686 1960 1846 1994 ποιήσουσι.

1043 2004 1099 2031 Καὶ
1113 2004 1268 2040 σημείωσαι
1286 2005 1328 2031 ὅτι
1342 2004 1374 2031 τὸ
1394 2005 1442 2040 μὲν
1454 2005 1555 2036 πλάτος
1567 2004 1621 2031 τῶν
1630 2005 1746 2040 Νεαρῶν
1759 2005 1845 2040 μόνου

1043 2051 1194 2077 ἐπισκόπου
1209 2050 1344 2086 ἐμνήσθη,
1358 2050 1393 2077 τὰ
1407 2051 1437 2078 δὲ
1454 2051 1587 2078 Βασιλικὰ
1605 2051 1669 2078 οὔτε
1680 2051 1845 2083 ἐπίσκοπον,

1043 2097 1105 2124 οὔτε
1122 2097 1254 2133 κληρικδν
1273 2098 1470 2134 παραχωροῦσι
1500 2099 1541 2129 εἰς
1555 2097 1847 2125 Κωνσταντινοὺπολιν

1042 2143 1189 2178 ἐπιδημεῖν
1201 2142 1267 2170 ἄνευ
1283 2143 1397 2179 γνώμης
1411 2143 1458 2170 τοῦ
1470 2143 1653 2180 πατριάρχου.
1673 2143 1706 2169 'H
1723 2143 1746 2177 β’
1774 2143 1846 2170 διάτ.

1043 2189 1090 2216 τοῦ
1104 2192 1127 2216 α’
1136 2190 1188 2217 τίτ.
1204 2189 1258 2217 τῶν
1269 2190 1395 2226 Νεαρῶν,
1406 2190 1464 2217 ἑστι
1475 2191 1568 2226 Νεαρὰ
1585 2189 1772 2217 Ἰουστινιανοῦ
1786 2190 1847 2224 ρκγ¹

1047 2237 1161 2272 κειμένη
1176 2237 1205 2264 ἐν
1219 2237 1317 2272 βιὸλίῳ
1328 2235 1353 2271 γ’
1362 2237 1417 2264 τῶν
1431 2236 1586 2264 Βασιλιιιῶν
1597 2245 1651 2264 τιτ.
1667 2239 1703 2268 α’,
1714 2244 1778 2270 κειρ.
1794 2234 1842 2271 ιη’,

1047 2284 1093 2310 καὶ
1111 2282 1155 2317 ιθ’,
1168 2283 1186 2310 ἃ
1213 2284 1260 2311 καὶ
1278 2283 1390 2319 ἔχουσιν
1408 2284 1479 2310 οὓτω
1495 2283 1590 2315 καθὼς
1619 2283 1846 2318 συνωψίσοησαν.

1048 2331 1083 2357 Σὺ
1099 2330 1129 2357 δὲ
1143 2330 1262 2366 πρόσχες
1280 2330 1382 2365 μᾶλλον
1398 2330 1438 2365 τῷ
1453 2329 1492 2363 ις’
1505 2330 1600 2357 κανόνι
1617 2331 1667 2366 τῆς
1682 2331 1711 2356 ὲν
1724 2329 1764 2364 τῷ
1789 2329 1849 2365 ναῷ

1047 2376 1102 2403 τῶν
1119 2377 1204 2411 ἁγίων
1227 2376 1386 2404 ἀποστόλων
1412 2380 1436 2403 α’
1461 2376 1509 2404 καὶ
1537 2375 1559 2412 β’
1582 2376 1692 2403 συνόδου
1711 2375 1850 2411 ἑξάμηνον

1049 2425 1293 2460 στενοχωρήσαντα
1320 2425 1366 2451 τὸν
1391 2425 1442 2459 τῆς
1456 2423 1615 2459 ἀποδημίας
1631 2424 1738 2460 χρόνον.
1761 2423 1794 2451 Ἦ
1810 2423 1848 2459 ιβ’

1048 2470 1118 2498 διάτ.
1143 2470 1191 2497 τοῦ
1203 2473 1227 2497 α’
1243 2470 1298 2498 τίτ.
1322 2470 1376 2498 τῶν
1390 2470 1519 2506 Νεαρῶν,
1543 2470 1601 2497 ἔστι
1615 2471 1713 2506 Νεαρὰ
1737 2471 1851 2498 ’Ῑουστι-

1049 2517 1166 2550 νιάνειος
1188 2516 1228 2549 νζ¹
1239 2517 1353 2553 κειμένη
1366 2519 1395 2544 ἐν
1409 2517 1505 2552 βιϐλίῳ
1520 2517 1546 2552 Υ
1556 2518 1612 2544 τῶν
1629 2517 1784 2544 Βασιλικῶν
1795 2517 1848 2544 τίτ-

1050 2563 1081 2593 δ’.
1097 2563 1145 2590 καὶ
1156 2562 1227 2590 οὕτω
1239 2563 1333 2598 σχεδὸν
1355 2564 1421 2599 περὶ
1443 2563 1555 2600 λήψεως
1575 2563 1688 2598 ἔχουσα,
1711 2563 1749 2595 ὡς
1765 2564 1805 2594 είς
1818 2563 1852 2589 τὸ

1051 2609 1177 2645 κείμενον
1192 2609 1326 2645 ἐδηλώθη.
1348 2610 1499 2644 Ἀνάγνωοι
1515 2607 1563 2637 οὖν
1580 2610 1694 2645 ταύτην,
1707 2609 1852 2644 ἀνάγνωθι

1052 2657 1098 2684 καὶ
1112 2657 1163 2692 τήν
1174 2656 1220 2683 τοῦ
1237 2656 1390 2690 ἁγιωτάτου
1403 2657 1509 2684 ἐκείνου
1527 2657 1574 2683 καὶ
1589 2656 1784 2692 οἱκουμενικοῦ
1797 2665 1852 2682 πα-

1051 2703 1184 2740 τριάρχου
1209 2703 1306 2738 κυρίου
1335 2703 1484 2737 Νικολάου,
1510 2703 1654 2738 συνοδικὴν
1685 2702 1852 2738 σημείωσιν,

1051 2753 1101 2788 τὴν
1114 2752 1258 2787 γεγονυῖαν
1271 2749 1342 2777 κατὰ
1354 2749 1403 2785 τὴν
1418 2749 1448 2776 ιδ’
1459 2769 1466 2783 ,
1483 2749 1530 2775 τοῦ
1553 2749 1677 2783 Μαρτίου
1703 2747 1788 2783 μηνὸς
1800 2748 1854 2782 τῆς

1053 2803 1077 2833 γ’
1091 2798 1258 2830 ἱνδικτιόνος,
1269 2798 1315 2824 καὶ
1327 2795 1520 2824 ὑποτυπώσαν
1530 2795 1611 2822 πόσον
1620 2795 1716 2828 καιρὸν
1723 2794 1854 2828 ὀφείλου-

1054 2857 1096 2874 σιν
1123 2845 1363 2881 ἀπολιμπάνεσθαι
1392 2843 1654 2880 ἀπροκριματίστως
1677 2843 1702 2869 οἱ
1725 2843 1855 2877 μεγάλης

209 2893 232 2920 Μ
245 2903 313 2928 ’ἕηκε
324 2898 449 2927 ecclesiae.
465 2901 623 2930 sacerdotes
647 2907 673 2929 ct
685 2902 792 2930 diaconi
809 2903 906 2930 abesse
930 2902 991 2928 u-itr'

1062 2893 1225 2928 Ἐκκλησίας
1251 2892 1334 2927 tepet;
1348 2899 1379 2917 τε
1394 2890 1442 2917 καὶ
1457 2889 1586 2916 διάκονοι.
1602 2888 1721 2922 Λέγουσι
1732 2887 1761 2914 δέ
1780 2895 1856 2918 τινες

211 2946 399 2980 pra-judicium
417 2949 543 2978 debeant.
556 2949 653 2978 Verum
668 2949 762 2977 dicunt
778 2949 914 2983 nonnulli,
931 2948 994 2976 hinc

1052 2943 1083 2968 ἐκ
1101 2941 1204 2977 ταύτης
1222 2940 1259 2976 μὴ
1279 2937 1453 2974 ἀναιρεῖσθαι
1465 2938 1528 2969 τοὺς
1546 2936 1609 2973 περὶ
1627 2936 1681 2963 τῶν
1697 2934 1855 2970 ἀποδήμων
