1946 3076
134 216 203 249 1085

133 329 183 348 σαν
212 319 553 354 ἸουστινιάνειονΝεαράν.
572 319 730 353 Σημείωσαι
752 319 793 345 ὅτι
809 318 863 345 ἀπὸ
876 318 931 344 τῶν

132 369 161 393 ὲν
178 367 218 402 τῷ
233 367 347 401 παρόντι
364 375 428 400 κεφ.
444 365 680 400 κατεστρωμένων
704 364 753 391 δύο
773 365 931 391 Ἰουστινια-

132 413 212 439 νείων
226 413 350 448 Νεαρῶν,
363 413 447 447 ἤγουν
458 412 508 447 τῆς
525 415 574 444 πς¹
590 412 637 438 καὶ
651 413 700 446 τῆς
716 410 775 446 ρκγ¹
787 411 832 437 δύο
844 411 931 438 ταῦτα

130 459 331 494 ἐνομοθέτησαν
347 458 376 485 ἓν
390 459 439 493 μὲν
458 459 488 484 τὸ
504 457 541 493 μὴ
557 458 683 493 ἐνδημεῖν
698 459 738 488 είς
752 458 800 493 τὴν
814 459 868 484 τῶν
881 458 929 484 πό-

130 506 198 533 λεων
231 505 425 541 βασιλεύουσαν
438 506 588 541 ἀρχιερεῖς,
604 505 620 540 ἣ
637 506 771 540 μοναχοὺς
795 505 811 540 ἢ
830 505 929 540 κληρι-

129 552 195 582 κοὺς
205 552 268 578 ἄνευ
282 550 454 586 γραμμάτων
467 551 514 577 τοῦ
526 551 696 587 πατριάρχου
713 551 813 584 αὐτῶν,
830 551 925 586 ἕτερον

128 598 156 624 δὲ
168 598 198 624 τὸ
211 598 247 633 μὴ
260 598 324 624 διατ
334 597 420 632 ρίῦειν
436 597 565 633 ἀρχιερέα
583 598 630 623 ἐπὶ
647 597 716 623 πολὺ
741 598 768 624 ἐν
783 598 928 624 Κωνσταν-

128 643 291 670 τινουπόλει.
308 643 385 670 Ἐπεὶ
396 643 424 670 δὲ
438 644 484 670 καὶ
494 643 578 678 ἄμφω
590 643 725 679 βλέπομεν
746 643 926 679 ἁθετούμενα,

129 689 192 716 οὗτε
211 689 264 725 γὰρ
281 690 305 716 οἱ
323 691 462 725 ἀρχιερεῖς
474 690 519 717 διὰ
532 690 705 725 γραμμάτων
716 690 927 725 πατριαρχικῶν

127 736 168 766 είς
194 736 244 770 τὴν
269 735 467 770 βασιλεύουσαν
493 735 657 771 ἐνδημοῦσι,
675 735 733 762 ἀλλ’
750 736 925 768 οίκειοθελῶς

127 783 167 813 εἰς
196 782 245 816 τὴν
268 781 354 817 θύραν
385 782 436 816 τῆς
452 781 766 813 Κωνσταντινουπόλεως
780 782 924 817 ἐρχόμενοι

125 827 245 854 διδόασιν
262 827 364 863 εἴδησιν
377 827 415 863 τῷ
435 828 606 862 πατριάρχῃ,
624 828 673 854 καὶ
692 827 764 853 οὕτω
777 828 826 862 τῆς
839 835 925 861 μεγα-

125 874 263 905 λοπόλεως
278 874 429 906 ἀκινδύνως
444 874 626 906 ἐπιϐαίνουσι,
655 875 702 900 καὶ
724 874 771 900 ἐπὶ
788 874 872 900 πολὺν
894 874 923 900 δὲ

124 920 222 955 χρόνον
239 921 267 947 ὲν
284 921 352 956 αὐτῇ
369 921 556 956 διατρίὸοντες
575 920 705 956 οὐδεμίαν
721 920 844 947 κάκωσιν
857 921 923 947 ὑπο-

609 217 852 248 NOMOCANON-
873 228 908 236 -ο
929 217 1004 247 ΤΙΤ.
1026 218 1109 254 VIII,
1131 217 1210 248 CAP.
1229 217 1308 250 II-V.
1430 253 1433 255 η

133 274 272 310 κληρικῶν
286 273 413 305 κανόνας,
433 273 501 308 μηδὲ
523 272 574 309 τὴν
602 273 705 300 ἄνωθεν
728 273 914 308 καταστρωθεῐ

983 280 1104 300 canones
1132 273 1166 301 de
1185 273 1345 301 absentibus
1361 273 1489 307 clericis,
1518 281 1608 310 neque
1634 273 1785 302 Iustiniani

1716 219 1785 252 1086

982 320 1119 353 novellam
1142 321 1269 355 superius
1296 321 1439 353 insertam,
1457 327 1512 348 non
1546 321 1683 356 abrogari.
1714 321 1783 349 Nota

982 373 1046 392 vero
1068 365 1185 400 quodex
1201 366 1308 394 duabus
1324 366 1450 401 prazscnti
1462 365 1543 401 capiti
1569 366 1680 394 insertis
1696 365 1781 393 Justi-

982 411 1058 438 niani
1078 412 1334 444 constitutionibus,
1351 412 1386 439 86
1398 412 1524 440 videlicet
1537 416 1564 440 et
1577 412 1713 444 125,]th
1726 413 1779 440 duo

981 458 1132 486 constituta
1144 464 1225 486 suul:
1240 467 1336 492 unum,
1352 467 1385 486 ne
1397 459 1512 486 antistes
1523 458 1569 485 diu
1581 458 1778 486 Constantino-

979 505 1036 540 poli
1055 505 1174 539 haereat;
1202 506 1329 538 alterum,
1358 513 1393 532 ne
1420 505 1546 537 antistes,
1573 504 1712 537 monachi,
1732 510 1780 532 aut

983 551 1075 579 clerici
1102 552 1162 579 sine
1181 552 1280 579 litteris
1295 551 1458 587 patriarcha:
1485 551 1635 579 suiurbem
1666 552 1775 578 urbium

979 598 1121 625 accedant.
1140 598 1192 625 Sed
1210 599 1340 633 quoniam
1365 603 1511 633 utrumque
1533 598 1667 632 rejectum
1688 597 1774 634 [esse]

978 645 1104 672 videmus
1120 645 1221 679 (neque
1229 645 1301 672 enim
1315 645 1451 673 antistites
1465 649 1527 680 ρει-ζ
1539 645 1645 672 litteras
1657 645 1777 679 patriar-

978 691 1071 718 chales
1087 690 1222 727 [urbium]
1253 691 1465 718 dominatricem
1490 692 1625 719 accedunt
1643 702 1650 720 :
1666 692 1713 720 sed
1739 693 1773 720 ad

977 738 1312 772 Constantinopolitana-n
1351 742 1458 772 portam
1493 739 1644 771 venientes,
1679 744 1775 774 suapte

976 787 1074 816 sponte
1084 783 1268 817 patriarcham
1287 782 1332 819 [de
1349 783 1468 810 adventu
1486 783 1548 820 suo]
1566 785 1709 812 certiorem
1734 785 1775 812 fa-

976 828 1064 860 ciunt,
1085 833 1168 863 atque
1194 828 1230 855 ita
1260 828 1329 855 citra
1351 828 1503 862 periculum
1533 837 1660 864 magnam
1677 829 1772 857 urbem

975 874 1178 909 ingrediuntur,
1209 875 1353 911 multoque
1373 881 1496 912 tempore
1522 877 1625 904 iutilla
1652 884 1773 903 commo-

974 926 1066 948 rautes
1079 922 1180 948 nullam
1198 922 1369 950 vexationem
1394 923 1541 957 sustinent)
1568 931 1624 958 quo
1637 923 1663 950 id
1688 927 1769 958 pacto

126 967 250 1002 μένουσι,
283 967 415 1003 ζητητέον
441 969 516 999 ὅπως
530 968 609 994 τοῦτο
628 968 745 1003 γίνεται.
762 967 862 1003 Οἴομαι
875 968 914 995 οὒκ

976 968 1034 1000 ﬁat,
1067 968 1244 1003 quaerendum
1268 974 1320 996 est.
1353 969 1455 1005 [Atque
1479 955 1540 1006 σεο]
1566 955 1771 1005 quidem—pulo

122 1015 160 1046 ὡς
172 1015 187 1049 ἡ
207 1015 256 1049 μὲν
265 1019 312 1047 πς¹
323 1015 419 1050 Νεαρὰ
433 1016 449 1051 ἡ
464 1015 636 1051 διοριζομένη
656 1015 847 1050 καθαιρεῖσθαι
859 1016 923 1047 τοὺς

121 1061 298 1093 ἐπισκόπους,
311 1061 458 1096 κληρικούς
471 1070 500 1088 τε
513 1063 559 1088 καὶ
573 1062 707 1097 μοναχοὺς
720 1062 793 1097 παρὰ
804 1062 918 1098 γνώμην

120 1106 168 1133 τοῦ
190 1108 359 1143 πατριάρχου
384 1108 475 1135 αὐτῶν
495 1108 612 1135 ἐνταῦθα
629 1108 839 1144 ἐπιδημοῦντας,
873 1110 921 1135 ἀν-

119 1153 207 1188 ῃρέθη
221 1152 266 1179 διὰ
281 1153 330 1188 τῆς
347 1157 407 1189 ρκγ¹
428 1153 641 1180 Ἰουστινιανείου
651 1155 761 1189 Νεαρᾶς
775 1163 921 1190 μεταγενε-

119 1199 219 1234 στέρας
233 1200 327 1235 οὔσης,
344 1201 390 1226 καὶ
404 1200 594 1236 διοριζομένης
625 1200 663 1235 μὴ
681 1200 859 1235 χορηγεῖσθαι
873 1200 920 1227 δοι-

118 1247 207 1278 πάνας
222 1248 279 1274 τοῖς
292 1246 398 1273 τοιοῦτό
419 1255 444 1273 τι
468 1246 592 1274 ποιοῦσιν
617 1247 778 1279 ἐπισκόποις
795 1247 849 1274 ἀπὸ
866 1247 920 1274 τῶν

117 1291 274 1327 ἐκκλησιῶν
289 1292 391 1324 αὐτῶν,
409 1293 458 1318 καὶ
472 1293 512 1324 εἰς
529 1291 610 1318 τοῦτο
629 1292 709 1326 μόνον
739 1291 913 1328 περικλειού-

118 1347 169 1373 σης
183 1338 233 1372 τὴν
246 1338 391 1372 τιμωρίαν.
405 1338 442 1364 Τὸ
452 1338 480 1364 δὲ
494 1337 685 1373 καθαιρεῖσθαι
702 1339 765 1369 τοὺς
785 1338 915 1365 ἐπέκεινα

116 1385 214 1418 χρόνου
230 1384 302 1410 κατὰ.
319 1384 369 1418 τὴν
382 1384 510 1417 τοιαύτην
534 1387 594 1419 ρκγ¹
619 1383 742 1418 Νεαρὰν,
757 1384 773 1418 ἢ
790 1384 918 1410 ἐπέκεινα

117 1429 254 1464 ἑξαμήνου
274 1430 345 1457 κατὰ
364 1431 410 1457 τὸν
435 1434 472 1463 ις’
496 1431 597 1457 κανόνα
623 1430 672 1465 τῆς
695 1431 724 1456 ὲν
741 1431 780 1463 τῷ
795 1429 852 1465 ναῷ
863 1430 918 1456 τῶν

121 1476 222 1510 Ἀγίων
246 1476 414 1503 Ἀποπτόλων
438 1477 576 1512 συστάσης
592 1479 614 1503 α’
630 1477 676 1503 καὶ
690 1475 712 1512 β’
723 1476 842 1510 συνόδου,
861 1476 918 1503 δια-

115 1522 260 1556 τρίϐοντας
276 1523 446 1554 ἐπισκόπους
464 1524 504 1554 είς
529 1522 819 1549 Κωνσταντινούπολιν
834 1523 918 1558 χωρίς

114 1568 230 1602 εὐλόγου
261 1568 362 1600 αἰτίας,
387 1569 506 1605 ἀνῃρέθη
531 1569 575 1595 διὰ
592 1568 769 1604 προστάξεως
788 1569 834 1595 τοῦ
861 1570 918 1595 ἀοι-

975 1013 1109 1041 novellam
1128 1014 1174 1046 86,
1199 1022 1260 1049 qu:e
1292 1016 1388 1042 statuit
1412 1016 1584 1050 utepiscopi,
1610 1016 1714 1048 clerici,
1741 1021 1768 1042 et

974 1060 1113 1093 monachi,
1132 1060 1179 1094 qui
1199 1060 1270 1087 citra
1301 1061 1443 1088 scientiam
1469 1062 1632 1096 patriarcha
1647 1061 1689 1089 sui
1712 1061 1767 1088 huc

973 1107 1116 1139 accedunt,
1130 1107 1313 1141 deponantur,
1326 1107 1486 1143 abrogatum
1499 1116 1560 1135 esse
1570 1116 1619 1143 per
1631 1108 1767 1136 novellam

971 1151 1119 1179 Justiniani
1144 1152 1215 1185 1‘15,
1236 1161 1297 1187 qure
1319 1153 1455 1181 recentior
1480 1158 1532 1187 est,
1553 1158 1581 1181 et
1600 1154 1707 1187 statuit,
1735 1161 1770 1181 ne

971 1198 1109 1232 episcopis
1119 1197 1172 1224 tale
1186 1198 1327 1232 quidpiam
1343 1198 1508 1227 facientibus
1523 1207 1555 1226 ex
1570 1199 1692 1234 ipsorum
1718 1207 1765 1227 cc-

973 1244 1065 1271 clesiis
1078 1246 1434 1279 sumptussuppeditentur,
1450 1246 1477 1272 in
1492 1247 1544 1273 hoc
1556 1254 1640 1273 unum
1655 1253 1766 1281 pmuam

972 1290 1153 1317 concludens.
1175 1289 1210 1316 Ut
1233 1294 1325 1317 autent
1349 1290 1484 1325 episcopi,
1511 1290 1607 1325 illiqui
1625 1291 1692 1318 citra
1723 1298 1767 1318 ra-

971 1336 1129 1363 tionabilem
1150 1344 1261 1363 causam
1277 1338 1347 1365 ultra
1372 1344 1475 1364 annum
1491 1337 1644 1364 secundum
1662 1338 1757 1365 novel-

969 1381 1022 1408 lam
1039 1381 1098 1412 125,
1116 1382 1245 1408 autultra
1261 1385 1392 1409 semestre
1414 1387 1523 1417 tempus
1550 1385 1704 1410 secundum
1720 1391 1767 1409 ca-

970 1434 1069 1452 uoncm
1102 1425 1154 1453 160
1188 1426 1298 1453 concilii
1325 1426 1404 1461 primi
1433 1432 1460 1454 et
1494 1427 1605 1455 secundi
1650 1427 1677 1454 in
1710 1428 1768 1455 :ede

969 1472 1133 1499 Sanctorum
1150 1473 1343 1506 Apostolorum
1353 1473 1450 1505 coacti.
1465 1473 1766 1508 Coustantiuopolilne-

969 1522 1040 1550 rent,
1065 1517 1238 1552 deponantur
1262 1527 1269 1545 :
1289 1518 1327 1554 [id
1353 1518 1429 1554 vero]
1459 1520 1621 1554 abrogatum
1646 1524 1688 1547 est
1718 1528 1767 1554 per

965 1564 1117 1598 jussionem
1131 1564 1301 1592 celeberrimi
1333 1565 1507 1600 imperatoris
1517 1566 1610 1592 domui
1632 1565 1766 1593 Manuelis

116 1616 197 1651 δίμου
207 1616 339 1652 βασιλέως
356 1617 452 1652 κυρίου
467 1616 595 1651 Μανουὴλ
609 1616 655 1642 τοῦ
670 1615 827 1651 Κομνηνοῧ,
850 1616 914 1642 ἀπο.

971 1609 1122 1641 Comneui,
1143 1617 1205 1644 qua:
1230 1609 1301 1636 edita
1330 1614 1372 1637 est
1395 1617 1490 1638 mense
1514 1609 1676 1646 Septembri,
1695 1611 1766 1637 indi-

113 1663 241 1699 λυθείσης
256 1664 328 1691 κατὰ
357 1666 430 1700 μῆνα
451 1664 639 1699 Σεπτέμῦριον
667 1663 845 1695 Ἰνδικτιῶνος
874 1664 906 1696 ζ’,

112 1710 160 1736 καὶ
174 1710 362 1746 διοριζομένης
376 1711 462 1737 ταῦτα
475 1710 577 1746 ῥητῶς.
600 1710 693 1738 Ταῦτα
711 1711 802 1737 τοίνυν
814 1710 908 1738 ἀναλο-

111 1756 250 1792 γισαμένη
265 1758 281 1792 ἠ
298 1756 421 1792 βασιλεία
443 1766 493 1792 μου
508 1757 577 1793 πρὸς
593 1757 643 1792 τὴν
662 1756 804 1793 παροῦσαν
821 1756 908 1783 ἐλθεῖν

111 1805 269 1839 οἰκονομίαν
283 1804 445 1840 ἠναγκάσθη
462 1805 510 1831 καὶ
525 1804 639 1837 ἄκουσα,
655 1805 703 1831 καὶ
720 1803 846 1836 θεσπίζει
862 1803 908 1830 διὰ

110 1850 159 1877 τοῦ
175 1851 308 1886 παρόντος
318 1850 420 1886 ταύτης
433 1850 647 1886 προστάγματος
664 1850 701 1886 μὴ
720 1849 832 1876 πλείονα
856 1849 906 1876 τοῦ

111 1897 188 1932 παρά
206 1906 235 1923 τε
249 1897 303 1924 τῶν
317 1897 486 1931 φιλευσεὸὦν
498 1897 600 1932 νόμων,
623 1897 670 1924 καὶ
692 1896 747 1923 τῶν
761 1897 843 1924 θείων
858 1905 907 1923 κα-

110 1940 195 1968 νόνων
215 1941 425 1976 ὑφαπλωθέντος
441 1941 538 1977 καιροῦ
553 1943 610 1974 τοῖς
633 1942 790 1978 ἱερωτάτοις
814 1943 908 1977 ἀρχιε-

112 1987 205 2022 ρεῦσιν
223 1988 401 2025 ἐνδιατρίϐειν
421 1989 482 2024 δίχα
511 1988 584 2020 τινος
602 1989 793 2023 ἀπαραιτήτου
819 1989 906 2023 ἐμπο-

109 2033 209 2069 δισμοῦ
235 2036 264 2061 ὲν
281 2036 313 2070 τῇ
336 2035 528 2070 μεγαλοπόλει,
545 2035 592 2062 καὶ
613 2034 771 2070 προφανοῦς
794 2034 906 2068 εὐλόγου

110 2081 286 2115 προφάσεως,
301 2082 376 2118 ἠμὲν
392 2083 439 2109 καὶ
448 2082 561 2114 ἄκοντες
574 2082 624 2117 τῆς
636 2081 845 2117 μεγαλοπόλεως
860 2081 907 2107 ἐκ·

109 2127 303 2163 ὃληθήσονται.
328 2128 359 2154 Ἡ
376 2128 468 2164 μέντοι
484 2137 515 2163 γε
540 2129 569 2154 ὲν
587 2129 620 2163 τῇ
637 2127 820 2164 μεγαλοπόλει
836 2127 906 2154 εἰσέ-

109 2173 202 2204 λευσις
226 2173 317 2200 αὐτῶν
336 2174 439 2209 ὀφείλει
460 2174 583 2209 γίνεσθαι
615 2175 687 2201 κατὰ
707 2174 758 2209 τὴν
785 2174 906 2201 ἔκπαλαι

109 2220 273 2253 κκνονικῶς,
284 2220 332 2247 καὶ
343 2221 466 2256 νομίμως
476 2222 658 2257 κρατήσασαν
675 2220 833 2256 συνήθειαν.

147 2266 273 2294 ΚΕΦΑΛ.
284 2267 322 2294 Γ’.
335 2281 369 2287 ——
388 2267 458 2302 Περὶ
485 2267 540 2294 τοῦ
554 2267 664 2303 χρῆναι
692 2266 767 2300 τοὺς
780 2267 905 2294 ἐπισκό-

969 1655 1060 1682 ctioue
1074 1656 1200 1690 septima,
1223 1661 1250 1683 ct
1266 1657 1323 1684 haec
1351 1657 1496 1684 constituit
1513 1657 1539 1684 in
1567 1657 1624 1684 haec
1650 1657 1732 1684 verba
1755 1666 1762 1684 :

960 1701 1012 1729 Ubi
1029 1702 1112 1737 igitur
1130 1702 1305 1737 imperatoria
1322 1711 1384 1730 mea
1401 1703 1530 1737 majestas
1549 1702 1607 1730 hac
1619 1703 1760 1738 expendit,

959 1748 992 1774 ad
1006 1752 1168 1782 prmseutem
1186 1749 1394 1784 dispositionem
1403 1749 1485 1777 etiam
1497 1749 1582 1776 invita
1591 1749 1726 1777 descende
1732 1757 1762 1777 re

959 1798 1056 1821 c0acta
1071 1798 1132 1820 est:
1150 1801 1184 1821 ac
1208 1795 1297 1822 sancit
1317 1802 1366 1830 per
1379 1800 1540 1830 praesentem
1565 1794 1636 1821 hanc
1650 1795 1755 1830 jussio-

959 1847 1021 1866 nem
1031 1861 1038 1872 ,
1054 1847 1089 1867 ne
1104 1840 1374 1876 sacerrimicpiscopi
1389 1841 1456 1868 citra
1468 1840 1626 1868 inevitabile
1642 1840 1753 1876 aliquod

959 1883 1184 1920 impedimentum
1198 1891 1223 1912 et
1235 1886 1374 1913 evidenter
1399 1886 1588 1914 rationabilem
1615 1893 1728 1914 causam
1750 1907 1757 1920 ,

959 1931 1083 1966 longiore
1103 1937 1236 1965 tempore,
1254 1941 1336 1968 quam
1364 1940 1379 1960 a
1393 1934 1446 1968 piis
1465 1934 1570 1969 legibus
1597 1933 1753 1968 divinisque

959 1978 1113 2005 canonibus
1126 1978 1291 2012 prmﬂuitum
1316 1982 1374 2012 est,
1392 1979 1420 2005 in
1433 1987 1531 2013 magna
1546 1978 1613 2006 urbe
1632 1986 1758 2005 commo-

958 2027 1078 2050 reutur:
1103 2028 1151 2050 aut
1175 2024 1278 2059 alioqui
1302 2024 1343 2051 vel
1373 2024 1450 2051 inviti
1481 2025 1515 2052 ab
1536 2024 1581 2051 illa
1600 2024 1757 2059 ejicientur.

958 2068 1062 2097 Verum
1078 2070 1202 2104 ipsorum
1218 2070 1245 2097 in
1258 2077 1384 2105 magnam
1400 2071 1496 2098 urbem
1519 2070 1648 2098 introitus
1659 2078 1759 2098 secun-

959 2118 1024 2144 dum
1036 2122 1156 2145 veterem
1183 2125 1216 2144 ex
1242 2117 1396 2145 canouibus
1407 2122 1435 2144 et
1449 2117 1556 2151 legibus
1581 2120 1669 2144 ortam
1693 2117 1757 2144 tleri

959 2164 1039 2192 debet
1059 2163 1302 2192 consuetudinem.

993 2255 1070 2285 CAP.
1091 2250 1134 2283 ΙΙΙ.
1151 2270 1187 2276 -
1200 2255 1344 2291 Episcopo;
1365 2255 1469 2283 itineris
1488 2243 1749 2290 episcoporunt‘suaa

110 2320 189 2345 πους
204 2311 258 2346 τὰς
277 2313 374 2346 αἰτίας
392 2313 448 2347 τῆς
467 2313 640 2348 ὁδοιπορίας
665 2313 726 2340 τῶν
746 2313 784 2340 δι’
800 2313 902 2341 αὐτῶν

973 2303 1066 2330 itiones
1097 2303 1293 2330 transeuntium
1319 2311 1415 2330 causa:
1443 2302 1576 2338 inquirere
1610 2306 1745 2336 oportere.

107 2359 279 2391 παριόντων
292 2358 466 2386 ἐπισκόπων
478 2358 752 2394 πολυπραγμονεῖν.

144 2403 259 2431 Συνόδου
276 2404 411 2439 Σαρδικῆς
422 2403 513 2431 κανὼν
527 2407 582 2432 καν.

144 2450 272 2478 ΚΕΦΑΛ.
292 2453 328 2477 Δ’.
342 2466 378 2470 -
389 2451 459 2486 Περὶ
478 2451 662 2486 ἐπισκόπων,
680 2451 730 2478 καί
750 2450 903 2486 κληρικῶν

106 2496 260 2524 ἀπιόντων
273 2496 348 2531 πρός
357 2497 502 2530 βασιλέα,
516 2497 535 2530 ἢ
550 2497 623 2530 τοὺς
639 2497 705 2532 περὶ
717 2497 821 2524 αὐτόν.

143 2543 258 2571 Συνόδου
278 2544 443 2580 Ἀντιοχείας
458 2544 550 2572 κανὼν
569 2548 614 2577 ια’,
629 2544 679 2579 ιβ’·
701 2545 816 2572 Συνόδου
830 2545 901 2580 Σαρο

105 2589 187 2625 δικῆς
203 2590 342 2626 κανὼνκζς
362 2591 399 2628 η’,
415 2590 449 2626 θ’,
471 2590 513 2619 κα¹
526 2599 533 2606 ³
561 2591 676 2618 Συνόδου
703 2591 901 2627 Καρθαγέννης

105 2635 198 2664 κανὼν
210 2636 257 2671 ρδ’,
276 2639 330 2672 pg’.

143 2683 270 2711 ΚΕΦΑΛ.
289 2683 328 2710 E’.
344 2699 379 2704 —
391 2684 461 2718 Περὶ
471 2684 630 2719 ὑποδοχῆς
644 2683 751 2718 ξένων,
768 2684 817 2711 καὶ
833 2683 900 2719 περὶ

103 2729 265 2763 εἰρηνικῶν
280 2730 329 2756 καὶ
342 2730 534 2757 συστατικῶν
546 2729 728 2757 ἐπιστολῶν.

149 2775 318 2801 ’Δποστόλων
346 2773 437 2801 κανὼν
455 2774 500 2806 ιδ’,
523 2775 563 2808 λγ¹
576 2784 583 2790 ·
600 2775 709 2802 συνόδου
731 2775 899 2811 Ἀντιοχείας

103 2820 197 2848 κανὼν
217 2820 251 2854 ζ’,
272 2825 307 2857 η’,
327 2825 380 2847 ια’·
399 2821 509 2848 συνόδου
526 2821 687 2852 Λαοδικείας
720 2821 811 2848 κανὼν
843 2825 897 2856 μα’,

105 2866 168 2903 μ6”·
190 2868 299 2894 συνόδου
318 2867 491 2902 Χαλκηδόνος
502 2865 592 2893 κανὼν
609 2870 658 2901 ιγ’”
676 2867 786 2894 συνόδου
801 2867 898 2903 Σαρδι-

103 2913 157 2947 xi).-
176 2912 266 2939 κανὼν
296 2913 335 2939 θν·
362 2913 473 2940 συνόδου
495 2912 692 2948 Καρθαγέννης
721 2912 811 2940 κανὼν
831 2912 895 2946 κς-’·

104 2959 215 2988 συνόδου
232 2961 269 2993 ς’,
291 2960 380 2986 κανὼν
396 2959 437 2993 ιζι.

990 2398 1106 2426 Concilii
1119 2399 1293 2428 Sardicensis
1307 2406 1394 2427 canon
1410 2398 1455 2427 Η.

988 2443 1065 2472 CAP.
1081 2443 1126 2472 IV.
1145 2458 1180 2467 ς-
1195 2444 1232 2472 De
1247 2444 1376 2479 episcopis
1400 2449 1426 2471 et
1449 2443 1553 2471 clerici:
1573 2444 1619 2480 qui
1639 2443 1674 2471 ad
1697 2445 1749 2472 im-

953 2495 1102 2525 peratorem
1123 2490 1211 2525 ejuwe
1230 2490 1388 2517 comitatum
1411 2490 1519 2518 abeunt.

987 2535 1103 2564 Concilii
1125 2536 1289 2564 Antiocheni
1313 2543 1403 2563 canon
1421 2535 1466 2568 Η,
1486 2535 1661 2563 l2:concilii
1686 2535 1752 2564 Sar-

951 2583 1073 2610 dicensis
1091 2590 1180 2610 canon
1198 2583 1223 2616 7,
1239 2583 1267 2616 8,
1285 2581 1313 2616 9,
1328 2583 1359 2610 11
1372 2591 1380 2617 ;
1395 2582 1506 2610 concilii
1525 2581 1752 2619 Carthagineusis

953 2636 1041 2656 canon
1060 2628 1124 2661 104,
1148 2629 1212 2656 106.

986 2673 1062 2702 CAP.
1078 2673 1111 2701 V.
1128 2689 1165 2695 —
1184 2674 1224 2701 De
1243 2675 1440 2710 peregrinorum
1463 2677 1643 2711 susceptione,
1664 2680 1688 2702 et
1717 2675 1750 2702 de

949 2721 1067 2756 paciﬁcis
1087 2722 1360 2756 commendatitiisque
1385 2723 1492 2750 litteris.

984 2768 1178 2802 Apostolorum
1196 2775 1285 2796 canon
1299 2769 1341 2801 l2,
1357 2769 1407 2802 55;
1447 2769 1557 2797 concilii
1577 2768 1741 2797 Antiochcni

949 2822 1038 2842 canon
1072 2814 1097 2847 7,
1124 2814 1151 2847 8,
1181 2815 1236 2848 M;
1270 2816 1382 2843 concilii
1409 2815 1556 2843 Laodiceni
1580 2823 1668 2843 canon
1700 2815 1747 2847 41,

948 2861 1000 2894 42;
1034 2861 1145 2888 concilii
1172 2861 1412 2890 Chalcedonensis
1440 2869 1528 2890 canon
1560 2863 1602 2896 9;
1634 2862 1745 2889 concilii

950 2906 1122 2934 Sardicensis
1135 2914 1222 2934 canon
1238 2907 1254 2934 9
1267 2916 1274 2940 ;
1295 2907 1403 2935 consilii
1418 2906 1642 2942 tlarthagincnsis
1657 2913 1747 2935 canon

947 2953 1001 2986 εἴη
1018 2952 1127 2981 cencilii
1143 2953 1212 2981 sexti
1229 2961 1318 2982 canon
1343 2953 1388 2980 l7.
