1946 3076
208 195 280 230 1087

760 187 897 225 ΡΗΟΤῙΙ
915 192 1175 224 PATRIARCHA‘.‘
1191 194 1245 225 ΟΡ.

1777 193 1845 227 1088

240 251 318 280 CAP.
335 251 382 278 Vl.
401 266 437 272 -—
453 250 491 279 De
510 250 662 286 (ii/ferentia
685 250 860 286 paciﬁcarum
880 254 906 277 et
928 257 993 277 com.

1088 251 1217 278 ΚΕΦΑΛ.
1234 252 1280 285 q'.
1296 266 1332 272 -—-
1348 250 1417 285 Περί
1441 250 1587 286 διαφορᾶς
1601 251 1771 287 εἰρηνικῶν,
1797 254 1846 282 καὶ

201 299 421 326 mendatitiarum
439 297 600 326 litterarum.

237 353 355 381 Concilii
371 352 606 381 Chalcedonensis
621 360 710 380 canon
727 351 756 380 Η
773 361 780 385 ;
797 352 906 380 concilii
928 350 997 379 Car-

202 400 375 435 thaginensis
390 407 476 427 canon
497 399 560 427 106.

235 443 313 472 CAP.
331 443 385 471 νη.
407 458 442 463 -
457 443 558 476 Quibus
584 443 719 479 episcopos
749 443 888 471 subvenire
911 451 996 478 opor-

202 495 266 524 teat,
283 495 308 518 et
333 491 366 517 de
386 491 528 526 episcopis,
553 490 715 526 presbyteris
744 496 769 518 et
796 490 926 523 diaconis,
950 491 997 526 qui

200 537 380 572 indigentibus
402 537 575 565 ecclesiastici
608 537 722 574 [ordinis
740 537 891 565 hominibus
907 545 996 565 neces-

201 581 287 618 saria]
301 589 353 608 non
372 582 551 617 suppeditant.

236 626 434 662 Apostolorum
457 634 547 655 canon
565 626 621 660 59;
636 626 748 655 concilii
765 626 938 655 Sardicensis
950 634 998 654 ca-

200 679 255 700 non
273 672 299 700 'l.

234 726 344 754 Toxlus.
362 726 516 763 lndigentes
530 728 651 755 haeretici
667 736 721 755 non
740 728 880 763 accipiunt
895 735 910 756 e
922 729 998 764 judi-

199 773 250 802 ciis
267 780 314 802 aut
337 775 462 802 ecclesiis
484 783 516 802 ea
539 783 602 810 qua:
628 775 776 803 honoraria
796 775 944 808 dicuntur,
967 780 998 803 ut

203 819 252 847 lib.
269 828 290 852 ι,
309 821 350 848 lit.
365 821 393 851 5.
410 825 500 848 const.
515 821 532 849 8
547 821 700 858 [traditur].

237 866 384 897 Scholium.
417 867 514 896 Const.
549 868 576 902 8,
603 868 651 896 lib.
679 869 768 896 icod.
793 873 836 896 cst
861 877 922 904 cap.
949 868 996 902 28,

200 914 244 941 tit.
262 914 286 946 1,
306 914 353 941 lib.
378 923 385 941 l
417 913 501 942 Basil.
522 915 597 949 quod
621 915 713 948 habet,
734 920 764 942 ut
784 915 811 942 in
832 920 907 944 textu
923 923 1000 944 com-

199 960 330 996 pendiose
347 961 518 996 propositum
534 965 586 989 est.

234 1005 311 1033 CAP.
328 1006 396 1034 Vlll.
412 1023 445 1028 —
459 1006 498 1034 De
512 1007 631 1043 synodis,
648 1013 673 1035 et
689 1009 735 1044 qui
749 1009 784 1036 ad
797 1017 842 1036 eas
854 1017 906 1036 non
922 1017 997 1037 acce-

198 1052 277 1079 (lunt.

233 1099 428 1134 Apostolorum
450 1107 537 1128 canon
556 1101 611 1135 57;
638 1101 748 1130 concilii
775 1102 878 1130 Nicmni
906 1111 995 1132 canon

198 1145 232 1179 5;
249 1146 360 1173 concilii
384 1146 548 1175 Antiocheni
575 1155 663 1176 canon
687 1149 740 1183 20;
762 1150 870 1178 concilii
895 1150 996 1178 Laodi-

199 1192 260 1218 (ευηί
278 1199 367 1219 canon
382 1191 439 1227 40;
456 1194 564 1221 concilii
590 1194 823 1224 Chalcedonensis
841 1204 928 1224 canon
952 1198 996 1232 19,

199 1237 230 1264 21
246 1246 253 1269 ;
278 1238 389 1266 concilii
406 1238 632 1276 Carthaginensis
647 1249 735 1269 canon
757 1242 801 1275 18,
816 1243 861 1275 75,
877 1243 922 1274 76.
941 1244 996 1278 95;

199 1284 308 1311 concilii
324 1285 393 1312 sexti
411 1292 501 1314 canon
515 1286 548 1321 8;
572 1288 683 1316 concilii
700 1287 803 1317 Nicacni
820 1290 934 1318 secundi
951 1298 997 1319 ca-

198 1337 254 1357 non
274 1330 301 1358 6.

237 1376 347 1406 Texlus.
364 1378 459 1407 Const.
472 1380 527 1408 Qct
542 1381 586 1413 17,
603 1381 644 1409 tit.
661 1382 673 1409 1
692 1381 865 1410 Novellarum
886 1384 994 1418 volunt,

197 1428 355 1460 ctc.,usque
370 1425 404 1452 ad
419 1426 572 1455 alliciantur
584 1429 729 1464 supplicio,
748 1436 777 1458 ut
793 1439 855 1466 pag.
871 1431 934 1460 679.

234 1531 381 1560 Sclmlium.
406 1534 500 1563 Const.
524 1535 542 1562 2
568 1541 595 1564 et
623 1537 667 1569 17,
694 1538 735 1566 tit.
763 1540 774 1566 1
806 1539 993 1575 Novellarum,

198 1583 264 1623 sunt
277 1579 390 1607 novellm
407 1580 468 1613 ηδ,
485 1589 546 1616 cap.
562 1583 612 1616 13;
636 1588 664 1611 et
679 1586 792 1613 novella}
807 1587 869 1620 157,
891 1596 950 1623 cap.
967 1589 995 1617 7.

1049 296 1246 324 συστατικῶν
1263 297 1441 325 ἐπιστολῶν.

1085 351 1199 379 Συνόδου
1215 351 1389 388 Χαλκηδόνος
1404 353 1493 381 κανὼν
1504 353 1538 382 ια’
1550 362 1557 369 ·
1575 354 1687 382 συνόδου
1702 355 1847 391 Καρθαγέ-

1049 406 1099 434 νης
1113 397 1204 426 κανὼν
1219 401 1276 435 pg’.

1086 442 1214 469 ΚΕΦΔΛ.
1230 444 1269 470 Ζ¹.
1284 458 1318 462 -
1338 443 1400 471 Τίσι
1414 443 1462 471 δεῖ
1479 444 1552 478 τοὺς
1567 444 1757 478 ἐπισκόπους
1772 445 1847 479 ﬂon-

1051 488 1129 520 θεῖν.
1146 487 1196 516 καί
1212 489 1279 524 περὶ
1297 489 1482 523 ἐπισκόπων,
1501 491 1552 518 καί
1563 491 1784 525 πρεσϐυτέρων,
1798 494 1846 521 καὶ

1049 534 1201 561 διακόνων
1210 534 1254 569 μὴ
1271 537 1484 571 χορηγούντων
1495 538 1559 571 τοῖς
1583 537 1724 565 ἐνδεέσιν
1736 537 1846 572 ἐκκλη-

1049 587 1233 614 σιαστικοις.

1093 625 1264 654 Ἀποστόλων
1295 626 1386 655 κανὼν
1418 627 1476 655 νϐ’·
1494 628 1604 656 συνόδου
1632 628 1769 665 Σαρδικῆς
1795 638 1845 657 κα-

1050 671 1104 700 νὼν
1119 671 1154 704 ζ’.

1086 728 1242 763 Κείμενον.
1259 729 1292 756 Οἱ
1308 729 1454 765 πενόμενοι
1476 724 1611 766 αἱρετικοὶ
1628 730 1659 758 οὐ
1675 730 1847 766 λαμϐάνουσι

1050 774 1085 802 τὰ
1098 774 1236 810 λεγόμενα
1262 774 1437 811 ἀξιωματικὰ
1451 777 1506 804 ἀπὸ
1529 777 1584 804 τῶν
1610 777 1806 814 δικαστηρίων,
1829 778 1848 814 ἢ

1050 821 1106 848 τῶν
1126 821 1296 858 Ἑκκλησιῶν
1305 822 1343 854 ὡς
1358 822 1461 858 βιὸλίον
1477 823 1513 856 α’,
1529 823 1582 851 τίτ.
1599 827 1629 856 ε’,
1641 824 1713 852 διάτ.
1728 827 1766 858 η’.

1087 869 1229 903 Σχόλιον.
1248 869 1281 896 Ἦ
1305 872 1331 904 η’
1354 869 1427 897 διάτ.
1450 869 1498 896 τοῦ
1514 869 1535 896 ε’
1552 870 1603 898 tit.
1632 870 1680 897 τοῦ
1698 874 1723 897 α’
1743 870 1852 906 βιϐλίου

1051 913 1099 940 τοῦ
1115 913 1231 945 κώδικος
1248 913 1305 941 ἔστι
1321 923 1385 949 κεφ.
1401 918 1457 951 κη’,
1472 915 1520 942 τοῦ
1533 918 1556 942 α’
1578 915 1680 951 βισλίου
1696 916 1751 942 τῶν
1766 915 1851 943 Βασι-

1053 960 1137 987 λικῶν
1151 960 1239 994 οὕτως
1258 961 1320 997 ἕχον
1338 961 1377 994 ὡς
1388 962 1545 998 συνωψίσθη
1558 962 1598 995 είς
1615 962 1646 990 τὸ
1660 963 1796 998 κείμενον.

1089 1007 1216 1034 ΚΕΦΛΛ.
1234 1008 1275 1033 ﬂ'.
1288 1022 1323 1028 —-
1340 1009 1412 1043 Περὶ
1432 1008 1583 1042 συνόδων,
1601 1007 1652 1036 καί
1666 1008 1727 1036 τῶν
1737 1009 1780 1042 εἰς
1795 1009 1852 1036 αὺ-

1052 1054 1107 1088 τὰς
1121 1054 1163 1090 μὴ
1176 1055 1339 1082 ἀπιόντων.

1094 1100 1267 1128 ’Δποστόλων
1278 1099 1372 1128 κανὼν
1381 1100 1421 1134 λζ’
1431 1122 1439 1135 ,
1454 1101 1563 1129 συνόδου
1577 1101 1696 1134 Νικαίας
1710 1101 1802 1129 κανὼν
1813 1106 1834 1128 ε’
1844 1111 1850 1117 ·

1059 1145 1169 1174 συνόδου
1193 1146 1360 1182 Ἀντιοχείας
1383 1146 1474 1175 κανὼν
1491 1147 1528 1184 η’,
1546 1148 1656 1176 συνόδου
1686 1149 1850 1180 Λαοδικείας

1053 1193 1145 1220 κανὼν
1158 1192 1185 1228 μ’
1196 1193 1330 1223 ’τσυνόδου
1347 1193 1521 1230 Χαλκηδόνος
1537 1194 1627 1222 κανὼν
1641 1195 1684 1227 ιθ¹,
1703 1194 1746 1222 κα¹
1757 1203 1764 1211 ·
1786 1203 1850 1222 συν-

1053 1239 1114 1266 όδου
1127 1239 1311 1276 Καροαγένης
1337 1240 1429 1267 κανὼν
1457 1244 1502 1276 ιη’,
1513 1239 1564 1276 ογ’,
1591 1241 1644 1275 ος’,
1663 1243 1703 1275 ιιε¹
1715 1248 1722 1255 ·
1741 1241 1852 1269 συνόδου

1055 1289 1094 1320 ς’,
1108 1285 1200 1314 κανὼν
1211 1290 1252 1323 η’·
1266 1286 1377 1314 συνόδου
1392 1287 1512 1320 Νικαίας
1518 1287 1549 1315 τὸ
1562 1287 1596 1324 β’,
1614 1287 1707 1316 κανὼν
1723 1287 1762 1320 ς’.

1085 1382 1243 1416 Κείμενον.
1266 1381 1298 1408 Ἦ
1318 1381 1340 1418 β’
1358 1382 1407 1409 καὶ
1436 1380 1469 1414 ιζ’
1496 1372 1580 1413 διάέ..
1602 1380 1650 1408 τοῦ
1667 1385 1692 1408 α’
1713 1381 1765 1409 sit.
1794 1381 1853 1408 τῶν

1054 1428 1171 1463 Νεαρῶν
1187 1428 1339 1463 βούλονται,
1353 1437 1380 1455 κ.
1395 1436 1420 1455 τ.
1437 1427 1477 1460 λ.,
1494 1436 1583 1464 usque
1597 1428 1659 1465 adi)
1680 1428 1719 1465 μὴ
1734 1429 1852 1464 μηνύον-

1052 1483 1099 1506 τες
1113 1476 1147 1510 τῇ
1166 1475 1302 1511 βασιλείᾳ,
1318 1475 1442 1511 ἐσχάτως
1455 1475 1653 1511 τιμωροῦνται.

1088 1532 1228 1567 Σχόλιον.
1251 1533 1284 1559 Ἥ
1301 1531 1323 1569 β’
1337 1533 1383 1559 καὶ
1400 1532 1432 1565 ιζ’
1447 1533 1517 1561 διάτ.
1548 1533 1596 1560 τοῦ
1612 1532 1698 1560 α’τίτ.
1711 1533 1766 1560 τῶν
1777 1533 1852 1561 Νεα-

1058 1577 1124 1614 ρῶν,
1140 1579 1194 1605 είσὶ
1205 1578 1256 1614 τῆς
1276 1579 1325 1614 μὲν
1336 1578 1398 1614 ρκγ¹
1412 1579 1523 1616 Νεαρᾶς
1538 1588 1601 1614 κεφ.
1618 1583 1662 1614 ιγ’,
1680 1581 1730 1616 τῆς
1739 1580 1768 1607 δὲ
1784 1580 1852 1616 ρλδ’,

199 1622 303 1650 Inserta
321 1628 386 1651 sunt
402 1630 491 1652 autem
510 1627 592 1655 ambo
606 1628 652 1657 lib.
668 1629 753 1658 Basil.
768 1639 813 1664 ιιι,
831 1632 873 1660 tit.
895 1622 993 1668 1,7cap.

1071 1633 1116 1659 εφ.
1132 1623 1165 1654 ζ’.
1181 1624 1420 1660 Κατεστρώοησαν
1433 1625 1461 1652 δὲ
1477 1626 1560 1661 ἄμφω
1573 1627 1602 1653 ὲν
1617 1625 1780 1661 βιῧλίῳιτῶν
1795 1626 1853 1654 Βα-

197 1668 233 1696 20
248 1674 275 1696 ot
288 1669 334 1703 21,
354 1679 416 1706 quae
430 1672 511 1700 etiam
530 1674 586 1702 illic
613 1675 698 1711 legas.
728 1676 797 1705 Nam
821 1679 865 1707 hic
891 1679 993 1710 inserta

198 1723 253 1744 non
270 1722 344 1752 sunt,
362 1723 392 1746 ut
408 1727 470 1755 quae
483 1721 632 1750 ellicaciam
649 1731 705 1751 non
721 1724 849 1753 habeant.

233 1797 310 1826 CAP.
326 1799 373 1829 1X.
388 1815 424 1822 —
439 1801 481 1829 Ne
494 1807 589 1831 temere
599 1805 715 1840 episcopi
723 1810 770 1833 aut
783 1806 873 1835 clerici
885 1807 991 1844 (liberos

198 1844 270 1878 suos)
286 1847 463 1881 emancipent.

233 1890 349 1919 Concilii
364 1892 589 1929 Carthaginensis
606 1905 692 1925 canon
711 1899 758 1927 55.

233 1946 310 1974 CAP.
328 1947 362 1975 Χ.
382 1963 419 1970 —-
440 1949 578 1983 Quomodo
601 1954 717 1989 episcopi
744 1958 918 1991 competentia
943 1958 994 1987 sibi

196 1992 266 2026 loca,
285 2002 344 2029 qua
355 1994 387 2022 ab
406 1996 536 2026 hareticis
550 1999 711 2035 detinentur,
732 2002 878 2031 vindicent.

233 2089 348 2118 Concilii
363 2092 588 2127 Carthaginensis
607 2103 696 2124 canon
716 2097 778 2126 1‘21.

237 2135 346 2164 Texlus.
355 2136 467 2166 Novella
477 2140 521 2172 57,
534 2141 572 2168 ait
582 2141 719 2171 Ecclesias
728 2143 837 2179 Africaa,
848 2151 898 2174 clo.
912 2156 993 2184 usque

198 2181 233 2208 ad
247 2182 356 2210 auferre
374 2183 489 2221 [posse],
503 2190 531 2212 ut
541 2195 604 2222 pag.
619 2188 682 2220 679,
700 2189 762 2218 682.

234 2236 381 2266 Scholium.
406 2238 516 2268 Novella
546 2241 580 2269 57
606 2243 694 2278 posita
716 2251 760 2272 est
778 2247 804 2273 in
833 2247 915 2274 liasil.
935 2247 992 2276 Hoc

198 2287 288 2309 autem
315 2284 403 2319 ipsius
419 2293 478 2321 cap.
506 2295 560 2315 non
582 2293 624 2316 est
647 2291 777 2325 positum.
808 2292 991 2326 Quamobrem

199 2337 233 2356 nc
249 2329 358 2357 inanem
376 2331 496 2359 laborem
513 2335 661 2370 suscipias.

234 2382 311 2429 CAP.
330 2383 377 2412 XI.
405 2385 482 2418 Quod
509 2387 619 2416 lectores
644 2389 743 2425 plebem
769 2400 858 2419 versus
887 2394 994 2429 genicu-

200 2427 254 2454 lnri
268 2437 319 2456 non
338 2430 461 2460 debeant.

235 2483 351 2511 Concilii
367 2484 595 2522 Carthaginiensis
610 2496 699 2517 canon
720 2491 763 2518 16.

235 2537 312 2566 CAP.
329 2539 387 2568 ΧΠ.
411 2540 451 2569 De
467 2543 606 2579 episcopis,
623 2546 668 2580 qui
690 2554 742 2574 non
765 2553 919 2576 convertunt
938 2549 994 2578 hae-

201 2585 309 2618 reticos,
341 2587 412 2613 etde
429 2588 558 2624 episcopis
583 2595 605 2616 et
621 2591 735 2625 clericis,
757 2594 803 2628 qui
829 2602 881 2621 non
905 2595 998 2623 docent

200 2631 337 2666 populum,
356 2637 380 2660 et
399 2636 469 2669 quod
498 2636 635 2670 episcopus
658 2646 706 2672 pro
727 2639 824 2674 populo
840 2640 894 2668 Deo
913 2643 998 2668 ratio-

202 2687 260 2704 ncm
287 2679 401 2713 reddat;
425 2686 451 2708 et
485 2686 592 2717 quando
632 2692 691 2712 cum
730 2689 843 2721 populus
871 2688 996 2722 peccavit,

202 2736 211 2751 ι
217 2724 286 2752 (erus
297 2728 553 2757 excommunicatur.

240 2816 433 2851 Apostolorum
448 2827 536 2847 canon
558 2820 605 2854 '56,
621 2821 665 2854 59,
684 2822 735 2856 58;
753 2823 861 2850 concilii
883 2823 998 2852 Cartha-

206 2871 220 2894 ις
234 2863 326 2891 nsnsis
347 2872 436 2892 canon
452 2866 514 2900 ηδ,
530 2867 598 2901 125;
626 2869 736 2896 cunulii
755 2870 825 2896 sexti
841 2879 928 2898 canon
957 2872 996 2904 l9,

206 2909 252 2933 bi.

1050 1671 1161 1698 σιλικῶν
1177 1669 1213 1706 γ’,
1223 1671 1275 1698 τίτ.
1290 1670 1326 1705 α’,
1343 1680 1406 1706 κεφ.
1422 1671 1456 1706 κ’,
1472 1673 1520 1700 καὶ
1532 1671 1586 1700 xu"
1606 1673 1624 1700 ἃ
1646 1673 1694 1700 καὶ
1708 1673 1852 1707 ἀνάγνωθι

1049 1716 1255 1744 ἐκεῖ’ὲνταῦοα
1279 1717 1334 1753 γὰρ
1365 1717 1395 1744 οὺ
1421 1717 1651 1754 κατεστρώθησαν
1671 1717 1709 1750 ὡς
1737 1718 1776 1754 μὴ
1805 1718 1853 1745 ὲν-

1049 1761 1192 1798 εργοῦντα.

1087 1807 1215 1835 ΚΕΦΑΛ.
1229 1806 1269 1835 ϐ’.
1280 1823 1314 1827 -
1328 1807 1399 1842 Περί
1420 1807 1477 1835 τοῦ
1488 1808 1531 1843 μὴ
1545 1808 1586 1842 ὡς
1601 1808 1711 1844 ἔτυχεν
1722 1808 1854 1836 ἐπίσκοο

1049 1861 1108 1880 πον
1122 1852 1141 1887 ἢ
1153 1852 1301 1887 κληρικὸν
1314 1853 1596 1888 ἐμμαγκιπατεύειν.

1085 1899 1198 1926 Συνόδου
1215 1899 1397 1935 Καρθαγένης
1411 1899 1502 1926 κανὼν
1515 1898 1563 1927 λε’.

1084 1953 1211 1982 ΚΕΦΛΛ.
1225 1954 1254 1982 Ι’.
1269 1954 1336 1987 Πῶς
1352 1953 1530 1982 ἐκδικοῦσιν
1544 1954 1571 1981 oi
1592 1954 1755 1981 ἐπίσκοποι
1778 1954 1855 1989 τοὺς

1050 2000 1232 2035 ἁρμόζοντας
1246 2000 1351 2034 αὐτοῖς
1378 2001 1495 2034 τύπους
1515 2000 1596 2036 παρὰ
1613 1999 1771 2035 αἰρετικῶν
1782 2010 1856 2029 κατ-

1048 2045 1223 2081 δεχομένους.

1047 2097 1064 2130 .*_.
1085 2094 1199 2121 Συνόδου
1213 2093 1397 2129 Καρθαγένης
1412 2093 1504 2122 κανὼν
1516 2097 1588 2130 ρκα’.

1083 2139 1237 2174 Κείμενον.
1258 2139 1289 2165 'll
1302 2137 1340 2172 λζ’
1356 2138 1483 2174 Νεαρῶν,
1495 2140 1562 2174 φησὶ
1575 2140 1624 2171 τὰς
1635 2139 1785 2175 ἐκκλησίας
1801 2140 1855 2172 τῆς

1055 2185 1200 2221 Ἀφρικῆς,
1215 2193 1242 2212 κ.
1258 2193 1285 2212 τ.
1304 2185 1342 2218 λ.,
1355 2192 1444 2220 usque
1459 2185 1493 2212 ad
1515 2186 1625 2221 χρονίας
1645 2187 1852 2222 παραγραφῆς.

1084 2241 1224 2274 Σχόλιον.
1250 2239 1283 2266 Ἦ
1308 2239 1346 2273 νζ⁷
1362 2239 1447 2275 νεαρὰ
1472 2240 1553 2276 ἐτέθη
1585 2242 1625 2272 εἰς
1647 2240 1682 2268 τὰ
1705 2240 1852 2268 Βασιλικά.

1049 2287 1134 2314 Τοῦτο
1149 2287 1177 2314 δὲ
1192 2287 1279 2323 αὐτῆς
1292 2287 1323 2314 τὸ
1351 2296 1414 2323 κεφ.
1438 2288 1489 2315 οὐκ
1503 2286 1595 2324 ἐτέθη,
1609 2287 1657 2316 καὶ
1673 2287 1712 2323 μὴ
1735 2295 1854 2323 ματαιο-

1051 2334 1118 2369 πονή
1123 2342 1181 2370 σῃς.

1083 2390 1208 2418 ΚΕΦΑΔ.
1224 2389 1275 2418 lA'.
1292 2404 1327 2411 —
1339 2390 1411 2425 Περὶ
1426 2390 1480 2418 τοῦ
1486 2391 1529 2426 μὴ
1545 2391 1680 2426 ὀφείλειν
1692 2391 1765 2424 τοὺς
1779 2391 1856 2418 dra-

1048 2433 1185 2469 γνώστας
1201 2433 1241 2467 τῷ
1255 2434 1339 2469 δήμῳ
1353 2434 1550 2469 προσκυνεῖν.

1085 2490 1199 2517 Συνόδου
1216 2489 1398 2526 Καρθαγένης
1406 2489 1498 2517 κανὼν
1510 2493 1559 2523 ις’.

1085 2545 1210 2573 ΚΕΦΑΛ.
1225 2545 1279 2573 ΙΒ.’
1298 2561 1333 2566 ——
1351 2545 1422 2580 Περὶ
1438 2544 1614 2573 ἐπισκόπων
1643 2545 1686 2580 μὴ
1711 2545 1857 2581 ἐπιστρε-

1048 2593 1167 2628 φόντων
1181 2591 1253 2625 τοὺς
1264 2592 1441 2626 αἱρετικοὺς,
1454 2591 1504 2618 καὶ
1517 2592 1584 2626 περὶ
1594 2592 1783 2625 ἐπισκόπων,
1799 2593 1856 2620 καὶ

1049 2638 1212 2674 κληρικῶν,
1233 2640 1277 2673 μὴ
1307 2638 1515 2666 διδασκόντων
1541 2638 1595 2665 τὸν
1618 2639 1705 2671 λαὸν,
1724 2639 1775 2666 καί
1807 2639 1858 2666 ὅτι

1048 2686 1216 2718 ἐπίσκοπος
1235 2685 1313 2721 ὑπὲρ
1337 2684 1392 2712 τοῦ
1408 2684 1485 2713 λαοῦ
1500 2684 1693 2720 ἀπολογεῖται
1713 2684 1755 2717 τῷ
1777 2686 1856 2719 Θεῷ,

1049 2733 1100 2760 καί
1108 2739 1181 2759 ποτε
1191 2732 1245 2759 τοῦ
1253 2732 1331 2760 λαοῦ
1340 2730 1571 2768 ἁμαρτήσαντος
1586 2732 1603 2758 ὁ
1612 2730 1728 2765 κλῆρος
1742 2732 1858 2768 ἀφορί-

1051 2779 1137 2810 (erat.

1093 2825 1263 2854 ’Λποστὸλων
1278 2825 1370 2853 κανὼν
1383 2826 1438 2859 λς’,
1452 2825 1502 2859 λθν,
1520 2831 1559 2862 νῆ’
1571 2835 1578 2842 ·
1598 2827 1710 2854 συνόδου
1735 2826 1860 2862 Καρθα-

1051 2872 1133 2909 γένης
1146 2873 1236 2900 κανὼν
1252 2872 1322 2910 ρκγ¹,
1351 2873 1417 2909 ρκδ”
1431 2874 1538 2901 συνόδου
1553 2877 1589 2907 ς’,
1610 2875 1701 2901 κανὼν
1720 2874 1764 2905 t0'.
1780 2874 1817 2907 ξδ’
1824 2895 1831 2901 .
