1956 3049
109 132 177 164 1089

558 127 802 158 NOMOCANON.
823 138 858 144 —-
872 126 946 156 TIT.
967 125 1050 161 VIII,
1067 125 1145 154 CAP.
1160 123 1302 154 VI-XIII.

1693 119 1762 152 1090

144 185 270 212 ΚΕΦΑΛ.
288 184 339 212 II".
356 199 391 204 —
404 182 474 217 Περὶ
489 183 668 210 ἐπισκόπων
684 182 734 210 καί
752 181 921 216 κληρικῶν,

993 178 1072 207 CAP.
1109 178 1178 206 XIII.
1197 178 1237 206 De
1259 177 1386 213 episcopis
1414 181 1439 204 el
1463 177 1564 204 clericis
1589 178 1753 204 mundanum

107 231 258 267 κοσμικόν
270 239 297 258 τι
313 229 507 265 πραττόντων
529 228 688 263 δημόσιον,
706 228 725 263 ἣ
746 227 906 261 ιδιωτικὸν,

107 279 128 313 ἢ
147 276 326 311 ἐπιτροπήν.

150 333 322 360 Ἀποστόλων
347 332 440 360 κανὼν
456 331 494 365 ς’,
520 332 581 359 πα¹·
602 331 712 358 συνόδου
735 330 908 366 Χαλκηδόνος

108 380 199 409 κανὼν
210 379 235 414 Υ
245 389 251 395 ·
281 379 392 406 συνόδου
412 379 594 415 Καροαγένης
623 378 716 405 κανὼν
729 386 759 410 ις
770 386 777 393 ·
798 377 908 404 συνόδου

109 427 228 459 Νικαίας
240 427 271 453 τὸ
285 425 319 462 β’,
337 426 429 453 κανὼν
440 425 470 453 ι’·
489 426 599 453 συνόδου
616 428 642 453 α’
660 426 708 452 καὶ
725 425 748 461 β’
762 424 840 460 ὲντῷ
852 423 909 459 ναῷ

110 474 163 501 τῶν
180 473 266 508 ἁγίων
275 473 433 500 ἀποστόλων
449 472 541 500 κανὼν
559 471 605 500 ια’.

111 555 120 564 ”
145 567 302 600 Κείμενον.
326 564 359 592 Ἦ
389 563 505 598 ιζ’διάτ.
527 564 575 592 τοῦ
592 563 616 599 Υ
634 564 687 591 τίτ.
714 564 762 591 τοῦ
780 563 907 596 κώδικος.

109 621 139 640 κ.
153 621 178 639 τ.
193 611 230 645 λ.,
242 618 329 647 usque
340 610 375 638 ad
387 610 464 643 θείας
476 610 660 646 λειτουργίας.

109 659 289 729 21Ξζέχόλιιγινί.
297 693 331 720 Ἡ
344 692 377 726 ιζ’
390 693 461 721 διάτ.
473 696 498 727 γ’
513 691 592 728 τοῦξω
609 692 714 728 βιϐλίου
724 674 775 720 ,τοῦ
794 676 909 724 κώδῖκος

110 741 161 768 οὐκ
171 741 251 776 ἐτέθη
262 741 302 772 είς
313 740 348 767 τὰ
362 739 506 768 Βασιλικά.
522 739 590 767 Οὐδὲ
606 740 623 776 ὴ
638 738 663 775 μ’
683 739 773 775 οὐδὲὴ
795 738 835 766 va.’
862 739 910 766 καὶ

113 787 201 822 μάτην
219 787 256 822 μὴ
272 786 366 814 κοπία.

110 834 126 857 7‘
148 835 303 869 Κείμενον.
323 833 356 860 Ἡ
368 833 397 860 δὲ
414 832 436 868 β’
450 833 521 861 διάτ.
541 833 588 860 τοῦ
604 832 628 860 α’
641 833 694 862 τίτ.
711 833 765 861 τῶν
782 832 909 869 Νεαρῶν,

962 225 1066 261 aliquid
1081 225 1273 256 exercentibus,
1297 224 1361 260 (sive
1376 223 1415 259 id)
1443 223 1578 258 publicum
1601 224 1654 251 sive
1668 224 1759 258 priva-

964 277 1020 300 tum
1034 272 1092 308 (sit)
1108 278 1154 299 aut
1172 272 1274 307 (etiam)
1290 272 1487 305 redempturam
1505 275 1552 298 aut
1567 270 1690 298 tutelam.

999 329 1200 364 Apostolorum
1224 335 1313 356 canon
1337 327 1365 360 6,
1391 327 1444 361 8|;
1469 327 1578 355 concilii
1605 327 1760 355 Chalcedo-

963 377 1059 404 nensis
1079 383 1167 403 canon
1184 375 1218 409 3;
1234 374 1343 402 concilii
1360 374 1583 409 Carthaginiensis
1599 382 1686 402 canon
1705 374 1758 402 16:

963 422 1071 449 concilii
1087 420 1190 449 Niczeni
1217 421 1331 449 secundi
1358 428 1447 448 canon
1466 420 1520 454 £0;
1540 420 1649 448 concilii
1679 421 1761 455 primi

963 472 991 495 et
1006 467 1118 494 secundi
1135 467 1161 494 in
1180 467 1282 503 templo
1298 466 1467 494 Sanctorum
1479 466 1673 501 Apostolorum
1696 465 1760 503 [ha-

964 513 1026 550 bili]
1039 521 1126 541 canon
1142 514 1186 541 II.

999 560 1107 588 Tutus.
1121 561 1217 587 Const.
1242 561 1286 594 I7,
1300 561 1344 590 tit.
1366 562 1398 594 5,
1422 561 1470 589 lib.
1490 569 1497 588 I
1515 560 1576 588 cod.
1599 564 1680 593 vetat,
1695 563 1761 591 εις..

964 613 1046 640 usque
1061 605 1096 632 ad
1108 605 1293 632 ministerium
1312 606 1461 641 negligant,
1484 610 1515 633 ut
1529 613 1592 641 pag.
1613 605 1676 638 685,
1696 605 1760 633 686.

1001 697 1151 727 Scltolium.
1179 698 1274 727 Const.
1291 699 1335 732 17.
1353 699 1396 727 tit.
1413 700 1440 732 '5,
1456 699 1504 728 lib.
1527 708 1535 727 ι
1571 700 1632 728 cod.
1648 707 1702 728 non
1720 704 1764 728 est

965 746 1052 780 posita
1069 746 1095 773 in
1119 745 1202 774 Basil.
1233 754 1321 782 neque
1345 746 1390 780 40,
1410 754 1501 782 neque
1520 747 1565 780 5|,
1595 755 1629 775 ne
1656 746 1760 774 frustra

964 791 1083 819 labores.

1003 837 1112 865 Textus.
1124 838 1220 866 Const.
1232 838 1261 871 2,
1275 838 1318 866 tit.
1333 839 1345 866 Ι
1363 837 1537 866 Novellarum
1547 839 1595 872 ait,
1607 839 1689 874 quod,
1698 843 1763 872 etc.,

108 867 181 917 quo).
195 867 237 908 an
251 880 400 913 ἐπίσκοπος
415 867 448 908 κ.
461 889 488 907 τ.
503 880 541 914 λ.,
567 888 657 916 usque
671 880 706 908 ad
718 880 825 908 οἰκοθεν
839 867 908 907 timo-

972 890 1046 918 uque
1055 884 1090 910 ad
1106 884 1140 912 de
1152 891 1205 912 suo
1217 867 1378 918 resin-ciant,
1395 889 1423 911 ut
1434 893 1496 920 pag.
1513 883 1576 913 686.

112 928 305 964 θεραπεύουσι.

146 975 287 1009 Σχόλιον.
309 975 342 1002 Ἠ
359 973 381 1010 β’
398 974 469 1002 διάτ.
482 974 529 1002 τοῦ
540 973 565 1002 α’
576 974 628 1002 τίτ.
645 974 698 1002 νῶν
707 975 835 1011 Νεαρῶν,
851 974 910 1001 ἐστι

111 1020 210 1057 Νεαρά
224 1021 439 1053 Ἰουστινιάνειος
463 1020 522 1056 ρκγ¹
543 1021 659 1057 κειμένη
688 1022 718 1048 ὲν
742 1021 839 1057 βιϐλίῳ
856 1021 911 1049 τῶν

112 1068 266 1095 Βασιλικῶν
280 1066 317 1102 γ’,
343 1067 443 1100 τίτ.α’,
458 1076 521 1102 κεφ.
542 1066 588 1101 ιγ’,
610 1067 652 1101 ιδ’,
684 1067 725 1095 ιε’.
745 1068 858 1103 Ἔχουσι
881 1068 911 1095 δὲ

110 1113 200 1141 ταῦτα
216 1113 309 1145 καθὼς
324 1113 546 1149 συνωῴίσθησαν.
572 1114 653 1150 Ζήτει
684 1114 845 1149 ἀναγκαίως
864 1114 911 1141 καὶ

111 1160 162 1196 τὴν
175 1160 248 1188 κατὰ
273 1159 324 1196 τὴν
337 1159 363 1196 η’
378 1160 426 1186 τοῦ
443 1160 617 1196 Δεκεμϐρίου
642 1160 728 1196 μηνδς
743 1160 792 1196 τῆς
815 1160 842 1194 ς’
863 1161 912 1188 Ἰνο

112 1206 247 1239 δικτιόνος
256 1207 408 1242 γενομένην
424 1207 566 1243 συνοδικὴν
587 1207 738 1242 σημείωσιν
764 1207 841 1244 παρὰ
862 1207 911 1234 τοῦ

113 1253 268 1287 ἁγιωτάτου
292 1253 466 1289 πατριάρχου
493 1254 589 1290 κυρίου
619 1255 713 1281 Λουκᾶ
743 1254 825 1290 χάριν
839 1251 842 1253 ’
856 1255 912 1282 τῶν

113 1299 301 1334 ἐνεργούντων
319 1299 459 1336 κληρικῶν
467 1301 639 1335 δημοσιακὰς
653 1301 776 1333 δουλείας
788 1301 836 1328 καὶ
845 1309 913 1337 προ-

115 1346 251 1378 σωπικάς,
267 1346 316 1372 καὶ
337 1347 578 1382 καταστρωθετσαν
592 1348 622 1374 ὲν
651 1347 691 1383 τῷ
705 1346 741 1380 ις’
754 1347 848 1374 κανόνι
864 1347 913 1382 τῆς

115 1392 147 1418 ὲν
161 1391 326 1428 Καρθαγένῃ
352 1393 473 1419 συνόδου.
492 1391 556 1419 Ἐπὶ
579 1394 630 1428 τῆς
662 1393 861 1429 πατριαρχείας
884 1393 912 1420 δὲ

115 1437 163 1464 τοῦ
177 1437 330 1474 μακαρίτου
339 1439 435 1473 κυρίου
447 1438 572 1466 Ἰωάννου
588 1439 659 1466 κατὰ
677 1439 750 1474 μῆνα
776 1440 913 1475 Φευρουά-

117 1492 176 1520 ριον
193 1484 348 1517 ίνδικτιόνος
364 1484 390 1520 η’
400 1485 496 1520 γέγονε
512 1485 658 1521 σημείωμα
673 1486 811 1512 συνοδικὺν
826 1486 912 1521 διορι-

115 1531 230 1568 ζόμενον
259 1532 296 1569 μὴ
312 1534 473 1572 συνηγορεῖν
501 1533 652 1566 διακόνους,
673 1533 690 1569 ἢ
706 1533 800 1565 ἁπλῶς
814 1533 912 1568 ἐκκλη-

116 1578 286 1610 σιαστικοὺς,
303 1578 319 1614 ἢ
338 1579 484 1614 μοναχοὺς,
498 1579 512 1606 ὃ
535 1580 582 1606 καὶ
603 1579 742 1614 ἀνάγνωθι
757 1587 916 1615 καταστρω-

115 1623 163 1650 θὲν
177 1624 253 1660 ἐντῷ
266 1623 304 1657 ις’
313 1625 406 1652 κανόνι
421 1626 471 1660 τῆς
479 1626 508 1653 ὲν
522 1625 689 1662 Καρθαγένῃ
700 1625 823 1652 συνόδου.
836 1625 915 1652 Κατὰ

116 1669 146 1697 δὲ
161 1670 207 1697 τὸν
227 1672 393 1707 Ἰανουάριον
407 1672 480 1708 μῆνα
495 1672 545 1708 τῆς
556 1671 576 1699 δ’
593 1672 761 1705 ίνδικτιόνος,
773 1680 913 1708 πατριαρ-

116 1717 244 1752 χεύοντος
256 1716 303 1744 τοῦ
329 1718 483 1753 μακαρίτου
503 1719 675 1755 πατριάρχου
694 1719 790 1754 κυρίου
803 1718 914 1754 Μιχαὴλ

115 1763 163 1790 τοῦ
190 1763 333 1799 Ἀγχιάλου
358 1764 454 1799 γέγονε
471 1765 619 1800 σημείωμα
648 1765 788 1792 συνοδικὸν
801 1765 915 1800 διαλαμ-

115 1808 200 1836 δάνον
220 1809 286 1844 παρ’
306 1809 401 1845 ὁμοίου
420 1809 461 1845 τῷ
480 1811 559 1846 ίερεῖ,
588 1811 636 1838 καὶ
653 1811 692 1847 τῷ
715 1811 841 1847 διακόνῳ,
867 1811 914 1837 καὶ

114 1855 163 1882 τὸν
194 1854 382 1891 ἀναγνώστην,
409 1855 457 1883 καὶ
490 1856 579 1883 πάντα
598 1856 746 1891 ίερωμένον
763 1855 914 1892 ἀπέχεσθαι

114 1902 166 1938 τῆς
178 1902 319 1939 ἐνεργείας
330 1903 385 1929 τῶν
402 1902 544 1938 κοσμικῶν
560 1903 707 1938 όφφικίων,
723 1903 771 1929 καὶ
786 1904 840 1930 τῶν
855 1902 915 1929 δου-

115 1948 209 1976 λειῶν.
222 1945 260 1976 (Υῦ
288 1949 321 1984 δὴ
337 1948 531 1985 σημειώματος
556 1949 573 1985 ή
592 1949 708 1984 δύναμις
734 1948 914 1985 κατεστρώθη

115 1995 146 2020 ἔν
165 1994 202 2029 τῷ
216 1993 290 2029 αὐτῷ
305 1994 408 2021 κανόνι.
430 1994 462 2021 Ἠ
475 1995 568 2030 μέντοι
589 1994 628 2031 ξη¹
644 1994 739 2030 Naade
750 1995 797 2021 τοῦ
816 1995 913 2030 κυρίου

116 2039 252 2074 βασιλέως
261 2040 376 2072 Λέοντος
391 2039 440 2066 τοῦ
455 2040 602 2076 φιλοσόφου
630 2040 849 2076 παρακελεύεται
876 2041 913 2076 μὴ

114 2087 296 2122 ἀναδέχεσθαι
316 2087 486 2122 ἐπιτροπὰς,
516 2087 533 2123 ἢ
565 2087 755 2124 κουρατωρίας
786 2087 915 2123 ὀρφανῶν

115 2133 267 2169 κληρικοὺς
283 2134 300 2169 ἢ
320 2134 466 2170 μοναχοὺς,
488 2134 653 2169 ἐπιτρόπους
670 2134 698 2161 δὲ
727 2134 851 2168 γίνεσθαι
866 2133 915 2160 καὶ

114 2180 255 2215 διοικητὰς
270 2180 317 2206 ἐπὶ
347 2179 511 2207 τελευταίων
533 2179 712 2215 βουλημάτων
740 2181 913 2216 παραχωρεῖ,

1002 974 1149 1003 Scholium.
1174 974 1271 1004 Const.
1295 975 1323 1010 2,
1348 976 1421 1004 tit.|
1449 976 1638 1010 Novellarum,
1658 980 1701 1005 est
1715 985 1766 1004 no-

965 1020 1035 1048 vella
1051 1019 1200 1048 Justiniani
1215 1020 1278 1054 125,
1307 1021 1397 1057 posita
1410 1021 1485 1057 [qum
1497 1021 1550 1058 est]
1571 1022 1597 1050 in
1613 1022 1661 1050 lib.
1679 1022 1763 1050 Basil.

965 1065 1073 1098 tn,tit.
1090 1066 1117 1099 Ι,
1140 1073 1201 1101 cap.
1229 1065 1275 1099 15,
1303 1066 1348 1100 14,
1373 1066 1417 1094 15.
1442 1065 1549 1093 Habent
1579 1070 1671 1094 autem
1697 1067 1764 1098 haec,

967 1112 1199 1148 quemadmodum
1215 1113 1413 1148 compendiose
1435 1114 1577 1148 proposita
1594 1117 1669 1140 sunt.
1686 1113 1766 1146 Qua).-

967 1166 1014 1186 ras
1040 1158 1128 1195 [vero]
1154 1159 1313 1187 necessario
1336 1159 1498 1195 synodicum
1521 1159 1602 1186 etiam
1623 1166 1766 1187 commen-

967 1206 1068 1234 tarium
1085 1205 1163 1242 [die],
1178 1210 1278 1234 octavo
1291 1206 1396 1234 mensis
1412 1206 1584 1241 Septembris
1607 1205 1766 1234 indictionis

969 1256 1053 1279 sexta
1081 1259 1096 1278 a
1111 1251 1288 1279 sanctissimo
1315 1251 1473 1286 patriarcha
1497 1251 1611 1280 domino
1628 1251 1713 1283 Luca,
1732 1251 1767 1278 tle

969 1297 1078 1326 clericis
1093 1297 1203 1332 publica
1216 1301 1243 1326 et
1256 1298 1414 1333 personalia
1428 1305 1543 1325 munera
1570 1299 1765 1330 subeuntibus,

968 1343 1125 1372 confectum
1141 1353 1148 1371 :
1165 1343 1211 1379 qui
1233 1343 1340 1372 decimo
1360 1348 1437 1372 sexto
1453 1344 1553 1372 canoni
1571 1345 1683 1372 concilii
1696 1345 1767 1372 Car—

969 1390 1141 1426 lhaginensis
1170 1391 1294 1418 insertus
1316 1395 1369 1418 est.
1400 1390 1466 1418 Item
1497 1391 1549 1418 sub
1577 1392 1766 1426 patriarchalu

968 1436 1058 1464 felicis
1074 1436 1214 1464 memoria:
1231 1435 1325 1463 domni
1353 1434 1468 1463 Joannis
1488 1434 1653 1471 patriarclne
1673 1444 1768 1464 mense

970 1476 1124 1513 Februario
1150 1485 1309 1513 indictionis
1327 1489 1430 1512 octavae
1459 1483 1548 1511 factus
1564 1487 1606 1511 est
1619 1483 1768 1516 synodicus

971 1531 1201 1563 commentarius,
1232 1531 1291 1566 qui,
1323 1538 1358 1558 ne
1382 1530 1505 1564 diaconi,
1533 1534 1580 1557 aut
1608 1529 1767 1557 summatim

973 1576 1152 1604 ecclesiastici
1168 1575 1318 1612 [homines]
1334 1575 1375 1602 vel
1402 1575 1530 1602 monachi
1545 1575 1653 1610 patroni
1671 1582 1769 1602 causa-

971 1630 1031 1650 rum
1056 1622 1122 1655 sint,
1151 1622 1320 1650 constituit:
1347 1629 1429 1657 quem
1447 1623 1529 1648 etiam
1559 1626 1635 1648 sexto
1661 1621 1768 1648 decimo

969 1668 1068 1696 canoni
1106 1667 1217 1696 concilii
1263 1667 1488 1703 Carthaginensis
1517 1667 1650 1695 insertum
1681 1668 1767 1703 legas.

970 1714 1065 1742 Mense
1080 1718 1172 1741 autem
1200 1713 1333 1742 Januario
1364 1714 1522 1741 indictionis
1553 1719 1670 1749 quartae,
1703 1721 1767 1742 cum

969 1761 1188 1796 patriarchatum
1215 1764 1323 1796 gereret
1349 1760 1439 1787 felicis
1467 1760 1611 1788 memoria
1638 1760 1768 1788 dominus

971 1808 1085 1836 Michael
1104 1807 1256 1836 Anchialus
1275 1807 1443 1843 patriarcha,
1462 1807 1604 1835 coniectus
1620 1812 1662 1835 est
1685 1814 1769 1843 syno-

969 1857 1048 1884 dicus
1062 1856 1290 1888 commentarius,
1319 1855 1366 1890 qui
1387 1855 1514 1883 similiter
1536 1859 1618 1890 atque
1638 1854 1768 1883 sacerdo-

969 1906 1022 1930 tem
1039 1907 1067 1930 et
1079 1902 1238 1935 diaconum,
1256 1902 1389 1929 lectorem
1407 1902 1490 1928 etiam
1512 1901 1641 1936 sacrique
1661 1901 1767 1928 ordinis

969 1955 1160 1983 quemcunque
1176 1948 1378 1983 complectitur,
1400 1951 1430 1974 ut
1458 1948 1492 1974 ab
1514 1947 1624 1974 actione
1649 1948 1767 1974 munda-

969 2002 1066 2022 norum
1085 1993 1236 2021 oﬂiciorum
1253 1997 1335 2028 atque
1348 2001 1494 2020 munerum
1510 1993 1667 2021 abstineat:
1683 1993 1765 2028 cujus

970 2041 1079 2076 quidem
1095 2039 1289 2068 commentarii
1313 2039 1353 2067 vis
1370 2039 1458 2066 eidem
1477 2044 1518 2066 est
1534 2039 1637 2067 inserta
1656 2040 1767 2066 canoni.

972 2088 1080 2115 Rursus
1110 2087 1217 2115 novella
1259 2086 1293 2114 68
1325 2086 1499 2122 imperatoris
1540 2085 1634 2113 domni
1669 2085 1768 2113 Leonis

971 2133 1127 2169 philosophi
1149 2133 1237 2168 jubet,
1261 2140 1295 2159 ne
1314 2132 1408 2160 clerici
1436 2137 1484 2160 attt
1499 2132 1625 2160 monachi
1647 2132 1767 2167 pupillo-

972 2187 1032 2206 rum
1049 2179 1160 2207 tutelam
1177 2183 1225 2206 aut
1246 2186 1341 2206 curam
1368 2178 1521 2213 suscipiant
1536 2187 1542 2206 :
1560 2178 1607 2205 sed
1636 2178 1769 2213 permittit

114 2226 165 2253 καὶ
180 2225 281 2261 μᾶλλον
298 2227 378 2262 εἴπερ
393 2226 509 2262 ψυχικαὶ
537 2226 671 2258 διαδόσεις
683 2227 823 2262 ὀφείλουσι
838 2227 914 2263 παρὰ

972 2230 998 2253 υι
1011 2230 1199 2253 extremarum
1221 2225 1392 2253 voluntatum
1409 2229 1603 2260 procuratores
1617 2229 1699 2258 atque
1718 2232 1767 2251 ex-

114 2271 221 2299 ’τούτων
237 2272 405 2308 προϐαίνειν.
430 2273 486 2300 Καὶ
503 2273 657 2310 σημείωσαι
671 2273 759 2300 τοῦτο·
781 2273 843 2300 οὐδὲ
859 2274 916 2310 γὰρ

115 2318 246 2353 εὑρήσεις
265 2318 383 2353 ἀλλαχοῦ
397 2318 529 2354 κειμένην
543 2319 592 2354 τὴν
611 2318 738 2354 τοιαύτην
762 2317 832 2346 διάτ.
849 2318 917 2346 ἀλλὰ

115 2365 164 2391 καὶ
178 2365 195 2400 ἠ
212 2363 260 2398 πς¹
273 2365 369 2401 Νεαρὰ
383 2364 430 2391 τοῦ
451 2364 534 2392 αὐτοῦ
551 2365 684 2400 βασιλέως
707 2364 830 2398 θεσπίζει
847 2366 916 2402 μήτε

115 2411 216 2438 ἐπίσκο
223 2419 279 2442 πον,
293 2412 362 2448 μήτε
373 2411 435 2439 τινὰ
447 2412 579 2448 κληρικὺν
595 2412 770 2448 συνηγορίας,
783 2413 799 2446 ἢ
814 2411 918 2448 μισθώ-

116 2461 236 2497 σεσιν,ἣ
266 2461 381 2495 ὲγγύαις
396 2459 613 2495 ὲνασχολεῖσθαι.
634 2460 687 2486 Τὸν
706 2459 734 2486 δὲ
754 2459 875 2486 τοιοῦτόν
891 2468 916 2486 τι

116 2507 249 2534 ποιοῦντα
265 2507 311 2534 ἐπὶ
327 2507 422 2544 χρόνον
441 2507 492 2542 μέν
515 2515 576 2534 τινα
598 2505 789 2541 ἀφορίζεσθαι,
816 2506 916 2540 ὲπιμέ-

115 2563 198 2582 νοντα
207 2554 235 2580 δὲ
249 2553 452 2590 καθαιρεῖσθαι,
462 2552 608 2580 καὶταῦτα
623 2553 672 2588 μὲν
681 2552 777 2584 οὕτως.
788 2551 917 2583 Διάκονος

115 2600 146 2627 δέ
162 2609 204 2631 τις
222 2599 356 2631 κωλυθείς
368 2608 433 2626 ποτε
449 2599 524 2634 παρὰ
540 2599 588 2625 τοῦ
614 2598 767 2634 μακαρίτου
780 2597 917 2633 πατριάρ-

115 2656 167 2684 χου
180 2647 317 2683 Κυρίλλου
329 2647 424 2674 Λουκᾶ
448 2646 495 2672 τοῦ
512 2646 672 2681 συνηγορεῖν
700 2645 844 2680 χρωμένου
860 2645 918 2675 τοῖς

116 2694 291 2729 διαληφυεῐσι
307 2694 413 2725 κανόσι,
431 2693 479 2720 καὶ
504 2692 614 2723 λοιπαῖς
631 2691 817 2727 νομοθεσίαις,
839 2688 917 2717 εἶπεν

119 2741 167 2768 ἐπὶ
183 2740 324 2776 βασιλικοῦ
339 2740 473 2775 βήματος,
491 2738 625 2772 παρόντος
641 2738 688 2764 καὶ
703 2737 750 2764 τοῦ
780 2737 916 2772 πατριάρ-

118 2796 168 2823 χου
185 2787 222 2823 μὴ
249 2787 321 2822 ἔχειν
337 2785 430 2822 χώραν
452 2785 487 2812 τά
507 2784 562 2812 τῶν
577 2783 706 2811 τοιούτων
728 2783 851 2811 κανόνων
871 2783 917 2810 καὶ

119 2834 210 2869 νόμων
222 2835 262 2866 είς
275 2833 338 2866 τοὺς
354 2833 475 2869 σήμερον
489 2831 717 2868 συνηγοροῦντας,
730 2831 788 2858 ἀλλ’
804 2831 844 2862 είς
854 2831 918 2862 τοὺς

119 2880 304 2915 τεταγμένους
331 2881 371 2912 είς
386 2879 514 2921 πολιτικὰ
539 2878 715 2915 δικαστήρια,
729 2878 776 2905 καὶ
805 2877 914 2914 λαμϐά-

971 2276 1114 2299 seculores
1140 2271 1216 2299 ﬁant.
1246 2271 1287 2298 Ac
1312 2270 1402 2307 [vero]
1430 2271 1528 2306 magis,
1555 2269 1578 2297 si
1608 2277 1658 2305 pro
1674 2270 1767 2297 anima

971 2320 1146 2355 erogationes
1167 2319 1200 2346 ab
1217 2319 1261 2347 his
1278 2319 1335 2346 ﬁeri
1356 2319 1484 2346 debeant.
1503 2317 1582 2351 Quod
1606 2325 1673 2345 sane
1691 2322 1766 2345 nota.

970 2365 1114 2401 Nusquam
1143 2365 1218 2393 enim
1247 2365 1312 2393 alibi
1343 2364 1533 2400 hujuscemodi
1561 2365 1766 2393 distinctionem

971 2411 1106 2439 invenies.
1134 2410 1187 2438 Sed
1210 2414 1236 2438 et
1261 2410 1369 2438 novella
1389 2410 1513 2445 ejusdem
1537 2410 1711 2445 imperatoris
1732 2409 1768 2437 86

972 2458 1071 2490 sancit,
1087 2465 1121 2485 ne
1145 2457 1304 2492 episcopus,
1335 2464 1424 2492 neque
1454 2457 1612 2492 quicunque
1640 2456 1766 2488 clericus,

971 2503 1210 2537 advocationibus,
1228 2503 1422 2538 redempturis,
1440 2507 1488 2530 aut
1508 2502 1702 2539 sponsionibus
1722 2509 1769 2528 oc-

972 2555 1087 2586 cupetur
1103 2560 1110 2578 :
1127 2554 1154 2577 et
1171 2550 1217 2585 qui
1233 2549 1285 2577 tale
1306 2549 1447 2585 quidpiam
1471 2549 1577 2582 fecerit,
1600 2549 1635 2576 ad
1657 2548 1769 2584 aliquod

972 2602 1082 2633 tempus
1097 2596 1125 2634 [a
1139 2597 1346 2633 communione]
1368 2601 1527 2633 segregetur
1542 2605 1548 2623 :
1578 2597 1623 2632 qui
1639 2604 1704 2623 vero
1728 2595 1768 2632 [in

971 2643 1016 2680 iis]
1032 2644 1248 2680 perseveraverit
1264 2643 1290 2680 [a
1302 2644 1389 2671 sacris
1403 2642 1614 2679 [unctionibus],
1625 2650 1768 2670 removea-

972 2697 1027 2719 tur.
1046 2691 1136 2726 Atque
1151 2691 1210 2718 bacc
1233 2691 1344 2726 quidem
1366 2691 1398 2718 ad
1424 2691 1498 2718 hunc
1521 2690 1643 2717 modum.
1666 2687 1767 2715 Verum

972 2737 1105 2764 diaconus
1120 2735 1231 2770 quidam
1245 2743 1260 2763 a
1279 2735 1366 2763 felicis
1383 2735 1525 2763 memoria:
1545 2734 1700 2769 patriarcha
1721 2733 1770 2760 tlo-

972 2792 1053 2812 mnus
1089 2783 1184 2815 Luca,
1205 2782 1431 2810 commemoratis
1458 2781 1611 2809 canonihus
1641 2780 1769 2815 reliquis-

971 2839 1024 2867 que
1053 2830 1272 2866 legislationibus
1295 2834 1398 2862 utentc,
1424 2829 1586 2856 advocatum
1611 2834 1692 2862 agere
1719 2826 1769 2854 ali-

972 2878 1082 2914 quando
1111 2876 1278 2912 prohibitus,
1309 2883 1401 2904 coram
1428 2874 1607 2910 imperatorio
1636 2872 1767 2902 tribunali
