1946 3076
182 131 248 164 1091

734 133 868 164 PHOTU
890 133 1145 164 PATRIARCH/E
1165 134 1219 164 CP-

1757 128 1826 161 1092

173 193 310 224 praesente
325 188 481 224 patriarcha
496 187 574 220 dixit,
593 195 713 216 canones
728 188 790 216 illos
805 193 887 224 atque
899 189 971 225 leges

1035 197 1121 220 νοντας
1147 189 1276 224 βασιλικὰ
1293 188 1448 224 σιτηρέσια,
1469 187 1515 214 καὶ
1529 187 1581 213 ὑπὸ
1602 186 1824 221 πριμμικηριους

175 237 202 263 in
222 235 364 263 hodiernis
384 235 525 262 advocatis
541 242 595 262 non
620 234 722 263 habere
739 235 830 262 locum
847 245 854 262 :
874 235 921 263 sed
944 236 970 262 in

176 281 251 309 illius
265 281 396 317 temporis
412 281 563 312 advocatis,
589 281 636 316 qui
667 281 692 308 in
709 281 838 309 civilibus
862 282 972 316 jndiciis

177 327 310 355 stationes
328 326 474 358 habebant,
494 326 651 362 imperiales
673 325 870 355 frumentarias
887 331 973 354 tesse-

175 380 222 401 ras
248 373 431 408 accipiebant,
459 373 511 400 sub
536 372 702 407 primiceriis
729 377 818 405 erant,
847 378 927 408 atque
956 381 972 400 a

177 421 326 448 mundanis
371 419 578 455 magistratibus
615 420 852 447 conﬁrmabantur
879 429 887 447 :
917 427 973 455 quo

176 472 300 502 tempore
313 466 428 493 omnino
446 471 521 493 recte
542 465 635 493 clerici
657 465 803 493 mundanis
824 465 972 493 advocato-

175 522 238 541 rum
258 514 354 541 olliciis
375 513 452 549 fungi
474 513 702 548 prohibebantur.
725 513 760 540 At
779 513 907 548 quoniam
925 512 973 548 qui

179 561 262 588 hodie
283 560 406 588 advocati
431 564 506 592 sunt.
532 564 663 595 tanquam
691 560 830 588 liberalem
851 560 972 594 aliquam

175 611 273 639 artem,
292 606 500 634 advocationem
525 610 673 639 exercent;
699 613 788 638 neque
809 606 881 633 sacri
899 605 974 633 ordi-

174 654 218 681 nis
232 653 357 681 homines
367 653 407 689 [in
421 652 493 689 jure]
508 652 687 688 patrocinari,
701 652 826 688 impediri
835 651 971 688 [debere].

175 700 209 727 Et
225 708 381 727 sermonem
406 707 488 728 suum
516 704 654 730 astruens,
680 707 734 726 non
755 700 903 732 actionem,
925 698 973 726 sed

175 747 287 773 modum
300 753 316 773 a
332 745 485 773 canonibus
501 745 603 780 puniri,
617 745 794 773 causabatur.
807 744 868 772 Non
883 745 972 772 solum

174 793 248 820 enim
281 792 394 828 [inquit]
419 791 523 824 clerici,
550 799 645 819 verum
674 792 757 818 etiam
783 791 905 826 episcopi
921 799 972 826 pro

174 839 272 866 amicis
293 838 334 874 [in
348 837 422 874 jure]
442 842 588 869 certantes.
609 837 717 865 veniam
744 842 972 872 consequentur:

175 893 265 920 neque
284 885 331 920 qui
350 885 378 912 in
395 885 586 912 controversia
611 883 676 920 [rei]
696 884 892 912 ecclesiasticas
919 891 969 919 pa-
985 879 1007 906 Β

174 932 323 959 trocinium
347 935 489 966 praestant,
513 931 684 958 notabuntur
706 939 713 958 :
739 931 969 965 quemadmodum

173 978 264 1013 ipsum
287 978 369 1006 ctiam
395 977 441 1013 jus
456 977 508 1005 hoc
530 977 669 1005 evidenter
697 978 786 1005 docet.
817 977 854 1005 Ut
878 983 971 1006 autem

171 1024 302 1055 clericus,
316 1024 546 1059 quemadmodum
569 1024 700 1052 mundani
716 1024 860 1056 ofﬁciales,
888 1025 972 1053 advo-

173 1076 265 1097 catum
281 1074 354 1105 agat,
374 1074 401 1097 et
421 1070 456 1097 ab
474 1069 610 1106 [homine]
626 1069 741 1105 profano
765 1071 944 1099 conﬁrmetur
961 1081 968 1098 :

173 1115 300 1144 odiosum
314 1120 368 1147 est,
391 1121 474 1150 atque
489 1116 614 1150 punitur.
633 1115 734 1144 Verum
751 1117 824 1151 quod
847 1117 971 1145 advocati

174 1159 295 1187 olIicium
315 1160 463 1195 aliquando
488 1161 658 1189 mundanum
681 1161 775 1194 fuerit,
795 1166 822 1189 et
838 1162 971 1191 ordinarii

173 1207 298 1233 advocati
324 1207 516 1242 imperatorias
533 1210 651 1235 annona:
671 1208 820 1243 pensiones
839 1210 970 1244 ceperint,

174 1257 256 1286 atque
273 1251 325 1278 sub
342 1252 506 1286 primiceriis
532 1252 635 1280 fuerint
649 1262 656 1280 :
675 1253 713 1289 [id
730 1253 806 1290 vero]
821 1262 854 1282 cx
876 1254 971 1282 multis

174 1303 295 1326 constat.
316 1298 388 1333 Lege
411 1304 500 1326 autem
518 1304 688 1334 postremum
716 1302 776 1334 can.
796 1301 837 1328 tit.
867 1301 893 1332 1,
916 1301 965 1329 lib.

174 1351 223 1370 νιιι
248 1343 333 1371 Basil.
360 1350 387 1372 et
403 1353 464 1380 qua:
488 1345 515 1372 in
537 1345 658 1381 praefecti
696 1346 766 1373 libro
787 1346 826 1373 De
849 1347 986 1374 advocatis

1027 235 1118 269 ὂντας,
1132 238 1180 263 καὶ
1207 235 1438 272 σφραγιζομένοις
1457 234 1509 261 ὑπὸ
1521 233 1663 269 κοσμικῶν
1683 233 1825 268 ἀρχόντων

1026 283 1071 309 ὅτε
1086 283 1196 314 πάντως
1206 282 1298 314 καλῶς
1313 283 1338 308 οἱ
1352 282 1480 317 κληρικοὶ
1494 279 1646 307 ἐκωλύοντο
1662 280 1825 315 συνηγόρων

1025 329 1142 364 ὀφφίκια
1156 329 1277 364 κοσμικὰ
1302 329 1437 363 ἐνεργεῖν.
1453 327 1532 354 Ἐπεὶ
1549 326 1577 353 δὲ
1592 327 1617 353 οἱ
1636 327 1757 362 σήμερον
1774 335 1823 352 συ-

1027 376 1208 411 νηγοροῦντες
1222 375 1260 406 ὡς
1271 373 1425 410 ἐλευθέριόν
1440 382 1466 400 τι
1481 372 1645 407 σπούδασμα
1657 373 1687 398 τὸ
1706 380 1824 406 συνηγο-

1028 423 1084 457 ρεῖν
1107 421 1294 456 μετέρχονται,
1311 420 1372 447 οὐδὲ
1386 421 1411 446 οἱ
1423 418 1824 455 ἱερωμένοιὲμποδιπθήσονται

1027 468 1198 503 συνηγορεῖν,
1213 467 1261 494 καὶ
1276 465 1492 497 κατασκευάζων
1502 465 1547 491 τὸν
1561 465 1661 491 οἰκεῖον
1677 464 1756 497 λόγον
1767 464 1823 490 ἐδι-

1026 514 1228 550 καιολογήσατο
1243 513 1281 548 μὴ
1299 513 1349 548 τὴν
1361 512 1471 548 πρᾶξιν,
1484 512 1552 539 ἀλλὰ
1568 511 1613 538 τὸν
1625 511 1726 547 τρόπον
1741 510 1824 537 κολά-

1027 560 1119 593 ζεσθαι
1144 559 1220 595 παρὰ
1246 559 1300 586 τῶν
1318 559 1448 586 κανόνων.
1465 559 1502 586 Οὐ
1532 558 1672 594 μόνοιγὰρ
1685 558 1822 592 κληρικοὶ,

1026 607 1095 634 ἀλλὰ
1109 609 1156 634 καὶ
1169 608 1313 633 ἐπίσκοποι
1329 605 1400 641 ὑπὲρ
1412 606 1496 640 φίλων
1518 604 1739 639 ἀντιποιούμενοι
1755 613 1823 638 συγ-

1026 654 1245 694 γνωσθήσονται,
1269 652 1316 679 καὶ
1334 652 1405 688 ὑπὲρ
1419 651 1651 686 ὲκκλησιαστικῆς
1667 649 1824 680 ὑποθέσεως

1028 699 1243 735 συνηγοροῦντες
1254 699 1305 725 οὐκ
1318 697 1556 733 αἱσχυνθήσονται,
1568 696 1606 728 ὠς
1630 696 1678 723 καὶ
1701 696 1773 723 αὐτὰ
1788 696 1824 721 τὰ

1027 746 1131 781 νόμιμα
1143 745 1222 772 τοῦτο
1234 744 1419 780 διατρανοῢσι.
1433 743 1470 769 Τὸ
1480 742 1508 769 δὲ
1525 743 1710 778 συνηγορήσαι
1727 741 1824 776 κληρι-

1029 793 1077 820 κὸν
1093 792 1129 825 ὡς
1147 792 1172 818 οἱ
1184 791 1314 827 κοσμικοὶ
1325 790 1506 825 ὸφφικιάλιοι,
1522 789 1570 816 καὶ
1593 788 1720 821 δέξασθαι
1735 797 1826 822 σφρα-

1027 839 1090 873 γῖδα
1108 837 1213 870 λαῖκοῦ,
1228 838 1348 873 μισεῖται
1360 836 1408 863 καὶ
1420 836 1576 868 κολάζεται.
1592 836 1652 862 Ὀτι
1676 835 1704 861 δὲ
1715 835 1746 862 τὸ
1760 843 1825 861 συν-

1024 885 1136 921 ηγορεῖν
1155 883 1283 918 ὀφφίκιον
1302 880 1336 919 ἦν
1359 891 1426 909 ποτε
1449 882 1592 917 κοσμικῦν,
1619 880 1666 908 καὶ
1682 879 1826 916 σιτηρέσια

1024 932 1178 967 ἐλάμϐανον
1204 929 1360 965 δημοσιακὰ
1382 930 1406 956 oi
1422 928 1584 964 τεταγμένοι
1603 928 1756 962 συνήγοροι,
1778 927 1828 953 καὶ

1026 979 1079 1006 ὑπὸ
1089 978 1294 1013 πριμμικήριον
1304 974 1376 1011 ἦσαν
1389 975 1469 1011 δῆλόν
1485 976 1542 1002 ἐστι
1562 974 1616 1002 ἀπὸ
1635 974 1749 1001 πολλῶν.
1769 974 1827 1001 Καὶ

1027 1024 1165 1059 ἀνάγνωθι
1178 1024 1212 1050 τὰ
1225 1024 1370 1050 τελευταῖα
1379 1031 1441 1056 κεφ,
1458 1021 1506 1049 τοῦ
1517 1020 1540 1048 α’
1550 1021 1606 1048 τίτ.
1620 1020 1668 1047 τοῦ
1679 1020 1704 1055 η’
1721 1020 1826 1055 βιϐλίου

1024 1071 1079 1099 τῶν
1105 1070 1274 1102 Βασιλικῶν,
1289 1070 1336 1096 καὶ
1354 1069 1389 1096 τὰ
1406 1070 1435 1096 ὲν
1451 1068 1490 1104 τῷ
1511 1068 1605 1103 βιϐλίῳ
1630 1067 1678 1094 τοῦ
1701 1067 1825 1103 ἐπάρχου

1026 1117 1091 1152 περὶ.
1106 1117 1265 1152 συνηγόρων
1294 1117 1514 1150 ἁναταττόμενοι·
1541 1113 1753 1150 διαλαμὸἁνουσι
1769 1114 1825 1149 γὰρ

1019 1164 1084 1196 τοὺς
1103 1163 1272 1199 συνηγόρους
1296 1162 1425 1198 σύστημα
1449 1159 1530 1193 εἷναι,
1547 1161 1595 1187 καὶ
1611 1161 1663 1186 om
1686 1159 1734 1187 τοῦ
1751 1161 1826 1186 κατὰ

1020 1210 1140 1245 καιροὺς
1160 1209 1282 1244 ἐπάρχου
1303 1207 1514 1242 σφραγίζεσθαι.
1542 1206 1634 1233 Ταῦτα
1660 1205 1746 1232 εἰπὼν
1776 1206 1826 1232 καὶ

1021 1255 1204 1291 παραδεχθεὶς
1226 1253 1384 1289 ἐξεχωρήθη
1408 1254 1456 1280 καὶ
1476 1253 1553 1288 παρὰ
1577 1251 1625 1279 τοῦ
1649 1252 1824 1288 πατριάρχου

1022 1302 1183 1338 συνηγορεῖν
1194 1301 1232 1333 ὡς
1243 1301 1291 1328 καὶ
1303 1301 1448 1336 πρότερον.

1022 1348 1126 1382 digesta
1153 1351 1228 1376 sunt.
1251 1347 1375 1374 Tradunt
1401 1347 1474 1374 enim
1501 1346 1649 1373 advocatos
1669 1345 1818 1380 collegium

173 1399 246 1426 esse,
267 1397 351 1427 atque
371 1393 561 1428 cujuscunque
582 1394 713 1428 temporis
748 1395 877 1430 praefecto
899 1396 1067 1424 conlirmari.
1094 1395 1205 1433 [Atque]
1223 1396 1282 1424 hac
1316 1395 1450 1432 [quidem]
1466 1402 1528 1423 cum
1548 1395 1673 1426 dixisset,
1705 1394 1824 1428 applau-

173 1447 290 1474 snmque
306 1440 357 1475 ipsi
381 1445 464 1473 esset,
478 1441 561 1468 etiam
594 1449 609 1469 a
631 1442 788 1477 patriarcha
819 1443 915 1480 [porro
935 1444 1039 1481 causis]
1060 1444 1239 1480 patrocinari,
1260 1448 1308 1479 iiut
1322 1448 1402 1472 antea
1431 1443 1578 1480 [fecisset].
1601 1442 1769 1478 permissum
1786 1442 1824 1469 illi

172 1492 225 1515 est.

171 1557 182 1564 α
207 1545 439 1574 CAP.XIV.—De
455 1548 583 1584 episcopis
601 1554 625 1576 et
637 1549 740 1577 clericis
751 1542 963 1585 ,unilascil—itiis
981 1547 1002 1575 C

174 1592 329 1621 mulieribus
342 1595 506 1623 cohabitanl.

210 1650 326 1679 Concilii
345 1650 447 1680 Nicaani
464 1660 552 1680 canon
568 1653 606 1686 3;
625 1654 723 1681 concili
740 1655 808 1682 sexti
825 1663 913 1683 canon
932 1656 967 1689 5;

174 1697 283 1724 concilii
294 1697 397 1725 Nicazni
411 1699 523 1726 secundi
535 1707 625 1727 canon
639 1700 687 1733 18;
704 1699 795 1727 Basilii
809 1708 842 1728 ex
856 1702 972 1737 epistola

174 1744 208 1770 ad
221 1743 384 1779 Gregorium
405 1745 579 1780 episcopum.

211 1789 321 1818 Textus.
336 1790 431 1818 Const.
450 1791 493 1824 i9,
510 1792 589 1824 tit.5,
607 1792 653 1820 lib.
668 1801 675 1820 ι
710 1793 773 1821 cod.
792 1795 851 1821 ait:
868 1794 966 1823 Sacer-

174 1838 261 1870 dotes,
278 1842 330 1865 etc.
356 1846 438 1873 usque
458 1838 493 1865 ad
512 1846 546 1866 ex
569 1847 647 1875 aquo
671 1840 731 1868 illas
750 1842 920 1876 partiuntur,
945 1848 973 1869 ut

174 1893 236 1920 pag.
252 1884 315 1916 687,
334 1884 396 1912 690.

211 1930 358 1958 Scliolium.
376 1930 470 1959 Const.
489 1931 540 1966 l9,
563 1932 604 1960 tit.
620 1933 655 1966 ‘5,
670 1933 719 1960 lib.
736 1941 745 1961 ι
776 1935 850 1967 cod.,
864 1943 917 1962 non
933 1940 975 1963 cst

177 1978 265 2012 posita
279 1978 304 2005 in
319 1979 417 2012 Basil.,
435 1987 524 2015 neque
537 1981 619 2008 etiam
635 1986 724 2009 const.
745 1982 771 2013 i,
791 1984 832 2010 tit.
851 1983 974 2011 lNovei-

177 2025 276 2051 larum.
298 2023 394 2052 Const.
425 2034 490 2053 vero
518 2026 537 2054 2
579 2027 702 2062 ejusdem
730 2028 773 2056 tit.
800 2034 842 2056 est
868 2030 974 2058 novella

176 2070 325 2098 Justiniani
342 2071 394 2099 125
408 2093 415 2105 ,
432 2073 520 2107 posita
537 2072 610 2109 [quae
624 2073 678 2110 est]
693 2074 720 2101 in
738 2074 786 2102 lib.
808 2083 838 2102 ιιι
851 2097 858 2109 ,
878 2076 920 2103 tit.
936 2076 948 2102 i
966 2095 973 2108 ,

177 2125 239 2152 cap.
267 2117 320 2150 54,
349 2118 384 2146 55
405 2123 431 2146 et
456 2119 500 2146 56.
518 2119 584 2152 Quae
601 2122 691 2156 capita
709 2120 746 2148 ita
760 2121 880 2154 habent,
899 2127 929 2150 ut
946 2122 973 2150 in

179 2163 343 2199 compendio
355 2165 496 2201 proposita
508 2171 581 2193 sunt.

1058 1554 1184 1581 ΚΕΦΑΛ.
1200 1554 1251 1580 Μ’.
1268 1568 1303 1573 -
1315 1552 1385 1587 Περὶ
1399 1552 1591 1584 ἐπισκόπων,
1607 1551 1656 1578 καὶ
1672 1549 1828 1584 κληρικῶν

1025 1601 1185 1628 συνόντων
1195 1599 1314 1634 γυναιξὶ
1329 1597 1557 1631 συνεισάκτοις.

1064 1655 1178 1681 Συνόδου
1192 1655 1310 1685 Νικαίας
1332 1653 1423 1680 κανὼν
1439 1651 1481 1686 γ’·
1501 1651 1611 1678 συνόδου
1621 1650 1647 1682 ς’
1675 1650 1768 1677 κανὼν
1788 1649 1825 1677 ε’·

1029 1702 1139 1728 συνόδου
1150 1701 1266 1732 Νικαὶας
1282 1700 1312 1726 τὸ
1336 1699 1368 1735 β’,
1385 1698 1477 1726 κανὼν
1494 1697 1544 1734 ιη’·
1562 1697 1703 1724 Βισιλείου
1722 1698 1754 1724 ἐκ
1776 1698 1828 1732 τῆς

1029 1746 1096 1782 πρὸς
1111 1746 1261 1781 Γρηγόριον
1278 1745 1434 1780 ἐπιστολῆς.

1065 1794 1219 1828 Κείμενον.
1241 1792 1274 1819 Ἡ
1285 1791 1317 1819 ιο¹
1333 1792 1417 1823 διάτ.,
1431 1791 1479 1818 τοῦ
1497 1790 1520 1826 γ’
1539 1791 1593 1818 τίτ.
1611 1789 1657 1817 τοῦ
1670 1793 1705 1822 α’,
1719 1788 1766 1824 ιβ’,
1779 1790 1829 1816 τοῦ

1028 1840 1145 1872 κὼδικος
1156 1848 1250 1874 φησιν,
1268 1840 1308 1866 ὅτι
1327 1840 1353 1874 οἱ
1372 1840 1468 1874 ἱερεῖς,
1488 1847 1515 1865 κ,
1531 1846 1556 1864 τ.
1570 1837 1607 1868 λ.,
1634 1844 1721 1871 usque
1741 1836 1776 1863 ad
1797 1839 1831 1863 τὺ

1031 1887 1212 1922 μοναστήριον
1226 1885 1255 1918 ἐξ
1267 1887 1329 1921 ἴσης
1340 1885 1409 1912 αὐτὰ
1422 1885 1590 1920 μερίζονται.

1065 1933 1204 1969 Σχόλιον.
1225 1933 1258 1959 'H
1275 1932 1306 1959 t0'
1325 1932 1396 1959 διάτ.
1417 1931 1464 1958 τοῦ
1479 1930 1502 1958 α’
1520 1930 1624 1966 βιϐλίου
1640 1930 1687 1957 τοῦ
1710 1930 1831 1963 mam;

1029 1982 1079 2008 οὐκ
1094 1980 1174 2015 ὲτέοη
1193 1981 1232 2012 εἰς
1248 1980 1282 2006 τὰ
1307 1979 1456 2012 Βασιλικάλθ
1473 1978 1530 2005 ἀλλ’
1544 1978 1604 2005 οὐδὲ
1617 1979 1633 2012 ὴ
1652 1977 1675 2004 α’
1685 1977 1756 2004 διάτ.
1780 1977 1832 2004 τοῦ

1030 2028 1054 2055 α’
1071 2028 1124 2055 τιτ.
1135 2027 1189 2054 τῶν
1202 2026 1327 2062 Νεαρῶν.
1343 2025 1375 2053 ἸΙ
1385 2026 1412 2052 δὲ
1430 2024 1452 2060 β’
1465 2025 1535 2052 διάτ.
1552 2024 1598 2051 τοῦ
1607 2024 1689 2051 αὐτοῦ
1704 2025 1758 2051 sit.
1771 2025 1833 2051 ἐστι

1030 2076 1124 2111 Νεαρὰ
1139 2075 1354 2106 Ὶουστινιάνειος
1367 2073 1426 2109 ρκγ⁷
1438 2074 1552 2108 κειμένη
1567 2074 1596 2099 ἐν
1612 2073 1706 2108 βιϐλίῳ
1722 2072 1757 2106 γ’,
1774 2073 1830 2100 τίτ.

1029 2126 1063 2154 α’,
1079 2132 1143 2158 κεφ.
1170 2123 1218 2155 νδ,
1234 2121 1280 2153 vs’,
1295 2120 1349 2154 νς’,
1366 2121 1451 2156 ιᾶτινα
1476 2130 1539 2154 uaga.
1559 2120 1647 2152 οὕτως
1667 2120 1775 2155 ἔχουσιν
1789 2120 1831 2152 ὡς

1030 2169 1248 2205 συνωψίσθησαν.

213 2220 290 2248 CAP.
316 2221 376 2249 XV.
396 2237 431 2242 -—
450 2222 587 2255 Quomodo
603 2223 748 2258 episcopos,
777 2224 902 2258 clericos,
927 2229 971 2250 aut

1064 2226 1191 2254 ΚΕΦΑΛ.
1203 2225 1254 2252 ιε’.
1273 2240 1307 2245 -
1324 2225 1392 2257 Πῶς
1411 2224 1460 2252 δεῖ
1474 2224 1667 2257 ἐπισκόπους
1679 2224 1699 2258 ἣ
1724 2225 1834 2258 adapt—

179 2269 312 2296 castitalis
330 2274 389 2297 volo
404 2270 545 2298 obstrictos
557 2291 565 2304 ,
589 2271 624 2298 ad
638 2272 761 2299 mulieres
774 2273 879 2308 ingredi
900 2281 978 2308 apor-

181 2320 245 2343 teat.

215 2372 331 2400 Concilii
345 2372 571 2409 Carthaginensis
582 2383 670 2403 canon
685 2375 735 2409 58;
754 2376 864 2404 concilii
876 2376 979 2405 Nicmni

180 2419 294 2447 secundi
311 2427 399 2447 canon
412 2420 461 2448 22.

215 2476 293 2505 CAP.
309 2476 380 2505 XVI.
404 2478 511 2511 -Quod
538 2479 649 2506 clericus
668 2488 727 2507 cum
742 2481 848 2515 nuptias
866 2481 980 2509 ilerante

180 2527 227 2550 aut
255 2527 353 2558 prwter
377 2524 445 2560 leges
469 2533 580 2553 uxorem
604 2526 737 2559 ducente,
769 2528 901 2554 convicari
928 2537 979 2556 non

180 2566 283 2594 debeat.

215 2623 332 2652 Concilii
362 2624 592 2655 Neocaesariensis
614 2635 702 2656 canon
720 2628 736 2655 7
753 2628 910 2662 ;Timothei
928 2637 976 2657 ca-

179 2679 234 2700 non
254 2672 296 2699 11,

214 2728 292 2756 CAP.
306 2729 471 2758 XVII.——Ne
490 2731 581 2759 clerici
597 2733 653 2760 sine
679 2733 807 2768 episcopis
829 2735 885 2762 suis
902 2735 982 2770 quid-

182 2783 261 2810 quant
277 2776 391 2810 faciant.

215 2823 408 2856 Apostolorum
426 2832 515 2852 canon
549 2824 604 2859 59;
629 2826 737 2854 concilii
763 2825 912 2855 Laodiccni
933 2834 981 2855 ca-

185 2867 301 2895 nonb‘l.
531 2871 534 2872 '
592 2871 628 2873 "
672 2871 690 2874 "
728 2871 753 2875 “

1031 2273 1105 2306 κοὺς
1126 2272 1146 2306 ἣ
1175 2271 1463 2307 ὲγκρατευομένους,
1479 2270 1607 2297 εἰσιέναι
1622 2270 1698 2305 πρὸς
1721 2271 1831 2305 γυναῖ-

1030 2327 1097 2352 acac.

1067 2377 1181 2404 Συνόδου
1196 2376 1379 2412 Καρθαγένης
1391 2374 1481 2402 κανὼν
1494 2373 1535 2410 λη’
1547 2383 1553 2390 ·
1575 2375 1685 2402 συνόδου
1709 2375 1834 2408 Νικαίας

1031 2423 1060 2450 τὸ
1076 2421 1108 2459 β’,
1122 2423 1212 2450 κανὼν
1227 2422 1280 2450 κδ’.

1067 2481 1193 2508 ΚΕΦΑΛ.
1213 2480 1271 2515 iq".
1282 2497 1318 2502 —
1329 2481 1397 2516 Περὶ
1414 2482 1467 2509 τοῦ
1480 2482 1523 2516 μὴ
1540 2481 1672 2516 ὀφείλειν
1683 2481 1838 2515 κληρικὲι·

1032 2527 1250 2556 συνεστιᾶσθαι
1262 2528 1302 2560 τῷ
1315 2528 1593 2563 δευτερογαμοῦντι,
1604 2527 1623 2562 ἢ
1647 2529 1835 2562 παρανόμως

1032 2574 1186 2610 γαμοῦντι.

1068 2630 1182 2658 Συνόδου
1208 2631 1430 2667 Νεοκαισαρείας
1449 2631 1540 2658 κανὼν
1558 2630 1582 2662 ξ’
1595 2639 1601 2645 '
1625 2629 1761 2666 Τιμοθέου
1782 2639 1837 2657 χα-

1032 2677 1085 2705 νὼν
1099 2677 1144 2705 ια’.

1068 2736 1196 2763 ΚΕΦΑΛ.
1216 2735 1267 2762 1Ζ¹.
1290 2736 1406 2770 -Περὶ
1432 2736 1485 2764 τοῦ
1509 2736 1608 2770 μηδὲν
1635 2735 1737 2762 ποιεῖν
1763 2736 1839 2769 τοὺς

1033 2782 1198 2816 κληρικοὺς
1214 2782 1287 2809 ἄνευ
1305 2781 1364 2808 τῶν
1382 2782 1560 2809 ἐπισκόπων
1570 2781 1682 2808 αὐτῶν.

1076 2827 1248 2856 ’Λποστόλων
1264 2827 1353 2855 κανὼν
1371 2827 1408 2854 λυ
1425 2836 1431 2844 ι
1451 2828 1560 2856 συνόδου
1591 2827 1756 2860 Λαοδικείας
1786 2837 1840 2855 κα-

1035 2873 1088 2902 νὼν
1101 2873 1151 2905 νζ’.
