1946 3076
141 135 211 167 1093

126 239 235 274 ρικοὺς
245 239 280 266 ἐκ
293 239 452 274 συμϐολῆς
470 239 638 274 συμπόσια.

167 284 280 311 Συνόδου
295 283 459 315 Λαοδικείας
469 283 560 311 κανὼν
576 287 623 311 γε’.

163 331 291 358 ΚΕΦΔΛ.
309 329 361 358 ΙΘ’.
373 345 410 351 —
422 331 492 365 Περὶ
504 329 559 365 τῆς
571 331 607 358 ἐκ
618 331 732 365 χρόνου
747 331 860 364 τάξεως
869 330 932 358 τῶν

131 378 317 409 ἐπισκόπων,
331 376 455 410 καὶπῶς
469 379 496 404 at
514 377 650 412 κληρικοὶ
669 377 852 411 καθέζονται,
879 377 930 404 καὶ

132 423 258 459 τιμῶσιν
268 422 439 457 ἀλλήλους.

169 468 283 495 Συνόδου
295 468 413 500 Νικαίας
423 468 513 496 κανὼν
527 468 563 504 ιη’
573 476 580 483 '
591 469 700 496 συνόδου
716 469 877 501 Λαοδικείας
893 468 928 504 η’,

131 514 176 547 νς¹
191 524 198 531 ·
217 515 328 542 συνόδου
344 515 542 552 Καρθαγέννης
557 515 649 544 κανὼν
668 520 731 550 σις’,
743 517 803 544 πθ¹¹
818 517 928 544 συνόδου

133 560 171 594 ς’,
181 560 271 588 κανὼν
287 561 321 594 ζ’.

649 137 894 170 NOMOCANON.
913 151 948 156 -
966 139 1041 170 TIT.
1064 140 1116 176 IX,
1138 140 1216 170 CAP.
1241 138 1275 170 ῐ.⁴

166 193 292 220 ΚΕΦΑΛ.
305 191 360 220 lH'.
375 207 410 213 —
424 193 494 226 Περὶ
513 192 568 219 τοῦ
579 192 624 228 μὴ
637 193 738 220 ποιεῖν
764 194 836 226 τούς
851 196 930 229 κλη-
945 196 972 226 Α

1717 139 1785 171 1094

1017 195 1094 223 CAP.
1107 194 1202 224 XVIII.
1214 210 1250 215 —
1262 195 1304 223 Ne
1321 196 1412 223 clerici
1431 203 1464 222 ea:
1491 196 1687 223 contributiane
1706 205 1781 223 com-

979 249 1058 268 mune
1072 241 1225 270 instituant.

1015 285 1130 314 Concilii
1147 285 1293 314 [aodiceni
1310 294 1397 314 canon

1015 331 1093 359 CAP.
1114 332 1284 360 XIX—De
1309 332 1436 361 diuturno
1458 334 1551 362 ordine
1578 334 1782 368 episcoporum,

979 382 1004 404 et
1034 378 1164 412 quomodo
1186 378 1276 406 clerici
1299 379 1407 406 sedeant
1428 399 1435 412 ,
1458 384 1483 406 et
1504 387 1531 406 se
1552 380 1664 407 invicem
1698 380 1784 406 Itono-

983 429 1056 452 rant.

1018 470 1133 498 Concilii
1166 470 1267 499 Nicaeni
1299 479 1386 499 canon
1413 472 1466 505 18;
1496 473 1608 501 concilii
1634 473 1784 502 Laodiceni

981 524 1068 544 canon
1095 517 1111 544 8
1124 537 1131 550 ,
1153 517 1206 551 56;
1227 518 1337 546 concilii
1366 517 1588 556 Carthagineusis
1609 527 1698 548 canon
1725 520 1780 554 86,

981 563 1015 592 89
1032 572 1041 598 ;
1059 564 1165 592 concilii
1182 565 1251 592 sexti
1270 573 1358 593 canon
1374 566 1402 593 7.

784 732 988 776 ΤΙΤΛΟΣ
1033 731 1073 777 Θ
1082 726 1103 774 ’.

131 829 218 856 ΠΕΡΙ
261 827 537 859 ΛΜΔΡΤΗΜΑΤΩΝ.
574 827 635 854 ΚΑΙ
674 826 782 853 ΔΙΚΩΝ
816 825 1031 857 ΕΠΙΣΚΟΠΩΝ,
1067 825 1128 852 ΚΑΙ
1172 825 1367 857 ΚΛΗΡΙΚΩΝ,
1393 826 1456 852 ΚΑΙ
1485 825 1695 856 ΛΦΟΡΙΣΜΟΥ,
1720 825 1782 852 ΚΑΙ

237 863 492 896 ΚΑΘΑΙΡΕΣΕΩΣ,
522 862 583 890 ΚΑΙ
607 862 830 896 ΜΕΤΑΝΟΙΔΣ,
863 862 924 889 ΚΑΙ
951 862 1033 889 ΠΟΙΑ
1071 860 1316 888 AMAPTHMA’I'A
1335 861 1586 888 ΗΣΧΕΙΡΟΘΕΣΙΑ
1600 861 1692 888 ΛΥΕΙ.

717 1028 950 1068 TITULUS
980 1027 1173 1069 NONUS.

131 1119 188 1150 DE
220 1118 400 1150 DELICTIS
418 1141 427 1155 ,
458 1118 798 1150 ACCUSATIONIBUS
816 1140 824 1154 ,
853 1117 1302 1151 EXCOMMUNICATIONE,
1330 1116 1603 1148 DEPOSITIONE
1618 1139 1627 1153 ,
1647 1116 1782 1148 ΡΟΕΝΙ-

174 1159 323 1189 ΤΕΝΊῚΛ
346 1159 625 1190 EPISCOPORUM
646 1160 696 1190 ET
712 1157 982 1195 CLERICORUM,
999 1158 1048 1188 ET
1065 1157 1318 1188 CONJUSMODI
1342 1156 1525 1187 PECCATA
1544 1157 1740 1188 ORDINATI
1752 1158 1779 1188 Ο

174 1198 401 1230 REMITTAT.
756 1227 759 1230 ο
788 1232 791 1235 ,
812 1221 844 1235 ,._.

172 1355 370 1383 ΚΕΦΔΛΑΙΟΝ
403 1357 559 1385 ΠΡΩΤΟΝ.
587 1358 638 1392 -ἶ
669 1359 752 1391 Τίνες
783 1359 831 1386 καὶ
856 1359 932 1393 παρὰ

1024 1357 1103 1386 CAP.
1132 1355 1278 1386 PRIMUM.
1292 1371 1327 1377 —
1342 1357 1359 1384 Α
1373 1356 1468 1391 quibus
1477 1361 1501 1383 et
1515 1356 1586 1391 apud
1610 1364 1675 1392 quos
1699 1365 1782 1384 accu-

135 1403 199 1430 τίσι
212 1403 434 1437 κατηγοροῦσιν
448 1404 624 1431 ἐπισκόπων
643 1404 662 1438 ἤ
680 1404 843 1439 κληρικῶν.

179 1449 348 1476 Ἀποστόλων
362 1449 451 1477 κανὼν
465 1449 501 1476 οδ¹
515 1458 522 1465 ⁸
541 1450 650 1477 συνόδου
674 1451 724 1485 τῆς
739 1452 768 1477 ὲν
783 1452 929 1478 Κωνσταν-

134 1497 288 1524 τινουπόλει
304 1497 395 1524 κανὼν
409 1497 435 1530 ς’
452 1505 459 1512 ·
478 1498 587 1525 συνόδου
605 1499 784 1534 Χαλκηδόνος
800 1500 888 1527 κανὼν
897 1499 931 1532 θ’,

136 1542 179 1570 κα’
195 1551 201 1559 ⁸
218 1543 328 1571 συνόδου
344 1544 540 1580 Καρθαγέννης
555 1546 647 1572 κανὼν
669 1549 706 1579 η’,
726 1545 772 1578 ια’,
787 1545 830 1582 ιβ’,
843 1546 884 1574 ιε’.
897 1545 930 1580 λ’,

137 1593 209 1626 ρχη’,
228 1589 286 1625 ρκΟ¹
298 1598 305 1605 ·
317 1591 452 1627 Κυρίλλου
468 1593 501 1618 ὲκ
513 1592 562 1627 τῆς
583 1591 650 1628 πρός
663 1592 766 1628 Δόμνον
783 1593 930 1628 ἐπιστολῆς

135 1644 201 1670 κεφ.
216 1638 251 1663 α’.

173 1682 459 1717 Κείμενον.Γενικῶς
479 1683 544 1719 περὶ
572 1683 627 1711 τῶν
655 1684 836 1720 κωλυομένων
863 1693 934 1712 κατ-

134 1728 247 1763 ηγορεῖν
259 1747 267 1760 ,
293 1736 321 1754 κ.
336 1736 361 1755 τ.
379 1727 405 1756 λ.
426 1736 514 1764 usque
544 1730 577 1757 ad
599 1729 639 1766 τῷ
655 1730 843 1766 ὑπερδαίνοντι
858 1731 934 1766 ποσῷ

133 1781 269 1801 ποιουσιν.

171 1821 307 1854 Σχόλιον.
327 1821 356 1848 Ὀ
372 1819 396 1847 α’
422 1821 475 1848 τίτ.
491 1821 540 1848 τοῦ
557 1821 579 1849 θ’
610 1822 712 1858 βιϐλίου
728 1825 776 1850 τοῦ
803 1823 930 1857 κώδικος,

133 1867 194 1892 ἐστι
211 1866 314 1902 βιϐλίον
330 1867 385 1893 τῶν
399 1867 553 1895 Βασιλικῶν
568 1867 600 1902 ξ’,
614 1869 666 1897 τίτ.
679 1869 725 1901 λδ’,
740 1878 804 1905 κεφι
821 1869 874 1905 κγ’,
885 1871 932 1898 καὶ

135 1912 207 1947 μετὰ
223 1911 254 1938 τὸ
268 1912 335 1939 αὐτὸ
344 1921 406 1947 κεφ.
421 1914 489 1940 είσὶν
503 1914 586 1950 ἕτερα
596 1923 656 1948 xeo.
669 1915 830 1943 διδάσκοντα
853 1917 927 1948 τίνες

133 1958 262 1985 δύνανται
278 1960 363 1985 κινεῖν
380 1960 573 1995 ὲγκληματικὰ
589 1961 764 1996 δικαστήρια.
787 1962 835 1988 καὶ
857 1963 931 1994 τίνες

132 2006 166 2031 οὺ
193 2004 331 2032 δύνανται.
359 2006 392 2032 ’Λ
418 2007 466 2033 καὶ
488 2008 637 2042 ἀνάγνωθι,
656 2009 670 2034 ό
694 2007 715 2042 β’
735 2008 786 2034 τίτ.
817 2009 863 2035 τοῦ
885 2008 931 2044 μη¹

985 1409 1078 1431 tentur
1092 1403 1208 1438 episcopi
1225 1407 1270 1429 aut
1286 1401 1388 1429 clerici.
1433 1428 1436 1431 ,

1019 1451 1212 1486 Apostolorum
1235 1458 1324 1478 canon
1347 1449 1398 1482 74;
1424 1449 1534 1477 concilii
1550 1449 1783 1484 Constantinopo-

985 1498 1062 1526 litani
1088 1506 1177 1525 canon
1201 1497 1239 1530 6;
1269 1496 1377 1524 concilii
1401 1495 1635 1524 Chalcedonensis
1654 1504 1742 1523 canon
1757 1498 1783 1530 9,

984 1544 1035 1576 2|;
1050 1544 1159 1572 concilii
1172 1543 1396 1578 Carthaginensis
1412 1550 1498 1570 canon
1511 1543 1538 1574 8.
1556 1543 1606 1574 11,
1623 1542 1665 1575 12,
1677 1543 1782 1576 15,50,

986 1590 1056 1620 128.
1085 1590 1158 1624 l29;
1187 1589 1280 1626 Cyrilli
1318 1597 1352 1616 ex
1378 1589 1493 1624 epistola
1520 1589 1554 1616 ad
1578 1588 1715 1617 Domuum
1737 1596 1786 1616 ca-

1005 1642 1034 1665 ut
1054 1637 1079 1664 I.

985 1645 1310 1710 pu;e2!us.cheraliter
1331 1681 1365 1709 de
1390 1681 1424 1708 iis
1445 1680 1492 1716 qui
1519 1681 1552 1708 de
1574 1681 1695 1716 publico,
1713 1685 1755 1708 etc
1771 1700 1779 1712 .

984 1737 1065 1764 usque
1081 1729 1115 1756 ad
1127 1728 1320 1764 jusjurandum
1335 1733 1460 1761 caveam,
1481 1734 1510 1755 ut
1525 1737 1586 1764 pug.
1604 1728 1666 1760 707,
1683 1727 1746 1754 710.

1021 1820 1167 1848 Scholium.
1185 1820 1239 1848 Tit.
1258 1821 1283 1852 l.
1300 1820 1348 1848 lib.
1364 1828 1392 1847 Ix
1428 1820 1490 1848 cod.
1509 1827 1551 1854 est
1563 1821 1610 1848 lib.
1625 1820 1708 1849 Basil.
1730 1829 1763 1848 ιχ
1776 1842 1784 1855 ,

985 1867 1028 1894 tit.
1047 1867 1098 1900 34,
1111 1875 1171 1902 cap.
1187 1866 1234 1894 25.
1260 1866 1293 1894 Et
1307 1871 1368 1901 post
1385 1867 1451 1894 illud
1470 1867 1559 1902 ipsum
1578 1875 1638 1902 cap.
1653 1872 1718 1895 sunt
1732 1868 1786 1895 alia

985 1921 1045 1947 cap.
1066 1922 1127 1949 qum
1149 1915 1266 1947 docent,
1291 1914 1403 1949 quinam
1428 1914 1535 1949 possint
1559 1922 1667 1942 movere
1698 1915 1786 1942 ecclv-

987 1961 1097 1988 siastica
1121 1961 1240 1995 judicia,
1268 1966 1294 1987 et
1318 1960 1427 1996 quinam
1462 1961 1569 1995 possint
1595 1969 1602 1988 τ
1626 1969 1686 1996 qua:
1715 1961 1785 1996 lege.

987 2005 1087 2038 Tit.2,
1105 2007 1151 2033 lib.
1165 2013 1248 2033 λιν-ιιι
1264 2006 1321 2042 Dig.
1339 2011 1382 2033 est
1405 2006 1448 2033 lih.
1475 2015 1519 2037 ιι,
1534 2007 1576 2034 ῑὶι.
1604 2008 1653 2039 54,
1671 2007 1750 2042 cujus
1768 2008 1781 2034 1

134 2051 240 2088 βιϐλίου
260 2053 314 2079 τῶν
329 2054 400 2080 διατ.
414 2053 471 2080 ἐστι
485 2054 588 2089 βιϐλίον
605 2054 625 2087 ξ’
647 2055 700 2081 τίτ.
715 2054 762 2087 λὸ¹,
779 2055 826 2081 καὶ
854 2055 928 2090 ζήτει

989 2060 1044 2087 cap.
1058 2059 1167 2087 quzero,
1183 2057 1211 2079 et
1229 2051 1359 2086 deinceps
1376 2051 1455 2087 [alia]
1473 2053 1557 2079 multa
1572 2072 1580 2084 ,
1603 2060 1664 2087 qua:
1680 2053 1712 2079 dc
1728 2053 1784 2080 cri-

132 2099 166 2124 τὸ
198 2102 232 2125 α’.
261 2099 356 2126 τούτου
387 2108 450 2134 κεφ.
478 2101 524 2127 καὶ
555 2101 597 2135 ἐφ’
623 2101 688 2136 ἑξῆς
716 2101 833 2136 διάφορα
863 2101 929 2137 περὶ

132 2145 347 2180 ὲγκληματικῶν
364 2147 536 2181 κατηγοριῶν
563 2147 732 2174 διδάσκοντα.
758 2148 788 2173 Ἡ
814 2146 842 2179 ς’
857 2147 927 2174 διὰτ.

132 2191 183 2218 τοῦ
198 2190 221 2218 α’
236 2191 338 2226 βιϐλίου
355 2192 401 2219 τοῦ
415 2192 540 2225 κώδικος,
553 2193 611 2220 ἐστι
631 2192 686 2220 τῶν
715 2193 868 2220 Βασιλικῶν
889 2193 931 2229 βι-

133 2237 211 2263 ϐλίον
229 2236 259 2268 ε’,
285 2237 338 2264 τίτ.
366 2237 401 2269 α’,
415 2246 478 2272 κειρ.
499 2237 526 2270 ς’
552 2238 638 2270 οὕτως
667 2239 740 2274 ἔχον,
781 2239 819 2271 ὡς
839 2240 878 2271 είς
900 2240 931 2266 τὸ

133 2282 263 2318 κείμενον
290 2284 409 2318 ἐγράφη.
426 2283 462 2310 Τὸ
485 2284 574 2319 παρὸν
603 2284 632 2311 δὲ
654 2293 718 2320 κεφ.
750 2285 930 2320 διαλαμϐάνει

133 2329 213 2364 παρὰ
223 2329 294 2356 τίσιν
307 2330 458 2364 ὀφείλονται
486 2330 632 2364 ὲνάγεσθαι
652 2331 733 2366 χάριν
758 2331 930 2366 ἐγκληματι-

132 2376 204 2407 κῶν,
233 2376 280 2402 καὶ
306 2376 485 2411 χρηματικῶν
511 2377 677 2407 ὑποθέσεων.
709 2378 854 2404 ἐπίσκοποι
883 2378 932 2404 καὶ

133 2422 274 2456 κληρικοί.
303 2422 423 2448 Γίνωσκε
437 2422 466 2449 δὲ
476 2422 587 2450 ὄτιέστι
603 2424 698 2459 Νεαρὲι
730 2424 784 2450 τῶν
811 2424 931 2450 εὐσεϐῶν

134 2467 270 2504 βασιλέων
281 2469 489 2496 Κωνσταντίνου
501 2471 548 2496 καὶ
572 2470 731 2505 Ἡρακλείου
745 2470 931 2506 διοριζομένη,

134 2514 208 2549 μήτε
223 2513 382 2546 ἐπίσκοπον,
398 2515 466 2550 μήτε
478 2514 619 2550 κληρικὺν,
635 2515 702 2551 μήτε
719 2516 845 2551 μοναχὸν,
863 2525 932 2552 χρη-

134 2559 286 2595 ματικῆςῆ
304 2560 513 2595 ὲγκληματικῆς
533 2561 612 2596 χάριν
639 2561 729 2592 αἰτίας
753 2561 830 2596 παρὰ
857 2562 933 2587 πολι-

132 2605 206 2641 τικῷ
220 2606 236 2642 ἢ
254 2606 445 2643 στρατιωτικῷ
458 2607 602 2641 ὲνάγεσθαι
629 2607 752 2643 ἄρχοντι,
768 2608 837 2635 ἀλλὰ
857 2608 934 2644 παρά

135 2653 231 2689 μόνοις
260 2655 317 2684 τοῖς
343 2653 420 2685 ἰδίοις
446 2653 649 2689 ἑπισκόποις,ἢ
675 2655 887 2690 μητροπολίταις
915 2655 932 2690 ἢ

133 2699 334 2735 πατριὰρχαις,
355 2699 389 2725 τὰ
412 2699 483 2726 αὐτὰ
497 2699 645 2735 διορίζεται
658 2700 706 2727 καὶ
733 2701 764 2726 τὸ
791 2702 861 2736 μετὰ
884 2701 930 2728 τὸν

132 2744 250 2770 Ἰούλιον
275 2745 349 2779 μῆνα
379 2744 429 2779 τῆς
446 2745 478 2777 δ,
495 2744 652 2776 ίνδικτιόνος
677 2744 724 2771 τοῦ
751 2745 828 2781 σιρηθ¹
857 2745 933 2778 ἔτους

132 2789 272 2817 ἀπολυοὲν
283 2789 481 2826 χρυσόὸουλλον
492 2790 540 2817 τοῦ
558 2790 682 2825 ἀοιδίμου
695 2790 827 2826 βασιλέως
837 2792 932 2828 κυρίου

131 2836 256 2869 ’Λλεξίου
271 2837 319 2864 τοῦ
339 2836 483 2873 Κομνηνοῦ
517 2837 732 2872 προστιθέμενον
762 2837 850 2864 ταῦτα
879 2839 933 2874 ρη-

131 2883 202 2914 τῶς.
224 2883 254 2910 Εἰ
263 2883 291 2910 δὲ
310 2883 444 2920 μερισμὸς
455 2884 485 2911 ὲν
498 2884 556 2915 τοῖς
577 2883 789 2919 διαμαχομένοις
800 2883 870 2918 ἐστὶ,
887 2886 934 2912 καὶ

982 2098 1128 2125 ininalibus
1143 2098 1296 2126 actionibus
1308 2098 1418 2125 docent.
1433 2098 1551 2125 Constit.
1575 2098 1601 2128 6,
1617 2099 1658 2126 tit.
1669 2099 1696 2130 9.,
1713 2099 1759 2126 lib.
1775 2102 1785 2122 ι

984 2144 1046 2171 cod.
1064 2148 1107 2171 est
1123 2143 1207 2171 Basil.
1221 2144 1270 2171 lib.
1285 2151 1311 2176 ν,
1328 2145 1369 2170 tit.
1382 2144 1406 2175 I,
1421 2151 1481 2178 cap.
1499 2144 1515 2170 6
1526 2164 1533 2176 ,
1551 2144 1624 2178 quod
1639 2146 1678 2170 sic
1693 2144 1784 2177 habet,

982 2191 1216 2226 quemadmodum
1241 2191 1269 2218 in
1299 2196 1374 2218 textu
1403 2190 1537 2225 scriptum
1563 2195 1615 2217 est.
1645 2189 1782 2217 thcrum

983 2243 1103 2271 praesens
1117 2244 1177 2270 cap.
1195 2241 1308 2268 tractat,
1329 2236 1402 2272 apud
1421 2243 1491 2272 quos
1508 2236 1649 2263 conveniri
1665 2236 1787 2264 debeant

983 2281 1017 2309 de
1034 2281 1226 2309 criminalibns
1249 2283 1472 2317 pcruniariisque
1498 2283 1696 2310 controversiis
1722 2283 1782 2318 epi-

983 2330 1058 2364 scopi
1070 2334 1097 2356 et.
1112 2329 1221 2357 clerici.
1244 2330 1322 2358 Scias
1341 2336 1433 2358 autem
1448 2339 1509 2358 csse
1522 2331 1656 2358 novellam
1673 2331 1782 2367 piorum

985 2376 1183 2411 imperatorum
1205 2375 1321 2403 Heraclil
1341 2381 1368 2404 et
1382 2377 1574 2411 Constantini,
1590 2386 1651 2413 quae
1666 2378 1761 2406 statuit
1774 2398 1782 2410 ,

984 2431 1018 2450 ne
1032 2423 1190 2458 cpiscopus,
1209 2431 1297 2458 neque
1312 2423 1431 2452 clericus
1444 2446 1450 2458 ,
1466 2432 1556 2459 neque
1573 2425 1728 2452 monachus
1747 2425 1784 2452 ob

983 2468 1171 2503 pecuniariam
1202 2469 1409 2497 criminalcmve
1435 2478 1548 2498 causam
1576 2471 1647 2506 apud
1674 2471 1782 2498 civilem

985 2515 1025 2542 vel
1044 2515 1189 2543 militarem
1207 2517 1389 2544 conveniatur
1405 2517 1594 2552 magistratum
1612 2526 1618 2544 :
1642 2518 1688 2546 Si‘d
1710 2519 1782 2553 apud

986 2569 1051 2590 suos
1071 2561 1216 2596 epis‘copos
1230 2562 1382 2596 duntaxat,
1404 2567 1451 2590 aut
1468 2564 1697 2599 mctropolilanos
1709 2585 1716 2596 ,
1735 2568 1783 2591 aut

985 2607 1168 2643 patriarchas.
1184 2608 1284 2635 Eadem
1303 2609 1386 2636 etiarn
1407 2610 1506 2637 statuit
1519 2618 1603 2638 anrca
1625 2610 1697 2637 lmlla
1713 2611 1785 2638 cele-

986 2654 1096 2682 berrimi
1118 2655 1291 2690 imperatoris
1309 2655 1402 2683 domni
1418 2657 1505 2684 Alexii
1522 2657 1656 2684 Comneni
1669 2657 1778 2692 vulgata

987 2708 1080 2728 mense
1095 2699 1177 2733 Julio,
1198 2702 1346 2729 indictione
1362 2703 1389 2735 4,
1408 2711 1480 2731 anno
1498 2702 1550 2739 [ab
1567 2704 1634 2731 orbe
1655 2703 1783 2740 condito]

989 2748 1069 2780 6589.
1086 2757 1148 2784 qua:
1162 2749 1219 2776 hate
1232 2749 1259 2776 in
1275 2749 1333 2776 hanc
1345 2750 1426 2777 verba
1441 2751 1532 2777 addit:
1551 2749 1579 2776 Si
1594 2757 1658 2777 vero
1674 2749 1785 2784 partitio

989 2795 1059 2822 inter
1073 2795 1248 2823 adversarios
1264 2795 1358 2828 fuerit,
1373 2801 1399 2823 ct
1413 2797 1530 2824 alterum
1547 2795 1677 2823 mundani
1694 2801 1784 2824 status

989 2848 1050 2868 esse
1065 2845 1213 2876 appareat.
1228 2841 1298 2869 alter
1310 2842 1336 2868 in
1353 2849 1463 2869 sacrum
1479 2841 1584 2869 clerum
1598 2842 1715 2870 allectus
1726 2843 1762 2870 sit
1775 2852 1782 2870 :

989 2886 1079 2923 [tunc]
1092 2891 1169 2915 actor
1184 2886 1245 2915 foro
1259 2887 1298 2915 rei
1313 2894 1361 2923 per
1378 2888 1469 2915 omnia
1485 2888 1657 2924 subjacehit,
1669 2893 1696 2918 ct
1709 2893 1784 2918 uter-
