  <div class='ocr_page' id='page_1' title='image "/cluster/home/n/w/nwhite01/storage/ocr_20150623/104/njp.32101077772885/555.png"; bbox 0 0 1946 3076; ppageno 0'>
   <div class='ocr_carea' id='block_1_1' title="bbox 184 131 253 165">
    <p class='ocr_par' dir='ltr' id='par_1_1' title="bbox 184 131 253 165">
     <span class='ocr_line' id='line_1_1' title="bbox 184 131 253 165; baseline -0.014 0"><span class='ocrx_word' id='word_1_1' title='bbox 184 131 253 165; x_wconf 83' lang='grc'>1095</span> 
     </span>
    </p>
   </div>
   <div class='ocr_carea' id='block_1_2' title="bbox 182 186 1013 224">
    <p class='ocr_par' dir='ltr' id='par_1_2' title="bbox 182 186 1013 224">
     <span class='ocr_line' id='line_1_2' title="bbox 182 186 1013 224; baseline -0.004 -9"><span class='ocrx_word' id='word_1_2' title='bbox 182 196 236 224; x_wconf 90' lang='lat' dir='ltr'><strong>que</strong></span> <span class='ocrx_word' id='word_1_3' title='bbox 249 188 282 216; x_wconf 85' lang='lat' dir='ltr'><strong>ad</strong></span> <span class='ocrx_word' id='word_1_4' title='bbox 297 192 455 223; x_wconf 89' lang='lat' dir='ltr'><strong>competens</strong></span> <span class='ocrx_word' id='word_1_5' title='bbox 473 187 605 222; x_wconf 86' lang='lat' dir='ltr'><strong>judicium</strong></span> <span class='ocrx_word' id='word_1_6' title='bbox 622 186 707 214; x_wconf 91' lang='lat' dir='ltr'><strong>abibit</strong></span> <span class='ocrx_word' id='word_1_7' title='bbox 722 194 729 212; x_wconf 73' lang='grc' dir='ltr'>ε</span> <span class='ocrx_word' id='word_1_8' title='bbox 752 186 804 213; x_wconf 90' lang='lat' dir='ltr'><strong>nisi</strong></span> <span class='ocrx_word' id='word_1_9' title='bbox 824 186 846 213; x_wconf 85' lang='lat' dir='ltr'><strong>si</strong></span> <span class='ocrx_word' id='word_1_10' title='bbox 862 186 974 221; x_wconf 78' lang='lat' dir='ltr'><strong>quando</strong></span> <span class='ocrx_word' id='word_1_11' title='bbox 993 191 1013 217; x_wconf 81' lang='grc' dir='ltr'><strong>Α</strong></span> 
     </span>
    </p>
   </div>
   <div class='ocr_carea' id='block_1_3' title="bbox 181 230 978 267">
    <p class='ocr_par' dir='ltr' id='par_1_3' title="bbox 181 230 978 267">
     <span class='ocr_line' id='line_1_3' title="bbox 181 230 978 267; baseline -0.003 -7"><span class='ocrx_word' id='word_1_12' title='bbox 181 233 302 261; x_wconf 75' lang='lat' dir='ltr'><strong>tribunal</strong></span> <span class='ocrx_word' id='word_1_13' title='bbox 318 233 524 267; x_wconf 88' lang='lat' dir='ltr'><strong>imperatorium</strong></span> <span class='ocrx_word' id='word_1_14' title='bbox 542 232 643 266; x_wconf 83' lang='lat' dir='ltr'><strong>aliquis</strong></span> <span class='ocrx_word' id='word_1_15' title='bbox 659 231 792 266; x_wconf 88' lang='lat' dir='ltr'><strong>requiret.</strong></span> <span class='ocrx_word' id='word_1_16' title='bbox 807 230 886 261; x_wconf 83' lang='lat' dir='ltr'><strong>Tunc</strong></span> <span class='ocrx_word' id='word_1_17' title='bbox 903 231 978 258; x_wconf 89' lang='lat' dir='ltr'><strong>enim</strong></span> 
     </span>
    </p>
   </div>
   <div class='ocr_carea' id='block_1_4' title="bbox 181 277 976 313">
    <p class='ocr_par' dir='ltr' id='par_1_4' title="bbox 181 277 976 313">
     <span class='ocr_line' id='line_1_4' title="bbox 181 277 976 313; baseline -0.003 -7"><span class='ocrx_word' id='word_1_18' title='bbox 181 279 312 307; x_wconf 90' lang='lat' dir='ltr'><strong>omnibus</strong></span> <span class='ocrx_word' id='word_1_19' title='bbox 337 278 510 307; x_wconf 84' lang='lat' dir='ltr'><strong>cessantibus</strong></span> <span class='ocrx_word' id='word_1_20' title='bbox 536 277 713 313; x_wconf 87' lang='lat' dir='ltr'><strong>imperatoria</strong></span> <span class='ocrx_word' id='word_1_21' title='bbox 739 277 871 312; x_wconf 88' lang='lat' dir='ltr'><strong>majestas</strong></span> <span class='ocrx_word' id='word_1_22' title='bbox 902 277 976 304; x_wconf 84' lang='lat' dir='ltr'><strong>litem</strong></span> 
     </span>
    </p>
   </div>
   <div class='ocr_carea' id='block_1_5' title="bbox 181 322 978 362">
    <p class='ocr_par' dir='ltr' id='par_1_5' title="bbox 181 322 978 362">
     <span class='ocr_line' id='line_1_5' title="bbox 181 322 978 362; baseline -0.004 -9"><span class='ocrx_word' id='word_1_23' title='bbox 181 325 356 362; x_wconf 77' lang='lat' dir='ltr'><strong>dijudicabit,</strong></span> <span class='ocrx_word' id='word_1_24' title='bbox 373 329 400 353; x_wconf 82' lang='lat' dir='ltr'><strong>et</strong></span> <span class='ocrx_word' id='word_1_25' title='bbox 412 324 519 353; x_wconf 91' lang='lat' dir='ltr'><strong>decidet</strong></span> <span class='ocrx_word' id='word_1_26' title='bbox 536 323 761 352; x_wconf 86' lang='lat' dir='ltr'><strong>controversiam.</strong></span> <span class='ocrx_word' id='word_1_27' title='bbox 778 323 877 350; x_wconf 85' lang='lat' dir='ltr'><strong>Verum</strong></span> <span class='ocrx_word' id='word_1_28' title='bbox 896 322 978 358; x_wconf 87' lang='lat' dir='ltr'><strong>hujus</strong></span> 
     </span>
    </p>
   </div>
   <div class='ocr_carea' id='block_1_6' title="bbox 181 370 979 408">
    <p class='ocr_par' dir='ltr' id='par_1_6' title="bbox 181 370 979 408">
     <span class='ocr_line' id='line_1_6' title="bbox 181 370 979 408; baseline -0.004 -8"><span class='ocrx_word' id='word_1_29' title='bbox 181 380 273 400; x_wconf 72' lang='lat' dir='ltr'><strong>aurea:</strong></span> <span class='ocrx_word' id='word_1_30' title='bbox 284 373 364 400; x_wconf 65' lang='lat' dir='ltr'><strong>bullae</strong></span> <span class='ocrx_word' id='word_1_31' title='bbox 376 377 561 408; x_wconf 76' lang='lat' dir='ltr'><strong>segmentum,</strong></span> <span class='ocrx_word' id='word_1_32' title='bbox 573 370 647 406; x_wconf 88' lang='lat' dir='ltr'><strong>quod</strong></span> <span class='ocrx_word' id='word_1_33' title='bbox 659 370 764 403; x_wconf 84' lang='lat' dir='ltr'><strong>statuit,</strong></span> <span class='ocrx_word' id='word_1_34' title='bbox 775 374 805 397; x_wconf 87' lang='lat' dir='ltr'><strong>ut</strong></span> <span class='ocrx_word' id='word_1_35' title='bbox 817 370 979 406; x_wconf 71' lang='lat' dir='ltr'><strong>quicunque</strong></span> 
     </span>
    </p>
   </div>
   <div class='ocr_carea' id='block_1_7' title="bbox 181 416 976 454">
    <p class='ocr_par' dir='ltr' id='par_1_7' title="bbox 181 416 976 454">
     <span class='ocr_line' id='line_1_7' title="bbox 181 416 976 454; baseline -0.004 -8"><span class='ocrx_word' id='word_1_36' title='bbox 181 419 215 446; x_wconf 75' lang='lat' dir='ltr'><strong>ad</strong></span> <span class='ocrx_word' id='word_1_37' title='bbox 228 420 419 454; x_wconf 90' lang='lat' dir='ltr'><strong>qualecunque</strong></span> <span class='ocrx_word' id='word_1_38' title='bbox 435 418 555 445; x_wconf 79' lang='lat' dir='ltr'><strong>tribunal</strong></span> <span class='ocrx_word' id='word_1_39' title='bbox 570 417 716 444; x_wconf 89' lang='lat' dir='ltr'><strong>trahuntur</strong></span> <span class='ocrx_word' id='word_1_40' title='bbox 729 437 737 450; x_wconf 90' lang='lat'><strong>,</strong></span> <span class='ocrx_word' id='word_1_41' title='bbox 764 417 787 444; x_wconf 91' lang='lat' dir='ltr'><strong>si</strong></span> <span class='ocrx_word' id='word_1_42' title='bbox 803 416 976 452; x_wconf 90' lang='lat' dir='ltr'><strong>imperatorii</strong></span> 
     </span>
    </p>
   </div>
   <div class='ocr_carea' id='block_1_8' title="bbox 180 462 978 499">
    <p class='ocr_par' dir='ltr' id='par_1_8' title="bbox 180 462 978 499">
     <span class='ocr_line' id='line_1_8' title="bbox 180 462 978 499; baseline -0.003 -8"><span class='ocrx_word' id='word_1_43' title='bbox 180 464 327 492; x_wconf 87' lang='lat' dir='ltr'><strong>tribunalis</strong></span> <span class='ocrx_word' id='word_1_44' title='bbox 346 464 515 491; x_wconf 86' lang='lat' dir='ltr'><strong>auditorium</strong></span> <span class='ocrx_word' id='word_1_45' title='bbox 536 463 697 499; x_wconf 86' lang='lat' dir='ltr'><strong>requirant,</strong></span> <span class='ocrx_word' id='word_1_46' title='bbox 719 463 922 491; x_wconf 90' lang='lat' dir='ltr'><strong>admittautur:</strong></span> <span class='ocrx_word' id='word_1_47' title='bbox 940 462 978 490; x_wconf 91' lang='lat' dir='ltr'><strong>ir-</strong></span> 
     </span>
    </p>
   </div>
   <div class='ocr_carea' id='block_1_9' title="bbox 181 509 978 545">
    <p class='ocr_par' dir='ltr' id='par_1_9' title="bbox 181 509 978 545">
     <span class='ocr_line' id='line_1_9' title="bbox 181 509 978 545; baseline -0.003 -7"><span class='ocrx_word' id='word_1_48' title='bbox 181 511 264 538; x_wconf 88' lang='lat' dir='ltr'><strong>ritum</strong></span> <span class='ocrx_word' id='word_1_49' title='bbox 282 510 384 538; x_wconf 85' lang='lat' dir='ltr'><strong>factum</strong></span> <span class='ocrx_word' id='word_1_50' title='bbox 406 514 449 538; x_wconf 82' lang='lat' dir='ltr'><strong>est</strong></span> <span class='ocrx_word' id='word_1_51' title='bbox 473 518 506 538; x_wconf 81' lang='lat' dir='ltr'><strong>ex</strong></span> <span class='ocrx_word' id='word_1_52' title='bbox 534 509 688 545; x_wconf 83' lang='lat' dir='ltr'><strong>posteriore</strong></span> <span class='ocrx_word' id='word_1_53' title='bbox 711 509 835 544; x_wconf 88' lang='lat' dir='ltr'><strong>jussione</strong></span> <span class='ocrx_word' id='word_1_54' title='bbox 853 509 978 545; x_wconf 87' lang='lat' dir='ltr'><strong>ejusdem</strong></span> 
     </span>
    </p>
   </div>
   <div class='ocr_carea' id='block_1_10' title="bbox 181 556 979 593">
    <p class='ocr_par' dir='ltr' id='par_1_10' title="bbox 181 556 979 593">
     <span class='ocr_line' id='line_1_10' title="bbox 181 556 979 593; baseline -0.001 -8"><span class='ocrx_word' id='word_1_55' title='bbox 181 557 355 593; x_wconf 83' lang='lat' dir='ltr'><strong>imperatoris</strong></span> <span class='ocrx_word' id='word_1_56' title='bbox 374 557 468 584; x_wconf 87' lang='lat' dir='ltr'><strong>domni</strong></span> <span class='ocrx_word' id='word_1_57' title='bbox 494 556 582 584; x_wconf 84' lang='lat' dir='ltr'><strong>Alexii</strong></span> <span class='ocrx_word' id='word_1_58' title='bbox 595 557 751 589; x_wconf 85' lang='lat' dir='ltr'><strong>Comneni,</strong></span> <span class='ocrx_word' id='word_1_59' title='bbox 774 564 835 591; x_wconf 64' lang='lat' dir='ltr'><strong>quae</strong></span> <span class='ocrx_word' id='word_1_60' title='bbox 853 556 979 592; x_wconf 82' lang='lat' dir='ltr'><strong>evulgata</strong></span> 
     </span>
    </p>
   </div>
   <div class='ocr_carea' id='block_1_11' title="bbox 180 603 978 638">
    <p class='ocr_par' dir='ltr' id='par_1_11' title="bbox 180 603 978 638">
     <span class='ocr_line' id='line_1_11' title="bbox 180 603 978 638; baseline -0.001 -6"><span class='ocrx_word' id='word_1_61' title='bbox 180 609 224 632; x_wconf 87' lang='lat' dir='ltr'><strong>est</strong></span> <span class='ocrx_word' id='word_1_62' title='bbox 237 612 331 632; x_wconf 84' lang='lat' dir='ltr'><strong>mense</strong></span> <span class='ocrx_word' id='word_1_63' title='bbox 343 603 414 631; x_wconf 90' lang='lat' dir='ltr'><strong>Maio</strong></span> <span class='ocrx_word' id='word_1_64' title='bbox 425 624 433 637; x_wconf 90' lang='lat'><strong>,</strong></span> <span class='ocrx_word' id='word_1_65' title='bbox 448 603 597 631; x_wconf 87' lang='lat' dir='ltr'><strong>indictione</strong></span> <span class='ocrx_word' id='word_1_66' title='bbox 611 603 638 635; x_wconf 77' lang='lat'><strong>5,</strong></span> <span class='ocrx_word' id='word_1_67' title='bbox 656 607 683 630; x_wconf 87' lang='lat' dir='ltr'><strong>et</strong></span> <span class='ocrx_word' id='word_1_68' title='bbox 697 603 793 630; x_wconf 81' lang='lat' dir='ltr'><strong>statuit</strong></span> <span class='ocrx_word' id='word_1_69' title='bbox 806 607 867 636; x_wconf 83' lang='lat' dir='ltr'><strong>post</strong></span> <span class='ocrx_word' id='word_1_70' title='bbox 884 610 978 638; x_wconf 81' lang='lat' dir='ltr'><strong>prooe-</strong></span> 
     </span>
    </p>
   </div>
   <div class='ocr_carea' id='block_1_12' title="bbox 180 649 979 684">
    <p class='ocr_par' dir='ltr' id='par_1_12' title="bbox 180 649 979 684">
     <span class='ocr_line' id='line_1_12' title="bbox 180 649 979 684; baseline -0.004 -5"><span class='ocrx_word' id='word_1_71' title='bbox 180 651 266 679; x_wconf 94' lang='lat' dir='ltr'><strong>mium</strong></span> <span class='ocrx_word' id='word_1_72' title='bbox 281 652 355 684; x_wconf 62' lang='lat' dir='ltr'><strong>haec,</strong></span> <span class='ocrx_word' id='word_1_73' title='bbox 368 651 394 678; x_wconf 92' lang='lat' dir='ltr'><strong>in</strong></span> <span class='ocrx_word' id='word_1_74' title='bbox 412 651 470 678; x_wconf 54' lang='lat' dir='ltr'><strong>hac</strong></span> <span class='ocrx_word' id='word_1_75' title='bbox 487 652 571 678; x_wconf 85' lang='lat' dir='ltr'><strong>verba</strong></span> <span class='ocrx_word' id='word_1_76' title='bbox 586 657 594 677; x_wconf 85' lang='lat'>:</span> <span class='ocrx_word' id='word_1_77' title='bbox 613 649 772 677; x_wconf 71' lang='lat' dir='ltr'><strong>Praescribit</strong></span> <span class='ocrx_word' id='word_1_78' title='bbox 787 649 870 684; x_wconf 77' lang='lat' dir='ltr'><strong>igitur</strong></span> <span class='ocrx_word' id='word_1_79' title='bbox 889 649 979 677; x_wconf 89' lang='lat' dir='ltr'><strong>omui-</strong></span> 
     </span>
    </p>
   </div>
   <div class='ocr_carea' id='block_1_13' title="bbox 180 696 978 733">
    <p class='ocr_par' dir='ltr' id='par_1_13' title="bbox 180 696 978 733">
     <span class='ocr_line' id='line_1_13' title="bbox 180 696 978 733; baseline -0.001 -8"><span class='ocrx_word' id='word_1_80' title='bbox 180 698 232 725; x_wconf 91' lang='lat' dir='ltr'><strong>bus</strong></span> <span class='ocrx_word' id='word_1_81' title='bbox 250 698 345 730; x_wconf 84' lang='lat' dir='ltr'><strong>vobis,</strong></span> <span class='ocrx_word' id='word_1_82' title='bbox 366 698 411 733; x_wconf 92' lang='lat' dir='ltr'><strong>qui</strong></span> <span class='ocrx_word' id='word_1_83' title='bbox 430 697 540 732; x_wconf 77' lang='lat' dir='ltr'><strong>iudiciis</strong></span> <span class='ocrx_word' id='word_1_84' title='bbox 556 697 679 732; x_wconf 71' lang='lat' dir='ltr'><strong>przcestis</strong></span> <span class='ocrx_word' id='word_1_85' title='bbox 692 717 700 729; x_wconf 91' lang='lat'><strong>,</strong></span> <span class='ocrx_word' id='word_1_86' title='bbox 725 696 901 731; x_wconf 84' lang='lat' dir='ltr'><strong>imperatoria</strong></span> <span class='ocrx_word' id='word_1_87' title='bbox 918 704 978 724; x_wconf 85' lang='lat' dir='ltr'><strong>mea</strong></span> 
     </span>
    </p>
   </div>
   <div class='ocr_carea' id='block_1_14' title="bbox 181 742 978 779">
    <p class='ocr_par' dir='ltr' id='par_1_14' title="bbox 181 742 978 779">
     <span class='ocr_line' id='line_1_14' title="bbox 181 742 978 779; baseline -0.003 -8"><span class='ocrx_word' id='word_1_88' title='bbox 181 745 310 779; x_wconf 73' lang='lat' dir='ltr'><strong>maiestas</strong></span> <span class='ocrx_word' id='word_1_89' title='bbox 322 765 329 777; x_wconf 88' lang='lat'><strong>,</strong></span> <span class='ocrx_word' id='word_1_90' title='bbox 348 753 382 772; x_wconf 87' lang='lat' dir='ltr'><strong>ne</strong></span> <span class='ocrx_word' id='word_1_91' title='bbox 396 752 519 779; x_wconf 91' lang='lat' dir='ltr'><strong>unquam</strong></span> <span class='ocrx_word' id='word_1_92' title='bbox 538 743 652 779; x_wconf 87' lang='lat' dir='ltr'><strong>posthac</strong></span> <span class='ocrx_word' id='word_1_93' title='bbox 668 742 867 777; x_wconf 89' lang='lat' dir='ltr'><strong>obtemperetis</strong></span> <span class='ocrx_word' id='word_1_94' title='bbox 883 742 978 777; x_wconf 87' lang='lat' dir='ltr'><strong>cujus-</strong></span> 
     </span>
    </p>
   </div>
   <div class='ocr_carea' id='block_1_15' title="bbox 179 788 977 825">
    <p class='ocr_par' dir='ltr' id='par_1_15' title="bbox 179 788 977 825">
     <span class='ocr_line' id='line_1_15' title="bbox 179 788 977 825; baseline -0.003 -8"><span class='ocrx_word' id='word_1_95' title='bbox 179 790 365 825; x_wconf 86' lang='lat' dir='ltr'><strong>modicunque</strong></span> <span class='ocrx_word' id='word_1_96' title='bbox 398 790 551 824; x_wconf 84' lang='lat' dir='ltr'><strong>rescripto,</strong></span> <span class='ocrx_word' id='word_1_97' title='bbox 580 788 653 823; x_wconf 87' lang='lat' dir='ltr'><strong>quod</strong></span> <span class='ocrx_word' id='word_1_98' title='bbox 672 788 796 822; x_wconf 87' lang='lat' dir='ltr'><strong>judicum</strong></span> <span class='ocrx_word' id='word_1_99' title='bbox 819 788 977 822; x_wconf 88' lang='lat' dir='ltr'><strong>quempiam</strong></span> 
     </span>
    </p>
   </div>
   <div class='ocr_carea' id='block_1_16' title="bbox 177 833 977 871">
    <p class='ocr_par' dir='ltr' id='par_1_16' title="bbox 177 833 977 871">
     <span class='ocr_line' id='line_1_16' title="bbox 177 833 977 871; baseline -0.004 -8"><span class='ocrx_word' id='word_1_100' title='bbox 177 835 311 871; x_wconf 87' lang='lat' dir='ltr'><strong>judicium</strong></span> <span class='ocrx_word' id='word_1_101' title='bbox 338 835 371 863; x_wconf 89' lang='lat' dir='ltr'><strong>ad</strong></span> <span class='ocrx_word' id='word_1_102' title='bbox 395 835 486 871; x_wconf 89' lang='lat' dir='ltr'><strong>ipsum</strong></span> <span class='ocrx_word' id='word_1_103' title='bbox 507 833 700 862; x_wconf 87' lang='lat' dir='ltr'><strong>transmissum</strong></span> <span class='ocrx_word' id='word_1_104' title='bbox 724 840 854 861; x_wconf 78' lang='lat' dir='ltr'><strong>exercere</strong></span> <span class='ocrx_word' id='word_1_105' title='bbox 882 833 977 868; x_wconf 92' lang='lat' dir='ltr'><strong>prohi-</strong></span> 
     </span>
    </p>
   </div>
   <div class='ocr_carea' id='block_1_17' title="bbox 178 869 1014 916">
    <p class='ocr_par' dir='ltr' id='par_1_17' title="bbox 178 869 1014 916">
     <span class='ocr_line' id='line_1_17' title="bbox 178 869 1014 916; baseline -0.006 -5"><span class='ocrx_word' id='word_1_106' title='bbox 178 869 260 916; x_wconf 84' lang='lat' dir='ltr'><strong>beat,</strong></span> <span class='ocrx_word' id='word_1_107' title='bbox 283 882 391 910; x_wconf 86' lang='lat' dir='ltr'><strong>tametsi</strong></span> <span class='ocrx_word' id='word_1_108' title='bbox 406 869 546 910; x_wconf 76' lang='lat' dir='ltr'><strong>cinnabari</strong></span> <span class='ocrx_word' id='word_1_109' title='bbox 565 880 756 916; x_wconf 78' lang='lat' dir='ltr'><strong>subsignatum</strong></span> <span class='ocrx_word' id='word_1_110' title='bbox 783 880 837 912; x_wconf 86' lang='lat' dir='ltr'><strong>sit,</strong></span> <span class='ocrx_word' id='word_1_111' title='bbox 866 879 975 908; x_wconf 88' lang='lat' dir='ltr'><strong>tametsi</strong></span> <span class='ocrx_word' id='word_1_112' title='bbox 992 869 1014 897; x_wconf 76' lang='grc' dir='ltr'><strong>Β</strong></span> 
     </span>
    </p>
   </div>
   <div class='ocr_carea' id='block_1_18' title="bbox 179 925 977 963">
    <p class='ocr_par' dir='ltr' id='par_1_18' title="bbox 179 925 977 963">
     <span class='ocr_line' id='line_1_18' title="bbox 179 925 977 963; baseline -0.005 -6"><span class='ocrx_word' id='word_1_113' title='bbox 179 936 265 957; x_wconf 66' lang='grc' dir='ltr'>εει-«ιω</span> <span class='ocrx_word' id='word_1_114' title='bbox 290 928 370 955; x_wconf 79' lang='lat' dir='ltr'><strong>bullae</strong></span> <span class='ocrx_word' id='word_1_115' title='bbox 391 927 512 963; x_wconf 81' lang='lat' dir='ltr'><strong>sigillum</strong></span> <span class='ocrx_word' id='word_1_116' title='bbox 535 927 644 954; x_wconf 84' lang='lat' dir='ltr'><strong>haheat.</strong></span> <span class='ocrx_word' id='word_1_117' title='bbox 665 925 719 953; x_wconf 87' lang='lat' dir='ltr'><strong>Sed</strong></span> <span class='ocrx_word' id='word_1_118' title='bbox 739 926 762 953; x_wconf 90' lang='lat' dir='ltr'><strong>si</strong></span> <span class='ocrx_word' id='word_1_119' title='bbox 784 925 895 961; x_wconf 87' lang='lat' dir='ltr'><strong>quidem</strong></span> <span class='ocrx_word' id='word_1_120' title='bbox 913 929 977 961; x_wconf 85' lang='lat' dir='ltr'><strong>post</strong></span> 
     </span>
    </p>
   </div>
   <div class='ocr_carea' id='block_1_19' title="bbox 180 972 976 1009">
    <p class='ocr_par' dir='ltr' id='par_1_19' title="bbox 180 972 976 1009">
     <span class='ocr_line' id='line_1_19' title="bbox 180 972 976 1009; baseline -0.001 -7"><span class='ocrx_word' id='word_1_121' title='bbox 180 974 261 1002; x_wconf 90' lang='lat' dir='ltr'><strong>libelli</strong></span> <span class='ocrx_word' id='word_1_122' title='bbox 276 974 441 1002; x_wconf 88' lang='lat' dir='ltr'><strong>oblationem</strong></span> <span class='ocrx_word' id='word_1_123' title='bbox 456 973 528 1000; x_wconf 91' lang='lat' dir='ltr'><strong>intra</strong></span> <span class='ocrx_word' id='word_1_124' title='bbox 539 972 635 1009; x_wconf 80' lang='lat' dir='ltr'><strong>viginti</strong></span> <span class='ocrx_word' id='word_1_125' title='bbox 652 973 817 1009; x_wconf 66' lang='lat' dir='ltr'><strong>cognitionis</strong></span> <span class='ocrx_word' id='word_1_126' title='bbox 832 972 891 1000; x_wconf 91' lang='lat' dir='ltr'><strong>dies</strong></span> <span class='ocrx_word' id='word_1_127' title='bbox 905 993 913 1006; x_wconf 93' lang='lat'><strong>,</strong></span> <span class='ocrx_word' id='word_1_128' title='bbox 929 974 976 1008; x_wconf 87' lang='lat' dir='ltr'><strong>qui</strong></span> 
     </span>
    </p>
   </div>
   <div class='ocr_carea' id='block_1_20' title="bbox 180 1019 976 1056">
    <p class='ocr_par' dir='ltr' id='par_1_20' title="bbox 180 1019 976 1056">
     <span class='ocr_line' id='line_1_20' title="bbox 180 1019 976 1056; baseline -0.003 -8"><span class='ocrx_word' id='word_1_129' title='bbox 180 1021 206 1048; x_wconf 93' lang='lat' dir='ltr'><strong>in</strong></span> <span class='ocrx_word' id='word_1_130' title='bbox 227 1021 364 1055; x_wconf 83' lang='lat' dir='ltr'><strong>judicium</strong></span> <span class='ocrx_word' id='word_1_131' title='bbox 385 1024 540 1056; x_wconf 85' lang='lat' dir='ltr'><strong>pertractus</strong></span> <span class='ocrx_word' id='word_1_132' title='bbox 563 1024 624 1053; x_wconf 76' lang='lat' dir='ltr'><strong>est;</strong></span> <span class='ocrx_word' id='word_1_133' title='bbox 644 1019 834 1047; x_wconf 89' lang='lat' dir='ltr'><strong>dimissionem</strong></span> <span class='ocrx_word' id='word_1_134' title='bbox 859 1019 976 1055; x_wconf 90' lang='lat' dir='ltr'><strong>impera-</strong></span> 
     </span>
    </p>
   </div>
   <div class='ocr_carea' id='block_1_21' title="bbox 179 1065 976 1102">
    <p class='ocr_par' dir='ltr' id='par_1_21' title="bbox 179 1065 976 1102">
     <span class='ocr_line' id='line_1_21' title="bbox 179 1065 976 1102; baseline -0.004 -7"><span class='ocrx_word' id='word_1_135' title='bbox 179 1068 257 1096; x_wconf 67' lang='lat' dir='ltr'><strong>toriae</strong></span> <span class='ocrx_word' id='word_1_136' title='bbox 270 1071 373 1095; x_wconf 81' lang='lat' dir='ltr'><strong>nostrae</strong></span> <span class='ocrx_word' id='word_1_137' title='bbox 391 1066 544 1102; x_wconf 86' lang='lat' dir='ltr'><strong>majestatis</strong></span> <span class='ocrx_word' id='word_1_138' title='bbox 559 1066 707 1102; x_wconf 89' lang='lat' dir='ltr'><strong>impetret,</strong></span> <span class='ocrx_word' id='word_1_139' title='bbox 724 1073 785 1099; x_wconf 82' lang='lat' dir='ltr'><strong>quae</strong></span> <span class='ocrx_word' id='word_1_140' title='bbox 800 1065 915 1093; x_wconf 87' lang='lat' dir='ltr'><strong>alterum</strong></span> <span class='ocrx_word' id='word_1_141' title='bbox 930 1065 976 1100; x_wconf 88' lang='lat' dir='ltr'><strong>ju-</strong></span> 
     </span>
    </p>
   </div>
   <div class='ocr_carea' id='block_1_22' title="bbox 179 1112 973 1149">
    <p class='ocr_par' dir='ltr' id='par_1_22' title="bbox 179 1112 973 1149">
     <span class='ocr_line' id='line_1_22' title="bbox 179 1112 973 1149; baseline -0.001 -8"><span class='ocrx_word' id='word_1_142' title='bbox 179 1115 266 1142; x_wconf 86' lang='lat' dir='ltr'><strong>dicem</strong></span> <span class='ocrx_word' id='word_1_143' title='bbox 283 1114 321 1142; x_wconf 91' lang='lat' dir='ltr'><strong>illi</strong></span> <span class='ocrx_word' id='word_1_144' title='bbox 336 1115 380 1142; x_wconf 91' lang='lat' dir='ltr'><strong>cui</strong></span> <span class='ocrx_word' id='word_1_145' title='bbox 392 1114 468 1149; x_wconf 86' lang='lat' dir='ltr'><strong>prius</strong></span> <span class='ocrx_word' id='word_1_146' title='bbox 481 1121 567 1141; x_wconf 84' lang='lat' dir='ltr'><strong>causa</strong></span> <span class='ocrx_word' id='word_1_147' title='bbox 579 1112 741 1141; x_wconf 84' lang='lat' dir='ltr'><strong>transmissa</strong></span> <span class='ocrx_word' id='word_1_148' title='bbox 756 1116 815 1145; x_wconf 84' lang='lat' dir='ltr'><strong>est,</strong></span> <span class='ocrx_word' id='word_1_149' title='bbox 828 1112 973 1148; x_wconf 79' lang='lat' dir='ltr'><strong>adjungat:</strong></span> 
     </span>
    </p>
   </div>
   <div class='ocr_carea' id='block_1_23' title="bbox 180 1157 973 1193">
    <p class='ocr_par' dir='ltr' id='par_1_23' title="bbox 180 1157 973 1193">
     <span class='ocr_line' id='line_1_23' title="bbox 180 1157 973 1193; baseline -0.004 -6"><span class='ocrx_word' id='word_1_150' title='bbox 180 1160 207 1187; x_wconf 91' lang='lat' dir='ltr'><strong>in</strong></span> <span class='ocrx_word' id='word_1_151' title='bbox 219 1167 304 1186; x_wconf 92' lang='lat' dir='ltr'><strong>unum</strong></span> <span class='ocrx_word' id='word_1_152' title='bbox 320 1159 484 1186; x_wconf 81' lang='lat' dir='ltr'><strong>cenveuiant</strong></span> <span class='ocrx_word' id='word_1_153' title='bbox 497 1157 639 1186; x_wconf 84' lang='lat' dir='ltr'><strong>constituti</strong></span> <span class='ocrx_word' id='word_1_154' title='bbox 651 1157 770 1193; x_wconf 89' lang='lat' dir='ltr'><strong>judices,</strong></span> <span class='ocrx_word' id='word_1_155' title='bbox 784 1162 812 1185; x_wconf 87' lang='lat' dir='ltr'><strong>et</strong></span> <span class='ocrx_word' id='word_1_156' title='bbox 822 1157 973 1192; x_wconf 78' lang='lat' dir='ltr'><strong>legitimam</strong></span> 
     </span>
    </p>
   </div>
   <div class='ocr_carea' id='block_1_24' title="bbox 179 1202 975 1240">
    <p class='ocr_par' dir='ltr' id='par_1_24' title="bbox 179 1202 975 1240">
     <span class='ocr_line' id='line_1_24' title="bbox 179 1202 975 1240; baseline -0.003 -8"><span class='ocrx_word' id='word_1_157' title='bbox 179 1204 345 1232; x_wconf 89' lang='lat' dir='ltr'><strong>decisiouem</strong></span> <span class='ocrx_word' id='word_1_158' title='bbox 364 1203 469 1240; x_wconf 88' lang='lat' dir='ltr'><strong>[rebus]</strong></span> <span class='ocrx_word' id='word_1_159' title='bbox 486 1203 672 1231; x_wconf 87' lang='lat' dir='ltr'><strong>controversis</strong></span> <span class='ocrx_word' id='word_1_160' title='bbox 689 1203 842 1238; x_wconf 85' lang='lat' dir='ltr'><strong>imponant.</strong></span> <span class='ocrx_word' id='word_1_161' title='bbox 860 1202 890 1230; x_wconf 88' lang='lat' dir='ltr'><strong>Si</strong></span> <span class='ocrx_word' id='word_1_162' title='bbox 910 1210 975 1230; x_wconf 83' lang='lat' dir='ltr'><strong>vero</strong></span> 
     </span>
    </p>
   </div>
   <div class='ocr_carea' id='block_1_25' title="bbox 179 1248 973 1285">
    <p class='ocr_par' dir='ltr' id='par_1_25' title="bbox 179 1248 973 1285">
     <span class='ocr_line' id='line_1_25' title="bbox 179 1248 973 1285; baseline -0.001 -9"><span class='ocrx_word' id='word_1_163' title='bbox 179 1250 277 1285; x_wconf 80' lang='lat' dir='ltr'><strong>viginti</strong></span> <span class='ocrx_word' id='word_1_164' title='bbox 302 1250 408 1277; x_wconf 83' lang='lat' dir='ltr'><strong>dierum</strong></span> <span class='ocrx_word' id='word_1_165' title='bbox 435 1254 543 1284; x_wconf 86' lang='lat' dir='ltr'><strong>tempus</strong></span> <span class='ocrx_word' id='word_1_166' title='bbox 564 1249 732 1280; x_wconf 87' lang='lat' dir='ltr'><strong>decurrerit,</strong></span> <span class='ocrx_word' id='word_1_167' title='bbox 749 1257 784 1276; x_wconf 92' lang='lat' dir='ltr'><strong>ne</strong></span> <span class='ocrx_word' id='word_1_168' title='bbox 807 1248 875 1276; x_wconf 89' lang='lat' dir='ltr'><strong>alter</strong></span> <span class='ocrx_word' id='word_1_169' title='bbox 889 1248 973 1284; x_wconf 35' lang='lat' dir='ltr'><strong>jude-x</strong></span> 
     </span>
    </p>
   </div>
   <div class='ocr_carea' id='block_1_26' title="bbox 180 1295 974 1332">
    <p class='ocr_par' dir='ltr' id='par_1_26' title="bbox 180 1295 974 1332">
     <span class='ocr_line' id='line_1_26' title="bbox 180 1295 974 1332; baseline -0.001 -9"><span class='ocrx_word' id='word_1_170' title='bbox 180 1296 343 1324; x_wconf 86' lang='lat' dir='ltr'><strong>admittatur</strong></span> <span class='ocrx_word' id='word_1_171' title='bbox 355 1295 494 1332; x_wconf 86' lang='lat' dir='ltr'><strong>(quoniam</strong></span> <span class='ocrx_word' id='word_1_172' title='bbox 508 1295 560 1323; x_wconf 87' lang='lat' dir='ltr'><strong>hoc</strong></span> <span class='ocrx_word' id='word_1_173' title='bbox 570 1295 652 1323; x_wconf 87' lang='lat' dir='ltr'><strong>etiam</strong></span> <span class='ocrx_word' id='word_1_174' title='bbox 667 1295 720 1330; x_wconf 82' lang='lat' dir='ltr'><strong>legi</strong></span> <span class='ocrx_word' id='word_1_175' title='bbox 735 1295 869 1330; x_wconf 88' lang='lat' dir='ltr'><strong>videtur):</strong></span> <span class='ocrx_word' id='word_1_176' title='bbox 886 1302 974 1330; x_wconf 85' lang='lat' dir='ltr'><strong>neque</strong></span> 
     </span>
    </p>
   </div>
   <div class='ocr_carea' id='block_1_27' title="bbox 180 1341 974 1379">
    <p class='ocr_par' dir='ltr' id='par_1_27' title="bbox 180 1341 974 1379">
     <span class='ocr_line' id='line_1_27' title="bbox 180 1341 974 1379; baseline 0 -11"><span class='ocrx_word' id='word_1_177' title='bbox 180 1350 244 1370; x_wconf 74' lang='lat' dir='ltr'><strong>vero</strong></span> <span class='ocrx_word' id='word_1_178' title='bbox 265 1341 358 1379; x_wconf 86' lang='lat' dir='ltr'><strong>[hoc]</strong></span> <span class='ocrx_word' id='word_1_179' title='bbox 383 1346 514 1377; x_wconf 76' lang='lat' dir='ltr'><strong>puctextu</strong></span> <span class='ocrx_word' id='word_1_180' title='bbox 528 1361 536 1374; x_wconf 89' lang='lat'><strong>,</strong></span> <span class='ocrx_word' id='word_1_181' title='bbox 563 1342 636 1376; x_wconf 91' lang='lat' dir='ltr'><strong>quod</strong></span> <span class='ocrx_word' id='word_1_182' title='bbox 661 1341 779 1370; x_wconf 78' lang='lat' dir='ltr'><strong>fortasse</strong></span> <span class='ocrx_word' id='word_1_183' title='bbox 799 1342 974 1376; x_wconf 85' lang='lat' dir='ltr'><strong>postmodum</strong></span> 
     </span>
    </p>
   </div>
   <div class='ocr_carea' id='block_1_28' title="bbox 180 1388 975 1424">
    <p class='ocr_par' dir='ltr' id='par_1_28' title="bbox 180 1388 975 1424">
     <span class='ocr_line' id='line_1_28' title="bbox 180 1388 975 1424; baseline 0 -8"><span class='ocrx_word' id='word_1_184' title='bbox 180 1389 262 1416; x_wconf 85' lang='lat' dir='ltr'><strong>statui</strong></span> <span class='ocrx_word' id='word_1_185' title='bbox 288 1389 375 1424; x_wconf 82' lang='lat' dir='ltr'><strong>possit</strong></span> <span class='ocrx_word' id='word_1_186' title='bbox 400 1394 429 1415; x_wconf 93' lang='lat' dir='ltr'><strong>ut</strong></span> <span class='ocrx_word' id='word_1_187' title='bbox 455 1396 537 1416; x_wconf 81' lang='lat' dir='ltr'><strong>causa</strong></span> <span class='ocrx_word' id='word_1_188' title='bbox 558 1388 591 1416; x_wconf 87' lang='lat' dir='ltr'><strong>ad</strong></span> <span class='ocrx_word' id='word_1_189' title='bbox 618 1388 803 1423; x_wconf 67' lang='lat' dir='ltr'><strong>imperatoriae</strong></span> <span class='ocrx_word' id='word_1_190' title='bbox 823 1388 975 1424; x_wconf 84' lang='lat' dir='ltr'><strong>majestatis</strong></span> 
     </span>
    </p>
   </div>
   <div class='ocr_carea' id='block_1_29' title="bbox 179 1434 976 1472">
    <p class='ocr_par' dir='ltr' id='par_1_29' title="bbox 179 1434 976 1472">
     <span class='ocr_line' id='line_1_29' title="bbox 179 1434 976 1472; baseline 0.001 -9"><span class='ocrx_word' id='word_1_191' title='bbox 179 1435 299 1463; x_wconf 81' lang='lat' dir='ltr'><strong>tribunal</strong></span> <span class='ocrx_word' id='word_1_192' title='bbox 325 1436 525 1469; x_wconf 78' lang='lat' dir='ltr'><strong>introduratur,</strong></span> <span class='ocrx_word' id='word_1_193' title='bbox 551 1435 625 1463; x_wconf 89' lang='lat' dir='ltr'><strong>nullo</strong></span> <span class='ocrx_word' id='word_1_194' title='bbox 651 1437 731 1463; x_wconf 91' lang='lat' dir='ltr'><strong>modo</strong></span> <span class='ocrx_word' id='word_1_195' title='bbox 752 1434 865 1472; x_wconf 78' lang='lat' dir='ltr'><strong>[judcx]</strong></span> <span class='ocrx_word' id='word_1_196' title='bbox 882 1457 890 1469; x_wconf 86' lang='lat'><strong>,</strong></span> <span class='ocrx_word' id='word_1_197' title='bbox 907 1444 976 1472; x_wconf 88' lang='lat' dir='ltr'><strong>quo-</strong></span> 
     </span>
    </p>
   </div>
   <div class='ocr_carea' id='block_1_30' title="bbox 180 1481 976 1517">
    <p class='ocr_par' dir='ltr' id='par_1_30' title="bbox 180 1481 976 1517">
     <span class='ocr_line' id='line_1_30' title="bbox 180 1481 976 1517; baseline 0.001 -8"><span class='ocrx_word' id='word_1_198' title='bbox 180 1481 417 1517; x_wconf 79' lang='lat' dir='ltr'><strong>tuinusjudicium</strong></span> <span class='ocrx_word' id='word_1_199' title='bbox 439 1482 529 1514; x_wconf 86' lang='lat' dir='ltr'><strong>ferat,</strong></span> <span class='ocrx_word' id='word_1_200' title='bbox 551 1481 736 1516; x_wconf 85' lang='lat' dir='ltr'><strong>impediatur,</strong></span> <span class='ocrx_word' id='word_1_201' title='bbox 765 1482 812 1509; x_wconf 90' lang='lat' dir='ltr'><strong>sed</strong></span> <span class='ocrx_word' id='word_1_202' title='bbox 831 1483 976 1510; x_wconf 89' lang='lat' dir='ltr'><strong>transmis-</strong></span> 
     </span>
    </p>
   </div>
   <div class='ocr_carea' id='block_1_31' title="bbox 180 1528 976 1563">
    <p class='ocr_par' dir='ltr' id='par_1_31' title="bbox 180 1528 976 1563">
     <span class='ocr_line' id='line_1_31' title="bbox 180 1528 976 1563; baseline -0.001 -6"><span class='ocrx_word' id='word_1_203' title='bbox 180 1536 239 1557; x_wconf 86' lang='lat' dir='ltr'><strong>sam</strong></span> <span class='ocrx_word' id='word_1_204' title='bbox 257 1528 310 1556; x_wconf 90' lang='lat' dir='ltr'><strong>sibi</strong></span> <span class='ocrx_word' id='word_1_205' title='bbox 333 1529 552 1556; x_wconf 80' lang='lat' dir='ltr'><strong>controversiam</strong></span> <span class='ocrx_word' id='word_1_206' title='bbox 568 1529 600 1555; x_wconf 86' lang='lat' dir='ltr'><strong>ad</strong></span> <span class='ocrx_word' id='word_1_207' title='bbox 621 1528 686 1563; x_wconf 78' lang='lat' dir='ltr'><strong>legis</strong></span> <span class='ocrx_word' id='word_1_208' title='bbox 706 1528 865 1563; x_wconf 64' lang='lat' dir='ltr'><strong>platscripta</strong></span> <span class='ocrx_word' id='word_1_209' title='bbox 881 1530 976 1557; x_wconf 70' lang='lat' dir='ltr'><strong>exacte</strong></span> 
     </span>
    </p>
   </div>
   <div class='ocr_carea' id='block_1_32' title="bbox 177 1574 972 1610">
    <p class='ocr_par' dir='ltr' id='par_1_32' title="bbox 177 1574 972 1610">
     <span class='ocr_line' id='line_1_32' title="bbox 177 1574 972 1610; baseline 0.003 -9"><span class='ocrx_word' id='word_1_210' title='bbox 177 1575 304 1608; x_wconf 85' lang='lat' dir='ltr'><strong>decidat;</strong></span> <span class='ocrx_word' id='word_1_211' title='bbox 326 1579 356 1602; x_wconf 93' lang='lat' dir='ltr'><strong>ut</strong></span> <span class='ocrx_word' id='word_1_212' title='bbox 369 1579 459 1602; x_wconf 79' lang='lat' dir='ltr'><strong>tamen</strong></span> <span class='ocrx_word' id='word_1_213' title='bbox 486 1574 616 1609; x_wconf 71' lang='lat' dir='ltr'><strong>litigator,</strong></span> <span class='ocrx_word' id='word_1_214' title='bbox 637 1575 660 1602; x_wconf 88' lang='lat' dir='ltr'><strong>si</strong></span> <span class='ocrx_word' id='word_1_215' title='bbox 674 1582 704 1602; x_wconf 88' lang='lat' dir='ltr'><strong>se</strong></span> <span class='ocrx_word' id='word_1_216' title='bbox 723 1575 825 1610; x_wconf 83' lang='lat' dir='ltr'><strong>injuria</strong></span> <span class='ocrx_word' id='word_1_217' title='bbox 846 1575 972 1603; x_wconf 74' lang='lat' dir='ltr'><strong>affectum</strong></span> 
     </span>
    </p>
   </div>
   <div class='ocr_carea' id='block_1_33' title="bbox 177 1621 971 1657">
    <p class='ocr_par' dir='ltr' id='par_1_33' title="bbox 177 1621 971 1657">
     <span class='ocr_line' id='line_1_33' title="bbox 177 1621 971 1657; baseline 0.001 -8"><span class='ocrx_word' id='word_1_218' title='bbox 177 1625 264 1657; x_wconf 86' lang='lat' dir='ltr'><strong>putet,</strong></span> <span class='ocrx_word' id='word_1_219' title='bbox 277 1629 292 1649; x_wconf 87' lang='lat' dir='ltr'><strong>a</strong></span> <span class='ocrx_word' id='word_1_220' title='bbox 304 1621 497 1657; x_wconf 81' lang='lat' dir='ltr'><strong>provocatoria</strong></span> <span class='ocrx_word' id='word_1_221' title='bbox 507 1621 612 1657; x_wconf 88' lang='lat' dir='ltr'><strong>judicio</strong></span> <span class='ocrx_word' id='word_1_222' title='bbox 626 1621 786 1656; x_wconf 85' lang='lat' dir='ltr'><strong>neutiquam</strong></span> <span class='ocrx_word' id='word_1_223' title='bbox 797 1622 971 1650; x_wconf 71' lang='lat' dir='ltr'><strong>excludatur.</strong></span> 
     </span>
    </p>
   </div>
   <div class='ocr_carea' id='block_1_34' title="bbox 177 1667 972 1704">
    <p class='ocr_par' dir='ltr' id='par_1_34' title="bbox 177 1667 972 1704">
     <span class='ocr_line' id='line_1_34' title="bbox 177 1667 972 1704; baseline 0.001 -8"><span class='ocrx_word' id='word_1_224' title='bbox 177 1669 266 1703; x_wconf 79' lang='lat' dir='ltr'><strong>Atque</strong></span> <span class='ocrx_word' id='word_1_225' title='bbox 279 1669 332 1696; x_wconf 89' lang='lat' dir='ltr'><strong>hoc</strong></span> <span class='ocrx_word' id='word_1_226' title='bbox 347 1667 480 1704; x_wconf 86' lang='lat' dir='ltr'><strong>[quidem]</strong></span> <span class='ocrx_word' id='word_1_227' title='bbox 499 1675 596 1696; x_wconf 84' lang='lat' dir='ltr'><strong>omnes</strong></span> <span class='ocrx_word' id='word_1_228' title='bbox 612 1676 660 1696; x_wconf 89' lang='lat' dir='ltr'><strong>vos</strong></span> <span class='ocrx_word' id='word_1_229' title='bbox 677 1668 784 1703; x_wconf 84' lang='lat' dir='ltr'><strong>judices</strong></span> <span class='ocrx_word' id='word_1_230' title='bbox 804 1676 972 1704; x_wconf 74' lang='lat' dir='ltr'><strong>cognoscen—</strong></span> 
     </span>
    </p>
   </div>
   <div class='ocr_carea' id='block_1_35' title="bbox 176 1715 973 1748">
    <p class='ocr_par' dir='ltr' id='par_1_35' title="bbox 176 1715 973 1748">
     <span class='ocr_line' id='line_1_35' title="bbox 176 1715 973 1748; baseline 0.004 -7"><span class='ocrx_word' id='word_1_231' title='bbox 176 1719 237 1747; x_wconf 88' lang='lat' dir='ltr'><strong>tes,</strong></span> <span class='ocrx_word' id='word_1_232' title='bbox 259 1715 378 1742; x_wconf 89' lang='lat' dir='ltr'><strong>uitimini</strong></span> <span class='ocrx_word' id='word_1_233' title='bbox 404 1715 568 1743; x_wconf 90' lang='lat' dir='ltr'><strong>commissas</strong></span> <span class='ocrx_word' id='word_1_234' title='bbox 592 1715 670 1743; x_wconf 86' lang='lat' dir='ltr'><strong>vobis</strong></span> <span class='ocrx_word' id='word_1_235' title='bbox 699 1715 760 1743; x_wconf 88' lang='lat' dir='ltr'><strong>lites</strong></span> <span class='ocrx_word' id='word_1_236' title='bbox 788 1723 919 1748; x_wconf 81' lang='lat' dir='ltr'><strong>servare,</strong></span> <span class='ocrx_word' id='word_1_237' title='bbox 946 1722 973 1744; x_wconf 91' lang='lat' dir='ltr'><strong>et</strong></span> 
     </span>
    </p>
   </div>
   <div class='ocr_carea' id='block_1_36' title="bbox 176 1759 970 1795">
    <p class='ocr_par' dir='ltr' id='par_1_36' title="bbox 176 1759 970 1795">
     <span class='ocr_line' id='line_1_36' title="bbox 176 1759 970 1795; baseline 0.004 -9"><span class='ocrx_word' id='word_1_238' title='bbox 176 1759 328 1794; x_wconf 74' lang='lat' dir='ltr'><strong>legitimum</strong></span> <span class='ocrx_word' id='word_1_239' title='bbox 352 1760 407 1787; x_wconf 92' lang='lat' dir='ltr'><strong>illis</strong></span> <span class='ocrx_word' id='word_1_240' title='bbox 441 1760 522 1787; x_wconf 82' lang='lat' dir='ltr'><strong>finem</strong></span> <span class='ocrx_word' id='word_1_241' title='bbox 549 1761 699 1795; x_wconf 88' lang='lat' dir='ltr'><strong>imponere.</strong></span> <span class='ocrx_word' id='word_1_242' title='bbox 726 1760 786 1788; x_wconf 83' lang='lat' dir='ltr'><strong>Non</strong></span> <span class='ocrx_word' id='word_1_243' title='bbox 813 1762 871 1789; x_wconf 91' lang='lat' dir='ltr'><strong>vult</strong></span> <span class='ocrx_word' id='word_1_244' title='bbox 897 1762 970 1789; x_wconf 88' lang='lat' dir='ltr'><strong>enim</strong></span> 
     </span>
    </p>
   </div>
   <div class='ocr_carea' id='block_1_37' title="bbox 177 1804 968 1842">
    <p class='ocr_par' dir='ltr' id='par_1_37' title="bbox 177 1804 968 1842">
     <span class='ocr_line' id='line_1_37' title="bbox 177 1804 968 1842; baseline 0.005 -11"><span class='ocrx_word' id='word_1_245' title='bbox 177 1804 353 1840; x_wconf 83' lang='lat' dir='ltr'><strong>imperatoria</strong></span> <span class='ocrx_word' id='word_1_246' title='bbox 373 1812 433 1832; x_wconf 88' lang='lat' dir='ltr'><strong>mea</strong></span> <span class='ocrx_word' id='word_1_247' title='bbox 452 1805 597 1839; x_wconf 87' lang='lat' dir='ltr'><strong>majestas,</strong></span> <span class='ocrx_word' id='word_1_248' title='bbox 619 1811 649 1832; x_wconf 88' lang='lat' dir='ltr'><strong>ut</strong></span> <span class='ocrx_word' id='word_1_249' title='bbox 664 1810 840 1841; x_wconf 88' lang='lat' dir='ltr'><strong>posteaquam</strong></span> <span class='ocrx_word' id='word_1_250' title='bbox 862 1815 895 1834; x_wconf 81' lang='lat' dir='ltr'><strong>cx</strong></span> <span class='ocrx_word' id='word_1_251' title='bbox 911 1807 968 1842; x_wconf 89' lang='lat' dir='ltr'><strong>jus-</strong></span> 
     </span>
    </p>
   </div>
   <div class='ocr_carea' id='block_1_38' title="bbox 176 1850 971 1888">
    <p class='ocr_par' dir='ltr' id='par_1_38' title="bbox 176 1850 971 1888">
     <span class='ocr_line' id='line_1_38' title="bbox 176 1850 971 1888; baseline 0.004 -11"><span class='ocrx_word' id='word_1_252' title='bbox 176 1851 254 1878; x_wconf 83' lang='lat' dir='ltr'><strong>sioue</strong></span> <span class='ocrx_word' id='word_1_253' title='bbox 267 1850 354 1885; x_wconf 86' lang='lat' dir='ltr'><strong>ipsius</strong></span> <span class='ocrx_word' id='word_1_254' title='bbox 370 1850 540 1885; x_wconf 56' lang='lat' dir='ltr'><strong>adeudicem</strong></span> <span class='ocrx_word' id='word_1_255' title='bbox 556 1851 711 1886; x_wconf 86' lang='lat' dir='ltr'><strong>quempiam</strong></span> <span class='ocrx_word' id='word_1_256' title='bbox 726 1851 841 1888; x_wconf 84' lang='lat' dir='ltr'><strong>[aliqua]</strong></span> <span class='ocrx_word' id='word_1_257' title='bbox 858 1858 971 1881; x_wconf 89' lang='lat' dir='ltr'><strong>contro-</strong></span> 
     </span>
    </p>
   </div>
   <div class='ocr_carea' id='block_1_39' title="bbox 177 1895 970 1934">
    <p class='ocr_par' dir='ltr' id='par_1_39' title="bbox 177 1895 970 1934">
     <span class='ocr_line' id='line_1_39' title="bbox 177 1895 970 1934; baseline 0.004 -10"><span class='ocrx_word' id='word_1_258' title='bbox 177 1895 266 1924; x_wconf 88' lang='lat' dir='ltr'><strong>versia</strong></span> <span class='ocrx_word' id='word_1_259' title='bbox 290 1896 454 1924; x_wconf 88' lang='lat' dir='ltr'><strong>transmissa</strong></span> <span class='ocrx_word' id='word_1_260' title='bbox 483 1896 583 1930; x_wconf 85' lang='lat' dir='ltr'><strong>fuerit,</strong></span> <span class='ocrx_word' id='word_1_261' title='bbox 612 1905 660 1932; x_wconf 89' lang='lat' dir='ltr'><strong>per</strong></span> <span class='ocrx_word' id='word_1_262' title='bbox 702 1898 970 1934; x_wconf 87' lang='lat' dir='ltr'><strong>cujusmodicunque</strong></span> 
     </span>
    </p>
   </div>
   <div class='ocr_carea' id='block_1_40' title="bbox 175 1942 969 1980">
    <p class='ocr_par' dir='ltr' id='par_1_40' title="bbox 175 1942 969 1980">
     <span class='ocr_line' id='line_1_40' title="bbox 175 1942 969 1980; baseline 0.005 -11"><span class='ocrx_word' id='word_1_263' title='bbox 175 1942 314 1978; x_wconf 66' lang='lat' dir='ltr'><strong>posterius</strong></span> <span class='ocrx_word' id='word_1_264' title='bbox 324 1943 469 1977; x_wconf 83' lang='lat' dir='ltr'><strong>scriptum,</strong></span> <span class='ocrx_word' id='word_1_265' title='bbox 480 1943 554 1978; x_wconf 85' lang='lat' dir='ltr'><strong>quod</strong></span> <span class='ocrx_word' id='word_1_266' title='bbox 569 1944 787 1972; x_wconf 87' lang='lat' dir='ltr'><strong>controversiam</strong></span> <span class='ocrx_word' id='word_1_267' title='bbox 803 1945 837 1972; x_wconf 90' lang='lat' dir='ltr'><strong>ad</strong></span> <span class='ocrx_word' id='word_1_268' title='bbox 851 1945 969 1980; x_wconf 88' lang='lat' dir='ltr'><strong>impera-</strong></span> 
     </span>
    </p>
   </div>
   <div class='ocr_carea' id='block_1_41' title="bbox 177 1988 969 2027">
    <p class='ocr_par' dir='ltr' id='par_1_41' title="bbox 177 1988 969 2027">
     <span class='ocr_line' id='line_1_41' title="bbox 177 1988 969 2027; baseline 0.005 -11"><span class='ocrx_word' id='word_1_269' title='bbox 177 1988 274 2017; x_wconf 82' lang='lat' dir='ltr'><strong>toriam</strong></span> <span class='ocrx_word' id='word_1_270' title='bbox 299 1996 390 2016; x_wconf 88' lang='lat' dir='ltr'><strong>meam</strong></span> <span class='ocrx_word' id='word_1_271' title='bbox 426 1990 597 2025; x_wconf 87' lang='lat' dir='ltr'><strong>majestatem</strong></span> <span class='ocrx_word' id='word_1_272' title='bbox 637 1991 775 2019; x_wconf 86' lang='lat' dir='ltr'><strong>introduci</strong></span> <span class='ocrx_word' id='word_1_273' title='bbox 803 1992 969 2027; x_wconf 84' lang='lat' dir='ltr'><strong>demandct,</strong></span> 
     </span>
    </p>
   </div>
   <div class='ocr_carea' id='block_1_42' title="bbox 174 2035 968 2073">
    <p class='ocr_par' dir='ltr' id='par_1_42' title="bbox 174 2035 968 2073">
     <span class='ocr_line' id='line_1_42' title="bbox 174 2035 968 2073; baseline 0.005 -11"><span class='ocrx_word' id='word_1_274' title='bbox 174 2035 297 2070; x_wconf 79' lang='lat' dir='ltr'><strong>cognitio</strong></span> <span class='ocrx_word' id='word_1_275' title='bbox 322 2035 507 2071; x_wconf 84' lang='lat' dir='ltr'><strong>impediatur;</strong></span> <span class='ocrx_word' id='word_1_276' title='bbox 530 2037 577 2065; x_wconf 89' lang='lat' dir='ltr'><strong>sed</strong></span> <span class='ocrx_word' id='word_1_277' title='bbox 610 2043 640 2064; x_wconf 80' lang='lat' dir='ltr'><strong>ut.</strong></span> <span class='ocrx_word' id='word_1_278' title='bbox 668 2038 714 2065; x_wconf 88' lang='lat' dir='ltr'><strong>illa</strong></span> <span class='ocrx_word' id='word_1_279' title='bbox 748 2039 819 2073; x_wconf 84' lang='lat' dir='ltr'><strong>apud</strong></span> <span class='ocrx_word' id='word_1_280' title='bbox 843 2039 968 2066; x_wconf 90' lang='lat' dir='ltr'><strong>eumdem</strong></span> 
     </span>
    </p>
   </div>
   <div class='ocr_carea' id='block_1_43' title="bbox 172 2083 970 2120">
    <p class='ocr_par' dir='ltr' id='par_1_43' title="bbox 172 2083 970 2120">
     <span class='ocr_line' id='line_1_43' title="bbox 172 2083 970 2120; baseline 0.004 -11"><span class='ocrx_word' id='word_1_281' title='bbox 172 2083 305 2117; x_wconf 82' lang='lat' dir='ltr'><strong>judieem,</strong></span> <span class='ocrx_word' id='word_1_282' title='bbox 320 2087 366 2110; x_wconf 88' lang='lat' dir='ltr'><strong>aut</strong></span> <span class='ocrx_word' id='word_1_283' title='bbox 378 2083 420 2118; x_wconf 88' lang='lat' dir='ltr'><strong>(ut</strong></span> <span class='ocrx_word' id='word_1_284' title='bbox 435 2084 562 2118; x_wconf 84' lang='lat' dir='ltr'><strong>superius</strong></span> <span class='ocrx_word' id='word_1_285' title='bbox 571 2083 673 2112; x_wconf 90' lang='lat' dir='ltr'><strong>dictum</strong></span> <span class='ocrx_word' id='word_1_286' title='bbox 687 2084 741 2120; x_wconf 88' lang='lat' dir='ltr'><strong>est)</strong></span> <span class='ocrx_word' id='word_1_287' title='bbox 754 2083 850 2120; x_wconf 86' lang='lat' dir='ltr'><strong>[aptth</strong></span> <span class='ocrx_word' id='word_1_288' title='bbox 862 2085 970 2120; x_wconf 87' lang='lat' dir='ltr'><strong>judices</strong></span> 
     </span>
    </p>
   </div>
   <div class='ocr_carea' id='block_1_44' title="bbox 175 2128 969 2166">
    <p class='ocr_par' dir='ltr' id='par_1_44' title="bbox 175 2128 969 2166">
     <span class='ocr_line' id='line_1_44' title="bbox 175 2128 969 2166; baseline 0.006 -12"><span class='ocrx_word' id='word_1_289' title='bbox 175 2128 246 2156; x_wconf 83' lang='lat' dir='ltr'><strong>intra</strong></span> <span class='ocrx_word' id='word_1_290' title='bbox 260 2128 355 2163; x_wconf 77' lang='lat' dir='ltr'><strong>viginti</strong></span> <span class='ocrx_word' id='word_1_291' title='bbox 369 2129 536 2164; x_wconf 80' lang='lat' dir='ltr'><strong>cognitionis</strong></span> <span class='ocrx_word' id='word_1_292' title='bbox 554 2129 612 2156; x_wconf 88' lang='lat' dir='ltr'><strong>dies</strong></span> <span class='ocrx_word' id='word_1_293' title='bbox 629 2129 709 2166; x_wconf 76' lang='lat' dir='ltr'><strong>[una]</strong></span> <span class='ocrx_word' id='word_1_294' title='bbox 727 2137 789 2158; x_wconf 90' lang='lat' dir='ltr'><strong>cum</strong></span> <span class='ocrx_word' id='word_1_295' title='bbox 806 2131 865 2165; x_wconf 91' lang='lat' dir='ltr'><strong>ipso</strong></span> <span class='ocrx_word' id='word_1_296' title='bbox 878 2131 969 2163; x_wconf 88' lang='lat' dir='ltr'><strong>datos,</strong></span> 
     </span>
    </p>
   </div>
   <div class='ocr_carea' id='block_1_45' title="bbox 174 2174 968 2212">
    <p class='ocr_par' dir='ltr' id='par_1_45' title="bbox 174 2174 968 2212">
     <span class='ocr_line' id='line_1_45' title="bbox 174 2174 968 2212; baseline 0.003 -10"><span class='ocrx_word' id='word_1_297' title='bbox 174 2182 262 2210; x_wconf 90' lang='lat' dir='ltr'><strong>usque</strong></span> <span class='ocrx_word' id='word_1_298' title='bbox 278 2175 312 2202; x_wconf 86' lang='lat' dir='ltr'><strong>ad</strong></span> <span class='ocrx_word' id='word_1_299' title='bbox 326 2174 418 2207; x_wconf 81' lang='lat' dir='ltr'><strong>finem,</strong></span> <span class='ocrx_word' id='word_1_300' title='bbox 442 2175 479 2202; x_wconf 85' lang='lat' dir='ltr'><strong>ita</strong></span> <span class='ocrx_word' id='word_1_301' title='bbox 495 2179 525 2202; x_wconf 88' lang='lat' dir='ltr'><strong>ut</strong></span> <span class='ocrx_word' id='word_1_302' title='bbox 535 2175 660 2203; x_wconf 81' lang='lat' dir='ltr'><strong>subtrahi</strong></span> <span class='ocrx_word' id='word_1_303' title='bbox 679 2184 733 2203; x_wconf 90' lang='lat' dir='ltr'><strong>non</strong></span> <span class='ocrx_word' id='word_1_304' title='bbox 749 2177 853 2211; x_wconf 85' lang='lat' dir='ltr'><strong>possit,</strong></span> <span class='ocrx_word' id='word_1_305' title='bbox 872 2185 968 2212; x_wconf 91' lang='lat' dir='ltr'><strong>proce-</strong></span> 
     </span>
    </p>
   </div>
   <div class='ocr_carea' id='block_1_46' title="bbox 173 2219 1009 2258">
    <p class='ocr_par' dir='ltr' id='par_1_46' title="bbox 173 2219 1009 2258">
     <span class='ocr_line' id='line_1_46' title="bbox 173 2219 1009 2258; baseline 0.006 -11"><span class='ocrx_word' id='word_1_306' title='bbox 173 2220 236 2254; x_wconf 86' lang='lat' dir='ltr'><strong>dat;</strong></span> <span class='ocrx_word' id='word_1_307' title='bbox 249 2227 282 2248; x_wconf 86' lang='lat' dir='ltr'><strong>ae</strong></span> <span class='ocrx_word' id='word_1_308' title='bbox 295 2219 501 2255; x_wconf 87' lang='lat' dir='ltr'><strong>postjudicium</strong></span> <span class='ocrx_word' id='word_1_309' title='bbox 513 2220 621 2248; x_wconf 79' lang='lat' dir='ltr'><strong>finitum</strong></span> <span class='ocrx_word' id='word_1_310' title='bbox 637 2220 662 2248; x_wconf 86' lang='lat' dir='ltr'><strong>ei</strong></span> <span class='ocrx_word' id='word_1_311' title='bbox 675 2221 723 2256; x_wconf 89' lang='lat' dir='ltr'><strong>qui</strong></span> <span class='ocrx_word' id='word_1_312' title='bbox 737 2221 856 2250; x_wconf 81' lang='lat' dir='ltr'><strong>fortasse</strong></span> <span class='ocrx_word' id='word_1_313' title='bbox 870 2223 971 2258; x_wconf 86' lang='lat' dir='ltr'><strong>injuria</strong></span> <span class='ocrx_word' id='word_1_314' title='bbox 989 2225 1009 2252; x_wconf 85' lang='grc' dir='ltr'><strong>Ι)</strong></span> 
     </span>
    </p>
   </div>
   <div class='ocr_carea' id='block_1_47' title="bbox 173 2266 977 2304">
    <p class='ocr_par' dir='ltr' id='par_1_47' title="bbox 173 2266 977 2304">
     <span class='ocr_line' id='line_1_47' title="bbox 173 2266 977 2304; baseline 0.005 -10"><span class='ocrx_word' id='word_1_315' title='bbox 173 2274 203 2294; x_wconf 84' lang='lat' dir='ltr'><strong>se</strong></span> <span class='ocrx_word' id='word_1_316' title='bbox 218 2267 346 2294; x_wconf 75' lang='lat' dir='ltr'><strong>affectum</strong></span> <span class='ocrx_word' id='word_1_317' title='bbox 367 2267 484 2302; x_wconf 86' lang='lat' dir='ltr'><strong>putabit,</strong></span> <span class='ocrx_word' id='word_1_318' title='bbox 497 2266 613 2295; x_wconf 82' lang='lat' dir='ltr'><strong>facultas</strong></span> <span class='ocrx_word' id='word_1_319' title='bbox 632 2267 679 2301; x_wconf 80' lang='lat' dir='ltr'><strong>sit,</strong></span> <span class='ocrx_word' id='word_1_320' title='bbox 698 2273 728 2295; x_wconf 89' lang='lat' dir='ltr'><strong>ut</strong></span> <span class='ocrx_word' id='word_1_321' title='bbox 743 2276 792 2303; x_wconf 88' lang='lat' dir='ltr'><strong>per</strong></span> <span class='ocrx_word' id='word_1_322' title='bbox 806 2270 977 2304; x_wconf 85' lang='lat' dir='ltr'><strong>provocatio-</strong></span> 
     </span>
    </p>
   </div>
   <div class='ocr_carea' id='block_1_48' title="bbox 173 2313 975 2349">
    <p class='ocr_par' dir='ltr' id='par_1_48' title="bbox 173 2313 975 2349">
     <span class='ocr_line' id='line_1_48' title="bbox 173 2313 975 2349; baseline 0.006 -9"><span class='ocrx_word' id='word_1_323' title='bbox 173 2321 236 2341; x_wconf 88' lang='lat' dir='ltr'><strong>nem</strong></span> <span class='ocrx_word' id='word_1_324' title='bbox 251 2313 326 2340; x_wconf 88' lang='lat' dir='ltr'><strong>aliud</strong></span> <span class='ocrx_word' id='word_1_325' title='bbox 340 2313 460 2341; x_wconf 90' lang='lat' dir='ltr'><strong>tribunal</strong></span> <span class='ocrx_word' id='word_1_326' title='bbox 475 2313 624 2348; x_wconf 85' lang='lat' dir='ltr'><strong>imploret,</strong></span> <span class='ocrx_word' id='word_1_327' title='bbox 651 2319 699 2341; x_wconf 91' lang='lat' dir='ltr'><strong>aut</strong></span> <span class='ocrx_word' id='word_1_328' title='bbox 721 2316 852 2349; x_wconf 84' lang='lat' dir='ltr'><strong>potentiae</strong></span> <span class='ocrx_word' id='word_1_329' title='bbox 873 2321 975 2345; x_wconf 66' lang='lat' dir='ltr'><strong>nostra:</strong></span> 
     </span>
    </p>
   </div>
   <div class='ocr_carea' id='block_1_49' title="bbox 173 2357 975 2394">
    <p class='ocr_par' dir='ltr' id='par_1_49' title="bbox 173 2357 975 2394">
     <span class='ocr_line' id='line_1_49' title="bbox 173 2357 975 2394; baseline 0.006 -9"><span class='ocrx_word' id='word_1_330' title='bbox 173 2358 341 2386; x_wconf 83' lang='lat' dir='ltr'><strong>audientiam</strong></span> <span class='ocrx_word' id='word_1_331' title='bbox 356 2358 488 2393; x_wconf 86' lang='lat' dir='ltr'><strong>requirat.</strong></span> <span class='ocrx_word' id='word_1_332' title='bbox 512 2357 601 2394; x_wconf 83' lang='lat' dir='ltr'><strong>Legas</strong></span> <span class='ocrx_word' id='word_1_333' title='bbox 615 2359 697 2387; x_wconf 82' lang='lat' dir='ltr'><strong>etiam</strong></span> <span class='ocrx_word' id='word_1_334' title='bbox 711 2360 745 2387; x_wconf 83' lang='lat' dir='ltr'><strong>l5</strong></span> <span class='ocrx_word' id='word_1_335' title='bbox 760 2368 894 2389; x_wconf 89' lang='lat' dir='ltr'><strong>canouem</strong></span> <span class='ocrx_word' id='word_1_336' title='bbox 910 2369 975 2390; x_wconf 87' lang='lat' dir='ltr'><strong>con-</strong></span> 
     </span>
    </p>
   </div>
   <div class='ocr_carea' id='block_1_50' title="bbox 172 2403 976 2442">
    <p class='ocr_par' dir='ltr' id='par_1_50' title="bbox 172 2403 976 2442">
     <span class='ocr_line' id='line_1_50' title="bbox 172 2403 976 2442; baseline 0.002 -9"><span class='ocrx_word' id='word_1_337' title='bbox 172 2404 228 2433; x_wconf 86' lang='lat' dir='ltr'><strong>cilii</strong></span> <span class='ocrx_word' id='word_1_338' title='bbox 239 2403 477 2440; x_wconf 74' lang='lat' dir='ltr'><strong>Carthagiucnsis,</strong></span> <span class='ocrx_word' id='word_1_339' title='bbox 494 2409 522 2432; x_wconf 88' lang='lat' dir='ltr'><strong>et</strong></span> <span class='ocrx_word' id='word_1_340' title='bbox 533 2413 595 2440; x_wconf 70' lang='lat' dir='ltr'><strong>qua:</strong></span> <span class='ocrx_word' id='word_1_341' title='bbox 614 2405 641 2432; x_wconf 94' lang='lat' dir='ltr'><strong>in</strong></span> <span class='ocrx_word' id='word_1_342' title='bbox 659 2406 704 2433; x_wconf 92' lang='lat' dir='ltr'><strong>illo</strong></span> <span class='ocrx_word' id='word_1_343' title='bbox 718 2405 728 2442; x_wconf 90' lang='lat'>[</span> <span class='ocrx_word' id='word_1_344' title='bbox 740 2408 976 2441; x_wconf 86' lang='lat' dir='ltr'><strong>comprehendun-</strong></span> 
     </span>
    </p>
   </div>
   <div class='ocr_carea' id='block_1_51' title="bbox 175 2450 969 2489">
    <p class='ocr_par' dir='ltr' id='par_1_51' title="bbox 175 2450 969 2489">
     <span class='ocr_line' id='line_1_51' title="bbox 175 2450 969 2489; baseline 0.005 -11"><span class='ocrx_word' id='word_1_345' title='bbox 175 2451 241 2487; x_wconf 91' lang='lat' dir='ltr'><strong>tur.]</strong></span> <span class='ocrx_word' id='word_1_346' title='bbox 258 2450 352 2479; x_wconf 82' lang='lat' dir='ltr'><strong>Const.</strong></span> <span class='ocrx_word' id='word_1_347' title='bbox 367 2452 413 2485; x_wconf 68' lang='lat'><strong>22,</strong></span> <span class='ocrx_word' id='word_1_348' title='bbox 431 2451 473 2480; x_wconf 92' lang='lat' dir='ltr'><strong>tit.</strong></span> <span class='ocrx_word' id='word_1_349' title='bbox 488 2453 515 2485; x_wconf 73' lang='grc' dir='ltr'>ὅ,</span> <span class='ocrx_word' id='word_1_350' title='bbox 534 2452 582 2480; x_wconf 88' lang='lat' dir='ltr'><strong>lib.</strong></span> <span class='ocrx_word' id='word_1_351' title='bbox 599 2460 607 2479; x_wconf 91' lang='grc' dir='ltr'><strong>ι</strong></span> <span class='ocrx_word' id='word_1_352' title='bbox 623 2453 685 2480; x_wconf 86' lang='lat' dir='ltr'><strong>cod.</strong></span> <span class='ocrx_word' id='word_1_353' title='bbox 703 2457 745 2481; x_wconf 90' lang='lat' dir='ltr'><strong>est</strong></span> <span class='ocrx_word' id='word_1_354' title='bbox 762 2461 824 2489; x_wconf 87' lang='lat' dir='ltr'><strong>cap.</strong></span> <span class='ocrx_word' id='word_1_355' title='bbox 840 2454 868 2488; x_wconf 69' lang='grc'>2,</span> <span class='ocrx_word' id='word_1_356' title='bbox 885 2455 928 2482; x_wconf 86' lang='lat' dir='ltr'><strong>tit.</strong></span> <span class='ocrx_word' id='word_1_357' title='bbox 944 2455 969 2489; x_wconf 83' lang='lat' dir='ltr'><strong>l,</strong></span> 
     </span>
    </p>
   </div>
   <div class='ocr_carea' id='block_1_52' title="bbox 173 2497 968 2535">
    <p class='ocr_par' dir='ltr' id='par_1_52' title="bbox 173 2497 968 2535">
     <span class='ocr_line' id='line_1_52' title="bbox 173 2497 968 2535; baseline 0.004 -9"><span class='ocrx_word' id='word_1_358' title='bbox 173 2498 221 2526; x_wconf 79' lang='lat' dir='ltr'><strong>lib.</strong></span> <span class='ocrx_word' id='word_1_359' title='bbox 251 2505 271 2524; x_wconf 87' lang='grc' dir='ltr'>ιι</span> <span class='ocrx_word' id='word_1_360' title='bbox 286 2497 370 2525; x_wconf 84' lang='lat' dir='ltr'><strong>Basil.</strong></span> <span class='ocrx_word' id='word_1_361' title='bbox 387 2498 460 2533; x_wconf 88' lang='lat' dir='ltr'><strong>qttod</strong></span> <span class='ocrx_word' id='word_1_362' title='bbox 477 2506 570 2534; x_wconf 76' lang='lat' dir='ltr'><strong>quaere</strong></span> <span class='ocrx_word' id='word_1_363' title='bbox 585 2499 717 2526; x_wconf 89' lang='lat' dir='ltr'><strong>insertum</strong></span> <span class='ocrx_word' id='word_1_364' title='bbox 737 2499 900 2534; x_wconf 79' lang='lat' dir='ltr'><strong>expositioni</strong></span> <span class='ocrx_word' id='word_1_365' title='bbox 916 2501 948 2529; x_wconf 77' lang='lat' dir='ltr'><em>M</em></span> <span class='ocrx_word' id='word_1_366' title='bbox 961 2521 968 2535; x_wconf 88' lang='lat'><strong>,</strong></span> 
     </span>
    </p>
   </div>
   <div class='ocr_carea' id='block_1_53' title="bbox 172 2544 967 2581">
    <p class='ocr_par' dir='ltr' id='par_1_53' title="bbox 172 2544 967 2581">
     <span class='ocr_line' id='line_1_53' title="bbox 172 2544 967 2581; baseline 0.005 -10"><span class='ocrx_word' id='word_1_367' title='bbox 172 2544 287 2572; x_wconf 91' lang='lat' dir='ltr'><strong>canonis</strong></span> <span class='ocrx_word' id='word_1_368' title='bbox 300 2544 408 2572; x_wconf 90' lang='lat' dir='ltr'><strong>concilii</strong></span> <span class='ocrx_word' id='word_1_369' title='bbox 425 2544 585 2573; x_wconf 87' lang='lat' dir='ltr'><strong>Laodiceni.</strong></span> <span class='ocrx_word' id='word_1_370' title='bbox 609 2545 704 2574; x_wconf 86' lang='lat' dir='ltr'><strong>Const.</strong></span> <span class='ocrx_word' id='word_1_371' title='bbox 723 2553 788 2574; x_wconf 86' lang='lat' dir='ltr'><strong>vero</strong></span> <span class='ocrx_word' id='word_1_372' title='bbox 803 2547 839 2574; x_wconf 64' lang='lat'><strong>225</strong></span> <span class='ocrx_word' id='word_1_373' title='bbox 849 2568 856 2581; x_wconf 87' lang='lat'><strong>,</strong></span> <span class='ocrx_word' id='word_1_374' title='bbox 875 2547 916 2575; x_wconf 86' lang='lat' dir='ltr'><strong>tit.</strong></span> <span class='ocrx_word' id='word_1_375' title='bbox 931 2547 948 2575; x_wconf 75' lang='grc'><strong>5</strong></span> <span class='ocrx_word' id='word_1_376' title='bbox 960 2568 967 2581; x_wconf 86' lang='grc'><strong>,</strong></span> 
     </span>
    </p>
   </div>
   <div class='ocr_carea' id='block_1_54' title="bbox 172 2590 716 2625">
    <p class='ocr_par' dir='ltr' id='par_1_54' title="bbox 172 2590 716 2625">
     <span class='ocr_line' id='line_1_54' title="bbox 172 2590 716 2625; baseline 0.004 -8"><span class='ocrx_word' id='word_1_377' title='bbox 172 2590 220 2618; x_wconf 88' lang='lat' dir='ltr'><strong>lib.</strong></span> <span class='ocrx_word' id='word_1_378' title='bbox 238 2598 257 2623; x_wconf 89' lang='lat' dir='ltr'><strong>l,</strong></span> <span class='ocrx_word' id='word_1_379' title='bbox 273 2590 334 2617; x_wconf 88' lang='lat' dir='ltr'><strong>cod.</strong></span> <span class='ocrx_word' id='word_1_380' title='bbox 347 2590 374 2617; x_wconf 89' lang='lat' dir='ltr'><strong>in</strong></span> <span class='ocrx_word' id='word_1_381' title='bbox 391 2590 474 2618; x_wconf 87' lang='lat' dir='ltr'><strong>Basil.</strong></span> <span class='ocrx_word' id='word_1_382' title='bbox 489 2599 544 2618; x_wconf 92' lang='lat' dir='ltr'><strong>nou</strong></span> <span class='ocrx_word' id='word_1_383' title='bbox 557 2595 600 2618; x_wconf 91' lang='lat' dir='ltr'><strong>cst</strong></span> <span class='ocrx_word' id='word_1_384' title='bbox 617 2591 716 2625; x_wconf 85' lang='lat' dir='ltr'><strong>posita.</strong></span> 
     </span>
    </p>
   </div>
   <div class='ocr_carea' id='block_1_55' title="bbox 991 1550 1012 1578">
    <p class='ocr_par' dir='ltr' id='par_1_55' title="bbox 991 1550 1012 1578">
     <span class='ocr_line' id='line_1_55' title="bbox 991 1550 1012 1578; baseline 0 0"><span class='ocrx_word' id='word_1_385' title='bbox 991 1550 1012 1578; x_wconf 87' lang='lat' dir='ltr'><strong>C</strong></span> 
     </span>
    </p>
   </div>
   <div class='ocr_carea' id='block_1_56' title="bbox 793 129 1278 161">
    <p class='ocr_par' dir='ltr' id='par_1_56' title="bbox 793 129 1278 161">
     <span class='ocr_line' id='line_1_56' title="bbox 793 129 1278 161; baseline -0.002 -1"><span class='ocrx_word' id='word_1_386' title='bbox 793 130 927 161; x_wconf 85' lang='lat' dir='ltr'><strong>PIIOTll</strong></span> <span class='ocrx_word' id='word_1_387' title='bbox 947 129 1203 160; x_wconf 66' lang='lat' dir='ltr'><strong>PATRIABCHJE</strong></span> <span class='ocrx_word' id='word_1_388' title='bbox 1223 130 1278 160; x_wconf 88' lang='lat' dir='ltr'><strong>CP.</strong></span> 
     </span>
    </p>
   </div>
   <div class='ocr_carea' id='block_1_57' title="bbox 1755 129 1814 162">
    <p class='ocr_par' dir='ltr' id='par_1_57' title="bbox 1755 129 1814 162">
     <span class='ocr_line' id='line_1_57' title="bbox 1755 129 1814 162; baseline 0.017 -1"><span class='ocrx_word' id='word_1_389' title='bbox 1755 129 1814 162; x_wconf 82' lang='lat'><strong>1096</strong></span> 
     </span>
    </p>
   </div>
   <div class='ocr_carea' id='block_1_58' title="bbox 1029 184 1814 222">
    <p class='ocr_par' dir='ltr' id='par_1_58' title="bbox 1029 184 1814 222">
     <span class='ocr_line' id='line_1_58' title="bbox 1029 184 1814 222; baseline 0.001 -10"><span class='ocrx_word' id='word_1_390' title='bbox 1029 187 1042 212; x_wconf 85' lang='grc' dir='ltr'>ὁ</span> <span class='ocrx_word' id='word_1_391' title='bbox 1057 186 1106 222; x_wconf 85' lang='grc' dir='ltr'>μὲν</span> <span class='ocrx_word' id='word_1_392' title='bbox 1121 187 1171 221; x_wconf 83' lang='grc' dir='ltr'><strong>τῆς</strong></span> <span class='ocrx_word' id='word_1_393' title='bbox 1182 185 1319 221; x_wconf 81' lang='grc' dir='ltr'><strong>κοσμικῆς</strong></span> <span class='ocrx_word' id='word_1_394' title='bbox 1330 184 1454 219; x_wconf 82' lang='grc' dir='ltr'>φαίνεται</span> <span class='ocrx_word' id='word_1_395' title='bbox 1477 184 1685 216; x_wconf 70' lang='grc' dir='ltr'><strong>καταστάσεως,</strong></span> <span class='ocrx_word' id='word_1_396' title='bbox 1708 186 1721 211; x_wconf 82' lang='grc' dir='ltr'><strong>ὁ</strong></span> <span class='ocrx_word' id='word_1_397' title='bbox 1732 186 1757 212; x_wconf 81' lang='grc' dir='ltr'>δὲ</span> <span class='ocrx_word' id='word_1_398' title='bbox 1779 187 1814 222; x_wconf 79' lang='grc' dir='ltr'>τῷ</span> 
     </span>
    </p>
   </div>
   <div class='ocr_carea' id='block_1_59' title="bbox 1032 230 1815 268">
    <p class='ocr_par' dir='ltr' id='par_1_59' title="bbox 1032 230 1815 268">
     <span class='ocr_line' id='line_1_59' title="bbox 1032 230 1815 268; baseline 0.001 -10"><span class='ocrx_word' id='word_1_399' title='bbox 1032 232 1096 266; x_wconf 85' lang='grc' dir='ltr'>θείῳ</span> <span class='ocrx_word' id='word_1_400' title='bbox 1113 232 1207 268; x_wconf 84' lang='grc' dir='ltr'>κλήρῳ</span> <span class='ocrx_word' id='word_1_401' title='bbox 1221 231 1440 266; x_wconf 79' lang='grc' dir='ltr'>ὲγκατείλεκται,</span> <span class='ocrx_word' id='word_1_402' title='bbox 1453 231 1468 257; x_wconf 83' lang='grc' dir='ltr'><strong>ὸ</strong></span> <span class='ocrx_word' id='word_1_403' title='bbox 1493 231 1602 265; x_wconf 81' lang='grc' dir='ltr'>ἐνάγων</span> <span class='ocrx_word' id='word_1_404' title='bbox 1614 230 1759 266; x_wconf 82' lang='grc' dir='ltr'>τηνικαῦτα</span> <span class='ocrx_word' id='word_1_405' title='bbox 1779 233 1815 268; x_wconf 83' lang='grc' dir='ltr'>τῷ</span> 
     </span>
    </p>
   </div>
   <div class='ocr_carea' id='block_1_60' title="bbox 1031 277 1814 315">
    <p class='ocr_par' dir='ltr' id='par_1_60' title="bbox 1031 277 1814 315">
     <span class='ocr_line' id='line_1_60' title="bbox 1031 277 1814 315; baseline 0.001 -10"><span class='ocrx_word' id='word_1_406' title='bbox 1031 279 1108 315; x_wconf 79' lang='grc' dir='ltr'>φόρῳ</span> <span class='ocrx_word' id='word_1_407' title='bbox 1132 278 1179 305; x_wconf 77' lang='grc' dir='ltr'>τοῦ</span> <span class='ocrx_word' id='word_1_408' title='bbox 1195 277 1360 313; x_wconf 76' lang='grc' dir='ltr'>ἑναγομένου</span> <span class='ocrx_word' id='word_1_409' title='bbox 1390 277 1543 310; x_wconf 75' lang='grc' dir='ltr'>ὲξάπαντος</span> <span class='ocrx_word' id='word_1_410' title='bbox 1562 277 1747 310; x_wconf 78' lang='grc' dir='ltr'><strong>ὑποκείσεται,</strong></span> <span class='ocrx_word' id='word_1_411' title='bbox 1772 279 1814 306; x_wconf 74' lang='grc' dir='ltr'>καὶ</span> 
     </span>
    </p>
   </div>
   <div class='ocr_carea' id='block_1_61' title="bbox 1030 323 1815 360">
    <p class='ocr_par' dir='ltr' id='par_1_61' title="bbox 1030 323 1815 360">
     <span class='ocr_line' id='line_1_61' title="bbox 1030 323 1815 360; baseline 0.001 -9"><span class='ocrx_word' id='word_1_412' title='bbox 1030 325 1145 357; x_wconf 68' lang='grc' dir='ltr'>ἕκαστος</span> <span class='ocrx_word' id='word_1_413' title='bbox 1159 325 1198 357; x_wconf 89' lang='grc' dir='ltr'><strong>είς</strong></span> <span class='ocrx_word' id='word_1_414' title='bbox 1211 324 1242 351; x_wconf 79' lang='grc' dir='ltr'>τὸ</span> <span class='ocrx_word' id='word_1_415' title='bbox 1255 324 1411 360; x_wconf 83' lang='grc' dir='ltr'><strong>πρόσφορον</strong></span> <span class='ocrx_word' id='word_1_416' title='bbox 1435 323 1612 359; x_wconf 83' lang='grc' dir='ltr'>δικαστήριον</span> <span class='ocrx_word' id='word_1_417' title='bbox 1635 323 1815 358; x_wconf 84' lang='grc' dir='ltr'><strong>ἀπελεύσεται,</strong></span> 
     </span>
    </p>
   </div>
   <div class='ocr_carea' id='block_1_62' title="bbox 1030 369 1816 406">
    <p class='ocr_par' dir='ltr' id='par_1_62' title="bbox 1030 369 1816 406">
     <span class='ocr_line' id='line_1_62' title="bbox 1030 369 1816 406; baseline 0.001 -9"><span class='ocrx_word' id='word_1_418' title='bbox 1030 371 1054 397; x_wconf 87' lang='grc' dir='ltr'><strong>εί</strong></span> <span class='ocrx_word' id='word_1_419' title='bbox 1070 371 1161 406; x_wconf 85' lang='grc' dir='ltr'>μήπου</span> <span class='ocrx_word' id='word_1_420' title='bbox 1191 370 1324 401; x_wconf 74' lang='grc' dir='ltr'>πολλάκις</span> <span class='ocrx_word' id='word_1_421' title='bbox 1354 378 1396 402; x_wconf 83' lang='grc' dir='ltr'><strong>τις</strong></span> <span class='ocrx_word' id='word_1_422' title='bbox 1417 369 1472 396; x_wconf 83' lang='grc' dir='ltr'><strong>τῶν</strong></span> <span class='ocrx_word' id='word_1_423' title='bbox 1494 370 1626 397; x_wconf 84' lang='grc' dir='ltr'>ἁπάντων</span> <span class='ocrx_word' id='word_1_424' title='bbox 1641 370 1671 396; x_wconf 80' lang='grc' dir='ltr'>τὸ</span> <span class='ocrx_word' id='word_1_425' title='bbox 1688 370 1816 405; x_wconf 78' lang='grc' dir='ltr'>βασιλικὸν</span> 
     </span>
    </p>
   </div>
   <div class='ocr_carea' id='block_1_63' title="bbox 1029 416 1816 452">
    <p class='ocr_par' dir='ltr' id='par_1_63' title="bbox 1029 416 1816 452">
     <span class='ocr_line' id='line_1_63' title="bbox 1029 416 1816 452; baseline 0.003 -9"><span class='ocrx_word' id='word_1_426' title='bbox 1029 417 1204 452; x_wconf 83' lang='grc' dir='ltr'>δικαστήριον</span> <span class='ocrx_word' id='word_1_427' title='bbox 1220 416 1365 452; x_wconf 78' lang='grc' dir='ltr'>ἐπιζητοίη</span> <span class='ocrx_word' id='word_1_428' title='bbox 1375 424 1383 432; x_wconf 94' lang='grc'><strong>·</strong></span> <span class='ocrx_word' id='word_1_429' title='bbox 1400 417 1461 443; x_wconf 86' lang='grc' dir='ltr'>τότε</span> <span class='ocrx_word' id='word_1_430' title='bbox 1473 416 1528 451; x_wconf 85' lang='grc' dir='ltr'>γὰρ</span> <span class='ocrx_word' id='word_1_431' title='bbox 1542 416 1726 452; x_wconf 81' lang='grc' dir='ltr'><strong>σχολαζόντων</strong></span> <span class='ocrx_word' id='word_1_432' title='bbox 1736 417 1816 445; x_wconf 82' lang='grc' dir='ltr'>ἀπάν-</span> 
     </span>
    </p>
   </div>
   <div class='ocr_carea' id='block_1_64' title="bbox 1030 462 1813 499">
    <p class='ocr_par' dir='ltr' id='par_1_64' title="bbox 1030 462 1813 499">
     <span class='ocr_line' id='line_1_64' title="bbox 1030 462 1813 499; baseline 0.003 -11"><span class='ocrx_word' id='word_1_433' title='bbox 1030 464 1117 499; x_wconf 82' lang='grc' dir='ltr'>τωνή</span> <span class='ocrx_word' id='word_1_434' title='bbox 1145 463 1272 498; x_wconf 84' lang='grc' dir='ltr'>βασιλικὴ</span> <span class='ocrx_word' id='word_1_435' title='bbox 1296 462 1477 498; x_wconf 78' lang='grc' dir='ltr'>μεγαλειότης</span> <span class='ocrx_word' id='word_1_436' title='bbox 1500 462 1579 490; x_wconf 88' lang='grc' dir='ltr'>δια...</span> <span class='ocrx_word' id='word_1_437' title='bbox 1613 463 1646 499; x_wconf 80' lang='grc' dir='ltr'>τῇ</span> <span class='ocrx_word' id='word_1_438' title='bbox 1675 463 1746 499; x_wconf 80' lang='grc' dir='ltr'>δίκῃ,</span> <span class='ocrx_word' id='word_1_439' title='bbox 1771 465 1813 490; x_wconf 79' lang='grc' dir='ltr'>καὶ</span> 
     </span>
    </p>
   </div>
   <div class='ocr_carea' id='block_1_65' title="bbox 1030 508 1816 545">
    <p class='ocr_par' dir='ltr' id='par_1_65' title="bbox 1030 508 1816 545">
     <span class='ocr_line' id='line_1_65' title="bbox 1030 508 1816 545; baseline 0 -10"><span class='ocrx_word' id='word_1_440' title='bbox 1030 510 1111 545; x_wconf 82' lang='grc' dir='ltr'>τεμεῖ</span> <span class='ocrx_word' id='word_1_441' title='bbox 1134 510 1164 536; x_wconf 83' lang='grc' dir='ltr'>τὸ</span> <span class='ocrx_word' id='word_1_442' title='bbox 1193 508 1356 545; x_wconf 80' lang='grc' dir='ltr'>ἀμφίϐολον.</span> <span class='ocrx_word' id='word_1_443' title='bbox 1387 508 1540 543; x_wconf 80' lang='grc' dir='ltr'>Ἀνάγνωθι</span> <span class='ocrx_word' id='word_1_444' title='bbox 1571 509 1619 535; x_wconf 63' lang='grc' dir='ltr'><strong>καὶ¹</strong></span> <span class='ocrx_word' id='word_1_445' title='bbox 1646 508 1691 535; x_wconf 76' lang='grc' dir='ltr'>τὸν</span> <span class='ocrx_word' id='word_1_446' title='bbox 1717 512 1743 536; x_wconf 83' lang='grc' dir='ltr'>ιε’</span> <span class='ocrx_word' id='word_1_447' title='bbox 1770 518 1816 536; x_wconf 85' lang='grc' dir='ltr'>κα-</span> 
     </span>
    </p>
   </div>
   <div class='ocr_carea' id='block_1_66' title="bbox 1031 555 1814 592">
    <p class='ocr_par' dir='ltr' id='par_1_66' title="bbox 1031 555 1814 592">
     <span class='ocr_line' id='line_1_66' title="bbox 1031 555 1814 592; baseline 0.001 -10"><span class='ocrx_word' id='word_1_448' title='bbox 1031 556 1097 583; x_wconf 85' lang='grc' dir='ltr'>νόνα</span> <span class='ocrx_word' id='word_1_449' title='bbox 1109 556 1158 591; x_wconf 86' lang='grc' dir='ltr'><strong>τῆς</strong></span> <span class='ocrx_word' id='word_1_450' title='bbox 1175 557 1204 582; x_wconf 85' lang='grc' dir='ltr'>ὲν</span> <span class='ocrx_word' id='word_1_451' title='bbox 1218 555 1400 592; x_wconf 77' lang='grc' dir='ltr'>Καρθαγέννῃ</span> <span class='ocrx_word' id='word_1_452' title='bbox 1425 555 1546 587; x_wconf 80' lang='grc' dir='ltr'><strong>συνόδου,</strong></span> <span class='ocrx_word' id='word_1_453' title='bbox 1569 555 1616 582; x_wconf 79' lang='grc' dir='ltr'>καὶ</span> <span class='ocrx_word' id='word_1_454' title='bbox 1639 555 1674 582; x_wconf 77' lang='grc' dir='ltr'><strong>τὰ</strong></span> <span class='ocrx_word' id='word_1_455' title='bbox 1693 556 1722 582; x_wconf 80' lang='grc' dir='ltr'>ἐν</span> <span class='ocrx_word' id='word_1_456' title='bbox 1736 555 1814 591; x_wconf 71' lang='grc' dir='ltr'>αὐτῷ.</span> 
     </span>
    </p>
   </div>
   <div class='ocr_carea' id='block_1_67' title="bbox 1037 601 1817 638">
    <p class='ocr_par' dir='ltr' id='par_1_67' title="bbox 1037 601 1817 638">
     <span class='ocr_line' id='line_1_67' title="bbox 1037 601 1817 638; baseline 0 -9"><span class='ocrx_word' id='word_1_457' title='bbox 1037 602 1069 629; x_wconf 86' lang='grc' dir='ltr'>Ἢ</span> <span class='ocrx_word' id='word_1_458' title='bbox 1087 602 1129 638; x_wconf 86' lang='grc' dir='ltr'>κβ¹</span> <span class='ocrx_word' id='word_1_459' title='bbox 1145 603 1216 630; x_wconf 79' lang='grc' dir='ltr'>διάτ.</span> <span class='ocrx_word' id='word_1_460' title='bbox 1233 602 1280 629; x_wconf 80' lang='grc' dir='ltr'>τοῦ</span> <span class='ocrx_word' id='word_1_461' title='bbox 1294 605 1318 636; x_wconf 86' lang='grc' dir='ltr'><strong>γ’</strong></span> <span class='ocrx_word' id='word_1_462' title='bbox 1331 602 1383 629; x_wconf 85' lang='grc' dir='ltr'>τίτ.</span> <span class='ocrx_word' id='word_1_463' title='bbox 1400 601 1447 629; x_wconf 82' lang='grc' dir='ltr'>τοῦ</span> <span class='ocrx_word' id='word_1_464' title='bbox 1471 601 1495 629; x_wconf 86' lang='grc' dir='ltr'>α’</span> <span class='ocrx_word' id='word_1_465' title='bbox 1508 602 1612 637; x_wconf 81' lang='grc' dir='ltr'>βιϐλίου</span> <span class='ocrx_word' id='word_1_466' title='bbox 1630 602 1684 629; x_wconf 70' lang='grc' dir='ltr'><strong>τοῦ</strong></span> <span class='ocrx_word' id='word_1_467' title='bbox 1701 602 1817 635; x_wconf 83' lang='grc' dir='ltr'>κώδικος,</span> 
     </span>
    </p>
   </div>
   <div class='ocr_carea' id='block_1_68' title="bbox 1032 647 1818 684">
    <p class='ocr_par' dir='ltr' id='par_1_68' title="bbox 1032 647 1818 684">
     <span class='ocr_line' id='line_1_68' title="bbox 1032 647 1818 684; baseline -0.001 -8"><span class='ocrx_word' id='word_1_468' title='bbox 1032 649 1091 676; x_wconf 77' lang='grc' dir='ltr'>ἔστι</span> <span class='ocrx_word' id='word_1_469' title='bbox 1104 658 1167 684; x_wconf 73' lang='grc' dir='ltr'>κεφ.</span> <span class='ocrx_word' id='word_1_470' title='bbox 1184 648 1206 684; x_wconf 83' lang='grc' dir='ltr'>β’</span> <span class='ocrx_word' id='word_1_471' title='bbox 1228 649 1274 675; x_wconf 72' lang='grc' dir='ltr'>τοῦ</span> <span class='ocrx_word' id='word_1_472' title='bbox 1298 647 1333 682; x_wconf 86' lang='grc' dir='ltr'>α’,</span> <span class='ocrx_word' id='word_1_473' title='bbox 1355 649 1408 675; x_wconf 84' lang='grc' dir='ltr'>τίτ.</span> <span class='ocrx_word' id='word_1_474' title='bbox 1423 648 1470 675; x_wconf 79' lang='grc' dir='ltr'><strong>τοῦ</strong></span> <span class='ocrx_word' id='word_1_475' title='bbox 1484 647 1508 682; x_wconf 89' lang='grc' dir='ltr'><strong>γ’</strong></span> <span class='ocrx_word' id='word_1_476' title='bbox 1525 648 1628 683; x_wconf 85' lang='grc' dir='ltr'>βιϐλίου</span> <span class='ocrx_word' id='word_1_477' title='bbox 1659 648 1713 675; x_wconf 81' lang='grc' dir='ltr'>τῶν</span> <span class='ocrx_word' id='word_1_478' title='bbox 1742 649 1818 675; x_wconf 85' lang='grc' dir='ltr'>Βασι-</span> 
     </span>
    </p>
   </div>
   <div class='ocr_carea' id='block_1_69' title="bbox 1031 695 1815 731">
    <p class='ocr_par' dir='ltr' id='par_1_69' title="bbox 1031 695 1815 731">
     <span class='ocr_line' id='line_1_69' title="bbox 1031 695 1815 731; baseline -0.001 -8"><span class='ocrx_word' id='word_1_479' title='bbox 1031 696 1126 728; x_wconf 89' lang='grc' dir='ltr'>λικῶν,</span> <span class='ocrx_word' id='word_1_480' title='bbox 1140 695 1188 722; x_wconf 72' lang='grc' dir='ltr'>καὶ</span> <span class='ocrx_word' id='word_1_481' title='bbox 1199 695 1274 731; x_wconf 77' lang='grc' dir='ltr'>ζήτει</span> <span class='ocrx_word' id='word_1_482' title='bbox 1290 696 1370 722; x_wconf 81' lang='grc' dir='ltr'>τοῦτο</span> <span class='ocrx_word' id='word_1_483' title='bbox 1381 695 1578 730; x_wconf 76' lang='grc' dir='ltr'>καταστρωθὲν</span> <span class='ocrx_word' id='word_1_484' title='bbox 1593 695 1633 727; x_wconf 85' lang='grc' dir='ltr'><strong>είς</strong></span> <span class='ocrx_word' id='word_1_485' title='bbox 1659 695 1709 730; x_wconf 81' lang='grc' dir='ltr'>τὴν</span> <span class='ocrx_word' id='word_1_486' title='bbox 1735 696 1815 730; x_wconf 77' lang='grc' dir='ltr'>ἑρμη-</span> 
     </span>
    </p>
   </div>
   <div class='ocr_carea' id='block_1_70' title="bbox 1030 740 1819 782">
    <p class='ocr_par' dir='ltr' id='par_1_70' title="bbox 1030 740 1819 782">
     <span class='ocr_line' id='line_1_70' title="bbox 1030 740 1819 782; baseline -0.001 -13"><span class='ocrx_word' id='word_1_487' title='bbox 1030 742 1105 769; x_wconf 86' lang='grc' dir='ltr'>νείαν</span> <span class='ocrx_word' id='word_1_488' title='bbox 1129 742 1176 769; x_wconf 88' lang='grc' dir='ltr'>τοῦ</span> <span class='ocrx_word' id='word_1_489' title='bbox 1189 771 1193 777; x_wconf 81' lang='lat'><em>_</em></span> <span class='ocrx_word' id='word_1_490' title='bbox 1208 740 1255 782; x_wconf 46' lang='grc' dir='ltr'>μα(</span> <span class='ocrx_word' id='word_1_491' title='bbox 1269 743 1381 774; x_wconf 79' lang='grc' dir='ltr'>κανόνος</span> <span class='ocrx_word' id='word_1_492' title='bbox 1409 741 1460 776; x_wconf 84' lang='grc' dir='ltr'><strong>τῆς</strong></span> <span class='ocrx_word' id='word_1_493' title='bbox 1485 743 1513 768; x_wconf 86' lang='grc' dir='ltr'>ὲν</span> <span class='ocrx_word' id='word_1_494' title='bbox 1528 741 1676 778; x_wconf 75' lang='grc' dir='ltr'>Λαοδικείᾳ</span> <span class='ocrx_word' id='word_1_495' title='bbox 1706 742 1819 770; x_wconf 86' lang='grc' dir='ltr'>συνόδου.</span> 
     </span>
    </p>
   </div>
   <div class='ocr_carea' id='block_1_71' title="bbox 1037 786 1822 823">
    <p class='ocr_par' dir='ltr' id='par_1_71' title="bbox 1037 786 1822 823">
     <span class='ocr_line' id='line_1_71' title="bbox 1037 786 1822 823; baseline -0.001 -8"><span class='ocrx_word' id='word_1_496' title='bbox 1037 788 1069 815; x_wconf 83' lang='grc' dir='ltr'><em>Ἦ</em></span> <span class='ocrx_word' id='word_1_497' title='bbox 1084 788 1113 815; x_wconf 80' lang='grc' dir='ltr'>δὲ</span> <span class='ocrx_word' id='word_1_498' title='bbox 1129 791 1168 814; x_wconf 89' lang='grc' dir='ltr'><strong>κε’</strong></span> <span class='ocrx_word' id='word_1_499' title='bbox 1184 788 1254 815; x_wconf 81' lang='grc' dir='ltr'>διάτ.</span> <span class='ocrx_word' id='word_1_500' title='bbox 1275 787 1322 815; x_wconf 76' lang='grc' dir='ltr'>τοῦ</span> <span class='ocrx_word' id='word_1_501' title='bbox 1333 786 1358 823; x_wconf 81' lang='grc' dir='ltr'><strong>γ’</strong></span> <span class='ocrx_word' id='word_1_502' title='bbox 1383 787 1436 815; x_wconf 85' lang='grc' dir='ltr'>τίτ.</span> <span class='ocrx_word' id='word_1_503' title='bbox 1453 787 1501 814; x_wconf 79' lang='grc' dir='ltr'>τοῦ</span> <span class='ocrx_word' id='word_1_504' title='bbox 1526 787 1551 815; x_wconf 83' lang='grc' dir='ltr'>α’</span> <span class='ocrx_word' id='word_1_505' title='bbox 1569 788 1673 823; x_wconf 85' lang='grc' dir='ltr'>βιϐλίου</span> <span class='ocrx_word' id='word_1_506' title='bbox 1699 787 1746 814; x_wconf 82' lang='grc' dir='ltr'>τοῦ</span> <span class='ocrx_word' id='word_1_507' title='bbox 1768 787 1822 814; x_wconf 88' lang='grc' dir='ltr'><strong>κώ-</strong></span> 
     </span>
    </p>
   </div>
   <div class='ocr_carea' id='block_1_72' title="bbox 1029 833 1822 870">
    <p class='ocr_par' dir='ltr' id='par_1_72' title="bbox 1029 833 1822 870">
     <span class='ocr_line' id='line_1_72' title="bbox 1029 833 1822 870; baseline 0 -10"><span class='ocrx_word' id='word_1_508' title='bbox 1029 834 1104 866; x_wconf 87' lang='grc' dir='ltr'>δικος</span> <span class='ocrx_word' id='word_1_509' title='bbox 1130 834 1181 861; x_wconf 78' lang='grc' dir='ltr'>οὐκ</span> <span class='ocrx_word' id='word_1_510' title='bbox 1206 834 1285 870; x_wconf 78' lang='grc' dir='ltr'>ἐτέθη</span> <span class='ocrx_word' id='word_1_511' title='bbox 1305 835 1346 866; x_wconf 85' lang='grc' dir='ltr'><strong>είς</strong></span> <span class='ocrx_word' id='word_1_512' title='bbox 1372 833 1408 861; x_wconf 82' lang='grc' dir='ltr'>τὰ</span> <span class='ocrx_word' id='word_1_513' title='bbox 1431 834 1575 862; x_wconf 79' lang='grc' dir='ltr'>Βασιλικά.</span> <span class='ocrx_word' id='word_1_514' title='bbox 1593 833 1822 870; x_wconf 79' lang='grc' dir='ltr'>Σημείωσαι·Τοΰ</span> 
     </span>
    </p>
   </div>
   <div class='ocr_carea' id='block_1_73' title="bbox 1033 880 1823 917">
    <p class='ocr_par' dir='ltr' id='par_1_73' title="bbox 1033 880 1823 917">
     <span class='ocr_line' id='line_1_73' title="bbox 1033 880 1823 917; baseline -0.001 -9"><span class='ocrx_word' id='word_1_515' title='bbox 1033 880 1155 908; x_wconf 80' lang='grc' dir='ltr'>τοιούτου</span> <span class='ocrx_word' id='word_1_516' title='bbox 1169 881 1197 908; x_wconf 79' lang='grc' dir='ltr'>δὲ</span> <span class='ocrx_word' id='word_1_517' title='bbox 1214 880 1413 916; x_wconf 85' lang='grc' dir='ltr'>χρυσοϐούλλου</span> <span class='ocrx_word' id='word_1_518' title='bbox 1429 881 1446 916; x_wconf 85' lang='grc' dir='ltr'>ἠ</span> <span class='ocrx_word' id='word_1_519' title='bbox 1461 881 1600 917; x_wconf 82' lang='grc' dir='ltr'>περικοπὴ</span> <span class='ocrx_word' id='word_1_520' title='bbox 1621 881 1637 916; x_wconf 81' lang='grc' dir='ltr'>ἡ</span> <span class='ocrx_word' id='word_1_521' title='bbox 1653 881 1823 917; x_wconf 81' lang='grc' dir='ltr'>διοριζομὲνη</span> 
     </span>
    </p>
   </div>
   <div class='ocr_carea' id='block_1_74' title="bbox 1032 927 1823 962">
    <p class='ocr_par' dir='ltr' id='par_1_74' title="bbox 1032 927 1823 962">
     <span class='ocr_line' id='line_1_74' title="bbox 1032 927 1823 962; baseline 0 -9"><span class='ocrx_word' id='word_1_522' title='bbox 1032 927 1230 962; x_wconf 84' lang='grc' dir='ltr'>προσδέχεσθαι</span> <span class='ocrx_word' id='word_1_523' title='bbox 1259 927 1364 958; x_wconf 78' lang='grc' dir='ltr'>πάντας</span> <span class='ocrx_word' id='word_1_524' title='bbox 1389 927 1453 959; x_wconf 85' lang='grc' dir='ltr'>τοὺς</span> <span class='ocrx_word' id='word_1_525' title='bbox 1470 927 1634 962; x_wconf 78' lang='grc' dir='ltr'>ἑλκομένους</span> <span class='ocrx_word' id='word_1_526' title='bbox 1661 928 1702 959; x_wconf 84' lang='grc' dir='ltr'><strong>είς</strong></span> <span class='ocrx_word' id='word_1_527' title='bbox 1721 927 1823 962; x_wconf 80' lang='grc' dir='ltr'>οἰονδη-</span> 
     </span>
    </p>
   </div>
   <div class='ocr_carea' id='block_1_75' title="bbox 1032 965 1823 1008">
    <p class='ocr_par' dir='ltr' id='par_1_75' title="bbox 1032 965 1823 1008">
     <span class='ocr_line' id='line_1_75' title="bbox 1032 965 1823 1008; baseline -0.003 -8"><span class='ocrx_word' id='word_1_528' title='bbox 1032 973 1131 1000; x_wconf 71' lang='grc' dir='ltr'>ποσοῠν</span> <span class='ocrx_word' id='word_1_529' title='bbox 1164 972 1353 1008; x_wconf 85' lang='grc' dir='ltr'>δικαστήριον,</span> <span class='ocrx_word' id='word_1_530' title='bbox 1367 973 1415 1001; x_wconf 76' lang='grc' dir='ltr'>καὶ</span> <span class='ocrx_word' id='word_1_531' title='bbox 1441 971 1593 1007; x_wconf 76' lang='grc' dir='ltr'>ζητοῦντας</span> <span class='ocrx_word' id='word_1_532' title='bbox 1615 965 1823 1008; x_wconf 77' lang='grc' dir='ltr'>τοῦβασιλικοῦ</span> 
     </span>
    </p>
   </div>
   <div class='ocr_carea' id='block_1_76' title="bbox 1033 1017 1826 1055">
    <p class='ocr_par' dir='ltr' id='par_1_76' title="bbox 1033 1017 1826 1055">
     <span class='ocr_line' id='line_1_76' title="bbox 1033 1017 1826 1055; baseline -0.004 -9"><span class='ocrx_word' id='word_1_533' title='bbox 1033 1018 1156 1055; x_wconf 85' lang='grc' dir='ltr'><strong>βήματος</strong></span> <span class='ocrx_word' id='word_1_534' title='bbox 1169 1019 1220 1054; x_wconf 82' lang='grc' dir='ltr'>τὴν</span> <span class='ocrx_word' id='word_1_535' title='bbox 1237 1018 1382 1054; x_wconf 85' lang='grc' dir='ltr'>ἀκρόασιν,</span> <span class='ocrx_word' id='word_1_536' title='bbox 1396 1018 1543 1054; x_wconf 77' lang='grc' dir='ltr'><strong>ἐσχόλασεν</strong></span> <span class='ocrx_word' id='word_1_537' title='bbox 1559 1018 1614 1045; x_wconf 83' lang='grc' dir='ltr'><strong>ἀπὸ</strong></span> <span class='ocrx_word' id='word_1_538' title='bbox 1632 1017 1826 1053; x_wconf 83' lang='grc' dir='ltr'>μεταγενεστέ-</span> 
     </span>
    </p>
   </div>
   <div class='ocr_carea' id='block_1_77' title="bbox 1033 1064 1822 1101">
    <p class='ocr_par' dir='ltr' id='par_1_77' title="bbox 1033 1064 1822 1101">
     <span class='ocr_line' id='line_1_77' title="bbox 1033 1064 1822 1101; baseline -0.003 -9"><span class='ocrx_word' id='word_1_539' title='bbox 1033 1074 1083 1101; x_wconf 87' lang='grc' dir='ltr'><strong>ρας</strong></span> <span class='ocrx_word' id='word_1_540' title='bbox 1097 1064 1271 1101; x_wconf 77' lang='grc' dir='ltr'><strong>προστάξεως</strong></span> <span class='ocrx_word' id='word_1_541' title='bbox 1285 1064 1333 1091; x_wconf 80' lang='grc' dir='ltr'>τοῦ</span> <span class='ocrx_word' id='word_1_542' title='bbox 1344 1064 1428 1091; x_wconf 82' lang='grc' dir='ltr'>αὑτοῦ</span> <span class='ocrx_word' id='word_1_543' title='bbox 1443 1064 1576 1100; x_wconf 84' lang='grc' dir='ltr'>βασιλέως</span> <span class='ocrx_word' id='word_1_544' title='bbox 1590 1065 1689 1099; x_wconf 77' lang='grc' dir='ltr'>κυρίου</span> <span class='ocrx_word' id='word_1_545' title='bbox 1706 1064 1822 1096; x_wconf 78' lang='grc' dir='ltr'>Ἀλεξίου</span> 
     </span>
    </p>
   </div>
   <div class='ocr_carea' id='block_1_78' title="bbox 1030 1109 1824 1146">
    <p class='ocr_par' dir='ltr' id='par_1_78' title="bbox 1030 1109 1824 1146">
     <span class='ocr_line' id='line_1_78' title="bbox 1030 1109 1824 1146; baseline -0.005 -7"><span class='ocrx_word' id='word_1_546' title='bbox 1030 1110 1078 1139; x_wconf 86' lang='grc' dir='ltr'>τοῦ</span> <span class='ocrx_word' id='word_1_547' title='bbox 1093 1109 1249 1146; x_wconf 82' lang='grc' dir='ltr'>Κομνηνοῦ,</span> <span class='ocrx_word' id='word_1_548' title='bbox 1260 1109 1444 1146; x_wconf 84' lang='grc' dir='ltr'>άπολυθείσης</span> <span class='ocrx_word' id='word_1_549' title='bbox 1456 1110 1527 1136; x_wconf 84' lang='grc' dir='ltr'>κατὰ</span> <span class='ocrx_word' id='word_1_550' title='bbox 1547 1110 1621 1145; x_wconf 86' lang='grc' dir='ltr'>μῆνα</span> <span class='ocrx_word' id='word_1_551' title='bbox 1642 1110 1731 1138; x_wconf 82' lang='grc' dir='ltr'>Μάῖον</span> <span class='ocrx_word' id='word_1_552' title='bbox 1761 1109 1824 1135; x_wconf 74' lang='grc' dir='ltr'>ινδι-</span> 
     </span>
    </p>
   </div>
   <div class='ocr_carea' id='block_1_79' title="bbox 1034 1155 1825 1193">
    <p class='ocr_par' dir='ltr' id='par_1_79' title="bbox 1034 1155 1825 1193">
     <span class='ocr_line' id='line_1_79' title="bbox 1034 1155 1825 1193; baseline -0.003 -9"><span class='ocrx_word' id='word_1_553' title='bbox 1034 1157 1138 1189; x_wconf 83' lang='grc' dir='ltr'>κτιόνος</span> <span class='ocrx_word' id='word_1_554' title='bbox 1151 1156 1185 1192; x_wconf 45' lang='grc' dir='ltr'><strong>ᾖ·</strong></span> <span class='ocrx_word' id='word_1_555' title='bbox 1198 1157 1247 1184; x_wconf 64' lang='grc' dir='ltr'>καὶ</span> <span class='ocrx_word' id='word_1_556' title='bbox 1258 1156 1446 1193; x_wconf 81' lang='grc' dir='ltr'>διοριζομένης</span> <span class='ocrx_word' id='word_1_557' title='bbox 1461 1155 1531 1192; x_wconf 86' lang='grc' dir='ltr'>μετὰ</span> <span class='ocrx_word' id='word_1_558' title='bbox 1548 1156 1579 1183; x_wconf 86' lang='grc' dir='ltr'>τὸ</span> <span class='ocrx_word' id='word_1_559' title='bbox 1590 1156 1736 1192; x_wconf 84' lang='grc' dir='ltr'>προοίμιον</span> <span class='ocrx_word' id='word_1_560' title='bbox 1743 1155 1825 1182; x_wconf 80' lang='grc' dir='ltr'>ταῦτα</span> 
     </span>
    </p>
   </div>
   <div class='ocr_carea' id='block_1_80' title="bbox 1033 1200 1826 1240">
    <p class='ocr_par' dir='ltr' id='par_1_80' title="bbox 1033 1200 1826 1240">
     <span class='ocr_line' id='line_1_80' title="bbox 1033 1200 1826 1240; baseline -0.003 -10"><span class='ocrx_word' id='word_1_561' title='bbox 1033 1203 1133 1240; x_wconf 80' lang='grc' dir='ltr'>ῥητῶς·</span> <span class='ocrx_word' id='word_1_562' title='bbox 1147 1203 1299 1239; x_wconf 78' lang='grc' dir='ltr'>Διοριξεται</span> <span class='ocrx_word' id='word_1_563' title='bbox 1311 1200 1358 1230; x_wconf 85' lang='grc' dir='ltr'>οὖν</span> <span class='ocrx_word' id='word_1_564' title='bbox 1376 1204 1460 1230; x_wconf 82' lang='grc' dir='ltr'>πᾶσιν</span> <span class='ocrx_word' id='word_1_565' title='bbox 1480 1203 1545 1239; x_wconf 87' lang='grc' dir='ltr'>ὑμῖν</span> <span class='ocrx_word' id='word_1_566' title='bbox 1558 1205 1616 1235; x_wconf 83' lang='grc' dir='ltr'>τοῖς</span> <span class='ocrx_word' id='word_1_567' title='bbox 1631 1203 1688 1230; x_wconf 81' lang='grc' dir='ltr'>τῶν</span> <span class='ocrx_word' id='word_1_568' title='bbox 1701 1203 1826 1237; x_wconf 82' lang='grc' dir='ltr'>δικαστη-</span> 
     </span>
    </p>
   </div>
   <div class='ocr_carea' id='block_1_81' title="bbox 1032 1247 1824 1286">
    <p class='ocr_par' dir='ltr' id='par_1_81' title="bbox 1032 1247 1824 1286">
     <span class='ocr_line' id='line_1_81' title="bbox 1032 1247 1824 1286; baseline -0.003 -9"><span class='ocrx_word' id='word_1_569' title='bbox 1032 1250 1098 1286; x_wconf 90' lang='grc' dir='ltr'>ρίων</span> <span class='ocrx_word' id='word_1_570' title='bbox 1111 1249 1283 1286; x_wconf 84' lang='grc' dir='ltr'>προεστῶσιν</span> <span class='ocrx_word' id='word_1_571' title='bbox 1297 1250 1314 1285; x_wconf 88' lang='grc' dir='ltr'>ἡ</span> <span class='ocrx_word' id='word_1_572' title='bbox 1331 1249 1455 1285; x_wconf 89' lang='grc' dir='ltr'>βασιλεία</span> <span class='ocrx_word' id='word_1_573' title='bbox 1471 1258 1533 1285; x_wconf 81' lang='grc' dir='ltr'>μου,</span> <span class='ocrx_word' id='word_1_574' title='bbox 1548 1250 1650 1285; x_wconf 80' lang='grc' dir='ltr'>μηκέτι</span> <span class='ocrx_word' id='word_1_575' title='bbox 1660 1250 1692 1276; x_wconf 84' lang='grc' dir='ltr'>τὸ</span> <span class='ocrx_word' id='word_1_576' title='bbox 1703 1249 1757 1277; x_wconf 77' lang='grc' dir='ltr'>ἀπὸ</span> <span class='ocrx_word' id='word_1_577' title='bbox 1768 1247 1824 1275; x_wconf 75' lang='grc' dir='ltr'>τοῦ-ι</span> 
     </span>
    </p>
   </div>
   <div class='ocr_carea' id='block_1_82' title="bbox 1030 1294 1826 1331">
    <p class='ocr_par' dir='ltr' id='par_1_82' title="bbox 1030 1294 1826 1331">
     <span class='ocr_line' id='line_1_82' title="bbox 1030 1294 1826 1331; baseline -0.003 -8"><span class='ocrx_word' id='word_1_578' title='bbox 1030 1296 1059 1323; x_wconf 89' lang='grc' dir='ltr'><strong>δε</strong></span> <span class='ocrx_word' id='word_1_579' title='bbox 1077 1295 1222 1331; x_wconf 78' lang='grc' dir='ltr'>προσέχειν</span> <span class='ocrx_word' id='word_1_580' title='bbox 1250 1294 1385 1330; x_wconf 79' lang='grc' dir='ltr'>οῐᾳδήτινι</span> <span class='ocrx_word' id='word_1_581' title='bbox 1412 1295 1568 1330; x_wconf 77' lang='grc' dir='ltr'>ἀντιγραφῇ</span> <span class='ocrx_word' id='word_1_582' title='bbox 1594 1294 1740 1331; x_wconf 80' lang='grc' dir='ltr'>κωλυούσῃ</span> <span class='ocrx_word' id='word_1_583' title='bbox 1769 1295 1826 1321; x_wconf 71' lang='grc' dir='ltr'>τινὰ</span> 
     </span>
    </p>
   </div>
   <div class='ocr_carea' id='block_1_83' title="bbox 1010 1341 1826 1378">
    <p class='ocr_par' dir='ltr' id='par_1_83' title="bbox 1010 1341 1826 1378">
     <span class='ocr_line' id='line_1_83' title="bbox 1010 1341 1826 1378; baseline -0.004 -8"><span class='ocrx_word' id='word_1_584' title='bbox 1010 1342 1084 1374; x_wconf 45' lang='grc' dir='ltr'><strong>ντῶν</strong></span> <span class='ocrx_word' id='word_1_585' title='bbox 1097 1342 1232 1369; x_wconf 76' lang='grc' dir='ltr'>δικαστῶν</span> <span class='ocrx_word' id='word_1_586' title='bbox 1243 1342 1293 1378; x_wconf 84' lang='grc' dir='ltr'>τὴν</span> <span class='ocrx_word' id='word_1_587' title='bbox 1308 1341 1352 1369; x_wconf 80' lang='grc' dir='ltr'><strong>ἐπ’</strong></span> <span class='ocrx_word' id='word_1_588' title='bbox 1376 1341 1452 1377; x_wconf 81' lang='grc' dir='ltr'>αὐτῷ</span> <span class='ocrx_word' id='word_1_589' title='bbox 1478 1341 1729 1377; x_wconf 83' lang='grc' dir='ltr'>καταπεμφθεῖσαν</span> <span class='ocrx_word' id='word_1_590' title='bbox 1750 1341 1826 1376; x_wconf 77' lang='grc' dir='ltr'>δίκην</span> 
     </span>
    </p>
   </div>
   <div class='ocr_carea' id='block_1_84' title="bbox 1031 1383 1826 1424">
    <p class='ocr_par' dir='ltr' id='par_1_84' title="bbox 1031 1383 1826 1424">
     <span class='ocr_line' id='line_1_84' title="bbox 1031 1383 1826 1424; baseline -0.003 -8"><span class='ocrx_word' id='word_1_591' title='bbox 1031 1389 1200 1424; x_wconf 79' lang='grc' dir='ltr'>γυμνάζειν,</span> <span class='ocrx_word' id='word_1_592' title='bbox 1222 1388 1274 1416; x_wconf 83' lang='grc' dir='ltr'>κᾶν</span> <span class='ocrx_word' id='word_1_593' title='bbox 1304 1383 1350 1415; x_wconf 87' lang='grc' dir='ltr'><strong>διὰ</strong></span> <span class='ocrx_word' id='word_1_594' title='bbox 1373 1387 1558 1424; x_wconf 84' lang='grc' dir='ltr'>κινναϐάρεως</span> <span class='ocrx_word' id='word_1_595' title='bbox 1576 1388 1826 1424; x_wconf 81' lang='grc' dir='ltr'>ὑποσεσημασμένη</span> 
     </span>
    </p>
   </div>
   <div class='ocr_carea' id='block_1_85' title="bbox 1031 1434 1824 1472">
    <p class='ocr_par' dir='ltr' id='par_1_85' title="bbox 1031 1434 1824 1472">
     <span class='ocr_line' id='line_1_85' title="bbox 1031 1434 1824 1472; baseline -0.003 -10"><span class='ocrx_word' id='word_1_596' title='bbox 1031 1435 1164 1472; x_wconf 84' lang='grc' dir='ltr'>τυγχάνῃ,</span> <span class='ocrx_word' id='word_1_597' title='bbox 1190 1435 1242 1462; x_wconf 80' lang='grc' dir='ltr'>κᾶν</span> <span class='ocrx_word' id='word_1_598' title='bbox 1262 1434 1311 1470; x_wconf 78' lang='grc' dir='ltr'>τὴν</span> <span class='ocrx_word' id='word_1_599' title='bbox 1324 1434 1506 1470; x_wconf 85' lang='grc' dir='ltr'>κηρόϐουλλον</span> <span class='ocrx_word' id='word_1_600' title='bbox 1532 1435 1671 1470; x_wconf 81' lang='grc' dir='ltr'>σφραγῖδα</span> <span class='ocrx_word' id='word_1_601' title='bbox 1701 1435 1824 1470; x_wconf 80' lang='grc' dir='ltr'>φέρηται,</span> 
     </span>
    </p>
   </div>
   <div class='ocr_carea' id='block_1_86' title="bbox 1031 1480 1826 1517">
    <p class='ocr_par' dir='ltr' id='par_1_86' title="bbox 1031 1480 1826 1517">
     <span class='ocr_line' id='line_1_86' title="bbox 1031 1480 1826 1517; baseline -0.003 -9"><span class='ocrx_word' id='word_1_602' title='bbox 1031 1482 1100 1509; x_wconf 80' lang='grc' dir='ltr'>ἀλλὰ</span> <span class='ocrx_word' id='word_1_603' title='bbox 1116 1481 1188 1517; x_wconf 85' lang='grc' dir='ltr'>μετὰ</span> <span class='ocrx_word' id='word_1_604' title='bbox 1199 1481 1250 1517; x_wconf 88' lang='grc' dir='ltr'>τὴν</span> <span class='ocrx_word' id='word_1_605' title='bbox 1260 1480 1309 1508; x_wconf 83' lang='grc' dir='ltr'>τοῦ</span> <span class='ocrx_word' id='word_1_606' title='bbox 1339 1480 1462 1508; x_wconf 84' lang='grc' dir='ltr'>λιϐέλλου</span> <span class='ocrx_word' id='word_1_607' title='bbox 1478 1481 1563 1513; x_wconf 83' lang='grc' dir='ltr'>δόσιν,</span> <span class='ocrx_word' id='word_1_608' title='bbox 1579 1481 1604 1508; x_wconf 79' lang='grc' dir='ltr'>ει</span> <span class='ocrx_word' id='word_1_609' title='bbox 1621 1482 1673 1516; x_wconf 78' lang='grc' dir='ltr'>μὲν</span> <span class='ocrx_word' id='word_1_610' title='bbox 1688 1481 1764 1512; x_wconf 75' lang='grc' dir='ltr'>ἐντὸς</span> <span class='ocrx_word' id='word_1_611' title='bbox 1775 1480 1826 1507; x_wconf 82' lang='grc' dir='ltr'>τῶν</span> 
     </span>
    </p>
   </div>
   <div class='ocr_carea' id='block_1_87' title="bbox 1032 1525 1826 1562">
    <p class='ocr_par' dir='ltr' id='par_1_87' title="bbox 1032 1525 1826 1562">
     <span class='ocr_line' id='line_1_87' title="bbox 1032 1525 1826 1562; baseline -0.003 -8"><span class='ocrx_word' id='word_1_612' title='bbox 1032 1526 1136 1554; x_wconf 82' lang='grc' dir='ltr'>εἴκοσιν</span> <span class='ocrx_word' id='word_1_613' title='bbox 1151 1527 1264 1562; x_wconf 80' lang='grc' dir='ltr'>ἡμερῶν</span> <span class='ocrx_word' id='word_1_614' title='bbox 1278 1526 1328 1562; x_wconf 86' lang='grc' dir='ltr'><strong>τῆς</strong></span> <span class='ocrx_word' id='word_1_615' title='bbox 1341 1525 1510 1562; x_wconf 78' lang='grc' dir='ltr'>διασκέψεως</span> <span class='ocrx_word' id='word_1_616' title='bbox 1524 1528 1538 1554; x_wconf 82' lang='grc' dir='ltr'>ὁ</span> <span class='ocrx_word' id='word_1_617' title='bbox 1547 1527 1593 1553; x_wconf 77' lang='grc' dir='ltr'><strong>ἐπὶ</strong></span> <span class='ocrx_word' id='word_1_618' title='bbox 1607 1527 1640 1554; x_wconf 77' lang='grc' dir='ltr'>τὸ</span> <span class='ocrx_word' id='word_1_619' title='bbox 1653 1527 1826 1562; x_wconf 82' lang='grc' dir='ltr'>δικαστήριον</span> 
     </span>
    </p>
   </div>
   <div class='ocr_carea' id='block_1_88' title="bbox 1030 1573 1828 1610">
    <p class='ocr_par' dir='ltr' id='par_1_88' title="bbox 1030 1573 1828 1610">
     <span class='ocr_line' id='line_1_88' title="bbox 1030 1573 1828 1610; baseline -0.003 -9"><span class='ocrx_word' id='word_1_620' title='bbox 1030 1574 1176 1610; x_wconf 76' lang='grc' dir='ltr'>ἑλκόμενος</span> <span class='ocrx_word' id='word_1_621' title='bbox 1192 1574 1268 1601; x_wconf 86' lang='grc' dir='ltr'>λύσιν</span> <span class='ocrx_word' id='word_1_622' title='bbox 1279 1574 1329 1609; x_wconf 85' lang='grc' dir='ltr'><strong>τῆς</strong></span> <span class='ocrx_word' id='word_1_623' title='bbox 1342 1573 1481 1609; x_wconf 85' lang='grc' dir='ltr'>βασιλείας</span> <span class='ocrx_word' id='word_1_624' title='bbox 1492 1573 1571 1609; x_wconf 83' lang='grc' dir='ltr'>ὴμῶν</span> <span class='ocrx_word' id='word_1_625' title='bbox 1594 1574 1755 1609; x_wconf 79' lang='grc' dir='ltr'>πορίσεται,</span> <span class='ocrx_word' id='word_1_626' title='bbox 1784 1573 1828 1600; x_wconf 75' lang='grc' dir='ltr'>καὶ</span> 
     </span>
    </p>
   </div>
   <div class='ocr_carea' id='block_1_89' title="bbox 1029 1618 1827 1655">
    <p class='ocr_par' dir='ltr' id='par_1_89' title="bbox 1029 1618 1827 1655">
     <span class='ocr_line' id='line_1_89' title="bbox 1029 1618 1827 1655; baseline -0.001 -9"><span class='ocrx_word' id='word_1_627' title='bbox 1029 1619 1123 1655; x_wconf 77' lang='grc' dir='ltr'>ἓτερον</span> <span class='ocrx_word' id='word_1_628' title='bbox 1139 1618 1270 1655; x_wconf 81' lang='grc' dir='ltr'>δικαστὴν</span> <span class='ocrx_word' id='word_1_629' title='bbox 1281 1618 1320 1654; x_wconf 84' lang='grc' dir='ltr'>τῷ</span> <span class='ocrx_word' id='word_1_630' title='bbox 1336 1619 1379 1654; x_wconf 79' lang='grc' dir='ltr'><strong>ἐφ’</strong></span> <span class='ocrx_word' id='word_1_631' title='bbox 1398 1618 1429 1645; x_wconf 81' lang='grc' dir='ltr'>ὃν</span> <span class='ocrx_word' id='word_1_632' title='bbox 1444 1619 1579 1654; x_wconf 85' lang='grc' dir='ltr'>πρότερον</span> <span class='ocrx_word' id='word_1_633' title='bbox 1606 1619 1795 1654; x_wconf 80' lang='grc' dir='ltr'>παρεπέμφθη</span> <span class='ocrx_word' id='word_1_634' title='bbox 1811 1619 1827 1654; x_wconf 78' lang='grc' dir='ltr'><strong>ἡ</strong></span> 
     </span>
    </p>
   </div>
   <div class='ocr_carea' id='block_1_90' title="bbox 1029 1665 1828 1702">
    <p class='ocr_par' dir='ltr' id='par_1_90' title="bbox 1029 1665 1828 1702">
     <span class='ocr_line' id='line_1_90' title="bbox 1029 1665 1828 1702; baseline -0.001 -9"><span class='ocrx_word' id='word_1_635' title='bbox 1029 1667 1091 1702; x_wconf 82' lang='grc' dir='ltr'>δίκη</span> <span class='ocrx_word' id='word_1_636' title='bbox 1104 1665 1364 1701; x_wconf 76' lang='grc' dir='ltr'>παραζευγνὺουσαν</span> <span class='ocrx_word' id='word_1_637' title='bbox 1383 1665 1575 1698; x_wconf 78' lang='grc' dir='ltr'>συνιέναιτοὺς</span> <span class='ocrx_word' id='word_1_638' title='bbox 1587 1666 1750 1702; x_wconf 80' lang='grc' dir='ltr'>όρισθέντας</span> <span class='ocrx_word' id='word_1_639' title='bbox 1761 1666 1828 1692; x_wconf 74' lang='grc' dir='ltr'>κατὰ</span> 
     </span>
    </p>
   </div>
   <div class='ocr_carea' id='block_1_91' title="bbox 1027 1712 1829 1748">
    <p class='ocr_par' dir='ltr' id='par_1_91' title="bbox 1027 1712 1829 1748">
     <span class='ocr_line' id='line_1_91' title="bbox 1027 1712 1829 1748; baseline -0.004 -7"><span class='ocrx_word' id='word_1_640' title='bbox 1027 1713 1126 1741; x_wconf 81' lang='grc' dir='ltr'>ταυτὸν</span> <span class='ocrx_word' id='word_1_641' title='bbox 1143 1713 1274 1744; x_wconf 79' lang='grc' dir='ltr'>δικαστὰς</span> <span class='ocrx_word' id='word_1_642' title='bbox 1291 1713 1339 1740; x_wconf 75' lang='grc' dir='ltr'>καὶ</span> <span class='ocrx_word' id='word_1_643' title='bbox 1352 1712 1401 1748; x_wconf 86' lang='grc' dir='ltr'>τὴν</span> <span class='ocrx_word' id='word_1_644' title='bbox 1415 1713 1446 1739; x_wconf 80' lang='grc' dir='ltr'>τὸ</span> <span class='ocrx_word' id='word_1_645' title='bbox 1460 1712 1510 1748; x_wconf 82' lang='grc' dir='ltr'>μὲν</span> <span class='ocrx_word' id='word_1_646' title='bbox 1526 1713 1644 1747; x_wconf 72' lang='grc' dir='ltr'>ἐπάγειν</span> <span class='ocrx_word' id='word_1_647' title='bbox 1668 1714 1725 1744; x_wconf 87' lang='grc' dir='ltr'>τοῖς</span> <span class='ocrx_word' id='word_1_648' title='bbox 1745 1713 1829 1747; x_wconf 81' lang='grc' dir='ltr'>ἀμφι-</span> 
     </span>
    </p>
   </div>
   <div class='ocr_carea' id='block_1_92' title="bbox 1029 1758 1827 1796">
    <p class='ocr_par' dir='ltr' id='par_1_92' title="bbox 1029 1758 1827 1796">
     <span class='ocr_line' id='line_1_92' title="bbox 1029 1758 1827 1796; baseline -0.003 -9"><span class='ocrx_word' id='word_1_649' title='bbox 1029 1761 1116 1792; x_wconf 69' lang='grc' dir='ltr'>ϐόλοις</span> <span class='ocrx_word' id='word_1_650' title='bbox 1140 1760 1263 1796; x_wconf 73' lang='grc' dir='ltr'>ἔννομον.</span> <span class='ocrx_word' id='word_1_651' title='bbox 1291 1759 1323 1787; x_wconf 78' lang='lat' dir='ltr'><strong>Et</strong></span> <span class='ocrx_word' id='word_1_652' title='bbox 1339 1758 1361 1786; x_wconf 80' lang='grc' dir='ltr'>δ’</span> <span class='ocrx_word' id='word_1_653' title='bbox 1376 1759 1456 1786; x_wconf 84' lang='grc' dir='ltr'>ὁτῶν</span> <span class='ocrx_word' id='word_1_654' title='bbox 1483 1760 1571 1786; x_wconf 68' lang='grc' dir='ltr'>εἴκοσι</span> <span class='ocrx_word' id='word_1_655' title='bbox 1587 1760 1707 1796; x_wconf 79' lang='grc' dir='ltr'>ἡμερῶν</span> <span class='ocrx_word' id='word_1_656' title='bbox 1738 1768 1827 1794; x_wconf 89' lang='grc' dir='ltr'>παρα-</span> 
     </span>
    </p>
   </div>
   <div class='ocr_carea' id='block_1_93' title="bbox 1028 1805 1828 1844">
    <p class='ocr_par' dir='ltr' id='par_1_93' title="bbox 1028 1805 1828 1844">
     <span class='ocr_line' id='line_1_93' title="bbox 1028 1805 1828 1844; baseline -0.003 -10"><span class='ocrx_word' id='word_1_657' title='bbox 1028 1808 1120 1844; x_wconf 83' lang='grc' dir='ltr'>δράμῃ</span> <span class='ocrx_word' id='word_1_658' title='bbox 1148 1806 1264 1843; x_wconf 84' lang='grc' dir='ltr'>χρόνος,</span> <span class='ocrx_word' id='word_1_659' title='bbox 1301 1806 1370 1841; x_wconf 75' lang='grc' dir='ltr'>μετὰ</span> <span class='ocrx_word' id='word_1_660' title='bbox 1384 1805 1567 1840; x_wconf 75' lang='grc' dir='ltr'>συνδικαστὴν</span> <span class='ocrx_word' id='word_1_661' title='bbox 1612 1805 1711 1841; x_wconf 77' lang='grc' dir='ltr'>ἕτερον</span> <span class='ocrx_word' id='word_1_662' title='bbox 1740 1813 1828 1840; x_wconf 83' lang='grc' dir='ltr'>παρα-</span> 
     </span>
    </p>
   </div>
   <div class='ocr_carea' id='block_1_94' title="bbox 1028 1850 1829 1889">
    <p class='ocr_par' dir='ltr' id='par_1_94' title="bbox 1028 1850 1829 1889">
     <span class='ocr_line' id='line_1_94' title="bbox 1028 1850 1829 1889; baseline -0.002 -9"><span class='ocrx_word' id='word_1_663' title='bbox 1028 1852 1164 1889; x_wconf 78' lang='grc' dir='ltr'>δέχεσθαι,</span> <span class='ocrx_word' id='word_1_664' title='bbox 1193 1853 1234 1879; x_wconf 79' lang='grc' dir='ltr'>ὃει</span> <span class='ocrx_word' id='word_1_665' title='bbox 1254 1851 1303 1879; x_wconf 68' lang='grc' dir='ltr'><strong>κα.)⁴</strong></span> <span class='ocrx_word' id='word_1_666' title='bbox 1326 1851 1365 1887; x_wconf 84' lang='grc' dir='ltr'>τῷ</span> <span class='ocrx_word' id='word_1_667' title='bbox 1386 1851 1462 1887; x_wconf 86' lang='grc' dir='ltr'>νόμῳ</span> <span class='ocrx_word' id='word_1_668' title='bbox 1476 1850 1564 1886; x_wconf 85' lang='grc' dir='ltr'>τούτῳ</span> <span class='ocrx_word' id='word_1_669' title='bbox 1580 1851 1670 1885; x_wconf 83' lang='grc' dir='ltr'>δοκεῖ,</span> <span class='ocrx_word' id='word_1_670' title='bbox 1689 1853 1759 1888; x_wconf 86' lang='grc' dir='ltr'>μήτε</span> <span class='ocrx_word' id='word_1_671' title='bbox 1777 1851 1829 1886; x_wconf 85' lang='grc' dir='ltr'><strong>μὴν</strong></span> 
     </span>
    </p>
   </div>
   <div class='ocr_carea' id='block_1_95' title="bbox 1028 1897 1828 1935">
    <p class='ocr_par' dir='ltr' id='par_1_95' title="bbox 1028 1897 1828 1935">
     <span class='ocr_line' id='line_1_95' title="bbox 1028 1897 1828 1935; baseline -0.004 -9"><span class='ocrx_word' id='word_1_672' title='bbox 1028 1899 1166 1935; x_wconf 74' lang='grc' dir='ltr'>προφάσει</span> <span class='ocrx_word' id='word_1_673' title='bbox 1193 1897 1241 1925; x_wconf 83' lang='grc' dir='ltr'>τοῦ</span> <span class='ocrx_word' id='word_1_674' title='bbox 1270 1898 1317 1924; x_wconf 76' lang='grc' dir='ltr'>ἐπὶ</span> <span class='ocrx_word' id='word_1_675' title='bbox 1329 1897 1360 1924; x_wconf 84' lang='grc' dir='ltr'>τὸ</span> <span class='ocrx_word' id='word_1_676' title='bbox 1374 1898 1423 1933; x_wconf 83' lang='grc' dir='ltr'><strong>τῆς</strong></span> <span class='ocrx_word' id='word_1_677' title='bbox 1439 1897 1577 1934; x_wconf 77' lang='grc' dir='ltr'>βασιλείας</span> <span class='ocrx_word' id='word_1_678' title='bbox 1598 1906 1653 1934; x_wconf 87' lang='grc' dir='ltr'><strong>μου</strong></span> <span class='ocrx_word' id='word_1_679' title='bbox 1669 1898 1748 1934; x_wconf 85' lang='grc' dir='ltr'>βῆμα</span> <span class='ocrx_word' id='word_1_680' title='bbox 1771 1898 1828 1933; x_wconf 79' lang='grc' dir='ltr'>ὁρι-</span> 
     </span>
    </p>
   </div>
   <div class='ocr_carea' id='block_1_96' title="bbox 1029 1942 1829 1982">
    <p class='ocr_par' dir='ltr' id='par_1_96' title="bbox 1029 1942 1829 1982">
     <span class='ocr_line' id='line_1_96' title="bbox 1029 1942 1829 1982; baseline -0.003 -10"><span class='ocrx_word' id='word_1_681' title='bbox 1029 1946 1125 1982; x_wconf 81' lang='grc' dir='ltr'>σθῆναι</span> <span class='ocrx_word' id='word_1_682' title='bbox 1141 1945 1206 1977; x_wconf 83' lang='grc' dir='ltr'>ῐσως</span> <span class='ocrx_word' id='word_1_683' title='bbox 1219 1945 1248 1976; x_wconf 81' lang='grc' dir='ltr'>ἐς</span> <span class='ocrx_word' id='word_1_684' title='bbox 1265 1944 1378 1980; x_wconf 77' lang='grc' dir='ltr'>ὕστερον</span> <span class='ocrx_word' id='word_1_685' title='bbox 1393 1944 1443 1980; x_wconf 82' lang='grc' dir='ltr'>τὴν</span> <span class='ocrx_word' id='word_1_686' title='bbox 1463 1944 1542 1980; x_wconf 84' lang='grc' dir='ltr'>δίκην</span> <span class='ocrx_word' id='word_1_687' title='bbox 1556 1944 1687 1979; x_wconf 83' lang='grc' dir='ltr'>γίνεσθαι</span> <span class='ocrx_word' id='word_1_688' title='bbox 1716 1942 1829 1978; x_wconf 87' lang='grc' dir='ltr'><strong>εἰσαγώ-</strong></span> 
     </span>
    </p>
   </div>
   <div class='ocr_carea' id='block_1_97' title="bbox 1027 1989 1828 2028">
    <p class='ocr_par' dir='ltr' id='par_1_97' title="bbox 1027 1989 1828 2028">
     <span class='ocr_line' id='line_1_97' title="bbox 1027 1989 1828 2028; baseline -0.006 -8"><span class='ocrx_word' id='word_1_689' title='bbox 1027 2001 1109 2028; x_wconf 81' lang='grc' dir='ltr'>γιμον</span> <span class='ocrx_word' id='word_1_690' title='bbox 1129 1991 1326 2027; x_wconf 77' lang='grc' dir='ltr'>ἐμποδίζεσθαι</span> <span class='ocrx_word' id='word_1_691' title='bbox 1348 1991 1417 2023; x_wconf 81' lang='grc' dir='ltr'>ὅλως</span> <span class='ocrx_word' id='word_1_692' title='bbox 1441 1991 1481 2022; x_wconf 83' lang='grc' dir='ltr'><strong>εἰς</strong></span> <span class='ocrx_word' id='word_1_693' title='bbox 1499 1990 1548 2026; x_wconf 82' lang='grc' dir='ltr'>τὴν</span> <span class='ocrx_word' id='word_1_694' title='bbox 1567 1991 1732 2025; x_wconf 81' lang='grc' dir='ltr'>διάγνωσιν,</span> <span class='ocrx_word' id='word_1_695' title='bbox 1763 1989 1828 2017; x_wconf 81' lang='grc' dir='ltr'>ἀλλὰ</span> 
     </span>
    </p>
   </div>
   <div class='ocr_carea' id='block_1_98' title="bbox 1026 2036 1828 2074">
    <p class='ocr_par' dir='ltr' id='par_1_98' title="bbox 1026 2036 1828 2074">
     <span class='ocr_line' id='line_1_98' title="bbox 1026 2036 1828 2074; baseline -0.005 -8"><span class='ocrx_word' id='word_1_696' title='bbox 1026 2040 1137 2074; x_wconf 80' lang='grc' dir='ltr'>τέμνειν</span> <span class='ocrx_word' id='word_1_697' title='bbox 1161 2038 1211 2074; x_wconf 87' lang='grc' dir='ltr'>τὴν</span> <span class='ocrx_word' id='word_1_698' title='bbox 1245 2037 1492 2072; x_wconf 81' lang='grc' dir='ltr'>καταπεμφθεῖσαν</span> <span class='ocrx_word' id='word_1_699' title='bbox 1521 2037 1621 2064; x_wconf 85' lang='grc' dir='ltr'>τούτου</span> <span class='ocrx_word' id='word_1_700' title='bbox 1661 2036 1828 2073; x_wconf 59' lang='grc' dir='ltr'>ἀμφιϐολίαν</span> 
     </span>
    </p>
   </div>
   <div class='ocr_carea' id='block_1_99' title="bbox 1029 2082 1827 2121">
    <p class='ocr_par' dir='ltr' id='par_1_99' title="bbox 1029 2082 1827 2121">
     <span class='ocr_line' id='line_1_99' title="bbox 1029 2082 1827 2121; baseline -0.004 -10"><span class='ocrx_word' id='word_1_701' title='bbox 1029 2085 1099 2121; x_wconf 79' lang='grc' dir='ltr'>μετὰ</span> <span class='ocrx_word' id='word_1_702' title='bbox 1117 2085 1167 2119; x_wconf 85' lang='grc' dir='ltr'>τὴν</span> <span class='ocrx_word' id='word_1_703' title='bbox 1182 2082 1229 2110; x_wconf 84' lang='grc' dir='ltr'>τοῦ</span> <span class='ocrx_word' id='word_1_704' title='bbox 1244 2083 1328 2118; x_wconf 84' lang='grc' dir='ltr'>νόμου</span> <span class='ocrx_word' id='word_1_705' title='bbox 1359 2083 1513 2119; x_wconf 82' lang='grc' dir='ltr'>ἀκρίϐειαν,</span> <span class='ocrx_word' id='word_1_706' title='bbox 1543 2083 1582 2120; x_wconf 86' lang='grc' dir='ltr'>μὴ</span> <span class='ocrx_word' id='word_1_707' title='bbox 1608 2083 1827 2118; x_wconf 80' lang='grc' dir='ltr'>ἀποκλειομένου</span> 
     </span>
    </p>
   </div>
   <div class='ocr_carea' id='block_1_100' title="bbox 1027 2129 1828 2166">
    <p class='ocr_par' dir='ltr' id='par_1_100' title="bbox 1027 2129 1828 2166">
     <span class='ocr_line' id='line_1_100' title="bbox 1027 2129 1828 2166; baseline -0.001 -8"><span class='ocrx_word' id='word_1_708' title='bbox 1027 2132 1136 2163; x_wconf 83' lang='grc' dir='ltr'>πάντως</span> <span class='ocrx_word' id='word_1_709' title='bbox 1154 2130 1194 2166; x_wconf 85' lang='grc' dir='ltr'>τῷ</span> <span class='ocrx_word' id='word_1_710' title='bbox 1208 2129 1379 2166; x_wconf 82' lang='grc' dir='ltr'>δικαζομένῳ</span> <span class='ocrx_word' id='word_1_711' title='bbox 1402 2130 1450 2157; x_wconf 81' lang='grc' dir='ltr'><strong>τοῦ</strong></span> <span class='ocrx_word' id='word_1_712' title='bbox 1465 2130 1515 2165; x_wconf 84' lang='grc' dir='ltr'><strong>τῆς</strong></span> <span class='ocrx_word' id='word_1_713' title='bbox 1529 2129 1671 2166; x_wconf 82' lang='grc' dir='ltr'>ὲκκλήτου</span> <span class='ocrx_word' id='word_1_714' title='bbox 1700 2130 1828 2164; x_wconf 75' lang='grc' dir='ltr'>δικαστη-</span> 
     </span>
    </p>
   </div>
   <div class='ocr_carea' id='block_1_101' title="bbox 1027 2175 1827 2213">
    <p class='ocr_par' dir='ltr' id='par_1_101' title="bbox 1027 2175 1827 2213">
     <span class='ocr_line' id='line_1_101' title="bbox 1027 2175 1827 2213; baseline -0.004 -10"><span class='ocrx_word' id='word_1_715' title='bbox 1027 2177 1097 2213; x_wconf 83' lang='grc' dir='ltr'>ρίου.</span> <span class='ocrx_word' id='word_1_716' title='bbox 1115 2176 1180 2211; x_wconf 82' lang='grc' dir='ltr'>Εῐγε</span> <span class='ocrx_word' id='word_1_717' title='bbox 1198 2175 1349 2211; x_wconf 79' lang='grc' dir='ltr'>βεϐλάφθαι</span> <span class='ocrx_word' id='word_1_718' title='bbox 1366 2176 1461 2208; x_wconf 72' lang='grc' dir='ltr'>οἴεται,</span> <span class='ocrx_word' id='word_1_719' title='bbox 1479 2176 1526 2201; x_wconf 81' lang='grc' dir='ltr'>καὶ</span> <span class='ocrx_word' id='word_1_720' title='bbox 1541 2175 1625 2202; x_wconf 80' lang='grc' dir='ltr'>τοῦτο</span> <span class='ocrx_word' id='word_1_721' title='bbox 1638 2176 1744 2207; x_wconf 81' lang='grc' dir='ltr'>πάντες</span> <span class='ocrx_word' id='word_1_722' title='bbox 1753 2176 1827 2210; x_wconf 87' lang='grc' dir='ltr'>ὑμεῖς</span> 
     </span>
    </p>
   </div>
   <div class='ocr_carea' id='block_1_102' title="bbox 1025 2221 1828 2258">
    <p class='ocr_par' dir='ltr' id='par_1_102' title="bbox 1025 2221 1828 2258">
     <span class='ocr_line' id='line_1_102' title="bbox 1025 2221 1828 2258; baseline -0.002 -8"><span class='ocrx_word' id='word_1_723' title='bbox 1025 2223 1207 2258; x_wconf 79' lang='grc' dir='ltr'>γινώσκοντες</span> <span class='ocrx_word' id='word_1_724' title='bbox 1223 2222 1248 2248; x_wconf 81' lang='lat' dir='ltr'><strong>ot</strong></span> <span class='ocrx_word' id='word_1_725' title='bbox 1269 2221 1426 2254; x_wconf 82' lang='grc' dir='ltr'>δικάζοντες</span> <span class='ocrx_word' id='word_1_726' title='bbox 1443 2222 1575 2248; x_wconf 79' lang='grc' dir='ltr'>σπεύδετε</span> <span class='ocrx_word' id='word_1_727' title='bbox 1605 2222 1660 2254; x_wconf 82' lang='grc' dir='ltr'><strong>τὰς</strong></span> <span class='ocrx_word' id='word_1_728' title='bbox 1689 2222 1828 2250; x_wconf 70' lang='grc' dir='ltr'>άνατεθειυ</span> 
     </span>
    </p>
   </div>
   <div class='ocr_carea' id='block_1_103' title="bbox 1027 2268 1826 2306">
    <p class='ocr_par' dir='ltr' id='par_1_103' title="bbox 1027 2268 1826 2306">
     <span class='ocr_line' id='line_1_103' title="bbox 1027 2268 1826 2306; baseline -0.005 -9"><span class='ocrx_word' id='word_1_729' title='bbox 1027 2270 1110 2306; x_wconf 75' lang='grc' dir='ltr'>μένας</span> <span class='ocrx_word' id='word_1_730' title='bbox 1126 2270 1190 2305; x_wconf 78' lang='grc' dir='ltr'>ὑμῖν</span> <span class='ocrx_word' id='word_1_731' title='bbox 1202 2269 1279 2301; x_wconf 82' lang='grc' dir='ltr'>δίκας</span> <span class='ocrx_word' id='word_1_732' title='bbox 1304 2269 1410 2304; x_wconf 80' lang='grc' dir='ltr'>τηρεῖν,</span> <span class='ocrx_word' id='word_1_733' title='bbox 1424 2268 1461 2300; x_wconf 85' lang='grc' dir='ltr'><strong>ὡς</strong></span> <span class='ocrx_word' id='word_1_734' title='bbox 1476 2268 1564 2301; x_wconf 84' lang='grc' dir='ltr'>τέλος,</span> <span class='ocrx_word' id='word_1_735' title='bbox 1582 2268 1704 2300; x_wconf 79' lang='grc' dir='ltr'>ταύταις</span> <span class='ocrx_word' id='word_1_736' title='bbox 1716 2269 1826 2302; x_wconf 80' lang='grc' dir='ltr'>ἐπάγειν</span> 
     </span>
    </p>
   </div>
   <div class='ocr_carea' id='block_1_104' title="bbox 1024 2313 1827 2351">
    <p class='ocr_par' dir='ltr' id='par_1_104' title="bbox 1024 2313 1827 2351">
     <span class='ocr_line' id='line_1_104' title="bbox 1024 2313 1827 2351; baseline -0.004 -8"><span class='ocrx_word' id='word_1_737' title='bbox 1024 2317 1148 2351; x_wconf 73' lang='grc' dir='ltr'>ἔννομον.</span> <span class='ocrx_word' id='word_1_738' title='bbox 1179 2316 1217 2342; x_wconf 85' lang='grc' dir='ltr'><strong>Οὐ</strong></span> <span class='ocrx_word' id='word_1_739' title='bbox 1245 2314 1370 2350; x_wconf 81' lang='grc' dir='ltr'>βούλεται</span> <span class='ocrx_word' id='word_1_740' title='bbox 1384 2314 1412 2341; x_wconf 81' lang='grc' dir='ltr'>δὲ</span> <span class='ocrx_word' id='word_1_741' title='bbox 1426 2315 1443 2350; x_wconf 87' lang='grc' dir='ltr'><strong>ὴ</strong></span> <span class='ocrx_word' id='word_1_742' title='bbox 1463 2313 1590 2349; x_wconf 78' lang='grc' dir='ltr'>βασιλεία</span> <span class='ocrx_word' id='word_1_743' title='bbox 1626 2323 1681 2350; x_wconf 82' lang='grc' dir='ltr'><strong>μου</strong></span> <span class='ocrx_word' id='word_1_744' title='bbox 1699 2315 1770 2351; x_wconf 80' lang='grc' dir='ltr'>μετὰ</span> <span class='ocrx_word' id='word_1_745' title='bbox 1799 2313 1827 2340; x_wconf 81' lang='grc' dir='ltr'>τὸ</span> 
     </span>
    </p>
   </div>
   <div class='ocr_carea' id='block_1_105' title="bbox 1026 2361 1826 2399">
    <p class='ocr_par' dir='ltr' id='par_1_105' title="bbox 1026 2361 1826 2399">
     <span class='ocr_line' id='line_1_105' title="bbox 1026 2361 1826 2399; baseline -0.004 -9"><span class='ocrx_word' id='word_1_746' title='bbox 1026 2362 1264 2399; x_wconf 73' lang='grc' dir='ltr'>παραπεμφθῆναι</span> <span class='ocrx_word' id='word_1_747' title='bbox 1291 2361 1360 2393; x_wconf 82' lang='grc' dir='ltr'>ὅλως</span> <span class='ocrx_word' id='word_1_748' title='bbox 1374 2361 1426 2388; x_wconf 83' lang='grc' dir='ltr'>τινὶ</span> <span class='ocrx_word' id='word_1_749' title='bbox 1448 2363 1504 2387; x_wconf 84' lang='grc' dir='ltr'>τῶν</span> <span class='ocrx_word' id='word_1_750' title='bbox 1524 2361 1670 2388; x_wconf 77' lang='grc' dir='ltr'>δικαστῶν</span> <span class='ocrx_word' id='word_1_751' title='bbox 1699 2363 1826 2388; x_wconf 75' lang='grc' dir='ltr'>ὑπόθεσιν</span> 
     </span>
    </p>
   </div>
   <div class='ocr_carea' id='block_1_106' title="bbox 1025 2408 1826 2445">
    <p class='ocr_par' dir='ltr' id='par_1_106' title="bbox 1025 2408 1826 2445">
     <span class='ocr_line' id='line_1_106' title="bbox 1025 2408 1826 2445; baseline -0.004 -8"><span class='ocrx_word' id='word_1_752' title='bbox 1025 2410 1096 2437; x_wconf 72' lang='grc' dir='ltr'>κατὰ</span> <span class='ocrx_word' id='word_1_753' title='bbox 1122 2409 1274 2445; x_wconf 74' lang='grc' dir='ltr'>πρόσταξιν</span> <span class='ocrx_word' id='word_1_754' title='bbox 1300 2408 1398 2443; x_wconf 86' lang='grc' dir='ltr'>αὐτῆς,</span> <span class='ocrx_word' id='word_1_755' title='bbox 1415 2408 1446 2440; x_wconf 78' lang='grc' dir='ltr'><strong>ἐξ</strong></span> <span class='ocrx_word' id='word_1_756' title='bbox 1476 2408 1654 2444; x_wconf 76' lang='grc' dir='ltr'>οἱασδήτινος</span> <span class='ocrx_word' id='word_1_757' title='bbox 1677 2416 1826 2444; x_wconf 79' lang='grc' dir='ltr'>μεταγενε-</span> 
     </span>
    </p>
   </div>
   <div class='ocr_carea' id='block_1_107' title="bbox 1026 2454 1826 2492">
    <p class='ocr_par' dir='ltr' id='par_1_107' title="bbox 1026 2454 1826 2492">
     <span class='ocr_line' id='line_1_107' title="bbox 1026 2454 1826 2492; baseline -0.004 -9"><span class='ocrx_word' id='word_1_758' title='bbox 1026 2457 1124 2492; x_wconf 81' lang='grc' dir='ltr'>στέρας</span> <span class='ocrx_word' id='word_1_759' title='bbox 1139 2455 1250 2491; x_wconf 73' lang='grc' dir='ltr'>γραφῆς</span> <span class='ocrx_word' id='word_1_760' title='bbox 1268 2454 1470 2490; x_wconf 80' lang='grc' dir='ltr'>ἐπιτρεπούσης</span> <span class='ocrx_word' id='word_1_761' title='bbox 1488 2455 1528 2485; x_wconf 86' lang='grc' dir='ltr'>εἰς</span> <span class='ocrx_word' id='word_1_762' title='bbox 1541 2455 1595 2490; x_wconf 80' lang='grc' dir='ltr'>τὴν</span> <span class='ocrx_word' id='word_1_763' title='bbox 1620 2455 1765 2490; x_wconf 79' lang='grc' dir='ltr'>βασιλείαν</span> <span class='ocrx_word' id='word_1_764' title='bbox 1779 2462 1826 2489; x_wconf 90' lang='grc' dir='ltr'><strong>μου</strong></span> 
     </span>
    </p>
   </div>
   <div class='ocr_carea' id='block_1_108' title="bbox 1024 2500 1825 2538">
    <p class='ocr_par' dir='ltr' id='par_1_108' title="bbox 1024 2500 1825 2538">
     <span class='ocr_line' id='line_1_108' title="bbox 1024 2500 1825 2538; baseline -0.004 -9"><span class='ocrx_word' id='word_1_765' title='bbox 1024 2503 1184 2538; x_wconf 85' lang='grc' dir='ltr'>εἰσαχθῆναι</span> <span class='ocrx_word' id='word_1_766' title='bbox 1201 2501 1251 2537; x_wconf 82' lang='grc' dir='ltr'>τὴν</span> <span class='ocrx_word' id='word_1_767' title='bbox 1267 2501 1356 2536; x_wconf 83' lang='grc' dir='ltr'>δίκην,</span> <span class='ocrx_word' id='word_1_768' title='bbox 1376 2501 1426 2536; x_wconf 79' lang='grc' dir='ltr'>τὴν</span> <span class='ocrx_word' id='word_1_769' title='bbox 1444 2500 1594 2535; x_wconf 84' lang='grc' dir='ltr'>διάγνωσιν</span> <span class='ocrx_word' id='word_1_770' title='bbox 1616 2500 1825 2536; x_wconf 76' lang='grc' dir='ltr'>ἐμποδίζεσθαι,</span> 
     </span>
    </p>
   </div>
   <div class='ocr_carea' id='block_1_109' title="bbox 1024 2546 1825 2583">
    <p class='ocr_par' dir='ltr' id='par_1_109' title="bbox 1024 2546 1825 2583">
     <span class='ocr_line' id='line_1_109' title="bbox 1024 2546 1825 2583; baseline -0.004 -8"><span class='ocrx_word' id='word_1_771' title='bbox 1024 2548 1092 2575; x_wconf 81' lang='grc' dir='ltr'>ἀλλὰ</span> <span class='ocrx_word' id='word_1_772' title='bbox 1124 2547 1285 2583; x_wconf 78' lang='grc' dir='ltr'>προϐαίνειν</span> <span class='ocrx_word' id='word_1_773' title='bbox 1307 2546 1411 2582; x_wconf 70' lang='grc' dir='ltr'>ταύτην</span> <span class='ocrx_word' id='word_1_774' title='bbox 1441 2546 1493 2578; x_wconf 73' lang='grc' dir='ltr'>ἕως</span> <span class='ocrx_word' id='word_1_775' title='bbox 1512 2546 1613 2578; x_wconf 82' lang='grc' dir='ltr'>τέλους</span> <span class='ocrx_word' id='word_1_776' title='bbox 1634 2546 1825 2576; x_wconf 78' lang='grc' dir='ltr'>ἀνυποστόλως</span> 
     </span>
    </p>
   </div>
   <div class='ocr_carea' id='block_1_110' title="bbox 1025 2592 1825 2630">
    <p class='ocr_par' dir='ltr' id='par_1_110' title="bbox 1025 2592 1825 2630">
     <span class='ocr_line' id='line_1_110' title="bbox 1025 2592 1825 2630; baseline -0.004 -9"><span class='ocrx_word' id='word_1_777' title='bbox 1025 2595 1100 2630; x_wconf 79' lang='grc' dir='ltr'>παρὰ</span> <span class='ocrx_word' id='word_1_778' title='bbox 1116 2594 1154 2630; x_wconf 86' lang='grc' dir='ltr'>τῷ</span> <span class='ocrx_word' id='word_1_779' title='bbox 1171 2593 1246 2629; x_wconf 87' lang='grc' dir='ltr'><strong>αὑτῷ</strong></span> <span class='ocrx_word' id='word_1_780' title='bbox 1262 2594 1388 2628; x_wconf 80' lang='grc' dir='ltr'>δικαστῇ,</span> <span class='ocrx_word' id='word_1_781' title='bbox 1403 2592 1488 2628; x_wconf 77' lang='grc' dir='ltr'><strong>ἦτοῖς</strong></span> <span class='ocrx_word' id='word_1_782' title='bbox 1505 2592 1542 2623; x_wconf 75' lang='grc' dir='ltr'>ὡς</span> <span class='ocrx_word' id='word_1_783' title='bbox 1571 2593 1710 2630; x_wconf 84' lang='grc' dir='ltr'>ἀνωτέρω</span> <span class='ocrx_word' id='word_1_784' title='bbox 1722 2593 1825 2629; x_wconf 78' lang='grc' dir='ltr'>εἴρηται</span> 
     </span>
    </p>
   </div>
   <div class='ocr_carea' id='block_1_111' title="bbox 174 2636 1826 2677">
    <p class='ocr_par' dir='ltr' id='par_1_111' title="bbox 174 2636 1826 2677">
     <span class='ocr_line' id='line_1_111' title="bbox 174 2636 1826 2677; baseline 0.002 -14"><span class='ocrx_word' id='word_1_785' title='bbox 174 2636 377 2673; x_wconf 85' lang='grc' dir='ltr'>συνδεδομένοις</span> <span class='ocrx_word' id='word_1_786' title='bbox 391 2637 480 2673; x_wconf 81' lang='grc' dir='ltr'>τούτῳ</span> <span class='ocrx_word' id='word_1_787' title='bbox 497 2638 698 2672; x_wconf 78' lang='grc' dir='ltr'>συνδικασταῖς,</span> <span class='ocrx_word' id='word_1_788' title='bbox 713 2638 789 2671; x_wconf 79' lang='grc' dir='ltr'>ἐντὸς</span> <span class='ocrx_word' id='word_1_789' title='bbox 803 2639 905 2676; x_wconf 85' lang='grc' dir='ltr'>δηλαδὴ</span> <span class='ocrx_word' id='word_1_790' title='bbox 917 2641 966 2676; x_wconf 84' lang='grc' dir='ltr'><strong>τῆς</strong></span> <span class='ocrx_word' id='word_1_791' title='bbox 985 2641 1040 2669; x_wconf 73' lang='grc' dir='ltr'>τῶν</span> <span class='ocrx_word' id='word_1_792' title='bbox 1054 2641 1076 2669; x_wconf 85' lang='grc' dir='ltr'>κ’</span> <span class='ocrx_word' id='word_1_793' title='bbox 1094 2641 1207 2677; x_wconf 81' lang='grc' dir='ltr'>ἡμερῶν</span> <span class='ocrx_word' id='word_1_794' title='bbox 1238 2640 1417 2675; x_wconf 77' lang='grc' dir='ltr'>διασκέψεως·</span> <span class='ocrx_word' id='word_1_795' title='bbox 1449 2639 1519 2674; x_wconf 74' lang='grc' dir='ltr'>μετὰ</span> <span class='ocrx_word' id='word_1_796' title='bbox 1541 2639 1573 2666; x_wconf 81' lang='grc' dir='ltr'>δὲ</span> <span class='ocrx_word' id='word_1_797' title='bbox 1602 2640 1655 2676; x_wconf 81' lang='grc' dir='ltr'>τὴν</span> <span class='ocrx_word' id='word_1_798' title='bbox 1684 2642 1735 2676; x_wconf 80' lang='grc' dir='ltr'>τῆς</span> <span class='ocrx_word' id='word_1_799' title='bbox 1752 2641 1826 2672; x_wconf 78' lang='grc' dir='ltr'>δίκης</span> 
     </span>
    </p>
   </div>
   <div class='ocr_carea' id='block_1_112' title="bbox 174 2684 1580 2726">
    <p class='ocr_par' dir='ltr' id='par_1_112' title="bbox 174 2684 1580 2726">
     <span class='ocr_line' id='line_1_112' title="bbox 174 2684 1580 2726; baseline 0.004 -16"><span class='ocrx_word' id='word_1_800' title='bbox 174 2686 325 2720; x_wconf 79' lang='grc' dir='ltr'>περαίωσιν</span> <span class='ocrx_word' id='word_1_801' title='bbox 341 2684 379 2720; x_wconf 85' lang='grc' dir='ltr'><strong>τῷ</strong></span> <span class='ocrx_word' id='word_1_802' title='bbox 397 2685 559 2721; x_wconf 83' lang='grc' dir='ltr'>ἀδικηθῆναι</span> <span class='ocrx_word' id='word_1_803' title='bbox 587 2687 653 2719; x_wconf 76' lang='grc' dir='ltr'>ἴσως</span> <span class='ocrx_word' id='word_1_804' title='bbox 668 2687 784 2722; x_wconf 82' lang='grc' dir='ltr'>οἰομένῳ</span> <span class='ocrx_word' id='word_1_805' title='bbox 805 2688 849 2716; x_wconf 79' lang='grc' dir='ltr'><strong>ἐπ’</strong></span> <span class='ocrx_word' id='word_1_806' title='bbox 877 2689 969 2721; x_wconf 82' lang='grc' dir='ltr'>ἀδείας</span> <span class='ocrx_word' id='word_1_807' title='bbox 989 2688 1060 2718; x_wconf 81' lang='grc' dir='ltr'>εἶναι</span> <span class='ocrx_word' id='word_1_808' title='bbox 1079 2691 1126 2718; x_wconf 78' lang='grc' dir='ltr'>καὶ</span> <span class='ocrx_word' id='word_1_809' title='bbox 1160 2690 1256 2726; x_wconf 76' lang='grc' dir='ltr'>ἕτερον</span> <span class='ocrx_word' id='word_1_810' title='bbox 1281 2688 1498 2716; x_wconf 71' lang='grc' dir='ltr'>ἐπικαλέσασθαι</span> <span class='ocrx_word' id='word_1_811' title='bbox 1518 2690 1580 2715; x_wconf 77' lang='grc' dir='ltr'>κατ’</span> 
     </span>
    </p>
   </div>
   <div class='ocr_carea' id='block_1_113' title="bbox 172 2732 1002 2772">
    <p class='ocr_par' dir='ltr' id='par_1_113' title="bbox 172 2732 1002 2772">
     <span class='ocr_line' id='line_1_113' title="bbox 172 2732 1002 2772; baseline 0.007 -14"><span class='ocrx_word' id='word_1_812' title='bbox 172 2732 360 2768; x_wconf 77' lang='grc' dir='ltr'>κιστήριον,ῆ</span> <span class='ocrx_word' id='word_1_813' title='bbox 376 2733 425 2768; x_wconf 84' lang='grc' dir='ltr'>τὴν</span> <span class='ocrx_word' id='word_1_814' title='bbox 441 2732 488 2760; x_wconf 80' lang='grc' dir='ltr'>τοῦ</span> <span class='ocrx_word' id='word_1_815' title='bbox 502 2733 621 2769; x_wconf 76' lang='grc' dir='ltr'>κράτους</span> <span class='ocrx_word' id='word_1_816' title='bbox 632 2735 710 2769; x_wconf 83' lang='grc' dir='ltr'>ἡμῶν</span> <span class='ocrx_word' id='word_1_817' title='bbox 727 2736 846 2772; x_wconf 76' lang='grc' dir='ltr'>ζητῆσαι</span> <span class='ocrx_word' id='word_1_818' title='bbox 861 2735 1002 2772; x_wconf 81' lang='grc' dir='ltr'>ἀκρόασιν.</span> 
     </span>
    </p>
   </div>
   <div class='ocr_carea' id='block_1_114' title="bbox 209 2778 971 2818">
    <p class='ocr_par' dir='ltr' id='par_1_114' title="bbox 209 2778 971 2818">
     <span class='ocr_line' id='line_1_114' title="bbox 209 2778 971 2818; baseline 0.009 -13"><span class='ocrx_word' id='word_1_819' title='bbox 209 2778 315 2806; x_wconf 68' lang='lat' dir='ltr'><strong>Tutus.</strong></span> <span class='ocrx_word' id='word_1_820' title='bbox 329 2778 435 2806; x_wconf 86' lang='lat' dir='ltr'><strong>Etenim</strong></span> <span class='ocrx_word' id='word_1_821' title='bbox 450 2780 523 2815; x_wconf 75' lang='lat' dir='ltr'><strong>leges</strong></span> <span class='ocrx_word' id='word_1_822' title='bbox 533 2785 614 2814; x_wconf 88' lang='lat' dir='ltr'><strong>atque</strong></span> <span class='ocrx_word' id='word_1_823' title='bbox 627 2789 747 2811; x_wconf 84' lang='lat' dir='ltr'><strong>canones</strong></span> <span class='ocrx_word' id='word_1_824' title='bbox 756 2783 896 2818; x_wconf 83' lang='lat' dir='ltr'><strong>clericum,</strong></span> <span class='ocrx_word' id='word_1_825' title='bbox 906 2788 971 2818; x_wconf 87' lang='lat' dir='ltr'><strong>ctc.,</strong></span> 
     </span>
    </p>
   </div>
   <div class='ocr_carea' id='block_1_115' title="bbox 175 2824 809 2863">
    <p class='ocr_par' dir='ltr' id='par_1_115' title="bbox 175 2824 809 2863">
     <span class='ocr_line' id='line_1_115' title="bbox 175 2824 809 2863; baseline 0.009 -14"><span class='ocrx_word' id='word_1_826' title='bbox 175 2832 256 2858; x_wconf 66' lang='lat' dir='ltr'><strong>usque</strong></span> <span class='ocrx_word' id='word_1_827' title='bbox 272 2824 307 2850; x_wconf 81' lang='lat' dir='ltr'><strong>ad</strong></span> <span class='ocrx_word' id='word_1_828' title='bbox 320 2825 466 2858; x_wconf 87' lang='lat' dir='ltr'><strong>subierint,</strong></span> <span class='ocrx_word' id='word_1_829' title='bbox 485 2826 610 2857; x_wconf 78' lang='lat' dir='ltr'><strong>reddant.</strong></span> <span class='ocrx_word' id='word_1_830' title='bbox 623 2831 651 2853; x_wconf 85' lang='lat' dir='ltr'><strong>ut</strong></span> <span class='ocrx_word' id='word_1_831' title='bbox 666 2835 727 2863; x_wconf 77' lang='lat' dir='ltr'><strong>pag.</strong></span> <span class='ocrx_word' id='word_1_832' title='bbox 747 2828 809 2855; x_wconf 82' lang='grc'><strong>710.</strong></span> 
     </span>
    </p>
   </div>
   <div class='ocr_carea' id='block_1_116' title="bbox 1626 2688 1825 2726">
    <p class='ocr_par' dir='ltr' id='par_1_116' title="bbox 1626 2688 1825 2726">
     <span class='ocr_line' id='line_1_116' title="bbox 1626 2688 1825 2726; baseline -0.01 -9"><span class='ocrx_word' id='word_1_833' title='bbox 1626 2689 1762 2726; x_wconf 74' lang='grc' dir='ltr'>ἔκκλητον</span> <span class='ocrx_word' id='word_1_834' title='bbox 1788 2688 1825 2716; x_wconf 85' lang='grc' dir='ltr'>δι-</span> 
     </span>
    </p>
   </div>
   <div class='ocr_carea' id='block_1_117' title="bbox 1060 2784 1824 2820">
    <p class='ocr_par' dir='ltr' id='par_1_117' title="bbox 1060 2784 1824 2820">
     <span class='ocr_line' id='line_1_117' title="bbox 1060 2784 1824 2820; baseline -0.003 -8"><span class='ocrx_word' id='word_1_835' title='bbox 1060 2787 1213 2820; x_wconf 72' lang='grc' dir='ltr'>Ιίείμενον.</span> <span class='ocrx_word' id='word_1_836' title='bbox 1232 2784 1287 2811; x_wconf 68' lang='grc' dir='ltr'><strong>Καὶ</strong></span> <span class='ocrx_word' id='word_1_837' title='bbox 1305 2785 1330 2811; x_wconf 78' lang='grc' dir='ltr'>οἱ</span> <span class='ocrx_word' id='word_1_838' title='bbox 1355 2784 1433 2820; x_wconf 78' lang='grc' dir='ltr'>νόμοι</span> <span class='ocrx_word' id='word_1_839' title='bbox 1444 2784 1509 2820; x_wconf 75' lang='grc' dir='ltr'>γὰρ,</span> <span class='ocrx_word' id='word_1_840' title='bbox 1529 2785 1580 2812; x_wconf 72' lang='grc' dir='ltr'>καὶ</span> <span class='ocrx_word' id='word_1_841' title='bbox 1594 2785 1621 2812; x_wconf 82' lang='grc' dir='ltr'>οἱ</span> <span class='ocrx_word' id='word_1_842' title='bbox 1643 2785 1758 2818; x_wconf 81' lang='grc' dir='ltr'>κανόνες</span> <span class='ocrx_word' id='word_1_843' title='bbox 1772 2792 1824 2811; x_wconf 86' lang='grc' dir='ltr'>κω-</span> 
     </span>
    </p>
   </div>
   <div class='ocr_carea' id='block_1_118' title="bbox 1024 2829 1823 2867">
    <p class='ocr_par' dir='ltr' id='par_1_118' title="bbox 1024 2829 1823 2867">
     <span class='ocr_line' id='line_1_118' title="bbox 1024 2829 1823 2867; baseline -0.001 -11"><span class='ocrx_word' id='word_1_844' title='bbox 1024 2830 1115 2857; x_wconf 81' lang='grc' dir='ltr'>λύουσι</span> <span class='ocrx_word' id='word_1_845' title='bbox 1131 2830 1262 2866; x_wconf 77' lang='grc' dir='ltr'>κληρικὸν</span> <span class='ocrx_word' id='word_1_846' title='bbox 1275 2829 1401 2866; x_wconf 84' lang='grc' dir='ltr'>ὁμνῦναι,</span> <span class='ocrx_word' id='word_1_847' title='bbox 1418 2838 1446 2856; x_wconf 88' lang='grc' dir='ltr'>κ.</span> <span class='ocrx_word' id='word_1_848' title='bbox 1470 2839 1494 2857; x_wconf 79' lang='grc' dir='ltr'>τ.</span> <span class='ocrx_word' id='word_1_849' title='bbox 1512 2830 1663 2867; x_wconf 54' lang='lat' dir='ltr'><strong>k.,_usquc</strong></span> <span class='ocrx_word' id='word_1_850' title='bbox 1694 2832 1726 2858; x_wconf 86' lang='lat' dir='ltr'><strong>ad</strong></span> <span class='ocrx_word' id='word_1_851' title='bbox 1744 2837 1823 2865; x_wconf 75' lang='grc' dir='ltr'>προσ-</span> 
     </span>
    </p>
   </div>
   <div class='ocr_carea' id='block_1_119' title="bbox 1024 2874 1431 2910">
    <p class='ocr_par' dir='ltr' id='par_1_119' title="bbox 1024 2874 1431 2910">
     <span class='ocr_line' id='line_1_119' title="bbox 1024 2874 1431 2910; baseline 0.005 -10"><span class='ocrx_word' id='word_1_852' title='bbox 1024 2874 1171 2910; x_wconf 79' lang='grc' dir='ltr'>γενομένας</span> <span class='ocrx_word' id='word_1_853' title='bbox 1191 2875 1282 2907; x_wconf 83' lang='grc' dir='ltr'>αὐτοῖς</span> <span class='ocrx_word' id='word_1_854' title='bbox 1299 2874 1431 2907; x_wconf 73' lang='grc' dir='ltr'>δαπάνας.</span> 
     </span>
    </p>
   </div>
  </div>
