1956 3049
108 163 175 196 1097

625 169 868 202 NOMOCANON.
888 183 922 189 ·-
941 172 1015 203 ΤΙΤ.
1037 173 1096 211 IX,
1113 173 1193 206 CAP.
1213 175 1239 206 Ι.

1689 176 1757 211 1098

137 221 281 256 Σχόλιον.
293 222 332 249 Οὐ
337 231 353 257 χ
362 223 500 259 εὑρίσκων
511 225 594 260 νόμον
609 225 625 261 ἢ
642 226 743 253 κανόνα
758 226 908 260 κωλύοντα,

998 228 1135 257 Scholion.
1161 229 1222 258 Non
1239 230 1350 259 invenio
1373 231 1460 267 legem
1478 237 1525 260 aut
1539 240 1671 261 canonem
1692 239 1756 269 pro-

100 267 116 303 ἢ
134 267 316 303 ἐπιτρέποντα
333 269 397 300 τοὺς
410 270 558 305 κληρικοὺς
585 270 707 306 ὀμνύειν,
728 272 834 307 μήποτε
849 271 896 299 οὖν

100 315 117 349 ὴ
132 313 259 349 παροῦσα
271 314 418 350 νομοθεσία
445 316 542 343 ἀπεῐδε
567 316 637 351 πρὸς
653 317 685 343 τὸ
701 317 754 344 ὑπὸ
769 316 816 344 τοῦ
841 318 897 344 Κυ-

101 361 160 394 ρίου
173 361 202 387 ὲν
221 360 403 394 Εὐαγγελίοις
418 362 564 397 εἰρημένον
579 363 644 398 περὶ
661 362 709 389 τοῦ
723 363 761 399 μὴ
784 363 896 398 ὀμνύειν

100 407 171 437 τινὰ,
186 407 233 432 καὶ
249 406 311 433 ἀντὶ
324 407 373 442 τῆς
392 408 474 441 ἁγίας
488 408 601 444 Γραφῆς
619 409 702 444 νόμου
720 409 770 436 καὶ
784 410 897 441 κανόνος

101 452 236 488 ἐμνήσθη.
257 452 289 479 Ἥ
307 453 336 479 δὲ
352 453 391 488 λβ¹
405 454 488 486 διάτ..
507 455 554 482 τοῦ
566 458 591 489 γ’
615 455 667 481 τίτ.
683 454 730 482 τοῦ
743 454 767 482 α’
791 455 896 491 βιὸλίου

101 498 148 524 τοῦ
160 498 274 530 meum;
286 499 336 525 οὐκ
350 499 443 534 ἐτέθη,
458 501 498 532 εἰς
515 501 549 527 τὰ
561 500 688 536 βασιλικὰ
700 501 838 535 ἀνάγνωθι
849 502 898 529 καὶ

100 544 131 571 τὸ
143 543 165 580 β’
180 545 286 580 σχόλιον
299 545 345 572 τοῦ
358 546 398 578 κζ’
415 555 478 582 κεφ,
495 548 543 574 τοῦ
559 548 693 584 παρόντος
707 548 760 575 τίτ-

137 592 277 625 Σχόλιον.
297 591 329 618 'H
342 595 362 618 ν’
376 592 460 626 Eadm,
480 593 527 620 τοῦ
540 596 575 628 γ’,
590 593 643 620 τίτ.
667 593 714 620 τοῦ
731 593 767 626 α’,
794 593 897 629 βιϐλίου

101 637 148 664 τοῦ
165 636 292 670 κώδικος,
304 638 362 665 ἐστι
390 647 452 674 κεφ.
465 639 487 666 θ’
503 640 552 666 τοῦ
566 639 591 674 γ’
603 640 655 667 τίτ.
671 640 719 667 τοῦ
739 643 764 674 γ’
793 641 897 676 βιϐλίου

101 684 156 710 τῶν
171 684 334 712 Βασιλικῶν.
351 685 388 712 Τὸ
404 685 433 712 δὲ
450 686 528 722 ῥῆμα
543 687 572 713 τὺ
585 687 733 722 λεγόμενον
747 688 777 714 ἐν
790 688 828 724 τῷ
845 687 899 715 κώ-

102 730 167 764 δικι,
192 731 309 764 γενικῶς
319 732 374 768 γὰρ
388 731 492 765 ἔξεστιν
507 733 616 768 ἑκάστῳ
634 733 688 760 τῶν
704 733 774 769 ὑπὲρ
800 733 899 760 ἑαυτοῦ

103 779 296 812 καταφρονεῖν,
308 779 358 805 οὐκ
377 779 456 814 ὲτέθη
471 780 512 810 εἰς
527 779 562 806 τὰ
578 779 720 807 Βασιλικά.
739 780 771 806 Ἥ
785 780 898 815 β’διάτ.,

103 822 150 850 τοῦ
166 822 187 850 δ’
202 823 256 850 τίτ.
281 822 328 849 τοῦ
346 821 369 849 α’
395 823 499 859 βιόλίου
516 823 563 850 τοῦ
583 823 698 856 κώδικος
710 825 761 851 οὐκ
774 824 848 851 ἐστιν
860 825 900 856 εἰς

103 870 137 896 τὰ
149 869 293 901 Βασιλικὰ,
305 870 391 905 οὐδὲή
406 869 428 902 ζ’
451 870 522 898 διάτ.
539 869 586 897 τοῦ
614 871 698 898 αὐτοῦ
712 871 766 898 τίτ.
791 871 839 898 καὶ
855 870 896 906 βισ

959 274 1118 307 bibentem,
1146 281 1194 303 aut
1219 278 1441 312 permittentem,
1467 283 1497 305 ut
1529 279 1621 307 clerici
1651 279 1757 315 jurcnt.

958 318 1049 355 [llaud
1066 320 1136 358 scio]
1153 322 1256 356 itaque,
1278 329 1312 349 an
1333 328 1454 357 praesens
1479 323 1618 359 legislatio
1641 325 1674 352 ad
1692 324 1756 353 illud

955 366 1029 401 quod
1049 374 1064 394 a
1083 367 1199 395 Domino
1209 368 1234 395 in
1252 367 1408 404 Evangeliis
1420 369 1532 402 dicitur,
1547 378 1582 397 ne
1595 371 1658 404 quis
1671 370 1756 406 juret,

954 415 1120 449 respexerit.
1141 420 1167 441 et
1181 423 1230 450 pro
1246 420 1341 442 sancta
1359 415 1502 451 Scriptura
1526 417 1594 451 legis
1617 421 1699 452 atque
1711 425 1758 445 ca-

954 460 1207 488 nonismentionem
1218 461 1322 488 fecerit.
1333 461 1428 489 Const.
1441 465 1532 489 autem
1540 462 1634 495 52,tit.
1641 461 1669 495 5,
1677 462 1722 490 lib.
1737 471 1756 495 ι,

954 506 1015 533 cod.
1031 514 1085 533 non
1104 511 1148 534 est
1165 507 1254 542 posita
1268 508 1295 534 in
1309 507 1392 534 Basil.
1420 507 1561 544 [Proinde]
1583 509 1657 544 legas
1673 508 1757 536 etiam

953 552 1104 580 secundum
1119 553 1260 580 Scltolium
1275 560 1336 588 cap.
1352 553 1387 581 27
1404 554 1548 588 prazsentis
1564 555 1606 582 tit.

991 598 1138 625 Scholium.
1148 596 1243 625 Const.
1253 597 1297 629 50,
1309 599 1351 625 ιιι.
1361 598 1388 630 5.
1399 598 1445 626 lib.
1455 606 1464 626 ι
1474 599 1535 626 cod.
1546 602 1588 627 est
1596 607 1655 634 cap.
1675 598 1703 631 9,
1715 600 1757 626 tit.

953 644 980 676 5,
989 644 1035 671 lib.
1046 651 1076 670 ιιι
1082 644 1165 672 Basil.
1175 644 1241 672 Illud
1249 651 1313 683 vero
1320 644 1422 672 codicis
1433 654 1439 672 :
1447 645 1611 680 generaliter
1617 645 1689 672 enim
1698 646 1761 674 licet

954 691 1054 724 cuique
1064 696 1304 725 contemnerequaa
1317 699 1366 726 pro
1372 699 1401 719 se
1412 691 1527 727 [indulta
1541 691 1616 728 sunt]
1626 692 1667 721 :in
1677 691 1762 719 Basil.

957 744 1010 763 non
1021 741 1063 763 est
1073 736 1204 771 positum.
1217 737 1347 770 Coust.2,
1358 738 1399 764 tit.
1417 737 1519 769 4,lib.|
1536 738 1597 765 cod.
1612 743 1718 765 nonest
1734 739 1760 765 in

956 782 1044 816 Basil;
1060 790 1148 818 neque
1157 782 1245 819 [vero]
1256 784 1271 810 7
1284 784 1406 818 ejusdem
1427 784 1506 812 tit.et
1515 784 1562 811 lib.
1579 791 1669 820 neque
1676 784 1764 816 8,116-

957 838 1012 866 que
1027 831 1069 857 15.
1082 830 1168 866 Legas
1179 835 1269 859 autem
1279 838 1340 866 cap.
1357 830 1392 858 M
1406 830 1446 858 tit.
1462 831 1490 863 1,
1503 830 1551 858 lib.
1565 838 1608 864 ut,
1619 830 1690 866 quod
1701 838 1765 866 pars

962 884 1005 904 est
1019 878 1133 904 novellae
1161 877 1231 910 liﬁ.
1257 885 1291 905 ac
1323 877 1400 905 diuis
1420 878 1571 906 secundum
1595 879 1661 905 illud
1686 879 1764 914 prius

104 917 201 950 ὁλίου,
229 917 290 943 οὐδὲ
322 918 339 952 ὴ
363 915 399 952 η’.
427 916 487 943 οὐδὲ
516 917 533 952 ἡ
560 916 791 952 ιγ’.ι¹Δνάγνωθι
813 918 842 944 δὲ
874 917 905 944 τὸ

975 923 1079 951 ctioncs
1108 923 1215 951 institui
1246 923 1317 959 apud
1343 924 1498 959 episcopos.
1529 923 1596 959 Cap.
1627 929 1718 952 autem
1742 924 1762 952 6

106 962 148 996 μδ¹
181 970 243 1007 tow.
263 961 311 988 τοῦ
332 969 350 988 α
371 961 424 989 τίτ.
439 961 488 988 τοῦ
513 961 536 996 γ’
563 962 667 997 βιϐλίου
689 963 771 998 μέρος
802 963 831 989 ὃν
847 964 898 999 τῆς

107 1007 168 1043 ρκγ¹
181 1009 291 1043 νεαρᾶς,
304 1009 351 1034 καὶ
364 1007 428 1042 λέγε
442 1009 512 1043 μετὰ
524 1008 604 1034 τοῦτο
615 1009 740 1043 γίνεσθαι
750 1010 813 1040 τοὺς
827 1009 906 1035 ἑλκυ-

107 1054 194 1089 σμοὺς
212 1054 345 1090 πρότερον
359 1055 436 1090 παρὰ
448 1055 503 1086 τοῖς
520 1054 693 1086 ἐπισκόπιις.
706 1055 751 1091 Τῷ
761 1055 790 1082 δὲ
801 1054 828 1087 ς’
843 1064 908 1089 κεφ.

107 1099 155 1126 τοῦ
182 1100 266 1127 αὐτοῦ
290 1100 343 1128 τὶτ.
363 1102 410 1127 καὶ
437 1100 540 1136 βιϐλίου
557 1101 594 1137 μὴ
620 1102 755 1137 προσχῆς,
772 1102 842 1129 διάτ.
855 1102 910 1138 γάρ

108 1147 168 1173 ἐστι
194 1146 284 1179 τοῦτο,
311 1147 359 1174 καὶ
381 1147 506 1184 ιάνῃρὲθη
526 1147 578 1174 ὑπὸ
601 1148 651 1183 τῆς
678 1149 808 1184 ῥηθείσης
827 1157 912 1184 μετα.-

109 1193 276 1228 γενεστὲρας
289 1195 402 1228 νεαρᾶς,
419 1194 488 1220 ἀλλὰ
505 1194 574 1229 μηδὲ
591 1194 674 1230 ἑτέρᾳ
699 1195 910 1228 ’1ουστινιανεὲῳ
924 1226 933 1229 _

109 1240 197 1275 νεαρᾷ
211 1240 336 1275 προσχῆς
350 1240 444 1275 ἕτερόν
459 1249 486 1266 τι
499 1240 628 1276 λεγούσῃ,
646 1241 688 1268 ὃτι
703 1241 763 1268 οὐδὲ
778 1241 858 1277 ἐτέθη
872 1242 913 1272 είς

110 1286 147 1312 τὰ
159 1285 303 1318 Βασιλικὰ,
318 1286 369 1313 κᾶν
386 1286 561 1322 εὑρίσκηται,
581 1287 639 1313 ἀλλ’
661 1287 718 1314 ὅσοι
737 1287 788 1322 μὲν
809 1287 849 1318 είς
880 1287 912 1313 τὸ

112 1333 230 1369 πρώτως
257 1333 333 1367 παρά
347 1334 404 1365 τοῖς
418 1334 594 1366 ἐπισκόποις,
611 1334 659 1360 καὶ
677 1334 732 1365 τοῖς
749 1333 915 1369 μητροπολί-

113 1388 175 1410 ταις
188 1379 329 1406 λαλεῖσθαι
352 1380 402 1411 τὰς
423 1380 579 1413 ὑποθέσεις,
606 1381 655 1407 καὶ
681 1379 767 1412 οὕτως
787 1380 916 1415 ἔρχεσθαι

115 1425 202 1456 αὑτὰς
228 1426 268 1456 είς
297 1425 342 1451 τὸν
378 1426 566 1461 πατριάρχην,
597 1426 715 1461 πρόσχες
740 1425 779 1461 τῷ
806 1425 918 1461 ῥηθέντι

116 1470 158 1506 μδ¹
171 1480 234 1505 κεφ.
248 1471 295 1498 τοῦ
306 1470 329 1498 α’
345 1471 398 1498 τίτ.
412 1471 458 1498 τοῦ
470 1471 494 1506 γ’
507 1471 620 1507 βιϐλίου.
635 1472 716 1498 Ὅσον
731 1471 759 1498 δὲ
776 1473 815 1503 εἰς
832 1472 862 1497 τδ
878 1471 916 1507 μὴ

116 1519 190 1554 ἔχειν
203 1518 350 1553 μετουσίαν
361 1518 423 1545 τινὰ
437 1519 501 1550 τοὺς
516 1518 682 1550 πολιτικοὺς,
706 1518 722 1554 ἢ
751 1526 914 1551 στρατιωτι-

117 1565 183 1596 κοὺς
207 1565 342 1599 ἄρχοντας
368 1566 438 1600 μετὰ
463 1564 519 1591 τῶν
549 1564 718 1600 ιερωμένων,
735 1564 853 1600 πρόσχες
882 1565 915 1599 τῇ

962 970 1086 1005 ejusdem
1106 970 1147 998 tit.
1168 974 1196 998 et
1212 971 1259 998 lib.
1284 978 1319 998 ne
1340 971 1491 998 auscultes.
1519 970 1568 998 Est
1588 971 1661 998 enim
1680 971 1764 1006 hujus

961 1018 1134 1051 constitutio,
1151 1022 1234 1053 atque
1251 1025 1298 1053 per
1310 1017 1412 1046 dictam
1434 1017 1613 1046 recentiorem
1625 1017 1762 1045 novellam

965 1064 1128 1098 abrogatum
1153 1068 1206 1092 est.
1231 1064 1284 1092 Sed
1307 1071 1398 1099 neque
1415 1064 1530 1091 alteram
1554 1063 1764 1092 Justinianacam

968 1111 1115 1143 novellam,
1141 1118 1202 1145 quae
1225 1110 1370 1138 adversum
1396 1109 1526 1145 quiddam
1548 1109 1624 1142 dicit,
1651 1109 1760 1137 audias.

965 1156 1031 1184 Nam
1058 1165 1112 1185 non
1128 1162 1170 1184 est
1185 1158 1274 1191 posita
1293 1156 1320 1183 in
1339 1156 1422 1185 Basil.
1449 1155 1558 1183 tametsi
1581 1155 1738 1183 inveniatur
1754 1166 1761 1182 :

965 1203 1012 1231 sed
1039 1207 1172 1236 quantum
1202 1203 1235 1230 ad
1265 1201 1305 1238 [id
1338 1203 1446 1234 attinet.
1474 1200 1517 1237 ut]
1546 1201 1667 1236 primum
1697 1202 1768 1237 apud

969 1250 1114 1285 episcopos
1120 1254 1146 1276 et
1156 1249 1379 1283 metropolitanos
1392 1248 1590 1275 controversiae
1609 1255 1770 1283 proponant-

967 1302 1012 1324 tur
1025 1300 1053 1323 et
1073 1295 1113 1323 sic
1126 1295 1159 1322 ad
1175 1294 1359 1330 patriarcham
1377 1294 1520 1321 deveniant
1536 1294 1680 1321 :animum
1698 1293 1771 1322 dicto

967 1343 1002 1370 ιι
1022 1350 1083 1377 cup.
1099 1341 1139 1369 tit.
1170 1350 1178 1368 r
1197 1341 1244 1369 lib.
1264 1349 1292 1368 ιιι
1304 1340 1420 1376 applica.
1432 1339 1572 1374 Quantum
1584 1348 1648 1367 vero
1660 1341 1693 1367 ad
1707 1340 1771 1376 [itl,|

969 1394 1004 1414 ne
1019 1386 1114 1414 civiles
1138 1390 1186 1413 aut
1211 1386 1350 1413 militares
1372 1385 1552 1420 magistratus
1573 1385 1770 1413 commercium

971 1433 1084 1468 aliquod
1111 1432 1244 1459 adversus
1268 1435 1446 1459 consecratos
1473 1431 1592 1458 habeant
1610 1441 1617 1459 ;
1635 1431 1769 1459 novellam

970 1478 1168 1513 imperatorum
1195 1477 1368 1504 Constantini
1384 1481 1411 1504 et
1435 1476 1563 1508 Heraclii,
1584 1484 1616 1505 ac
1634 1477 1768 1504 novellam

970 1524 1144 1557 imperatoris
1159 1523 1252 1550 domui
1268 1523 1356 1550 Alexii
1369 1523 1513 1556 Comneni,
1535 1531 1653 1559 quarum
1672 1524 1698 1550 in
1715 1523 1770 1550 ini-

973 1571 1008 1597 tio
1017 1570 1159 1605 praesentis
1176 1570 1216 1596 tit.
1236 1570 1404 1597 mentionem
1425 1569 1551 1603 fecimus,
1564 1570 1672 1598 auiias.
1685 1569 1772 1606 Κίρρας

117 1611 204 1646 νεαρᾷ
218 1610 272 1638 τῶν
289 1611 423 1646 βασιλέων
447 1612 655 1638 Κωνσταντίνου
677 1611 724 1637 καὶ
742 1610 914 1646 Ἡρακλείου,

974 1616 1084 1651 insuper
1103 1615 1136 1643 l5
1159 1623 1292 1644 canonem
1317 1615 1427 1643 concilii
1447 1615 1691 1652 Carthaginensis,
1711 1621 1738 1644 et
1756 1616 1773 1643 9

118 1661 167 1684 και
190 1658 224 1693 τῇ
248 1658 336 1692 νεαρᾷ
364 1657 410 1684 τοῦ
443 1656 579 1692 βασιλέως
605 1658 701 1692 κυρίου
728 1656 845 1689 Ἀλεξίου
869 1655 914 1682 τοῦ

974 1669 1105 1689 canonem
1121 1661 1370 1694 Chalcedonensis,
1388 1668 1505 1696 quaque
1521 1661 1549 1688 in
1573 1662 1633 1697 ipso
1650 1669 1775 1697 compre-

119 1703 279 1739 Κομνηνοῦ,
296 1700 334 1730 ὧν
351 1704 448 1739 μνείαν
462 1703 652 1738 ἐποιησάμεθα
681 1703 711 1729 ὲν
726 1704 760 1738 τῇ
788 1703 915 1738 καταρχῇ

119 1751 167 1777 τοῦ
184 1751 319 1786 παρόντος
341 1751 408 1782 τίτη
425 1750 563 1784 ἀνάγνωθι
578 1750 626 1777 καὶ
646 1750 691 1776 τὸν
707 1749 737 1776 ιε’
755 1750 857 1777 κανόνα
869 1750 919 1784 τῆς

120 1798 151 1823 ἐν
179 1797 363 1832 Καρθαγέννῃ
381 1797 504 1828 συνόδου,
522 1797 570 1823 καὶ
590 1797 635 1823 τὸν
659 1795 679 1823 θ’
705 1796 806 1823 κανόνα
829 1797 878 1831 τῆς
891 1797 920 1822 ὲν

121 1843 293 1878 Χαλκηδόνι,
311 1843 359 1870 καὶ
382 1843 417 1870 τὰ
434 1845 464 1870 ὲν
477 1843 552 1878 αὑτῷ
576 1843 674 1869 λύοντα
691 1843 782 1869 πᾶσαν
801 1842 921 1877 ἀμφιϐο-

120 1891 193 1918 λίαν.
209 1891 246 1917 Τὸ
261 1891 362 1922 πλάτος
377 1891 406 1918 δὲ
419 1892 468 1926 τῆς
482 1891 523 1918 κθ¹
543 1891 613 1917 διάτ.
633 1891 694 1926 ἥτις
720 1890 751 1917 οὐ
768 1891 856 1916 κεῖται
882 1890 923 1921 είς

122 1939 157 1965 τὰ
182 1937 326 1969 Βασιλικὰ,
350 1937 436 1969 οὕτως
456 1937 524 1973 ἔχει,
553 1938 623 1965 κατᾶ
645 1938 699 1973 γὰρ
714 1937 768 1963 τῶν
796 1935 924 1963 τοιούτων

125 1983 317 2010 ἐπισκοπικῶν
329 1984 494 2018 ἀποφάσεων
507 1984 558 2010 οὐκ
582 1983 652 2010 εἶναι
668 1983 761 2019 χώραν
791 1982 925 2017 ὲκκλήτου

123 2030 184 2060 τοῖς
213 2029 267 2065 πρὸ
296 2029 375 2064 ἡμῶν
400 2028 620 2064 νενομςθέτηται.
643 2029 674 2055 'H
693 2029 785 2063 μέντοι
803 2027 825 2053 δ’
854 2027 924 2053 διάτ.

975 1707 1146 1739 lienduntur,
1162 1714 1223 1741 quae
1236 1713 1345 1733 omnem
1359 1706 1566 1742 ambiguitatem
1579 1707 1698 1734 solvunt.
1715 1706 1776 1741 Ipsa

975 1758 1066 1780 autem
1081 1752 1117 1780 29
1134 1757 1224 1780 const.
1244 1760 1307 1788 qua:
1321 1753 1348 1779 in
1365 1752 1449 1780 Basil.
1462 1752 1552 1787 posita
1567 1760 1621 1780 non
1636 1757 1689 1784 est,
1701 1752 1776 1780 hunc

976 1800 1009 1826 ad
1026 1800 1137 1826 modum
1155 1799 1238 1826 habet
1257 1807 1264 1826 :
1280 1798 1416 1826 adversus
1430 1798 1504 1826 enim
1522 1798 1591 1826 tales
1608 1798 1778 1833 episcopales

978 1846 1131 1873 sententias
1148 1845 1335 1880 provocationi
1361 1844 1450 1872 locum
1473 1853 1527 1872 non
1543 1852 1614 1877 esse.
1633 1853 1648 1872 a
1672 1845 1779 1880 praede-

977 1892 1134 1920 cessoribus
1154 1892 1257 1919 nostris
1279 1891 1338 1926 lege
1353 1895 1464 1919 cautum
1484 1895 1535 1919 est.
1564 1890 1638 1918 Sane
1653 1890 1671 1918 4
1685 1896 1776 1918 const.

979 1943 1021 1965 est
1045 1938 1150 1965 novella
1171 1938 1346 1973 impcratoﬂs
1367 1937 1516 1965 Justiniani
1533 1937 1578 1970 85,
1605 1944 1660 1964 non
1686 1941 1777 1964 autem

982 1984 1008 2010 in
1025 1983 1108 2012 llasil.
1136 1984 1225 2019 posita
1242 1988 1294 2011 est.
1313 1984 1346 2010 Et
1368 1987 1458 2010 const.
1484 1982 1527 2016 15,
1544 1986 1587 2010 est
1610 1982 1716 2010 novella
1731 1982 1777 2013 79.

981 2035 1040 2062 quat:
1058 2029 1116 2063 ipsa
1131 2028 1214 2055 etiam
1234 2035 1288 2054 non
1303 2034 1345 2055 est
1358 2027 1461 2063 agnita.

125 2076 184 2102 ἔστι
210 2075 295 2111 νεαρὰ
323 2073 369 2109 πγ’
390 2074 437 2101 τοῦ
462 2075 595 2110 βασιλέως
618 2073 818 2106 Ἰουστινιανοῦ,
835 2073 887 2100 οὐκ
905 2073 985 2109 ἐτέθη
1001 2074 1029 2101 δὲ
1046 2075 1086 2106 είς
1098 2075 1133 2102 τὰ
1149 2074 1293 2102 Βασιλικά.
1310 2074 1366 2101 Καὶ
1385 2075 1403 2109 ἡ
1424 2073 1453 2101 ιε’
1469 2073 1540 2102 διάτ.
1555 2073 1613 2100 ἐστι
1627 2073 1712 2110 νεαρὰ
1728 2072 1777 2106 σθ’,

125 2122 174 2148 καὶ
187 2121 247 2148 οὐδὲ
259 2121 328 2156 αὑτὴ
348 2120 520 2156 ἐπεγνώσθη.

163 2179 319 2214 Κείμενον.
337 2179 457 2206 Γίνωσκε
488 2177 517 2204 δὲ
535 2177 578 2204 ὃτι
602 2178 619 2213 ἡ
638 2176 661 2213 β’
683 2177 753 2204 διάτ.
775 2177 822 2204 τοῦ
842 2176 925 2203 αὐτοῦ

125 2225 152 2253 α’
166 2227 220 2253 τὲτ.
233 2226 337 2253 τούτων
350 2225 457 2258 πασῶν,
473 2234 501 2252 κ.
519 2234 544 2251 τ.
561 2225 599 2257 λ.,
615 2233 703 2260 usque
730 2225 764 2252 ad
777 2225 826 2260 τῆς
843 2224 923 2260 ἱερω-

127 2271 212 2307 σύνης
229 2271 403 2303 ὲξωθοῦνται.

163 2328 304 2362 Σχόλιον.
324 2327 356 2353 Ἡ
389 2325 410 2362 β’
441 2326 513 2354 διάτ.
539 2326 586 2353 τοῦ
610 2329 633 2354 α’
658 2325 710 2353 τίτ.
739 2325 795 2352 τῶν
823 2325 927 2362 νεαρῶν

127 2374 189 2401 ἔστι
215 2374 301 2410 νεαρὰ
319 2374 534 2404 Ὶουστινιάνειος
559 2371 629 2409 ρκγ’.
643 2373 728 2400 Τοῦτο
742 2373 771 2399 δὲ
786 2373 871 2408 αὐτῆς
898 2373 929 2399 τὸ

128 2429 194 2455 κεφ.
210 2420 260 2447 οὐκ
273 2419 353 2455 ἐτέθη
370 2420 410 2451 εἰς
425 2421 460 2446 τὰ.
471 2420 616 2447 Βισιλικά.
641 2419 673 2447 Ἡ
702 2419 731 2447 δὲ
748 2419 780 2452 ιζ’
798 2419 868 2446 διάτ.
881 2418 929 2446 τοῦ

129 2467 222 2495 α’τίτ.
248 2467 302 2494 τῶν
318 2467 432 2502 Neapth
458 2468 516 2494 ἐστι
539 2468 624 2503 νεαρᾶ
645 2467 860 2498 Ἰουστινιάνειος
875 2466 930 2502 ρλζ¹

129 2513 247 2548 κειμένη
265 2514 293 2540 ὲν
307 2514 401 2549 βισλίῳ
415 2513 439 2549 γ’
455 2514 509 2540 τῶν
523 2514 675 2541 Βασιλικῶν
693 2513 746 2542 τίτ.
765 2512 800 2545 α’,
816 2522 880 2548 κεφ.
895 2515 930 2548 η’,

131 2561 233 2596 θέματι
249 2559 285 2596 η’,
296 2561 521 2597 καταστρωθέντι
535 2562 601 2597 περὶ
620 2561 650 2588 τὸ
660 2561 737 2593 τέλος
760 2560 807 2588 τοῦ
822 2559 847 2597 η’
867 2568 930 2595 κεφ.

130 2606 181 2634 τοῦ
193 2610 218 2634 α’
232 2607 285 2634 τίτ.
301 2607 349 2634 τοῦ
365 2607 500 2643 παρόντος
517 2608 718 2643 συντάγματος.

171 2663 326 2698 Κείμενον.
347 2663 381 2690 Ἠ
407 2663 435 2689 δὲ
461 2663 531 2699 αὑτὴ
550 2663 570 2699 β’
596 2663 665 2690 διάτ.
688 2662 735 2690 τοῦ
756 2659 780 2689 α’
799 2663 854 2690 τίτ.
879 2661 934 2689 τῶν

133 2709 242 2745 νεαρῶν
259 2710 342 2745 φησὶν
357 2710 397 2736 ὃτι
424 2710 438 2735 ὁ
452 2709 521 2744 ἔχων
535 2709 623 2744 δίκην,
650 2717 677 2736 κ.
688 2718 713 2736 τ.
730 2708 767 2741 λ.,
784 2716 870 2744 usque
900 2708 934 2736 ad

134 2755 292 2791 εἰρημένων
320 2754 483 2791 κληρονόμοι
524 2755 608 2782 αὑτοῦ
647 2755 817 2783 ὑπόκεινται.

185 2815 326 2848 Σχόλιον,
347 2814 379 2840 'ﬂ
397 2813 419 2850 β’
431 2814 501 2841 διάτ.
520 2813 566 2840 τοῦ
582 2812 606 2839 α’
622 2813 675 2841 τίτ.
695 2812 749 2839 τῶν
765 2811 871 2846 νεαρῶν
898 2811 935 2843 ὡς

139 2859 257 2895 εἴπομεν
271 2858 340 2887 οὖσα
365 2861 450 2896 νεαρὰ
471 2860 685 2891 ἰουστινιάνειος
710 2858 780 2894 ρκγ⁷.
798 2859 854 2886 Καὶ
881 2867 938 2885 κει-

140 2907 212 2942 μένη
231 2908 260 2934 ὲν
292 2907 385 2943 βιῧλίῳ
398 2907 421 2941 γ’
441 2907 495 2934 τῶν
523 2907 676 2933 Βασιλικῶν
697 2907 750 2933 τίτ.
765 2904 800 2940 α’,
814 2914 876 2940 κειρ.
894 2904 936 2938 λζ,

304 2955 441 2986 ΡΑτιιοι..
465 2957 522 2987 GR.
539 2954 617 2986 CIV.

1018 2175 1127 2204 Tenus.
1145 2175 1223 2204 Scias
1242 2184 1305 2204 vero
1321 2178 1394 2211 quod
1407 2182 1496 2204 const.
1509 2176 1526 2203 ἱ
1541 2175 1665 2211 ejusdem
1682 2176 1724 2204 tit.
1750 2177 1778 2208 1.

979 2231 1040 2258 (11Ιῖιὲ
1061 2224 1157 2250 harum
1172 2224 1309 2257 omnium,
1326 2227 1391 2256 ειη,
1411 2231 1493 2258 usque
1512 2223 1547 2250 ad
1562 2222 1717 2261 sacerdotio
1732 2223 1780 2250 de-

944 2261 965 2288 υ
982 2269 1111 2305 pellatur,
1127 2275 1155 2296 ut
1169 2278 1229 2305 pag.
1249 2269 1312 2297 7H.

1022 2327 1171 2355 Scholium.
1193 2326 1290 2355 Const.
1315 2326 1333 2354 2
1357 2327 1400 2354 tit.
1421 2326 1435 2353 1
1460 2325 1648 2358 Novellarum,
1666 2331 1709 2354 est
1730 2334 1781 2354 no-

982 2374 1053 2401 vella
1071 2373 1224 2402 Iustiniani
1241 2373 1304 2401 ινδ.
1318 2372 1420 2401 Verum
1443 2373 1494 2401 hoc
1514 2373 1574 2408 ejus
1588 2380 1650 2408 cap.
1665 2380 1720 2400 non
1738 2378 1781 2401 est

984 2420 1105 2454 positum
1125 2420 1152 2446 in
1170 2419 1254 2448 Basil.
1268 2418 1366 2446 Const.
1383 2423 1474 2446 autem
1499 2419 1533 2446 l7
1560 2417 1601 2445 tit.
1622 2419 1634 2441 1
1653 2417 1780 2446 Novella-

984 2473 1055 2498 tum,
1072 2469 1112 2493 est
1135 2465 1241 2492 novella
1275 2464 1423 2492 Iustiniani
1454 2464 1518 2497 I37,
1543 2463 1701 2500 posita[que
1725 2463 1779 2501 est]

984 2512 1011 2539 in
1030 2512 1077 2539 lib.
1093 2519 1124 2539 ιιι
1150 2511 1247 2544 Basil.,
1271 2511 1314 2538 tit.
1338 2511 1365 2544 1,
1381 2518 1441 2546 cap.
1465 2510 1492 2543 8,
1516 2512 1635 2538 themate
1654 2510 1682 2544 8,
1707 2511 1779 2546 quod

984 2558 1117 2585 insertum
1137 2561 1179 2585 est.
1202 2565 1265 2592 cap.
1283 2556 1300 2584 8
1325 2557 1367 2584 tit.
1389 2555 1402 2583 1
1432 2556 1577 2592 praesentis
1597 2556 1689 2591 operis
1707 2556 1781 2584 circa

985 2603 1078 2631 linem.

1023 2661 1131 2689 Tenus.
1147 2659 1248 2688 Eadem
1262 2664 1351 2688 const.
1366 2658 1393 2692 2,
1422 2658 1464 2687 tit.
1479 2658 1492 2685 1
1508 2657 1684 2686 Novellarum
1698 2656 1781 2685 dicit:

986 2707 1313 2741 Quicontra,etc.,usque
1324 2706 1358 2732 ad
1369 2704 1481 2733 obnoxii
1495 2708 1625 2738 sunto,ut
1644 2711 1704 2739 pag.
1719 2702 1781 2730 7H.

1024 2810 1173 2838 Scholium.
1202 2810 1297 2838 Const.
1313 2808 1341 2842 2,
1356 2809 1399 2836 tit.
1417 2807 1430 2834 1
1449 2807 1624 2835 Novellarum
1640 2806 1785 2843 (quemad-

991 2857 1103 2885 modum
1119 2856 1254 2890 diximus)
1273 2855 1379 2883 novella
1400 2852 1549 2881 Iustiniani
1567 2853 1618 2881 125
1636 2855 1784 2885 exsistens,

991 2912 1025 2932 ac
1042 2904 1070 2931 in
1095 2903 1144 2931 lib.
1167 2903 1251 2931 Basil.
1267 2903 1310 2930 tit.
1334 2902 1361 2935 1,
1379 2908 1440 2936 cap.
1461 2900 1508 2934 57,
1526 2900 1572 2934 58,
1595 2901 1628 2928 39
1643 2908 1731 2938 usque
1750 2900 1786 2928 ad

1622 2947 1661 2977 35
