1946 3076
127 199 195 232 1101

610 203 856 236 NOMOCANON.
878 216 914 222 -
930 204 1006 236 ΤΙΤ.
1026 204 1080 243 ΙΧ,
1093 205 1172 236 CAP.
1194 205 1292 237 II-VI.

1703 207 1772 239 1102

127 261 178 296 μὲν
201 260 357 297 Μανιχαϊοι,
372 263 390 299 ἢ
413 263 555 300 Ἕλληνες,
575 264 592 301 ἢ
613 265 793 300 Σαμαρεῖται,
811 263 828 299 ἢ
852 263 920 290 Μον-

982 263 1102 291 monium
1118 264 1280 299 perhibento
1297 272 1304 291 :
1322 264 1419 299 reliqui
1429 272 1495 292 vero
1509 272 1606 294 omnes
1627 266 1653 293 in
1670 266 1772 301 iudicio

126 308 262 339 τανισταὶ.
275 308 292 344 ἢ
305 308 547 345 Τασκοδρουγίται,
561 311 578 345 ἢ
597 310 742 346 ’οφίται,ἢ
755 309 781 336 oi
797 309 847 345 τὴν
861 309 925 336 Ἰου-

125 353 224 390 δαϊκὴν
250 354 401 390 θρησκείαν
422 356 558 390 σέϐοντες,
576 357 605 382 ἑν
624 356 720 392 μηδενὶ
738 354 927 392 μαρτυρείτω-

125 409 186 428 σαν.
201 402 234 428 Οί
257 401 388 429 δὲλοιποὶ
408 403 509 435 πάντες
523 403 552 430 ὲν
575 403 744 439 δικαστηρίῳ
772 402 821 437 μὲν
845 401 925 437 ὀρθό-

124 448 201 481 δοξον
223 448 312 485 ἔχοντι
336 450 475 477 ἀντίδικον
491 449 529 486 μὴ
554 450 737 485 δεχέσθωσαν,
759 449 789 475 ὲν
810 448 839 475 δὲ
866 449 924 480 τοῖς

124 494 230 526 λοιποῖς
261 496 329 522 πᾶσι
346 496 582 531 συναλλάγμασιν,
599 495 629 532 ,ἢ
645 495 800 531 διαθήκαις,
815 494 833 530 ἢ
847 494 921 521 δικα-

124 541 249 577 στηρίοις
270 542 426 577 αίρετικοὺς
435 543 541 578 ἔχουσιν
558 542 723 573 ἀντιδίκους,
737 541 921 572 ἀδιαστῐκτως

126 587 353 623 μαρτυρείτωσαν
372 587 419 615 τοῦ
435 588 554 620 πλάτους
568 588 649 624 χάριν
673 587 728 614 τῶν
743 587 918 619 ἀποδείξεων.

124 633 166 660 Τὰ
177 633 205 660 δὲ
215 634 244 660 ὲν
256 635 289 670 τῇ
305 634 418 670 τοιαύτῃ
431 634 551 667 διατάξει
575 634 761 670 περιεχόμενα
781 634 846 669 περὶ
865 633 920 660 τῶν

976 309 1050 344 quod
1067 309 1252 336 orthodoxum
1270 309 1434 344 litigatorem
1456 309 1547 342 habet,
1573 319 1606 338 ne
1622 311 1771 339 admittun-

976 359 1020 381 tor
1037 363 1045 382 :
1062 354 1090 381 in
1103 355 1210 382 caeteris
1226 359 1317 382 autem
1330 355 1459 384 omnibus
1472 357 1672 390 contractibus,
1689 363 1773 385 testa-

976 400 1078 428 mentis
1096 405 1143 427 aut
1162 400 1285 435 iudiciis.
1303 408 1363 435 quae
1383 401 1528 429 haereticos
1550 402 1701 437 litigatores
1723 403 1773 430 ha-

976 446 1051 478 bent,
1067 454 1122 481 quo
1139 446 1220 473 latior
1235 446 1351 474 tacultas
1375 447 1569 480 probationum
1582 448 1628 479 sit.
1641 449 1700 476 sine
1713 449 1773 476 dis-

974 493 1108 520 tinctione.
1126 497 1270 521 testantor.
1289 494 1356 527 Quw
1377 501 1441 521 vero
1461 494 1486 520 iu
1504 494 1549 521 tali
1571 495 1771 523 constitutione

976 540 1010 566 tle
1035 539 1215 567 decurionum
1241 539 1337 568 ordine
1362 544 1389 567 et
1405 544 1477 567 statu
1503 540 1691 571 continentur.
1716 549 1772 568 non

976 591 1040 614 sunt
1056 586 1145 621 posita
1170 586 1196 613 in
1214 585 1312 620 Basil.,
1325 587 1372 614 sed
1386 593 1474 621 neque
1494 586 1600 614 novella
1621 585 1772 614 Justiniaui

977 633 1024 663 45,
1037 632 1180 667 quaeinter
1193 632 1318 667 paratitla
1331 631 1409 669 [est].

124 678 302 715 βουλευτικῆς
319 680 433 713 τάξεως,
445 681 492 707 καὶ
507 680 703 713 καταστάσεως
716 681 767 707 οὐκ
786 679 920 716 ἐτέθησαν
957 678 988 705 ὲν
999 679 1057 710 τοῖς
1073 678 1228 711 Βασιλικοῖς
1254 678 1324 706 ἀλλὰ
1359 678 1420 706 οὐδὲ
1435 680 1452 714 ὴ
1478 677 1531 714 με’.
1554 678 1773 711 ’1ουστινιάνειος

123 725 210 760 νεαρὰ
221 726 238 761 ὴ
255 726 284 752 ἐν
298 727 354 757 τοῖς
369 726 545 760 παρατίτλοις
558 727 688 762 κειμένη.

159 771 285 798 ΚΕΦΔΛ.
302 771 340 800 Γ’.
356 787 391 794 --
407 772 479 799 Ἐάν
492 781 538 806 τις
559 773 607 799 ἐπὶ
623 772 752 806 πολλοῖς
768 772 918 808 ἐγκλήμα-

121 824 177 844 σιν
191 818 338 853 κληρικοῦ
351 819 572 854 κατηγορήσας,
584 819 627 855 μὴ
638 819 785 855 ἀποδείξῃ
796 819 830 847 τὸ
846 827 918 854 προ-

120 863 210 892 τεθὲν
225 864 344 899 πρῶτον
355 864 532 900 κεφάλαιον.

157 910 273 937 Συνόδου
286 911 483 948 Καρθαγέννης
497 911 588 940 κανὼν
605 911 668 949 ρλδ.

155 963 282 991 ΚΕΦΑΛ.
298 962 335 992 Δ’.
349 980 382 984 -
395 964 466 999 Περὶ
481 964 540 992 τῶν
551 965 594 1001 μὴ
605 968 848 1002 πειθαρχούντων
855 968 918 1002 τοῖς

119 1009 247 1043 οἰκείοις
255 1010 447 1044 ἐπισκόποις,
463 1011 589 1047 καὶπερὶ
607 1012 775 1041 ἐπισκόπου
794 1015 917 1050 δεχομέο

119 1063 177 1083 νου
190 1055 243 1083 τόν
266 1056 325 1097 ᾀπὸ
341 1057 394 1084 τοῦ
408 1057 486 1085 ἰδίου
502 1058 688 1092 ἐκϐληθέντα
711 1060 884 1089 ἐπισκόπου
897 1061 916 1096 ἣ

119 1101 182 1129 ἀπὸ
193 1104 352 1137 κοινωνίας
365 1105 540 1140 γενόμενον.

157 1147 273 1174 Συνόὸου
295 1148 461 1185 Ἀντιοχείας
484 1151 575 1178 κανὼν
595 1151 625 1184 ε’,
649 1155 676 1185 ς’
693 1153 825 1183 ἐσυνόδου
843 1153 917 1189 K49-

120 1191 256 1228 θαγέννης
268 1193 360 1221 κανὼν
375 1193 408 1227 θ’,
426 1194 479 1231 κο’,
495 1195 547 1231 ζβ’,
565 1196 613 1231 σθ’,
638 1197 698 1234 ρκβ’
712 1199 759 1225 καὶ
776 1197 843 1234 ρλη’.

157 1248 283 1276 ΚΕΦΑΛ.
313 1249 352 1276 Ε’.
381 1265 415 1270 -
441 1250 512 1285 Περὶ
541 1251 636 1280 δικῶν
660 1253 840 1280 ἐπισκόπων
864 1253 915 1281 καί

120 1294 284 1328 κληρικῶν.

165 1340 337 1368 ’Δποστόλων
368 1342 460 1370 κανὼν
478 1343 514 1370 οδ¹
529 1352 536 1360 ·
561 1345 669 1372 συνόδου
692 1345 857 1381 Ἀντιοχείας
868 1354 917 1372 κα-

120 1386 174 1415 νὼν
190 1387 219 1414 ιδ’
224 1409 231 1420 ,
244 1387 290 1415 ιε’·
303 1390 413 1417 συνόδου
429 1391 601 1426 Χαλκηδόνος
625 1391 714 1419 κανὼν
729 1391 762 1424 θ’,
782 1391 814 1425 ιζ’
831 1401 838 1408 ”
853 1401 916 1419 συν-

118 1434 180 1461 όδου
199 1434 336 1471 Σαρδικῆς
363 1437 455 1463 κανὼν
476 1437 511 1471 γ’,
530 1437 560 1471 ε’,
591 1437 621 1464 ιδ’
638 1445 645 1453 ·
673 1439 782 1466 συνόδου
804 1439 917 1474 Καρθα-

120 1481 220 1516 γέννης
239 1481 329 1509 κανὼν
347 1481 388 1515 ιε’,
405 1482 459 1518 κη’,
475 1483 526 1519 ρη’,
542 1483 603 1520 ρκα¹
621 1485 668 1511 καὶ
683 1484 744 1520 ρκη“
760 1492 767 1499 ·

152 1528 307 1563 Κείμενον.
323 1529 363 1556 Τὰ
378 1530 520 1564 ὀφείλοντα
543 1531 573 1558 ὲν
599 1531 735 1567 τούτῳτῷ
762 1532 914 1568 κεφαλαίῳ,

121 1582 150 1601 κ.
166 1583 191 1603 τ.
205 1575 243 1606 λη
259 1583 346 1610 usque
360 1576 394 1604 ad
405 1578 497 1604 ἐκεῖνα
506 1578 652 1612 ἀνάγνωθι.

157 1621 285 1649 ΚΕΦΔΛ.
301 1621 347 1656 τ.
365 1637 402 1643 --
418 1623 488 1658 Περὶ
512 1623 780 1659 ἀναψηλαφήσεως
805 1624 916 1660 ψήφων
929 1620 952 1650 C

120 1667 309 1695 ἐπισκόπων.

158 1726 272 1753 Συνόδου
295 1727 462 1764 Ἀντιοχείας
484 1727 575 1756 κανὼν
591 1727 619 1762 ς’
629 1735 637 1744 ⁸
654 1729 763 1756 συνόδου
779 1728 917 1764 Σαρδικῆς

122 1773 214 1800 κανὼν
232 1777 268 1809 γ’,
283 1773 316 1808 δ’,
333 1773 364 1808 ε’,
377 1774 408 1802 ιδ’
419 1783 426 1790 ·
441 1776 551 1803 συνόδου
564 1775 761 1812 Καρθαγέννης
772 1776 863 1803 κανὼν
876 1775 919 1809 ιδ’,

123 1819 166 1853 ιε’,
185 1824 240 1856 κη’,
258 1821 306 1856 οθ’,
325 1821 384 1856 ις’,
400 1821 471 1858 ρκβ’,
490 1825 557 1859 ρκε’.

159 1868 317 1903 Κείμενον.
344 1869 376 1895 Ἡ
391 1867 416 1904 η’
431 1869 503 1896 διάτ.
530 1868 578 1896 τοῦ
593 1867 614 1896 δ’
628 1869 682 1897 τίτ.
707 1869 755 1897 τοῦ
772 1873 796 1897 α’
816 1869 919 1906 βιϐλίου

122 1916 191 1950 φησι
204 1915 245 1941 ὅτι
263 1915 291 1942 αἱ
308 1915 362 1942 τῶν
385 1915 555 1948 ἐπισκόπων,
566 1923 593 1942 κ.
619 1924 644 1942 τ.
665 1916 705 1949 λ..
725 1924 813 1951 usque
824 1917 857 1944 ad
870 1925 919 1952 try

122 1960 253 1986 ὑπόθεσιν
269 1959 438 1996 ἀναπέμπει.

159 2017 298 2052 Σχόλιον.
325 2018 357 2045 Ἡ
379 2016 404 2053 η’
429 2018 501 2045 ὄιάτ.
525 2017 573 2045 τοῦ
599 2017 620 2044 δ’
641 2018 694 2045 τίτ.
710 2018 756 2046 τοῦ
776 2017 800 2045 α’
817 2019 920 2054 βιϐλίου

121 2063 154 2090 οὺ
173 2065 262 2091 κεῖται
278 2065 318 2096 είς
339 2065 374 2091 τὰ
400 2064 549 2096 Βασιλικὰ,
577 2065 638 2091 οὐδὲ
665 2066 681 2101 ἡ
704 2064 744 2092 κθ¹
769 2065 839 2092 διάτ.
871 2065 919 2092 τοῦ

122 2109 208 2136 αὑτοῦ
227 2110 292 2143 τίτ.,
309 2111 326 2146 ἠ
343 2109 365 2145 β’
377 2110 448 2138 διάτ.
468 2110 516 2137 τοῦ
537 2109 562 2137 α’
577 2111 630 2139 τίτ.
655 2112 709 2138 τῶν
721 2111 837 2147 Νεαρῶν
862 2111 921 2138 ἐστι

123 2165 189 2190 κεφ.
204 2155 248 2187 λς’
266 2156 316 2191 τῆς
344 2155 403 2192 ρκγ¹
422 2157 534 2192 νεαρᾶς,
549 2156 618 2192 ὅπερ
633 2157 712 2191 ἐτέθη
735 2158 764 2183 ἐν
780 2156 875 2192 βιϐλίῳ
895 2155 920 2190 γ’

122 2202 178 2228 τῶν
199 2201 353 2228 Βασιλικῶν
369 2202 422 2229 τίτ.
441 2201 475 2235 α’,
492 2211 556 2237 κεφ.
580 2203 634 2238 μδ’,
653 2202 700 2230 καί
717 2211 783 2238 φησι
801 2204 835 2229 τὰ
849 2203 920 2230 αὑτὰ

125 2248 222 2284 σχεδὸν
236 2249 288 2276 ὅσα
302 2250 342 2280 εἰς
366 2249 397 2275 τὸ
412 2249 539 2284 κείμενον
563 2249 782 2285 συνωψίσθησαν.
801 2250 876 2286 Πλὴν
891 2251 919 2276 ὲν

122 2295 164 2330 τῷ
177 2295 250 2322 τέλει
264 2294 311 2322 τοῦ
327 2295 410 2322 αὑτοῦ
426 2304 490 2330 κεφ.
501 2296 584 2331 φησὶν
600 2297 616 2331 ὴ
630 2296 716 2332 νεαρὰ
728 2296 816 2323 ταῦτα
826 2305 833 2312 ·
848 2297 878 2323 Ei
892 2297 920 2323 δὲ

121 2341 350 2377 ἐκκλησιαστικὸν
378 2341 422 2376 εἰη
450 2342 480 2369 τὺ
504 2343 633 2378 πρᾶγμα,
658 2343 794 2378 μηδεμίαν
823 2351 920 2370 κοινω-

123 2387 185 2414 νίαν
193 2389 331 2423 ἐχέτωσαν
339 2389 364 2415 οἱ
375 2388 508 2415 πολιτικοὶ
515 2389 644 2424 ἄρχοντες
654 2389 722 2425 πρὸς
733 2390 782 2425 τὴν
791 2389 920 2425 τοιαύτην

122 2433 266 2466 ὑπόθεσιν,
288 2433 347 2460 ἀλλ’
366 2434 391 2460 οἱ
417 2433 560 2461 όσιώτατοι
585 2434 730 2462 ἐπίσκοποι
756 2435 827 2461 κατὰ
857 2435 920 2466 τοὺς

124 2481 217 2516 ἱεροὺς
232 2479 349 2512 κανόνας
363 2480 403 2516 τῷ
424 2481 569 2516 πράγματι
596 2481 682 2517 πέρας
708 2480 916 2508 ὲτιιτιθέτωσαν.

124 2526 278 2560 Ἀνάγνωθι
293 2527 341 2553 καὶ
357 2527 387 2553 τὸ
403 2525 443 2562 με’
459 2535 522 2561 κεφ.
536 2527 584 2553 τοῦ
599 2526 623 2553 α’
644 2528 697 2555 τίτ.
711 2527 757 2554 τοῦ
773 2526 796 2561 γ’
816 2527 920 2563 βιϐλίου

122 2575 179 2602 τῶν
204 2574 358 2602 Βασιλικῶν
377 2575 459 2611 μέρος
482 2574 512 2601 ὃν
537 2574 588 2609 τῆς
610 2578 670 2609 ρκγ¹
702 2575 920 2602 Ἰουστινιανείου

123 2623 235 2658 νεαρᾶς,
253 2623 301 2649 καὶ
319 2622 396 2656 λέγον
415 2621 517 2649 ταῦτα·
533 2622 564 2648 ΕΖ
578 2630 650 2652 τινες
663 2622 690 2648 δὲ
705 2622 848 2648 όσιώτατοι
862 2622 921 2648 ἐπί-

125 2677 224 2696 σκοποι
239 2669 290 2704 τῆς
302 2668 387 2704 αὐτῆς
409 2668 518 2695 συνόδου
535 2667 742 2704 ἀμφισϐήτησίν
763 2677 824 2695 τινα
852 2668 922 2704 πρὸς

125 2715 257 2750 ἀλλήλους
281 2716 388 2751 ἑχοιειν,
404 2715 460 2742 εῑτε
473 2715 543 2750 ὑπὲρ
562 2714 790 2749 ὲκκλησιαστικοῢ
804 2715 921 2746 δικαίου,

125 2763 181 2789 εἴτε
201 2762 272 2799 ὑπὲρ
286 2762 375 2789 ἄλλων
390 2761 471 2788 τινῶν
485 2762 669 2797 πραγμάτων,
690 2761 823 2797 πρότερον
837 2761 852 2788 ὁ
870 2770 922 2797 μη-

125 2808 289 2844 τροπολίτης
305 2807 396 2834 αὐτῶν
422 2807 482 2843 μεθ’
502 2807 604 2841 ἐτέρων
628 2806 676 2833 δύο
704 2808 736 2834 ὲκ
759 2807 813 2834 τῶν
837 2807 923 2842 αὐτῆς

127 2855 239 2882 συνόδου
260 2855 421 2882 ἐπισκόπων
443 2855 474 2880 τὸ
498 2855 616 2890 πρᾶγμα
633 2853 760 2888 κρινέτω,
777 2854 825 2880 καὶ
844 2855 869 2880 εἰ
886 2854 923 2889 μὴ

127 2901 284 2937 ἐμμένοιεν,
315 2901 446 2936 ἑκάτερον
466 2902 549 2936 μέρος
571 2901 627 2931 τοῖς
647 2900 823 2935 κεκριμένοις
849 2908 924 2934 τηνι-

128 2950 219 2978 καῦτα
234 2949 249 2976 ὁ
266 2948 475 2985 μακαριώτατος
494 2947 669 2984 πατριάρχης
686 2947 735 2982 τῆς
760 2946 922 2982 διοικήσεως

1003 769 1081 798 CAP.
1102 769 1149 797 ill.
1167 786 1199 791 --
1215 770 1245 798 Si
1259 765 1377 806 quis‘ubi
1391 772 1423 799 de
1437 771 1527 799 multis
1543 772 1704 800 criminibus
1716 773 1770 801 cle-

970 817 1054 843 ricum
1066 817 1213 850 accucuvit,
1229 817 1347 852 primum
1370 820 1535 854 propositum
1550 823 1630 854 caput
1643 826 1695 846 non
1708 827 1772 855 pro-

970 863 1022 890 bet.

937 926 958 953 Β
1010 909 1126 937 Concilii
1142 908 1369 945 Carthaginiensis
1388 917 1478 938 canon
1494 910 1558 938 154.

1009 967 1088 995 CAP.
1103 966 1147 994 IV.
1161 981 1196 987 —
1211 967 1293 994 Deiis
1307 967 1353 1002 qui
1367 967 1422 994 suis
1435 966 1562 1001 episcopi:
1571 974 1624 994 non
1636 967 1771 1000 obediunt,

977 1019 1002 1042 et
1024 1015 1056 1042 de
1078 1015 1210 1050 episcopo,
1235 1014 1311 1049 quia
1340 1022 1387 1042 suo
1413 1015 1535 1050 cpiacopo
1558 1014 1670 1050 ejectum
1691 1018 1738 1042 aut
1755 1023 1772 1041 α

974 1061 1157 1089 communione
1171 1061 1310 1088 exclusum
1325 1061 1428 1096 recipit.

1010 1152 1127 1181 Concilii
1143 1153 1308 1181 Antiocheni
1319 1160 1408 1181 canon
1425 1153 1453 1186 5,
1470 1153 1503 1187 6;
1527 1155 1637 1184 concilii
1655 1156 1773 1185 Cartha-

974 1199 1095 1235 ginensis
1113 1207 1202 1227 canon
1219 1199 1246 1233 9,
1261 1199 1308 1234 29,
1323 1199 1369 1234 62,
1383 1199 1428 1233 79,
1447 1200 1497 1227 122
1511 1207 1539 1228 et.
1555 1201 1616 1231 158.

1008 1256 1085 1284 CAP.
1107 1255 1139 1286 V.
1156 1272 1191 1277 —
1209 1257 1247 1285 De
1262 1258 1446 1285 controversiis
1468 1259 1650 1295 episcoporum
1667 1265 1692 1288 et
1719 1261 1773 1289 cte-

976 1304 1103 1330 ricorum.

1009 1349 1204 1384 Apostolorum
1237 1356 1326 1377 canon
1348 1349 1398 1383 71;
1416 1350 1526 1377 concilii
1547 1350 1710 1379 Antiocheni
1730 1359 1774 1380 ca-

978 1403 1032 1422 non
1045 1395 1090 1426 14,
1115 1394 1167 1427 15;
1183 1394 1292 1421 concilii
1313 1394 1548 1422 Chalcedonensis
1570 1403 1658 1423 canon
1677 1396 1704 1429 9,
1720 1397 1769 1431 17;

973 1441 1084 1469 concilii
1110 1440 1284 1468 Sardiceusis
1299 1447 1389 1467 canon
1408 1440 1436 1471 5.
1452 1441 1478 1473 5,
1503 1441 1555 1473 14ς
1580 1442 1691 1470 concilii
1705 1442 1773 1471 Car-

975 1486 1143 1521 thagiueusis
1159 1493 1246 1513 canon
1266 1485 1310 1517 15,
1327 1485 1373 1518 28,
1391 1485 1453 1517 120,
1472 1486 1533 1518 121,
1551 1485 1611 1514 128.

1011 1531 1119 1561 Textus.
1136 1532 1202 1566 Quae
1215 1533 1242 1560 in
1259 1533 1311 1560 hoc
1327 1539 1388 1567 cap.
1404 1532 1540 1566 aunotari,
1555 1537 1621 1567 etc.,
1638 1541 1721 1569 usque
1736 1534 1771 1561 ad

974 1587 1101 1615 qttmreus
1116 1579 1185 1615 lege,
1205 1584 1233 1606 ut
1250 1587 1313 1615 pag.
1331 1578 1396 1606 726.

1004 1625 1080 1654 CAP.
1109 1625 1153 1653 Vl.
1169 1640 1204 1647 —
1221 1626 1260 1653 De
1289 1626 1480 1654 retractatione
1504 1625 1697 1654 sententiarum
1715 1626 1772 1662 epi-

975 1672 1135 1708 mapalium.

1011 1729 1127 1757 Concilii
1147 1729 1312 1757 Antiocheni
1326 1736 1414 1757 canon
1429 1729 1461 1762 6;
1478 1729 1587 1757 concilii
1600 1729 1773 1758 Sardicensis

975 1783 1064 1804 canon
1079 1776 1106 1808 ὅ,
1124 1775 1151 1809 Α,
1175 1776 1202 1809 5,
1225 1776 1260 1804 14
1275 1784 1284 1810 ;
1302 1775 1412 1803 concilii
1431 1774 1656 1811 Carthaginensis
1683 1783 1772 1804 canon

977 1822 1021 1854 14,
1040 1822 1083 1853 15,
1101 1821 1146 1855 28,
1162 1821 1206 1854 79,
1220 1821 1264 1855 96,
1280 1821 1342 1854 122,
1358 1821 1417 1849 125.

1013 1868 1120 1896 Textus.
1137 1868 1233 1896 Coust.
1249 1868 1276 1901 8,
1291 1869 1333 1895 tit.
1348 1868 1374 1900 5,
1389 1868 1435 1896 lib.
1452 1870 1480 1898 t,‘
1498 1867 1534 1895 ait
1549 1876 1556 1895 :
1569 1867 1648 1901 Quod
1662 1872 1773 1896 senten-

974 1916 1020 1944 tiae
1036 1917 1240 1951 episcoporum,
1257 1920 1324 1949 etc.,
1339 1923 1422 1951 usque
1443 1914 1477 1942 ad
1494 1914 1640 1951 delegavit,
1659 1915 1771 1949 referto,

976 1967 1005 1989 ut
1020 1970 1082 1997 pag.
1097 1962 1160 1990 727.

1013 2019 1159 2047 Srholium.
1176 2018 1272 2046 Const.
1287 2018 1304 2046 8
1331 2019 1372 2046 tit.
1388 2018 1406 2046 Δ
1437 2019 1484 2045 lib.
1510 2027 1518 2046 I
1540 2026 1595 2046 non
1620 2023 1663 2047 est
1683 2020 1771 2054 posita

977 2066 1004 2093 in
1019 2065 1100 2093 Basil.
1111 2073 1199 2100 neque
1210 2065 1333 2100 ejusdem
1346 2064 1387 2093 tit.
1398 2070 1489 2091 coast.
1499 2063 1544 2096 29,
1555 2069 1645 2092 const.
1659 2064 1687 2098 2,
1700 2065 1741 2092 tit.
1756 2065 1768 2091 1

975 2111 1160 2144 Nmellaruut,
1176 2115 1219 2138 est
1243 2119 1302 2146 cap.
1326 2111 1361 2138 55
1384 2110 1498 2138 novella:
1519 2110 1585 2144 125,
1605 2110 1680 2145 quod
1698 2111 1772 2145 posi-

976 2162 1034 2184 tum
1050 2157 1130 2184 estin
1150 2157 1196 2184 lib.
1214 2164 1243 2184 ill
1259 2157 1340 2184 Basil.
1355 2157 1397 2184 tit.
1418 2157 1442 2189 1,
1459 2164 1519 2191 cap.
1536 2157 1581 2189 41,
1599 2163 1630 2184 ac
1647 2156 1714 2183 dicit
1726 2163 1770 2183 ca-

977 2205 1037 2231 dem
1053 2204 1118 2236 l'ere,
1130 2212 1192 2238 qua:
1209 2204 1234 2230 in
1249 2209 1323 2230 textu
1343 2204 1394 2231 sub
1410 2203 1574 2239 compendio
1587 2206 1652 2230 sunt.
1669 2210 1770 2237 propo-

977 2250 1040 2277 sita.
1057 2249 1253 2277 Verumtamen
1271 2250 1297 2276 in
1314 2249 1366 2276 ﬁne
1383 2249 1506 2284 ejusdem
1523 2257 1583 2284 cap.
1596 2248 1702 2276 norella
1715 2250 1772 2276 lucc

938 2306 959 2333 [ι
974 2296 1061 2324 dicit:
1076 2296 1104 2323 Si
1120 2295 1340 2324 ecclesiasticum
1357 2296 1497 2331 negotium
1507 2296 1554 2329 sit,
1571 2295 1675 2323 nullam
1695 2302 1772 2323 com-

972 2343 1132 2370 muniouem
1148 2343 1267 2370 habento
1277 2342 1371 2370 civiles
1385 2342 1564 2378 magistratus
1579 2350 1641 2370 cum
1659 2350 1691 2370 ea
1703 2351 1770 2371 cou-

972 2388 1105 2416 troversia
1129 2396 1136 2415 :
1159 2388 1206 2416 sed
1236 2387 1435 2424 religiosissimi
1457 2389 1581 2424 episcopi
1613 2392 1770 2418 secundum

973 2442 1069 2463 sacros
1092 2442 1215 2463 canones
1238 2435 1348 2471 negotio
1377 2435 1457 2462 tinem
1482 2435 1653 2470 impouuuto.
1684 2435 1771 2472 Legas

971 2483 1053 2510 etiam
1077 2482 1113 2510 45
1128 2488 1190 2518 cap.
1216 2483 1257 2509 tit.
1280 2483 1292 2509 1
1318 2482 1366 2510 lib.
1384 2490 1415 2509 ιιι
1436 2481 1521 2510 Basil.
1545 2482 1619 2518 quod
1643 2491 1707 2518 pars
1729 2491 1773 2511 est

974 2529 1026 2556 123
1040 2529 1219 2557 ,Ιιιειίιιίοηθιιξ
1237 2529 1360 2561 novellae.
1370 2534 1452 2565 atque
1465 2530 1522 2558 haec
1530 2530 1597 2557 dicit
1614 2540 1621 2557 :
1638 2530 1771 2558 Praete;ea

973 2575 996 2603 si
1006 2575 1053 2610 qui
1066 2575 1190 2611 ejusdem
1199 2575 1295 2610 synodi
1307 2575 1508 2611 religiosissimi
1518 2576 1638 2611 cpiscopi
1652 2576 1772 2612 aliquam

974 2623 1046 2650 inter
1056 2630 1086 2650 se
1096 2623 1311 2650 controversiam
1322 2622 1451 2656 habeant,
1460 2623 1516 2650 sive
1525 2623 1559 2650 de
1573 2623 1636 2658 jure
1646 2623 1774 2650 ecclesia-

973 2670 1054 2702 stico,
1073 2669 1130 2697 sive
1149 2670 1183 2697 de
1197 2669 1361 2704 quibusdam
1374 2669 1435 2696 aliis
1455 2670 1537 2696 rebus
1557 2670 1653 2704 :prius
1671 2673 1774 2696 metro-

974 2715 1112 2751 politauus
1125 2715 1246 2750 ipsorum
1262 2723 1325 2743 cum
1338 2715 1399 2743 aliis
1415 2715 1523 2743 duobus
1539 2715 1661 2750 ejusdem
1676 2715 1773 2750 synodi

974 2762 1110 2797 episcopis
1122 2770 1178 2789 rem
1188 2761 1347 2797 dijudicato.
1361 2761 1394 2789 Et
1405 2762 1457 2789 uisi
1469 2767 1585 2796 utraque
1598 2761 1775 2796 parsjudica-

975 2809 1010 2836 tis
1025 2809 1130 2836 insistat
1143 2813 1225 2836 :tunc
1238 2808 1413 2837 beatissimus
1423 2808 1579 2843 patriarcha
1588 2808 1660 2836 illius
1673 2808 1773 2835 dioece-

975 2863 1040 2883 seos
1056 2855 1223 2884 audientiam
1243 2856 1310 2891 ipsis
1332 2855 1552 2886 accommodato.
1565 2860 1592 2881 et
1606 2855 1652 2882 illo
1662 2855 1776 2882 statuito

976 2902 1250 2938 qumtccclesiasticis
1267 2902 1421 2929 canouihus
1441 2906 1468 2928 et
1483 2901 1590 2936 legibus
1611 2901 1773 2934 concinunt,

975 2953 1075 2977 neutra
1083 2952 1160 2984 parte
1171 2947 1311 2977 sententia:
1319 2946 1379 2983 ejus
1387 2946 1576 2975 contradicere
1585 2952 1714 2982 qucuntc,
1724 2953 1777 2976 etc.
