1946 3076
191 181 261 214 1103

767 179 899 211 ΡΗΟΤΙΙ
928 178 1182 209 ΡΛΊἫΙΛΒΟΙΙΕ
1201 178 1257 209 CP.

1764 173 1831 206 1104

197 237 306 272 ἐκείνης
329 236 431 272 μεταξὺ
447 235 537 263 αὐτῶν
553 235 709 272 ἀκροάσθω,
736 235 851 261 κάκεῖνα
867 233 991 269 ὀριζέτω,
1012 234 1092 261 ἅτινα
1108 236 1166 266 τοῖς
1203 234 1449 271 ἑκκλησιαστικοῖς
1465 235 1573 268 κανόσι,
1597 236 1645 263 καὶ
1661 235 1718 267 τοῖς
1738 234 1830 270 νόμοις

194 285 318 320 συνᾴδει,
333 284 441 316 οὐδενὸς
457 284 558 319 μέρους
571 283 643 310 κατὰ
656 284 706 318 τῆς
719 282 811 317 ψήφου
823 281 906 308 αὑτοῦ
916 280 1067 315 ἀντιλέγειν
1083 281 1247 317 δυναμένου,
1261 282 1311 309 καὶ
1322 282 1357 310 τὰ
1375 282 1451 318 ἑξῆς.

228 330 305 358 CAP.
336 329 394 357 VII.
416 346 451 351 —-
471 329 502 356 Si
536 330 674 364 episcopus
705 329 831 356 adversus
859 327 986 363 collegam

1077 329 1203 357 ΚΕΦΑΛ.
1239 329 1277 358 Z'.
1304 343 1337 351 —
1362 330 1434 358 Ἐὰν
1461 330 1630 362 ἐπίσκοπος
1654 329 1734 364 ἔχων
1760 328 1834 363 πρὸς

195 376 348 413 [actionem]
366 376 476 410 habent,
494 384 546 403 non
561 381 635 411 agat,
649 375 694 402 sed
717 374 789 411 [cum
806 374 865 410 illo]
881 379 985 402 tractet.

229 425 345 453 Cottcilii
361 424 587 460 Carthaginensis
603 431 691 452 canon
712 423 758 451 20.

230 472 308 500 CAP.
328 471 396 499 VIII.
408 486 443 492 -μ
457 471 570 504 Quando
580 471 717 506 episcopus
737 474 828 497 contra
842 470 990 504 episcopum

192 518 263 553 apud
281 517 383 544 civilem
400 517 587 551 magistratum
607 514 761 552 [actionem]
781 515 988 549 ntauerepossit.

227 564 344 591 Concilii
360 562 587 596 Carthagineusis
601 570 690 590 canon
703 561 749 589 48.

228 611 305 639 CAP.
326 609 373 638 IX.
387 625 424 631 —
440 609 479 636 De
503 609 631 644 episcopis
652 613 676 636 et
699 607 803 635 clericis
827 607 871 643 qui
893 606 990 641 injuste

193 658 238 694 [ex
250 657 429 685 ecclesiastico
446 655 551 691 ordine]
562 655 716 690 ejiciuntur.

227 703 341 731 Concilii
358 701 461 730 Νίσιεηὶ
481 701 595 729 secundi
614 709 702 729 canon
719 700 753 734 1;
770 699 882 728 concilii
894 698 990 726 Sardi-

191 751 284 779 censis
301 757 390 778 canon
405 749 449 782 1L,
465 748 509 781 18,
526 749 568 776 19.

229 796 339 824 Toxlus.
357 795 453 823 Const.
475 795 511 822 25
528 794 569 822 tit.
593 795 610 822 5
637 794 684 822 lib.
705 802 713 822 l
733 794 794 822 cod.
817 793 883 821 facit
913 801 991 821 men-

192 842 379 874 tionem,etc.,
395 849 475 876 usque
491 840 525 867 ad
540 848 555 868 a
571 839 767 868 communione
782 839 991 870 excludatur-,1“

192 896 255 923 pag.
268 887 332 915 750.

230 933 377 961 Scltolium.
394 932 489 960 Const.
516 932 551 960 25
571 931 614 959 tit.
637 931 654 958 '5
674 931 767 964 ιίὺηι,
790 930 852 959 cod.
872 938 926 958 non
949 935 991 958 est

195 978 286 1013 posita
302 977 328 1005 in
345 977 443 1010 Basil.,
461 985 548 1012 neque
560 980 650 1004 const.
665 975 707 1010 58_
730 976 851 1011 ejusdem
866 976 920 1008 tit.,
941 983 990 1003 nec

189 1032 255 1052 vero
272 1024 326 1052 illis
350 1024 473 1051 animum
489 1010 626 1051 advertas.
641 1010 840 1050 Const.autem
863 1022 892 1055 Ξ,
908 1023 948 1049 tit.
973 1023 985 1049 1
1006 1010 1026 1037 Β

197 1071 385 1104 Novellarum,
407 1075 449 1098 est
463 1070 569 1099 novella
589 1069 738 1097 Iustiniani
756 1069 818 1100 1‘25,
836 1077 868 1096 ac
889 1074 932 1096 est
959 1069 986 1095 in

190 1118 240 1146 lib.
253 1118 337 1146 Basil.
354 1126 392 1150 lli,
412 1117 454 1144 lit.
468 1118 494 1150 1,
511 1125 570 1153 cap.
581 1117 626 1150 24,
645 1122 672 1144 ct
681 1118 721 1145 sic
732 1117 816 1145 habet
833 1127 839 1145 :
855 1115 989 1145 Omnibus

188 1164 327 1199 episcOpis
350 1169 379 1191 et
401 1164 569 1199 presbyteris
595 1163 803 1195 interdicimus,
831 1170 865 1190 ne
888 1171 985 1198 quem-

189 1210 262 1245 piam
276 1218 291 1237 a
304 1217 384 1238 sacra
399 1210 595 1237 communione
619 1210 697 1245 prius
725 1214 879 1245 segregent,
902 1216 984 1244 quam

190 1264 275 1284 causa
301 1261 489 1290 monstretur,
516 1256 696 1291 quamobrem
725 1255 904 1283 ecclesiastici
933 1256 986 1283 hoc

186 1309 307 1330 canones
321 1301 379 1328 lieri
393 1301 502 1336 jubent.
525 1300 555 1328 Si
574 1301 636 1336 quis
654 1306 745 1329 autem
775 1302 833 1329 hac
855 1306 951 1329 contra
971 1309 986 1329 a

187 1351 284 1375 sancta
317 1347 517 1374 communione
551 1347 671 1382 aliquem
703 1347 871 1382 separaverit
904 1355 910 1374 :
941 1347 986 1374 ille

188 1394 301 1429 quidem
322 1393 370 1429 qui
393 1392 494 1428 injuste
509 1401 525 1420 a
541 1393 737 1420 communimte
757 1397 901 1428 separatus
921 1392 983 1427 fuit,

187 1439 308 1467 resoluto
328 1438 439 1466 vinculo
464 1446 512 1474 per
532 1438 664 1473 majorem
688 1438 871 1472 sacerdotem,
888 1446 984 1467 sancta

191 1486 291 1520 dignus
314 1485 449 1513 habeatur
465 1485 670 1512 communione.
690 1485 714 1512 Is
727 1492 791 1512 vero
820 1485 866 1520 qui
883 1485 984 1520 injuste

187 1533 307 1567 aliquem
321 1539 336 1559 ιι
352 1535 447 1559 sancta
463 1539 590 1566 separare
605 1532 802 1559 communione
815 1540 901 1560 ausus
925 1534 984 1560 fue-

184 1578 231 1611 rit,
251 1577 382 1605 omnibus
406 1577 497 1605 modis
515 1585 562 1612 per
581 1577 754 1605 sacerdotem
781 1578 834 1605 sub
851 1585 907 1612 quo
924 1579 984 1605 col-

187 1626 292 1653 locatus
320 1630 373 1657 est,
403 1632 419 1652 a
440 1625 636 1653 communione
659 1625 847 1659 separabitur,
864 1631 984 1660 quanto-

186 1679 296 1706 cunque
312 1676 435 1707 tempore
455 1672 494 1699 illi
511 1672 602 1699 visunt
630 1671 683 1699 erit
707 1679 714 1698 :
740 1676 768 1698 ut
791 1671 865 1706 quod
881 1671 984 1706 injuste

185 1719 231 1746 alii
248 1718 322 1752 lecit,
339 1720 398 1753 ipse
409 1718 484 1753 juste
498 1719 643 1745 sustineat.

221 1764 299 1792 CAP.
321 1764 354 1791 Χ.
372 1779 407 1784 —-
424 1764 462 1792 De
495 1764 536 1791 his
561 1765 607 1800 qui
619 1765 651 1790 ab
670 1763 790 1791 Ecclesia
805 1765 844 1792 vel
861 1773 981 1793 commn-

186 1812 262 1838 m'one
296 1817 466 1845 separantur,
492 1816 538 1837 aut
569 1811 724 1845 ejicirmtur.

220 1856 414 1891 Apostolorum
445 1863 535 1883 canon
560 1857 604 1889 12,
619 1856 661 1889 15,
679 1857 711 1883 51
725 1865 732 1890 ;
746 1857 854 1885 concilii
878 1857 900 1884 N
913 1858 981 1885 caeni

185 1909 273 1929 canon
287 1902 315 1934 5,
338 1901 383 1934 12,
401 1901 451 1936 15;
467 1902 575 1930 concilii
591 1903 756 1931 Antiocheni
768 1911 856 1931 canon
868 1903 902 1937 6;
917 1911 982 1931 con-

185 1948 241 1976 cilii
269 1948 418 1976 Laodiceni
435 1955 523 1975 canon
541 1948 594 1980 56;
621 1949 733 1976 concilii
748 1948 984 1977 Chalcedonensis

185 2003 275 2024 canon
300 1996 328 2028 1-,
344 1995 396 2028 16;
420 1995 531 2023 concilii
558 1993 732 2023 Sardiccnsis
748 2003 837 2023 canon
862 1996 904 2028 15,
932 1996 981 2028 14;

186 2042 300 2071 concilii
326 2042 554 2078 Carthagineusis
581 2049 668 2070 canon
685 2042 738 2077 65;
771 2042 881 2071 concilii
915 2043 984 2071 sexti

188 2097 278 2118 canon
294 2089 346 2119 21.

227 2136 337 2164 Toxlus.
365 2136 460 2165 Const.
484 2136 516 2163 Η
538 2136 580 2164 tit.
597 2137 614 2164 5
634 2135 682 2163 lib.
706 2144 715 2163 ι
732 2145 739 2163 :
755 2135 783 2163 Si
801 2136 913 2171 (inquit)
936 2137 983 2172 qui

185 2184 300 2219 judicio,
313 2188 379 2217 etc.,
393 2191 475 2218 usque
490 2183 524 2210 ad
541 2183 714 2218 conjiciatur,
730 2188 758 2209 ut
772 2191 833 2218 pag.
851 2183 913 2210 755.

234 2276 383 2305 Scholium.
406 2276 501 2304 Const.
529 2275 564 2304 14
579 2276 621 2304 tit.
639 2276 656 2304 5
671 2275 719 2303 lib.
745 2283 754 2303 ι
777 2274 838 2303 cod.
870 2281 913 2303 est
933 2275 982 2303 lib.

188 2334 218 2354 ιιι
247 2324 330 2353 Basil.
347 2325 389 2352 tit.
413 2325 439 2358 1,
463 2332 523 2360 cap.
539 2325 565 2357 1,
592 2324 664 2359 quod
686 2323 781 2351 cadent
797 2323 874 2350 dicit.
888 2323 984 2350 Const.

1041 377 1284 407 συνεπίσκοπον,
1292 376 1336 411 μὴ
1352 376 1523 410 δικάσηται,
1538 376 1619 403 ἀλλὰ
1634 374 1709 411 χειρὶ
1724 374 1832 410 πράξῃ.

1077 423 1191 450 Συνόδου
1210 422 1410 459 Καροαγέννης
1427 422 1518 450 κανὼν
1534 421 1570 450 κ’.

1078 470 1205 497 ΚΕΦΛΛ.
1231 468 1273 496 H'.
1289 485 1324 490 ——
1336 471 1412 497 Πότε
1423 469 1549 497 δύναται
1562 469 1731 502 ἐπίσκοπος
1741 468 1835 496 κινεῖν

1041 516 1197 549 emam}qu
1208 517 1288 551 παρὰ
1302 516 1424 551 ἄρχοντι
1443 515 1598 549 πολιτικῷ.

1079 561 1193 588 Συνόδου
1212 560 1410 598 Καροαγέννης
1425 560 1517 588 κανὼν
1536 559 1594 596 μη’.

1078 607 1206 634 ΚΕΦΑΛ.
1221 606 1259 634 Θ¹.
1275 622 1310 627 -
1327 607 1397 641 Περὶ
1413 606 1473 633 τῶν
1485 606 1594 639 ἀδίκως
1606 605 1835 640 ἐκϐαλλομένω

1041 653 1218 681 ἐπισκόπων
1232 653 1282 681 καὶ
1295 654 1335 680 κλ
1340 651 1458 687 ηρικῶν.

1042 694 1048 699 ”
1078 700 1194 727 Συνόδου
1207 700 1324 733 Νικαίας
1350 700 1382 727 τὸ
1399 699 1421 736 β’
1437 699 1528 728 κανὼν
1551 699 1571 727 δ’
1585 708 1592 715 ’
1610 699 1720 727 συνόδου
1739 698 1835 735 Σαρδι-

1043 747 1094 782 κῆς
1109 745 1153 779 ιδ’,
1169 745 1215 782 ιη’,
1233 745 1277 773 tli'.

1078 792 1233 826 Κειμενον,
1254 792 1287 819 Ἠ
1299 791 1342 827 κγ’
1356 793 1427 820 διάτ.
1444 792 1492 819 τοῦ
1504 795 1529 826 γ’
1544 792 1598 820 τίτ.
1618 792 1666 819 τοῦ
1682 791 1707 818 α’
1734 790 1837 826 βιϐλίου

1041 838 1090 865 τοῦ
1103 839 1229 873 κώδικος,
1242 848 1271 867 κ.
1287 849 1313 867 τ.
1329 839 1356 867 λ.
1371 847 1459 876 usque
1473 840 1507 868 ad
1523 840 1537 866 ὁ
1554 839 1644 876 ἱερεὺς
1658 839 1703 875 ὑφ’
1717 840 1747 866 ὃν
1761 839 1836 866 τελεῖ

1044 885 1174 912 συνεῖδεν.

1078 934 1217 967 Σχόλιον.
1240 933 1273 960 Ἣ
1285 932 1328 969 κγ’
1343 933 1414 961 διάτ.
1432 933 1481 960 τοῦ
1497 932 1522 968 γ’
1538 933 1591 961 τίτ.
1609 933 1656 961 τοῦ
1682 933 1707 962 α’
1733 933 1836 969 βιϐλίου

1042 980 1089 1006 τοῦ
1117 980 1234 1012 κώδικος
1263 981 1314 1008 οὐκ
1334 980 1415 1017 ἐτέθη
1441 981 1481 1012 είς
1499 980 1534 1007 τὰ
1556 981 1701 1014 Βασιλικὰ,
1732 981 1791 1008 οὐδὲ
1818 983 1836 1017 ἡ

1042 1027 1083 1062 λη’
1091 1027 1161 1054 διάτ.
1173 1027 1219 1054 τοῦ
1231 1028 1314 1054 αὑτοῦ
1325 1028 1380 1056 τίτ.
1396 1029 1443 1056 καὶ
1456 1029 1492 1064 μὴ
1504 1028 1628 1064 προσχῆς
1637 1028 1753 1059 τούτοις.
1766 1028 1798 1055 Ἠ
1807 1028 1837 1054 δὲ

1045 1073 1068 1109 β’
1085 1074 1156 1101 διάτ.
1173 1074 1221 1100 τοῦ
1235 1073 1260 1101 α’
1277 1075 1330 1102 τίτ.
1342 1075 1395 1101 τῶν
1407 1075 1534 1110 Νεαρῶν,
1549 1076 1607 1101 ἐστι
1620 1075 1706 1110 νεαρὰ
1727 1075 1838 1101 Ἰουστι-

1044 1120 1159 1152 νιάνειος
1172 1119 1243 1156 ρκγ’,
1262 1121 1409 1156 καὶηκεῖται
1418 1122 1446 1148 ὲν
1462 1121 1557 1156 βιϐλίῳ
1567 1121 1622 1148 τῷν
1635 1120 1787 1148 Βασιλικών
1800 1119 1836 1154 γ’.

1042 1165 1095 1193 τίτ.
1121 1165 1157 1198 α’,
1180 1175 1243 1201 κεφ.
1259 1167 1310 1199 κδ’,
1332 1167 1418 1198 οὓτως
1441 1167 1550 1202 ἔχουσα·
1574 1167 1644 1193 [ἰᾶσι
1659 1166 1688 1193 δὲ
1705 1167 1761 1197 τοῖς
1776 1167 1837 1192 ἐπι·

1043 1211 1164 1244 σκόποις,
1181 1211 1197 1247 ἢ
1211 1212 1258 1238 καὶ
1275 1212 1472 1248 πρεσϐυτέροις
1490 1211 1701 1247 ἀπαγορεύομεν
1727 1210 1764 1245 μὴ
1782 1212 1836 1244 ἀφ-

1043 1256 1145 1292 ορίζειν
1159 1258 1222 1284 τινὰ
1229 1257 1279 1293 τῆς
1293 1257 1375 1291 ἁγίας
1386 1258 1538 1290 κοινωνίας,
1550 1256 1641 1292 πρὶνῆ
1654 1256 1727 1283 αἰτία
1743 1255 1834 1291 δειχθῇ

1040 1302 1074 1329 δι’
1091 1303 1126 1338 ἢν
1140 1303 1165 1329 of.
1180 1303 1406 1338 ὲκκλησιαστικοὶ
1425 1304 1537 1335 κανόνες
1551 1302 1631 1329 τοῦτο
1650 1302 1777 1337 γενέσθαι
1790 1311 1836 1328 κε-

1040 1349 1180 1383 λεύουσιν,
1200 1351 1224 1376 εί
1239 1350 1268 1376 δέ
1288 1358 1330 1381 τις
1347 1351 1424 1385 παρὰ
1449 1349 1498 1385 τῆς
1515 1349 1596 1384 ἁγίας
1611 1349 1753 1380 κοινωνίας
1772 1350 1835 1376 τινὰ

1040 1396 1158 1433 χωρίσῃ,
1176 1396 1280 1427 ἐκεῖνος
1308 1396 1358 1432 μὲν
1372 1395 1400 1427 ὅς
1418 1396 1520 1427 ἀδίκως
1544 1395 1599 1422 ἀπὸ
1622 1395 1672 1430 τῆς
1692 1394 1835 1426 κοινωνίας

1039 1442 1188 1478 ἐχωρίσθη,
1208 1442 1341 1477 λυομένου
1368 1442 1416 1469 τοῦ
1441 1442 1543 1477 δεσμοῦ
1568 1442 1622 1469 ὑπὸ
1643 1441 1691 1468 τοῦ
1711 1441 1835 1477 μείζονος

1041 1490 1136 1525 ἱερέως
1151 1489 1201 1525 τῆς
1220 1489 1302 1524 ἁγίας
1318 1489 1454 1521 ὰξιούσθω
1470 1489 1624 1521 κοινωνίας,
1649 1489 1664 1514 ὁ
1679 1488 1707 1514 δὲ
1732 1489 1834 1519 ἀδίκως

1038 1535 1100 1563 τινὰ
1115 1537 1164 1571 τῆς
1185 1536 1266 1570 ἁγίας
1288 1535 1433 1565 κοινωνίας
1458 1535 1598 1571 τολμήσας
1624 1535 1740 1570 χωρίσαι
1764 1535 1834 1561 πᾶσι

1037 1581 1148 1617 egomt;
1158 1582 1211 1608 ὑπὸ
1223 1581 1270 1608 τοῦ
1281 1582 1375 1616 ἱερέως
1386 1580 1433 1615 ὑφ’
1446 1580 1475 1607 ἣν
1486 1581 1617 1607 τέτακται
1630 1579 1835 1615 χωρισοήσεται

1037 1629 1087 1663 τῆς
1116 1628 1259 1659 κοινωνίας
1286 1629 1328 1662 ἐφ’
1350 1628 1413 1654 ὅσον
1443 1627 1537 1662 συνίδῃ
1566 1627 1680 1659 ἐκεῖνος,
1701 1626 1745 1652 ἵνα
1765 1627 1836 1660 ὅπερ

1038 1675 1139 1706 ἀδίκως
1155 1674 1280 1710 ἐποίησε,
1299 1674 1401 1705 ἀδίκως
1417 1673 1564 1709 ὑπομείνῃ,

1079 1767 1213 1795 ΚΕΦΑΝ.
1251 1766 1279 1794 I'.
1312 1782 1347 1786 —
1376 1766 1447 1801 Περὶ
1471 1765 1531 1793 τῶν
1558 1765 1789 1800 ἀφοβζομένιιηο,
1816 1766 1837 1800 ἢ

1041 1813 1274 1849 ἐκϐαλλομένων
1285 1812 1341 1847 τῆς
1360 1813 1547 1846 Ἐκκλησίας
1567 1813 1585 1846 ἢ
1596 1812 1651 1846 τῆς
1663 1813 1838 1845 κοινωνίας.

1083 1860 1253 1887 Ἀποστόλων
1269 1859 1359 1886 κανὼν
1384 1858 1428 1894 ιβ’,
1449 1858 1495 1894 ιγ’,
1512 1858 1563 1894 λβ’,
1580 1863 1618 1886 να¹
1630 1868 1636 1874 ·
1660 1859 1771 1886 συνόδου
1787 1860 1840 1886 Νι-

1041 1907 1123 1939 καίας
1132 1905 1222 1933 κανὼν
1232 1909 1262 1938 ε’,
1274 1905 1318 1941 ιβ’,
1329 1905 1379 1940 ιγ’·
1392 1905 1502 1932 συνόδου
1511 1906 1677 1940 Ἀντιοχείας
1688 1905 1778 1932 χανὼν
1789 1909 1820 1938 ς’
1830 1913 1838 1921 ⁸

1044 1953 1155 1980 συνόδου
1181 1953 1343 1984 Λαοδικείας
1370 1952 1461 1979 κανὼν
1486 1951 1553 1984 λς’·
1581 1953 1691 1979 συνόδου
1722 1953 1841 1988 Χαλκη-

1042 2000 1117 2031 δόνος
1132 1999 1223 2026 κανὼν
1238 1998 1271 2031 δ’,
1291 1998 1338 2031 ις’·
1356 1999 1466 2026 συνόδου
1481 1999 1617 2036 Σαρδικῗμ
1640 1999 1731 2026 κανὼν
1748 1999 1775 2031 ι’,
1791 1999 1839 2034 ιγ’,

1045 2045 1074 2072 ιδ’
1094 2053 1101 2060 ⁸
1113 2045 1223 2072 συνόδου
1254 2045 1453 2081 Καρθαγέννης
1469 2045 1571 2079 ,κανὼν
1601 2045 1636 2079 ξε¹
1650 2055 1656 2062 ’
1672 2046 1782 2073 συνόδου
1810 2046 1841 2079 ς’

1042 2092 1134 2120 κανὼν
1149 2091 1200 2120 κα’.

1077 2139 1233 2174 Κείμενον.
1261 2141 1293 2166 Ἦ
1309 2139 1339 2166 ιδ’
1353 2139 1423 2167 διάτ.
1443 2139 1520 2174 τοῦγ
1543 2139 1595 2166 τίτ.
1621 2138 1668 2166 τοῦ
1684 2138 1708 2165 α’
1732 2139 1841 2174 βιϐλίου

1043 2184 1130 2219 λέγει,
1151 2195 1177 2213 κ.
1195 2194 1221 2212 τ.
1237 2185 1275 2219 λ.,
1294 2194 1382 2221 usque
1397 2187 1430 2213 ad
1449 2186 1534 2222 ἄλλης
1547 2186 1684 2222 ἐπαρχίας
1703 2186 1840 2221 ἐμϐαλλε-

1041 2240 1096 2259 ται.

1042 2315 1043 2318 η
1080 2278 1222 2313 Σχόλιυν.
1245 2279 1278 2305 Ἡ
1303 2279 1333 2306 ιδ’
1350 2279 1420 2306 διάτ.
1447 2278 1493 2305 τοῦ
1510 2287 1528 2313 γ
1556 2279 1609 2305 τίτ.
1629 2278 1677 2305 τοῦ
1693 2277 1716 2305 α’
1733 2277 1841 2313 βιϐλίου

1043 2324 1090 2352 τοῦ
1109 2325 1235 2358 κώδικος,
1249 2326 1307 2352 ἐστι
1324 2326 1427 2361 βιϐλίον
1442 2325 1464 2360 γ’
1477 2326 1533 2352 τῶν
1547 2325 1710 2356 Βασιλικῶν,
1727 2325 1781 2352 τίτ.
1801 2324 1839 2356 σι’,

189 2373 237 2406 ‘25,
255 2373 296 2399 tit.
315 2372 343 2405 5,
361 2372 407 2399 lib.
423 2380 430 2398 ι
447 2372 507 2399 cod.
521 2379 576 2398 non
598 2375 640 2398 est
653 2370 741 2405 posita
757 2371 783 2396 in
798 2369 882 2397 Itasil.
893 2370 986 2398 Const.

1047 2380 1108 2406 κεφ.
1134 2370 1170 2404 α’,
1192 2373 1239 2398 καὶ
1266 2372 1342 2406 λέγει
1362 2372 1397 2399 τὰ
1422 2373 1503 2400 αὐτά.
1531 2372 1563 2399 Ἦ
1580 2371 1622 2406 κγ’
1649 2372 1720 2399 διάτ.
1745 2372 1794 2398 τοῦ
1814 2370 1840 2404 γ’

194 2419 220 2452 5,
248 2418 290 2445 tit.
321 2418 334 2445 1
358 2416 552 2450 Novellarum,
569 2421 612 2444 est
641 2416 746 2444 novella
766 2416 914 2443 Justiniani
942 2415 989 2442 41.

191 2465 250 2492 Iloc
267 2469 359 2492 autem
384 2464 445 2500 ejus
469 2471 530 2499 cap.
557 2471 613 2492 non
638 2468 677 2491 est
706 2467 825 2498 postum
850 2463 876 2490 in
907 2462 988 2491 Basil.

189 2513 285 2539 Const.
301 2511 332 2542 2,
350 2510 390 2538 tit.
408 2510 420 2536 1
453 2508 629 2537 Novellarum
646 2513 690 2536 est
718 2509 823 2536 novella
839 2507 991 2535 Iustiniani

192 2559 257 2592 125,
271 2558 417 2594 positaque
432 2560 474 2584 est
490 2557 518 2583 in
543 2556 592 2583 lib.
610 2563 639 2583 III
661 2555 745 2583 Basil.
764 2556 805 2583 tit.
824 2555 850 2588 1,
866 2562 927 2590 cap.
943 2555 989 2590 26,

190 2605 266 2641 quod
281 2605 321 2632 sic
336 2604 435 2631 habet:
450 2602 531 2630 Certe
545 2602 568 2630 si
580 2604 644 2636 quis
653 2602 800 2636 episcopus
813 2609 876 2628 cum
889 2609 987 2629 secun-

195 2653 263 2680 dum
277 2658 371 2678 sacros
385 2657 506 2677 canones
527 2648 683 2677 sacerdotio
697 2649 801 2683 ejectus
816 2652 869 2680 est,
883 2648 990 2683 ingredi

196 2700 336 2727 civitatem
354 2696 429 2724 ausit.
442 2703 474 2723 ex
489 2702 544 2730 qua
559 2694 674 2730 ejectus,
692 2699 740 2722 aut
757 2694 848 2722 locum
871 2693 990 2722 derelin-

194 2751 281 2781 quere
305 2744 333 2771 in
362 2750 421 2777 quo
445 2741 545 2778 degere
564 2741 660 2777 jussus
680 2745 747 2768 est:
768 2740 898 2776 jubemus
920 2740 994 2767 hunc

199 2793 227 2818 in
266 2788 464 2818 monasterium
497 2788 526 2816 in
556 2787 610 2815 alia
635 2787 777 2822 provincia
810 2787 992 2815 constitutum

198 2837 280 2865 tradi.

1041 2417 1095 2444 τίτ.
1118 2417 1166 2444 τοῦ
1184 2416 1209 2444 α’
1235 2417 1339 2452 βιϐλίου
1362 2417 1410 2444 τοῦ
1437 2418 1552 2450 κώδικος
1576 2418 1626 2444 οὐκ
1648 2418 1728 2452 ὲτέθη
1743 2418 1784 2449 είς
1803 2417 1843 2444 τὰ

1041 2463 1185 2491 Βασιλικά.
1210 2463 1242 2491 'H
1257 2463 1280 2490 ε’
1303 2464 1371 2491 διάτ.
1391 2464 1437 2491 τοῦ
1454 2464 1478 2491 α’
1498 2465 1551 2491 τίτ.
1577 2464 1632 2490 τῶν
1648 2463 1764 2499 Νεαρῶν
1780 2463 1842 2490 ἔστι

1041 2510 1128 2545 νεαρὰ
1148 2510 1364 2542 ἰουστινιάνειος
1383 2510 1439 2545 μα’,
1465 2510 1544 2537 τοῦτο
1564 2509 1593 2537 δὲ
1615 2510 1700 2545 αὐτῆς
1723 2510 1753 2536 τὸ
1772 2518 1842 2544 κεφ.

1040 2557 1092 2583 οὐκ
1115 2556 1194 2591 ἐτέθη
1217 2557 1258 2589 εἰς
1278 2559 1312 2583 τὰ
1333 2557 1474 2584 Βασιλικά.
1494 2557 1526 2583 'H
1543 2556 1565 2591 β’
1581 2557 1652 2584 διάτ.
1668 2556 1716 2583 τοῦ
1740 2555 1764 2582 α’
1785 2556 1842 2583 τίτ.

1041 2602 1096 2629 τῶν
1122 2603 1238 2638 Νεαρῶν
1266 2603 1325 2630 ἔστι
1348 2603 1437 2639 νεαρὲι
1459 2604 1674 2634 Ἰουσιινιάνειος
1704 2601 1764 2638 ρκγ¹
1792 2603 1846 2629 καὶ

1043 2650 1133 2676 κεῖται
1151 2651 1181 2676 ἐν
1197 2650 1291 2685 βιϐλίῳ
1307 2653 1332 2684 τ’
1342 2649 1396 2676 τῶν
1406 2649 1572 2683 Βασιλικών,
1586 2649 1638 2676 τίτ.
1649 2647 1685 2681 α’,
1699 2657 1763 2683 κεφ.
1780 2652 1844 2680 κςκ

1043 2696 1130 2728 οὕτως
1146 2696 1235 2731 ἔχοντι
1248 2703 1254 2710 ·
1272 2697 1348 2728 Eiet;
1363 2696 1391 2722 δὲ
1410 2696 1560 2727 ἐπίσκοπος
1583 2696 1654 2722 κατὰ
1666 2697 1729 2726 τοὺς
1750 2695 1846 2728 ἱεροὺς

1045 2743 1162 2774 κανόνας
1174 2743 1222 2778 τῆς
1239 2742 1391 2778 ἱερωσύνης
1403 2742 1546 2778 ἐκϐληθεὶς
1557 2742 1690 2777 τολμήσει
1709 2741 1847 2776 ἐπιϐῆναι

1045 2790 1095 2824 τῆς
1113 2789 1217 2822 πόλεως
1229 2790 1260 2822 ἐξ
1269 2788 1303 2825 ἦς
1322 2788 1469 2824 ἐξεϐλήθη,
1484 2789 1501 2825 ἢ
1518 2788 1682 2815 καταλιπεῖν
1696 2788 1743 2815 τὸν
1759 2789 1848 2814 τόπον

1046 2837 1075 2862 ὲν
1088 2832 1110 2869 ᾧ
1124 2836 1273 2871 ἐκελεύσθη
1290 2836 1405 2871 διάγειν,
1427 2836 1576 2871 κελεύομεν
1590 2834 1686 2862 τοῦτον
1703 2843 1849 2870 μοναστηο

1051 2883 1101 2918 ρίῳ
1115 2883 1144 2909 ἑν
1159 2882 1226 2918 ἄλλῃ
1239 2882 1359 2919 ἐπαρχίᾳ
1372 2882 1526 2910 καθεστῶτι
1542 2881 1753 2917 παραδίδοοθαι.
