1956 3049
191 133 259 166 1107

759 132 894 164 ΡΠΟΤΠ
915 131 1172 163 ΡᾹΤῙΠΑΒΟΙΙΕ
1191 134 1246 165 CP.

1763 131 1831 165 1108

218 190 334 219 Concilil
352 190 490 227 Ancyrani
507 197 595 218 canon
610 190 636 223 l,
653 190 671 218 2
684 199 691 224 ;
705 191 815 219 concilii
831 189 975 217 Neocaesa-

1074 191 1188 219 Συνόδου
1206 191 1450 229 Ἀγκύραςκανὼν
1471 195 1506 222 α’.
1523 193 1544 227 β’
1559 200 1566 208 ·
1584 191 1696 219 συνόδου
1712 191 1831 219 Νεοκαι-

184 238 285 266 riensis
303 245 391 265 canon
409 237 459 270 59;
476 238 587 266 concilii
600 238 670 266 sexti
685 245 776 266 canon
792 238 820 269 5,
833 237 885 270 26;
902 236 981 264 Busi-

185 284 213 312 lii
231 283 343 320 [canon]
359 284 405 318 27,
420 283 466 311 70.

218 330 296 358 CAP.
317 329 380 359 XX.
396 345 429 350 —
446 329 488 357 Ne
507 329 631 357 credatur
650 330 770 365 episcopo
797 329 896 356 dicenti
928 329 982 356 cle-

181 376 267 404 ricum
283 377 408 412 privatim
421 378 571 412 confessum
585 385 642 404 esse
653 382 802 411 peccatum.

216 472 332 500 Concilii
348 472 575 507 Carlhaginensis
589 479 677 498 canon
697 471 762 498 152.

218 519 296 547 CAP.
317 519 390 547 XXI.
406 534 442 540 -—
461 519 497 546 De
511 519 639 553 episcopis
649 523 696 545 aut
711 518 816 545 clericis
835 526 927 545 carnes
953 517 991 545 in"

180 566 322 602 sanguine,
343 571 388 593 aut
406 574 422 594 a
438 565 528 593 bestiis
546 570 650 600 captas,
665 569 712 592 aut
731 564 886 591 morticinas
901 565 981 591 eden-

184 612 255 640 tibus
262 633 268 640 .

217 658 414 693 Apostolorum
430 665 519 686 canon
533 657 584 691 65;
599 657 711 686 concilii
727 656 868 692 Ancyrani
889 663 978 684 canon

182 704 214 738 ὃς
238 704 348 732 concilii
367 704 438 732 sexti
454 711 542 731 canon
559 704 604 731 67.

217 749 296 777 CAP.
316 749 401 776 XXII.
417 764 453 770 —-
472 748 548 782 Quod
573 749 704 784 episcopi,
735 748 893 784 presbyteri,
919 748 980 774 dia-

181 795 252 827 coni,
271 799 295 822 et
316 799 444 830 quotquot
460 803 540 822 sacra
555 799 690 829 tractant,
715 795 748 822 ab
772 794 900 821 uxoribus
925 794 980 821 suis

180 841 313 869 abstinere
333 840 456 868 debeant.

217 933 334 961 Concilii
365 933 593 969 Carthaginensis
621 942 710 963 canon
735 935 772 969 5,
800 935 825 969 ι,
851 935 896 970 25,
922 936 976 972 70;

180 980 289 1008 concilii
305 980 374 1008 sexti
389 988 477 1008 canon
494 981 538 1014 12,
554 981 599 1008 15.

215 1026 294 1055 CAP.
315 1026 410 1055 XXIII.
422 1043 457 1048 —
471 1027 510 1055 De
523 1027 618 1055 clerico
630 1027 728 1056 debiles
743 1029 936 1056 subsanuanle.

179 1125 187 1151 ι
217 1119 414 1154 Apostolorum
429 1127 519 1148 canon
539 1120 585 1148 57.

215 1164 295 1193 CAP.
315 1165 410 1194 XXIV.
426 1182 462 1187 —
473 1166 513 1194 De
525 1166 621 1194 clerico
637 1166 689 1195 sibi
702 1168 792 1196 virilia
809 1174 975 1204 ampulanle.

215 1260 410 1296 Apostolorum
425 1268 514 1288 canon
528 1261 581 1293 23;
600 1262 709 1290 concilii
726 1262 827 1291 Nicaeni
838 1271 927 1291 canon
940 1265 951 1292 i
964 1273 972 1297 ;

179 1306 289 1333 concilii
302 1305 381 1340 primi
394 1311 421 1333 et
431 1307 545 1334 secundi
560 1307 586 1334 in
601 1308 659 1334 anile
675 1308 840 1336 Sanctorum
861 1310 976 1344 Aposto-

179 1352 267 1379 lorum
285 1351 397 1388 [habiti]
411 1360 501 1380 canon
519 1355 545 1381 8.
564 1353 636 1389 Lege
657 1355 761 1390 scripta
785 1363 868 1390 supra
884 1357 910 1383 in
928 1364 976 1384 ca-

178 1399 234 1435 pite
245 1399 279 1427 M
288 1399 330 1427 tit.
345 1399 356 1426 l
375 1400 519 1434 praesentis
531 1401 723 1436 syntagmatis.

212 1493 290 1522 CAP.
311 1493 394 1522 XXV.
417 1509 452 1515 —
467 1494 504 1522 De
527 1494 631 1522 clericis
657 1495 799 1530 apostolis,
821 1496 975 1525 immolato-

179 1588 250 1620 ticis,
268 1587 471 1622 diuinaloribus,
495 1588 629 1623 veneﬁcis,
645 1592 670 1615 et
687 1589 803 1616 amulela
826 1590 977 1624 appenden-

178 1633 260 1661 tibus.

213 1679 407 1715 Apostolorum
423 1687 512 1708 canon
531 1679 586 1714 62;
603 1680 712 1707 concilii
727 1681 866 1716 Ancyrani
883 1689 974 1710 canon

177 1727 204 1758 1,
220 1725 256 1759 2;
282 1726 392 1753 concilii
413 1725 560 1754 Laudiceni
588 1733 677 1754 canon
699 1726 753 1759 56;
772 1728 860 1755 sancti
882 1727 977 1756 Basilii

176 1778 267 1798 canon
289 1770 333 1799 75.

213 1816 323 1844 Τεκιιιε.
337 1817 374 1845 De
388 1817 526 1850 veneﬁcis,
537 1818 753 1852 mathematicis,
771 1824 925 1855 etc.,usque
938 1822 974 1848 ad

175 1861 340 1895 decollatur,
357 1866 386 1889 ut
398 1870 461 1898 pag.
480 1862 545 1890 763.
962 1859 966 1861 ’

210 1953 357 1981 Scholium.
382 1953 477 1982 Const.
497 1953 510 1981 1
537 1953 580 1982 tit.
610 1954 644 1983 18
663 1954 711 1983 lib.
735 1964 761 1983 Ix
796 1957 857 1984 cod.
885 1958 974 1993 posita

173 2006 218 2030 est
237 2001 264 2028 in
288 2001 336 2029 lib.
355 2009 388 2028 ιι
424 2001 510 2029 Basil.
527 2001 570 2029 tit.
590 2002 635 2035 39,
654 2010 715 2038 cap.
730 2003 776 2036 2i,
794 2005 867 2039 quod
888 2005 972 2032 etiam

174 2048 213 2075 ita
229 2047 320 2080 habet,
339 2051 369 2074 ut
394 2047 423 2074 in
442 2048 605 2082 compendio
634 2048 805 2083 propositum
823 2054 875 2077 est.
901 2051 975 2078 Con-

174 2095 234 2122 stil.
251 2093 270 2120 2
296 2093 418 2128 ejusdem
435 2092 478 2120 tit.
497 2097 524 2121 et
535 2093 582 2121 lib.
601 2098 643 2121 est
655 2094 777 2129 ejusdem
803 2095 846 2122 tit.
873 2101 901 2123 et
923 2097 971 2124 lib.

175 2147 237 2175 cap.
253 2139 299 2166 22.
317 2139 452 2167 Similiter
464 2139 578 2168 constit.
593 2139 611 2166 5
639 2140 762 2175 ejusdem
777 2142 819 2168 tit.
842 2145 869 2169 et
897 2142 971 2176 libri,

175 2192 218 2215 est
229 2187 354 2222 ejusdem
374 2187 417 2214 tit.
435 2192 463 2214 et
476 2187 537 2214 libri
552 2195 614 2222 cap.
630 2187 676 2214 25.
694 2186 888 2215 Verumtamen
916 2197 970 2216 non

995 874 1017 903 B

1037 239 1151 276 σαρείας
1164 239 1254 266 κανὼν
1277 239 1316 266 θ’·
1342 239 1452 267 συνόδου
1467 237 1493 272 ς’
1508 239 1599 267 κανὼν
1613 238 1650 274 γ’,
1666 238 1713 271 κς¹
1723 247 1730 254 ·
1752 240 1834 267 Βασι-

1035 285 1108 312 λείου
1123 285 1213 312 κανὼν
1226 284 1278 318 κζ’,
1294 288 1326 313 o'.

1072 332 1199 359 ΚΕΦΛΛ.
1219 331 1262 358 κ’.
1284 347 1320 352 -
1340 332 1410 366 Περὶ
1429 331 1483 359 τοῦ
1502 331 1545 366 μὴ
1560 331 1760 359 πιστεύεσθαι
1779 331 1834 358 τὸν

1034 379 1206 406 ἐπίσκοπον
1224 379 1354 413 λέγοντα
1378 377 1548 411 ιδιαζόντως
1567 377 1649 412 αὐτῷ
1666 378 1721 406 τὸν
1731 380 1834 413 κληρι-

1034 425 1091 452 κὸν
1102 423 1353 459 συνομολογῆσαι
1373 424 1406 451 τὸ
1421 423 1592 458 ἁμάρτημα.

1028 462 1033 467 ’
1070 471 1185 498 Συνόδου
1201 470 1397 507 Καρθαγέννης
1410 470 1501 498 κανὼν
1517 469 1586 506 ρλϐ’.

1069 519 1197 547 ΚΕΦΑΛ.
1214 518 1281 546 KA’.
1296 533 1332 539 —
1358 519 1428 552 Περὶ
1453 518 1625 546 ἐπισκόπου
1645 518 1665 552 ἢ
1687 518 1832 552 κληρικηῠ

1033 566 1192 599 ἐσθίοντος
1205 565 1279 600 κρέα
1293 565 1328 592 ὲν
1340 565 1454 600 αἵματι,
1475 563 1494 599 ἢ
1514 563 1702 599 θηριάλωτον
1721 564 1740 599 ἦ
1759 566 1833 598 θνη-

1033 612 1166 648 σιμαῖον.

1075 658 1247 686 Ἀποστόλων
1263 657 1355 685 κανὼν
1369 656 1409 691 ξγ¹
1421 665 1428 672 ·
1454 656 1565 684 συνόδου
1585 656 1724 692 Ἀγκύρας
1739 655 1832 683 κανὼν

1032 708 1071 742 γ”
1089 705 1200 732 συνόδου
1216 708 1242 738 ςθ
1255 705 1347 731 κανὼν
1363 703 1412 737 ξζν.

1067 751 1195 778 ΚΕΦΑΛ.
1222 750 1287 777 ΚΒ’.
1313 764 1348 771 -
1369 748 1441 783 Περὶ
1465 748 1519 775 τοῦ
1543 748 1615 782 τοὺς
1626 748 1832 780 ἐπισκόπους,

1031 795 1081 823 καὶ
1092 795 1326 830 πρεσϐυτέρους,
1338 793 1388 821 καί
1399 793 1570 826 διακόνους,
1579 792 1628 820 καὶ
1637 792 1754 824 πάντας
1762 792 1834 824 τοὺς

1031 843 1068 870 τὰ
1089 842 1151 876 ιερὰ
1175 839 1394 876 ψηλαφῶντας,
1423 839 1558 874 ὀφείλειν
1583 839 1751 874 ἀπέχεσθαι
1773 838 1834 865 τῶν

1032 889 1151 917 οἰκείων
1163 888 1308 924 γαμετῶν.

1072 935 1187 962 Συνόδου
1208 933 1408 970 Καρθαγέννης
1431 931 1522 960 κανὼν
1545 930 1627 966 γ’,δ’.
1651 934 1702 963 κε’,
1719 933 1758 958 ο’·
1773 939 1835 957 συν-

1036 981 1096 1009 όδου
1108 979 1135 1013 ς’
1153 979 1243 1007 κανὼν
1257 978 1302 1015 ιβ’,
1317 977 1362 1014 ιγ’.

1073 1026 1201 1054 ΚΕΦΑΛ.
1216 1024 1282 1053 Kl".
1305 1040 1340 1046 —
1361 1022 1434 1058 Περὶ
1460 1023 1607 1058 κληρικοῦ
1633 1021 1834 1058 χλευάζοντος

1035 1073 1108 1107 τοὺς
1121 1072 1271 1106 ἀσθενεῖς.

1077 1119 1249 1147 Ἀποστόλων
1260 1118 1351 1146 κανὼν
1366 1117 1551 1154 πεντηκοστὸς
1565 1116 1692 1152 ἕϐδομος.

1070 1167 1198 1195 ΚΕΦΑΛ.
1219 1167 1284 1194 ΚΔ.
1306 1181 1340 1187 -
1353 1166 1424 1201 Περὶ
1443 1164 1592 1200 κληρικοῦ
1612 1163 1724 1191 ἑαυτὸν
1737 1163 1832 1198 ἀκρω-

1013 1201 1029 1214 .
1034 1213 1233 1249 τηριάζοντυς.

1077 1260 1248 1288 Ἀποστόλων
1265 1259 1357 1286 κανὼν
1383 1258 1444 1293 κγ”
1463 1258 1574 1285 συνόδου
1598 1257 1716 1290 Νικαίας
1738 1257 1831 1285 κανὼν

1034 1312 1059 1335 α’
1069 1317 1075 1323 ·
1093 1307 1201 1334 συνόδου
1217 1310 1240 1333 α’
1249 1306 1297 1333 καὶ
1309 1305 1342 1340 β’,
1359 1306 1387 1332 ὲν
1401 1304 1439 1340 τῷ
1449 1304 1507 1340 ναῷ
1516 1304 1678 1338 τῶνἊγίων
1698 1303 1831 1330 ’Λποστό-

1034 1355 1088 1382 λων
1104 1353 1196 1381 κανὼν
1215 1356 1250 1388 η’.
1269 1351 1422 1386 Ἀνὰγνωθι
1434 1351 1566 1387 ἀνωτέρω
1575 1351 1610 1378 τὰ
1626 1359 1831 1387 παραγεγραμ-

1036 1401 1104 1437 μένα
1115 1401 1143 1427 ὲν
1169 1399 1209 1436 τῷ
1233 1398 1264 1426 ιδ’
1276 1407 1339 1434 κεφ.
1354 1397 1402 1424 τοῦ
1416 1400 1441 1425 α’
1459 1397 1514 1425 τίτ.
1537 1397 1584 1424 τοῦ
1608 1397 1743 1433 παρόντος
1764 1405 1830 1424 συν-

1032 1447 1185 1482 τάγματος.
1592 1439 1622 1443 -»
1667 1439 1714 1442 -.ρ
1744 1437 1765 1442 -.
1797 1437 1823 1441 ,φ

1071 1492 1195 1520 ΚΕΦΑΛ.
1215 1490 1281 1519 ΚΕ⁹.
1306 1506 1342 1511 —
1361 1490 1432 1525 Περὶ
1458 1489 1610 1525 κληρικῶν
1635 1489 1830 1522 ἀποστατῶν,

123 1566 125 1568 ,
178 1541 264 1573 ribus,
285 1541 380 1576 magis,
403 1541 627 1573 incuntatoribus,
649 1541 804 1576 astrologis,
830 1543 975 1571 mal/tema-

1041 1539 1083 1568 ταί
1103 1538 1212 1571 θυτῶν,
1229 1537 1279 1566 καί
1292 1537 1407 1572 μάγων,
1421 1536 1470 1564 καὶ
1485 1535 1645 1569 ἐπωιδῶν,
1657 1535 1707 1563 καί
1721 1536 1830 1571 ἀστρο-

1031 1588 1141 1622 λόγων,
1156 1586 1206 1614 καὶ
1221 1584 1447 1622 μαθηματικῶν,
1457 1585 1506 1611 καὶ
1522 1583 1590 1619 περὶ
1601 1583 1763 1619 μαντειῶν,
1778 1583 1829 1610 καὶ

1031 1631 1236 1668 φαρμακειῶν,
1255 1630 1306 1658 καὶ
1323 1629 1507 1664 περιόπτων.

1073 1678 1245 1706 ’Δποστόλων
1262 1676 1354 1704 κανὼν
1369 1676 1414 1711 ’ξβ’
1425 1684 1432 1691 ·
1456 1675 1566 1702 συνόδου
1584 1674 1722 1711 Ἀγκύρας
1737 1674 1831 1702 κανὼν

1031 1728 1065 1757 α’,
1079 1725 1100 1761 β’
1111 1733 1118 1741 ο
1133 1725 1242 1752 συνόδου
1255 1723 1416 1754 Λαοδικείας
1432 1721 1525 1750 κανὼν
1537 1722 1582 1754 λς’
1594 1729 1603 1739 '
1617 1721 1665 1749 τοῦ
1680 1720 1760 1756 ἁγίου
1774 1722 1830 1748 Βα-

1032 1771 1133 1798 σιλείου
1149 1769 1241 1798 κανὼν
1251 1772 1301 1804 ογ’.

1067 1818 1221 1852 Κείμενον.
1237 1816 1306 1852 Περὶ
1315 1815 1480 1852 φαρμακῶν,
1493 1815 1543 1842 καὶ
1556 1814 1769 1850 μαθηματικῶν,
1780 1814 1831 1841 καὶ

1033 1863 1088 1891 τῶν
1099 1863 1210 1899 ὁμοίων,
1220 1872 1248 1891 κ.
1262 1871 1289 1891 τ.
1300 1863 1338 1896 λ..
1349 1870 1438 1898 usque
1450 1861 1484 1889 ad
1495 1862 1510 1888 ὁ
1519 1861 1548 1888 δὲ
1561 1862 1636 1897 παρὰ
1644 1861 1732 1888 ταῦτα
1741 1861 1831 1888 ποιῶν

1029 1910 1225 1945 ἀποτέμνεται.

1066 1957 1208 1991 Σχόλιον.
1226 1955 1260 1982 Ἦ
1271 1955 1295 1982 α’
1310 1954 1381 1983 διάτ,
1393 1955 1442 1982 τοῦ
1458 1955 1492 1992 ιη’
1509 1957 1562 1984 τίτ.
1573 1955 1622 1982 τοῦ
1634 1955 1655 1982 θ’
1666 1954 1769 1990 βιϐλίου
1779 1954 1829 1981 τοῦ

1030 2001 1148 2033 κώδικος
1162 2002 1252 2028 κεῖται
1263 2000 1293 2027 ὲν
1308 1999 1403 2036 βιϐλίῳ
1418 2000 1474 2028 τῶν
1490 2001 1645 2028 Βασιλικῶν
1658 2001 1690 2034 ξ’,
1706 2000 1760 2027 τίτ.
1776 1999 1831 2033 λθ’,

1030 2056 1094 2082 κεφ.
1124 2050 1180 2080 κα¹,
1205 2046 1292 2078 οὕτως
1305 2046 1406 2081 ἔχοντι,
1421 2047 1459 2078 ὡς
1479 2047 1647 2082 συνωψίσοη.
1667 2047 1701 2073 ’11
1713 2046 1736 2081 β’
1755 2045 1829 2074 διὰτ.

1029 2093 1077 2120 τοῦ
1090 2092 1174 2120 αὑτοῦ
1188 2092 1241 2119 τίτ.
1257 2092 1304 2119 καὶ
1322 2092 1426 2128 βιϐλίου
1449 2093 1507 2120 ἐστι
1530 2093 1578 2120 τοῦ
1599 2093 1682 2120 αὑτοῦ
1709 2092 1758 2120 καὶ
1772 2092 1830 2119 τετ.

1029 2149 1092 2175 κεφ.
1111 2138 1166 2175 κβ’.
1189 2139 1220 2166 Ἦ
1236 2138 1260 2174 γ’
1284 2138 1406 2171 διάταξις
1420 2139 1467 2166 τοῦ
1480 2139 1563 2167 αὑτοῦ
1578 2140 1632 2166 τίτ.
1657 2140 1704 2166 καί
1722 2139 1830 2174 βιϐλίου

1031 2185 1090 2212 ἔστι
1104 2185 1152 2212 τοῦ
1165 2185 1248 2211 αὐτοῦ
1262 2184 1315 2211 τίτ.
1336 2185 1384 2211 καὶ
1400 2184 1504 2220 βιϐλίου
1519 2185 1669 2220 κεφάλαιον
1683 2183 1737 2218 κγ’.
1753 2183 1831 2219 Πλὴν

175 2234 309 2268 scriptum
325 2237 367 2261 est
385 2233 411 2260 in
437 2232 520 2261 Basil.
540 2233 773 2268 quemadmodum
795 2233 872 2268 prius
899 2234 972 2270 lege-

1043 2231 1078 2258 ὐκ
1091 2231 1199 2267 ἐγράφη
1215 2231 1244 2257 ἐν
1261 2231 1317 2263 τοῖς
1341 2231 1499 2263 Βασιλικοῖς
1513 2231 1551 2262 ὡς
1570 2229 1626 2266 εἶχε
1644 2230 1744 2264 λέξεως
1756 2231 1830 2265 πρό-

175 2277 268 2309 batur,
295 2277 343 2305 sed
367 2277 405 2305 ita
423 2277 539 2305 habetur
557 2287 564 2306 :
581 2277 613 2305 Et
631 2286 679 2313 per
695 2279 877 2307 mactationes
904 2280 976 2307 vati-

176 2323 275 2351 cinari.
307 2322 382 2351 Talis
406 2330 471 2351 vero
498 2323 589 2359 gladio
614 2324 737 2358 punitor.
764 2324 798 2352 Et
829 2325 876 2360 qui
903 2326 976 2354 hunc

177 2369 333 2397 evocaverit
347 2373 395 2396 aut
418 2369 608 2402 suasionibus,
625 2375 673 2397 aut
699 2371 821 2405 praemio,
840 2371 973 2400 conﬁsca-

178 2416 247 2444 tioni
258 2421 286 2444 et
295 2416 394 2444 exsilio
413 2416 550 2444 obnoxius
562 2421 614 2445 est.
625 2417 780 2445 Accusator
792 2423 882 2445 autem
894 2419 976 2454 hujus

179 2462 302 2490 criminis
320 2470 374 2489 non
388 2463 495 2491 delator
507 2469 560 2496 est,
573 2465 620 2491 sed
638 2464 726 2498 magis
744 2465 857 2499 praemio
873 2465 975 2500 dignus

177 2507 304 2535 habetur.
319 2506 468 2535 Considera
484 2508 578 2543 igitur,
590 2509 623 2537 ad
636 2509 844 2537 clemcntiorem
856 2509 974 2538 fortnam

177 2553 310 2581 revidisse
330 2559 423 2581 vetera
443 2553 526 2589 jura,
553 2562 604 2582 nec
629 2563 683 2590 qua
708 2555 786 2590 prius
810 2556 835 2582 vi
863 2557 976 2591 praedita

177 2603 268 2632 erant,
284 2597 359 2635 [cum
377 2597 422 2635 ea]
436 2599 462 2626 in
483 2599 680 2635 repurgatione
696 2607 758 2628 esse
771 2601 871 2634 posita.
883 2601 974 2629 Abro-

176 2651 271 2682 gatum
286 2649 329 2673 est
349 2646 434 2679 enim,
456 2650 487 2673 ut
512 2650 609 2673 auctor
639 2646 752 2674 sceleris
773 2651 975 2680 concremetur,

177 2699 205 2721 et
219 2693 258 2720 illi
271 2693 318 2728 qui
330 2698 482 2722 evocarunt
491 2693 683 2728 deportentur.
694 2694 736 2721 Ad
751 2695 880 2722 eumdem
891 2695 975 2723 etiam

177 2740 290 2768 modum
306 2741 442 2768 omissum
459 2743 502 2768 est
518 2740 677 2775 aruspicum
707 2739 832 2776 [nomen]
857 2750 864 2768 :
880 2746 918 2772 et,
943 2750 977 2770 ne

177 2787 241 2820 quis
257 2787 354 2813 horum
369 2787 402 2814 ad
419 2793 597 2821 quemquam,
615 2786 677 2814 licet
693 2787 800 2814 amicus
822 2788 909 2822 ipsius
925 2789 973 2822 sit,

177 2833 307 2860 introeat.
322 2831 496 2860 Prohibitum
509 2837 600 2860 autem
612 2837 728 2866 _tantum
744 2837 786 2860 est
806 2841 853 2868 per
868 2839 974 2862 macta-

177 2879 268 2906 tioncs
286 2879 440 2907 vaticinari.
458 2877 515 2906 Hoc
529 2878 613 2915 igitur
626 2883 702 2907 nota.
714 2879 832 2908 Conslit.
857 2879 885 2909 4-
902 2881 975 2916 ejus-

1028 2286 1119 2313 τερον,
1128 2277 1185 2303 ἀλλ’
1195 2277 1266 2303 οὕτω
1274 2276 1349 2312 φησί’
1362 2277 1416 2303 Καὶ
1427 2276 1458 2303 τὸ
1468 2277 1513 2303 διὰ
1524 2276 1624 2303 θυσιῶν
1634 2275 1829 2312 μαντεύεσθαι,

1029 2324 1043 2350 ό
1061 2324 1090 2351 δὲ
1113 2323 1235 2355 τοιοῦτος
1256 2322 1328 2358 ξίφει
1345 2323 1531 2359 τιμωρείσθω.
1547 2323 1602 2350 Καὶ
1621 2323 1635 2350 ό
1650 2323 1745 2349 τοῦτον
1759 2331 1829 2358 προ-

1027 2370 1211 2407 τρεψάμενος,
1241 2369 1257 2405 ἢ
1282 2370 1466 2405 παρακλήσει,
1489 2369 1506 2405 ἢ
1542 2369 1642 2405 μισθῷ,
1661 2369 1755 2405 ἐξορίᾳ
1779 2370 1830 2397 καὶ

1027 2415 1161 2452 δημεύσει
1184 2416 1339 2443 ὑπόκειται.
1369 2416 1425 2443 Καὶ
1440 2416 1454 2443 ὁ
1477 2416 1641 2451 κατηγορῶν
1664 2415 1761 2442 τούτου
1779 2415 1829 2442 τοῦ

1028 2463 1202 2498 ἐγκλήματος
1215 2462 1264 2489 οὐκ
1280 2462 1338 2488 ἐστι
1350 2462 1488 2497 δηλάτωρ,
1505 2462 1574 2488 ἀλλὰ
1590 2461 1692 2496 μᾶλλον
1706 2461 1829 2488 ἐπάθλου

1027 2509 1162 2542 ἀξιοῦται.
1174 2508 1261 2535 Βλέπε
1273 2506 1321 2535 οὖν
1337 2508 1379 2534 ὃτι
1391 2508 1421 2534 τὸ
1437 2507 1698 2543 φιλανθρωπότερον
1711 2507 1831 2541 μετέπε-

1028 2563 1075 2582 σον
1091 2554 1126 2581 τὰ
1145 2554 1315 2588 παλαιότερα
1330 2554 1445 2589 νόμιμα,
1464 2553 1511 2580 καὶ
1530 2554 1580 2588 οὐχ
1601 2553 1640 2585 ὼς
1657 2552 1730 2588 εἶχον
1744 2552 1832 2579 δυνά-

1029 2609 1104 2636 μεως
1120 2599 1258 2636 πρότερον
1275 2599 1508 2635 κατεστρώθησαν
1520 2599 1550 2625 ὲν
1565 2600 1599 2635 τῇ
1623 2598 1829 2634 ἁνακαθάρσει.

1034 2647 1170 2685 Ἀνῃρέθη
1187 2647 1242 2683 γὰρ
1257 2647 1306 2674 καὶ
1322 2647 1354 2674 τὸ
1366 2647 1492 2674 καίεσθαι
1506 2647 1570 2679 τοὺς
1579 2647 1760 2683 αὐτουργοὺς,
1777 2647 1831 2674 καὶ

1027 2694 1058 2721 τὸ
1073 2693 1322 2730 δεπορτατεῢεσθαι
1337 2694 1401 2726 τοὺς
1417 2693 1671 2730 προ-τρεψαμένους.
1687 2692 1831 2726 Ὡσαύτως

1027 2741 1147 2777 παρείθη
1164 2741 1211 2768 καὶ
1227 2741 1258 2768 τὸ
1269 2740 1323 2767 τῶν
1337 2741 1541 2771 οίωνοσκόπιιιν,
1554 2742 1601 2767 καὶ
1612 2740 1643 2767 τὸ
1653 2740 1691 2775 μὴ
1708 2740 1832 2767 εἰσιέναι

1026 2787 1087 2814 τινὰ
1101 2787 1243 2815 ὲκτούτων
1259 2787 1328 2822 πρὸς
1337 2795 1410 2820 τινα,
1428 2787 1481 2814 κᾶν
1529 2787 1606 2821 φίλος
1623 2786 1717 2813 αὐτοῦ.
1737 2786 1830 2814 Ἐκω-

1027 2834 1095 2870 λύθη
1110 2834 1138 2861 δὲ
1151 2834 1231 2870 μόνον
1243 2834 1273 2860 τὸ
1285 2834 1329 2860 διὰ
1339 2833 1440 2860 θυσιῶν
1452 2832 1649 2868 μαντεύεσθαι.
1663 2833 1831 2868 Σημείωσαι

1026 2879 1073 2908 οὖν
1086 2881 1175 2908 τοῦτο.
1192 2881 1226 2908 ’11
1238 2881 1258 2908 δ’
1273 2881 1344 2908 διάτ.
1363 2879 1410 2907 τοῦ
1428 2879 1511 2907 αὑτοῦ
1526 2880 1578 2907 τίτ.
1594 2879 1642 2906 καὶ
1659 2879 1763 2914 βιϐλίου
1778 2884 1829 2907 τοῦ
