1956 3049
142 151 212 184 1109

594 149 838 182 NOMOCANON.
858 159 892 168 -·’
908 147 984 180 TIT.
999 145 1052 186 IX,
1068 149 1148 180 CAP.
1161 148 1322 180 XX-XXV.

1712 146 1784 180 1110

142 199 270 230 κώδικος,
284 197 344 225 ἔστι
357 196 407 224 τοῦ
423 196 508 224 αὑτοῦ
522 196 576 224 τίτ.
599 197 647 224 καῖ
667 196 772 231 βιϐλίου
789 195 843 222 τῶν
854 195 937 222 Βασι-

993 196 1050 224 dem
1070 196 1111 223 Iit.
1126 200 1154 223 et
1169 196 1216 222 lib.
1230 196 1293 223 cod.
1314 198 1356 222 est
1378 194 1503 230 ejusdem
1521 193 1564 222 tit.
1585 198 1612 222 et
1632 193 1680 222 lib.
1699 193 1781 221 Basil.

142 245 227 272 λικῶν
253 253 317 279 κεφ.
342 244 390 271 κδ’.
410 244 484 279 Πλὴν
496 243 558 270 οὐδὲ
586 243 665 270 τοῦτο
689 241 871 278 κατεστρώθη
899 241 938 274 ὡς

143 290 233 318 ἔκειτο
249 291 278 317 ὲν
297 289 336 325 τῷ
354 290 461 322 πλάτει,
479 288 548 316 ἀλλὰ
570 289 689 324 παρείθη
705 288 736 316 τὸ
754 289 792 324 μὴ
806 288 936 324 τιμωρεί-

143 337 206 364 σθαι
220 336 285 368 τοὺς
302 336 371 371 πρὸς
388 336 538 371 θεραπείαν
549 335 603 362 τῶν
618 335 765 370 σωμάτων,
778 334 794 370 ἦ
811 334 879 369 πρὸς
892 333 938 359 εὐ-

141 382 257 418 ετηρίαν
270 382 324 409 τῶν
341 382 455 416 καρπῶν
473 381 619 413 ποιοῦντάς
634 390 661 407 τι
680 380 808 416 μαγικδν,
819 381 865 407 καὶ
875 379 939 406 ἐπέ-

142 437 242 465 χοντας
255 428 366 464 βροχὴν,
382 428 399 464 ἢ
418 427 541 462 χάλαζαν
558 427 607 454 καὶ
625 426 806 462 κατεστρώθη
821 426 851 452 τὸ
873 434 937 460 κεφ.

141 474 224 501 οὕτω.
255 475 288 501 Ἢ
304 474 375 502 διάτ.
397 474 464 509 φησὶ
482 474 526 500 τὸν
544 473 794 509 ὲπιτηδευσάμενον
809 472 938 507 γοητείαν

141 522 276 548 ἕλκουσαν
304 521 344 552 είς
360 521 451 556 ἔρωτα
478 521 541 552 τοὺς
567 519 709 555 σώφρονας
738 520 897 554 λογισμοὺς,
921 519 937 555 ἢ

142 567 215 595 κατὰ
231 568 369 603 σωτηρίας
381 567 535 603 ἀνθρώπων
554 567 787 603 μηχανησάμενον
805 566 938 602 δημεύσει

142 616 189 642 καὶ
207 613 300 650 έξορίᾳ
315 613 510 649 τιμωρεῖσθαι.
526 614 572 648 Μὴ
588 613 711 648 προσχῆς
725 610 771 639 οὖν
785 613 841 644 τοῖς
857 612 886 638 ὲν
899 613 938 647 τῷ

142 661 265 696 κειμένῳ
279 659 496 695 γεγραμμένοις,
509 659 577 686 ἀλλὰ
588 661 644 691 τοῖς
657 659 775 686 τεθεῖσιν
789 660 818 686 ὲν
832 659 871 694 τῷ
887 659 939 685 Βα-

143 707 241 742 σιλικῷ
261 707 302 734 ὅτι
318 707 366 734 καὶ
382 707 437 734 ἀπὸ
452 706 507 733 τῶν
524 706 626 741 νόμων,
646 708 694 733 καὶ
718 706 773 732 ἀπὸ
789 705 844 732 τῶν
861 706 939 737 ἐντὸς

142 754 279 789 κειμένων
304 753 425 781 κανόνων
454 752 570 788 ὥρισται
603 752 783 788 τιμωρεῖσθαι
801 752 839 788 μὴ
857 752 938 787 μόνον

142 801 205 831 τοὺς
224 799 270 827 διά
297 808 358 826 τινα
375 800 467 827 αἰτίαν
493 799 600 835 μαγικὰ
613 808 675 826 τινα
700 798 856 831 ποιοῦντας,
871 798 940 825 ἀλλὰ

148 848 195 874 καὶ
210 847 273 879 τοὺς
289 847 533 882 προσερχομένους
544 846 646 879 αὐτοῖς,
667 846 718 873 κᾶν
734 845 816 881 δῆθεν
833 845 938 880 ἀγαθοῦ

141 900 214 923 τινος
233 892 315 927 χάριν
328 892 428 918 ποιῶσι
452 891 578 927 ζήτησιν,
592 891 630 923 ὡς
645 892 709 918 ὅταν
721 891 786 927 περὶ
809 890 940 927 εὐφορίας

142 935 258 971 καρπῶν
274 972 276 975 γ
293 935 444 971 ἐρωτῶσιν.
468 935 607 968 Ὡσαύτως
632 935 681 963 καὶ
705 936 722 971 ἡ
749 939 769 962 ε’
797 936 869 963 διάτ.
891 935 940 962 τοῦ

143 980 227 1007 αὐτοῦ
243 980 347 1016 βιϐλίου
364 981 412 1008 καὶ
430 981 484 1009 τίτζ
499 980 546 1008 τοῦ
568 980 696 1014 κώδικος,
718 981 776 1008 ἐστι
791 981 838 1008 τοῦ
856 981 939 1008 αὐτοῦ

142 1027 246 1062 βιϐλίου
261 1028 308 1054 καὶ
330 1027 384 1055 τίτ.
407 1028 461 1054 τῶν
480 1027 634 1054 Βασιλικῶν
655 1036 719 1062 κεφ.
734 1032 784 1061 κε’,
803 1027 875 1056 οὕτω
889 1030 940 1064 φά-

143 1081 228 1101 σκων⁶
241 1075 345 1110 Μηδεὶς
360 1075 492 1109 ἐρωτάτω
502 1074 564 1101 τινὰ
581 1075 716 1109 μαντικὴν
732 1076 940 1110 ἐπαγγελλόμε-

140 1129 185 1147 νον
197 1128 203 1135 ·
218 1121 243 1147 οί
258 1120 286 1147 δὲ
301 1120 431 1148 Χαλδαῖοι
442 1121 490 1147 καὶ
505 1122 529 1148 οἱ
545 1122 626 1156 μάγοι
643 1122 711 1157 μηδὲ
726 1123 755 1148 ἐν
768 1122 864 1153 αὑταῖς
880 1123 940 1154 ταῖς

142 1167 286 1202 μαντείαις
308 1167 423 1198 ἑαυτοὺς
446 1167 654 1203 παρεχέτωσαν,
684 1168 753 1195 ἀλλὰ
781 1169 940 1204 κεφαλικῶς

138 1214 173 1249 τῇ
195 1212 241 1240 διὰ
273 1213 384 1249 σιδήρου
403 1213 524 1249 τιμωρίᾳ
546 1213 765 1241 ὑποκείσθωσαν.

165 1353 291 1388 Ἕτερον
303 1355 603 1391 σκόλιον-,Σημείωσαι
611 1356 666 1384 ἀπὸ
677 1356 729 1383 τῶν
741 1357 943 1393 καταστρωθει-

141 1401 196 1428 σῶν
204 1401 274 1429 διάτ.
285 1401 314 1429 ἐν
325 1404 357 1437 τῇ
368 1402 501 1438 ἑρμηνείᾳ
511 1402 558 1429 τοῦ
566 1403 698 1438 παρόντος
707 1412 768 1438 κεφ.
781 1404 822 1430 ὅτι
830 1404 880 1431 κᾶν
889 1405 942 1431 ὑπὸ

139 1447 194 1474 τῶν
204 1448 347 1482 διγέστων,
356 1450 402 1475 καὶ
417 1449 471 1475 ἀπὸ
479 1450 534 1476 τῶν
549 1450 738 1476 κωδίκωνῗτῶν
747 1451 799 1486 πρὸ
817 1451 868 1485 τῆς
879 1452 943 1478 ἀνα-

140 1493 558 1531 καθάρσεωςπολιτευομένωντῇ
569 1496 702 1533 κεφαλικῇ
710 1498 831 1534 τιμωρία
841 1499 943 1534 περιεί-

989 251 1049 277 cap.
1075 243 1122 270 2L
1144 242 1245 270 Verum
1266 250 1355 276 neque
1382 242 1435 269 hoc
1455 241 1588 269 insertum
1611 245 1663 273 est,
1687 248 1784 276 quem-

989 290 1137 317 admodum
1167 289 1287 324 positum
1310 288 1399 316 fuerat
1428 288 1461 316 ad
1490 287 1626 322 longum:
1643 287 1690 315 sed
1713 294 1785 322 pm-

989 339 1147 367 termissuln
1166 343 1217 370 est,
1236 344 1270 364 ne
1282 337 1457 372 punirentur,
1477 336 1522 371 qui
1541 335 1670 362 medendi
1686 341 1784 369 corpo-

989 385 1077 416 ribus,
1092 389 1139 411 aut
1148 383 1288 411 fructuum
1299 387 1462 418 proventum
1474 382 1586 409 uberem
1602 380 1785 409 conservandi

989 439 1073 459 causa
1095 431 1232 466 magicum
1255 430 1395 466 quidpiam
1412 428 1545 460 facerent,
1573 431 1601 456 et
1615 428 1716 456 imbres
1738 433 1786 455 aut

990 479 1138 515 grandines
1153 477 1341 512 prohiberent.
1374 477 1465 511 Atque
1494 475 1572 511 [illud
1596 473 1720 510 quidem]
1737 481 1784 502 ca-

990 531 1039 561 put
1063 526 1135 552 hune
1150 525 1183 552 ad
1202 524 1314 551 modum
1328 523 1462 550 insertum
1473 526 1525 549 est.
1536 520 1634 548 Const.
1648 520 1697 552 ait,
1711 519 1785 554 quod

990 570 1036 605 qui
1061 569 1231 605 magicarum
1249 568 1351 595 artium
1377 567 1508 594 exercitio
1532 566 1648 601 pudicos
1675 565 1784 592 animos

990 617 1023 644 ad
1039 617 1180 644 libidinem
1194 615 1320 646 traxerit,
1337 617 1384 641 aut
1396 617 1492 641 contra
1511 612 1626 640 salutem
1640 611 1784 639 hominum

992 661 1120 700 [aliquid]
1149 662 1262 689 molitus
1291 660 1384 694 fuerit,
1407 659 1605 688 conﬁscatione
1635 664 1663 687 et
1687 658 1786 687 exsilio

990 710 1130 745 puniatur.
1146 707 1185 735 Ne
1205 715 1270 743 ergo
1286 708 1409 734 animum
1435 706 1489 734 illis
1508 705 1651 738 adhibeas,
1667 711 1728 740 quae
1758 704 1786 732 in

992 762 1068 784 textu
1091 756 1194 791 scripta
1215 760 1289 787 sunt,
1310 754 1359 782 sed
1383 761 1444 788 quae
1460 752 1550 788 posita
1572 757 1637 780 sunt
1654 752 1682 779 in
1701 751 1785 778 Basil.

991 803 1126 837 Quoniam
1147 807 1174 829 et
1202 809 1217 829 a
1233 801 1357 835 legibus,
1378 804 1406 827 et
1433 800 1468 827 ab
1491 799 1547 826 illis
1570 806 1633 834 quae
1662 797 1690 825 in
1710 801 1787 825 textu

992 850 1082 884 pOsita
1098 853 1174 878 sunt.
1187 847 1331 876 deﬁnitum
1343 851 1396 878 est.
1409 852 1438 874 ut
1456 846 1609 882 puniantur
1623 852 1678 872 non
1694 845 1786 874 solum

991 896 1038 931 qui
1065 898 1175 931 propter
1194 894 1312 929 aliquam
1333 900 1446 921 causam
1462 892 1569 927 magica
1591 890 1727 927 quaepiam
1746 890 1787 918 [ν

991 943 1077 975 ciunt,
1096 949 1190 969 verum
1219 941 1302 969 etiam
1325 940 1371 975 qui
1403 939 1479 974 ipsos
1505 937 1787 966 aceeduut:tametsi

993 994 1126 1023 tanquam
1144 987 1208 1014 boni
1225 985 1380 1020 cujuspiam
1399 991 1482 1012 causa
1500 982 1674 1020 [quidquam]
1688 983 1787 1018 exqui-

991 1039 1065 1065 rant,
1075 1033 1270 1067 velutquando
1284 1032 1317 1058 de
1333 1031 1458 1058 ubertate
1471 1029 1611 1056 fructuum
1625 1028 1785 1056 consulunt.

993 1080 1128 1107 Similiter
1150 1079 1233 1106 etiam
1266 1078 1379 1105 constit.
1408 1076 1426 1104 5
1458 1075 1583 1111 ejusdem
1615 1074 1655 1102 tit.
1680 1079 1709 1101 et
1735 1074 1786 1101 lib.

992 1127 1054 1154 cod.
1077 1131 1120 1153 est
1147 1125 1270 1160 ejusdem
1296 1124 1344 1151 lib.
1365 1128 1394 1151 et
1414 1123 1456 1150 tit.
1483 1122 1566 1149 Basil.
1589 1128 1649 1156 cap.
1666 1121 1694 1153 5.
1713 1121 1787 1156 quod

993 1175 1029 1202 ila
1045 1175 1083 1201 ait
1096 1183 1102 1200 :
1113 1172 1199 1200 Nemo
1210 1171 1350 1199 divinandi
1366 1173 1451 1197 artem
1464 1169 1637 1204 proﬁtentem
1651 1167 1787 1195 consulat.

991 1220 1111 1249 Chaldaei
1127 1224 1154 1247 et
1169 1218 1240 1252 magi
1258 1226 1292 1245 ne
1317 1218 1343 1244 in
1360 1217 1427 1252 ipsis
1441 1216 1551 1250 quidem
1569 1213 1787 1242 divinationibus

993 1277 1021 1296 sc.
1032 1265 1240 1305 [consulendos]
1251 1265 1399 1302 praebeant,
1413 1268 1441 1292 et
1453 1263 1479 1291 in
1492 1262 1608 1298 capitale
1622 1261 1787 1297 supplicium

993 1315 1056 1344 ferri
1071 1315 1181 1342 obnoxii
1198 1314 1264 1341 sint.

1030 1359 1115 1388 Αίίιιιί-
1134 1360 1273 1387 scholium.
1294 1358 1365 1386 Nota
1389 1358 1471 1386 etiam
1490 1365 1521 1384 cx
1539 1356 1650 1384 insertis
1664 1363 1786 1391 praesen-

994 1408 1030 1436 tis
1043 1407 1079 1435 25
1098 1415 1158 1442 cap.
1180 1405 1398 1441 interpretationi
1424 1403 1687 1437 constitutiOnibus.
1715 1402 1788 1437 quod

995 1453 1103 1481 tametsi
1121 1460 1152 1479 ex
1170 1452 1225 1486 dig.
1242 1457 1269 1479 et
1282 1452 1343 1479 cod.
1357 1458 1419 1486 quae
1437 1454 1500 1477 ante
1521 1448 1744 1484 repurgationem
1760 1447 1788 1474 in

993 1499 1134 1535 republica
1154 1499 1345 1528 obtinuerunt.
1365 1495 1476 1531 capitali
1501 1493 1638 1529 supplicio
1660 1499 1788 1528 compre-

139 1550 203 1576 χετο
216 1542 306 1568 καὶτὸ
329 1542 470 1574 καίεσθαι,
480 1543 528 1570 καὶ
539 1543 740 1579 ἀποτέμνεσθαι
749 1544 796 1571 καὶ
805 1545 938 1579 φουὶκίξε-

996 1547 1164 1574 henderetur
1190 1544 1372 1577 concremari,
1400 1543 1548 1576 decollari,
1575 1547 1602 1570 et
1638 1543 1665 1570 in
1697 1542 1789 1569 furcas

140 1586 212 1617 σθαι,
223 1587 290 1615 ἀλλὰ
300 1588 314 1615 ὁ
324 1589 439 1624 ποιήσας
445 1589 494 1626 τὴν
502 1590 688 1625 ἀνακάθαρσιν
699 1591 752 1618 τῶν
760 1592 787 1618 νά
792 1600 850 1626 μων
860 1592 943 1619 Βασι-

139 1633 234 1664 λιχῶν,
248 1633 295 1660 καὶ
308 1634 471 1670 συνθέμενος
480 1635 653 1662 τὰΒασιλικὰ
665 1635 714 1662 οὐκ
721 1635 830 1668 ἐδέξατο
842 1636 939 1669 ταῦτα,

139 1678 209 1706 ἀλλὰ
227 1680 277 1711 τὰς
303 1680 357 1707 ἀπὸ
369 1680 424 1707 τῶν
449 1681 574 1708 κωδίκων
590 1681 727 1714 διατάξεις
740 1681 939 1718 καταστρώσας

140 1725 169 1752 ὲν
182 1725 412 1758 τοῑςνΒασιλικοῖς
429 1727 464 1753 τὰ
484 1727 549 1762 τρία
571 1728 658 1755 ταῦτα
672 1728 703 1754 οὐ
722 1727 880 1764 προσέθετο.
892 1728 938 1764 Μὴ

139 1771 206 1805 γοῦν
215 1771 388 1807 ὲναντιωθῆς·
398 1773 454 1804 τοῖς
468 1773 541 1808 ἐντῷ
550 1774 591 1801 va’
600 1774 654 1801 τίτ.
665 1774 711 1802 τοῦ
724 1773 743 1807 ε
758 1774 860 1809 βιϐλίου
879 1784 937 1802 κει-

142 1817 235 1852 μένοις
250 1818 355 1853 νόμοις,
368 1819 504 1853 διγέστοις
519 1819 590 1853 οὖσι,
602 1821 649 1847 καὶ
664 1821 773 1856 λέγουσι
784 1822 938 1858 κεφαλικὴν

141 1863 212 1892 εἶναι
232 1866 379 1902 τιμωρίαν,
397 1867 444 1894 καὶ
458 1867 489 1894 τὺ
514 1867 641 1894 καίεσθαι
662 1874 749 1902 τινας,
768 1870 939 1905 ἀποστέμνε-

141 1912 219 1944 σθαι,
241 1913 288 1939 καὶ
302 1913 509 1946 φουλκίζεσθαι.
526 1914 557 1940 Εί
572 1914 627 1950 γὰρ
645 1915 673 1941 αἱ
685 1915 824 1948 διατάξεις
841 1918 869 1943 αἰ
889 1926 939 1951 μευ

141 1958 339 1992 ταγενέστεραι
351 1959 380 1986 at
393 1960 480 1987 ταῦτα
496 1960 681 1996 διοριζόμεναι
701 1961 751 1988 οὐκ
775 1962 936 1998 ἐδέχθησαν,

141 2003 232 2039 πολλῷ
252 2004 333 2031 πλέον
349 2005 384 2032 τά
406 2005 527 2040 δίγεστα.
556 2007 679 2042 Πρύσεχε
704 2007 752 2034 οὖν
780 2010 837 2040 τοῖς
853 2009 881 2034 ὲν
897 2009 937 2044 τῷ

140 2050 179 2077 λθ’
189 2059 252 2086 κεφ.
261 2060 404 2087 κατεστρω
408 2052 499 2088 μένοις
510 2053 603 2088 νόμοις
616 2055 857 2090 μεταγενεστέροις
865 2053 934 2089 οὖσι,

140 2098 189 2124 καὶ
204 2098 242 2133 μὴ
253 2100 308 2130 τοῖς
317 2098 450 2133 διγέστοις
460 2099 498 2131 ὡς
513 2100 700 2136 παλαιοτέροις
716 2101 763 2128 καὶ
776 2101 934 2137 σχολάσασι.

175 2190 298 2226 Ἕτερον
305 2192 445 2226 σκόλιον.
453 2192 491 2228 Ση
496 2190 610 2227 μείωσαι
619 2193 666 2219 καὶ
680 2193 733 2220 ἀπὸ
741 2193 788 2220 τοῦ
801 2194 936 2229 παρόντος

995 1592 1126 1628 suspendi
1145 1599 1220 1620 :non
1244 1597 1334 1618 tamen
1351 1591 1501 1625 imperator
1515 1589 1561 1624 qui
1580 1590 1669 1625 legum
1691 1597 1789 1625 repur-

994 1638 1133 1673 gationem
1150 1636 1225 1668 fecit,
1246 1640 1273 1663 et
1285 1635 1401 1663 Basilica
1422 1635 1589 1669 composuit,
1605 1635 1650 1662 illa
1670 1635 1785 1669 recepit.

993 1689 1021 1712 et
1039 1682 1287 1711 constitutionibus
1311 1689 1343 1709 ex
1367 1681 1430 1709 cod.
1449 1681 1572 1709 basilicis
1595 1681 1707 1709 insertis
1732 1682 1789 1709 hare

994 1729 1046 1757 tria
1064 1737 1116 1756 non
1141 1728 1277 1763 apposuit.
1304 1727 1343 1754 Ne
1363 1727 1446 1763 igitur
1469 1728 1625 1755 adverseris
1641 1727 1738 1762 positis
1760 1727 1788 1754 in

993 1777 1036 1804 tit.
1063 1776 1076 1803 1
1100 1776 1147 1803 lib.
1164 1783 1208 1807 ιχ,
1228 1774 1344 1810 legibus,
1360 1781 1423 1809 quae
1442 1773 1547 1810 digesta
1561 1774 1634 1807 [sunt
1647 1783 1654 1802 :
1667 1779 1695 1801 et
1713 1774 1791 1809 capi-

992 1824 1047 1852 tale
1069 1822 1234 1858 supplicium
1260 1829 1322 1849 esse
1340 1821 1524 1854 concremari,
1542 1820 1686 1853 decollari,
1711 1825 1739 1847 et
1761 1820 1788 1847 in

991 1870 1085 1898 furcas
1098 1868 1240 1904 suspendi,
1257 1867 1365 1895 dicunt.
1382 1867 1411 1894 Si
1425 1867 1498 1895 enim
1511 1875 1572 1902 quae
1587 1867 1646 1894 haec
1663 1870 1790 1894 statuunt

994 1915 1219 1947 constitutiones,
1235 1921 1299 1941 cum
1319 1912 1490 1941 recentiores
1512 1913 1579 1945 sint,
1597 1919 1651 1940 non
1674 1916 1789 1947 reCPptie

995 1965 1060 1989 sunt
1076 1969 1084 1988 :
1101 1960 1188 1987 multo
1200 1958 1348 1995 [profecto]
1370 1959 1461 1986 minus
1477 1958 1554 1994 [sunt
1569 1957 1691 1994 recepta]
1715 1958 1790 1993 dige-

993 2011 1048 2035 sta.
1077 2005 1192 2041 Applica
1219 2005 1302 2040 igitur
1325 2005 1448 2032 animum
1464 2004 1572 2040 eap.58
1598 2004 1709 2031 insertis
1727 2004 1790 2038 legi-

992 2052 1054 2085 bus,
1070 2056 1100 2079 ut
1115 2051 1310 2086 quazjuniores
1323 2051 1379 2079 sint
1392 2060 1399 2077 :
1413 2058 1466 2079 non
1483 2054 1574 2078 autem
1586 2050 1710 2085 digestis,
1727 2057 1789 2085 quae

990 2099 1142 2127 vetustiora
1169 2103 1251 2132 sunt,
1280 2105 1331 2126 nec
1357 2098 1441 2126 ullam
1475 2097 1593 2132 amplius
1619 2097 1788 2125 functionem

992 2145 1105 2172 habent.

1029 2190 1111 2218 Aliud
1125 2190 1264 2217 scholium.
1286 2189 1356 2217 Nota
1373 2189 1439 2216 item
1472 2196 1505 2217 ex
1526 2187 1654 2223 praesenti
1676 2187 1712 2215 25
1728 2194 1790 2222 cap.

141 2239 181 2263 κε’
196 2245 259 2271 κεφ.
273 2237 313 2263 ὅτι
329 2237 424 2274 ὥσπερ
452 2237 483 2264 τὸ
501 2237 628 2265 καίεσθαί
640 2247 717 2270 τινας
728 2239 779 2265 οὐκ
797 2239 907 2272 ἐδέξατο
922 2240 936 2265 ὁ

993 2237 1063 2272 quod
1089 2236 1324 2272 quemadmodum
1347 2239 1378 2263 ut
1397 2235 1483 2270 aliqui
1505 2240 1728 2265 concrementur,
1756 2233 1791 2260 ab

142 2282 268 2318 βασιλεὺς
280 2283 371 2316 καθὼς
381 2284 495 2319 εἴπομεν
509 2284 549 2316 εἰς
560 2284 608 2320 τὴν
615 2284 661 2311 τοῦ
673 2285 807 2321 παρόντος
821 2294 884 2320 κεφ.
896 2287 938 2322 ἑρ-

143 2329 268 2364 μηνείαν,
279 2329 364 2361 οὕτως
375 2330 435 2357 οὐδὲ
443 2330 473 2357 τὸ
480 2330 681 2366 ἀποτέμνεσθαι
692 2332 708 2366 ἦ
719 2340 760 2359 τοι
771 2332 939 2366 ἀποκεφαλί-

141 2373 236 2405 ζεσθαι
254 2375 317 2406 τοὺς
329 2375 479 2408 Χαλδαίους
499 2377 623 2408 καὶτοὺς
640 2377 754 2411 μάγους,
767 2378 827 2404 ἀντὶ
842 2377 938 2404 τούτου

140 2421 184 2447 διὰ
199 2421 309 2457 σιδήρου
324 2422 443 2458 τιμωρία
463 2423 580 2459 ἐτράπη.
600 2423 704 2455 ’Δπλῶς
712 2423 758 2451 οὖν
777 2424 938 2459 συναγαγὼν

141 2466 190 2492 καὶ
202 2467 256 2494 ἀπὸ
270 2467 359 2495 ἄλλων
371 2467 487 2501 πολλῶν,
497 2469 527 2495 οὐ
539 2470 589 2505 μὲν
602 2469 629 2496 δὲ
645 2469 693 2496 καὶ
713 2470 767 2498 ἀπὸ
782 2470 884 2498 τούτων
901 2471 938 2506 μὴ

141 2509 212 2539 εἶναι
219 2514 355 2549 τιμωρίαν
364 2514 516 2550 κεφαλικὴν
523 2515 569 2541 τὸν
579 2515 815 2552 ἀπυκεφαλισμδν,
824 2517 853 2543 τὸ
862 2517 937 2543 καίε-

143 2558 214 2591 σθαι,
236 2559 267 2586 τὺ
281 2559 484 2595 φουλκίζεσθαι,
496 2570 526 2588 το
538 2561 746 2594 λιθοϐολεῖσθαι,
755 2563 786 2589 τὸ
800 2563 840 2595 είς
858 2563 938 2598 βαθδν

143 2605 295 2642 ῥίπτεσθαι.
309 2606 379 2634 ἀλλὰ
392 2607 617 2644 άπ¹ἀνθρώπινον
631 2608 754 2641 θάνατον,
763 2610 898 2644 τιμωρίαν
910 2610 938 2636 δὲ

142 2652 296 2689 κεφαλικὴν
310 2651 381 2680 εἶναι
393 2654 440 2681 τὸν
450 2655 640 2690 περιορισμὸν,
656 2655 705 2690 τὴν
718 2655 867 2690 τύφλωσιν,
888 2656 938 2688 τὴν

142 2697 265 2733 ἐκτομὴν
278 2698 328 2734 τῆς
343 2699 446 2734 χειρὸς,
461 2699 509 2726 καὶ
521 2700 555 2726 τὰ
569 2700 652 2726 λοιπὰ
663 2701 714 2726 ὅσα
731 2701 778 2727 καὶ
794 2702 823 2732 ἐς
835 2701 940 2736 τροφῆς

143 2743 239 2778 καιρὸν
254 2742 357 2770 διδόασι
373 2743 412 2779 τῷ
426 2744 637 2780 τιμωρουμένῳ,
654 2745 700 2771 καὶ
717 2745 766 2771 τοῦ
785 2746 939 2781 ἐπταισμέ-

143 2796 190 2815 νου
204 2788 367 2822 ἀπόστασιν,
378 2789 424 2816 διὰ
449 2790 479 2816 τὺ
492 2789 607 2816 ὲπίπολυ
620 2790 811 2825 τιμωρεῖσθαι,
823 2791 882 2818 εἰπὲ
899 2792 940 2818 ὃτι

144 2836 195 2862 ὅσα
209 2836 314 2872 νόμιμα
327 2836 500 2873 εὑρίσκονται
517 2837 547 2863 έν
560 2837 616 2868 τοῖς
627 2836 780 2869 Βασιλικοῖς
792 2837 941 2865 ὑπεναντία

148 2883 182 2917 τῇ
194 2882 321 2919 παρούσῃ
338 2882 501 2918 διδασκαλίᾳ
517 2882 631 2918 δίγεστά
656 2883 719 2916 εισι,
740 2883 849 2910 καὶούκ
860 2883 936 2919 ὀφεί-

991 2283 1156 2318 imperatore
1173 2283 1324 2318 (quomodo
1347 2283 1374 2309 in
1400 2282 1544 2318 praesentis
1569 2289 1629 2316 cap.
1654 2281 1790 2316 interpre-

990 2332 1094 2359 tatione
1114 2331 1246 2365 diximus)
1263 2338 1317 2358 non
1341 2333 1483 2364 receptum
1510 2334 1552 2356 est
1569 2337 1576 2356 :
1595 2329 1633 2356 ita
1659 2336 1747 2363 neque
1763 2335 1780 2354 u

989 2377 1109 2405 Chaldaei
1132 2382 1160 2405 et
1184 2377 1255 2412 magi
1284 2377 1467 2407 decollentur.
1495 2375 1543 2403 sed
1567 2383 1617 2411 pro
1639 2375 1691 2402 hoc
1718 2373 1774 2403 ferr

989 2432 1069 2460 poena
1085 2424 1209 2460 iniuncta
1225 2428 1277 2452 est.
1294 2423 1418 2451 Breviter
1443 2422 1537 2458 igitur.
1561 2422 1704 2454 decollari,
1720 2429 1786 2449 con-

989 2471 1116 2503 cremari,
1133 2471 1160 2497 in
1176 2470 1282 2498 furcam
1307 2469 1452 2504 suspendi,
1474 2468 1601 2503 lapidari.
1623 2468 1650 2495 in
1668 2467 1785 2502 profun-

989 2516 1056 2543 dum
1080 2516 1189 2551 projici,
1217 2523 1271 2543 non
1301 2515 1447 2550 capitalem
1474 2522 1599 2551 pernam,
1621 2514 1668 2542 sed
1695 2513 1783 2541 diram

990 2565 1183 2590 mortem-esse
1197 2571 1204 2589 :
1221 2561 1365 2596 capitalem
1377 2566 1468 2589 autem
1483 2568 1592 2596 poenam
1606 2567 1667 2588 esse
1677 2559 1784 2594 depor-

990 2610 1135 2642 tationem,
1161 2610 1386 2642 excaecationem,
1410 2616 1510 2636 manus
1535 2607 1732 2640 exsectionem,
1759 2610 1786 2634 et

991 2656 1098 2691 reliqua
1115 2663 1176 2690 quae
1197 2655 1304 2683 reditus
1323 2660 1431 2690 tempus
1448 2654 1545 2690 punito
1560 2654 1637 2686 dant,
1653 2657 1723 2680 etut
1740 2652 1788 2680 diu

991 2701 1038 2737 qui
1048 2701 1173 2736 deliquit,
1187 2701 1330 2736 puniatur,
1344 2700 1435 2737 [illum
1448 2699 1573 2736 Omnino]
1582 2699 1764 2727 exterminant
1777 2707 1785 2725 :

993 2755 1055 2776 cum
1070 2755 1104 2775 ex
1127 2747 1188 2775 aliis
1212 2747 1316 2781 multis,
1339 2753 1397 2774 tum
1412 2754 1478 2774 vero
1492 2746 1575 2773 etiam
1592 2753 1625 2772 ex
1649 2745 1691 2772 his
1712 2744 1788 2772 colli-

993 2802 1071 2830 gens,
1089 2794 1143 2826 dic,
1164 2794 1235 2829 quod
1250 2801 1422 2829 quaecunque
1432 2793 1494 2828 jura
1511 2791 1639 2827 praesenti
1655 2790 1788 2818 doctrinm

994 2839 1132 2868 contraria
1155 2840 1184 2867 in
1201 2839 1288 2868 Basil.
1309 2840 1498 2872 inveniuntur,
1520 2837 1626 2873 digesta
1650 2837 1715 2869 sint,
1738 2845 1790 2865 nec

997 2885 1073 2922 (quia
1085 2886 1147 2921 jure
1163 2891 1302 2922 receptum
1324 2885 1369 2920 sit,
1393 2890 1433 2917 ut,
1450 2885 1561 2920 quando
1576 2883 1789 2912 constitutiones
