1956 3049
147 105 214 142 1111

741 105 875 138 PHOTII
892 103 1149 137 PATRIARCHE
1166 106 1224 137 CP.

1735 105 1806 138 1112

1799 147 1809 166 ι

151 174 177 196 et
192 167 297 202 digesta
314 167 348 195 de
371 174 425 194 una
441 167 594 202 eademque
609 165 652 202 [re
671 164 791 200 diversa]
812 166 949 194 statuunt.

1014 171 1081 190 touct
1106 164 1238 199 κρατεῖν·
1255 163 1411 198 νενόμισται
1435 164 1490 198 γὰρ
1507 163 1707 200 προτιμοτέρας
1733 162 1792 191 εἷνα

152 215 205 242 illae
226 213 344 249 digestis
364 212 559 248 prad‘erantur)
580 211 773 240 auctoritatem
791 210 861 245 juris
880 209 951 237 obti-

149 267 216 288 nere
228 260 346 288 debeant
362 268 369 286 :
383 263 422 292 et,
438 259 512 293 quod
534 258 640 293 legibus
653 257 838 290 omnibusque
853 254 951 282 Novel-

153 306 198 338 lis.
224 309 254 333 ut
283 305 431 340 benignius
454 304 529 338 leges
554 303 780 338 interpretemur,
803 305 886 335 atque
913 299 951 328 ita

153 352 306 379 sententias
334 350 472 381 feramus,
501 349 619 384 placeat.
645 348 683 375 Ne
705 349 798 382 itaque
825 347 951 379 mireris,

154 396 304 424 concilium
326 394 663 429 Constantinopolitanum
690 392 861 427 temporibus
886 399 953 418 san-

153 442 270 471 ctissimi
296 442 370 470 illius
387 441 551 477 patriarcha
577 440 672 468 domui
692 439 834 467 Michaelis
851 438 952 470 Oxilze,

155 493 186 516 ut
204 488 337 523 Bogomili
358 490 618 518 concremarentur,
635 490 662 513 et
678 485 810 513 statuisse
827 488 855 511 et
872 491 952 511 man-

153 535 244 562 dasse.
266 533 326 562 Veri
343 533 417 561 enim
442 533 532 560 simile
555 537 608 565 est,
632 532 666 559 de
683 531 789 567 legibus
811 536 877 558 tunc
898 534 956 557 tra-

151 584 258 607 ctatum
285 587 340 607 non
366 578 462 607 fuisse.
492 578 564 612 Quin
588 578 699 612 potius.
725 576 798 612 quod
817 575 954 611 Bogomili

154 623 297 652 mordicus
318 628 345 650 et
358 623 497 651 obstinate
512 630 569 651 suae
584 621 682 650 haeresi
696 621 874 652 inhwreutes.
895 627 956 649 tan-

153 677 238 705 quam
255 669 433 706 [constantiae
448 668 517 705 sum]
534 668 736 698 testimonium,
751 667 955 695 concrematio-

160 724 225 744 nem
243 715 446 751 prteripuerint.
468 715 526 750 Ego
545 719 637 743 autem
661 715 754 742 sciens
776 714 883 742 nullutn
903 720 956 739 un-

154 770 240 798 quam
257 769 391 790 canentem
419 761 586 797 supplicium
605 761 766 796 permisisse
792 761 858 796 (non
877 759 952 787 enim

1003 211 1054 241 τὰς
1069 209 1208 242 διατάξεις
1221 210 1276 236 τῶν
1290 209 1424 244 διγέστων
1439 209 1503 236 ἔνθα
1519 209 1641 245 περὶτοῦ
1657 210 1740 236 αὑτοῦ
1753 211 1803 237 καὶ

1006 257 1066 289 ἑνὸς
1083 256 1263 292 νομοθετοῦσι
1286 265 1320 283 τι.
1339 256 1396 283 Καὶ
1409 257 1450 283 ὅτι
1472 258 1530 288 τοῖς
1549 256 1642 291 νόμοις
1664 255 1740 282 δοκεῖ
1759 256 1808 282 καὶ

1003 304 1105 335 πάσαις
1124 305 1185 335 ταῖς
1199 303 1320 338 Νεαραϊς
1337 303 1383 329 ἐπὶ
1406 303 1436 329 τὸ
1461 302 1719 337 φιλανθρωπότερον
1742 303 1808 333 τοὺς

1003 350 1104 385 νόμους
1116 347 1330 386 ἑρμηνεύεσθαι,
1347 350 1396 375 καὶ
1418 348 1491 375 οὓτω
1505 349 1555 379 τὰς
1569 348 1722 383 ἀποφάσεις
1734 348 1808 382 γίνε-

1006 396 1081 424 σθαι.
1093 397 1139 432 Μὴ
1150 396 1217 430 γοῦν
1229 396 1376 431 θαυμάσῃς
1391 396 1432 422 ὅτι
1447 396 1464 430 ἡ
1475 395 1503 421 ὲν
1516 394 1808 421 Κωνσταντινηυπόλει

1006 443 1115 475 σύνοδος
1132 443 1180 469 ἐπὶ
1198 442 1252 469 τῶν
1266 441 1378 477 ἡμερῶν
1390 440 1439 467 τοῦ
1457 440 1613 474 ἁγιωτάτου
1631 440 1806 474 πατριάρχου

1005 489 1102 524 κυρίου
1127 487 1238 524 Μιχαὴλ
1264 488 1313 515 τοῦ
1339 487 1438 519 Ὀξειτ.
1462 487 1572 521 διέγνω,
1598 486 1646 512 κα)⁸
1669 485 1806 521 ἐπέτρεψε

1005 535 1144 570 καυθῆναι
1166 533 1353 569 Βωγομίλους.
1367 534 1450 564 Eine;
1466 533 1520 567 γάρ
1537 532 1598 559 ἐστι
1615 531 1653 567 μὴ
1675 540 1809 567 τρακται-

1009 576 1107 616 σθῆναι
1120 581 1183 607 τότε
1198 581 1262 612 τοὺς
1275 580 1385 615 νόμους,
1401 580 1449 606 καὶ
1463 578 1566 614 μᾶλλον
1590 579 1632 606 ὅτι
1658 578 1719 605 τοτε
1736 578 1809 611 ἀμε-

1008 627 1132 658 ταθέτως
1146 626 1256 662 ἔχοντες
1270 626 1320 661 τῆς
1342 625 1448 657 οἰκείας
1462 625 1599 660 αἱρέσεως
1612 625 1638 652 οἱ
1653 624 1809 660 Βωγόμιλοι

1007 673 1046 705 ὡς
1080 673 1231 709 μαρτύριον
1258 672 1438 708 προήρπαζον
1461 670 1511 706 τὴν
1538 670 1650 698 καῦσιν.
1684 670 1755 705 Ἐγὼ
1781 671 1811 697 δὲ

1007 719 1086 751 εἰδὼς
1105 719 1209 755 μηδένα
1224 719 1325 746 κανόνα
1346 718 1495 754 ἐπιτρέψαι
1519 717 1584 744 ποτὲ
1601 717 1748 753 τιμωρίαν,
1769 717 1812 743 ὅτι

1011 765 1080 802 μηδὲ
1096 763 1168 792 οἶδεν
1189 765 1204 792 ὸ
1219 764 1454 800 ἑκκλησιαστικδς
1471 764 1554 800 νόμος
1572 764 1734 799 σωματικὰς
1748 772 1813 790 ποι-

154 807 345 835 ecclesiastica
375 807 438 840 lex,
464 807 514 835 sed
540 807 642 838 civilis,
670 807 830 841 corporales
859 813 957 840 poenas

1014 812 1072 844 νὰς,
1081 812 1141 839 ἀλλ’
1150 812 1164 839 ὁ
1176 811 1326 842 πολιτικός.
1341 811 1398 837 Καὶ
1412 809 1452 836 ἔτι
1463 809 1599 846 θαυμάζω
1613 810 1671 842 πῶς
1680 809 1815 844 τοιαύτην

156 852 255 888 novit),
270 852 422 880 etiamnum
439 854 532 885 miror,
547 853 687 887 quomodo
695 853 844 880 concilium
856 853 952 880 istius-
971 844 994 872 Β

155 899 229 926 modi
249 903 306 926 tum
322 897 414 926 tulerit
434 898 613 926 sententiam.
633 898 777 933 Siquidem
794 898 923 926 excidere
938 906 954 926 ο

156 944 377 975 Christianorum
406 951 524 980 corpore
553 944 700 972 haereticos
729 944 803 972 docti
832 952 952 972 sumus:

158 991 296 1026 supplicio
319 994 409 1018 autem
426 991 500 1025 ipsos
524 989 633 1018 allii-ere
655 997 708 1017 non
725 989 954 1024 didicimus.‘\’e-

157 1045 221 1066 rum
238 1045 300 1065 cum
323 1037 455 1065 obstinati
481 1041 556 1068 sunt,
576 1036 652 1064 civili
674 1036 726 1072 legi
749 1037 898 1068 tradimus,
913 1041 956 1065 at-

159 1090 215 1118 que
229 1090 245 1110 a
258 1082 466 1117 magistratibus
481 1082 507 1109 in
522 1082 585 1109 illos
598 1083 742 1110 sententiae
760 1081 899 1109 feruntur.

194 1128 304 1156 Tenus.
317 1128 412 1156 Const.
424 1128 450 1155 6.
464 1127 514 1161 Qui
524 1128 658 1156 elementa
668 1129 955 1164 turbant.etc.,usque

159 1174 194 1201 αιί
211 1174 402 1209 deportentur,
418 1178 446 1200 ut
460 1182 523 1209 pag.
535 1174 596 1202 765.

196 1265 344 1294 Scltolium.
372 1265 442 1294 Nota
469 1266 552 1294 etiam
581 1274 615 1294 ex
641 1267 767 1301 praesenti
792 1274 852 1302 cap.
883 1267 957 1303 quod

161 1320 252 1348 neque
275 1317 305 1340 ut
327 1319 342 1340 a
366 1312 462 1340 bestiis
488 1312 693 1345 interimantur,
717 1312 764 1347 qui
786 1320 834 1347 pur
860 1321 957 1341 inanes

135 1354 144 1358 ’
163 1359 292 1387 inimicos
309 1367 375 1387 suos
397 1359 539 1391 occidunt,
564 1359 699 1394 receperit
715 1364 805 1386 const.
825 1359 841 1386 6
869 1359 953 1387 Basil.

163 1407 267 1434 inserta
282 1414 289 1434 :
305 1405 353 1434 sed
372 1405 455 1433 etiam
473 1406 524 1433 hos
546 1405 636 1440 gladio
654 1405 745 1440 puniri
771 1405 957 1434 constituerit.

163 1453 297 1481 Atlendas
321 1452 404 1488 igitur
426 1451 508 1487 paulo
531 1456 594 1479 ante
618 1452 728 1486 scriptae
750 1456 851 1479 nostrae
869 1452 956 1479 inter-

163 1499 323 1535 pretationi.
345 1499 441 1528 Const.
472 1498 489 1527 6
509 1499 634 1534 ejusdem
658 1499 702 1526 tit.
726 1504 753 1526 et
772 1499 821 1526 lib.
837 1499 900 1526 cod.
915 1503 959 1526 est

164 1547 208 1575 tit.
224 1546 270 1579 59,
287 1546 334 1574 lib.
350 1554 383 1574 LX
400 1545 486 1574 Basil.
507 1545 553 1578 99,
580 1545 654 1580 quod
677 1545 718 1573 sic
734 1545 816 1573 habet
830 1555 837 1572 :
854 1545 905 1579 Qui
926 1545 960 1572 ad

164 1592 321 1620 nocendum
344 1591 506 1620 hominibus
527 1598 624 1618 manes
647 1596 773 1624 evocnnt,
797 1591 889 1626 gladio
908 1598 959 1626 pu-

165 1639 289 1666 niuntor.
319 1637 488 1665 Constitutio
513 1637 538 1670 7,
554 1642 597 1665 est
626 1644 687 1671 cap.
707 1637 831 1672 ejusdem
857 1638 897 1664 tit.
932 1641 960 1665 et

166 1684 215 1713 lib.
242 1691 337 1717 xxvtl,
370 1683 442 1718 quod
474 1683 513 1710 ita
533 1683 571 1711 ait
603 1691 610 1710 :
638 1682 822 1719 Dignitatibus
854 1684 961 1719 praediti

166 1731 310 1759 tormentis
331 1737 386 1758 non
403 1733 468 1757 sunt
481 1729 606 1763 obnoxii,
622 1729 676 1757 nisi
700 1730 728 1757 in
753 1729 869 1759 crimine
889 1729 961 1757 [sese

167 1776 329 1812 majestatis.
347 1776 401 1804 Sed
422 1780 449 1803 et
463 1775 487 1803 si
501 1776 548 1811 qui
573 1775 657 1811 magi,
673 1782 721 1804 aut
740 1776 962 1811 qualemcunque

167 1821 308 1850 divinandi
329 1825 416 1849 artem
441 1820 551 1849 modice
573 1821 695 1856 profiteri
720 1821 882 1856 deprehensi
901 1821 961 1848 fue-

166 1869 234 1902 rint,
254 1868 330 1896 nullo
349 1868 491 1903 dignitatis
508 1867 651 1903 privilegio
676 1873 800 1896 utuntur.
825 1868 961 1896 Convenit

165 1913 239 1941 enim
264 1913 388 1949 ipsorum
406 1913 532 1946 facinori,
550 1917 580 1940 ut
595 1921 691 1949 poenas
705 1913 792 1945 luant,
815 1915 837 1942 si
860 1914 887 1941 in
912 1921 961 1942 co-

165 1959 266 1988 mitatu
281 1958 439 1996 [principis]
455 1959 482 1986 id
499 1959 681 1987 committant.
698 1959 763 1988 Vide
779 1960 872 1995 igitur,
888 1967 959 1995 quo-

167 2005 249 2034 modo
264 2005 309 2033 hic
323 2013 435 2041 quoque
447 2005 601 2041 aruspices.
618 2006 721 2042 quique
736 2014 770 2035 ex
789 2006 904 2034 somniis
919 2006 961 2034 di-

165 2051 270 2085 vinant,
283 2051 379 2080 omissi
391 2051 457 2084 sint,
473 2059 505 2079 ac
517 2052 719 2087 qualiscunque
730 2052 863 2080 divinatio
877 2053 960 2081 latius

164 2096 355 2131 prohibeatur.
383 2097 517 2125 Similiter
532 2097 627 2131 etiam,
654 2102 683 2125 ut
706 2104 840 2133 negantes
866 2104 961 2126 contra

165 2142 323 2177 generalem
344 2143 479 2178 regulam,
495 2151 558 2178 quae
580 2148 758 2172 accusatores
776 2143 961 2180 [criminatio-

1011 856 1158 890 διάγνωσιν
1169 856 1229 882 τότε
1244 857 1261 891 ἡ
1277 854 1387 886 συνόδος
1403 854 1524 886 ἐξέθετο,
1540 855 1687 882 ἐκκόπτειν
1705 855 1761 889 γὰρ
1777 855 1812 881 ἐκ

1010 902 1058 929 τοῦ
1077 901 1203 937 σώματος
1218 901 1273 928 τῶν
1288 901 1462 937 Χριστιανῶν
1478 902 1543 933 τοὺς
1566 901 1724 936 αἱρετικοῡς
1743 900 1813 927 δεδι-

1011 949 1148 984 δάγμεθα.
1173 949 1308 984 τιμωρεῖν
1324 948 1352 975 δὲ
1378 941 1478 980 αὐτούς
1496 948 1546 975 οὐκ
1571 947 1723 982 ἐμάθομεν,
1743 946 1815 974 ἀλλὰ

1010 994 1198 1029 ἀμεταθέτους
1216 993 1296 1025 ὄντας
1315 993 1494 1029 παραδιδόναι
1519 993 1560 1028 τῷ
1576 993 1710 1028 πολιτικῷ
1724 993 1813 1028 νόμῳ,

1013 1041 1062 1068 καὶ
1075 1039 1153 1076 παρὰ
1171 1039 1226 1066 τῶν
1239 1040 1381 1075 ἀρχόντων
1395 1040 1446 1072 τὰς
1461 1040 1533 1067 κατὰ
1544 1039 1648 1066 τούτων
1658 1040 1814 1074 ἀποφάσεις

1014 1085 1192 1121 ἐκφέρεσθαι.

1049 1133 1203 1167 Κείμενον.
1224 1131 1300 1159 Διάτ.
1332 1130 1424 1168 ς-’.,Οί
1450 1131 1485 1158 τὰ
1522 1132 1641 1166 στοιχεῖα
1665 1131 1817 1166 ταράσσον-

1010 1188 1075 1212 τες,
1105 1179 1122 1214 ἢ
1148 1179 1211 1210 τοὺς
1232 1178 1365 1214 ἐχθροὺς,
1390 1187 1418 1205 κ.
1442 1187 1467 1205 τ.
1494 1178 1518 1205 λ.
1534 1198 1540 1209 ,
1571 1185 1660 1213 usque
1680 1177 1745 1212 ι]ᾶῆ
1777 1178 1812 1203 τὶ

1014 1226 1064 1261 τῆς
1079 1226 1147 1257 ίδίας
1162 1225 1311 1261 θρησκείας
1324 1224 1543 1259 δημοσιεύοντες,
1555 1223 1813 1259 δεπορτατεύονται.

1049 1272 1188 1306 Σχόλιον.
1197 1271 1354 1307 Σημείωσαι
1365 1271 1413 1297 καὶ
1424 1270 1478 1298 ἀπὺ
1490 1270 1538 1297 τοῦ
1552 1270 1684 1306 παρόντος
1696 1278 1758 1304 κεφ.
1774 1271 1817 1297 ὅτι

1013 1317 1076 1345 οὐδὲ
1096 1317 1126 1344 τὸ
1144 1317 1250 1353 θηρίοις
1271 1316 1444 1352 ἀναιρεῖσθαι
1457 1317 1522 1349 τοὺς
1546 1316 1590 1343 διὰ
1611 1316 1749 1351 δαιμόνων
1771 1325 1817 1350 φο-

1014 1363 1143 1395 νεύοντας
1151 1362 1214 1394 τοὺς
1225 1362 1341 1398 ἐχθροὺς
1354 1361 1455 1395 αὐτῶν,
1468 1361 1602 1397 ἐδέξατοὴ
1614 1361 1685 1388 διάτ.
1698 1362 1715 1397 ἡ
1730 1370 1818 1388 κατα-

1016 1409 1170 1443 στρωθεϊσα
1184 1409 1214 1435 ὲν
1226 1409 1282 1440 τοῖς
1297 1407 1462 1439 Βασιλικοῖς,
1475 1407 1544 1434 ἀλλὰ
1557 1407 1604 1434 καὶ
1616 1406 1726 1438 τούτους
1743 1407 1818 1441 ξίφει

1016 1455 1198 1490 τιμωρεῖσθαι
1215 1454 1373 1490 διωρίσατο,
1392 1454 1513 1490 πρόσχες
1534 1453 1581 1481 οὖν
1595 1455 1629 1490 τῇ
1644 1453 1758 1480 δπισθεν
1772 1461 1819 1487 γε-

1016 1500 1169 1536 γραμμένῃ
1182 1499 1316 1535 ἑρμηνείᾳ
1328 1498 1420 1535 ἡμῶν.
1435 1498 1466 1525 'H
1485 1502 1511 1531 ς’1
1523 1499 1592 1526 διάτ.
1610 1498 1657 1526 τοῦ
1670 1498 1818 1526 αὐτοῦ-εἶτ.

1015 1547 1062 1574 καὶ
1077 1546 1181 1581 βιϐλίου
1192 1545 1240 1572 τοῦ
1258 1544 1386 1576 κὼδικος,
1405 1545 1463 1571 ἐστι
1475 1544 1524 1571 τοῦ
1540 1544 1580 1571 λθ¹
1595 1545 1648 1572 τίτ.
1670 1543 1718 1571 τοῦ
1741 1543 1763 1576 ξ’
1777 1544 1819 1578 βι-

1015 1591 1090 1618 ϐλίου
1102 1591 1155 1619 τῶν
1169 1590 1322 1618 Βαπιλικῶν
1330 1589 1458 1625 κεφ.κς’,
1468 1589 1557 1622 οὕτως
1566 1589 1636 1624 ἕχον·
1650 1589 1683 1616 Ol
1701 1590 1740 1620 et;
1752 1589 1818 1624 βλά-

1015 1638 1067 1674 σην
1077 1637 1230 1673 ἀνθρώπων
1238 1637 1369 1672 δαίμονας
1381 1636 1594 1670 ἐπικαλούμενοι
1601 1636 1673 1670 ξίφει
1685 1636 1819 1671 τιμωρεί-

1016 1686 1134 1712 σθωσαν.
1145 1683 1178 1710 Ἦ
1190 1682 1212 1716 ζ’
1221 1683 1292 1710 διάτ.
1304 1681 1360 1709 ἔστι
1373 1690 1437 1716 κεφ.
1451 1681 1588 1709 τοῦαύτοῦ
1596 1681 1650 1708 τίτ.
1661 1681 1764 1717 βιϐλίου
1775 1681 1820 1714 κζ’

1016 1730 1095 1765 λέγον
1111 1729 1215 1760 οὕτως’
1227 1729 1259 1755 Ui
1276 1728 1460 1763 ἀξιωματικοὶ
1481 1727 1531 1763 οὐχ
1553 1728 1713 1754 ὑπόκεινται
1728 1727 1818 1762 βασά-

1016 1785 1072 1808 νοις
1091 1777 1115 1803 εί
1134 1776 1172 1811 μὴ
1195 1775 1243 1802 ἐπὶ
1264 1775 1315 1810 τῆς
1335 1773 1540 1806 καθοσιώσεως.
1558 1774 1589 1800 Et
1609 1774 1637 1800 δὲ
1673 1773 1720 1801 καί
1742 1782 1819 1805 τινες

1016 1822 1151 1858 εὐρεθῶσι
1168 1822 1275 1857 γόητες,
1289 1821 1307 1857 ἢ
1322 1820 1482 1856 οἱανδήποτε
1506 1820 1623 1855 μετρίαν
1644 1819 1818 1853 ἐπαγγελλό-

1019 1877 1096 1905 μενοι
1113 1868 1247 1904 μαντείαν
1264 1868 1360 1904 μηδενὶ
1376 1867 1519 1903 προνομεῳ
1541 1867 1699 1901 ἀξιώματος
1714 1869 1820 1902 κεχρή-

1017 1915 1135 1943 σθωσαν.
1149 1914 1252 1951 Πρέπει
1270 1914 1326 1950 γὰρ
1337 1913 1377 1950 τῷ
1393 1913 1529 1949 γινομένῳ
1541 1914 1605 1947 παρ’
1620 1913 1711 1940 αὐτῶν
1721 1913 1819 1948 ἁμαρ-

1017 1963 1122 1998 τήματι
1138 1961 1168 1988 τὸ
1184 1959 1367 1996 τιμωρεῖσθαι
1383 1960 1482 1993 animi;
1498 1959 1546 1986 ἐὰν
1561 1960 1590 1986 ὲν
1611 1959 1651 1994 τῷ
1674 1959 1820 1994 κομιτάτῳ

1017 2007 1138 2034 τοιοῦτον
1155 2007 1373 2042 ἁμαρτήσουσιν.
1393 2006 1446 2034 Ἴδε
1473 2006 1540 2040 γοῦν
1567 2006 1605 2037 ὼς
1630 2005 1678 2032 καὶ
1696 2005 1818 2032 ἐνταῦθα

1019 2052 1136 2088 παρείθη
1156 2052 1188 2079 τὸ
1208 2052 1262 2079 τῶν
1280 2052 1473 2079 οἰωνοσκόπων
1498 2051 1547 2078 καὶ
1568 2051 1599 2078 τὸ
1614 2052 1668 2078 τῶν
1685 2060 1819 2086 μαντευο-

1019 2098 1107 2134 μένων
1120 2097 1154 2125 δι*
1168 2097 1291 2134 ὀνείρων,
1301 2099 1348 2125 καὶ
1362 2098 1497 2133 ἐκολάσθη
1506 2097 1674 2133 πλατύτερον
1686 2098 1716 2123 τὸ
1725 2099 1820 2124 ὁπωσ-

1016 2145 1117 2181 δήποτε
1137 2145 1330 2179 μαντεύεσθαι.
1350 2144 1490 2176 Ὡσαύτως
1509 2144 1628 2179 παρείθη
1650 2144 1742 2171 καὶτὸ
1758 2144 1819 2176 ξὲε-

164 2187 240 2224 nem]
259 2188 377 2224 probare
404 2189 473 2224 vult,
500 2189 615 2218 omnino
638 2189 678 2226 [in
711 2190 809 2218 aculeo
838 2190 957 2227 ungulis]

1019 2191 1080 2218 σθαι
1100 2191 1165 2222 τοὺς
1190 2191 1378 2226 ἀρνουμένους
1403 2190 1514 2221 πάντως
1534 2191 1606 2217 κατὰ
1633 2190 1683 2226 τὴν
1699 2190 1817 2217 καθόλου

165 2235 317 2269 sulcentur,
343 2236 477 2264 omissum
502 2241 555 2264 est.
582 2236 700 2265 Consttt.
727 2237 744 2264 8
769 2243 810 2264 est
834 2245 897 2272 cap.
928 2237 963 2265 Q8

165 2282 289 2318 ejusdem
306 2283 340 2310 59
368 2283 410 2310 tit.
439 2283 513 2319 quod
537 2284 577 2312 sic
599 2284 694 2316 habet,
711 2284 779 2311 utin
799 2284 963 2320 compendio

166 2329 339 2363 propositutn
363 2335 414 2357 est.
434 2329 532 2357 Const.
558 2329 595 2362 9,
625 2335 668 2359 est
700 2331 749 2358 ult.
775 2339 836 2366 cap.
860 2331 904 2358 tit.
927 2330 963 2359 39

165 2375 290 2410 ejusdem
317 2383 352 2403 ιιι
374 2375 434 2410 lib.,
456 2376 530 2412 quod
556 2376 652 2405 eadem
678 2382 784 2405 narrat.
804 2378 921 2405 Constit.
944 2378 961 2405 3

167 2422 209 2449 tit.
229 2422 246 2449 4
270 2421 318 2449 lib.
336 2422 419 2450 tcod.
439 2428 482 2450 est
502 2430 562 2459 cap.
594 2423 687 2452 26.tit.
705 2423 738 2450 l7
754 2424 799 2451 Iih.
821 2431 876 2455 vu,
889 2424 963 2459 quod

166 2468 203 2495 ita
220 2467 323 2497 habet:
339 2468 432 2496 Primo
446 2468 574 2498 Paschali
590 2470 644 2502 die,
659 2470 741 2497 etiam
759 2469 832 2497 nulla
851 2470 963 2505 speciali

166 2514 344 2550 imperatoria
357 2515 483 2550 jussioue
509 2516 537 2543 in
562 2516 615 2544 hoc
639 2516 839 2552 praeveniente,
864 2524 963 2544 omnes

165 2562 214 2597 qui
233 2561 260 2589 in
284 2561 443 2590 carceribus
469 2566 546 2597 sunt,
573 2563 773 2592 absolvantur:
791 2563 842 2590 nisi
868 2563 892 2591 si
915 2569 964 2591 aut

165 2608 332 2646 sacrilegus,
347 2613 394 2637 aut
419 2609 537 2642 adulter,
563 2614 613 2637 aut
627 2609 765 2645 virginum
788 2614 892 2645 raptor,
915 2613 964 2637 aut

164 2655 360 2691 sepulcrorum
384 2655 513 2689 violator,
527 2659 576 2683 aut
599 2655 739 2685 veneﬁcus
763 2655 821 2683 sit:
840 2655 893 2684 nisi
916 2655 963 2683 fal-

165 2709 226 2730 sam
242 2707 382 2730 monetam
398 2706 524 2738 exceptet
542 2711 548 2729 :
563 2702 614 2729 nisi
630 2702 671 2729 vel
686 2701 826 2730 homicida
843 2702 884 2729 vel
902 2709 964 2736 par-

165 2746 265 2780 ricida,
280 2748 323 2775 vel
335 2747 468 2777 adversus
480 2743 634 2784 principem
646 2748 777 2775 urbemve
794 2747 961 2784 [quidpiam]

165 2793 278 2822 molitus
303 2794 349 2822 sit.
374 2794 468 2829 Const.
485 2801 550 2822 vero
568 2793 602 2821 10
616 2793 658 2821 tit.
680 2794 697 2821 4
719 2794 766 2821 lib.
794 2802 814 2825 ι,
837 2795 899 2822 cod.
920 2799 963 2822 est

1017 2237 1169 2273 παράδοσιν
1187 2238 1237 2272 τὴν
1268 2236 1439 2265 ἀπαιτοῦσαν
1456 2236 1646 2264 ἀποδεικνύειν
1669 2236 1734 2268 τοὺς
1751 2245 1819 2263 κατ-

1017 2284 1147 2320 ηγόρους.
1164 2284 1196 2310 ’H
1210 2283 1236 2320 η’
1256 2284 1328 2311 διάτ.
1347 2284 1406 2312 ἐστι
1419 2292 1482 2316 κεφ.
1495 2283 1539 2319 κη’
1551 2283 1598 2310 τοῦ
1610 2283 1694 2310 αὑτοῦ
1708 2282 1746 2309 λθ¹
1761 2283 1817 2310 τίτ.

1016 2330 1104 2363 οὕτως
1121 2330 1182 2366 ἔχον
1198 2330 1236 2362 ὡς
1263 2329 1432 2365 συνωψίσθη.
1465 2329 1498 2356 Ἦ
1525 2328 1547 2356 θ’
1573 2329 1645 2356 διάτ.
1666 2328 1726 2356 εστι
1749 2337 1816 2363 κεφ.

1017 2376 1172 2403 τελευταῖον
1188 2376 1234 2402 τοῦ
1257 2374 1295 2402 λθ¹
1313 2376 1366 2402 τίτ.
1384 2375 1432 2403 τοῦ
1451 2375 1535 2414 αὐτοῦ
1561 2374 1581 2408 ξ’
1605 2375 1660 2411 βιὸ.
1681 2375 1716 2402 τὰ
1741 2375 1816 2401 αὐτὰ

1016 2422 1125 2455 διεξιόν.
1145 2423 1176 2455 Ἡ
1187 2422 1211 2457 γ’
1227 2422 1297 2450 διάτ.
1312 2422 1361 2450 τοῦ
1374 2421 1395 2448 δ’
1411 2422 1464 2449 τίτ.
1493 2421 1541 2449 τοῦ
1561 2421 1584 2449 α’
1608 2421 1664 2456 βιὸ.
1689 2421 1738 2448 τοῦ
1759 2421 1818 2447 κώ-

1016 2469 1090 2501 δικος
1106 2469 1165 2496 ἐστι
1192 2477 1256 2504 κεφ.
1272 2467 1319 2501 κς¹
1343 2468 1392 2496 τοῦ
1419 2468 1451 2501 ιζ’
1462 2468 1516 2496 τίτ.
1538 2467 1587 2495 τοῦ
1604 2467 1627 2500 ζ’
1651 2468 1756 2504 βιϐλίου
1769 2467 1818 2494 οὖ-

1016 2524 1070 2547 τως
1090 2515 1152 2551 ἕχον
1164 2524 1170 2530 ·
1187 2515 1227 2551 Τῇ
1247 2515 1343 2552 πρώτῃ
1363 2514 1418 2543 τῶν
1434 2515 1597 2550 Πασχαλίων
1622 2514 1744 2550 ἡμερῶν,
1764 2515 1813 2541 καὶ

1018 2562 1057 2597 μὴ
1083 2560 1226 2597 βασιλικῆς
1251 2561 1338 2597 ίδικῆς
1356 2562 1403 2589 ἐπὶ
1427 2560 1516 2596 τούτῳ
1538 2560 1747 2595 καταλαϐούσης
1770 2569 1818 2587 κε-

1016 2607 1147 2640 λεύσεως,
1160 2608 1261 2640 πάντες
1275 2609 1301 2634 ot
1313 2609 1341 2634 ὲν
1355 2607 1491 2642 φυλακαῖς
1501 2607 1726 2639 ἀπολυέσθωσαν,
1738 2607 1762 2633 εί
1777 2607 1817 2642 μὴ

1015 2654 1072 2690 ἄρα
1086 2653 1224 2690 ίερύσυλός
1240 2654 1325 2687 ἐστιν,
1340 2654 1356 2690 ἢ
1375 2655 1478 2690 μοιχὺς,
1494 2653 1510 2690 ἦ
1524 2654 1670 2690 παρθένων
1685 2653 1788 2688 ἅρπαξ,
1798 2654 1816 2690 ἢ

1015 2699 1208 2736 τυμϐωρύχος,
1231 2699 1414 2736 ἤφαρμακὸς,
1432 2700 1449 2735 ἢ
1467 2700 1580 2736 μονίταν
1607 2700 1727 2735 πλάστην
1757 2699 1818 2726 Em

1017 2746 1246 2782 καταδεξάμενος,
1272 2746 1289 2782 ἢ
1314 2747 1423 2780 φονεὺς,
1452 2747 1469 2783 ἢ
1497 2746 1724 2782 πατροκτόνος,ἢ
1743 2748 1816 2773 κατα

1017 2793 1161 2828 βασιλέως,
1183 2793 1200 2829 ἢ
1215 2793 1321 2825 πόλεως
1338 2793 1577 2829 μηχανησάμενος.
1599 2793 1654 2820 Καὶ
1667 2794 1684 2828 ὴ
1702 2792 1717 2820 ι’
1740 2793 1813 2820 διάτ.
