1956 3049
622 75 639 89 ο

141 131 210 164 lll3

621 131 865 163 NOMOCANON.
886 145 922 150 -
941 132 1017 164 ΤΙΤ.
1037 132 1089 170 ΙΧ,
1110 132 1190 163 CAP.
1206 131 1295 162 XXV.

1710 130 1780 163 ΠΗ

136 188 185 216 τοῦ
204 188 223 215 δ’
239 188 291 215 τίτ.
310 188 356 214 τοῦ
377 187 400 214 α’
429 187 531 222 βιϐλίου
555 187 602 215 τοῦ
629 188 756 221 κώδικος,
779 188 838 215 ἐστι
871 197 933 223 κεφ.

990 195 1049 223 cap.
1071 188 1104 215 l7
1131 188 1173 215 tit.
1192 188 1204 214 1
1223 188 1269 214 lib.
1290 196 1297 214 t
1322 187 1406 214 Basil.
1430 186 1504 222 quod
1526 186 1564 214 sic
1587 186 1691 221 habet,
1710 193 1739 215 ut
1762 188 1791 216 in

139 237 174 269 ιζ’
196 235 244 262 τοῦ
265 233 289 262 α’
313 235 416 269 βιϐλίου
431 234 485 262 τῶν
510 234 674 268 Βασιλικῶν,
697 235 784 268 οὕτως
807 235 881 271 ἕχον,
900 235 939 268 ὡς

139 281 306 317 συνωψίσοη.

174 339 329 373 Κείμενον.
346 339 401 366 Καὶ
423 338 475 366 τίτ.
490 343 524 365 ια’
545 339 591 366 τοῦ
613 339 696 366 αὐτοῦ
712 339 813 374 βιϐλίου
829 339 899 366 διάτ.
918 340 940 374 β’

138 385 242 420 Μηδεὶς
257 385 301 412 διὰ
315 385 564 420 σπλαγχνοκοτιίας,
579 395 607 413 κ.
631 395 656 412 τ.
671 386 708 420 λ.,
725 394 812 421 usque
829 386 864 414 ad
893 386 941 413 xui.

140 431 267 466 βασάνων
279 431 326 458 καὶ
340 432 494 466 συμφώνων
506 433 690 460 καταοέσεων.

174 489 317 523 Σχόλιον.
340 488 372 515 ΊΙ
394 487 416 523 β’
433 489 504 517 διάτ.
523 489 569 516 τοῦ
585 489 610 516 α’
627 489 729 524 βιϐλίου
749 489 797 516 τοῦ
825 490 942 523 κὼδικος

139 534 197 561 ἐστι
220 544 284 570 κεφ.
297 533 319 566 ζ’
334 534 382 561 τοῦ
396 533 420 562 α’
436 535 488 562 τίτ.
510 535 557 562 τοῦ
573 535 596 562 α’
614 535 720 572 βιϐλίου
744 536 800 562 τῶν
828 536 940 563 Βασιλι-

138 581 195 608 κῶν
214 581 310 616 λέγον·
324 582 429 616 Μηδεὶς
454 579 531 617 ἧπαρ
550 583 598 608 καὶ.
622 582 725 616 ἔγκατα
742 582 868 619 καθορῶν
886 583 937 618 ζη-

138 629 221 655 τείτω
235 628 270 655 τὰ
288 628 419 663 μέλλοντα
441 628 492 663 τὴν
509 629 541 654 ὲκ
563 629 612 663 τῆς
640 631 821 664 σταυρώσεως
851 638 940 664 τιμω-

141 675 200 710 ρῑαν
214 674 351 708 ἀγωνιῶν.
372 674 406 701 Ἦ
421 673 447 709 η’
464 674 534 701 διάτ.
553 674 601 701 τοῦ
617 673 649 707 ιζ’
663 675 718 702 τίτ.
738 675 785 702 τοῦ
800 674 820 702 ε’
836 675 940 711 βιϐλίου

139 721 187 748 τοῦ
203 721 318 752 κώδικος
337 721 388 747 οὐκ
415 721 496 756 ἐτέθη
514 722 555 752 είς
570 721 603 748 τὰ
620 721 752 748 Βασιλικὰ
766 722 804 754 ὡς
824 723 941 758 ἀρκόυν-

140 775 196 792 των
218 766 274 793 τῶν
292 766 497 801 περιεχομένων
522 767 551 793 ὲν
574 768 608 802 τῇ
638 767 703 802 περὶ
723 767 873 803 ρεπουδίων
888 767 938 803 ριζ¹

136 812 222 847 νεαρᾷ
235 812 267 847 τῇ
283 812 398 847 κειμένῃ
411 814 439 838 ὲν
456 812 550 848 βιϐλίῳ
565 811 607 847 κη’
619 811 674 839 τῶν
683 813 838 840 Βασιλικῶν
850 813 903 840 τίτ.
916 812 939 846 ζ’

990 235 1156 269 compendio
1171 235 1345 269 propositum
1366 240 1418 261 est.

1027 339 1136 367 Tenus.
1169 339 1202 366 Et
1232 339 1272 365 tit.
1306 338 1356 367 11,
1388 337 1511 372 ejusdem
1549 337 1598 364 lib.
1627 336 1738 365 con'stit.
1764 337 1794 365 2.

990 385 1076 413 Nemo
1096 390 1258 420 etc.,usque
1285 387 1319 412 ad
1343 384 1487 419 probatum
1515 383 1598 411 fuerit
1625 385 1747 416 crimen,
1764 389 1794 411 ut

989 440 1051 468 ρης.
1068 432 1130 459 786.

1028 490 1176 518 Srltolium.
1214 490 1310 517 Const.
1341 489 1360 516 Ξ
1393 490 1434 516 tit.
1462 489 1490 516 ll
1521 489 1568 516 lib.
1606 496 1625 519 ι,
1655 488 1716 515 cod.
1749 492 1792 516 est

992 546 1053 573 cap.
1076 538 1101 570 7,
1129 538 1171 564 tit.
1188 537 1214 568 1,
1249 537 1296 564 lib.
1314 545 1320 564 ι
1340 536 1421 563 Busil.
1441 535 1514 569 quod
1538 537 1575 562 ait
1591 545 1596 562 :
1612 534 1697 562 Nemo
1717 535 1793 570 jecur

989 590 1016 613 et
1031 590 1092 611 exta
1117 584 1265 618 inspiciens
1281 603 1288 613 .
1304 583 1493 610 crucilixionis
1509 590 1617 618 poenam
1635 582 1789 609 formidans

990 630 1082 658 futura
1105 628 1392 664 explorato.’Constit.
1418 629 1434 656 8
1467 630 1509 655 tit.
1535 628 1568 656 17
1605 627 1651 655 lib.
1680 636 1695 652 ν
1729 628 1791 655 cod-

990 686 1044 706 non
1070 683 1113 705 est
1139 677 1227 712 posita
1246 677 1272 703 in
1299 675 1394 707 Basil,
1411 675 1483 710 quod
1500 673 1662 711 [vidi-licet,]
1678 682 1739 709 (tuae
1764 674 1792 701 in

991 724 1097 752 novella
1123 723 1172 750 H7
1201 723 1234 750 de
1257 722 1379 757 repudiis
1408 721 1692 756 comprehenduntur,
1717 719 1793 746 suﬂi-

990 772 1075 799 ciant.
1107 769 1191 797 Docet
1219 769 1293 796 cuitu
1320 769 1384 795 inde
1413 768 1495 795 ctiam
1527 767 1619 794 dirimi
1645 767 1791 801 conjuges.

990 818 1063 853 quod
1078 817 1148 844 alter
1165 816 1280 843 alterius
1296 815 1358 842 vitae
1372 815 1450 841 malis
1468 814 1573 841 artibus
1591 817 1640 840 aut
1656 811 1789 840 veneﬁcio

137 859 184 886 ml.
211 859 244 894 τῇ
269 857 320 893 ριζ¹
335 860 369 894 τῇ
394 858 518 895 κειμένῃ.
542 859 659 894 Ὁμοίως
683 858 764 886 αὗται
795 859 849 895 γὰρ
872 860 931 886 διδά

994 864 1144 891 insidiatus
1158 863 1205 890 sit.
1220 862 1281 899 [Est
1302 859 1406 897 autem]
1428 861 1516 895 pasita
1534 859 1560 886 in
1581 860 1629 886 lib.
1645 859 1728 886 Basil.
1742 858 1790 891 28,

137 914 237 933 σκουσι
254 905 468 939 διαζεύγνυσθαι
484 906 548 937 τοὺς
571 905 734 941 ὀμοζύγους,
762 907 809 933 καὶ
835 908 867 933 ὲκ
890 907 937 933 τοῦ

137 951 335 987 βουλεύσασθαι
362 952 477 987 θάτερον
506 952 535 985 ἐξ
568 952 659 980 αὐτῶν
686 952 730 980 διὰ
765 953 892 988 γοητείας
919 954 936 989 ἢ

138 998 316 1034 φαρμακείας
333 998 406 1025 κατὰ
422 999 472 1032 τῆς
495 998 542 1025 τοῦ
558 999 653 1034 ἐτέρου
673 999 756 1034 ζωῆς.
782 1000 813 1026 ’11
831 999 852 1035 β’
867 1000 937 1027 διάτ.

139 1044 186 1069 τοῦ
204 1042 240 1075 ξε¹
253 1044 305 1070 τίτ.
321 1042 343 1075 ς’
369 1044 473 1078 βιϐλίου
489 1045 546 1071 ἔστι
563 1053 626 1080 κεφ.
644 1045 698 1080 ρλς¹
711 1045 759 1072 τοῦ
775 1045 800 1073 α’
812 1047 865 1074 τίτ.
890 1046 937 1074 τοῦ

137 1087 160 1115 θ’
177 1088 281 1124 βιϐλίου
295 1089 349 1116 τῶν
365 1089 529 1123 Βασιλικῶν,
549 1089 628 1125 λέγον
643 1090 746 1123 οὕτως’
765 1092 796 1118 Ol
813 1093 938 1128 φανερῶς

138 1136 186 1163 ἰπὶ
202 1136 399 1170 ἁμαρτήμασιν
415 1136 603 1171 ἐλεγχθέντες,
619 1137 667 1163 καὶ¹
692 1137 875 1173 καταθέμενοι
889 1139 940 1166 οὐκ

137 1182 178 1209 ἔτι
200 1182 328 1209 δύνανται
346 1182 559 1213 ἐκκαλέσασθαι.
584 1182 647 1210 οὔτε
677 1184 706 1210 δὲ
723 1185 776 1220 χρὴ
794 1186 939 1223 προπετῶς

138 1229 278 1256 πιστεύειν
293 1230 326 1264 τῇ
346 1230 422 1265 φωνῇ
438 1229 493 1256 τῶν
509 1230 691 1265 κρινομένων,
709 1231 757 1258 καὶ
783 1233 938 1267 σημείωπαι

137 1277 178 1303 ὅτι
192 1277 243 1303 κᾶν
256 1277 286 1303 τὸ
301 1277 402 1308 πλάτος
421 1278 486 1312 περὶ
503 1277 594 1312 μόνων
616 1277 672 1304 τῶν
693 1279 740 1305 ἐπὶ
755 1280 870 1315 γοητείᾳ
883 1288 937 1306 κα-

137 1322 356 1350 ταδικασθέντων
370 1323 561 1358 διελάμϐανεν,
583 1323 641 1350 ἀλλ’
656 1325 669 1351 ό
683 1325 718 1351 τὰ
731 1325 864 1351 Βασιλικὰ
877 1334 938 1352 συν-

138 1368 252 1403 θέμενος
261 1369 326 1405 περὶ
342 1369 451 1397 πάντων
465 1370 520 1396 τῶν
532 1369 579 1396 ἐπὶ
591 1371 775 1406 ἁμαρτήμασι
786 1371 937 1406 κριθέντων

137 1416 169 1442 τὸ
184 1416 300 1451 νόμιμον
313 1416 433 1449 ἐξέθετο.
450 1417 610 1452 Σημείωσαι
635 1417 665 1444 δὲ
679 1417 726 1444 καὶ
746 1418 776 1444 τὸ
791 1418 938 1453 εἰρημένον

139 1462 169 1489 ἔν
185 1463 223 1496 τῷ
237 1462 321 1494 τέλει,
341 1463 406 1498 περὶ
420 1462 468 1489 τοῦ
486 1463 523 1498 μὴ
539 1463 717 1490 πιστεύεσθαι
732 1463 854 1500 εὐχερῶς
876 1465 939 1496 τοὺς

137 1507 200 1534 καθ’
231 1507 336 1545 ἑαυτῶν
364 1508 576 1544 ὁμολογοῦντας.
608 1509 688 1543 Ζήτει
716 1510 764 1536 καὶ
785 1510 886 1545 βιϐλίον
902 1511 936 1544 ξ’,

993 911 1060 939 tit...
1078 930 1085 937 .
1116 909 1248 936 Similiter
1263 908 1324 941 117,
1337 912 1426 935 const.
1449 907 1477 940 ἓ,
1495 907 1536 934 tit.
1554 906 1598 938 65,
1625 907 1672 934 lib.
1687 914 1736 938 vn,
1750 909 1794 933 est

993 964 1054 991 cap.
1076 956 1139 987 156,
1159 956 1201 984 tit.
1219 956 1244 985 1,
1262 955 1311 982 lib.
1328 963 1353 982 ιιι
1380 953 1464 981 Basil.
1491 954 1562 987 quod
1583 953 1619 980 ita
1635 952 1723 980 dicit:
1740 952 1793 985 Qui

994 1003 1138 1030 manifeste
1151 1003 1185 1029 de
1203 1001 1367 1029 criminibus
1385 999 1505 1027 convicti
1529 1003 1604 1031 sttnt,
1619 1002 1645 1026 et
1659 998 1792 1030 confessi,

994 1058 1048 1077 non
1075 1049 1193 1083 amplius
1215 1054 1366 1082 provocare
1391 1050 1517 1081 possunt.
1542 1044 1638 1079 Neque
1656 1051 1722 1071 vero
1747 1050 1789 1072 te-

994 1103 1068 1123 mere
1091 1095 1129 1122 rei
1148 1094 1208 1121 voci
1233 1093 1401 1121 credendum
1427 1097 1480 1120 est.
1504 1091 1574 1119 Nota
1591 1095 1681 1118 autent
1705 1090 1791 1126 quod,

993 1149 1153 1178 quanquam
1174 1141 1233 1176 ipsa
1256 1144 1346 1167 const.
1374 1140 1407 1166 de
1430 1139 1464 1166 iis
1491 1139 1579 1166 solum
1598 1137 1644 1172 qui
1666 1137 1794 1164 veneficii

995 1189 1173 1219 damnantur,
1190 1191 1288 1214 tractet
1303 1196 1309 1213 :
1326 1187 1348 1213 is
1362 1189 1453 1212 tamen
1466 1184 1511 1219 qui
1528 1183 1610 1211 Basil.
1625 1183 1792 1217 composuit,

993 1235 1028 1263 de
1041 1235 1253 1269 quibuscunque
1279 1232 1426 1259 criminum
1448 1230 1503 1258 reis
1528 1230 1614 1264 legem
1640 1229 1712 1257 hanc
1729 1236 1794 1264 pro-

993 1282 1126 1317 posuerit.
1149 1280 1219 1307 Nola
1237 1280 1301 1306 item
1318 1279 1391 1314 quod
1408 1278 1434 1305 in
1457 1277 1632 1308 llnedicitur,
1653 1284 1687 1303 ne
1709 1275 1791 1303 facile

994 1330 1028 1357 iis
1048 1330 1188 1360 credatur,
1203 1329 1249 1362 qui
1272 1328 1419 1354 adversum
1442 1333 1472 1353 se
1487 1320 1664 1352 confitenlur.
1679 1323 1793 1356 Quaaras

995 1375 1084 1413 [vero]
1099 1376 1181 1403 etiam
1207 1374 1254 1401 lib.
1271 1382 1316 1404 ιχ,
1331 1374 1372 1400 tit.
1392 1372 1436 1403 50,
1454 1379 1514 1407 cap.
1534 1371 1558 1400 1,
1573 1370 1662 1398 thema
1677 1370 1704 1402 7,
1718 1369 1793 1404 quod

996 1424 1037 1450 sic
1062 1423 1120 1450 ait:
1136 1421 1194 1448 Non
1222 1425 1265 1448 est
1289 1419 1456 1447 credendum
1485 1416 1710 1444 confessionibus
1732 1423 1793 1443 reo-

993 1477 1068 1500 rum.
1086 1468 1138 1496 nisi
1152 1468 1234 1496 etiam
1254 1467 1366 1494 evidens
1384 1465 1513 1500 probatio
1525 1464 1647 1499 judicem
1664 1463 1792 1495 instruat,

993 1520 1021 1543 et
1043 1515 1091 1542 lib.
1118 1522 1157 1547 ιιι,
1185 1514 1226 1540 tit.
1243 1512 1271 1543 4,
1297 1520 1357 1546 cap.
1383 1511 1409 1541 1,
1432 1517 1548 1545 quasque
1572 1509 1628 1536 illic
1655 1512 1789 1535 annotata

135 1553 217 1580 τίτ.ν’
231 1562 295 1588 κεφ.
307 1553 331 1581 α’
346 1554 419 1588 Θὲμα
431 1553 450 1587 ξ’
464 1555 554 1590 λέγον,
568 1555 599 1582 οὐ
614 1555 654 1582 δεῖ
667 1556 807 1583 πιστεύειν
822 1557 933 1584 καταθέ-

992 1567 1064 1590 sunt.
1086 1561 1182 1588 Const.
1214 1561 1231 1587 5
1255 1560 1296 1586 tit.
1320 1559 1351 1585 41
1375 1557 1423 1584 lib.
1450 1565 1476 1584 ιιι
1500 1556 1562 1584 cud.
1593 1560 1636 1583 est
1663 1563 1723 1590 cap.
1755 1555 1792 1582 ‘25

135 1609 196 1628 σεσι
205 1600 260 1628 τῶν
270 1602 449 1637 κρινομένων,
464 1603 487 1628 εί
499 1602 537 1637 μὴ
550 1603 597 1628 καὶ
606 1602 745 1635 ἀπόδειξις
756 1603 878 1630 διδάσκει
890 1605 933 1631 τὸν

991 1609 1033 1636 tit.
1051 1607 1086 1635 50
1115 1607 1162 1634 lib.
1180 1615 1213 1633 ιιι
1231 1605 1313 1632 Basil.
1335 1604 1409 1640 quod
1429 1603 1496 1630 tlicit
1513 1611 1521 1630 :
1538 1602 1566 1629 Si
1586 1602 1685 1629 mulier
1708 1609 1792 1629 accu-

134 1647 276 1683 δικαστήν.
285 1648 341 1675 Καὶ
354 1648 401 1674 τοῦ
411 1647 433 1674 θ’
449 1648 554 1683 βιϐλίου
567 1649 617 1676 τίτ.
627 1648 649 1676 δ’
661 1658 724 1684 κεφ.
734 1648 757 1676 α’
772 1650 818 1677 καὶ
828 1651 864 1677 τὰ
879 1651 933 1678 ἐκεῖ

991 1659 1078 1685 setur,
1102 1658 1232 1688 tanquam
1254 1659 1361 1678 veneno
1386 1650 1514 1677 maritum
1541 1656 1621 1676 suum
1648 1647 1791 1680 occiderit,

136 1693 408 1728 παρα-γεγραμμένα.
417 1693 448 1720 Ἡ
462 1697 486 1728 γ’
495 1693 564 1721 διάτ.
573 1693 621 1720 τοῦ
634 1693 738 1728 μα’τίτ.
747 1695 793 1721 τοῦ
803 1695 825 1722 θ’
833 1696 933 1731 βιϐλίου

991 1703 1019 1727 et
1036 1699 1169 1726 adversus
1191 1698 1264 1725 illam
1281 1697 1351 1724 servi
1374 1704 1427 1722 non
1450 1694 1539 1722 solum
1560 1693 1676 1728 proprii,
1701 1692 1747 1720 sed
1763 1697 1791 1719 et

133 1738 180 1765 τοῦ
208 1739 323 1771 κώδικπ
349 1739 408 1766 ἔστι
432 1748 493 1774 κεφ.
510 1739 549 1767 κε’
563 1739 610 1767 τοῦ
625 1740 645 1767 ν’
659 1741 711 1769 τίτ.
726 1742 773 1768 τοῦ
790 1741 811 1774 ξ’
832 1742 933 1778 βιϐλίου

992 1746 1075 1772 alieni
1093 1745 1309 1772 examinentur:
1329 1743 1445 1778 primum
1465 1747 1556 1768 autem
1577 1740 1673 1771 alieni.
1698 1741 1790 1774 sitque

133 1783 187 1811 τῶν
201 1784 356 1811 Βασιλικῶν
370 1785 450 1821 λέγον
461 1786 541 1814 ’Ἐὰν
556 1787 625 1823 γυνὴ
639 1788 797 1822 ἐγκαλεῖται
811 1789 849 1821 ὡς
863 1798 933 1826 φαρ-

991 1799 1085 1819 verum
1107 1792 1327 1819 demonstratum
1353 1793 1546 1824 argumentum
1564 1797 1571 1815 :
1588 1787 1647 1821 ipsa
1673 1793 1786 1820 quoque

135 1830 235 1865 μάκοις
251 1831 407 1865 φονεύσασα
423 1832 469 1859 τὸν
493 1832 561 1860 ἴδιον
579 1834 675 1869 ἄνδρα,
701 1836 749 1861 καὶ
764 1835 853 1862 δοῦλοι
874 1828 933 1863 κειτῖ

992 1838 1092 1865 mulier
1113 1843 1266 1871 torquetur.
1287 1835 1382 1863 Const.
1411 1834 1444 1861 16
1468 1834 1510 1861 tit.
1536 1833 1570 1860 47
1596 1833 1642 1860 lib.
1668 1840 1693 1859 nt
1724 1832 1788 1859 cod.

130 1878 220 1912 αὐτῆς
233 1878 263 1904 οὺ
286 1878 367 1913 μόνον
383 1879 457 1912 ἴδιοι,
480 1879 549 1907 ἀλλὰ
560 1881 608 1907 καὶ
635 1880 771 1916 ἀλλότριοι
795 1882 933 1916 ἐξετάζον-

990 1890 1032 1912 est
1058 1892 1121 1920 cap.
1144 1884 1178 1911 56
1201 1883 1242 1910 tit.
1261 1883 1291 1910 5i
1325 1882 1372 1909 lib.
1394 1889 1438 1913 ιι,
1463 1881 1536 1916 quod
1563 1880 1623 1907 ait:
1651 1878 1690 1906 Ne
1709 1878 1789 1906 facile

131 1932 190 1954 ται,
215 1923 325 1958 πρῶτον
341 1925 370 1951 δὲ
385 1926 409 1952 οί
424 1925 570 1961 ἀλλότριοι,
586 1927 633 1954 καὶ
649 1927 698 1954 ἐὰν
713 1928 814 1963 δεῖγμα
838 1929 931 1966 δειχθῇ

990 1931 1070 1965 iudex
1095 1930 1221 1965 capitalis
1245 1937 1331 1964 poena:
1352 1926 1541 1964 [sententiain]
1571 1925 1716 1961 proferto:
1735 1925 1788 1952 nisi

130 1970 244 2006 ἀληθὲς,
263 1971 311 1998 καὶ
330 1971 400 2008 αὺτὴ
420 1973 437 2008 ἡ
455 1973 524 2008 γυνὴ
548 1972 734 2007 βασανίζεται.
757 1974 789 2001 Ὶί
807 1974 844 2007 ις’
859 1975 931 2002 διάτ.

130 2017 179 2043 τοῦ
193 2017 235 2052 μς
249 2018 303 2046 τίτ.
323 2018 370 2046 τοῦ
385 2019 407 2046 θ’
424 2018 527 2054 βιϐλίου
545 2019 591 2046 τοῦ
609 2020 725 2051 κώδικος
738 2021 796 2048 ἐστι
810 2030 873 2056 κειρ.
887 2021 934 2055 νς¹

126 2065 176 2091 τοῦ
201 2069 241 2092 va.’
266 2065 319 2092 τίτ.
337 2066 384 2093 τοῦ
402 2065 422 2099 ξ’
445 2066 549 2102 βιϐλίου
578 2067 676 2102 λέγον·
705 2068 751 2104 Μὴ
775 2069 932 2105 προχείρως

130 2112 146 2137 ὁ
159 2111 251 2147 ἄρχων
266 2113 422 2148 κεφαλικὴν
436 2113 572 2149 τιμωρίαν
590 2114 731 2149 ἐκφερέτω
744 2116 769 2141 εἰ
788 2115 826 2152 μὴ
851 2115 929 2150 πρῶ-

129 2166 177 2184 τον
193 2159 207 2184 ὁ
222 2160 388 2194 ἐναγόμενος
405 2159 450 2186 διὰ
464 2162 515 2194 τῆς
536 2160 641 2192 οἰκείας
666 2161 826 2196 ὁμολογίας,
852 2161 868 2197 ἢ
885 2162 929 2189 διὰ

987 1977 1063 2012 prius
1088 1985 1151 2004 l't‘llS
1174 1984 1222 2012 per
1252 1983 1331 2003 suam
1355 1973 1571 2005 confessionem,
1598 1977 1646 1999 aut
1677 1972 1787 1999 Iestium

984 2023 1227 2058 interrogationem
1244 2023 1301 2049 sive
1317 2025 1456 2048 tormenta
1475 2020 1512 2047 ita
1527 2019 1672 2046 convictus
1689 2018 1737 2050 sit,
1756 2021 1787 2045 ut

983 2071 1028 2098 vix
1061 2070 1112 2097 sibi
1133 2070 1184 2103 ipsi
1214 2067 1355 2095 adversari
1385 2066 1485 2101 possit.
1500 2065 1636 2092 Caaterum
1664 2070 1787 2098 praesens

982 2125 1044 2152 cap.
1064 2117 1148 2143 etiam
1166 2116 1199 2142 ad
1216 2115 1306 2142 thema
1321 2114 1347 2146 7,
1366 2120 1426 2148 cap.
1449 2113 1475 2144 1.
1491 2112 1533 2139 tit.
1550 2110 1595 2143 50,
1616 2110 1664 2137 lib.
1684 2117 1729 2142 ιιι,
1744 2109 1786 2135 in-

981 2167 1142 2197 terpretare.

127 2203 181 2239 ’τῆς
196 2204 251 2231 τῶν
277 2205 424 2241 μαρτύρων
453 2207 615 2241 ἐρωτήσεως
643 2206 702 2241 ἦτοι
730 2208 786 2233 τῶν
802 2207 928 2242 βασάνων
949 2208 1037 2240 οὕτως
1052 2209 1179 2244 ἐλεγχθῇ,
1197 2208 1269 2234 ὥστε
1302 2206 1395 2242 σχεδὸν
1423 2204 1490 2241 μηδὲ
1515 2201 1605 2238 ἑαυτῷ
1627 2201 1768 2230 δύνασθαι.

128 2249 205 2285 Πλὴν
221 2249 269 2276 καὶ
286 2250 317 2277 τὺ
331 2251 419 2287 παρὸν
434 2259 497 2286 κεφ.
513 2252 582 2286 πρὸς
595 2252 626 2278 τὸ
642 2251 664 2284 ζ’
678 2251 750 2288 θὲμα
762 2252 810 2279 τοῦ
827 2252 851 2280 α’
864 2262 928 2288 κεφ.
952 2254 1000 2281 τοῦ
1017 2253 1037 2281 ν’
1054 2255 1108 2282 τίτ.
1126 2254 1173 2281 τοῦ
1189 2253 1208 2286 ξ’
1224 2253 1328 2289 βιϐλίου
1345 2253 1523 2289 ὲρμήνευσεν.

164 2308 320 2342 Κείμενον.
331 2309 386 2335 Καὶ
395 2309 497 2344 βιϐλίον
509 2308 534 2342 ι’,
547 2311 600 2338 τίτ.
618 2310 659 2344 ιε’,
675 2311 745 2339 διάτ.
754 2310 789 2342 α’,
806 2313 846 2339 ὅτι
863 2312 928 2344 Ἔξ-

1023 2311 1134 2340 Tenus.
1153 2313 1182 2339 l‘it
1193 2312 1239 2342 lib,
1255 2310 1300 2342 10,
1315 2311 1359 2337 tit.
1373 2311 1417 2342 15,
1432 2313 1520 2336 const.
1541 2308 1566 2336 1.
1583 2306 1657 2335 Licet
1673 2306 1782 2353 unicui:

125 2362 202 2380 εστιν
214 2354 331 2390 ἑκάστῳ,
347 2364 375 2382 κ.
389 2364 414 2383 τ.
424 2355 462 2387 λ.,
477 2364 565 2391 usque
576 2357 611 2384 ad
626 2357 691 2394 περὶ
706 2358 865 2394 Μανιχαίων
882 2368 926 2386 νο-

127 2401 291 2437 μοτηθέντα.
310 2401 399 2436 Supra
418 2410 480 2437 pag.
494 2402 557 2436 290,
569 2403 633 2431 291.

163 2458 305 2492 Σχόλιον.
331 2458 363 2485 'H
377 2457 402 2485 α’
422 2459 492 2486 διάτ.
517 2459 566 2486 τοῦ
587 2463 616 2487 ιε’
635 2461 694 2497 ντίτ.
715 2460 763 2488 τοῦ
782 2460 796 2488 ι’
821 2461 925 2497 βιϐλίου

123 2503 185 2530 ἐστι
200 2513 263 2539 κεφ.
278 2503 310 2539 ιγ’
326 2504 373 2531 τοῦ
387 2503 409 2537 ζ’
421 2505 475 2532 τίτ.
489 2505 537 2532 τοῦ
551 2504 595 2538 νς¹
612 2505 715 2541 βιϐλίου
739 2506 794 2534 τῶν
815 2507 925 2534 Βασιλι-

123 2550 194 2584 κῶν,
208 2550 280 2578 οὕτω
289 2551 378 2586 λέγον.
393 2552 496 2587 Μηδεὶς
510 2552 651 2580 ἐπιδιδότω
672 2553 781 2589 δεήσεις
797 2553 840 2588 ἐφ’
854 2550 876 2588 ᾧ
892 2562 923 2580 τε

123 2596 313 2632 ἐπιτραπῆναι
325 2598 354 2624 ὲν
371 2597 446 2629 ίδίοις
468 2597 563 2630 τόποις
577 2598 593 2633 ἧ
606 2599 636 2625 ἐν
649 2598 802 2636 ἀλλοτρίοις
820 2599 925 2636 ἀναζη-

122 2643 182 2669 τεῖν
195 2642 344 2679 θησαυρὸν,
361 2644 431 2679 μήτε
441 2644 479 2676 ὡς
491 2645 579 2680 εὑρὼν
592 2645 673 2678 αὐτὸς
687 2645 836 2682 Θησαυρὸν,
855 2648 926 2682 μήτε

126 2688 166 2721 ὡς
182 2689 276 2724 ἐτέρου
294 2689 367 2721 τινὸς
383 2690 510 2727 εὑρόντος
524 2691 620 2718 διδότω
633 2691 752 2727 δεήσεις·
768 2693 793 2719 ει
807 2693 858 2727 μὲν
870 2693 925 2729 γὰρ

127 2735 158 2760 ὲν
175 2733 250 2766 ίδίοις
260 2734 356 2767 τόποις
371 2744 413 2766 τις
425 2736 511 2771 χωρὶς
526 2736 617 2770 πάσης
640 2738 765 2772 μυσαρᾶς
783 2737 891 2770 Θυσίας,
908 2737 924 2773 ἢ

125 2780 212 2816 ἄλλης
245 2781 319 2813 τινὸς
342 2781 441 2817 τέχνης
468 2782 562 2817 νόμοις
588 2782 824 2819 ἁπηγορευμὲνοις
854 2782 922 2820 εὕρῃ

127 2827 276 2863 θησαυρὸν,
285 2827 358 2855 τοῦτ’
372 2828 430 2854 ἐστι
440 2830 570 2864 χρήματα
582 2829 748 2856 ἀποτεθέντα
758 2830 833 2864 παρὰ
842 2838 923 2857 τινων

127 2875 286 2909 ἠγνοήμενα
309 2874 349 2910 τῷ
380 2877 478 2910 χρόνῳ,
509 2874 659 2911 κεχρήποαι
689 2877 745 2908 τοῖς
772 2876 923 2913 εὐρεθεῐσιν

982 2367 1045 2395 que,
1057 2365 1122 2392 etc.,
1138 2367 1218 2395 usque
1231 2358 1265 2385 ad
1279 2356 1449 2393 proﬂigatur,
1466 2360 1495 2383 ut
1507 2363 1569 2390 pag.
1583 2353 1644 2381 766.

1015 2462 1163 2490 Scliolium.
1192 2461 1287 2489 Const.
1318 2459 1343 2491 1,
1372 2458 1416 2485 tit.
1435 2457 1479 2489 15,
1506 2456 1552 2483 lib.
1582 2464 1610 2487 x,
1641 2455 1702 2482 cod.
1737 2459 1780 2482 est

977 2517 1040 2544 cap.
1056 2509 1098 2541 15,
1112 2510 1154 2535 tit.
1168 2508 1194 2539 7,
1212 2507 1259 2533 lib.
1279 2504 1364 2532 Basil.
1379 2511 1435 2535 ut,
1455 2502 1528 2537 quod
1552 2502 1592 2529 sic
1615 2500 1654 2527 ait
1671 2509 1678 2527 :
1698 2500 1732 2527 L’t
1751 2500 1777 2526 in

978 2564 1037 2583 suis
1054 2559 1099 2582 aut
1115 2554 1213 2580 alienis
1231 2552 1299 2579 locis
1318 2551 1480 2578 thesaurum
1495 2555 1620 2583 quaerere
1635 2545 1777 2581 permitta-

979 2608 1033 2633 tur,
1051 2609 1132 2628 nemo
1145 2607 1242 2636 preces
1256 2598 1364 2626 olferto.
1388 2596 1482 2631 Neque
1499 2599 1630 2629 tanquam
1651 2593 1718 2627 ipse,
1734 2591 1776 2617 vel

978 2653 1109 2683 tanquam
1145 2647 1217 2673 alius
1246 2645 1384 2680 quispiam
1420 2643 1581 2670 thesaurum
1618 2637 1774 2668 invenerit.

977 2691 1149 2730 [quisquam]
1169 2691 1334 2726 supplicatu.
1357 2688 1426 2716 Nam
1446 2688 1469 2715 si
1486 2687 1596 2722 quidem
1615 2686 1641 2712 in
1658 2683 1716 2712 suis
1732 2683 1774 2710 lo-

977 2740 1029 2773 cis,
1045 2740 1103 2766 sive
1117 2739 1193 2765 nullo
1211 2737 1346 2765 scelerato
1362 2734 1498 2764 sacrilicio
1514 2738 1561 2760 aut
1576 2733 1628 2759 alia
1643 2730 1772 2766 quapiam

978 2791 1037 2814 arte
1056 2785 1162 2820 lcgibns
1186 2784 1267 2811 vetita
1284 2784 1445 2810 thesaurum
1464 2781 1500 2816 (id
1523 2785 1576 2809 est.
1599 2777 1724 2804 conditas
1739 2776 1774 2801 ab

978 2832 1116 2866 aliquibus
1138 2830 1269 2865 pecunias
1288 2827 1394 2865 [longo]
1423 2831 1545 2861 tempore
1562 2824 1711 2860 ignoratas)
1729 2821 1772 2848 in-

979 2878 1096 2912 venerit,
1114 2877 1232 2906 inventis
1254 2876 1339 2904 libere
1354 2874 1453 2904 fruitor
1469 2881 1475 2900 :
1493 2877 1582 2906 neque
1600 2869 1646 2898 ulli
1662 2868 1709 2898 Dei
1724 2869 1771 2896 Le-
