1956 3049
181 140 252 173 1115

761 137 895 170 ΡΗΟΤΠ
926 137 1182 169 PATRIABCILE
1201 138 1255 170 GP.

1321 74 1336 86 4

1762 136 1834 170 1116

183 198 314 226 neticium
345 197 378 224 ad
415 197 492 224 illum
523 196 747 224 calumniantium
786 200 980 224 convertunto.

1041 196 1130 229 ἱδεῶς,
1150 195 1198 222 καὶ
1214 195 1252 230 μὴ
1265 194 1321 230 τὴν
1337 193 1385 221 τοῦ
1401 192 1471 221 Θεοῦ
1486 194 1644 230 φιλοτιμίαν
1658 195 1699 227 είς
1712 195 1762 231 τὴν
1773 195 1836 224 κατ’

182 245 332 280 Postquam
358 251 423 271 vero
450 244 502 271 hoc
527 243 586 279 lege
609 251 774 271 concessum
803 249 855 276 est,
883 250 982 278 super-

181 291 267 319 ﬂuunt
293 290 378 318 fuerit
398 290 432 318 de
457 297 491 317 eo
519 297 614 324 preces
643 289 764 316 offerre:
787 289 889 324 quippe
919 296 982 316 cum

183 339 313 374 princeps
343 337 468 365 omnium
502 344 598 372 preces
627 335 802 372 praevenerit.
833 335 863 363 ln
894 336 983 363 alieno

181 391 266 419 porro
283 384 355 416 loco,
382 391 471 418 tteque
495 382 583 410 invito
603 390 692 417 neque
707 381 787 418 [non]
805 382 914 409 volente
936 385 984 409 aut

184 432 328 466 ignorante
354 430 479 462 domino,
504 428 651 464 quisquam
674 429 834 456 thesaurum
860 434 983 463 qttmrere

183 478 284 506 audete
301 487 307 505 :
322 477 445 505 setl‘sive
458 484 553 511 preces
568 475 709 508 obtulerit,
731 475 789 502 sive
805 482 860 502 non
883 474 983 502 oblatis

182 524 310 560 precibus
330 527 426 550 contra
446 523 516 550 hanc
541 522 627 557 legem
650 522 677 548 iu
706 521 796 548 alieno
820 521 880 548 loco
904 528 984 547 scru-

186 570 270 597 tando
289 569 449 596 thesaurum
465 568 601 595 invenerit
616 575 623 594 :
642 567 751 593 inventa
774 566 808 593 ad
824 565 875 592 loci
891 565 983 592 dumi-

184 624 250 643 num
267 616 421 651 pertinento
438 623 446 642 :
464 614 591 641 inventor
609 617 700 640 autem
726 617 857 647 tanquam
879 611 926 646 qui
945 611 985 638 lc-

184 670 245 698 gem
277 661 462 693 tenueraverit,
490 661 668 688 vehementer
698 660 819 694 punitor.
848 657 927 691 Quod
960 657 983 685 si

183 716 246 736 cum
262 715 351 743 neque
370 709 631 742 quatsisset,‘neqne
647 713 741 740 preces
757 705 915 737 obtulisset,
935 703 983 732 sed

185 755 251 783 dum
270 754 342 782 forte
362 758 465 786 araret,
490 753 594 780 aliasve
610 752 727 779 alienam
749 757 850 779 terram
867 751 981 782 coleret,

186 809 241 830 non
258 800 448 837 perscrutandi
465 799 558 828 studio
576 800 603 826 in
622 799 714 826 alieno
728 799 790 826 loco
806 798 906 832 aliquis
922 797 983 823 the-

187 854 302 874 saurum
325 846 457 881 repererit
474 854 481 872 :
498 845 672 872 inventorum
697 844 842 871 dimidium
864 844 922 878 ipse
942 843 984 870 lu-

187 897 292 924 crator,
319 891 434 918 alterum
460 898 526 918 vero
556 889 609 917 loci
635 889 748 917 domino
775 889 850 916 dato.
871 888 985 921 Quaeras

186 936 269 964 etiam
283 936 332 963 lib.
347 935 432 964 Basil.
449 943 494 968 xv,
512 936 554 963 tit.
574 935 600 968 1,
617 943 679 970 cap.
693 935 738 968 67,
752 938 842 962 const.
860 934 887 968 1,
902 934 943 962 tit.
958 934 986 967 7,

185 983 234 1010 lib.
251 991 258 1011 ι
292 982 355 1010 cod.
370 986 413 1010 est
427 989 489 1017 cap.
504 981 551 1015 ‘25,
569 981 612 1009 tit.
625 981 671 1014 54,
687 981 734 1009 lib.
757 980 840 1009 Basil.
857 988 902 1013 ιιι,
912 980 985 1016 quod

185 1037 316 1064 expresse
332 1029 425 1060 habet,
440 1033 471 1056 ut
483 1028 617 1063 scriptum
633 1030 686 1055 est.
703 1027 799 1055 Const.
823 1027 841 1054 2
860 1027 983 1063 ejusdem

185 1076 229 1102 tit.
247 1079 274 1102 et
291 1075 337 1102 lib.
360 1079 402 1102 est
417 1081 478 1110 cap.
501 1074 548 1104 24.
565 1073 688 1109 ejusdem
707 1074 749 1101 tit.
765 1078 792 1100 et
814 1073 860 1100 lib.
882 1073 979 1106 Basil.,

187 1122 260 1156 qttod
279 1121 320 1149 sic
346 1121 440 1153 habet,
461 1125 491 1148 ut
515 1120 542 1148 in
560 1120 723 1155 compendio
736 1120 907 1155 propositum
931 1124 984 1147 est.

186 1169 281 1195 Const.
294 1168 311 1195 5
340 1172 383 1195 est
397 1175 458 1203 cap.
471 1167 517 1200 25,
531 1167 603 1202 quod
615 1167 657 1194 sic
668 1166 748 1194 habet
761 1176 768 1194 :
783 1167 836 1200 Qui
857 1171 984 1194 sanctum

187 1214 323 1249 baptisma
338 1213 440 1248 prodit,
457 1212 647 1240 testimonium
664 1220 718 1240 non
740 1213 818 1244 dicit,
837 1221 926 1248 neque
944 1217 985 1239 te—

186 1267 353 1289 stamentum
378 1260 455 1294 facit,
480 1268 569 1296 neque
586 1260 635 1288 ulli
658 1261 686 1288 in
713 1259 872 1287 haereditate
892 1267 987 1286 succe-

187 1309 239 1336 dit.‘
253 1308 386 1344 Aposlata
401 1308 474 1335 enim
491 1308 619 1335 habetur.
639 1307 833 1334 Animadverte
849 1306 942 1341 igitur,
957 1305 984 1333 id

187 1355 261 1390 quod
290 1356 317 1382 in
340 1359 415 1382 textu
441 1355 559 1389 positum
585 1358 637 1383 est.
660 1362 694 1381 ne
718 1352 867 1389 [videlicet]
893 1352 986 1380 istius-

187 1401 262 1428 modi
290 1408 353 1428 cum
384 1399 542 1428 hominibus
568 1403 782 1432 conversentur,
811 1402 849 1430 et,
876 1405 909 1425 ne
934 1398 986 1433 ipsi

186 1447 354 1483 ptenitcntiae
377 1451 484 1482 tempus
502 1447 621 1474 habeant
635 1465 643 1478 ,
659 1454 713 1472 non
731 1453 791 1473 esse
806 1444 928 1472 additum
955 1444 983 1472 in

186 1494 342 1528 Basil.,sed
371 1499 503 1530 tanquam
529 1494 564 1521 ab
584 1493 755 1520 humanitate
779 1492 911 1523 alienum,
935 1500 985 1519 ex-

1036 241 1121 269 αὺτοῦ
1135 242 1322 277 συκοφαντίαν
1344 241 1526 278 πρεπέτωσάν
1552 251 1637 274 τινες.
1656 243 1765 279 Ἐπειδὴ
1780 244 1836 271 τοί-

1035 297 1083 316 νυν
1107 288 1187 315 τοῦτο
1207 289 1283 323 νόμῳ
1302 289 1512 323 ἐπιτέτραπται,
1541 288 1591 315 καὶ
1620 290 1748 324 περιττόν
1775 291 1836 317 ἐστι

1034 333 1143 370 δεήσεις
1168 333 1317 360 ἐπιδιδόναι
1344 333 1410 368 περὶ
1435 333 1542 366 τούτου,
1571 333 1610 366 ὡς
1631 335 1678 361 τοῦ
1700 335 1836 370 βασιλέως

1034 381 1087 412 τὰς
1101 381 1212 407 πάντων
1231 380 1340 415 δεήσεις
1356 379 1571 415 προφθάνοντες.
1595 380 1639 407 Ἐν
1661 381 1797 417 ἀλλοτρίῳ
1807 382 1837 409 δὲ

1034 427 1111 462 τόπῳ
1133 426 1202 463 μηδὲ
1217 426 1340 459 ἄκοντος,
1364 426 1432 461 μήδε
1447 426 1613 461 βουλομένου
1629 427 1678 455 τοῦ
1690 429 1835 461 δεσπότου,

1035 476 1052 511 ἥ
1068 474 1232 510 ἀγνοοῦντος
1244 474 1373 508 τολμάτω
1387 483 1429 506 τις
1445 473 1590 510 ἀναζητεῖν
1604 475 1752 512 θησαυρὸν,
1767 477 1837 504 ἀλλὰ

1053 522 1064 531 ν
1134 522 1143 536 _'
1379 519 1386 528 \
1467 521 1478 529 υ

1037 531 1092 549 ειτε
1116 522 1209 556 δεησιν
1237 520 1422 552 ὲπιδεδωκως,
1451 529 1507 547 ειτε
1533 521 1581 548 καὶ
1608 523 1692 558 χωρὶς
1717 524 1838 559 δεήσεως

1035 569 1185 605 ἐρευνήσας
1206 568 1282 602 παρὰ
1307 567 1402 594 τοῦτον
1421 568 1467 594 τὸν
1482 568 1565 602 νόμον
1576 568 1642 604 εὕρῃ
1655 577 1697 601 τις
1708 570 1736 596 ὲν
1753 570 1833 597 ἀλλο-

1035 615 1104 650 τρίῳ
1120 615 1196 650 τόπῳ
1225 614 1375 650 θησαυρδν,
1407 614 1561 650 διαφερέτω
1587 615 1637 648 μὲν
1660 616 1700 651 τῷ
1719 616 1838 654 δεσπότῃ

1034 661 1083 688 τοῦ
1097 661 1182 687 τόπου
1195 661 1230 687 τὰ
1252 659 1411 695 εὑρεθέντα,
1426 661 1440 686 ὁ
1452 659 1480 687 δὲ
1497 660 1588 696 εὑρὼν
1600 661 1638 692 ὡς
1649 662 1777 699 παραϐὰς
1790 663 1838 691 τὸν

1034 710 1118 745 νόμον
1140 709 1263 745 σφοδρῶς
1281 708 1469 744 τιμωρείσθω.
1499 708 1562 736 Ἐὰν
1585 709 1614 736 δὲ
1628 709 1688 736 οὐδὲ
1704 710 1837 746 ζητήσας,

1034 757 1095 784 οὐδὲ
1110 757 1216 792 δεήσεις
1231 755 1414 788 ἐπιδεδωκὼς,
1430 756 1500 783 ἀλλὰ
1514 757 1544 783 ὲν
1553 756 1593 791 τῷ
1608 756 1691 791 τυχὸν
1705 758 1840 793 ἀροτριᾷν

1034 803 1084 838 τὴν
1101 803 1154 837 γῆν
1179 802 1195 837 ἢ
1219 801 1307 833 ἄλλως
1328 801 1386 833 πῶς
1407 801 1540 838 γεωργῶν
1556 801 1605 837 τὴν
1625 801 1771 837 ἀλλοτρίαν
1786 803 1841 838 γῆν

1037 851 1067 877 οὐ
1082 849 1154 877 κατὰ
1166 849 1286 885 σπουδὴν
1302 849 1421 884 ἐρευνῶν
1438 849 1508 885 εὕρῃ
1520 858 1562 882 τις
1573 850 1603 875 ἐν
1615 849 1751 885 ἀλλοτρίῳ
1762 850 1841 885 τόπῳ

1039 896 1189 932 θησαυρὸν,
1205 896 1237 923 τὸ
1254 895 1304 931 μὲν
1321 895 1408 931 ἥμισυ
1423 895 1479 922 τῶν
1492 895 1661 932 εὑρεθέντων
1677 896 1760 927 αὐτὸς
1772 904 1841 931 κερ-

1038 944 1166 975 δαινέτω,
1181 943 1212 970 τὸ
1225 943 1253 970 δὲ
1271 943 1357 979 ἥμισυ
1373 943 1470 970 διδότω
1482 942 1522 978 τῷ
1537 942 1659 979 δεσπότῃ
1674 942 1723 970 τοῦ
1740 943 1840 974 τόπου.

1040 991 1121 1026 Ζήτει
1133 990 1180 1016 καὶ
1197 988 1299 1024 βιϐλίον
1313 987 1368 1015 τῶν
1379 987 1533 1015 Βααιλικῶν
1551 992 1595 1020 ιε’,
1608 988 1659 1016 τίτ.
1674 991 1709 1021 α’,
1724 997 1789 1023 κεφ.
1806 987 1841 1022 ξ’,

1039 1037 1057 1072 ἡ
1072 1035 1096 1063 α’
1112 1036 1183 1063 διάτ,
1209 1035 1256 1062 τοῦ
1275 1034 1296 1067 ζ’
1312 1034 1365 1061 τίτ.
1392 1034 1438 1061 τοῦ
1459 1034 1483 1061 α’
1510 1034 1615 1070 βιϐλίου
1641 1035 1688 1062 τοῦ
1712 1035 1840 1067 κώδικος,

1037 1081 1096 1108 ἔστι
1121 1089 1185 1115 κεφ.
1213 1078 1254 1113 κγ’
1273 1079 1319 1105 τοῦ
1335 1079 1370 1105 νδ¹
1387 1078 1442 1106 τίτ.
1460 1079 1506 1106 τοῦ
1523 1078 1543 1113 ξ’
1561 1079 1667 1115 βιϐλίου
1683 1079 1738 1106 τῶν
1757 1080 1842 1107 Βασι-

1038 1125 1124 1152 λικῶν
1150 1125 1236 1156 οὕτως
1255 1124 1316 1159 ἔχον
1351 1124 1453 1159 ῥητῶς,
1483 1124 1521 1156 ὡς
1541 1125 1661 1160 ἐγράφη.
1683 1125 1714 1152 Ἦ
1730 1124 1753 1160 β’
1767 1125 1839 1153 διάτ.

1038 1172 1086 1200 τοῦ
1101 1172 1184 1199 αὑτοῦ
1201 1173 1253 1198 τίτ.
1278 1171 1323 1198 καὶ
1343 1170 1445 1206 βιϐλίου
1475 1170 1534 1198 ἔστι
1549 1180 1614 1205 κεφ.
1637 1171 1675 1198 κδ’
1694 1171 1741 1198 τοῦ
1754 1170 1839 1198 αὐτοῦ

1037 1219 1089 1245 τίτ.
1105 1218 1152 1245 καὶ
1171 1217 1275 1252 βιϐλίου
1294 1216 1349 1242 τῶν
1362 1216 1527 1249 Βασιλικῶν,
1540 1215 1628 1247 οὕτως
1643 1216 1704 1251 ἕχον
1720 1216 1758 1248 ὡς
1773 1225 1840 1243 συν-

1039 1265 1157 1300 ιιγᾷἱσθη.
1177 1265 1209 1291 'H
1237 1263 1261 1299 γ’
1277 1264 1348 1292 διάτ.
1372 1263 1431 1290 ἐστι
1455 1271 1519 1298 κεφ.
1536 1262 1576 1290 κε’
1596 1262 1686 1295 οὕτως
1703 1263 1784 1298 ἕχον·
1809 1263 1840 1289 '0

1039 1311 1183 1348 προδιδοὺς
1215 1311 1246 1337 τὸ
1275 1311 1353 1345 ἅγιον
1387 1309 1530 1345 βάπτισμα
1556 1310 1588 1336 οὐ
1615 1311 1761 1345 μαρτυρεῖ,
1778 1309 1839 1337 οὔτι

1038 1358 1202 1389 διατίθεται,
1215 1356 1279 1384 οὔτε
1300 1356 1380 1384 ἄλλον
1403 1355 1569 1391 διαδέχεται,
1598 1356 1758 1390 ἀποστάτης
1782 1355 1839 1391 γὰρ

1039 1406 1149 1432 νοεῖται.
1167 1404 1289 1439 Πρόσχες
1310 1400 1357 1430 οὖν
1377 1403 1418 1430 δτι
1436 1402 1466 1429 τὸ
1482 1402 1608 1438 κείμενον
1634 1403 1664 1429 ὲν
1680 1401 1720 1435 τῷ
1739 1402 1839 1429 πλάτει

1039 1451 1103 1486 περὶ
1123 1450 1170 1478 τοῦ
1193 1449 1230 1486 μὴ
1251 1450 1521 1485 συναναστρέφεσθαι
1541 1449 1606 1481 τοὺς
1622 1449 1771 1481 τοιούτους,
1790 1449 1840 1476 καὶ

1040 1497 1171 1533 περὶτοῦ
1197 1497 1235 1532 μὴ
1264 1497 1339 1532 ἔχειν
1362 1497 1462 1528 αὐτοὺς
1489 1496 1586 1531 καιρὸν
1611 1495 1774 1531 μετανοίας,
1807 1496 1839 1522 οὐ

187 1541 308 1577 pulsum.
321 1541 416 1576 Itaque
432 1545 545 1576 propter
559 1541 618 1568 haec
634 1541 718 1568 etiam
735 1539 819 1567 Basil.
836 1539 987 1567 architecto

1041 1544 1191 1581 προσετέθη
1206 1545 1234 1571 ἐν
1250 1545 1306 1575 τοῖς
1320 1543 1486 1575 Βασιλικοῖς,
1497 1542 1555 1569 ἀλλ’
1573 1541 1688 1577 ἐδιώχθη
1703 1541 1741 1573 ὡς
1760 1541 1841 1575 ἀφιλ-

186 1594 252 1616 suut
267 1589 378 1624 agendae
392 1589 496 1624 gratiae.
513 1587 625 1616 Novella
639 1587 791 1615 Justiniani
808 1587 854 1620 57,
871 1594 932 1622 qua:
949 1586 984 1613 de

186 1636 318 1664 Ecclesiis
331 1635 468 1664 Africanis
485 1634 621 1672 [tractat],
643 1642 697 1662 non
717 1639 760 1661 est
779 1635 882 1661 inserta
899 1633 985 1661 Basil.

187 1684 284 1712 Const.
300 1683 318 1710 ι
335 1683 479 1710 memorati
497 1683 512 1709 7
548 1683 589 1710 tit.
609 1682 656 1709 lib.
674 1689 683 1709 1
707 1681 770 1709 cod.
792 1685 835 1708 est
855 1688 916 1716 cap.
939 1679 985 1714 26,

187 1729 251 1757 dicti
268 1729 303 1757 54
317 1730 359 1757 tit.
390 1730 437 1756 lib.
452 1737 497 1762 ιχ,
511 1728 584 1764 quod
599 1728 639 1755 sic
653 1727 747 1759 habet,
765 1731 794 1754 ut
809 1727 836 1755 in
852 1734 986 1762 compen-

186 1775 233 1803 dio
248 1775 421 1810 propositum
438 1779 489 1802 est.
505 1774 600 1802 Const.
615 1773 633 1801 5
655 1778 698 1801 est
711 1781 773 1808 cap.
786 1773 822 1800 27
862 1773 986 1808 ejusdetn

187 1821 231 1848 tit.
268 1825 296 1848 et
319 1820 367 1848 lib.
395 1820 468 1855 quod
505 1820 599 1848 cadent
628 1824 761 1847 recenset.
782 1819 878 1847 Const.
905 1819 921 1847 6
946 1823 989 1847 est

191 1874 254 1903 cap.
270 1866 305 1895 28
330 1866 405 1895 illius
421 1867 462 1894 tit.
477 1867 549 1903 quod
566 1866 694 1894 similiter
706 1866 794 1902 jubet.

226 2008 336 2036 Textus.
358 2008 418 2036 Lib.
439 2016 449 2036 ι
478 2008 520 2036 tit.
543 2008 577 2040 9.
598 2012 688 2036 const.
707 2007 741 2036 18
757 2017 764 2036 :
778 2007 899 2042 Iudaeus,
922 2013 987 2041 etc..

189 2063 271 2092 usque
284 2056 319 2082 ad
335 2055 511 2083 cantharidas
536 2055 650 2089 dederit,
665 2060 695 2082 ut
721 2063 784 2091 pag.
799 2055 863 2083 7G7.

226 2146 525 2174 Scholiunt.(10ttst.18
551 2147 702 2174 tit.9lib.t
723 2129 784 2174 cod.
810 2151 852 2175 est
883 2154 943 2182 cap.
955 2147 987 2173 41

189 2194 233 2221 tit.
252 2194 265 2221 1
298 2193 348 2221 lib.
367 2202 375 2220 ι
396 2193 481 2222 Basil.
512 2194 584 2228 quod
609 2194 705 2226 habet,
725 2198 753 2220 ut
778 2194 805 2221 in
827 2195 991 2228 compendio

1040 1590 1262 1627 ανορωπότερον,
1295 1589 1473 1624 εὐχαριστὲον
1498 1585 1544 1615 οὖν
1567 1588 1607 1623 τῷ
1628 1588 1786 1624 συνθεμένῳ
1805 1587 1842 1615 τὰ

1040 1637 1184 1669 Βασιλικὰ,
1207 1637 1254 1663 καὶ
1272 1635 1315 1663 διὰ
1331 1636 1423 1669 τοῦτο,
1437 1636 1454 1671 ἠ
1467 1634 1506 1667 λζ’
1526 1635 1741 1666 ’1ουστινιάνειος
1753 1635 1842 1671 νεαρὰ

1040 1686 1057 1721 ἡ
1075 1684 1140 1720 περὶ
1169 1683 1224 1710 τῶν
1246 1682 1417 1717 Ἐκκλησιῶν
1436 1682 1572 1718 Ἀφρικῆς
1600 1682 1632 1708 οὐ
1658 1681 1842 1718 κατεστριῦοη

1041 1732 1082 1763 είς
1095 1731 1129 1758 τὰ
1146 1729 1289 1757 Βασιλικά.
1308 1729 1371 1756 'Hﬁ'
1385 1729 1457 1756 διάτ.
1473 1728 1520 1755 τοῦ
1536 1728 1730 1763 διαληφθέντος
1748 1727 1769 1760 ζ’
1785 1728 1841 1756 τίτ.

1041 1776 1089 1803 τοῦ
1106 1775 1130 1803 α’
1146 1775 1251 1812 βιϐλίου
1274 1775 1321 1802 τοῦ
1351 1775 1480 1807 κώδικος,
1494 1774 1552 1801 ἐστι
1583 1783 1646 1810 κεφ.
1662 1773 1709 1807 κς¹
1722 1773 1770 1801 τοῦ
1791 1775 1844 1810 ρη-

1042 1823 1136 1854 θέντος
1153 1821 1190 1849 νδ’
1207 1823 1260 1850 τίτ.
1277 1822 1325 1849 τοῦ
1343 1821 1365 1855 ξ’
1384 1821 1489 1857 βιϐλίου
1509 1821 1596 1854 οὕτως
1622 1821 1685 1857 ἕχον
1711 1822 1750 1854 ὡς
1775 1831 1845 1849 συν-

1042 1869 1160 1905 ωψίσθη.
1184 1869 1217 1896 Ἡ
1230 1868 1250 1895 ε’
1276 1869 1347 1896 διάτ.
1364 1868 1422 1895 ἐστι
1447 1877 1510 1903 κεφ.
1538 1867 1580 1901 κζ’
1607 1868 1655 1895 τοῦ
1680 1868 1763 1895 αὑτοῦ
1787 1869 1844 1897 τίτ.

1041 1916 1088 1942 καὶ
1113 1915 1218 1951 βιϐλίου
1240 1915 1273 1942 τὰ
1299 1915 1370 1942 αὐτὰ
1392 1915 1501 1948 διεξιὸν,
1524 1916 1572 1942 καὶ
1600 1915 1617 1950 ἡ
1634 1913 1661 1947 ς’
1677 1914 1749 1943 διάτ.
1779 1915 1844 1942 ἔστι

1043 1970 1107 1997 κεφ.
1117 1961 1161 1997 κη’
1177 1961 1226 1988 τοῦ
1242 1962 1365 1989 τοιούτου
1384 1963 1436 1990 τίτ.
1451 1962 1553 1998 ὁμοίως
1569 1962 1840 1998 παρακελευόμενον.

1078 2009 1232 2043 Κείμενον,
1249 2008 1356 2035 Βιϐλίον
1372 2012 1408 2042 α’,
1421 2009 1474 2036 τίτ.
1491 2007 1524 2041 θ’,
1546 2009 1615 2036 διάτ.
1634 2007 1681 2045 ιη’,
1698 2009 1840 2041 Ἰουδαῖος,

1043 2064 1071 2082 κ.
1090 2064 1116 2083 τ.
1141 2055 1185 2089 λ,,
1210 2063 1297 2090 usque
1323 2055 1357 2083 ad
1379 2055 1396 2091 ἢ
1426 2055 1636 2092 μανδραγόραν,
1663 2055 1680 2091 ἦ
1709 2055 1846 2091 κανθαρί-

1043 2101 1102 2132 δας.

1079 2147 1223 2183 Σχόλιον.
1248 2147 1280 2174 'H
1297 2146 1331 2182 ιη’
1341 2147 1412 2174 διάτ.
1429 2146 1476 2173 τοῦ
1488 2146 1511 2173 α’
1527 2146 1632 2182 βιϐλίου
1654 2147 1700 2174 τοῦ
1715 2146 1846 2181 κώδικος,

1043 2194 1176 2227 ἕστικεφ.
1195 2193 1240 2228 μα’
1254 2193 1300 2220 τοῦ
1324 2193 1347 2220 α’
1367 2194 1418 2222 τίτ.
1431 2193 1479 2220 τοῦ
1496 2193 1520 2221 α’
1546 2193 1649 2228 βιϐλίου
1671 2193 1757 2225 οὕτως
1779 2194 1845 2229 ἕχον

190 2238 362 2272 propositum
379 2243 421 2266 est
439 2247 445 2265 :
463 2243 579 2273 excepto
592 2258 598 2269 .
614 2239 686 2272 quod
704 2237 814 2266 Judmus
833 2240 986 2274 capitaliter

1041 2239 1076 2272 ὡς
1096 2239 1268 2274 συνωψίσθη,
1285 2239 1350 2267 ἄνευ
1366 2238 1413 2266 τοῦ
1437 2239 1593 2274 κεφαλικῶς
1604 2239 1786 2274 τιμωρεῖσθαι
1797 2239 1847 2266 τὸν

191 2285 332 2320 puniatur.
356 2285 383 2312 Id
410 2292 530 2319 namque
553 2285 579 2311 in
605 2285 691 2312 Basil.
714 2293 766 2312 non
791 2290 834 2313 est
855 2286 990 2320 positttm.

193 2332 295 2366 Digest.
311 2332 342 2364 7,
361 2332 402 2359 tit.
419 2331 453 2364 2,
471 2332 519 2359 lib.
537 2340 582 2363 Ix.
597 2332 652 2367 dig.
671 2337 713 2359 est
736 2332 827 2360 thema
846 2332 880 2365 7,
899 2333 939 2360 tit.
958 2333 990 2366 ‘5,

191 2377 239 2405 lib.
254 2385 299 2408 ιχ,
315 2378 388 2413 quod
406 2379 443 2405 ait
461 2387 468 2405 :
482 2377 535 2411 Qui
551 2386 606 2406 tton
622 2378 734 2411 occidit,
751 2378 797 2405 sed
815 2379 912 2405 mortis
928 2386 993 2405 cau-

193 2430 252 2450 sam
267 2422 394 2458 praestitit
406 2423 494 2458 (puta,
506 2423 552 2458 qui
569 2431 702 2450 venenum
718 2431 767 2458 pro
781 2423 991 2456 medicamento,

193 2475 241 2497 aut
256 2469 376 2504 gladium
392 2469 494 2497 furenti
510 2470 596 2506 dedit)
616 2470 642 2497 in
662 2470 765 2497 factum
778 2491 786 2504 ,
802 2478 857 2497 non
876 2470 993 2507 [autem)

191 2516 250 2552 lege
267 2516 375 2551 Aquilia
394 2521 501 2544 tenetur
517 2517 616 2552 digest.
632 2517 665 2548 8.
682 2522 724 2544 est
741 2517 757 2542 8
793 2525 853 2552 cap.
870 2517 993 2552 ejusdem

191 2564 234 2592 tit.
250 2569 277 2591 ct
296 2564 342 2592 lib.
361 2563 492 2592 Similiter
515 2565 594 2592 etiam
618 2565 636 2593 9
668 2565 723 2600 dig.
741 2564 772 2596 4,
788 2565 831 2592 tit.
847 2565 880 2598 2,
896 2565 944 2592 lib.
960 2573 993 2598 x,

191 2610 247 2646 dig.
263 2613 306 2638 est
323 2610 414 2638 thema
429 2610 457 2642 2,
473 2618 533 2646 cap.
548 2611 580 2642 4,
596 2611 638 2638 tit.
653 2612 670 2639 5
712 2611 759 2639 lib.
777 2619 846 2642 xui.
864 2611 936 2646 quod
954 2611 995 2639 sic

193 2657 275 2684 habet
289 2667 296 2684 :
313 2656 441 2693 Exceptis
456 2657 613 2685 nominibus
630 2658 741 2693 reliquae
756 2665 800 2685 res
816 2657 994 2685 deducuntur

194 2703 222 2729 in
238 2703 374 2737 judicium
395 2702 506 2730 familiae
524 2702 704 2730 erciscundae.
720 2702 789 2730 Mala
807 2703 889 2730 etiam
907 2703 995 2730 medi-

193 2752 334 2781 camenta,
350 2753 377 2775 et
399 2748 498 2783 magici
523 2748 682 2783 similesque
706 2739 767 2775 libri
793 2757 800 2776 :
828 2749 875 2776 sed
893 2748 996 2784 judicis

194 2793 314 2820 oﬂicinm
332 2798 388 2826 est,
403 2799 434 2821 ut
449 2794 507 2821 haec
524 2794 650 2829 protinus
665 2799 835 2831 corrumpat.
850 2795 910 2823 Non
925 2796 996 2823 divi-

193 2839 298 2866 duntur
315 2845 405 2868 autem
416 2859 424 2872 ,
440 2848 501 2875 quae
518 2847 551 2868 ex
568 2841 713 2875 sacrilegio
727 2841 768 2868 vel
781 2841 905 2877 peculatu
922 2850 997 2877 qna!-

196 2885 250 2913 sita
273 2890 352 2921 sunt,
377 2886 420 2916 vel
443 2887 486 2926 vi,
514 2892 561 2916 aut
587 2895 761 2924 aggressum.
786 2888 996 2919 Animadvertas

1049 2286 1186 2313 Ἰουδαῖον.
1203 2286 1290 2313 Τοῦτο
1303 2285 1359 2322 γὰρ
1380 2285 1430 2312 οὐκ
1445 2286 1524 2320 ἐτέθη
1540 2286 1580 2317 εἰς
1599 2286 1633 2312 τὰ
1650 2285 1793 2312 Βασιλικά.
1807 2285 1849 2312 Τὸ

1044 2329 1066 2363 ζ’
1081 2331 1152 2358 διάτ.
1179 2331 1227 2358 τοῦ
1255 2331 1345 2367 β’τίτ.
1373 2330 1421 2357 τοῦ
1438 2330 1460 2357 θ’
1476 2331 1580 2366 βιϐλίου
1607 2331 1662 2357 τῶν
1687 2330 1758 2357 διάτ.
1786 2330 1849 2357 ἔστι

1044 2377 1116 2413 θέμα
1131 2377 1153 2410 ζ’
1171 2378 1218 2404 τοῦ
1239 2377 1263 2412 γ’
1280 2378 1332 2405 τίτ.
1355 2377 1401 2405 τοῦ
1419 2377 1439 2410 ξ’
1456 2377 1571 2413 βιϐλίου,
1588 2376 1679 2412 λέγον⁹
1697 2377 1727 2403 Ὃ
1740 2376 1777 2412 μὴ
1797 2385 1850 2410 φο-

1043 2424 1154 2458 νεύσας,
1171 2424 1240 2451 mat
1254 2425 1344 2452 αἰτίαν
1357 2424 1473 2451 θανάτου
1485 2424 1610 2456 δεδωκὼς
1622 2425 1656 2460 τῇ
1672 2424 1847 2458 ίμιρακτοὺμ,

1044 2470 1074 2497 οὐ
1087 2470 1127 2505 τῷ
1146 2470 1290 2504 ’Λκουιλίῳ
1307 2471 1462 2504 ὑπόκειται,
1476 2470 1514 2502 ὡς
1530 2471 1543 2497 ό
1557 2469 1682 2501 δεδωκὼς
1697 2470 1849 2505 φάρμακον

1045 2517 1107 2544 ἀντὶ
1136 2517 1267 2552 ἰατρείας,
1285 2517 1302 2553 ἢ
1318 2518 1394 2552 ξίφος
1412 2518 1450 2545 ,τὺ
1480 2518 1647 2553 μαινομένῳ.
1677 2517 1715 2544 Τὸ
1733 2516 1758 2552 η’
1772 2517 1848 2545 ὂιάτ.

1045 2564 1103 2591 ἔστι
1129 2563 1154 2598 η’
1170 2573 1232 2598 κεορ.
1255 2564 1301 2590 τοῦ
1316 2564 1400 2591 αὑτοῦ
1429 2565 1482 2591 τίτ.
1498 2564 1545 2591 καὶ
1576 2563 1691 2600 βιϐλίου,
1713 2562 1850 2596 ὡσαύτως

1047 2613 1094 2639 καὶ
1110 2611 1140 2639 τδ
1155 2610 1189 2643 0',
1205 2611 1236 2637 τὸ
1250 2611 1272 2637 δ’
1296 2611 1367 2638 διάτ.
1387 2610 1435 2638 τοῦ
1455 2609 1478 2646 β’
1493 2611 1546 2638 τίτ.
1574 2610 1621 2638 τοῦ
1638 2609 1653 2637 ι’
1670 2609 1774 2645 βιϐλίου
1791 2610 1850 2636 τῶν

1046 2657 1118 2684 διάτ.
1145 2657 1204 2684 ἔστι
1232 2657 1303 2693 θέμα
1328 2656 1351 2693 β’
1373 2657 1421 2684 τοῦ
1448 2656 1544 2692 δ’κεφ.
1561 2657 1608 2684 τοῦ
1626 2656 1650 2692 γ’
1662 2657 1716 2685 τίτ.
1734 2656 1781 2683 τοῦ
1801 2656 1848 2693 μβ¹

1048 2704 1152 2740 βιϐλίου
1160 2704 1247 2736 οὕτως
1258 2704 1330 2740 ἕχοψ
1340 2704 1440 2740 Ἐξῃρη
1445 2704 1533 2740 μένων
1546 2704 1600 2731 τῶν
1610 2703 1700 2740 χρεῶν
1714 2704 1748 2731 τὰ
1763 2704 1850 2732 λοιπὰ

1048 2750 1201 2785 πράγματα
1219 2751 1386 2786 κατάγονται
1411 2751 1453 2782 είς
1476 2750 1506 2777 τὸ
1536 2750 1660 2785 διαιροῦν
1677 2752 1710 2786 τῇ
1726 2751 1850 2787 φαμιλίᾳ.

1047 2796 1093 2823 τὸν
1108 2796 1210 2831 κλῆρον
1225 2796 1412 2832 δικαστήριον,
1429 2797 1476 2823 καὶ
1489 2795 1524 2823 τὰ
1544 2796 1618 2823 κακὰ
1632 2795 1780 2831 φάρμακα.
1798 2797 1850 2823 καὶ

1046 2842 1082 2869 τὰ
1099 2842 1204 2877 μαγικὰ
1221 2841 1312 2878 βιϐλία
1327 2843 1374 2869 καὶ
1397 2843 1432 2869 τὰ
1453 2843 1545 2878 ὅμοια,
1561 2842 1630 2870 ἀλλὰ
1643 2843 1772 2878 ὸφφίκιόν
1788 2844 1850 2870 ἔστι

1047 2889 1095 2917 τοῦ
1113 2888 1241 2917 δικαστοῦ
1269 2889 1445 2927 παραχρῆμα
1460 2890 1495 2917 τὰ
1510 2889 1625 2917 τοιαῦτα
1652 2889 1783 2926 φθείρειν.
1807 2891 1848 2917 0.3
