1946 3076
139 175 210 208 1117

617 176 866 208 ΝΟΜΟΟΑΝΟΝ.
887 190 922 196 —
935 176 1010 207 TIT.
1031 176 1084 214 IX,
1103 176 1184 209 CAP.
1200 176 1306 208 XXVI.

1717 174 1787 208 1118

137 234 238 269 διαιρεῖ
259 233 288 260 δὲ
310 233 345 260 τὰ
363 232 417 259 ἀπὸ
436 232 590 266 ἱεροσυλίας
613 233 762 268 κτηθέντα,
781 233 797 268 ἢ
819 232 854 259 τὰ
875 232 923 259 ἀπὶ

982 233 1076 268 igitur,
1094 233 1167 267 quod
1189 233 1215 259 in
1232 232 1289 267 Dig.
1307 232 1440 267 scriptum
1462 232 1513 266 sit,
1543 240 1576 260 ne
1597 233 1696 268 magici
1719 234 1782 262 libri

116 309 121 315 ‘
136 279 224 314 δήμου
242 278 393 308 κλαπέντα,
410 277 426 313 ἢ
444 277 551 312 ἐφόδου.
571 277 693 312 Πρόσχες
719 277 810 304 τοίνυν
838 278 879 304 ὅτι
904 278 934 304 ὲν

139 325 189 361 μὲν
210 325 267 356 τοῖς
291 324 424 358 διγὲσειιοις¹
450 323 606 358 γέγραπται
636 323 674 359 μὴ
703 323 870 358 διαιρεῖσθαι
899 324 933 350 τὰ

139 370 247 407 μαγικὰ
261 369 361 405 βιϐλία,
380 370 427 397 καὶ
442 369 477 396 τὰ
493 369 563 396 κατὰ
575 369 721 405 φάρμακα.
738 370 767 396 ‘0
778 370 806 396 δὲ
827 369 932 404 βασιλι-

137 417 184 449 κδς
204 417 279 450 λέγει
303 416 469 452 διαιρεῖσθαι
495 416 593 450 ταῦτα,
616 416 666 444 καὶ
688 416 748 443 ἐστι
767 416 838 443 κατά
863 416 932 442 πολὺ

135 462 334 497 ἀκριϐέστερον
354 462 385 488 τὸ
406 461 454 488 τοῦ
476 461 634 493 Βασιλικοῦ,
650 462 697 489 καὶ
713 461 800 488 ταῦτα
819 462 874 497 γὰρ
894 461 933 494 ὡς

134 509 269 540 δεσπότας
289 508 432 543 γινόμενα,
459 508 549 539 καλῶς
571 508 749 544 διαιροῦνται.
777 508 887 543 Ἐτέρου
902 508 932 535 δὲ

133 555 214 590 λόγου
232 555 292 582 ἐστὶ
313 555 344 582 τὺ
365 555 491 582 καίεσθαι
507 555 576 582 αὐτὰ
596 555 718 590 ὀφφικίῳ
731 555 779 582 τοῦ
802 554 931 581 δικαστοῦ

134 602 177 629 διὰ
194 601 228 628 τὰ
242 602 273 628 τὸ
286 602 323 637 μή
340 610 415 633 τινας
435 603 467 628 ὲκ
479 601 581 628 τούτων
597 601 740 637 βλαϐῆναι.
758 601 795 628 Τὸ
807 600 843 627 λε’
859 601 930 630 διάτ.

133 649 180 676 τοῦ
195 648 218 676 α’
232 649 286 676 τίτ.
302 649 348 676 τοῦ
361 648 395 684 ιη’
415 648 522 684 βιϐλίου
531 650 585 676 τῶν
599 649 671 675 em.
685 648 743 675 ἔστι
759 648 830 684 θέμα
846 648 872 682 γ’
883 648 930 675 τοῦ

133 693 170 720 λε’
188 703 251 729 κεφ.
277 693 326 720 τσῦ
349 692 373 720 α’
390 694 444 720 τίτ.
461 694 509 720 τοῦ
529 693 560 721 ιϐ’
578 693 682 729 βιϐλίου
699 693 755 721 τῶν
774 693 931 721 Βασιλικῶν

131 741 233 776 ὁμοίως
248 741 320 777 ἔχον.
338 741 375 767 Τὸ
392 739 422 767 ιε’
437 740 509 768 διάτ.
532 740 580 767 τοῦ
594 740 612 767 ι’
628 740 680 768 τίτ.
702 740 749 768 τοῦ
766 739 809 774 μζ¹
825 740 930 774 βιϐλίου

132 787 186 814 τῶν
201 787 361 821 διατάξεων,
383 787 441 814 ἔστι
464 796 527 822 κεφ.
543 786 573 814 ιε’
589 787 638 814 τοῦ
654 790 697 814 κα¹
711 787 764 814 τίτ.
782 786 830 813 τοῦ
852 785 873 819 ξ’
888 786 930 822 βι-

132 834 208 861 ϐλίου
222 835 278 861 τῶν
295 834 451 861 Βασιλικῶν
480 833 514 860 τὰ
530 833 601 861 αὺτά
616 833 705 869 λέγον,
722 834 786 861 ἄνευ
803 833 848 860 τοῦ
864 833 932 860 ὑπό-

132 879 241 907 κεισθαι
255 881 315 911 ταῖς
330 879 469 912 δια-τάξεσι
484 879 530 906 τὸν
548 879 582 906 δι’
595 879 783 914 ἀστρολογίας.
800 879 817 914 ἢ
833 879 931 914 ἑτέρας

132 925 263 960 μαντείας
277 924 391 952 εἰπόντα
408 925 529 960 κλέπτην
551 924 598 951 τὸν
614 925 652 961 μὴ
671 924 745 952 ὄντα.
771 924 858 951 Τοῦτο
875 925 930 960 γὰρ

130 971 183 997 οὐκ
198 971 278 1006 ἐτέθη
305 971 345 1002 εἰς
362 970 392 998 τὸ
409 970 476 997 αὐτὸ
502 979 567 1005 κεφ.
599 970 669 997 ἀλλὰ
685 971 726 1002 εἰς
743 970 816 1005 θέμα
842 970 866 1006 η’
882 970 930 998 τοῦ

129 1016 214 1044 αὑτοῦ
241 1025 304 1052 κεφ.
326 1016 363 1043 Τὸ
381 1015 402 1052 β’
419 1016 489 1044 διάτ.
511 1016 558 1043 τοῦ
574 1020 599 1052 η’
612 1016 666 1044 τίτ.
682 1016 729 1043 τοῦ
755 1016 802 1052 μη’
826 1016 931 1052 βιϐλίου

129 1062 185 1090 τῶν
197 1062 269 1091 διατ.
284 1062 342 1090 ἔστι
357 1072 421 1098 κεφ.
436 1066 461 1098 γ’
476 1062 524 1090 τοῦ
537 1062 575 1090 λο¹
588 1063 641 1091 τίτ.
655 1063 704 1090 τοῦ
719 1062 740 1097 ξ’
756 1062 860 1098 βιϐλίου
876 1063 932 1091 τῶν

129 1109 281 1137 Βασιλικῶν
303 1109 337 1136 τὰ
352 1109 421 1136 αὐτὰ
437 1109 531 1144 σχεδὸν
553 1108 632 1143 λέγον
659 1109 710 1136 ὅσα
733 1110 773 1141 είς
788 1109 818 1136 τὸ
829 1109 924 1144 κείμε-

129 1164 175 1183 νον
186 1155 358 1192 ἐγράφησαν.
373 1155 403 1182 '0
413 1155 442 1182 δὲ
457 1155 601 1188 Βασιλικὸς
617 1155 780 1190 προστίθησι
793 1156 842 1190 τὴν
859 1155 928 1190 μετά

128 1201 289 1237 δημεύσεως
305 1201 413 1238 ὲξορίαν
429 1202 500 1228 κατά
515 1201 570 1228 τῶν
589 1201 740 1228 ποιούντων
755 1201 790 1228 τὰ
810 1201 924 1238 φίλτρα.

129 1248 170 1275 Τὰ
187 1248 214 1275 δὲ
231 1247 372 1284 γραφέντα
398 1248 462 1284 περὶ
486 1247 534 1275 τοῦ
560 1248 748 1283 τι-ημενταρίου
772 1248 925 1283 ἀνετάχθη-

985 279 1112 313 malaque
1128 279 1327 306 medicamenta
1343 279 1503 306 dividuntur
1518 288 1525 306 :
1539 279 1623 308 Dasil.
1637 285 1726 307 autem
1741 280 1786 307 illa

984 325 1069 352 dividi
1090 325 1172 352 dicat.
1187 326 1278 360 Atque
1296 325 1361 352 illud
1382 324 1518 361 [quidem]
1540 325 1622 354 Basil.
1640 326 1726 353 multo
1742 331 1785 353 est

983 371 1116 398 exactius.
1143 370 1225 398 Recte
1249 371 1322 398 enim
1347 371 1507 397 dividuntur
1529 371 1591 403 illa,
1616 377 1646 398 ut
1669 378 1732 406 qua:
1757 370 1785 398 in

983 417 1106 445 deminio
1128 417 1239 445 fuerint.
1258 416 1295 445 Ut
1317 422 1409 445 autem
1433 418 1523 445 ollicio
1543 418 1645 453 judicis
1668 418 1785 445 combu-

983 469 1091 496 rantur,
1107 464 1222 492 alterius
1239 463 1355 491 rationis
1369 468 1412 491 est
1430 472 1437 490 ;
1457 471 1490 490 ne
1506 462 1663 500 [videlicet]
1681 471 1713 490 ex
1732 463 1786 491 illis

983 510 1121 545 aliquibus
1149 516 1290 538 noceatur.
1313 510 1413 546 Digest.
1439 510 1492 541 55,
1512 510 1552 537 tit.
1577 510 1607 542 1,
1627 509 1674 537 lib.
1699 517 1784 543 XVIII,

983 556 1041 591 dig.
1064 562 1104 596 est
1129 557 1220 585 thema
1246 558 1279 588 5,
1298 565 1359 592 cap.
1382 557 1435 587 55,
1453 557 1496 583 tit.
1513 556 1545 589 1,
1564 557 1611 583 lib.
1629 564 1675 583 XIX
1702 555 1784 584 Basil.

983 603 1055 637 quod
1073 603 1199 630 eumdem
1218 603 1364 630 admodmn
1384 603 1474 630 habet.
1491 602 1591 637 Digest.
1607 603 1656 635 15,
1674 602 1715 630 tit.
1731 603 1781 635 10,

984 646 1032 673 lib.
1051 654 1142 679 XLVII,
1159 647 1214 682 dig.
1228 652 1270 674 est
1293 655 1352 682 cap.
1373 647 1423 679 15,
1445 648 1485 674 tit.
1503 647 1554 680 21,
1572 647 1618 674 lib.
1638 656 1671 674 LX
1698 647 1782 676 Basil.

983 692 1056 727 quod
1078 693 1172 720 eadem
1196 693 1280 726 dicit,
1298 698 1413 728 excepto
1437 694 1510 728 quod
1536 694 1783 721 constitutionibus

984 743 1120 772 teneatur,
1136 740 1182 775 qui
1199 747 1246 774 per
1263 740 1439 774 astrologiam
1456 739 1573 766 aliamve
1586 739 1783 767 divinationem

983 785 1071 812 furem
1095 785 1214 819 dixerit,
1232 786 1277 820 qui
1302 793 1355 812 non
1380 791 1449 812 erat.
1465 785 1524 812 Hoc
1544 785 1616 812 enim
1640 785 1665 812 in
1687 784 1783 812 eodem

983 839 1044 867 cap.
1058 840 1112 859 non
1135 836 1177 859 est
1209 832 1344 866 positum,
1358 831 1405 859 sed
1428 831 1454 858 in
1486 831 1605 858 themate
1627 831 1644 858 8
1661 830 1784 866 ejusdem

982 875 1043 912 cap.
1063 879 1160 913 digest.
1178 878 1212 911 (ὲ,
1231 879 1272 905 Iit.
1290 878 1323 909 8,
1342 878 1389 905 lib.
1408 885 1510 909 XLVIII,
1527 877 1581 912 dig.
1600 882 1643 904 est
1664 885 1725 912 cap.
1743 877 1777 910 5,

948 916 967 942 Β
983 924 1025 951 ι1ι.
1041 924 1086 955 59,
1102 923 1149 950 lib.
1166 931 1200 950 LX
1218 923 1300 951 Basil.
1316 924 1388 958 quod
1403 923 1497 950 eadem
1515 922 1572 950 fere
1585 923 1663 956 dicit,
1679 930 1740 958 qua:
1755 923 1784 950 in

983 975 1056 998 textu
1073 970 1174 1005 scripta
1192 974 1266 998 sunt.
1282 969 1366 997 Addit
1380 973 1470 997 autem
1489 969 1575 997 Basil.
1592 974 1622 996 ut
1639 970 1687 1004 qui
1705 976 1782 996 ama-

983 1017 1052 1045 toria
1071 1017 1238 1048 coniiciunt,
1256 1021 1318 1050 post
1333 1015 1548 1051 publicationem
1564 1015 1699 1042 bonorum
1713 1015 1784 1043 rele-

981 1067 1089 1098 gentur.
1104 1061 1170 1096 Quae
1187 1069 1252 1090 vero
1268 1062 1301 1089 de
1318 1061 1499 1096 pigmentario
1513 1061 1615 1097 scripta
1631 1065 1707 1092 sunt.
1721 1060 1780 1088 col-

978 1108 1065 1136 locata
1084 1112 1149 1136 sunt
1164 1108 1191 1136 in
1209 1108 1328 1135 themate
1342 1107 1360 1134 5
1376 1107 1499 1142 ejusdem
1518 1114 1593 1142 eap.,
1617 1106 1689 1142 quod
1712 1107 1751 1134 ait
1772 1115 1781 1134 :

982 1154 1016 1182 Et
1028 1155 1227 1189 pigmentarius
1243 1153 1348 1190 [etiam]
1364 1154 1412 1189 qui
1427 1157 1531 1181 temere
1545 1153 1627 1181 alicui
1645 1153 1781 1186 cicutam,

979 1201 1181 1229 salamandram
1194 1222 1202 1234 ,
1219 1201 1369 1232 aconitum,
1387 1201 1599 1236 pityocampam,
1618 1198 1780 1235 buprestim,

980 1247 1209 1282 mandragoram,
1227 1253 1274 1274 aut
1290 1247 1465 1274 cantharidas
1478 1246 1563 1275 dedit.

130 1303 180 1322 σαν
196 1296 234 1325 ei;
247 1295 278 1322 τὸ
292 1295 315 1329 γ’
330 1295 402 1331 θέμα
414 1295 460 1322 τοῦ
476 1295 557 1322 αὑτοῦ
572 1298 595 1329 γ’
612 1303 675 1329 κεφ.
691 1295 814 1329 λέγοντος
826 1303 834 1310 ·
853 1295 909 1321 Καὶ
924 1294 937 1320 ὁ
956 1294 1144 1330 πημεντάριος
1179 1294 1323 1329 προπετῶς
1343 1293 1429 1325 διδούς
1445 1301 1499 1320 τινι
1525 1292 1648 1326 κώνειον,
1664 1292 1681 1327 ἢ
1698 1291 1782 1321 σαλα.

130 1341 261 1377 μάνδραν,
277 1342 294 1378 ἢ
312 1343 447 1375 ἀκόνιτον,
463 1343 480 1378 ἦ
495 1342 701 1378 πιτυοκάμπην,
722 1342 739 1377 ἢ
761 1341 941 1377 βούϐρωστιν,

163 1390 317 1424 Κείμενον.
333 1390 409 1416 Διάτ.
427 1388 509 1423 ιγ’,Ὀ
525 1388 609 1415 ποιῶν
624 1389 720 1420 θυσίας
735 1387 930 1424 ἀπηγορευμέ-

127 1443 187 1468 νας,
204 1444 230 1463 κ.
247 1445 271 1464 τ.
287 1436 323 1470 λ.,
344 1444 430 1472 usque
457 1437 491 1464 ad
517 1437 564 1464 ὲάν
590 1445 632 1469 τις
648 1436 680 1463 ὲκ
711 1435 806 1463 τούτου
835 1434 928 1462 τελευ-

127 1490 208 1509 τηση.

145 1482 303 1563 ήέξίόλιον.
319 1528 356 1555 Τὺ
372 1531 406 1563 ιγ’
421 1527 490 1555 διάτ.
512 1527 571 1554 ἔστι
595 1527 642 1554 τοῦ
657 1526 738 1554 αὑτοῦ
754 1526 857 1562 βιϐλίου
872 1525 920 1552 καὶ

125 1573 180 1601 τίτ.
196 1582 258 1609 κεφ.
278 1573 301 1601 θ’
313 1575 347 1601 τά
367 1575 436 1601 αὐτὰ
450 1574 540 1608 λέγον.
557 1574 594 1601 Τδ
610 1577 654 1608 κη’
669 1573 739 1600 διάτ.
757 1572 804 1599 τοῦ
818 1571 849 1598 ιϐ’
864 1571 918 1598 τίτ.
936 1585 957 1614 C

124 1619 173 1646 τοῦ
196 1622 240 1655 μη¹
258 1619 361 1655 βιϐλίου
386 1621 436 1647 οὐκ
453 1620 533 1656 ἐτέθη
559 1620 598 1651 εἰς
613 1619 647 1646 τὰ
665 1618 808 1650 Βασιλικὰ,
825 1617 872 1644 καὶ
892 1616 923 1643 τὸ

125 1665 166 1700 λη’
183 1665 253 1692 διάτ.
274 1666 321 1692 τοῦ
348 1665 380 1693 ιθ¹
397 1666 448 1694 τίτ.
469 1666 517 1692 τοῦ
547 1664 631 1692 αὑτοῦ
660 1664 706 1700 μη¹
735 1663 838 1700 βιϐλίου
865 1663 922 1690 τῶν

124 1710 286 1744 διατάξεων,
304 1711 363 1738 ἔστι
388 1711 459 1746 θέμα
481 1710 508 1744 ς’
519 1711 566 1737 τοῦ
594 1710 636 1746 λη’
653 1719 716 1744 κεφ.
732 1710 779 1737 τοῦ
808 1712 849 1737 va.’
865 1709 918 1736 τίτ.

123 1755 172 1783 τοῦ
189 1755 209 1788 ξ’
223 1756 432 1791 βιϐλίου,οΰτως
445 1756 505 1792 ἔχον
520 1757 558 1789 ὡς
569 1758 688 1792 ἐγράφη,
704 1755 853 1791 Ἀνάγνωθι
873 1756 922 1783 καὶ

123 1803 188 1833 τοὺς
198 1803 343 1838 κειμένους
358 1803 473 1835 κανόνας
487 1804 516 1829 ὲν
529 1803 568 1839 τῷ
579 1803 602 1830 κ’
615 1812 679 1838 κεφ.
695 1803 741 1830 τοῦ
756 1801 790 1837 ιγ’
801 1803 855 1831 τίτ.
872 1803 919 1830 τοῦ

124 1848 259 1884 παρόντος
277 1850 467 1884 συντάγματος
492 1850 539 1876 τοῦ
563 1849 736 1880 διδάσκοντος
758 1850 823 1885 περὶ
852 1850 921 1876 ἀπο-

123 1895 241 1928 στατῶν,
272 1896 320 1922 καὶ
348 1895 447 1928 θυτῶν,
473 1895 522 1922 καὶ
539 1893 644 1929 μάγων.
670 1895 718 1921 καὶ
735 1894 918 1930 ἀστρολόγων,

124 1941 336 1977 μαθηματικῶν,
354 1941 491 1976 μαντέων.
510 1941 558 1967 καὶ
573 1941 745 1976 περιάπτων.

158 1986 284 2015 ΚΕΦΑΛ.
301 1988 375 2022 Kq’.
386 2004 420 2009 —
433 1987 503 2022 Περὶ
521 1988 708 2020 ἐπισκόπων,
723 1987 743 2022 ἣ
755 1986 918 2022 κλκρικῶν,

120 2035 297 2061 τυπτόντων
310 2033 329 2069 ἢ
349 2035 550 2070 φονευόντων.

163 2078 335 2106 ’Λποστόλων
352 2080 442 2107 κανὼν
458 2079 510 2112 κζ’,
530 2080 574 2113 ξς¹
589 2088 595 2095 ·
618 2080 728 2107 συνόδου
746 2083 770 2107 α’
786 2079 833 2106 καὶ
847 2078 871 2114 β’
888 2080 918 2107 ἐν

119 2124 160 2160 τῷ
174 2125 230 2161 ναῷ
242 2125 297 2152 τῶν
314 2125 414 2161 ’Δγίων
431 2127 600 2154 Ἀποστόλων
613 2127 704 2154 κανὼν
719 2125 756 2154 θ’⁶
775 2126 915 2153 Βασιλείου

119 2171 212 2200 κανὼν
229 2175 276 2200 ve’.

155 2219 308 2253 Κείμσνον.
332 2218 365 2246 Ἦ
392 2219 414 2255 β’
438 2219 508 2247 διάτ.
532 2220 580 2247 τοῦ
608 2223 631 2247 α’
647 2220 701 2247 τίτ.
730 2220 784 2247 τῶν
800 2219 916 2255 Νεαρῶν

962 1341 978 1376 ἢ
998 1340 1199 1376 μανδραγόραν,
1215 1340 1231 1375 ἢ
1248 1340 1424 1375 κανθαρίδας.

1022 1386 1130 1414 Tertius.
1150 1387 1251 1420 Digest.
1264 1387 1307 1413 15.
1321 1386 1372 1419 Qui
1388 1386 1479 1418 vetita,
1492 1391 1558 1419 etc.,
1570 1393 1651 1421 usque
1663 1385 1698 1411 ad
1713 1391 1779 1420 sup-

982 1433 1093 1469 pliciutn
1111 1432 1253 1468 inﬂigitur,
1268 1437 1297 1459 ut
1309 1441 1369 1468 pag.
1384 1432 1447 1459 767.

1011 1526 1156 1554 Scholium.
1170 1526 1269 1561 Digest.
1284 1526 1328 1558 15,
1337 1530 1379 1553 cst
1390 1525 1513 1561 ejusdem
1526 1525 1574 1553 lib.
1585 1529 1612 1553 et
1624 1526 1666 1553 tit.
1675 1533 1737 1561 cap.
1745 1526 1775 1558 9,

974 1575 1046 1609 quod
1064 1574 1158 1601 eadem
1175 1573 1250 1600 dicit.
1265 1573 1366 1608 Digest.
1377 1573 1424 1605 9.8,
1439 1573 1480 1605 tit.
1493 1573 1535 1603 19.
1548 1572 1594 1600 lib.
1609 1580 1702 1604 XLVIII,
1715 1580 1769 1599 non

975 1626 1017 1648 est
1041 1620 1158 1655 positum
1184 1620 1209 1646 in
1235 1619 1318 1646 Basil.
1338 1618 1369 1645 Et
1384 1619 1438 1653 dig.
1454 1618 1507 1652 58,
1523 1618 1564 1645 tit.
1582 1618 1628 1650 19,
1645 1617 1768 1653 ejusdem

975 1674 1058 1694 XLVIII
1074 1667 1122 1694 lib.
1136 1667 1192 1701 dig.
1207 1671 1248 1693 est
1262 1666 1352 1693 thema
1367 1666 1395 1697 6,
1410 1673 1471 1700 cap.
1487 1665 1532 1698 58,
1548 1665 1589 1692 tit.
1605 1665 1650 1695 51,
1667 1665 1713 1692 lib.
1728 1672 1775 1696 LX,

974 1713 1047 1748 quod
1072 1713 1153 1740 habet
1179 1717 1208 1740 ut
1237 1712 1367 1747 scriptum
1393 1716 1445 1739 est.
1468 1711 1555 1746 chas
1578 1710 1666 1747 [vero]
1692 1711 1775 1738 etiam

973 1766 1094 1785 canones
1107 1759 1132 1784 in
1145 1766 1205 1793 cap.
1217 1757 1263 1788 20,
1279 1758 1319 1785 tit.
1333 1757 1366 1785 13
1384 1757 1526 1792 praesentis
1545 1757 1637 1792 operis
1655 1756 1771 1792 positos,

973 1805 1046 1839 quod
1066 1804 1099 1832 de
1119 1805 1261 1840 apostatis,
1277 1804 1522 1836 sacI-iticatoribus,
1539 1803 1635 1838 magis,
1651 1803 1774 1830 incanta-

974 1850 1090 1882 toribus,
1107 1850 1263 1885 astrologis,
1283 1850 1496 1882 mathematicis,
1514 1849 1729 1881 divinatoribus,
1744 1851 1774 1875 et

973 1896 1092 1923 amulcta
1107 1896 1326 1931 appendentibus
1342 1896 1433 1924 docet.

1007 1990 1084 2018 CAP.
1100 1990 1196 2018 XXVI.
1208 1990 1281 2018 —Dc
1296 1991 1424 2026 episcopis
1442 1994 1467 2018 et
1484 1989 1601 2023 clericis,
1618 1989 1664 2025 qui
1680 1997 1774 2025 percu-

972 2039 1053 2070 tiunt,
1068 2043 1115 2065 aut
1131 2038 1268 2065 occidunt.

1007 2085 1200 2120 Apostolormn
1225 2091 1314 2111 canon
1342 2083 1393 2116 27,
1420 2083 1472 2117 65;
1500 2082 1609 2110 concilii
1636 2081 1718 2117 primi
1745 2085 1774 2109 et

970 2132 1081 2160 secundi
1112 2131 1138 2158 in
1167 2131 1223 2158 aede
1252 2130 1415 2158 Sanctorum
1441 2129 1632 2165 Apostolorum
1660 2127 1774 2165 [habiti]

973 2185 1060 2205 canon
1077 2177 1113 2211 9;
1131 2177 1223 2204 Basilii
1240 2184 1327 2204 canon
1344 2177 1387 2204 55.

1007 2223 1114 2251 Tenus.
1134 2223 1230 2252 Const.
1249 2225 1283 2255 ἓ,
1306 2224 1346 2251 tit.
1364 2224 1376 2251 1
1403 2222 1588 2254 Novellarum,
1604 2226 1670 2255 etc.,
1687 2228 1768 2256 usque

119 2265 289 2301 ἀπαγορεύει
307 2265 357 2301 μὲν
379 2267 434 2298 τοῖς
457 2267 629 2300 ἐπισκόποις,
646 2275 675 2294 κ.
685 2275 710 2294 τ.
725 2266 762 2298 λ.,
779 2273 866 2301 usque
882 2265 916 2293 ad

981 2270 1006 2297 Id
1022 2270 1161 2297 hominem
1177 2270 1286 2302 occidit,
1304 2274 1332 2297 ut
1346 2277 1406 2305 pag.
1421 2269 1482 2298 770.

118 2311 167 2339 κιὶ
181 2311 314 2346 φονεύσας
327 2311 481 2347 ἄνθρωπον.

155 2357 294 2391 Σχόλιον.
313 2356 346 2383 Ἦ
362 2357 384 2392 β’
401 2357 471 2384 διάτ.
479 2357 525 2383 τοῦ
541 2356 565 2384 α’
579 2357 632 2384 τίτ.
649 2357 702 2384 τῶν
714 2357 829 2392 Νεαρῶν
858 2357 916 2384 ἐστι

116 2403 206 2438 νεαρὰ
227 2403 442 2435 ἰιιυστινιάνειος
459 2402 519 2439 ρκγ¹
534 2404 649 2439 κειμένη
665 2404 693 2431 ὲν
708 2403 803 2439 βιϐλίῳ
823 2402 846 2437 γ’
861 2403 916 2431 τῶν

116 2449 283 2484 Βασιλικῶν,
307 2450 362 2477 τίτ.
376 2449 411 2483 α’,
428 2459 491 2484 κεφ.
516 2449 565 2483 κε’,
583 2451 597 2477 ό
619 2451 666 2478 καὶ
688 2451 744 2486 ἔχει
769 2449 856 2482 οὕτως
877 2449 916 2482 ὡς

115 2496 253 2532 ἐδηλώθη.
273 2496 303 2523 '0
319 2496 333 2522 ι’
350 2497 403 2524 τίτ.
419 2496 466 2523 τοῦ
492 2495 534 2532 μζ
559 2497 662 2533 βιϐλίου
678 2497 734 2524 τῶν
760 2497 830 2524 διατ.
844 2497 916 2523 κα.ὶὸ

115 2543 153 2570 λε’
166 2543 218 2570 τίτ.
229 2543 276 2570 τοῦ
287 2542 309 2570 θ’
322 2543 425 2579 βιϐλίου
438 2544 486 2570 τοῦ
507 2543 632 2576 κώδικος,
649 2544 695 2570 καὶ
706 2544 720 2570 ὁ
732 2542 770 2575 λζ’
783 2543 916 2579 ἐτέθησαν

115 2591 158 2621 εὶς
173 2590 220 2616 τὸν
237 2589 280 2617 κα¹
291 2590 344 2617 τίτ.
363 2590 411 2616 τοῦ
427 2589 448 2622 ξ’
470 2590 573 2625 βιϐλίου
590 2590 645 2616 τῶν
665 2590 831 2617 Βασιλικῶν.
854 2589 915 2619 Ἀπ’

115 2636 202 2672 αὐτῆς
217 2636 305 2672 ἀρχῆς
318 2637 366 2664 καὶ
379 2636 454 2672 ζήτει
465 2637 580 2673 διάφορα
595 2636 689 2663 τούτου
705 2645 768 2672 κεφ.
787 2637 816 2664 ’0
828 2639 852 2664 α’
863 2636 915 2664 τίτ.

114 2682 164 2710 τοῦ
180 2682 224 2719 μη¹
236 2684 340 2720 βιϐλίου
354 2684 565 2717 τῶνδιατάξεων
582 2683 662 2719 ἐτέθη
673 2684 714 2716 είς
725 2684 755 2711 τὸ
767 2683 788 2717 ξ’
801 2683 914 2719 βιϐλίον,

114 2731 169 2758 τίτ.
186 2730 237 2765 λγ’,
255 2739 319 2766 usq).
335 2729 371 2762 α’,
390 2731 437 2757 καὶ
449 2730 491 2764 ἐφ’
506 2730 582 2765 ὲξῆς.
608 2730 638 2756 '0
656 2728 694 2763 ις’
708 2730 760 2757 τίτ.
776 2729 822 2757 τοῦ
835 2729 857 2756 θ’
872 2730 915 2765 βι-

115 2777 192 2804 ϐλίου
206 2777 253 2804 τοῦ
271 2777 387 2808 metu;
409 2778 498 2804 κεῖται
516 2777 557 2809 είς
577 2776 680 2811 βιϐλίον
697 2775 718 2809 ξ’
735 2776 783 2804 καὶ
802 2776 856 2804 τίτ.
875 2776 913 2803 λθ¹

116 2832 179 2858 κεφ.
194 2822 228 2857 ιγ’
244 2823 292 2850 καὶ
307 2823 349 2859 ἐφ’
362 2823 425 2859 ἑξῆς
438 2822 590 2857 ’Δνάγνωθι
604 2822 650 2850 οὖν
666 2822 720 2850 ἀπὸ
743 2822 846 2850 τούτων
860 2823 914 2850 τῶν

120 2869 191 2905 βιϐλ.
209 2869 261 2895 τίτ.
274 2869 321 2896 καὶ
337 2878 400 2904 κεφ.
423 2869 551 2904 διάφορα,
575 2869 623 2896 καὶ
645 2869 690 2896 τὸν
707 2868 732 2904 η’
750 2870 850 2898 κανόνα
866 2870 913 2897 τοῦ

118 2914 197 2949 ἁγίου
223 2914 375 2948 Βασιλείου,
399 2915 446 2942 καὶ
468 2915 518 2951 τὴν
544 2915 573 2942 ὲν
596 2914 672 2951 αὺτῷ
698 2915 822 2943 τεθεῖσαν
847 2917 912 2952 περὶ

1008 2359 1152 2388 Scholium.
1184 2360 1301 2388 Constit.
1318 2360 1335 2387 2
1355 2361 1398 2388 tit.
1415 2359 1427 2387 1
1453 2359 1641 2391 Now-Harum,
1657 2363 1698 2385 est
1719 2365 1770 2385 no-

970 2408 1038 2436 vella
1049 2407 1197 2435 Justiniani
1211 2407 1262 2434 1‘25
1287 2406 1441 2442 posita[que
1465 2405 1518 2442 est]
1532 2405 1558 2432 in
1574 2406 1619 2433 lib.
1631 2404 1713 2432 Basil.
1726 2412 1768 2438 III,

971 2455 1012 2481 tit.
1034 2455 1063 2486 1,
1086 2462 1147 2488 cap.
1164 2454 1218 2486 25,
1236 2455 1308 2488 quod
1332 2453 1431 2485 habet,
1450 2458 1480 2480 ut
1504 2452 1688 2487 signiﬁcatum
1715 2457 1768 2480 est.

970 2500 1024 2527 Tit.
1041 2500 1084 2533 10,
1099 2501 1144 2527 lib.
1161 2508 1232 2527 XLVII
1266 2500 1366 2534 Digest.
1381 2505 1408 2527 et
1429 2500 1474 2532 55,
1490 2499 1536 2527 lib.
1547 2507 1574 2526 IX
1607 2499 1669 2526 cod.
1687 2499 1769 2534 positi

970 2551 1034 2575 sunt
1056 2547 1082 2574 in
1103 2546 1144 2574 tit.
1159 2546 1204 2579 21,
1219 2546 1265 2573 lib.
1283 2546 1365 2573 Basil.
1382 2554 1426 2579 LX,
1445 2547 1478 2573 ab
1498 2545 1558 2581 ipso
1579 2545 1668 2577 initio,
1685 2545 1766 2580 cujus

970 2594 1055 2620 multa
1069 2601 1129 2627 cap.
1144 2600 1244 2627 quaere.
1255 2592 1310 2619 Tit.
1328 2593 1338 2618 1
1370 2592 1417 2620 lib.
1435 2600 1519 2620 XLVIII
1546 2592 1644 2627 digest.
1659 2592 1767 2627 positus

969 2644 1011 2667 est
1035 2640 1061 2667 in
1074 2640 1120 2667 lib.
1139 2647 1183 2672 LX,
1201 2639 1243 2666 tit.
1259 2638 1304 2672 51,
1320 2646 1380 2674 cap.
1398 2639 1409 2665 1
1425 2659 1433 2672 ,
1448 2643 1476 2666 et
1497 2638 1634 2673 deinceps.
1662 2637 1717 2665 Tit.
1733 2637 1768 2664 16

970 2685 1017 2713 lib.
1032 2693 1059 2713 IX
1081 2685 1144 2713 cod.
1156 2686 1261 2720 positus
1275 2689 1315 2712 est
1330 2685 1356 2711 in
1378 2684 1426 2711 lib.
1438 2692 1483 2717 Lx,
1499 2685 1540 2711 tit.
1553 2684 1599 2717 39,
1612 2683 1720 2718 eap.15
1738 2687 1767 2710 et

969 2732 1109 2767 deinceps.
1126 2732 1163 2759 Ex
1180 2732 1222 2759 his
1239 2731 1321 2766 igitur
1332 2731 1379 2759 lib.
1395 2735 1422 2758 et
1435 2731 1478 2758 tit.
1491 2731 1598 2758 diversa
1615 2738 1676 2765 cap.
1693 2732 1761 2765 lege.

968 2779 1008 2806 Ac
1024 2778 1095 2815 [lege
1120 2777 1214 2814 etiam]
1229 2778 1246 2805 8
1259 2786 1392 2805 canonem
1411 2777 1499 2805 sancti
1513 2777 1617 2806 Basilii.
1632 2776 1765 2811 positam-

968 2833 1022 2860 que
1035 2826 1062 2852 in
1075 2831 1108 2851 eo
1121 2825 1154 2852 de
1171 2824 1316 2852 homicidis
1332 2824 1466 2852 novellam
1481 2823 1654 2858 imperatoris
1667 2822 1762 2850 donmi

969 2870 1102 2898 Manut-lis
1120 2870 1263 2898 Comm-ni.
1283 2870 1383 2906 Digest.
1396 2870 1423 2903 5,
1441 2870 1482 2897 tit.
1501 2869 1544 2900 19.
1559 2869 1605 2895 lib.
1620 2877 1702 2896 XLVIII
1720 2873 1763 2897 est

968 2918 1060 2946 thema
1084 2917 1118 2951 2,
1136 2925 1198 2952 cap.
1217 2917 1249 2950 5,
1269 2915 1310 2945 tit.
1333 2916 1382 2950 51,
1400 2916 1447 2944 lib.
1470 2923 1519 2951 ιι,
1535 2915 1609 2952 quod
1632 2923 1761 2952 expressa
