1946 3076
171 174 240 208 1119

726 176 862 207 PHOTII
882 176 1137 207 PATRIARCH/E
1157 177 1211 207 (ΞΡ.

1735 175 1795 209 1120

165 234 260 260 cadi-nt
287 233 366 261 dicit.
388 233 490 267 Digest.
514 233 565 266 11,
586 238 630 260 est
653 233 745 260 thema
771 234 808 265 5,
828 240 890 268 cap.
914 233 965 266 11,

1041 233 1124 260 ονέων
1141 233 1238 268 νεαρὸν
1257 232 1305 260 τοῦ
1333 232 1468 268 βασιλέως
1494 233 1592 269 κυρίου
1623 234 1745 270 Μανουὴλ
1765 235 1808 263 τοῦ

165 278 288 313 ejusdem
306 279 350 312 5|,
368 279 409 306 tit.
427 278 500 313 quod
515 279 629 306 omnino
643 279 738 307 eadem
755 283 861 307 narrat.

1023 279 1179 314 Κομνηνοῠ.
1195 279 1233 305 Τὸ
1248 278 1268 306 ε’
1291 279 1362 307 διάτ.
1384 278 1433 306 τοῦ
1457 278 1493 306 ιϐ’
1507 279 1560 306 τίτ.
1582 279 1629 307 τοῦ
1650 283 1693 315 μη¹
1707 280 1809 316 ςβιϐλίυυ
1826 302 1832 310 .

165 326 308 361 ἑστιθέμα
319 325 342 362 β’
356 328 404 354 τοῦ
424 325 444 353 ε’
465 335 529 362 κεφ.
552 325 657 354 τοῦ-να’
690 327 742 354 τίτ.
761 326 809 354 τοῦ
833 326 854 360 ξ’
887 326 990 362 βιϐλίου
1006 326 1042 353 τὰ
1055 326 1127 353 αὐτὰ
1141 326 1222 362 λέγον
1244 326 1347 362 ῥητῶς.
1370 326 1408 353 Τὸ
1439 326 1469 353 δὲ
1490 325 1526 353 ια’
1548 326 1618 354 διάτ.
1637 326 1693 354 ἐστι
1708 327 1774 363 θέμα
1787 331 1808 363 ι(

163 374 214 401 τοῦ
231 373 265 401 ια’
282 383 346 409 κεφ.
361 374 408 402 τοῦ
425 373 509 401 αὐτοῦ
524 373 564 401 να’
578 373 631 401 τίτ.
642 375 677 401 τὰ
692 374 763 401 αὐτὰ
774 374 873 408 διεξιὸν
885 373 1115 410 ἀπαραλλάκτως.

204 421 284 449 CAP.
301 421 411 449 XXV".
427 438 459 443 —
479 422 519 449 De
538 422 666 456 episcopis
679 426 704 448 et
719 421 838 453 clericis,
854 422 899 457 qui
914 421 973 448 alea

170 467 275 498 ludunt,
292 467 471 499 inebriantur,
487 467 641 502 spectacula
658 468 758 500 visunt,
776 467 898 502 sepulcra
915 467 969 494 vio-

169 512 238 542 lant,
256 511 393 546 furanlur.
409 511 539 546 pejerant,
556 512 732 546 fmuerantur,
750 513 871 539 semisses
893 512 971 548 [usu-

168 557 226 594 ras]
243 559 361 593 capiunt,
376 562 423 584 aut
436 558 512 585 aliud
527 558 579 586 sibi
594 563 670 594 turpe
685 558 790 586 lucrum
805 559 969 594 excogitant.

205 698 398 733 Apostolorum
421 706 509 726 canon
530 699 577 732 25,
594 699 640 731 4‘2,
656 699 702 731 45,
719 699 769 733 44;
793 699 901 728 concilii
922 699 972 727 Ni-

170 745 238 772 (διειιί
262 753 350 772 canon
369 745 420 778 17;
439 746 587 773 Laodit-eni
606 754 693 774 canon
712 747 739 778 4,
756 747 807 780 εις
827 746 972 783 Carthagi-

171 792 266 819 nensis
281 799 368 819 canon
383 792 410 824 5,
427 792 476 825 16;
494 793 601 820 concilii
616 793 684 820 sexti
703 801 791 821 canon
809 793 854 826 10,
867 794 914 826 25,
925 793 971 826 21.

170 837 222 870 50,
241 838 292 870 5|;
314 839 424 865 concilii
445 838 548 866 Νιρεεηί
572 840 685 868 secundi
709 848 797 868 canon
820 841 853 874 1;
879 840 972 868 Basilii

178 891 266 911 canon
282 884 325 917 14,
340 884 384 917 17,
398 884 444 913 29.

207 928 316 956 Tutus.
345 930 437 957 Const.
459 930 493 958 51
514 931 556 959 tit.
576 931 594 960 4
613 931 661 960 lib.
687 932 697 959 1
726 932 788 960 cod.
810 932 973 968 Episcopus.

169 979 235 1007 clc.,
252 984 334 1011 usque
350 977 385 1003 ad
398 977 563 1006 imminuant
574 1001 581 1013 ,
594 983 623 1006 ut
638 987 700 1015 pag.
717 979 781 1007 774.

209 1067 355 1098 Scholium.
389 1070 486 1099 Const.
503 1072 538 1100 51
555 1072 597 1099 tit.
615 1072 633 1100 4
651 1072 699 1100 lib.
731 1079 740 1100 ι
765 1073 826 1101 cod.
855 1081 909 1101 non
935 1079 978 1102 est

173 1115 262 1149 posita
288 1116 316 1143 in
342 1117 425 1145 Basil.
444 1118 562 1146 Constit.
585 1119 604 1146 2
631 1119 673 1147 tit.
695 1120 706 1147 1
733 1119 906 1148 Novellarum
935 1124 978 1148 est

176 1163 283 1191 novella
307 1163 455 1192 Iustiniani
480 1165 543 1198 125,
571 1167 726 1203 posita[qtle
747 1166 800 1203 est]
822 1168 847 1194 in
870 1168 918 1194 lib.
946 1176 975 1195 ιιι

174 1207 258 1236 Βειείι.
274 1211 316 1237 tit.
334 1212 360 1244 1,
376 1219 437 1246 cap.
450 1211 479 1245 2,
496 1212 569 1248 quod
588 1214 779 1249 complectitur
799 1221 974 1249 quaecunque

176 1254 204 1281 in
222 1259 298 1283 textu
315 1257 514 1293 comprehensa
527 1264 601 1287 sunt.

219 1359 390 1388 Teztus.Nmt
407 1362 489 1390 modo
503 1363 637 1398 pejerare,
649 1368 716 1396 etc.,
729 1372 811 1399 usque
826 1364 861 1391 ad
873 1363 976 1392 dictum

174 1406 294 1441 videtur,
310 1412 338 1434 ut
359 1417 421 1444 pag.
435 1408 498 1437 775.

214 1509 361 1539 Scholium.
385 1512 503 1540 Constit.
529 1513 564 1542 25
588 1514 630 1541 tit.
646 1515 663 1542 5
677 1513 750 1542 lib.t
773 1514 834 1542 cod.
854 1521 908 1541 non
933 1518 976 1542 est

1060 421 1189 448 ΚΕΦΑΛ.
1203 421 1267 449 KZ’.
1283 436 1320 442 -—
1333 421 1402 456 Περὶ
1413 421 1598 454 ἐπισκόπων,
1612 421 1661 449 καὶ
1673 423 1812 456 κληρικῶν

1024 472 1226 503 κυϐευόντων,
1245 471 1264 505 ἢ
1276 472 1523 507 μεθυσκομένων.
1537 472 1556 505 ἢ
1571 472 1654 506 θέαις
1670 474 1811 508 παραϐαλ-

1023 517 1153 550 λόντων,
1175 518 1463 552 τιυισωρυχούντων,
1491 519 1694 551 κλεπτόντων,
1720 519 1811 554 émap-

1025 564 1171 595 κούντων,
1191 562 1370 594 τοκιζόντων
1391 563 1410 598 ἢ
1432 564 1648 598 λαμϐανόντων
1671 565 1810 600 ἡμιολίας,

1024 609 1047 647 ἢ
1074 610 1179 644 ἕτερον
1214 610 1346 646 αῖσχρόν
1371 610 1490 645 ἑαυτοῖς
1526 611 1728 640 ἐπινοούντων
1755 613 1814 648 κέρ-

1024 656 1088 690 δος.

1066 705 1239 732 Ἀποστόλων
1257 704 1349 732 κανὼν
1365 704 1414 739 κε’,
1432 704 1487 741 μβ’,
1502 705 1557 741 μγ’,
1575 705 1616 741 μδ¹
1625 715 1632 722 ·
1648 707 1756 734 συνόδου
1769 707 1816 734 Νι-

1025 751 1108 783 καίας
1124 751 1214 778 κανὼν
1231 750 1263 784 ιζ
1282 751 1332 785 τῆς
1353 752 1381 777 ὲν
1401 752 1548 788 Λαοδικείᾳ
1567 752 1658 779 κανὼν
1671 751 1702 786 δ’,
1716 752 1751 779 νδ’
1765 753 1810 788 τῆς

1023 797 1052 824 ὲν
1069 796 1250 832 Καρθαγέννῃ
1267 796 1357 823 κανὼν
1370 799 1401 830 ε’,
1423 796 1476 830 ις’·
1495 797 1604 823 συνόδου
1634 796 1661 830 ς’
1682 797 1769 825 κανὼν
1791 795 1816 829 ι’,

1023 842 1077 878 κγ’,
1089 843 1138 876 κδ’,
1152 843 1185 874 ν’,
1202 843 1259 872 va."
1274 844 1382 870 συνόδου
1394 843 1512 876 Νικαίας
1528 844 1559 871 τὸ
1571 843 1592 879 β’
1614 843 1705 871 κανὼν
1719 843 1740 871 δ’
1748 852 1755 859 ⁸
1770 844 1820 871 Βα-

991 881 1013 909 Β
1029 887 1129 914 σιλείου
1143 886 1234 914 κανὼν
1250 886 1279 914 ιδ’
1283 908 1290 918 ,
1306 887 1349 920 ιζ’,
1365 887 1416 914 κθ¹.

1066 933 1222 966 Κείμενον.
1246 933 1278 960 Ἦ
1293 932 1330 960 λδ¹
1347 933 1418 960 διάτ.
1431 932 1480 960 τοῦ
1495 933 1516 961 δ’
1535 934 1589 963 τῐτ.
1610 934 1659 961 τοῦ
1678 937 1702 961 α’
1724 934 1821 970 βιϐλίου

1028 978 1076 1005 τοῦ
1093 978 1220 1010 κὼδικος,
1236 979 1329 1014 φησιν.
1342 987 1369 1006 κ.
1388 987 1414 1005 τ.
1427 978 1465 1011 λ.,
1482 988 1570 1014 usque
1587 980 1620 1007 ad
1636 980 1820 1016 ἐπιδεικνυμέ-

1028 1034 1078 1062 νης
1092 1026 1220 1053 ἐλαττοῦν
1233 1025 1278 1052 τὸν
1295 1026 1400 1060 χρόνον.
1415 1025 1503 1061 Supra
1518 1034 1578 1061 pag.
1594 1026 1660 1054 298.

1065 1072 1208 1105 Σχόλιον.
1227 1072 1260 1099 Ἣ
1284 1071 1322 1098 λδ’
1338 1071 1408 1099 διάτ.
1430 1072 1478 1098 τοῦ
1500 1071 1520 1099 δ’
1542 1073 1595 1100 τίτ.
1612 1073 1661 1099 τοῦ
1684 1072 1707 1099 α’
1728 1072 1825 1108 βιϐλίου

1028 1116 1076 1144 τοῦ
1095 1117 1212 1149 κώδικος
1223 1118 1272 1144 οὐκ
1288 1117 1368 1151 ἐτέθη
1383 1119 1424 1150 είς
1438 1117 1472 1145 τὰ
1480 1118 1622 1146 Βασιλικά.
1645 1119 1677 1146 'H
1686 1119 1713 1145 δὲ
1730 1119 1750 1154 β’
1760 1119 1824 1146 διάτ.

1028 1163 1076 1190 τοῦ
1093 1167 1119 1190 α’
1134 1163 1186 1190 τίτ.
1209 1163 1264 1190 τῶν
1292 1163 1408 1198 Naupli“)
1427 1163 1486 1190 ἔστι
1508 1164 1594 1200 νεαρὰ
1619 1164 1826 1196 Ἰουστινιάνειος

1029 1208 1091 1245 ρκγ¹
1106 1209 1220 1245 κειμένη
1247 1209 1275 1236 ἐν
1299 1208 1394 1244 βιϐλίῳ
1418 1208 1443 1244 γ’
1467 1209 1520 1236 τῶν
1541 1210 1707 1240 Βασιλικῶν,
1725 1211 1775 1237 τίτ.
1791 1209 1824 1241 α’.

1028 1262 1092 1290 κεφ,
1106 1253 1158 1290 κβ’,
1169 1254 1381 1290 διαλαμϐάνοντι
1392 1255 1442 1283 ὅσα
1454 1255 1495 1287 είς
1508 1255 1538 1282 τὸ
1549 1256 1677 1291 κείμενον
1687 1254 1826 1293 διελήφθη-

1030 1308 1092 1328 σαν.

1064 1358 1219 1393 Κείμενον.
1231 1358 1270 1385 Οὐ
1285 1358 1366 1393 μόνον
1380 1359 1520 1393 ἐπιορκεῖν
1533 1358 1590 1385 κωλ
1600 1358 1680 1386 ὕεται
1691 1357 1826 1394 κληρικὺς,

1028 1413 1057 1432 κ.
1069 1413 1094 1431 τ.
1108 1404 1146 1438 λ.,
1162 1411 1251 1439 usque
1264 1404 1295 1430 ad
1314 1403 1489 1439 ὑπερθέσεως
1501 1404 1547 1430 ἐπὶ
1558 1404 1615 1431 τῶν
1625 1403 1749 1440 βοναφίδι
1761 1404 1829 1438 ἀγω-

1027 1450 1096 1488 τῶν.

1066 1507 1219 1543 .Σχόλιον.
1240 1507 1273 1535 Ἦ
1291 1505 1330 1533 κε’
1345 1506 1415 1535 διάτ.
1436 1506 1485 1533 τοῦ
1500 1505 1524 1541 γ’
1535 1507 1590 1534 τίτ.
1607 1507 1657 1534 τοῦ
1679 1506 1705 1535 α’
1726 1505 1825 1542 βιϐλίου

178 1561 291 1590 excepta
318 1556 345 1583 in
372 1556 456 1585 Basil.
473 1558 568 1586 Const.
585 1560 602 1586 5
619 1560 662 1588 tit.
679 1559 714 1586 12
743 1559 791 1586 lib.
817 1567 825 1587 t
853 1559 915 1587 cod.
934 1564 976 1586 est

1041 1553 1075 1580 τοῦ
1102 1554 1217 1586 κώδικος
1251 1554 1301 1580 οὐκ
1330 1553 1465 1588 ὲξελήφθη
1497 1554 1538 1585 είς
1560 1553 1596 1580 τὰ
1624 1553 1767 1581 Βασιλικὰ,
1800 1551 1830 1578 Ἣ

178 1608 240 1635 cap.
258 1602 300 1634 11,
316 1603 358 1630 tit.
373 1603 399 1636 1,
415 1604 462 1631 lib.
475 1613 491 1632 ν
504 1605 587 1632 Basil.
602 1605 675 1640 quod
689 1606 822 1632 inscrtum
836 1609 876 1632 est
890 1604 974 1631 inter-

179 1648 325 1682 pretationi
339 1657 400 1684 cap.
410 1650 438 1683 2,
453 1651 494 1678 tit.
508 1651 536 1684 5,
548 1651 692 1686 praesentis
705 1651 807 1685 operis,
819 1649 894 1685 quod
911 1649 977 1676 nihil

178 1693 212 1720 dc
224 1693 405 1728 jurejurando
420 1700 542 1724 tractans
555 1697 623 1732 lege.
635 1695 729 1724 Const.
744 1695 762 1723 6
781 1696 902 1730 cjusdetn
926 1695 974 1722 lib.

184 1743 212 1765 ct
227 1741 268 1766 tit.
281 1741 342 1768 cud.
355 1745 397 1768 est
411 1742 504 1770 thema
521 1743 569 1770 ul'l.
580 1751 642 1777 cap.
656 1743 699 1773 15,
717 1742 758 1770 tit.
772 1742 798 1775 1,
811 1743 859 1770 lib.
870 1750 885 1769 v
899 1741 981 1769 Basil.

182 1785 305 1821 nihilque
329 1787 364 1815 de
386 1787 567 1823 jurejurando
591 1793 702 1817 tractat.
727 1789 909 1822 Quatretnlum
941 1792 984 1816 est

183 1832 268 1866 igitur
286 1839 320 1860 an
342 1835 462 1869 episcopi
480 1839 508 1862 et
525 1835 618 1863 clcrici
635 1835 777 1870 conceptis
789 1834 879 1863 verbis
890 1834 985 1869 jurare

184 1877 310 1906 debeant.
323 1879 357 1906 Et
370 1880 507 1912 existimo.
519 1882 591 1916 quod
607 1887 754 1917 postquam
771 1889 833 1917 quae
848 1882 936 1916 capita
951 1888 986 1908 ex

183 1923 325 1952 cudicibus
341 1931 469 1962 excerpta
484 1932 511 1954 ει
527 1928 553 1955 in
572 1927 657 1956 Basil.
673 1929 761 1964 posita
778 1933 852 1959 sunt,
867 1935 985 1963 quorum

186 1971 271 1998 etiam
295 1971 410 2001 Pbotius
432 1974 459 2001 in
483 1979 558 2003 textu
582 1977 751 2003 mentionem
774 1975 856 2008 fecit,
873 1975 987 2002 omnino

183 2015 363 2052 jurisjuraudi
387 2027 442 2046 non
465 2021 667 2055 mctuinerunl,
683 2029 797 2056 prorsus
817 2021 934 2048 vetitum
953 2020 989 2048 sit

186 2070 220 2090 ne
235 2063 382 2100 episcopus
396 2071 444 2094 aut
457 2068 574 2096 clericus
587 2068 672 2103 juret.
689 2067 795 2095 Idcirco
813 2068 886 2095 enim
904 2068 987 2094 etiam

187 2115 236 2142 pro
249 2116 382 2146 concepto
396 2112 579 2148 jurejurando
591 2115 737 2141 adiuvcttta
753 2114 856 2148 scripta
871 2111 987 2149 [rutilio]

185 2159 243 2187 cst,
261 2164 322 2190 quas
343 2162 370 2185 cl
392 2160 576 2189 confessionis
597 2163 688 2189 locum
713 2162 850 2192 obtineat,
866 2166 894 2188 et
915 2160 989 2195 quod

189 2208 352 2237 conceptum
380 2205 576 2241 jusjurandum
604 2208 790 2242 praestiturum
816 2210 876 2233 erat
899 2205 990 2232 adiut-

1032 1604 1059 1635 γ’
1069 1600 1138 1627 διάτ.
1155 1599 1202 1627 τοῦ
1225 1599 1258 1635 ιβ’
1279 1599 1332 1628 τίτ.
1348 1599 1395 1626 τοῦ
1411 1598 1435 1625 α’
1452 1598 1556 1633 βιϐλίου
1582 1599 1632 1626 τοῦ
1651 1599 1766 1629 κώδικος
1779 1597 1831 1623 ἐστι

1033 1655 1097 1682 κεφ.
1115 1646 1149 1673 ια’
1173 1646 1220 1672 τοῦ
1238 1645 1263 1672 α’
1286 1645 1338 1673 τίς.
1363 1645 1410 1672 τοῦ
1428 1648 1450 1671 ε’
1468 1644 1571 1680 βιϐλίου
1595 1645 1651 1672 τῶν
1667 1643 1828 1674 Βασιλικῶν,

1034 1693 1103 1727 ὅπερ
1119 1691 1298 1727 κατεστρώθη
1313 1693 1353 1723 είς
1368 1692 1417 1726 τὴν
1432 1691 1581 1726 ἑρμηνείαν
1597 1691 1646 1718 τοῦ
1665 1691 1687 1727 β’
1700 1699 1764 1725 κεφ.
1789 1687 1832 1715 τοῦ

1035 1737 1056 1765 ε’
1075 1737 1129 1765 τίτ.
1154 1737 1203 1764 τοῦ
1227 1738 1365 1773 παρόντος
1391 1736 1594 1771 συντάγματος.
1622 1737 1679 1764 Καὶ
1703 1733 1834 1770 ἀνάγνωθι

1035 1784 1117 1812 τοῦτο
1143 1783 1226 1820 μηδὲν
1248 1784 1313 1819 περὶ
1339 1784 1422 1817 ὅρκου
1440 1782 1638 1817 διαλαμϐάνον.
1661 1783 1694 1809 Ἥ
1716 1781 1742 1815 ς’
1765 1781 1831 1808 διάτ.

1036 1831 1084 1859 τοῦ
1101 1830 1185 1859 αὐτοῦ
1203 1831 1307 1866 βιϐλίου
1331 1831 1379 1858 καὶ
1401 1830 1454 1858 τίτ.
1472 1830 1519 1857 τοῦ
1546 1830 1666 1862 κὼδικος
1689 1830 1760 1865 θέμα
1773 1826 1836 1856 οὖσα

1037 1877 1194 1905 τελευταῖον
1209 1877 1255 1904 τοῦ
1270 1876 1304 1912 ιγ’
1320 1886 1383 1912 κεφ.
1396 1876 1444 1903 τοῦ
1456 1876 1480 1903 α’
1494 1877 1547 1903 τίτ.
1565 1877 1615 1904 τοῦ
1631 1876 1653 1903 ε’
1666 1877 1769 1912 βιϐλίου
1786 1874 1837 1902 τῶν

1037 1924 1203 1956 Βασιλικῶν,
1218 1923 1295 1951 οὐδέν
1311 1932 1337 1950 τι
1360 1923 1426 1958 περὶ
1442 1923 1525 1957 ὅρκου
1541 1923 1736 1958 διαλαμϐάνει.
1753 1922 1838 1957 Ζητη-

1038 1971 1099 1999 τέον
1113 1968 1160 1998 οὖν
1178 1971 1203 1997 εί
1222 1970 1377 2005 ὀφείλουσιν
1396 1970 1422 1996 οί
1437 1970 1587 1997 ἐπίσκοποι
1607 1971 1655 1997 καὶ
1676 1971 1700 1996 οι
1719 1967 1839 2004 κληρικοὶ

1039 2017 1139 2052 ὅρκους
1156 2016 1256 2043 διδόναι
1280 2017 1467 2051 σωματικῶς,
1484 2016 1533 2042 καὶ
1549 2016 1657 2051 νομίζω
1672 2016 1715 2043 ὅτι
1735 2015 1796 2042 ἐπεὶ
1807 2013 1839 2040 τὰ

1039 2063 1094 2090 ἀπὸ
1110 2062 1165 2089 τῶν
1190 2062 1314 2089 κωδίκων
1333 2061 1503 2097 ὲκληφθέντα
1519 2069 1583 2096 κεφ.
1605 2061 1654 2088 καὶ
1668 2061 1782 2088 τεθέντα
1797 2059 1834 2090 είς

1040 2109 1075 2136 τὰ
1098 2108 1243 2139 Βασιλικὰ.
1259 2108 1325 2143 περὶ
1349 2104 1387 2134 ὦν
1411 2107 1457 2134 καὶ
1477 2107 1492 2133 ὁ
1514 2107 1618 2139 Φὼτιος
1646 2106 1744 2142 μνείαν
1760 2106 1798 2138 είς
1811 2103 1839 2131 τὸ

1041 2156 1169 2189 κείμενον
1182 2153 1322 2188 ἐποίησεν.
1335 2153 1366 2180 οὐ
1382 2153 1535 2188 μέμνηνται
1550 2153 1621 2184 ὅλως
1637 2153 1741 2188 ὅρκων.
1763 2151 1840 2177 Ἐκω-

1041 2201 1110 2237 λύθη
1126 2201 1157 2227 τὸ
1171 2200 1285 2235 ὀμνύειν
1296 2200 1364 2232 ὅλως
1378 2198 1554 2234 ἐπίσκοπονῆ
1569 2198 1718 2234 κληρικόν.
1732 2197 1779 2224 Διὰ
1792 2195 1839 2231 γὰρ

188 2248 269 2281 plcat.
285 2249 413 2279 Lectores
435 2253 529 2288 itaque
546 2254 689 2288 conceptis
705 2253 796 2281 verbis
809 2252 906 2287 jurare
924 2259 981 2287 per-

1041 2247 1119 2275 τοῦτο
1130 2247 1178 2274 καὶ
1189 2247 1249 2274 ἀντὶ
1263 2245 1422 2281 σωματικοῦ
1433 2246 1528 2280 ὅρκου,
1541 2245 1682 2280 ἐπενοήθη
1694 2245 1711 2280 ἡ
1721 2241 1840 2288 ἐγγραφῇ

184 2301 279 2328 peram
295 2303 441 2332 coguntur.

1041 2293 1215 2324 καταϐέσεως
1224 2292 1306 2318 τόπον
1321 2292 1468 2326 ἐπέχουσα,
1488 2290 1536 2317 καὶ
1553 2290 1756 2326 ἅναπληροῦσα
1766 2289 1812 2315 ὅσα
1824 2286 1837 2312 ὁ

188 2330 344 2377 σωματικδξ
366 2345 448 2380 ὅρκος
463 2347 576 2382 ποιῆσαι
613 2346 721 2382 ἔμελλε.
735 2348 766 2374 οι
787 2330 853 2382 γοῦν
891 2342 1068 2378 ἀναγνῶσται
1101 2339 1193 2371 καλῶς
1225 2338 1427 2373 ἀναγκάζονται
1450 2339 1549 2373 ὅρκους
1581 2336 1762 2373 σωματικοὺς
1781 2333 1841 2362 διδά-

189 2398 244 2423 ναι,
261 2390 390 2426 κληρικοὶ
406 2393 460 2429 γάρ
477 2395 558 2422 εἰσιν.

230 2447 338 2475 Tarius.
361 2451 441 2485 Atqui
463 2456 553 2480 const.
573 2453 590 2480 5
613 2453 656 2481 tit.
673 2453 690 2480 ‘2
707 2452 893 2485 NOVI‘nal'llm,
921 2454 988 2480 etc.,

192 2503 275 2530 usque
289 2496 325 2522 ad
340 2497 435 2531 ejusvc
445 2499 600 2533 estimatio,
617 2505 645 2527 ut
661 2509 724 2536 pag.
740 2499 803 2528 775.

231 2587 378 2617 Scltolium.
393 2590 489 2619 Const.
509 2592 527 2619 5
543 2592 584 2620 tit.
597 2592 814 2624 Q'Nuvellarum.
825 2596 868 2620 est
883 2592 989 2620 novella

195 2633 342 2662 Iustiniani
355 2637 418 2667 151,
440 2637 595 2673 positalque
608 2638 660 2675 est]
678 2639 704 2666 in
717 2639 764 2667 lib.
776 2639 858 2667 Basil.
870 2647 896 2672 ν,
908 2640 950 2666 tit.
961 2640 990 2672 5,

199 2689 260 2716 cap.
281 2683 313 2715 9,
331 2683 404 2717 quod
426 2683 558 2712 insertum
582 2691 625 2712 est
644 2685 750 2712 scholio
772 2693 832 2720 cap.
851 2685 881 2719 1,
900 2686 942 2713 tit.
958 2686 991 2720 2,

200 2729 343 2762 przrsentis
362 2729 454 2763 operis
473 2731 547 2757 circa
570 2730 689 2758 initium.
707 2730 817 2759 Gratias
837 2731 922 2767 igitur
943 2739 993 2767 age

200 2774 362 2808 patriarchae
376 2774 483 2808 Photio,
500 2777 547 2811 qui
565 2781 638 2804 recte
654 2777 851 2812 interpretatus
866 2782 917 2812 est,
935 2779 993 2813 epi-

201 2827 299 2854 scopos
316 2826 342 2849 et
358 2822 485 2855 clericos,
503 2829 633 2858 tanquam
652 2824 677 2851 id
696 2825 768 2859 quod
786 2824 909 2858 interest,
926 2833 994 2854 usu—

202 2873 248 2892 ras
267 2866 385 2901 exigere.
403 2869 457 2896 Tit.
473 2869 552 2897 2111).
580 2878 606 2897 vt
634 2871 695 2898 cod.
713 2871 820 2905 positus
839 2876 881 2899 est
900 2872 927 2898 in
947 2871 994 2899 lib.

204 2909 287 2939 Basil.
307 2918 358 2946 ιχ,
373 2914 416 2942 tit.
434 2915 467 2950 6,
484 2923 546 2952 cap.
565 2915 613 2950 18,
631 2924 662 2945 ac
686 2925 793 2953 quaeras
815 2918 890 2946 varia
915 2919 997 2954 hujus

1079 2443 1234 2478 Κείμενον.
1254 2442 1289 2468 Ἀ
1305 2441 1379 2476 μέλει
1397 2440 1444 2468 καὶ
1457 2441 1473 2476 ὴ
1491 2438 1516 2474 γ’
1535 2439 1680 2473 διάτλτοῦ
1691 2438 1714 2476 β’
1728 2439 1780 2466 τίτ.
1793 2437 1843 2465 τῶν

1041 2490 1159 2526 Νεαρὼν
1184 2489 1232 2515 ἐπὶ
1255 2488 1382 2522 ληγάτων
1405 2487 1537 2520 εὐσεϐῶν,
1555 2496 1583 2513 κ.
1606 2495 1633 2514 τ.
1648 2486 1688 2517 λ..
1712 2492 1797 2521 usque
1812 2481 1841 2511 ad

1042 2537 1143 2564 δίδοται
1157 2535 1188 2562 τὸ
1205 2536 1332 2570 πρᾶγμα,
1357 2534 1373 2569 ἢ
1398 2534 1415 2569 ἡ
1439 2533 1600 2568 διατίμησις
1626 2532 1725 2560 αὑτοῦ.

1080 2593 1222 2627 Σχόλιον.
1236 2592 1269 2619 Ἡ
1279 2590 1303 2625 γ’
1317 2591 1388 2618 διάτ.
1405 2589 1452 2617 τοῦ
1471 2589 1492 2626 β’
1508 2590 1560 2616 τιτ.
1576 2589 1634 2616 τῶν
1650 2587 1779 2625 Νεαρῶν,
1791 2585 1842 2613 ἔστι

1045 2640 1132 2676 νεαρὰ
1152 2639 1368 2668 ’1ουστινιὰνειο;
1386 2635 1455 2674 ρλα¹,
1480 2636 1597 2671 κειμένη
1624 2636 1656 2662 ὲν
1679 2634 1775 2671 βιϐλίῳ
1794 2632 1843 2659 τῶν

1045 2685 1198 2714 Βασιλικῶν
1213 2684 1245 2716 ε’,
1259 2684 1313 2711 τίτ.
1326 2682 1362 2718 γ’,
1375 2691 1438 2717 κεφ.
1454 2681 1476 2709 θ’
1493 2680 1723 2717 καταπρωθέντι
1733 2681 1773 2712 είς
1786 2676 1842 2714 σχό-

1045 2733 1104 2759 λιον
1132 2731 1181 2759 τοῦ
1212 2731 1236 2759 α’
1253 2739 1316 2765 κεφ,
1335 2729 1384 2757 τοῦ
1402 2728 1424 2764 β’
1449 2729 1503 2756 τίτ.
1525 2727 1573 2754 τοῦ
1592 2728 1732 2763 παρόντος
1752 2724 1843 2752 συντὰ-

1047 2787 1153 2815 γματος
1169 2779 1234 2814 περὶ
1256 2777 1306 2809 τὰς
1328 2776 1426 2812 ἀρχάς.
1442 2775 1652 2811 Εὑχαρίστησον
1673 2773 1720 2801 οὖν
1742 2772 1781 2809 τῷ
1795 2779 1842 2798 τια-

1047 2826 1166 2862 τριάρχῃ
1190 2824 1286 2860 Φωτίῳ
1309 2823 1401 2855 καλῶς
1428 2821 1633 2858 ἑρμηνεύσαντι
1660 2820 1788 2848 ἀπαιτεῖν
1809 2817 1843 2848 ὡς

1048 2872 1178 2908 διαφέρον
1193 2871 1301 2903 τόκους,
1326 2870 1390 2901 τοὺς
1405 2868 1584 2899 ἐπισκόπους,
1601 2866 1651 2893 καὶ
1672 2867 1738 2898 τοὺς
1753 2865 1843 2901 κληρι-

1051 2918 1126 2950 κοὺς.
1152 2918 1180 2946 '0
1193 2917 1215 2954 β’
1226 2917 1279 2946 τίτ.
1294 2916 1342 2944 τοῦ
1359 2915 1385 2949 ς’
1402 2914 1506 2952 βιϐλίου
1520 2913 1566 2941 ςοῦ
1581 2913 1701 2946 κώδικος
1717 2914 1795 2947 ἐτέθη
1807 2911 1842 2941 εἰς
