1956 3049
121 139 186 173 1121

578 144 823 177 NOMOCANON.
844 159 879 165 -
895 147 969 180 ΤῘΤ.
982 148 1035 186 IX,
1055 148 1136 179 CAP.
1149 147 1273 179 XXVII.

1713 148 1782 182 1122

120 189 222 224 βιϐλίον
243 188 299 216 τῶν
323 189 480 217 Βασιλιιιῶν
501 189 522 224 ξ’
541 191 595 218 τίτ.
618 192 645 225 ς’
659 201 713 227 κεφ
732 192 766 228 ιη’
783 193 829 220 καὶ
844 192 921 229 ζήτει

982 203 1036 230 :a-p.
1057 196 1091 222 de
1117 195 1197 223 furtis
1221 199 1248 222 ct
1271 193 1389 222 furibus.
1408 192 1463 222 'l‘it.
1487 193 1505 221 2
1529 193 1577 222 lib.
1614 200 1687 222 van
1722 196 1779 230 dig.

118 234 234 271 διάφορα
248 235 344 262 τούτου
364 245 427 271 κεφ.
457 237 521 273 περὶ
536 238 644 265 κλοπῶν
667 239 715 266 καὶ
732 239 869 267 κλεπτῶν.
893 239 921 266 '0

119 281 147 308 δὲ
161 280 183 317 β’
200 282 256 309 τίτ.
269 282 316 308 τοῦ
333 283 376 318 μζ¹
390 282 495 318 βιϐλίου
508 284 562 310 τῶν
578 284 648 312 διατ.
665 285 746 320 ἐτέθη
762 285 802 317 είς
818 285 921 321 βιϐλίον

119 327 173 354 τῶν
191 327 342 354 Βασιλικῶν
359 327 380 362 ξ’
394 328 447 356 τίτ.
467 329 501 364 ιβ’
515 337 579 365 κεφ.
595 328 631 363 α’,
647 330 694 357 καὶ
709 330 752 365 ἐφ’
768 330 832 365 ἑξῆς
846 331 921 366 ζήτει

119 384 182 410 κεφ.
203 374 237 411 β’,
256 374 291 410 γ’,
312 375 345 409 δ’,
360 375 394 410 ε’,
415 376 452 404 τὰ
466 377 537 404 αὐτὰ
554 377 668 411 λέγοντα
691 377 783 412 ῥητῶς
806 377 857 404 ὅσα
871 377 919 404 καὶ

125 423 165 454 είς
185 423 217 449 τὸ
242 423 373 458 κείμενον
397 424 572 460 ἐγράφησαν.
595 425 677 460 Ζήτει
704 424 733 451 δὲ
758 424 805 451 καὶ
829 424 923 459 ἕτερον

122 477 185 503 κεφ.
200 468 248 496 τοῦ
265 469 349 496 αὐτοῦ
363 470 417 497 τίτ.
438 470 567 497 διδάσκον
588 470 624 497 τὰ
646 471 711 506 περὶ
723 470 844 505 ἀφανοῦς
861 470 923 497 κλο-

121 515 175 550 πῆς
189 515 236 542 καὶ
250 516 384 550 φανερᾶς,
405 516 453 542 καὶ
475 516 536 542 εἰπὲ
563 517 605 543 ὅτι
619 516 672 543 κᾶν
691 516 848 551 ἱερωμένων
865 515 927 542 κλε-

123 559 200 586 πτῶν
225 560 256 586 οὐ
279 561 432 596 μέμνηνται
450 562 475 588 οἱ
491 561 607 588 τοιοῦτοι
626 562 680 589 τίτ.
704 561 775 588 ’Δλλ“
792 561 854 588 ἐπεὶ
878 561 924 595 ἀφ’

122 601 160 632 ὦν
176 605 300 641 νομίμων
330 607 472 641 ὲνάγονται
498 609 521 634 oi
546 607 648 639 λαῖκοὶ,
667 607 697 640 ἐξ
718 607 809 634 αὐτῶν
831 607 878 634 καὶ
899 607 925 633 οι

123 651 253 687 κληρικοὶ
269 652 423 686 ὲνάγονται,
444 653 581 688 προνόμια
603 653 632 680 δὲ
654 654 705 680 οὐκ
725 652 805 688 ὲδόθη
819 652 925 684 τούτοις

976 241 1083 276 positus
1098 244 1141 268 est
1156 240 1182 267 in
1198 240 1247 267 lib.
1260 239 1344 267 Basil.
1358 248 1403 272 ιν,
1420 240 1462 267 tit.
1478 239 1522 272 l2,
1539 248 1600 275 cap.
1615 241 1640 272 l,
1654 248 1688 268 ac
1701 241 1776 268 dein-

975 294 1040 321 ceps
1061 294 1169 322 quzeras
1192 293 1255 321 cap.
1271 286 1299 319 2,
1315 286 1343 319 5,
1361 286 1389 320 4,
1405 286 1432 320 5,
1457 295 1518 321 qua:
1535 294 1664 321 expresse
1683 287 1779 314 eadem

975 332 1069 359 dicunt
1095 339 1158 367 quae
1171 331 1198 359 in
1215 336 1290 359 textu
1303 331 1404 367 scripta
1421 336 1495 360 sunt.
1509 332 1562 360 Sed
1575 340 1683 367 quieras
1695 332 1778 360 etiam

976 377 1028 405 alia
1044 377 1166 412 ejusdem
1181 378 1223 405 tit.
1234 385 1296 413 cap.
1308 385 1370 413 qua:
1381 378 1416 405 de
1429 386 1478 405 nec
1493 378 1639 406 manifesto
1652 385 1678 405 et
1690 379 1779 406 manl-

978 421 1048 450 festo
1065 422 1137 450 l‘urto
1153 425 1268 456 docent,
1282 430 1314 450 ac
1329 423 1424 455 dicas.
1440 424 1512 459 quod
1531 425 1640 452 tametsi
1658 424 1685 451 hi
1705 424 1779 452 tituli

979 469 1154 496 sacerdotum
1174 468 1267 496 furum
1283 477 1336 496 non
1353 470 1530 497 meminerim
1546 490 1554 502 ,
1574 476 1696 498 attamen
1714 472 1779 506 quia

977 522 1010 542 ex
1024 515 1126 550 quibus
1140 515 1244 550 legibus
1259 516 1470 550 conveniantur,
1484 523 1573 552 neque
1586 524 1651 544 vero
1666 517 1777 551 privrle-

976 559 1051 593 gium
1070 559 1112 586 his
1124 559 1217 586 datum
1234 559 1287 593 sit,
1301 568 1334 587 ne
1351 561 1384 588 de
1399 560 1472 588 [ιη-ιο
1486 563 1635 589 convenire
1645 564 1751 597 possint
1767 572 1775 590 :

977 605 1134 632 necessario
1149 606 1289 633 communi
1305 605 1340 633 de
1356 606 1438 635 furtis
1450 607 1514 642 jure
1528 612 1556 635 et
1569 608 1621 642 ipsi
1637 609 1776 636 constrin-

977 656 1086 687 gentur.

123 698 178 725 ἀπὺ
193 698 295 733 κλοπῆς
314 698 352 734 μὴ
367 699 512 733 ὲνὰγεσθαι
530 699 560 733 ἐξ
581 699 705 735 ἀνάγκης
720 699 760 734 τῷ
775 698 858 734 κοινῷ
890 697 999 734 νομίμῳ
1029 697 1069 734 τῷ
1087 698 1152 735 περὶ
1165 698 1214 733 τῆς
1229 699 1335 734 κλοπῆς
1357 700 1405 727 καὶ
1422 700 1501 727 αὐτοὶ
1516 701 1778 738 συσφιγχθησονται.

159 744 311 779 Κείμενον.
335 744 365 770 ’0
375 744 402 770 δὲ
414 744 469 771 ἀπὸ
484 745 650 781 ἐμπρησμοῦ
666 745 682 780 ἢ
699 744 832 778 ναυαγίου
845 743 917 779 λαμ-

1013 743 1122 772 Textus.
1132 744 1184 778 Qui
1197 753 1229 772 ex
1247 746 1374 774 incendio
1389 751 1437 773 aut
1457 747 1612 783 naufragio,
1621 754 1686 783 etc.,
1697 758 1778 785 usque

127 791 218 818 ϐάνων
241 790 391 824 ἐξωθεν,κ.
418 800 443 817 τ.
470 791 508 824 λ.,
529 800 615 827 usque
637 792 670 819 ad
693 791 730 823 ὡς
759 791 861 826 βιϐλίον
888 789 922 826 γ’,

982 790 1010 817 td
1025 790 1066 818 tit.
1081 790 1109 823 2,
1125 791 1222 826 digest.
1236 791 1283 824 26,
1300 796 1328 818 ut
1339 799 1399 828 pag.
1418 792 1482 820 775.

125 836 178 863 τίτ.
193 835 226 871 β’,
241 835 310 862 διὰτ.
327 835 361 868 α’,
373 834 394 862 δ’
409 836 456 863 καὶ
470 835 507 869 ς’,

164 883 307 917 Σχόλιον.
328 883 360 909 'H
383 881 418 919 ιη’
435 882 505 910 διάτ.
527 882 574 909 τοῦ
592 882 614 918 β’
637 883 691 911 τίτ.
708 884 755 912 τοῦ
778 885 806 918 ς’
821 885 923 921 βιϐλίου

123 927 171 955 τοῦ
194 928 310 959 minimo;
335 928 393 955 ἔστι
419 928 490 964 θέμα
516 927 552 954 λε’
570 929 618 955 τοῦ
638 928 665 962 ς’
681 930 734 957 τίτ.
753 932 800 958 τοῦ
826 931 847 964 ξ’
868 930 922 966 βιϐ-

122 974 179 1001 τῶν
196 974 351 1002 Βασιλικῶν
367 974 439 1001 οὕτω
449 975 539 1009 λέγον.
556 975 619 1002 Ἐάν
629 984 671 1008 τις
686 977 739 1004 ἀπὸ
753 977 921 1013 ἐμπρησμοῦ

125 1019 292 1055 ἥναυαγίου
310 1021 444 1057 ἀφέληταί
460 1030 498 1055 τι,
522 1022 539 1056 ἢ
567 1021 672 1059 μειώσῃ
695 1024 771 1055 ὲντὺς
794 1024 919 1050 ἐνιαυτοῦ

123 1067 279 1103 ὡρισμένου
293 1069 334 1100 είς
344 1068 374 1095 τὸ
385 1068 556 1104 τετραπλοῦν
569 1070 729 1105 καρέχεται.
744 1071 824 1098 Μετὰ
836 1071 864 1098 δὲ
877 1071 924 1098 τὸν

124 1114 248 1140 ἐνιαυτὸν
261 1115 301 1146 είς
317 1115 348 1141 τὸ
365 1114 467 1141 ἁπλοῦν
482 1115 551 1151 πρὸς
564 1117 596 1151 τῇ
611 1115 661 1151 ἤδη
674 1116 819 1153 ὡρισμένῃ
832 1119 922 1153 ποινῇ.

123 1160 160 1186 Th
174 1160 202 1186 δὲ
217 1159 337 1187 δίδοσθαι
347 1160 394 1187 καὶ
410 1160 449 1196 τῷ
464 1161 553 1197 φίσκῳ
565 1162 648 1197 ἤγουν
656 1162 694 1198 τῷ
703 1162 828 1199 δημοσίῳ
836 1164 867 1190 τὸ
881 1172 925 1190 τε·

123 1205 262 1241 τραπλοῦν
278 1205 371 1238 καθὼς
385 1207 414 1232 ὲν
436 1206 476 1242 τῷ
491 1207 587 1233 κώδικι
612 1208 777 1243 περιείχετο,
793 1209 823 1236 οὑ
839 1218 925 1244 προσ-

126 1250 205 1286 ετέθη
218 1250 248 1276 ὲν
265 1250 305 1286 τῷ
321 1250 469 1287 Βασιλικῷ,
484 1252 602 1285 Λέγουσι
617 1253 682 1288 γοῦν
698 1245 770 1285 τινες
786 1254 831 1281 διὰ
846 1255 925 1282 τοῦτο

125 1297 164 1332 μὴ
180 1296 357 1324 ἀπαιτεῖσθαι
375 1305 451 1334 παρκ
471 1298 519 1325 τοῦ
538 1299 668 1334 δημοσίου
692 1300 723 1327 τὸ
739 1300 921 1336 τετραπλοῦν.

130 1342 208 1377 Ἐμοὶ
227 1343 255 1368 δὲ
284 1343 358 1369 δοκεῖ
373 1343 414 1370 ὅτι
441 1344 495 1371 ἀπὸ
522 1345 570 1371 τοῦ
596 1346 686 1373 είπείν
709 1346 755 1373 τὸν
779 1347 925 1375 nam)..be

123 1388 217 1424 ἔνοχον
227 1387 300 1416 εἶναι
314 1390 361 1417 τὸν
376 1390 463 1423 οὕτως
473 1392 655 1428 ἡμαρτηκότα
667 1393 716 1419 σὺν
729 1393 768 1428 τῷ
780 1394 925 1430 τετραπλῴ

124 1436 174 1462 καὶ
205 1437 238 1472 τῇ
256 1437 400 1474 ὡρισμένῃ
421 1439 500 1473 ποινῇ
513 1459 520 1471 ,
538 1438 705 1473 παρίσταται
725 1439 855 1467 δύνασθαι
877 1442 925 1468 καὶ

1013 881 1162 910 Stholium.
1199 882 1374 911 Constit.18
1405 883 1445 911 tit.
1480 884 1497 911 2
1524 884 1572 911 lib.
1595 892 1622 911 v1
1655 885 1717 913 cod.
1737 891 1780 914 est

977 935 1038 963 cap.
1053 928 1097 960 55,
1111 928 1152 954 tit.
1165 926 1192 960 6,
1206 928 1254 956 lib.
1268 936 1301 955 ιχ
1320 927 1416 960 Basil.,
1429 931 1500 964 quod
1515 930 1554 956 sic
1564 930 1628 957 dicit
1645 940 1652 958 :
1671 931 1699 958 si
1715 932 1779 966 quis

977 982 1010 1002 ex
1033 975 1160 1002 incendio
1177 975 1219 1002 vel
1242 975 1387 1010 naufragio
1407 976 1547 1010 quidpiam
1571 977 1715 1005 abstulerit
1733 983 1780 1005 aut

978 1021 1150 1049 imminuerit
1165 1042 1173 1055 ,
1196 1022 1266 1048 intra
1281 1021 1424 1048 deﬁnitum
1440 1029 1543 1049 annum
1558 1027 1657 1057 prater
1669 1031 1779 1058 pcenam

979 1068 1042 1094 olim
1060 1073 1202 1101 statutam,
1215 1067 1244 1094 in
1265 1068 1461 1102 quadruplum,
1476 1073 1539 1103 post
1552 1077 1654 1096 annum
1672 1071 1698 1097 in
1712 1071 1781 1098 sim-

979 1113 1054 1148 plum
1082 1118 1201 1140 leuetur.
1223 1113 1260 1141 Ut
1282 1118 1372 1140 autem
1399 1114 1465 1141 tiseo
1488 1115 1570 1141 etiam
1594 1115 1779 1152 quadruplum

979 1160 1069 1191 detur,
1083 1160 1222 1194 quomodo
1245 1159 1296 1195 [id]
1320 1160 1346 1186 iu
1368 1160 1430 1187 cod.
1447 1161 1708 1196 comprehendatur,
1725 1153 1793 1191 non.

979 1207 1099 1240 positum
1116 1210 1159 1234 est
1177 1206 1203 1232 in
1221 1205 1305 1233 Basil.
1323 1206 1422 1234 Dicunt
1438 1214 1504 1242 ergo
1521 1208 1644 1235 nonnulli
1679 1209 1781 1236 idcirco

979 1252 1076 1279 tiscum
1093 1253 1278 1288 quadruplum
1302 1259 1356 1280 non
1378 1253 1500 1287 exigere.
1515 1253 1628 1288 Verum,
1640 1256 1781 1290 qunmodo

980 1298 1047 1326 mibi
1074 1299 1194 1331 videtur,
1211 1299 1274 1326 inde
1298 1298 1373 1334 quod
1397 1298 1479 1326 Basil.
1497 1299 1564 1327 dicit
1585 1308 1649 1328 eum
1671 1301 1717 1335 qui
1743 1301 1780 1328 ita

979 1344 1115 1380 peccarit,
1131 1353 1194 1371 eum
1216 1345 1372 1380 quadruplo
1393 1345 1475 1372 etiam
1497 1350 1608 1373 statutae
1626 1355 1714 1379 poma:
1729 1349 1780 1374 oh-

980 1392 1092 1418 noxium
1104 1398 1165 1418 esse
1177 1399 1183 1418 :
1197 1391 1374 1418 constituitur
1396 1391 1478 1417 etiam
1491 1392 1585 1418 iiscum
1597 1393 1780 1428 quadruplum

979 1437 1088 1472 exigere
1112 1444 1203 1472 posse.
1221 1436 1267 1464 Ait
1294 1445 1360 1465 vero
1384 1441 1411 1464 et
1435 1437 1467 1464 51
1493 1445 1554 1473 cap.
1573 1438 1615 1466 tit.
1633 1439 1665 1471 5,
1683 1439 1729 1467 lib.
1749 1448 1780 1472 ι,

123 1482 170 1508 τὸν
187 1481 318 1518 δημόσιον
342 1485 470 1511 ἀπαιτεῖν
487 1485 517 1511 τὸ
538 1485 721 1521 τετραπλοῦν.
739 1486 809 1522 Φησὶ
830 1487 858 1514 δὲ
879 1488 924 1514 καὶ

982 1483 1037 1511 hzec
1051 1492 1058 1510 :
1071 1483 1123 1516 Qui
1138 1484 1219 1518 rapit,
1233 1489 1280 1510 aut
1291 1483 1355 1510 dolo
1370 1484 1476 1510 lucrum
1491 1484 1605 1519 percipit
1620 1493 1653 1512 ex
1669 1485 1782 1514 naufra-

124 1528 154 1555 τὸ
164 1527 205 1556 λα’
221 1537 283 1563 κεφ.
299 1529 346 1556 τοῦ
362 1529 386 1564 γ’
404 1530 456 1558 τίτ.
471 1530 518 1557 τοῦ
530 1530 569 1566 νγ¹
588 1531 693 1566 βιϐλίου
706 1532 803 1560 ταῦτα·
826 1533 856 1560 '0
873 1534 924 1569 ἁρυ

124 1575 222 1607 πάξων
253 1576 269 1612 ἢ
293 1577 365 1604 κατὰ
390 1577 465 1604 δόλον
485 1578 636 1613 κερδαίνων
659 1580 692 1605 ἐκ
717 1579 859 1614 ναυαγίου,
884 1581 924 1613 είς

124 1621 187 1648 ὅσον
210 1621 353 1650 ὑπόκειται
381 1623 420 1659 τῷ
447 1623 627 1658 ζημιωθέντι,
653 1624 782 1652 τοσοῦτον
809 1625 856 1652 καὶ
885 1626 925 1662 τῷ

124 1667 248 1703 δημοσίῳ
265 1667 383 1696 δίδωσιν.
407 1669 436 1696 '0
452 1669 480 1695 δὲ
504 1669 527 1696 θ’
543 1669 595 1697 τίτ.
613 1670 660 1697 τοῦ
678 1669 722 1706 μζ¹
745 1671 850 1706 βιϐλίου
871 1672 925 1699 τῶν

124 1713 196 1740 διατ.
217 1714 297 1749 ἐτέθη
313 1715 351 1747 εἰς
366 1715 419 1743 τίτ.
440 1714 464 1742 κ’
478 1718 523 1742 τοῦ
540 1716 561 1749 ξ’
573 1716 675 1752 βιϐλίου
700 1718 754 1744 τῶν
773 1717 926 1746 Βασιλικὼν

124 1759 346 1796 διαλαμϐάνοντα
363 1763 428 1797 περὶ
443 1762 497 1788 τῶν
513 1763 724 1799 ἀφαιρουμένων
739 1764 793 1791 ἀπὸ
812 1765 921 1800 ἐμπρη-

131 1806 202 1841 σμοῦ
228 1808 275 1833 καὶ
307 1808 520 1841 καταπτώσεως.
547 1810 628 1844 Λέγει
649 1809 678 1836 δὲ
707 1810 736 1836 τὸ
767 1811 842 1843 τέλος
874 1811 921 1838 τοῦ

126 1852 152 1879 α’
178 1862 242 1888 κεφ,
253 1854 301 1880 τοῦ
317 1854 401 1881 αὑτοῦ
410 1855 461 1882 τίτ.
474 1855 604 1890 ἁρμόζειν
618 1856 748 1883 ἐπέκεινα
756 1858 805 1892 τῆς
816 1865 926 1892 χρημα-

125 1900 206 1934 τικῆς
235 1903 342 1935 ποινῆς,
370 1902 417 1928 καὶ
441 1902 649 1937 ἐγκληματικὴν
669 1902 855 1934 ἐπεξέλευσιν.
874 1903 926 1930 Καὶ

126 1945 186 1972 ἔστι
197 1945 277 1972 τοῦτο
301 1946 385 1973 ιδικὺν
407 1947 447 1979 είς
461 1947 525 1978 τοὺς
547 1947 723 1982 ἁρπάζοντας
746 1948 800 1974 ἀπὸ
814 1948 926 1984 ἐμπρη-

130 1991 213 2027 σμοῦ,
229 1993 277 2019 καὶ
292 1993 496 2024 καταπτώσεως
513 1994 560 2020 καὶ
572 1994 713 2028 ναυαγίου.
732 1994 926 2030 Τιμωροῦνται

126 2038 182 2073 γὰρ
199 2038 247 2065 καὶ
277 2040 458 2074 χρηματικῶς
481 2041 526 2067 καὶ
552 2039 766 2075 ὲγκληματικῶς
787 2041 856 2076 ὅπερ
880 2041 927 2067 ἐπὶ

126 2085 181 2111 τῶν
197 2084 286 2112 ἄλλων
315 2085 524 2120 ἁμαρτημάτων
555 2086 605 2112 οὐκ
627 2087 696 2113 ἐστι.
729 2085 785 2112 Καὶ
816 2086 882 2121 φησὶ
897 2085 928 2112 τὸ

127 2130 165 2163 νς¹
177 2131 247 2158 διάτ.
262 2131 308 2158 τοῦ
327 2132 350 2157 0'
373 2132 426 2159 τίτ.
442 2131 490 2158 τοῦ
507 2132 551 2168 μζ¹
566 2131 670 2168 βιϐλίου
691 2132 745 2159 τῶν
760 2132 830 2159 διατ.
843 2133 857 2159 ὅ
869 2133 927 2158 ἐστι

978 1529 1040 1564 gio,
1057 1529 1082 1555 in
1100 1535 1234 1563 quantutn
1251 1533 1360 1556 tenetur
1377 1529 1401 1556 ei
1417 1529 1463 1564 qui
1477 1529 1578 1556 damno
1593 1530 1708 1559 aﬂ’ecms
1723 1537 1780 1563 est.

981 1575 1151 1602 tantumdem
1168 1575 1251 1601 etiam
1269 1574 1336 1602 lisco
1354 1575 1411 1602 dat.
1425 1574 1511 1602 Porro
1529 1576 1570 1602 tit.
1586 1577 1613 1609 9,
1629 1577 1676 1604 lib.
1708 1586 1782 1605 xuii

982 1620 1004 1647 D
1016 1629 1042 1656 ε.
1061 1621 1168 1656 positus
1183 1625 1224 1648 est
1245 1622 1272 1647 iu
1295 1621 1336 1648 lit.
1350 1621 1400 1655 20,
1415 1621 1462 1648 lib.
1478 1629 1512 1649 ιχ
1536 1622 1619 1649 Basil.
1634 1622 1685 1655 Qui
1705 1630 1783 1650 com-

980 1667 1109 1702 plectitur
1122 1671 1267 1694 tractatum
1284 1675 1379 1694 eorum
1394 1675 1456 1702 qua:
1470 1675 1501 1694 ex
1518 1667 1646 1695 incendio
1659 1673 1685 1696 et
1702 1669 1782 1696 ruina

979 1715 1182 1749 subripiuntur.
1199 1714 1270 1741 Dicit
1285 1718 1375 1741 autem
1392 1714 1452 1742 linis
1475 1722 1535 1749 cap.
1556 1716 1564 1741 l
1589 1715 1711 1750 ejusdem
1733 1716 1776 1742 tit.

980 1765 1135 1796 competere
1155 1767 1238 1794 supra
1261 1760 1446 1794 peetlniariam
1467 1767 1576 1795 paena")
1597 1761 1679 1787 etiam
1697 1762 1783 1788 actio-

981 1815 1042 1834 nem
1058 1806 1241 1834 criminalem.
1255 1806 1345 1841 Atque
1357 1806 1461 1833 esthoc
1474 1806 1591 1840 spccinlc
1607 1807 1632 1832 in
1645 1807 1679 1834 iis
1691 1807 1737 1842 qui
1748 1816 1782 1834 ea

981 1853 1119 1884 incendio,
1132 1852 1221 1883 ruina.
1233 1852 1378 1888 naufragio
1391 1851 1482 1889 [quid]
1498 1853 1619 1888 rapiunt.
1630 1852 1783 1880 Puniuntur

981 1900 1053 1926 enim
1077 1903 1134 1925 tum
1166 1898 1339 1933 peeuniarie,
1356 1903 1413 1926 tum
1433 1899 1613 1926 criminalitvr
1631 1908 1639 1926 :
1663 1901 1735 1934 quod
1756 1900 1782 1927 in

982 1945 1043 1973 aliis
1059 1946 1168 1973 delictis
1185 1954 1238 1973 non
1254 1947 1294 1979 lit,
1310 1947 1541 1981 quemadmodum
1559 1948 1626 1974 dicit
1642 1948 1739 1982 digest.
1754 1950 1781 1981 7,

984 1991 1023 2017 Iit.
1035 1991 1061 2021 9.
1073 1991 1119 2018 lib.
1132 1999 1203 2018 xum
1227 1992 1282 2026 dig.
1302 1992 1374 2025 quod
1387 1993 1475 2026 ipsum
1485 1997 1525 2019 est
1535 1993 1625 2019 thema
1637 1993 1783 2028 2,cap.57,

983 2037 1024 2064 tit.
1041 2037 1089 2069 l2,
1107 2037 1154 2064 lib.
1170 2045 1202 2064 ιχ
1217 2037 1299 2064 Basil.
1314 2038 1386 2072 quod
1409 2037 1505 2070 habet,
1522 2043 1550 2065 ut
1571 2038 1599 2065 in
1620 2040 1783 2074 compendio

985 2085 1155 2118 propositum
1169 2089 1222 2111 est.
1239 2083 1332 2118 Neque
1344 2083 1416 2110 enim
1433 2084 1550 2119 iujnrius
1565 2090 1612 2112 aut
1624 2085 1678 2118 l'nr,
1693 2086 1715 2113 si
1729 2086 1784 2113 eri-

983 2131 1076 2157 minali
1095 2132 1204 2158 actione
1223 2130 1363 2166 impetitus
1381 2130 1493 2165 punitus
1510 2130 1556 2163 sit,
1571 2138 1680 2166 pinnam
1700 2139 1783 2166 pecu-

127 2178 200 2214 θέμα
213 2179 235 2214 β’
250 2179 298 2206 τοῦ
311 2179 349 2212 νζ¹
362 2189 425 2215 κεφ.
442 2180 489 2207 τοῦ
513 2179 548 2216 ιβ’
568 2181 623 2207 τίτ.
645 2180 692 2207 τοῦ
708 2179 728 2213 ξ’
749 2180 852 2216 βιϐλίου
871 2180 924 2206 τῶν

982 2178 1095 2205 niariam
1110 2178 1167 2205 dat.
1181 2177 1253 2205 Sane
1266 2178 1321 2213 dig.
1334 2177 1379 2209 95,
1389 2177 1432 2204 tit.
1446 2178 1474 2210 2,
1490 2177 1537 2204 lib.
1551 2185 1623 2204 XLVII
1649 2177 1706 2212 dig.
1727 2185 1782 2204 non

127 2225 282 2253 Βασιλικῶν
306 2225 394 2258 οὕτως
415 2226 477 2263 ἔχον
497 2227 536 2258 ὡς
560 2226 729 2262 συνωψίσθη.
757 2227 820 2253 Ἐὰν
837 2226 892 2261 γὰρ
914 2228 929 2253 ὁ

128 2271 272 2309 ὑϐριστὴς,
289 2272 305 2308 ἢ
325 2273 340 2298 6
362 2273 483 2306 κλέπτης
501 2273 715 2309 ὲγκληματικῶς
729 2272 873 2304 ὲλκυσθεὶς
888 2281 929 2300 τι-

129 2318 257 2354 μωρηθῇ,
275 2319 371 2355 ποινὴν
390 2320 420 2346 οὺ
438 2320 530 2347 δίδωσι
553 2321 741 2356 χρηματικήν.
766 2320 804 2346 Τὸ
828 2320 920 2355 μέντοι

128 2364 172 2400 [ιγ’
183 2365 252 2392 διάτ.
269 2366 315 2392 τοῦ
329 2365 351 2401 β’
367 2366 476 2394 τίτ.τοῦ
490 2366 533 2402 μζ
545 2367 650 2402 βιϐλίου
664 2367 718 2393 τῶν
727 2366 932 2398 διατάξεωνοῦκ

127 2410 210 2446 ἐτέθη
226 2411 267 2444 εἰς
279 2413 312 2438 τὰ
329 2412 472 2439 Βασιλικά.
485 2413 644 2447 Σημείωσαι
657 2413 685 2439 δὲ
700 2413 741 2440 ὄτι
753 2413 818 2439 ὅταν
829 2412 929 2448 ἐγκλη-

129 2455 255 2490 ματικιῖκς
274 2456 374 2492 κινηθῇ
388 2458 403 2491 ἡ
419 2456 472 2483 ἀπὸ
488 2457 688 2492 ἁμαρτήματος
701 2458 798 2492 ἀγωγὴ
813 2457 929 2483 δίδονται

129 2502 178 2528 καὶ
202 2503 350 2538 ἐγγραφαί.
374 2503 404 2530 ’0
430 2502 452 2538 β’
468 2503 521 2530 τίτ.
539 2503 586 2530 τοῦ
599 2503 623 2538 γ’
649 2503 755 2539 βιϐλίου
783 2503 837 2530 τῶν
855 2503 926 2531 διατ.

128 2548 189 2574 ἐστι
207 2548 309 2584 βιϐλίον
328 2549 383 2576 τῶν
399 2549 553 2576 Βασιλικῶν
575 2550 622 2577 καὶ
636 2551 689 2576 τίτ.
707 2549 729 2585 β’
743 2550 878 2576 διδάσκων
895 2551 928 2576 ἐκ

129 2596 216 2621 ποίων
227 2596 336 2631 τρόπων
348 2596 481 2631 ἐπάγεται
490 2598 596 2631 ἀτιμία.
608 2597 662 2623 Καὶ
673 2596 811 2629 ἀνάγνωθι
820 2595 849 2622 θέ
854 2604 892 2630 μα
904 2594 927 2630 γ’

979 2231 1022 2254 est
1043 2226 1162 2260 positum
1188 2225 1214 2252 in
1239 2224 1324 2251 Basil.
1348 2223 1419 2251 Nota
1445 2229 1554 2257 tamen,
1573 2223 1647 2258 quod
1670 2224 1782 2258 quando

980 2272 1159 2300 erimiualiter
1175 2271 1208 2298 de
1222 2272 1321 2298 delicto
1337 2271 1410 2298 actio
1425 2275 1499 2297 mota
1516 2270 1597 2297 fuerit
1610 2291 1617 2300 .
1630 2270 1656 2297 in
1675 2270 1778 2298 crimen

981 2318 1197 2353 subscriptiones
1219 2317 1328 2344 dentur.
1355 2315 1410 2344 Tit.
1429 2317 1447 2343 2
1466 2316 1570 2349 lih.,m
1588 2315 1644 2350 dig.
1666 2320 1710 2343 est
1731 2315 1780 2343 lib.

982 2364 1065 2392 Basil.
1082 2372 1145 2396 ut,
1160 2363 1202 2391 tit.
1231 2363 1264 2396 2,
1278 2363 1323 2398 qui
1344 2363 1423 2391 docet
1440 2363 1540 2397 quibus
1561 2362 1648 2389 modis
1668 2361 1781 2389 infamia

984 2411 1131 2446 irrogctur,
1143 2417 1175 2437 ac
1189 2410 1247 2444 lege
1264 2410 1354 2436 thema
1365 2409 1393 2441 5,
1405 2416 1466 2443 cap.
1481 2408 1508 2440 -l,
1521 2409 1593 2443 quod
1607 2408 1674 2435 dicit
1689 2417 1696 2436 :
1713 2408 1785 2435 Infa—

984 2458 1036 2485 mis
1049 2462 1100 2488 est,
1110 2457 1157 2492 qui
1168 2464 1218 2483 suo
1230 2456 1339 2482 nomine
1354 2455 1465 2487 furtivi
1479 2455 1615 2482 bonorum
1629 2459 1782 2489 raptorumI

985 2503 1160 2537 injuriarum,
1175 2501 1209 2529 de
1225 2502 1289 2529 dolo
1307 2500 1403 2537 [malo]
1421 2501 1579 2532 damnatus.
1594 2504 1643 2527 aut
1660 2501 1781 2527 nondum

981 2549 1029 2577 lite
1051 2553 1202 2577 contestata
1223 2555 1307 2584 super
1328 2547 1373 2575 bis
1394 2547 1549 2575 actionibus
1567 2547 1639 2574 datis
1658 2547 1783 2582 pecuniis

982 2599 1079 2631 pactus
1095 2594 1185 2621 luerit.

130 2641 180 2669 τοῦ
204 2642 229 2669 α’
245 2651 308 2678 κεφ.
324 2643 404 2677 λέγον
420 2651 427 2658 θ
449 2643 563 2679 ’Δτιμός
579 2644 636 2669 ἐστι
661 2644 709 2670 καὶ
725 2644 739 2669 ὁ
759 2643 816 2679 ἰδίῳ
833 2644 946 2678 ὀνόματι
964 2641 1147 2680 κατακριθεὶς
1163 2643 1195 2677 τῇ
1206 2641 1272 2677 περὶ
1293 2641 1397 2676 κλοπῆς
1416 2640 1524 2675 ἀγωγῇ,
1540 2638 1556 2674 ἢ
1572 2639 1605 2674 τῇ
1619 2637 1683 2673 περὶ⁸
1694 2637 1786 2673 ἁρπα-

129 2690 185 2725 γῆς
199 2691 382 2726 πραγμάτων,
398 2691 447 2718 καὶσ
458 2692 492 2727 τῇ
511 2691 574 2726 περὶ
590 2690 696 2726 ὕϐρεως
713 2692 821 2727 ἀγωγῇ,
837 2692 884 2717 καὶ
896 2692 928 2726 τῇ
950 2691 1016 2725 περὶ
1026 2690 1102 2716 δόλου
1116 2689 1133 2725 ἦ
1151 2685 1338 2725 συμφωνήσας
1371 2687 1440 2723 ὑπὲρ
1475 2686 1529 2714 τῶν
1551 2684 1680 2712 τοιούτων
1705 2685 1784 2718 ἀγω-

129 2736 201 2772 γῶν,
220 2738 267 2764 καὶ
282 2738 413 2773 χρήματα
436 2738 499 2769 δοὺς
517 2738 601 2773 μήπω
619 2737 834 2774 προκατάρξεως
849 2737 1012 2773 γενομένης.

170 2783 326 2817 Κειμενον.
353 2784 420 2818 Περὶ
442 2783 632 2819 τυμϐωρύχων
649 2783 764 2818 γενικῶς
779 2783 928 2819 διαλαμϐά-

131 2837 174 2856 νει
191 2831 209 2856 δ
223 2828 256 2864 ιβ’
278 2830 331 2856 τίτ.
350 2829 396 2856 τοῦ
415 2829 458 2864 pr
484 2829 600 2865 βιϐλίου,
625 2838 652 2856 κ.
677 2837 702 2856 τ.
723 2829 760 2861 λ.,
786 2837 872 2865 usque
896 2829 930 2856 ad

130 2874 180 2901 τοῦ
194 2875 310 2907 κώδικος
321 2876 373 2902 τίτ.
389 2876 409 2902 δ’
422 2876 493 2903 διάτ.
510 2884 527 2910 γ
537 2895 544 2908 ,
560 2873 612 2908 ἔτ’.

1018 2783 1127 2811 Τιναιιιδ.
1139 2782 1176 2809 De
1184 2781 1373 2817 sepulcrorum
1384 2777 1573 2810 violatoribus,
1582 2780 1647 2808 etc.,
1657 2783 1738 2811 tuth
1746 2777 1782 2803 ad

984 2834 1073 2858 const.
1087 2830 1104 2856 ὅ
1119 2827 1273 2865 [traditur].
1289 2831 1317 2854 ut
1337 2834 1400 2861 pag.
1420 2824 1481 2852 778.
