1956 3049
175 147 252 181 ’1123

177 251 226 279 lib.
254 250 400 286 LxlBasil.
425 252 472 287 qui
496 251 530 279 de
553 251 702 278 violatione
725 253 979 280 monumentorum,

179 298 238 325 sive
262 305 411 332 corporum
434 297 583 332 sepulturae
604 297 766 324 traditarum
792 295 882 322 docet.
911 294 981 323 Dicit

186 348 280 371 autem
296 344 418 379 ejusdem
435 345 477 371 tit.
496 351 556 379 cap.
576 343 611 370 8:
631 341 756 378 Sepulcri
768 341 860 369 violati
875 341 980 368 crimen

181 390 214 418 ad
232 390 318 426 legem
335 389 459 426 [Juliam]
473 389 506 417 de
523 391 547 416 vi
568 389 676 424 publica
696 388 828 416 refertur.
842 387 981 422 Competit

180 444 247 464 vero
259 437 341 464 etiam
359 436 457 472 [actio]
477 436 648 471 pecuniaria.
666 435 766 462 Verum
785 442 872 469 poenae
893 441 981 469 quan-

178 484 242 512 titas
256 485 284 511 in
296 483 380 511 Basil.
395 492 449 511 non
465 489 508 511 est
523 488 725 518 transsutnpta.
741 482 807 517 Cap.
823 481 938 518 [autem]
954 481 979 515 l,

178 528 269 556 dicit:
289 527 415 563 Sepulcri
441 528 533 554 violati
557 527 662 555 crimen
691 526 834 553 infamiam
863 526 978 560 irrogat.

177 574 281 602 Thema
307 574 322 600 7
362 581 424 608 cap.
450 574 477 606 4.
500 573 560 600 ait:
585 572 637 606 Qui
664 572 789 606 sepulcra
815 571 928 603 violant,
954 576 980 598 et

178 619 314 648 cadavera
341 620 472 656 spoliant,
496 620 519 647 si
547 619 646 646 armati
675 617 715 654 [id
739 617 866 653 faciant],
891 617 980 652 capite

178 666 356 702 plectuntur:
375 667 397 693 si
419 666 479 693 sine
500 666 596 697 armis,
619 671 707 700 usque
726 665 760 691 ad
785 663 885 691 metalli
909 662 979 698 [pte-

179 721 242 740 nam
264 711 445 748 proceditur].
470 712 536 746 Cap.
551 711 584 738 10
608 710 678 751 dicit
694 720 700 737 :
716 710 769 743 Qui
787 709 916 745 reliquias
938 709 979 736 vel

180 766 245 787 ossa
262 759 406 791 moverint,
421 763 448 786 et
465 766 526 794 quae
544 757 674 793 deinceps
699 757 726 784 in
752 761 826 784 textu
850 763 978 791 compre-

183 805 348 833 henduntur.
367 803 421 831 Tit.
447 804 463 831 7
481 803 528 830 lib.
559 811 586 830 xi
612 803 666 838 dig.
687 807 728 830 est
757 803 827 829 tit.l
853 802 900 829 lib.
917 810 978 829 λιιι

181 851 266 879 Basil.
283 850 330 885 qui
353 850 387 877 de
403 848 591 876 monumentis
614 853 642 875 ct
669 848 826 883 sumptibus
848 847 976 875 funerum

179 896 270 925 docet.
286 878 388 922 'l‘hema
406 893 494 930 [vero]
518 894 535 921 4
549 901 609 929 cap.
626 894 642 921 5
656 895 698 921 tit.
723 878 759 920 2'5
782 894 830 920 lib.
861 901 906 926 Lx,
919 893 976 920 ait:
993 878 1016 908 Β

180 942 315 977 Reliquiae
333 946 505 968 mortuorum
531 947 585 967 non
606 944 671 967 sunt
694 939 895 967 contrectandae
930 943 978 967 aut

181 988 333 1016 vexandze:
359 988 406 1016 sed
429 996 490 1023 quae
508 988 670 1022 aliquandiu
692 988 840 1015 reconditae
864 987 976 1021 fuerint,

182 1041 231 1063 eas
246 1034 396 1062 transferri
413 1034 486 1061 licet.
508 1034 574 1068 Cap.
594 1034 610 1060 7
628 1033 752 1068 ejusdem
778 1034 819 1061 tit.
838 1034 897 1061 ait:
921 1033 979 1061 Mo-

181 1086 344 1108 numentum
362 1081 483 1108 deterius
498 1080 653 1107 faciendum
670 1087 724 1106 non
742 1085 804 1108 est:
820 1080 866 1108 sed
886 1084 977 1107 tamen

180 1127 306 1161 reliquiis
322 1134 375 1154 nan
393 1126 528 1154 contactis
545 1126 611 1153 illud
633 1126 746 1154 reﬁcere
772 1126 845 1154 licet.
871 1125 940 1161 Cap.
961 1126 977 1153 7

182 1173 225 1201 tit.
245 1174 258 1200 1
290 1173 337 1200 lib.
353 1181 379 1200 tx
397 1172 480 1200 Basil.
499 1173 526 1199 in
549 1172 602 1199 fine
618 1179 625 1199 :
643 1172 719 1205 Quod
735 1172 757 1200 si
784 1172 834 1199 loci
849 1172 978 1199 dominus

183 1219 296 1256 (inquit)
315 1220 382 1247 citra
396 1219 505 1255 jussum
519 1219 670 1247 sacerdotis
685 1219 728 1246 vel
741 1219 873 1254 principis
886 1218 979 1253 ejiciat

181 1267 217 1294 ab
233 1267 289 1294 alio
312 1266 462 1301 sepultum,
481 1270 528 1292 aut
549 1265 689 1292 recondita
711 1273 786 1298 ossa,
804 1265 914 1292 actione
934 1265 978 1291 in-

179 1313 318 1347 juriarum
350 1312 522 1340 convenitur.
550 1311 583 1338 Et
608 1319 669 1346 cap.
695 1311 729 1338 90
754 1311 796 1338 tit.
819 1311 836 1338 5
856 1311 978 1346 ejusdem

183 1358 232 1385 lib.
255 1358 322 1384 dicit
342 1367 349 1385 :
372 1356 451 1385 Jusla
472 1358 505 1384 de
525 1365 608 1384 causa
637 1357 829 1391 magistratum
847 1356 934 1389 adire,
953 1360 979 1382 et

182 1411 285 1439 corpus
301 1404 450 1439 sepultura:
467 1404 608 1438 traditum,
631 1404 658 1430 in
678 1403 761 1430 alium
777 1403 866 1430 locum
887 1407 980 1429 trans-

183 1450 268 1482 ferre.
295 1451 403 1479 etiamsi
433 1451 606 1478 commisceri
631 1451 737 1483 debeat,
762 1450 836 1477 licet.
858 1449 892 1476 Et
916 1457 978 1484 cap.

183 1497 218 1524 M
231 1505 237 1523 :
248 1495 343 1529 Nemo,
357 1496 457 1531 inquit,
469 1497 619 1523 humanum
634 1503 734 1530 corpus
749 1496 817 1522 citra
827 1494 979 1530 jussionem

183 1541 390 1576 imperatoriam
419 1542 446 1568 in
474 1541 558 1568 alium
587 1541 678 1567 locum
706 1539 865 1568 transferto.
891 1540 980 1573 Atque

183 1592 264 1614 vetus
279 1585 402 1622 [quidem
419 1585 475 1622 lex]
491 1595 543 1614 non
557 1590 600 1613 est
613 1585 752 1613 contraria
767 1590 857 1613 const.
873 1585 898 1612 l.
918 1584 980 1612 Haec

184 1635 258 1662 enim
273 1634 309 1661 ob
324 1633 426 1670 justam
449 1641 561 1660 causam
585 1633 618 1660 ad
639 1632 780 1660 decretura
803 1633 981 1667 magistratus

184 1680 316 1716 reliquias
331 1679 474 1708 transferri
498 1679 632 1714 permisit.
646 1679 691 1706 llla
711 1686 775 1706 vero
791 1678 874 1713 justas
889 1686 982 1705 causae

185 1733 324 1762 nusquam
341 1725 561 1761 meminit,quod
577 1726 646 1753 citra
662 1725 814 1760 jussionem
833 1725 982 1759 imperato-

185 1773 256 1800 riam
273 1773 334 1800 illas
349 1771 494 1800 transferri
525 1779 579 1799 non
597 1772 687 1799 liceat.
702 1772 757 1799 Tit.
773 1772 805 1799 l5
835 1772 882 1799 lib.
898 1779 981 1798 λινιιι

185 1820 241 1854 dig.
271 1819 378 1854 positus
405 1824 448 1846 est
466 1820 492 1845 in
526 1819 568 1845 lit.
585 1819 620 1845 45
647 1819 693 1846 lib.
711 1826 743 1845 ως
769 1818 850 1845 Basil.
866 1820 945 1852 cujus
964 1818 982 1844 2

187 1873 248 1900 cap.
265 1865 325 1892 ait:
343 1864 410 1901 [Lex
432 1863 516 1900 Julia]
541 1866 683 1900 peculatus
702 1870 828 1892 moretur
849 1865 983 1892 adversus

186 1919 250 1938 eum
281 1911 327 1946 qui
358 1919 390 1938 ex
417 1910 510 1947 [locis]
536 1912 644 1944 sacris,
669 1916 717 1939 aut
747 1911 902 1946 religiosis,
929 1915 982 1938 etc.

187 1956 352 1993 [quidpiam]
370 1957 548 1992 subripucrit.
578 1957 646 1992 Cap.
660 1957 677 1984 4
693 1957 761 1985 dicit
777 1966 783 1984 :
799 1956 883 1993 [Lege
899 1956 983 1992 Julia]

188 2004 330 2038 peculatus
354 2009 462 2030 tenetur
483 2004 530 2038 qui
554 2011 631 2031 sacra
656 2012 689 2030 ex
728 2004 915 2030 monumentis
937 2009 985 2030 aut

189 2051 321 2085 pecunias
334 2050 419 2085 capit,
437 2054 485 2077 aut
497 2049 603 2085 [etiam]
619 2051 693 2085 quod
712 2050 843 2077 donatum
861 2055 903 2077 est
917 2050 982 2077 Deo.

187 2097 283 2125 Const.
296 2097 313 2124 5
337 2097 379 2124 tit.
398 2097 431 2124 49
450 2097 498 2124 lib.
517 2105 543 2124 Ix
558 2099 618 2124 cod.
638 2098 726 2132 posita
757 2102 797 2124 est
824 2097 850 2124 in
868 2097 984 2132 cap.12,

189 2147 231 2173 tit.
247 2144 294 2176 25,
311 2145 358 2171 lib.
379 2152 424 2177 Lx,
439 2148 466 2171 ct
487 2145 545 2179 lege
566 2143 609 2176 il,
625 2144 668 2176 1⁸2,
686 2144 720 2170 15
735 2149 762 2170 et
778 2143 809 2170 14
840 2152 901 2178 cap.
924 2151 986 2178 qua:

188 2192 284 2219 eadem
301 2192 406 2222 dicunt,
420 2199 481 2226 qua:
496 2191 522 2217 in
539 2192 703 2225 compendio
717 2190 867 2225 proposita.
888 2190 982 2217 Const.

769 143 903 176 PHOTII
923 141 1179 175 PATRIARCHIE
1195 141 1251 173 (ΣΡ.

215 204 363 233 Sclwlium.
383 204 438 233 Tit.
463 205 498 233 12
532 204 581 233 lib.
605 211 677 232 nvn
697 202 753 238 dig.
789 207 832 229 est
868 202 913 228 tit.
934 201 980 234 25,
996 204 1018 232 Α

1758 137 1828 172 1124

1069 200 1209 234 Σχόλιον.
1227 199 1257 226 '0
1272 197 1305 234 ιβ’
1315 197 1367 225 τίτ.
1381 196 1429 225 τοῦ
1449 197 1491 234 μετ’
1504 197 1608 233 βιϐλίου
1622 196 1677 225 τῶν
1688 196 1759 225 διατ.
1770 187 1828 224 ἔστι

1032 245 1085 273 τίτ.
1103 244 1146 279 κγ’
1159 244 1206 272 τοῦ
1222 244 1244 277 ζ’
1258 244 1362 279 βιϐλίου
1377 243 1432 270 τῶν
1445 243 1598 271 Βασιλικῶν
1610 243 1676 279 περὶ
1691 243 1828 278 καταφθο-

1034 293 1085 328 ρᾶς
1109 291 1262 327 μνήματος,
1277 291 1337 327 ἢτοι
1353 290 1407 317 τῶν
1430 290 1583 325 ὲνταφείων
1599 289 1735 324 λειψάνων
1755 290 1829 317 διδά-

1033 347 1116 365 σκων.
1133 338 1202 373 Φησὶ
1217 337 1246 364 δὲ
1263 337 1294 363 τὸ
1308 336 1402 371 ὃγδοον
1417 345 1481 371 κεφ.
1499 335 1546 363 τοῦ
1562 335 1645 363 αὐτοῦ
1668 335 1720 363 τίτ.
1735 335 1766 362 τὸ
1783 336 1828 370 ἐγ-

1032 383 1126 418 κλημα
1140 383 1190 417 τῆς
1202 382 1401 418 τυμϐωρυχίας
1418 382 1471 409 ὑπὸ
1483 382 1528 409 τὸν
1543 381 1608 416 περὶ
1623 381 1685 417 βίας
1698 382 1828 418 δημόσιον

1031 430 1201 464 ἀναφέρεται
1216 430 1309 464 νόμον.
1333 428 1463 464 Ἀρμόζει
1478 428 1506 455 δὲ
1523 429 1570 455 καὶ
1583 429 1771 464 χρηματικῶς.
1798 429 1829 455 Ἡ

1031 477 1151 512 ποσότης
1168 476 1197 503 δὲ
1218 476 1268 511 τῆς
1284 476 1380 511 ποινῆς
1394 476 1445 502 οὐκ
1470 475 1605 511 ὲξελήφθη
1632 475 1674 507 είς
1692 475 1726 501 τὰ
1751 475 1830 502 Βασι-

1031 521 1105 549 λικά.
1122 522 1158 548 Τὸ
1173 521 1198 548 α’
1213 530 1277 556 κεφ.
1296 521 1365 556 φησὶ
1384 522 1414 547 τὸ
1427 521 1476 556 τῆς
1491 521 1688 557 τυμϐωρυχίας
1702 521 1830 557 ἔγκλημα

1031 569 1144 604 ἀτιμίαν
1169 569 1306 605 ἐπιφέρει.
1325 568 1361 595 Τὸ
1377 567 1399 601 ζ’
1414 568 1485 603 θέμα
1507 567 1553 595 τοῦ
1570 568 1590 594 δ’
1607 577 1670 603 κεφ.
1688 567 1781 603 φησιν·
1797 567 1829 594 υῑ

1031 615 1288 650 τυμϐωρυχοῦντες,
1310 617 1358 641 καὶ
1373 614 1540 649 γυμνοῦντες
1560 615 1594 642 τὰ
1615 615 1670 641 τῶν
1686 614 1830 641 τελευτών-

1030 669 1084 688 των
1106 661 1232 697 σώματα,
1256 662 1280 688 εί
1303 662 1353 695 μὲν
1381 661 1449 697 μετὰ
1467 661 1557 688 ὃπλων
1572 661 1727 696 κεφαλικῶς
1744 670 1831 697 τιμω-

1031 707 1153 744 ροῦνται,
1183 709 1207 735 εί
1236 708 1265 734 δὲ
1288 707 1375 743 χωρὶς
1401 708 1491 734 ὅπλων
1515 710 1598 743 μέχρι
1624 707 1771 744 μετάλλου.
1795 707 1831 734 Τδ

1031 753 1047 781 ι’
1062 762 1127 789 κεφ.
1137 753 1212 788 λέγει
1227 754 1251 781 οί
1266 754 1464 790 τὰλείψανα,ἢ
1479 754 1513 781 τὰ
1528 753 1594 781 όστὰ
1610 753 1830 789 μετακινοῦντες,

1030 802 1077 828 καὶ
1095 802 1137 835 ἐφ’
1154 800 1218 837 ἑξῆς
1232 801 1282 827 ὅσα
1297 801 1336 836 τῷ
1348 802 1468 837 κειμένῳ
1486 802 1671 837 περιέχονται.
1694 801 1723 828 Ὀ
1738 801 1759 833 ζ’
1774 801 1830 828 τίτ.

1029 849 1078 876 τοῦ
1090 848 1124 876 ια’
1140 849 1244 885 βιϐλίου
1260 849 1314 876 τῶν
1329 849 1400 877 διατ.
1416 850 1475 877 ἐστι
1490 849 1543 877 τίτ.
1559 848 1582 876 α’
1594 849 1642 876 τοῦ
1664 848 1701 876 νθ⁹
1726 849 1831 885 βιϐλίου

1031 896 1087 923 τῶν
1104 896 1256 923 Βασιλικῶν
1270 896 1405 923 διδάσκων
1421 897 1484 931 περὶ
1504 896 1655 932 μνημάτων
1671 897 1719 923 καὶ
1739 896 1831 923 δαπά-

1032 951 1081 977 νης
1094 942 1149 968 τῶν
1166 942 1293 977 κηδειῶν.
1306 942 1343 968 Τὸ
1358 942 1379 969 δ’
1395 942 1466 977 θέμα
1483 942 1531 970 τοῦ
1543 941 1567 977 γ’
1579 951 1643 977 κεφ.
1659 942 1706 969 τοῦ
1722 941 1765 976 κγ’
1779 941 1831 969 τίτ.

1032 989 1079 1016 τοῦ
1097 989 1117 1021 ξ’
1132 989 1235 1024 βιϐλίου
1260 989 1345 1026 φησίν
1355 998 1363 1006 ’
1375 990 1412 1016 Οὐ
1429 990 1471 1016 δεῖ
1493 990 1527 1017 τὰ
1544 990 1659 1024 λείψανα
1673 989 1727 1016 τῶν
1742 988 1834 1016 τελευ-

1031 1034 1143 1062 τώντων
1168 1035 1349 1070 ψηλαῳᾶσθαι
1363 1035 1380 1070 ἦ
1394 1035 1568 1063 σκύλλεσθαι.
1589 1036 1611 1062 Τ
1614 1036 1630 1062 ὰ
1649 1035 1678 1062 δὲ
1700 1032 1833 1072 προσκαί-

1033 1090 1088 1118 ρως
1104 1081 1271 1109 ἀποτεθέντα
1290 1082 1454 1117 μεταφέρειν
1470 1082 1570 1114 ἔξεστι.
1598 1083 1635 1109 Τὸ
1659 1081 1682 1115 ζ’
1703 1091 1767 1118 κεφ.
1784 1085 1833 1112 τοῦ

1032 1128 1116 1155 αὑτοῦ
1137 1128 1191 1156 τίτ.
1210 1129 1288 1164 φησὶ,
1305 1129 1397 1164 χεῖρον
1423 1129 1454 1155 οὐ
1471 1129 1512 1156 δεῖ
1534 1129 1565 1155 τὸ
1583 1130 1679 1165 μνῆμα
1694 1130 1831 1165 γίνεσθαι,

1033 1175 1190 1210 φιλοκαλεῖν
1205 1175 1297 1210 μέντοι
1313 1174 1389 1210 αὑτῷ
1402 1175 1491 1207 ἔξεστι
1510 1175 1547 1211 μὴ
1562 1175 1762 1211 ἐφαπτομένων
1777 1177 1832 1204 τῶν

1032 1220 1177 1255 λειψάνων.
1199 1221 1236 1247 Τὸ
1252 1221 1274 1253 ζ’
1291 1229 1355 1256 κεφ.
1371 1220 1418 1247 τοῦ
1434 1220 1457 1248 α’
1473 1222 1526 1249 τὶτ.
1543 1221 1590 1248 τοῦ
1607 1221 1641 1257 ιβ’
1659 1222 1763 1257 βιϐλίου
1775 1223 1833 1250 τῶν

1033 1267 1186 1294 Βασιλικῶν
1199 1268 1264 1303 περὶ
1283 1268 1314 1294 τὸ
1329 1268 1406 1300 τέλος
1423 1268 1501 1303 φησί,
1522 1268 1585 1295 Ἐὰν
1604 1268 1633 1295 δὲ
1651 1269 1665 1295 ό
1681 1268 1728 1296 τοῦ
1750 1269 1835 1296 τόπου

1031 1314 1166 1349 δεσπότης
1182 1314 1258 1349 παρὰ
1269 1314 1394 1341 κέλευσιν
1411 1314 1518 1350 ἱερέως,
1531 1313 1547 1350 ἢ
1562 1314 1687 1341 κέλευσιν
1700 1315 1834 1350 βασιλέως

1033 1360 1153 1396 ἐκϐάλλῃ
1169 1361 1214 1387 τὸν
1235 1360 1264 1394 ἐξ
1286 1361 1366 1387 ἄλλου
1381 1359 1502 1395 ταφέντα
1519 1360 1535 1396 ἦ
1561 1360 1596 1386 τὰ
1610 1361 1724 1387 τεθέντα
1737 1359 1832 1391 ὀστέα,

1034 1407 1162 1441 ὲνάγεται
1177 1408 1210 1443 τῇ
1233 1407 1298 1443 περὶ
1322 1406 1429 1442 ὕϐρεως
1454 1407 1562 1442 ἀγωγῇ.
1580 1407 1635 1433 Καὶ
1652 1415 1715 1441 κεφ.
1744 1404 1767 1433 α’
1786 1406 1835 1433 τοῦ

1034 1453 1058 1489 γ’
1072 1455 1126 1481 τίτ.
1141 1454 1188 1480 τοῦ
1205 1453 1288 1480 αὑτοῦ
1315 1453 1418 1488 βιϐλίου
1433 1453 1524 1487 λέγει’
1542 1453 1666 1486 Ἔξεστιν
1677 1452 1707 1485 ἐξ
1722 1453 1835 1487 εὐλόγου

1035 1500 1125 1531 αἰτίας
1146 1499 1291 1535 προσιέναι
1314 1499 1353 1534 τῷ
1377 1500 1501 1535 ἄρχοντι,
1524 1499 1573 1526 καὶ
1603 1499 1770 1534 μεταφέρειν
1796 1499 1836 1530 εἰς

1035 1548 1129 1582 ἕτερον
1145 1547 1227 1573 τόπον
1243 1546 1273 1572 τὸ
1294 1546 1478 1581 ἀποκείμενον
1498 1546 1624 1582 λείψανον
1648 1545 1837 1581 παρενοχλού-

1034 1602 1126 1629 μενον.
1147 1594 1201 1620 Καὶ
1216 1602 1278 1628 κεφ.
1298 1591 1328 1619 ιδ’
1351 1592 1429 1628 φησί·
1446 1592 1551 1627 Μηδεὶς
1566 1591 1736 1628 ἀνθρώπινον
1754 1592 1837 1627 σῶμα

1033 1641 1119 1676 χωρὶς
1132 1639 1285 1670 κελεύσεως
1297 1638 1446 1674 Βασιλικῆς
1468 1639 1508 1670 εἰς
1535 1638 1630 1673 ἕτερον
1646 1638 1729 1665 τόπον
1750 1646 1837 1673 μετα-

1033 1686 1152 1721 φερέτω,
1170 1685 1218 1712 καὶ
1232 1685 1262 1712 τὸ
1271 1684 1358 1719 παρὸν
1375 1684 1425 1712 οὐκ
1449 1684 1523 1711 ἐστιν
1538 1684 1659 1711 ἐναντίον
1672 1685 1704 1719 τῇ
1719 1687 1743 1711 α’
1756 1684 1836 1711 διατν

1034 1733 1126 1768 ἐκείνη
1141 1731 1195 1768 γὰρ
1211 1732 1265 1758 ἀπὸ
1286 1731 1397 1766 εὐλόγου
1413 1730 1503 1763 αἰτίας
1524 1730 1659 1766 ἐπέτρεψε
1677 1730 1835 1766 μεταφέρε-

1035 1779 1098 1805 σθαι
1125 1778 1161 1805 τὰ
1190 1778 1307 1813 λείψανα
1337 1778 1408 1804 κατὰ
1434 1777 1583 1811 διάγνωσιν
1609 1776 1664 1802 τῶν
1682 1777 1838 1812 ἀρχόντων.

1034 1827 1110 1862 Αὕτη
1126 1826 1153 1853 δὲ
1170 1826 1296 1862 μηδαμοῦ
1317 1825 1529 1861 μνημονεύουσα
1548 1825 1661 1858 εὐλόγου
1677 1825 1780 1857 αίτίας,
1796 1825 1840 1851 ὅτι

1035 1873 1113 1908 χορὶς
1130 1873 1283 1904 κελεύσεως
1301 1872 1449 1907 Βασιλικῆς
1464 1872 1514 1898 οὐκ
1537 1871 1642 1903 ἔξεστιν
1667 1871 1738 1897 αὐτὰ
1753 1879 1840 1906 μετα-

1036 1921 1139 1956 φέρειν.
1161 1921 1190 1946 '0
1205 1923 1239 1954 ιγ’
1258 1920 1311 1946 τίτ.
1330 1919 1378 1946 τοῦ
1395 1918 1441 1954 μη¹
1464 1918 1567 1954 βιϐλίου
1581 1917 1636 1944 τῶν
1658 1918 1728 1944 διατ.
1754 1917 1841 1952 ἐτέθη

1036 1968 1076 1998 εἰς
1088 1967 1141 1998 τίτ.
1162 1965 1202 2001 με’
1225 1965 1273 1992 τοῦ
1290 1964 1310 1998 ξ’
1331 1965 1435 2001 βιϐλίου
1453 1965 1509 1991 τῶν
1532 1964 1698 1991 Βασιλικῶν.
1722 1964 1792 2000 Φησὶ
1809 1965 1843 1991 τὸ

1037 2012 1059 2048 β’
1072 2021 1134 2046 κεφ.
1146 2013 1160 2038 ὁ
1174 2012 1391 2043 δεπεκουλάτους
1405 2012 1520 2038 κινεῖται
1532 2010 1603 2037 κατά
1614 2010 1661 2036 τοῦ
1670 2009 1843 2045 ἀφελομένου

1036 2061 1069 2086 ὲκ
1088 2059 1143 2086 τῶν
1162 2059 1254 2095 ίερῶν,
1282 2058 1299 2094 ἦ
1319 2058 1374 2085 τῶν
1396 2058 1550 2093 μνημείων,
1576 2056 1624 2083 καὶ
1650 2059 1685 2084 τὰ
1707 2056 1782 2091 ἑξῆς.
1802 2057 1843 2083 Τὸ

1036 2107 1056 2135 δ’
1070 2116 1132 2142 κεφ.
1153 2107 1228 2141 λέγει
1246 2106 1284 2141 τῷ
1300 2106 1490 2140 δεπεκουλάτῳ
1507 2105 1662 2137 ὑπόκειται,
1683 2104 1756 2130 καὶὸ
1778 2104 1844 2138 ἱερὰ

1038 2156 1070 2182 ὲκ
1082 2155 1223 2190 μνημείων
1248 2153 1264 2189 ἢ
1285 2154 1414 2189 χρήματα
1435 2152 1593 2188 λαμϐάνων,
1616 2151 1633 2187 ἢ
1656 2151 1695 2185 τῷ
1714 2150 1844 2186 δωρηοὲν

1038 2201 1076 2236 τῷ
1100 2202 1170 2236 Θεῷ.
1202 2201 1234 2228 Ἣ
1251 2199 1270 2227 ε’
1286 2200 1357 2227 διάτ.
1376 2199 1423 2226 τοῦ
1440 2197 1473 2225 ιϐ’
1489 2199 1542 2226 τίτ.
1560 2197 1608 2225 τοῦ
1626 2197 1647 2224 0'
1670 2197 1775 2232 βιϐλίου
1791 2196 1844 2223 τοῦ

188 2238 206 2265 5
222 2238 263 2266 tit.
286 2239 303 2266 4
316 2238 363 2265 lib.
377 2238 443 2265 tcod
457 2242 499 2265 est
513 2245 573 2272 cap.
589 2236 635 2271 26,
651 2238 692 2265 tit.
709 2237 753 2269 l7,
768 2237 817 2264 lib.
833 2245 870 2264 vn
886 2237 982 2270 Basil.,

1037 2247 1152 2278 κώδικο;
1168 2246 1249 2281 ἐτέθη
1260 2246 1300 2278 είς
1317 2254 1380 2279 κεφ.
1392 2243 1426 2280 ιβ’
1438 2243 1485 2271 τοῦ
1500 2242 1542 2277 κγ’
1553 2243 1607 2270 τίτ.
1623 2243 1670 2269 τοῦ
1684 2241 1705 2276 ξ’
1721 2242 1843 2277 βιϐλίου,

189 2286 264 2320 quod
281 2285 363 2312 etiam
379 2284 453 2319 legas
468 2284 601 2312 insertum
628 2284 844 2319 interpretationi
862 2291 924 2319 cap.
949 2284 985 2311 25

191 2331 336 2367 praesentis
350 2330 435 2358 9‘tit.
455 2331 518 2358 llaec
540 2329 654 2366 [autem]
676 2337 738 2357 cum
761 2331 798 2357 ita
826 2329 910 2366 [sese]
935 2330 984 2357 lia-

192 2378 284 2409 beant,
298 2377 417 2409 notabis,
429 2378 501 2412 quod
518 2377 636 2412 sepulcri
655 2377 746 2404 violati
760 2377 819 2412 lege
833 2381 986 2410 teneantur,

191 2424 239 2459 qui
268 2431 384 2459 corpora
415 2423 609 2451 defunctorum
640 2423 729 2458 plenis
755 2423 838 2458 justis
864 2423 986 2458 sepulta,

193 2470 262 2497 citra
289 2469 495 2504 imperatoriam
521 2470 740 2505 episcopalemve
767 2469 920 2504 jussionem
947 2469 989 2497 vel

192 2516 371 2551 magistratus
384 2516 523 2544 decretum
538 2517 717 2544 removerint.
730 2515 830 2544 Verum
843 2517 989 2551 magistra-

192 2565 237 2588 tus
256 2561 323 2587 citra
339 2560 443 2595 justam
466 2568 577 2588 causam
601 2560 711 2587 illorum
729 2560 903 2588 tralationcm
925 2568 987 2595 pcr-

197 2607 306 2634 mittere
320 2611 460 2642 nequeunt
474 2615 480 2633 :
497 2607 544 2634 sed
563 2608 711 2642 imperator
731 2613 759 2634 et
775 2608 896 2642 episcopi
914 2607 988 2634 illam

194 2653 354 2681 indistincte
382 2653 541 2688 permittere
566 2658 690 2688 possunt.
711 2653 762 2687 Qui
793 2661 857 2688 ergo
883 2654 989 2687 dicunt,

193 2701 263 2729 citra
281 2700 473 2735 pnejudicium
491 2700 564 2727 illam
584 2708 599 2727 ιι
617 2708 785 2735 quocunque
811 2700 881 2732 lieri,
906 2700 990 2728 modo

194 2751 280 2783 turpis
296 2749 365 2776 lucri
380 2757 463 2776 causa
482 2757 535 2775 non
550 2749 659 2776 subsit:
676 2750 816 2784 quomodo
832 2749 899 2776 mihi
916 2749 991 2776 vitle-

194 2799 251 2828 tur,
276 2796 348 2823 male
370 2796 476 2823 dicunt.
502 2796 648 2830 Propterea
671 2798 744 2823 enim
768 2796 879 2830 quidam
905 2803 990 2823 vene-

196 2843 290 2868 randae
315 2843 402 2869 sancti
433 2841 514 2869 Mocii
541 2850 629 2876 eapse
655 2841 802 2876 praefectus
833 2850 895 2870 cum
923 2843 992 2870 citra

196 2885 354 2914 istiusmodi
385 2888 597 2922 permissionem
634 2887 767 2922 reliquias
804 2888 991 2924 trausposuis-

1041 2295 1088 2320 καὶ
1114 2292 1252 2327 ἀνάγνωθι
1269 2292 1299 2318 τὸ
1324 2290 1371 2324 ια’,
1387 2289 1432 2326 ιβ’,
1451 2289 1485 2325 ιγ’
1508 2290 1556 2316 καὶ
1577 2288 1607 2316 ιδ’
1632 2297 1695 2323 κεφ.
1717 2288 1752 2314 τὰ
1771 2288 1849 2314 αὐτὰ

1041 2339 1155 2374 λέγοντα
1177 2339 1228 2366 ὅσα
1250 2337 1470 2373 συνωψίπθησαν,
1493 2335 1527 2363 Ἦ
1550 2335 1574 2371 γ’
1596 2335 1668 2363 διάτ.
1686 2334 1734 2361 τοῦ
1751 2333 1771 2360 δ’
1786 2334 1846 2361 τίτ.

1041 2387 1089 2413 τοῦ
1105 2385 1129 2413 α’
1146 2386 1250 2421 βιϐλίου
1261 2385 1308 2412 τοῦ
1323 2383 1450 2419 κώδικοςι
1462 2383 1521 2410 ἐστι
1538 2391 1602 2416 κεφ.
1618 2384 1665 2414 κς¹
1679 2381 1725 2407 τοῦ
1742 2379 1847 2412 ιζ’τίτ.

1042 2431 1088 2458 τοῦ
1105 2430 1127 2464 ξ’
1143 2431 1247 2466 βιϐλίου
1261 2429 1317 2456 τῶν
1335 2429 1498 2460 Βασιλικῶν,
1512 2429 1526 2455 ὃ
1540 2430 1587 2455 καὶ
1601 2426 1740 2461 ἀνάγνωθι
1757 2434 1850 2452 κατα-

1043 2477 1164 2513 στρωθὲν
1178 2477 1218 2508 είς
1241 2475 1290 2511 τὴν
1306 2476 1455 2511 ἑρμηνείαν
1467 2474 1514 2501 τοῦ
1537 2472 1576 2500 κε’
1591 2481 1655 2508 κεφ.
1676 2471 1724 2498 τοῦ
1742 2471 1849 2506 παρόν-

1042 2531 1089 2554 τος
1102 2523 1124 2549 θ’
1137 2522 1190 2549 τίτ.
1206 2522 1310 2548 τούτων
1331 2521 1419 2551 οὕτως
1438 2521 1567 2556 ἐχόντων,
1579 2519 1734 2556 σημείωσαι
1750 2518 1792 2544 ὅτι
1805 2516 1849 2552 τῷ

1043 2568 1109 2603 περὶ
1139 2566 1336 2602 τυμϐωρυχίας
1365 2566 1440 2601 νόμῳ
1466 2565 1606 2600 ἐνέχονται
1630 2564 1679 2591 καὶ
1705 2563 1731 2589 οἱ
1758 2562 1850 2597 χωρὶς

1044 2613 1196 2643 κελεύσεως
1213 2611 1369 2647 βασιλικῆς,
1390 2612 1405 2645 ἢ
1427 2609 1625 2644 ὲπισκοπικῆς,
1642 2609 1658 2644 ἢ
1678 2606 1850 2642 διαγνώσεος

1044 2658 1208 2694 ἀρχοντικῆς
1226 2657 1438 2692 μετακινοῦντες
1461 2656 1578 2691 λείψανα
1598 2655 1757 2682 τεθνεώτων
1775 2653 1851 2688 μετὰ

1045 2704 1151 2736 τελείας
1165 2704 1240 2735 ὁσίας
1256 2704 1387 2738 ταφέντα.
1412 2702 1486 2738 Πλὴν
1501 2702 1524 2729 ol
1542 2702 1591 2737 μὲν
1608 2702 1739 2736 ἄρχοντες
1758 2699 1851 2735 χωρὶς

1046 2751 1157 2784 εὐλόγου
1181 2750 1270 2782 αἰτίας
1296 2750 1326 2776 οὺ
1354 2749 1482 2776 δύνανται
1504 2747 1664 2782 ἐπιτρέπειν
1678 2747 1728 2782 τὴν
1741 2746 1852 2772 τούτων

1048 2797 1206 2832 μετάθεσιν.
1226 2796 1256 2823 ’0
1272 2795 1398 2831 βασιλεὺς
1411 2795 1439 2822 δὲ
1455 2795 1502 2821 καὶ
1514 2794 1538 2820 οἱ
1554 2795 1702 2819 ἑπιτκοποι
1715 2791 1852 2818 δύνανται

1045 2843 1148 2878 ταύτην
1173 2842 1353 2872 ἀδιαστίκτως
1379 2841 1549 2875 ἐπιτρέπειν.
1570 2840 1601 2866 οι
1622 2838 1689 2872 γοῦν
1720 2838 1854 2871 λέγοντες

1049 2889 1312 2925 ἀπροκριματίστως
1325 2887 1427 2915 ταύτην
1446 2886 1570 2921 γίνεσθαι
1593 2885 1672 2921 παρὰ
1687 2884 1734 2910 τοῦ
1751 2883 1854 2919 βουλο-
