1946 3076
133 182 203 216 1125

525 185 770 218 NOMOCANON.
785 201 820 206 —
839 187 914 219 TIT.
934 187 988 227 IX,
1008 188 1086 219 CAP.
1105 188 1244 227 XXVIII,
1266 188 1374 220 XXIX.

1708 187 1777 222 1126

131 242 215 278 μένου
234 241 273 278 μὴ
287 242 472 279 προκειμένης
488 244 579 276 αἰτίας
595 245 817 281 αἱσχροκερδοῦς,
833 245 922 277 κακῶς

983 250 1032 280 set,
1049 255 1096 282 per
1111 247 1247 283 synodum
1260 254 1276 274 a
1291 246 1455 282 praefectura
1468 245 1592 282 deiectus
1609 250 1663 280 est,
1684 250 1712 275 et
1726 247 1776 276 de-

128 287 238 322 λέγουσι
249 308 255 320 ,
276 288 313 320 ὼς
326 288 390 324 ἐμοὶ
411 288 495 316 δοκεῖ.
515 290 566 316 Διὰ
585 290 639 326 γὰρ
652 290 731 317 τοῦτο
745 291 792 318 καί
806 299 848 323 τις
863 292 930 319 καθ-

129 334 283 370 ηγούμενος
299 334 432 371 ἐξεϐλήθη
450 335 599 369 συνοδικῶς
611 337 666 364 ἀπὸ
683 337 733 373 τῆς
748 338 930 373 ήγουμενείας

131 383 179 411 καὶ
190 383 345 419 καθῃρέθη.

165 439 292 467 ΚΕΦΔΛ.
310 439 380 467 KH'.
397 455 433 462 —
447 439 518 474 Περὶ
531 439 592 467 τῶν
603 439 865 475 βδελυσσομένων
875 441 929 468 τὸν

129 486 238 522 γάμον,
251 486 270 520 ἢ
284 486 338 513 τὸν
353 483 448 520 οἶνον,
464 486 483 521 ἢ
499 487 535 513 τὰ
550 486 631 521 κρέα.

171 532 342 559 ’Δποστόλων
354 532 445 559 κανὼν
458 536 509 564 va’,
524 532 575 567 νγ’,
590 532 643 566 ξς⁷·
662 533 772 560 συνόδου
789 533 928 570 Ἀγκύρας

129 577 222 604 κανὼν
236 577 283 604 ιδ¹”
301 577 410 604 συνόδου
428 577 455 610 ς’
472 577 564 605 κανὼν
580 581 626 612 ιγ’,
638 578 677 608 λ’.

167 624 293 651 ΚΕΦΑΛ.
314 623 379 651 ΚΘ¹.
396 640 432 645 -
448 625 518 659 Περὶ
542 625 603 652 τῶν
627 625 886 661 ἑπιτετραμμένων
906 625 925 661 ἢ

129 670 350 705 κεκωλυμένων
377 671 488 705 γάμων,
512 671 562 698 καὶ
584 671 652 705 περὶ
681 672 735 699 τοῦ
759 672 926 707 ἐρωτᾶσθαι

127 716 202 749 τοὺς
235 717 434 751 ἀναγνώστας
449 717 582 752 ἐφήϐους
606 717 787 753 γενομένους
806 719 832 745 sl
851 719 928 748 βού-

127 765 240 790 λωνται
258 763 372 799 γαμεῖν,
387 764 435 790 καὶ
454 765 520 798 περὶ
537 765 763 800 παλλακισμοῦ,
785 774 803 792 κ
826 764 836 792 ὶ
852 773 929 800 πορ-

127 809 223 842 νείας,
241 809 290 836 καὶ
299 819 349 844 μοι
352 810 446 845 χείας.

171 855 343 882 Ἀποστόλων
365 855 455 882 κανὼν
471 856 514 888 ιζ’,
540 857 585 892 ιη’,
604 856 647 889 ιϐ’,
673 860 722 891 κε’,
740 858 797 891 κς¹.
816 858 926 885 συνόδου

981 294 1098 329 positus.

1013 447 1089 475 CAP.
1110 446 1271 475 XXVlll.—-
1282 447 1321 474 De
1333 446 1374 474 Itis
1391 446 1437 482 qui
1448 446 1661 479 matrimonium,
1673 446 1774 480 vinum,

979 496 1025 519 aut
1045 500 1137 519 carnes
1153 492 1352 518 abominantur.

1017 538 1210 573 Apostolomm
1226 545 1313 564 canon
1326 536 1372 567 51,
1387 536 1432 568 55,
1444 536 1493 568 66;
1507 536 1617 563 concilii
1632 535 1772 571 Ancyrani

980 591 1069 611 canon
1084 583 1135 616 14;
1154 582 1262 611 concilii
1279 582 1350 609 sexti
1365 589 1452 609 canon
1468 581 1511 614 15,
1525 581 1571 609 50.

1013 628 1091 657 CAP.
1110 627 1206 655 XXIX.
1222 644 1256 649 —
1284 627 1322 654 De
1336 628 1471 663 permissis
1499 632 1546 654 aut
1564 628 1703 662 prohibitis
1726 636 1776 654 nu-

978 676 1052 711 ptiis,
1086 680 1110 702 et
1139 675 1209 710 quod
1235 674 1343 702 lectores
1368 674 1475 709 puberes
1495 674 1560 708 facti
1582 674 1777 709 interrogentur

978 731 1013 749 an
1032 722 1230 748 matrimonium
1246 721 1401 748 contrahere
1420 720 1498 747 velint
1510 739 1518 753 ,
1540 725 1565 747 et
1597 721 1631 748 de
1653 721 1778 748 concubi-

979 773 1055 801 nam,
1074 769 1248 802 scortatione,
1264 772 1343 803 alque
1358 767 1504 795 adulterio.

1016 860 1208 896 Apostolorum
1226 867 1313 887 canon
1331 859 1377 893 17,
1395 858 1439 893 18,
1457 858 1500 892 19,
1524 859 1570 892 25,
1589 858 1640 894 26ς
1664 860 1775 887 concilii

134 900 273 938 ’Δγκύρας
291 901 380 929 κανὼν
397 905 430 928 ι’·
455 902 564 930 συνόδου
587 903 806 939 Νεοκαισαρεαίς
831 904 920 931 κανὼν

983 906 1119 942 Ancyrani
1134 914 1222 934 canon
1239 905 1289 939 10;
1309 905 1419 933 concilii
1436 905 1670 934 Neocaesariensis
1687 914 1774 934 canon

128 950 166 981 α’,
182 948 217 980 θ’,
237 947 271 975 ι’⁶
293 949 404 976 συνόδου
422 949 597 985 Χαλκηδόνος
615 950 707 977 κανὼν
725 949 754 977 ιδ’
760 972 766 979 .
798 953 846 978 ιε’·
865 959 925 977 συν-

129 994 190 1021 όδου
207 994 406 1031 Καρθαγὲννης
420 994 513 1022 κανὼν
535 994 589 1027 ις’·
611 995 721 1022 συνόδου
738 994 775 1028 ς’,
787 996 877 1023 κανὼν
887 999 923 1030 γ’,

128 1040 161 1073 δ’,
183 1044 221 1074 ς’,
240 1040 284 1076 ιβ’,
298 1040 344 1076 ιγ’,
360 1041 417 1078 pq’,
433 1041 490 1078 νη”
507 1041 649 1069 Βασιλείου
664 1040 756 1068 κανὼν
768 1050 804 1076 γ,
821 1041 858 1075 ς’,
875 1041 923 1074 ις’,

129 1085 185 1120 ξθ¹·
201 1088 216 1114 ὁ
231 1087 361 1122 Θεοφίλου
384 1089 417 1116 ἐκ
444 1088 491 1115 106
517 1089 722 1125 ὑπομνηστικοῦ
744 1088 834 1116 κανὼν
847 1087 878 1122 δ’,
893 1088 923 1117 ε’,

164 1191 317 1226 Κείμενον.
331 1191 438 1218 Βιδλίον
454 1190 479 1219 α’
491 1191 538 1218 τοῦ
555 1191 681 1225 κώδικος,
694 1192 747 1219 τίτ.
762 1191 796 1227 γ’.
809 1192 879 1220 διάτ.
892 1191 922 1219 ε’·

134 1237 198 1264 Ἐάν
213 1246 255 1269 τις
271 1238 353 1273 μόνον
370 1238 499 1274 πειραθῇ,
513 1247 541 1265 κ.
558 1247 584 1265 τ.
600 1239 637 1271 λ.,
663 1247 749 1274 usque
765 1239 800 1266 ad
816 1239 862 1266 καὶ
874 1239 925 1274 τὴν

126 1285 222 1312 οὐσίαν
236 1285 326 1312 αὐτῶν
340 1285 371 1311 τὸ
382 1285 509 1321 δημόσιον
523 1285 649 1320 λήψεται.

164 1342 303 1376 Σχόνίιον.
327 1341 359 1368 Ἦ
381 1340 400 1368 ε’
428 1342 497 1369 διάτ.
509 1341 557 1368 τοῦ
572 1341 596 1376 γ’
621 1341 673 1369 τιτ.
691 1342 738 1368 106
754 1341 778 1369 α’
790 1342 861 1377 βιϐλ.
877 1342 924 1369 τοῦ

127 1388 254 1421 κώδικος,
275 1388 322 1415 καὶ
339 1389 355 1423 ἡ
373 1386 415 1424 μδ¹
434 1389 506 1415 διάτ.
524 1388 572 1415 τοῦ
603 1388 686 1414 αὑτοῦ
714 1389 768 1415 τίτ.
794 1389 845 1415 οὐκ
868 1389 925 1414 ὲτέ-

127 1434 215 1470 θησαν
230 1435 269 1466 εἰς
287 1435 321 1461 τὰ
339 1435 483 1468 Βασιλικὰ,
500 1435 561 1461 οὐδὲ
580 1436 596 1471 ή
616 1434 651 1469 ιγ’
669 1435 740 1462 διάτ.
762 1435 810 1461 τοῦ
828 1433 852 1461 α’
871 1435 924 1461 τίτ.

126 1481 181 1507 τῶν
196 1480 311 1516 Νεαρῶν
329 1482 410 1516 μέρο;
422 1480 488 1508 οὖσα
511 1483 560 1517 τῆς
574 1481 787 1508 Ἰουστινιανείου
813 1483 922 1517 νεαρᾶς,

126 1527 188 1554 οὐδὲ
214 1528 230 1563 ὴ
253 1526 277 1554 α’
301 1527 371 1554 διάτ.
402 1527 449 1554 τοῦ
464 1527 547 1555 αὑτοῦ
571 1528 624 1555 τίτ.
638 1528 692 1555 τῶν
707 1528 822 1563 Νεαρῶν
841 1528 925 1564 μέρος

980 954 1006 987 1,
1024 954 1052 983 9,
1076 953 1126 987 io;
1146 952 1253 980 concilii
1279 952 1514 980 Chalcedonensis
1537 961 1625 980 canon
1651 953 1695 986 N,
1720 953 1774 986 15;

979 997 1089 1026 concilii
1106 997 1330 1033 Carlhaginensis
1343 1005 1432 1024 canon
1450 997 1483 1024 16
1496 1006 1504 1031 ς
1517 998 1627 1026 concilii
1643 999 1712 1026 sexti
1728 1007 1776 1026 ca-

979 1053 1033 1073 non
1049 1045 1076 1077 5,
1092 1045 1119 1078 4,
1135 1045 1223 1079 6,12,
1246 1045 1290 1078 13,
1314 1044 1360 1077 18,
1386 1044 1439 1076 58;
1467 1044 1559 1072 Basilii
1583 1053 1671 1073 canon
1694 1046 1720 1078 5,
1746 1046 1774 1079 6,

981 1091 1024 1123 16,
1053 1091 1097 1124 69,
1122 1091 1181 1125 70;
1201 1091 1345 1126 Theophili
1375 1099 1409 1118 cx
1440 1091 1651 1120 connnonitorio
1686 1100 1775 1120 canon

978 1139 1007 1170 4,
1024 1138 1052 1165 5.

1016 1194 1124 1222 Tactus.
1136 1194 1198 1221 Lib.
1212 1194 1223 1221 1
1254 1194 1315 1221 cod.
1328 1194 1370 1222 tit.
1387 1195 1514 1228 5,const.
1529 1195 1556 1223 5.
1576 1195 1689 1231 Siquis,
1704 1200 1772 1229 etc.,

980 1249 1059 1277 usque
1073 1241 1107 1268 ad
1123 1240 1206 1268 ﬁscus
1219 1240 1318 1276 capiet,
1333 1246 1361 1268 ut
1375 1249 1437 1276 pag.
1455 1241 1516 1269 782.

1013 1345 1160 1373 Schalium.
1191 1344 1308 1373 Constit.
1328 1344 1345 1372 ὅ
1366 1344 1438 1372 tit.3
1466 1343 1513 1371 lib.
1540 1341 1623 1370 1cod.
1652 1347 1678 1370 et
1707 1350 1774 1370 con-

979 1392 1036 1420 stit.
1065 1391 1100 1419 M
1127 1391 1250 1426 ejusdem
1282 1390 1326 1417 tit.
1351 1397 1406 1417 non
1436 1393 1499 1416 sunt
1530 1388 1625 1423 posita:
1642 1389 1668 1414 in
1689 1387 1772 1416 Basil.

978 1438 1071 1474 Neque
1088 1437 1193 1474 [etiam]
1210 1437 1320 1464 constit.
1339 1437 1383 1470 15,
1400 1437 1440 1463 tit.
1469 1436 1480 1463 1
1506 1435 1691 1466 Novellarum,
1712 1443 1773 1469 qua:

979 1491 1044 1518 pars
1075 1487 1118 1510 est
1149 1482 1262 1509 novella:
1294 1481 1473 1508 Justiniancaa
1504 1481 1532 1507 5.
1556 1480 1652 1515 Neque
1679 1477 1769 1515 [item]

979 1535 1067 1558 const.
1087 1530 1100 1557 1
1119 1529 1242 1564 ejusdem
1261 1528 1302 1556 tit.
1319 1527 1423 1555 Novell.
1437 1534 1499 1562 quae
1514 1534 1577 1562 pars
1599 1530 1641 1553 est
1656 1525 1770 1553 novellae

125 1571 195 1601 οὖσα
208 1573 259 1609 τῆς
277 1576 304 1606 ς’
327 1573 541 1601 Ἱουστινιανείου
553 1575 662 1610 νεαρᾶς.
803 1588 805 1590 -

983 1575 1156 1604 iustinianeze
1172 1575 1199 1602 6.

162 1631 320 1667 Σημείωσαι
334 1633 399 1669 περὶ
419 1632 473 1658 τῶν
485 1631 656 1658 ἐκπεσόντων
670 1632 720 1666 τῆς
729 1631 889 1667 ἱερωσύνης,
906 1634 954 1660 καὶ
966 1632 1076 1668 γυναιξὶ
1087 1631 1303 1666 συνῳκησάντων
1321 1629 1368 1658 καὶ
1391 1629 1495 1656 τούτων
1506 1628 1772 1664 τεκνοποιησάντων,

131 1677 171 1713 μὴ
200 1679 436 1715 συγχωρουμένων
459 1679 499 1710 εις
522 1678 692 1714 κληρονόμον
711 1678 802 1705 αὐτῶν
830 1679 976 1715 κληθῆναι,
1001 1679 1063 1715 μήθ’
1083 1679 1152 1709 ὅλως
1176 1677 1309 1704 δύνασθαι
1323 1677 1359 1703 τὰ
1378 1675 1493 1703 τοιαῦτα
1520 1674 1614 1701 παιδία.
1635 1674 1652 1711 ἦ
1672 1675 1782 1710 γνήσια”

128 1724 233 1752 τούτων
247 1725 380 1760 κληθῆναι
394 1725 411 1760 ἢ
426 1724 539 1760 φυσικὰ,
559 1724 576 1759 ἦ
590 1724 651 1750 καθ’
665 1721 721 1751 οἷον
744 1725 845 1760 δήποτε
858 1726 960 1761 τρόπον
974 1723 1130 1761 περιελθεῖν
1144 1732 1205 1751 τινα
1215 1723 1270 1750 τῶν
1279 1722 1453 1758 πραγμάτων
1467 1722 1557 1749 αὐτῶν
1572 1721 1642 1756 πρὸς
1656 1721 1768 1754 αὐτοὺς.

124 1771 142 1806 ἢ
157 1772 221 1804 τοὺς
243 1771 443 1807 μητροπολίτας
460 1771 560 1804 αὐτῶν,
588 1771 658 1799 ἀλλὰ
677 1772 712 1798 τὰ
733 1771 871 1806 προσόντα
886 1772 976 1800 πάντα
990 1772 1066 1808 αὺτῷ
1088 1771 1241 1806 λαμϐάνειν
1268 1771 1319 1803 τὰς
1343 1771 1404 1798 κατ’
1428 1770 1529 1801 αὐτοὺς
1558 1769 1722 1806 Ἑκκλησίας
1751 1770 1769 1805 ῆ

124 1818 191 1850 τοὺς
206 1818 333 1854 κλήρους.
363 1817 434 1850 Τοὺς
460 1818 489 1844 δὲ
503 1817 624 1844 τοιοῦτόν
639 1826 666 1844 τι
686 1817 845 1853 τολμῶντας
870 1819 940 1854 μετὰ
956 1820 1006 1855 τὴν
1025 1819 1076 1854 τῆς
1105 1817 1257 1854 ἱερωσύνης
1284 1817 1426 1853 γύμνωσιν
1441 1816 1478 1852 μὴ
1495 1815 1661 1850 δυναμένους
1677 1816 1718 1847 εἷς
1741 1823 1771 1843 τι

123 1865 258 1899 κοσμικόν
283 1863 431 1900 ἁξίωμα,ῆ
457 1863 602 1899 στρατείαν
623 1863 784 1899 ἀναχθῆναι,
805 1864 873 1891 ἀλλὰ
909 1865 1096 1897 ἰδιωτεύοντας
1122 1867 1212 1893 πάνια
1227 1864 1274 1892 τὸν
1297 1864 1403 1900 χρόνον.
1425 1862 1521 1894 Ὅπως
1546 1861 1575 1888 δὲ
1601 1862 1720 1898 σήμερον
1739 1862 1770 1889 οὐ

128 1912 295 1947 φυλάττεται
309 1911 388 1939 τοῦτο
404 1912 506 1946 ἀγνοῶ.

161 1971 315 2005 Κείμενον.
332 1969 445 2006 Καὶὴβ¹
461 1970 531 1997 διάτ.
548 1969 594 1997 τοῦ
611 1970 694 1997 αὑτοῦ
709 1970 751 1997 τίτ
768 1992 775 2003 ,
798 1971 838 1997 ὅτι
858 1971 921 1998 Ἐὰν

123 2016 281 2052 βουλευτὴς,
300 2026 326 2044 κ.
340 2026 366 2043 τ.
383 2017 420 2048 λ.,
435 2024 522 2052 usque
534 2017 567 2044 ad
597 2016 645 2043 καὶ
661 2017 742 2043 πέντε
758 2017 852 2053 λίτρας
866 2019 923 2049 τοῖς

122 2062 267 2098 πριῆάτοις
282 2063 520 2099 προστιμωμένου.

159 2109 300 2144 Σχὸλιον.
317 2109 349 2136 Ἣ
362 2110 384 2145 β’
399 2109 470 2136 δίατ.
483 2108 530 2135 τοῦ
545 2107 628 2135 αὑτοῦ
637 2107 661 2135 α’
675 2108 726 2137 τίτ.
740 2108 794 2135 τὼν
805 2108 919 2144 Νεαρῶν

122 2155 184 2181 ἔστι
203 2164 266 2191 κεφ.
287 2154 333 2188 κς¹
354 2156 403 2191 τῆ;
422 2154 481 2191 ρκγ¹
505 2156 606 2190 νεαρᾶς
627 2155 674 2182 τοῦ
695 2155 826 2190 βασιλέως
851 2156 918 2181 Ἰου-

122 2202 271 2234 στινιανοῦ,
285 2202 302 2237 ἦ
323 2211 364 2228 τοι
377 2211 438 2237 κεφ.
451 2201 491 2236 λγ¹
505 2202 552 2229 τοῦ
568 2201 591 2236 γ’
605 2202 675 2237 βιῦλ.
693 2202 748 2228 τῶν
764 2201 917 2229 Βασιλικῶν

121 2248 158 2274 τὰ
170 2249 241 2275 αὐτὰ
267 2248 451 2283 διαλαμϐάνον
471 2249 522 2275 ὃσα
549 2247 769 2283 συνωψίσθησαν.
791 2248 872 2282 Λέγει
888 2248 916 2274 δὲ

121 2294 171 2321 καὶ
185 2295 216 2321 τὸ
228 2293 266 2321 κδ’
281 2303 343 2329 κεφ.
362 2295 414 2329 τῆς
430 2295 517 2329 αὐτῆς
531 2295 645 2330 νεαρᾶς.
665 2294 726 2329 ἢτοι
750 2294 782 2320 τδ
796 2292 836 2320 λα’
857 2302 920 2328 κεφ.

121 2339 171 2367 τοῦ
188 2340 271 2366 αὑτοῦ
290 2341 356 2372 τίτ,
373 2341 441 2367 ἀλλὰ
460 2341 510 2376 μὲν
529 2342 576 2368 καὶ
589 2342 621 2368 τὸ
649 2339 688 2376 λβ¹
708 2340 772 2376 περ)Ι
793 2339 840 2366 τοῦ
854 2341 923 2374 ἐρω-

121 2385 222 2412 τᾶσθαι
248 2387 312 2417 τοὺς
339 2385 487 2421 μέλλοντας
504 2387 720 2422 χειροτονεῖσθαι
744 2387 769 2412 εί
792 2385 922 2412 δύνανται

123 2434 287 2467 σωφρονεῖν,
306 2434 354 2459 καὶ
368 2433 432 2469 περὶ
446 2433 609 2469 γαμούντων
622 2433 791 2469 ἱερωμένων,
803 2433 850 2459 καὶ
861 2432 922 2458 δευ-

120 2479 350 2514 τερογαμούντων
379 2480 574 2514 ὰναγνωστῶν.
604 2479 674 2507 Ὀσα
699 2480 776 2515 παρὰ
798 2479 845 2506 τοῦ
866 2487 918 2505 πα-

1012 1972 1120 1999 Texlus.
1134 1971 1252 1998 Constit.
1264 1970 1292 2002 2,
1310 1969 1434 2005 ejusdem
1453 1968 1495 1996 tit.
1519 1966 1546 1995 Si
1563 1967 1690 2000 decurio,
1704 1972 1770 2001 etc.,

974 2025 1054 2052 usque
1065 2015 1100 2042 ad
1112 2017 1254 2048 multatur,
1270 2019 1299 2041 ul
1314 2022 1375 2049 pag.
1395 2013 1457 2040 783.

1008 2108 1155 2136 Scholium.
1185 2107 1280 2135 Const.
1309 2108 1327 2133 2
1352 2105 1473 2140 ejusdem
1496 2105 1508 2132 1
1533 2105 1574 2131 lit.
1595 2103 1769 2132 Novellarum

971 2159 1012 2182 cst
1031 2163 1092 2187 cap.
1110 2154 1144 2181 26
1163 2153 1277 2180 novellae
1299 2152 1448 2179 .Iusliniani
1472 2151 1524 2178 1ἓῦ
1539 2173 1545 2183 ,
1570 2153 1628 2178 sive
1649 2158 1711 2185 cap.
1735 2151 1771 2177 55

970 2201 1012 2228 tit.
1029 2201 1039 2227 1
1059 2201 1105 2227 lib.
1121 2209 1149 2227 ιιι
1178 2199 1274 2230 Basil.,
1295 2199 1368 2234 quod
1386 2199 1479 2225 eadem
1500 2196 1690 2231 complectitur
1708 2204 1770 2231 qua:

970 2247 996 2274 in
1013 2246 1174 2281 compendio
1184 2245 1322 2281 proposita
1330 2249 1406 2271 sunt.
1416 2244 1551 2277 Loquitur
1563 2247 1653 2270 autem
1664 2242 1700 2269 21
1707 2250 1769 2278 cap.

972 2294 1092 2328 ejusdem
1110 2293 1232 2324 novellua,
1257 2292 1313 2319 sive
1338 2291 1368 2318 51
1385 2299 1444 2324 cap.
1460 2290 1583 2325 ejusdem
1602 2290 1657 2322 ιιι..
1683 2290 1766 2324 qnin-

972 2341 1054 2367 etiam
1065 2340 1100 2367 52
1112 2338 1198 2375 [cap]
1210 2339 1243 2366 de
1256 2346 1289 2365 eo
1308 2337 1537 2372 quod'ordinandi
1565 2336 1767 2371 interrogentur

973 2396 1007 2414 an
1023 2392 1099 2414 caste
1110 2387 1201 2413 vivcre
1217 2385 1324 2420 possint
1338 2396 1343 2412 ;
1361 2389 1388 2411 et
1403 2384 1436 2411 de
1453 2383 1642 2411 sacerdotibus
1658 2383 1767 2417 nuptias

973 2432 1199 2461 contrahentibus
1229 2436 1256 2458 et
1287 2431 1436 2458 lectoribus
1460 2430 1569 2464 nuptias
1592 2429 1767 2461 iterantibus,

975 2486 1148 2514 quaecunque
1162 2485 1176 2504 a
1197 2476 1352 2512 patriarcha
1369 2476 1458 2503 iusius
1475 2476 1675 2510 comprehensa
1692 2479 1766 2502 sunt.

121 2526 253 2561 τριάρχου
272 2526 458 2562 διελήφθησαν
478 2526 714 2562 περιφραστικῶς.
740 2526 808 2561 Περὶ
819 2526 847 2552 δὲ
862 2526 917 2553 τῶν

983 2527 1009 2552 )e
1041 2525 1073 2552 iis
1098 2531 1161 2551 vero
1181 2524 1227 2558 qui
1258 2523 1314 2549 Deo
1338 2528 1514 2550 consecratas
1530 2521 1681 2558 i[lnulieres
1706 2520 1766 2557 aut]

121 2572 312 2608 ἁρπαζόντων,
328 2573 344 2608 ἢ
370 2573 594 2608 διαφθειρόντων,
611 2573 628 2608 ἢ
639 2573 857 2599 ὑπονοθευόντων
868 2572 918 2604 τὰς

120 2619 163 2654 τῷ
177 2619 237 2654 Θεῷ
249 2619 478 2654 ἀνατεθειμένας,
495 2619 619 2646 διδάσκει
630 2620 647 2654 ἡ
660 2619 730 2653 αὐτὴ
746 2619 768 2654 β’
783 2618 854 2645 διάτ.
871 2617 918 2645 τοῦ

121 2665 146 2693 α’
161 2665 213 2694 τίτ.
226 2667 279 2693 τῶν
289 2666 404 2702 Νεαρῶν
412 2664 479 2692 οὖσα
494 2665 532 2700 ξγ¹
547 2674 610 2700 κεφ.
622 2666 671 2700 τῆς
685 2664 744 2701 ρκγ¹
763 2666 920 2692 Ἰουστινια-

120 2713 192 2740 νείου
210 2715 319 2749 νεαρᾶς,
331 2713 391 2749 ἤτοι
401 2721 462 2748 κεφ.
479 2712 511 2748 ιβ’
526 2712 573 2739 τοῦ
588 2711 612 2739 α’
626 2713 679 2740 τιτ.
694 2712 743 2740 τοῦ
756 2711 855 2747 δ’βιΰλ.
864 2712 918 2739 τῶν

119 2760 328 2791 Βασιλικών,τὰ
341 2760 411 2786 αὐτὰ
426 2760 504 2794 λέγον
526 2760 576 2786 ὅσα.
600 2759 808 2794 συνωψίσυησαν
825 2779 832 2791 ,
848 2758 918 2794 πλὴν

119 2806 170 2840 τῆς
184 2805 290 2840 ποινῆς.
329 2805 358 2831 '0
380 2805 429 2840 μὲν
442 2806 496 2838 γὰρ
514 2804 654 2840 βασιλικός
669 2812 736 2838 φησι
766 2804 812 2831 τὸν
824 2805 856 2831 ὲκ
869 2804 915 2831 τοῦ

120 2852 206 2886 νόμου
220 2852 341 2878 κίνδυνον
356 2852 503 2886 ὑπομένειν
518 2851 580 2882 τοὺς
592 2850 854 2886 πλημμελήσαντας,
870 2850 916 2877 καὶ

119 2899 185 2929 τοὺς
202 2898 386 2933 μετασχόντας
403 2898 450 2925 τοῦ
465 2897 587 2924 τοιούτου
620 2897 733 2933 μύσους.
768 2896 798 2923 'O
809 2897 837 2924 δὲ
851 2906 915 2924 συν-

120 2943 271 2978 θέμενοςτὺ
280 2944 470 2979 Νομοκάνονον
477 2943 550 2978 λέγει
557 2942 716 2978 κεφαλικῶς
726 2943 824 2975 αὐτοὺς
834 2952 915 2978 τιμω-

972 2570 1093 2605 rapiunt,
1114 2574 1162 2597 aut
1183 2573 1374 2603 constuprant,
1401 2573 1449 2595 aut
1471 2572 1665 2603 corrumpunt,
1686 2568 1769 2596 docet

971 2617 1067 2644 eadem
1085 2617 1103 2643 ‘2
1133 2621 1222 2644 const.
1241 2616 1282 2642 tit.
1298 2615 1308 2642 1
1327 2615 1512 2648 Novellarum,
1526 2623 1588 2650 qua:
1602 2620 1644 2642 cst
1658 2623 1718 2650 cap.
1732 2615 1768 2643 65

972 2665 1084 2692 novella:
1098 2663 1248 2691 Iustiniani
1266 2663 1328 2695 ηδ,
1347 2664 1405 2690 sive
1432 2671 1491 2698 cap.
1511 2663 1544 2690 12
1570 2663 1614 2690 tit.
1631 2663 1644 2690 1
1667 2663 1715 2690 lib.
1739 2670 1768 2690 ιν

974 2711 1071 2743 Basil.,
1088 2712 1160 2747 quod
1182 2712 1276 2738 cadem
1300 2711 1367 2739 dicit
1387 2719 1448 2746 quae
1468 2711 1495 2737 in
1517 2711 1681 2745 compendio
1703 2715 1769 2737 sunt

974 2760 1125 2794 proposita,
1142 2764 1255 2793 excepta
1273 2765 1364 2793 poena.
1383 2758 1524 2792 Siquidem
1542 2756 1627 2784 Basil.
1649 2764 1697 2784 eos
1717 2757 1766 2791 qui

973 2804 1011 2841 [id
1022 2804 1124 2840 scelus]
1141 2805 1327 2837 committunt,
1342 2811 1374 2831 ac
1389 2811 1484 2831 eorum
1500 2803 1527 2830 in
1544 2802 1648 2830 scelere
1663 2803 1765 2834 socios,

970 2859 1003 2879 ex
1022 2851 1079 2885 lege
1096 2851 1246 2886 periculum
1273 2850 1410 2878 sustinere
1440 2858 1447 2877 :
1475 2849 1522 2884 qui
1542 2856 1608 2876 vero
1628 2848 1765 2876 Nomoca-

970 2906 1069 2925 nonem
1103 2899 1278 2932 composuit.
1307 2898 1367 2925 illos
1389 2896 1542 2931 capituliter
1574 2896 1664 2931 puniri
1687 2896 1764 2924 dicit.

969 2944 1010 2973 Tu
1026 2945 1132 2973 interim
1152 2945 1234 2973 Basil.
1249 2945 1336 2980 magis
1350 2944 1412 2972 audi
1429 2963 1436 2977 ,
1459 2948 1486 2971 cl
1510 2943 1533 2971 si
1557 2943 1662 2970 discere
1686 2942 1755 2969 Velxs
