1946 3076
123 172 186 205 1129

595 175 840 209 NOMOCANON.
855 191 891 198 -
909 178 984 210 TIT.
1007 179 1057 217 IX,
1079 179 1159 212 CAP.
1180 180 1273 213 XXX.

1688 185 1755 219 1130

120 227 244 264 ἁρπαγὴν
259 229 395 265 παρθένου
415 230 598 268 καταμηνύσῃ
616 231 760 269 ἐλεύθερος
785 233 899 268 γίνεται,

956 234 1021 264 tiam
1035 242 1214 271 suppressum
1234 237 1367 273 arguerit,
1396 237 1467 266 liber
1481 238 1521 267 ιιι.
1546 239 1642 269 Const.
1659 241 1674 268 'l
1687 243 1755 276 tit.9

120 273 135 307 ἢ
150 274 195 300 ἐὰν
207 273 256 310 τὴν
265 273 316 310 ἤδη
338 275 564 312 συγχωρηθεῖσαν
572 277 744 314 ἁπελλέγξῃ.¹
754 278 786 306 Ἦ
798 278 828 311 ξ’.
839 280 909 308 διάτ.

119 319 163 346 τοῦ
175 319 208 348 θ’.
215 321 269 347 τίτ.
281 321 329 348 τοῦ
336 321 393 358 βιϐ.
408 322 455 353 τοῦ
463 322 577 355 κώδικος
585 323 635 351 οὐκ
643 324 722 358 ἐτέθη
733 325 773 357 εἰς
782 325 817 352 τὰ
830 326 912 355 Βασι-

119 365 189 399 me,
197 367 259 398 οὐδὲ
274 368 306 394 δι’
323 368 376 396 τίτ.
384 369 431 396 τοῦ
440 369 523 396 αὑτοῦ
533 369 667 405 βι6.,οὐδὲ
679 371 754 407 etalt]
765 371 794 398 δὲ
805 372 829 399 α’
839 373 909 401 διάτ.

119 412 163 445 τοῦ
177 412 211 447 ιγ’
224 413 277 444 τίτ.
291 413 339 441 τοῦ
355 413 377 442 θ’
387 415 460 451 βιὸλ,
473 415 521 446 τοῦ
532 415 658 451 κώδικος,
675 417 734 444 ἔστι
745 426 809 453 κεφ.
823 417 847 445 α’
861 419 909 446 τοῦ

119 459 157 496 νη¹
170 461 223 491 τίτ.
237 461 285 488 τοῦ
301 461 323 495 ξ’
338 461 421 497 βιϐλ..
440 462 489 490 καὶ
501 462 569 490 αὐτὸ
585 462 635 498 μὲν
647 464 823 500 κατεστρώθη
846 466 911 502 περὶ

118 505 147 532 τὸ
162 505 238 538 τέλος
263 506 314 535 τοῦ
328 506 370 533 κθ¹
383 515 446 542 κεφ.
471 507 520 534 τοῦ
542 507 675 543 παρόντος
696 508 718 535 θ’
731 509 785 536 τίτ.
798 509 828 536 τὸ
843 510 872 537 δὲ
885 511 909 546 β’

119 551 185 587 θέμα
200 551 297 583 τούτου
309 552 385 586 λέγει
396 553 493 580 ταῦτα’
509 554 557 581 ἐὰν
568 552 615 580 οὖν
633 555 662 581 ὲν
679 554 749 590 αὐτῇ
768 556 801 590 τῇ
820 556 910 591 ἁρπα-

120 599 153 636 γῇ
184 596 225 630 εἷς
248 599 281 627 ἐκ
309 599 413 630 τούτων
438 600 602 636 καταληφθῇ
627 599 644 635 ἢ
677 602 755 636 παρὰ
779 601 835 628 τῶν
856 610 911 630 παο

117 644 201 679 τέρων
212 643 265 671 τῶν
276 645 426 679 γυναικῶν,
443 645 460 681 ἢ
473 646 548 681 παρὰ
559 645 613 673 τῶν
625 646 785 682 ἀδελφῶν,ῆ
801 648 910 683 ἐπιτρό-

117 698 182 722 πων,
197 690 214 726 ἢ
231 690 428 726 κουρατώρων,
445 691 461 726 ἢ
478 690 640 726 πατρώνων,
656 692 818 727 ἢδεσποτῶν
831 693 909 728 ἐλεγ-

117 736 225 772 χθέντες
250 736 456 771 φενενέσθωσαν
481 737 634 774 αὐτοχειρὶ,
660 738 781 773 μάλιστα.
795 738 842 766 ἐὰν
861 739 909 766 καὶ

116 782 314 818 γεγαμημένας
321 784 451 816 γυναῖκας
461 783 646 819 ἐπειράθησαν
654 784 787 820 ὰρπᾶσιιι.
796 785 832 812 Τὸ
841 785 908 812 αὐτὸ

115 828 143 855 δὲ
154 828 269 864 λέγομεν
285 829 333 859 καὶ
350 829 374 858 εἰ
387 829 513 865 μνηστήν
527 838 568 862 τις
584 830 652 857 ιδίαν
674 830 811 866 ἥρπασεν.
827 831 858 858 Et
875 831 904 859 δὲ

116 873 264 909 δυνηθῶσιν
281 875 305 901 oi
321 874 437 902 τοιοῦτοι
447 875 601 910 διαφυγεῖν,
617 876 666 903 καὶ
683 877 708 903 οι
721 877 750 904 ἐν
760 878 907 904 Κωνσταν‹

115 921 278 955 τινουπόλει,
291 921 338 949 καὶ
352 922 376 948 ol
393 922 422 950 ὲν
434 922 510 958 πάσῃ
522 922 599 958 χώρᾳ
614 922 746 959 ἄρχοντες
759 924 806 950 καὶ
818 933 904 960 στρα-
923 912 944 944 Β

115 966 244 1001 mum;
274 967 469 997 ἐκδικείτωσαν
497 969 529 997 τὸ
549 969 706 1004 γενόμενον.
735 969 906 1005 Κατέχοντες

114 1012 212 1044 αὐτοὺς
226 1013 273 1039 καὶ
287 1013 490 1049 τιμωρούμενοι
504 1013 554 1041 καὶ
575 1013 612 1050 μὴ
628 1015 836 1050 συγχωροῦντες
862 1016 909 1043 αὑ-

114 1059 168 1090 τοῖς
182 1058 382 1088 ἐκκαλέσασθαι
392 1059 440 1086 καὶ
452 1060 476 1086 εἰ
489 1060 538 1095 μὲν
560 1059 654 1087 δοῦλαί
673 1061 743 1088 εἰσιν
766 1062 794 1088 αἱ
814 1062 905 1097 ἁρπα-

114 1105 229 1140 γεῖσαιῆ
246 1104 439 1142 ἁπελεὺθεραι,
456 1106 481 1133 οἱ
497 1106 671 1141 ἁρπάσαντες
687 1107 906 1140 ὑποκείσθωσαν,

113 1150 176 1178 εἰδὲ
189 1151 237 1178 καὶ
273 1152 393 1186 εὐγενεῖς
421 1149 502 1188 ἦσαν,
524 1153 558 1179 τὰ
571 1153 726 1188 πράγματα
744 1152 800 1180 τῶν
817 1154 907 1188 ἁρπα-

92 1197 227 1230 σσάντων,
244 1190 292 1224 καὶ
307 1196 362 1224 τῶν
389 1197 560 1233 βοηθούντων
580 1199 609 1224 ὲν
622 1199 727 1231 αὐτοῖς,
742 1199 793 1234 τῆς
806 1199 905 1226 δεσπο-

113 1242 186 1276 τείας
199 1243 291 1270 αὐτῶν
306 1243 478 1277 γινέσθωσαν
490 1244 604 1279 προνοίᾳ
617 1244 671 1270 τῶν
688 1245 838 1280 ἀρχόντων,
859 1246 906 1274 καὶ

113 1287 165 1314 τῶν
178 1288 279 1321 γονέων
294 1289 334 1319 εις
351 1289 464 1323 προῖκα,
488 1289 504 1324 ἢ
521 1288 570 1316 ἐὰν
588 1289 626 1325 μὴ
649 1289 801 1324 βουληθῶσι
815 1291 907 1326 γαμῆ‹

113 1342 156 1360 σαι
169 1334 294 1369 κατέχειν
316 1333 403 1360 ταῦτα
420 1334 454 1361 τὰ
469 1336 630 1370 πράγματα.
646 1335 692 1370 Μὴ
712 1335 814 1367 ἐξέστω
829 1336 857 1363 δὲ
871 1339 905 1373 τῇ

111 1381 219 1412 γυναικὶ
233 1379 314 1406 αὑτὸν
324 1381 370 1406 τὸν
379 1380 544 1415 ἁρπάσαντα
552 1381 637 1416 ἄνδρα
645 1381 745 1415 λέγειν,
759 1382 826 1418 μηδὲ
839 1382 904 1414 τοὺς

114 1425 202 1458 γονεῖς
231 1424 314 1451 αὑτοῦ
338 1424 419 1451 τοῦτο
441 1425 510 1460 αὐτῇ
530 1425 663 1453 κελεύειν.
679 1426 712 1452 At
727 1426 755 1453 δὲ
768 1427 901 1462 τιμωρίαι

110 1470 157 1504 τῆς
166 1469 234 1497 διάτ.
249 1471 335 1497 πᾶσαι
345 1470 466 1496 ἔστωσαν
476 1470 537 1497 κατ’
548 1471 639 1498 αὐτῶν
649 1471 703 1499 τῶν
711 1472 903 1508 ἁρπασάντων,

111 1516 159 1543 καὶ
183 1516 376 1551 βοηθησάντων
392 1516 484 1548 αὐτοῖς
497 1518 526 1543 ὲν
542 1519 576 1553 τῇ
593 1518 718 1553 ἁρπαγῇ·
744 1519 768 1545 οἱ
799 1519 848 1553 μέν
863 1527 905 1547 τοι

111 1562 259 1594 συνειδότες
271 1562 318 1590 καὶ
333 1563 570 1598 ὑπηρετήσαστες,
585 1565 631 1592 καὶ
651 1565 676 1591 οἱ
695 1565 902 1601 ὑποδεξάμενοι,
917 1584 938 1613 c

109 1608 156 1634 καὶ
178 1607 334 1643 οίανδήτινα
359 1608 477 1643 σπουδὴν
500 1609 592 1641 αὐτοῖς
627 1611 836 1645 συνενεγκόντες
865 1614 899 1648 τῇ

108 1654 242 1691 εἰρημένῃ
252 1653 375 1689 τιμωρίᾳ
384 1654 601 1688 ὑποκείσθωσαν,
609 1657 663 1682 εῐτε
670 1656 840 1692 βουλομένων
846 1658 900 1685 τῶν

108 1700 259 1735 γυναικῦν,
284 1701 340 1727 εἴτε
366 1701 405 1736 μὴ
425 1701 596 1737 βουλομένων
613 1703 764 1739 ἠιὰρπαγὴ
779 1703 898 1738 γέγονεν.

108 1745 162 1773 Καὶ
176 1745 200 1771 oi
217 1745 306 1779 γονεῖς
322 1744 351 1771 δὲ
372 1745 422 1780 τῆς
445 1745 574 1779 γυναικὸς
603 1746 656 1773 κᾶν
682 1746 900 1783 ἀνεξικακήσωσι

106 1791 369 1826 περιοριζέσθωσαν.
387 1791 420 1818 Et
450 1790 479 1817 δὲ
510 1791 558 1818 καὶ
577 1790 669 1824 δοῦλος
693 1792 792 1828 εὑρεθῇ
811 1794 840 1820 ὲν
861 1793 899 1829 τῷ

107 1838 250 1872 πράγματι
261 1836 383 1863 καιέσθω
399 1836 496 1863 πασῶν
507 1836 561 1863 τῶν
574 1837 663 1865 ἄλλων
678 1838 819 1874 τιμωριῶν
836 1848 899 1875 σχο-

105 1881 256 1914 λαζουσῶν.

141 1955 296 1990 Κείμενον.
321 1953 378 1982 Καὶ
396 1953 468 1989 pret.
482 1953 538 1989 pC’.
549 1954 600 1981 τίτ.
615 1955 648 1989 β’,
664 1954 734 1982 διάτ.
752 1955 801 1989 λθ¹,
818 1956 900 1984 ὁδού-

103 2001 156 2036 λην
172 2001 317 2036 ἀλλοτρίαν
329 2009 359 2028 κ.
373 2009 400 2027 τ.
429 1999 454 2026 λ.
476 2007 562 2034 usque
578 2000 612 2027 ad
628 2001 653 2026 ει
677 2001 732 2036 γὰρ
751 2002 898 2037 συνῄνεσαν

103 2048 121 2082 ἢ
140 2047 178 2083 μὴ
194 2047 314 2082 περίεισι
346 2046 508 2082 φιακοῦνται
526 2047 561 2072 τὰ
589 2046 703 2076 τοιαῦτα
736 2049 897 2084 πράγματα.

139 2115 281 2151 Σχόλιον.
299 2115 336 2142 Τὸ
362 2114 402 2142 λθ¹
423 2114 494 2142 διάτ.
508 2114 555 2142 τοῦ
577 2114 600 2150 β’
613 2115 666 2142 τίτ.
687 2115 734 2142 τοῦ
751 2114 795 2151 pi,"
815 2116 897 2151 βιὸλη

101 2162 162 2188 ἔστι
175 2169 237 2196 κεφ.
254 2161 292 2188 λθ¹
309 2161 356 2188 τοῦ
368 2160 401 2196 ιβ’
415 2160 468 2188 τίτ.
485 2160 533 2187 τοῦ
555 2159 576 2193 ξ’
595 2160 666 2196 stat.
688 2161 774 2194 οὕτως
788 2162 849 2197 ἔχον
860 2163 896 2194 ὡς

102 2205 275 2241 συνωψίσθη.
292 2206 412 2233 Γίνωσκε
443 2207 471 2233 δὲ
491 2207 532 2233 ὅτι
555 2207 569 2232 ὁ
583 2206 700 2239 τοιοῦτος
719 2206 770 2232 κᾶν
798 2208 835 2243 μὴ
855 2208 898 2234 ὲν-

962 279 1010 308 111).
1026 288 1053 308 ιι
1074 280 1143 309 (iod.
1157 289 1211 309 non
1225 287 1268 310 est
1283 283 1372 318 posita
1397 284 1425 311 in
1442 283 1525 313 Basil.
1540 284 1632 321 Neque
1650 283 1754 322 [etiam]

962 325 1003 352 tit.
1032 325 1067 355 10
1086 326 1208 361 ejusdem
1237 327 1286 355 lib.
1313 336 1401 364 neque
1432 329 1476 358 11.
1493 330 1590 362 Const.
1616 333 1628 367 1
1657 332 1698 360 tit.
1722 334 1755 360 13

962 372 1009 399 lib.
1041 380 1067 400 Ix
1092 372 1161 403 Cod.
1186 378 1229 402 est
1255 382 1316 411 cap.
1344 376 1356 402 1
1386 376 1428 404 tit.
1459 376 1496 405 ὗε
1519 378 1569 406 lib.
1595 386 1640 411 ιι,
1673 385 1756 415 atque

963 418 1051 452 ipsum
1064 420 1174 454 quidem
1209 421 1344 451 insertum
1373 427 1415 450 est
1434 422 1470 453 29
1489 431 1549 461 cap.
1573 426 1714 461 praesentis
1737 426 1755 454 9

962 464 1002 490 tit.
1031 465 1105 492 circa
1128 465 1210 493 tinem
1232 474 1240 492 :
1263 467 1324 502 ejus
1340 473 1433 499 autem
1447 469 1464 496 ‘2
1478 469 1571 498 thema
1586 470 1646 501 hac
1663 472 1730 501 dicit
1746 482 1753 499 :

962 507 991 535 Si
1007 510 1099 545 itaque
1114 519 1147 538 ex
1164 511 1207 539 his
1224 512 1361 548 quispiam
1375 519 1423 542 aut
1439 522 1453 540 τι
1473 515 1619 546 mulierum
1635 518 1754 552 parenti-

961 555 1024 589 bus,
1038 561 1086 586 aut
1105 556 1252 591 fratribus,
1268 563 1317 586 aut
1331 560 1479 594 tutoribus,
1498 566 1546 590 aut
1566 564 1753 599 curatoribus,

962 607 1011 631 aut
1040 604 1174 638 patronis,
1200 609 1248 632 aut
1274 605 1393 634 dominis
1417 606 1444 634 in
1472 607 1532 643 ipso
1559 613 1640 644 raptu
1672 610 1754 640 fuerit

960 648 1197 683 comprehensus:
1212 650 1356 678 convictus
1376 653 1498 687 propriis
1517 653 1640 688 ipsorum
1661 656 1753 685 mani-

961 693 1013 722 bus
1028 694 1188 722 interlicitor
1198 704 1204 722 :
1214 697 1365 730 praesertim
1380 697 1469 734 [vero]
1480 699 1503 727 si
1516 700 1645 729 mulieres
1656 705 1756 737 nuptas

961 747 1057 774 rapere
1073 741 1163 769 conati
1188 741 1299 770 fuerint.
1317 745 1407 778 Atque
1433 745 1486 772 hoc
1511 746 1601 780 ipsum
1625 747 1754 780 dicimus.

960 784 984 811 si
1001 785 1063 819 quis
1079 785 1175 814 saltem
1193 794 1324 821 sponsam
1340 797 1419 817 suam
1435 792 1566 827 rapuerit.
1580 793 1632 821 Sed
1649 795 1671 822 si
1687 795 1756 823 tales

960 830 1079 866 ell‘ugere
1101 833 1240 866 potuerint
1257 842 1263 860 :
1281 839 1308 862 et
1330 834 1568 874 Constantinopoli
1589 844 1616 871 et
1638 841 1755 871 ubicun-

961 884 1014 911 que
1031 881 1168 906 tcrrarum
1193 881 1371 916 magistratus
1390 887 1473 918 atque
1490 886 1614 920 magistri
1635 887 1753 920 militum

959 932 1018 952 eam
1048 933 1106 954 rem
1137 927 1304 961 vindicanto,
1327 931 1442 966 ipsoque
1467 935 1682 969 comprehensus
1703 945 1756 972 pu-

959 970 1068 1005 niunto,
1081 980 1231 1007 provocare
1245 974 1313 1010 ipsis
1330 984 1384 1004 non
1401 979 1592 1011 concedentes.
1605 980 1638 1008 Et
1652 982 1675 1009 si
1692 970 1754 1017 qni-

958 1016 1019 1044 dem
1047 1017 1199 1056 [mulieres]
1221 1027 1305 1056 raptae
1332 1024 1438 1053 ancillae
1461 1026 1502 1054 vel
1526 1026 1660 1058 libertinae
1686 1016 1751 1063 sint,

957 1066 1084 1097 raptores
1102 1064 1196 1100 utique
1212 1064 1372 1104 [supplicio]
1396 1070 1507 1099 obnoxii
1528 1076 1627 1105 sunto;
1644 1073 1666 1101 si
1688 1081 1754 1103 vero

958 1107 1094 1143 ingenuae,
1111 1117 1155 1138 res
1170 1118 1324 1147 raptorum,
1338 1122 1489 1155 eorumque
1501 1117 1548 1151 qui
1561 1118 1602 1146 eis
1617 1119 1752 1147 auxilium

958 1155 1135 1189 prmbuerint,
1163 1156 1286 1194 ipsarum
1317 1160 1439 1188 dominio
1464 1162 1584 1191 cedunto
1608 1172 1615 1190 :
1646 1164 1751 1201 [idque]

958 1200 1128 1234 providentia
1144 1202 1259 1230 divitum
1271 1203 1395 1239 judicum
1409 1211 1492 1241 atque
1510 1213 1654 1242 parentum
1673 1219 1679 1237 :
1697 1200 1751 1246 [ut]

957 1243 1010 1272 illa:
1027 1252 1070 1273 res
1087 1246 1115 1273 in
1129 1247 1220 1274 dotem
1240 1248 1320 1284 [ipsis
1343 1252 1501 1285 procedant,
1517 1253 1575 1290 ant]
1600 1254 1622 1281 si
1646 1243 1752 1283 nuli-ere

957 1290 1054 1323 nolint,
1068 1290 1159 1326 [pleno
1169 1293 1231 1327 jure
1247 1294 1282 1321 ab
1295 1295 1374 1332 ipsis]
1387 1298 1591 1331 possideantur.
1605 1299 1639 1327 Ut
1659 1306 1749 1329 autem

957 1336 1057 1363 mulier
1080 1337 1169 1372 ipsum
1196 1345 1332 1375 raptorem
1361 1342 1386 1369 in
1413 1344 1541 1371 maritum
1569 1345 1677 1381 deligat,
1704 1355 1752 1377 aut

957 1387 1087 1416 parentes
1099 1383 1158 1418 ejus
1181 1384 1207 1412 id
1229 1385 1280 1420 ipsi
1302 1387 1427 1421 jubeant,
1450 1389 1576 1417 illicitum
1602 1398 1671 1420 esto.
1696 1393 1752 1420 Ra-

956 1428 1081 1462 ptoribus
1107 1437 1201 1464 porro,
1229 1436 1257 1459 et
1283 1433 1329 1468 qui
1359 1433 1386 1461 in
1412 1440 1491 1470 raptu
1520 1438 1651 1466 auxilium
1681 1441 1750 1476 ipsis

956 1473 1142 1507 praebuerunt,
1173 1483 1269 1505 omnes
1294 1480 1502 1510 constitutionis
1527 1490 1616 1518 pcenaa
1641 1473 1751 1514 incrim-

955 1518 1043 1545 bunto
1067 1529 1073 1546 :
1098 1521 1202 1549 conscii
1227 1528 1318 1552 autem
1345 1529 1373 1552 et
1399 1526 1532 1561 ministri,
1555 1530 1658 1566 quique
1685 1532 1746 1560 illos

956 1571 1151 1601 susceperunt,
1183 1573 1230 1595 aut
1259 1577 1451 1608 quamcunque
1483 1581 1562 1610 opem
1587 1577 1749 1613 attulerunt,

956 1609 1058 1647 [prius]
1073 1611 1153 1640 dictu‘
1168 1621 1266 1648 parum,
1281 1617 1339 1644 sive
1348 1609 1507 1647 volentibus?
1517 1621 1679 1651 mulieribus
1694 1609 1750 1652 sive

954 1656 1114 1686 nolentibus
1125 1664 1219 1693 raptus
1230 1660 1318 1689 factus
1338 1662 1384 1696 sit,
1403 1664 1574 1700 subjacento.
1591 1666 1747 1700 Quinetiam

952 1703 1076 1732 mulieris
1095 1711 1234 1740 parentes,
1263 1708 1285 1735 si
1310 1707 1440 1746 [raptum]
1463 1713 1599 1746 patienter
1620 1714 1749 1748 tulerint,

951 1748 1136 1783 deportantor.
1163 1751 1191 1780 Si
1219 1761 1283 1780 vero
1301 1761 1398 1787 servus
1416 1757 1499 1789 etiam
1519 1758 1545 1786 in
1561 1766 1593 1788 ea
1609 1768 1638 1788 re
1653 1761 1750 1798 depre—

950 1794 1096 1830 hendatur,
1125 1797 1172 1835 [is]
1202 1800 1331 1830 omnibus
1362 1802 1424 1833 aliis
1457 1806 1546 1839 poenis
1578 1794 1748 1842 cessantibus

950 1848 1153 1872 concremator.

988 1954 1098 1983 Tenus.
1128 1956 1161 1983 Et
1186 1958 1233 1985 lib.
1262 1959 1307 1991 17,
1337 1961 1379 1988 tit.
1406 1961 1439 1994 2,
1468 1963 1566 1999 digest.
1598 1966 1633 1994 59
1660 1975 1667 1994 :
1695 1968 1746 2001 Qui

953 2003 1136 2036 meretricem,
1162 2009 1230 2037 ctc.,
1260 2013 1341 2041 usque
1368 2008 1403 2034 ad
1433 2009 1576 2038 conliscaii
1609 2014 1686 2047 dicit,
1719 2021 1748 2042 ut

949 2056 1010 2082 pag.
1027 2048 1090 2076 790.

985 2115 1130 2143 Scltolium.
1165 2117 1267 2152 Digest.
1293 2119 1329 2146 59
1353 2119 1394 2147 tit.
1409 2120 1426 2147 2
1443 2120 1490 2148 lib.
1521 2130 1593 2151 xtvn
1618 2130 1660 2153 est
1683 2135 1746 2163 cap.

950 2162 984 2189 59
1001 2163 1042 2190 tit.
1058 2163 1090 2189 12
1112 2163 1157 2190 lib.
1183 2172 1228 2194 tv.
1250 2163 1334 2200 [quod
1350 2165 1466 2203 habet],
1484 2173 1514 2195 ut
1539 2169 1565 2196 in
1580 2162 1745 2207 compendio

950 2208 1121 2243 propositum
1154 2213 1205 2236 est.
1228 2209 1304 2237 Scias
1327 2215 1429 2244 tamen,
1451 2214 1525 2248 quod
1548 2218 1656 2244 tametsi
1683 2220 1745 2248 talis

100 2255 200 2290 έχηται
212 2254 250 2286 ὡς
265 2253 385 2293 κλέπτης
407 2253 424 2289 ἢ
441 2253 478 2285 ὡς
508 2253 733 2288 ἀνδραποδιστὴς,
748 2254 816 2280 ἀλλὰ
826 2263 895 2290 χρη-ν

955 2262 981 2281 nt
1002 2255 1045 2282 fur
1065 2261 1112 2282 aut
1130 2256 1278 2291 plagiarius
1292 2265 1347 2285 non
1364 2262 1511 2287 teneatur:
1527 2263 1686 2296 pecuniarie
1705 2271 1746 2294 ta-

100 2299 227 2337 ματικῶς
243 2301 407 2336 τιμωρεῖται
421 2299 496 2334 παρὰ
510 2299 556 2326 τοῦ
569 2299 711 2336 ἄρχοντος,
726 2300 772 2326 καὶ
789 2309 894 2336 σωψρο-

97 2346 219 2379 νίζεται.
271 2346 326 2373 Καὶ
367 2345 444 2381 ζήτει
486 2345 557 2381 θέμα
603 2346 806 2382 παρατέλευτον
843 2347 892 2374 τοῦ

95 2392 139 2425 λζ’
163 2392 219 2419 τίτ.
244 2391 290 2418 τοῦ
311 2391 394 2418 αὑτοῦ
421 2390 441 2424 ξ’
463 2391 534 2426 βιϐλ.
555 2391 634 2426 λέγον
656 2392 721 2429 περὶ
753 2393 783 2419 τὸ
806 2393 894 2427 τέλος,

101 2439 134 2466 Ὀ
155 2438 186 2465 δὲ
202 2439 242 2469 είς
268 2437 411 2473 ἀλλοτρίαν
436 2437 532 2474 δούλην
547 2437 686 2474 πορνεύων
702 2439 757 2466 τῶν
786 2439 836 2475 μὲν
852 2440 895 2466 εὑ.

94 2485 195 2520 πόρων
210 2485 353 2520 ὑπάρχων,
366 2484 511 2519 παρεχέτω
527 2485 596 2521 ὑπὲρ
612 2485 659 2512 τοῦ
670 2485 840 2521 πταίσματος
856 2486 896 2522 τῷ

91 2530 218 2566 δεσπότῃ
245 2531 295 2566 τῆς
309 2530 407 2565 δούλης
424 2530 579 2565 νομίσματα
605 2531 661 2563 λς’.
690 2531 761 2558 Είδὲ
783 2532 895 2569 εὐτελὴς

90 2576 154 2610 εἴη,
167 2575 325 2607 τυπτέσθω,
340 2574 388 2601 καὶ
405 2575 466 2602 καθ’
487 2575 548 2602 ὅσον
576 2577 688 2612 εὐπορεῖ
714 2579 784 2605 κατὰ
799 2578 896 2605 ἀναλο-

90 2622 162 2657 γίαν
174 2622 228 2649 τῶν
241 2622 285 2654 λς’
303 2622 479 2658 νομισμάτων
489 2622 594 2669 διδότω.
620 2623 656 2649 Τὸ
674 2623 714 2650 κθ¹
724 2624 794 2652 διάτ.
814 2626 861 2653 τοῦ
874 2630 894 2653 ε’

87 2668 150 2700 τίτ,
169 2668 218 2695 τοῦ
232 2671 278 2704 μη¹
288 2667 372 2702 βιϐλ.,
385 2667 442 2693 ἔστι
458 2667 530 2702 θέμα
545 2667 700 2695 τελευταῖον
715 2670 761 2696 τοῦ
777 2671 817 2697 κο¹
830 2680 892 2706 κεφ.

86 2715 143 2742 τοῦ
159 2715 199 2748 λζ’
212 2715 264 2742 τίτ.
280 2714 328 2742 τοῦ
347 2714 366 2747 ξ’
381 2714 452 2749 βιϐλ.
466 2714 553 2746 οὕτως
578 2715 640 2750 ἔχον
671 2716 708 2748 ὼς
723 2717 841 2754 ἐγράφη,
857 2719 894 2745 Τὸ

85 2762 118 2788 δὲ
136 2764 158 2788 ε’
173 2761 243 2788 διάτ.
255 2761 302 2788 τοῦ
319 2765 346 2792 ς’
375 2761 429 2790 τίτ.
444 2761 490 2788 τοῦ
513 2765 558 2797 μη’
588 2761 660 2797 βίϐλ.
679 2762 734 2790 τῶν
754 2764 824 2792 διάτ.
836 2765 893 2792 ἔστι

86 2808 170 2840 θέμα
191 2806 213 2842 β’
225 2808 272 2834 τοῦ
285 2807 307 2834 ε’
337 2816 400 2842 κεφ.
425 2807 472 2835 τοῦ
490 2811 524 2843 ιη’
547 2808 600 2837 τίτ.
620 2808 668 2835 τοῦ
683 2808 703 2843 ξ’
718 2809 788 2845 βιόλ.
805 2811 892 2844 οὕτως

84 2855 157 2889 ἔχον
171 2853 211 2885 ὡς
229 2854 347 2890 ἐγράφη.
362 2854 395 2880 ’11
407 2857 432 2881 α’
446 2854 516 2881 διάτ.
531 2855 576 2882 τοῦ
591 2853 615 2881 α’
629 2855 681 2882 τίτ.
699 2856 754 2882 τῶν
768 2857 892 2893 Νεαρῶν,

83 2901 154 2927 ἐστι
178 2908 243 2934 κεφ.
265 2899 298 2934 ιβ’
317 2901 365 2935 τῆς
381 2900 418 2933 ς’.
434 2901 535 2937 νεαρᾶς
548 2901 595 2928 τοῦ
619 2901 817 2937 Ίουστινιανοῦ,
843 2906 893 2932 ούκ

223 2946 361 2978 ΡΑΤιιοι.
381 2949 438 2979 Gn.
457 2950 535 2980 CIV.

951 2309 1012 2328 men
1028 2309 1043 2328 a
1069 2301 1231 2337 magistratu
1246 2303 1378 2337 puniatur
1402 2309 1430 2332 et
1451 2308 1609 2342 castigetur.
1631 2310 1744 2346 Qnmras

948 2346 1030 2374 etiam
1048 2348 1137 2374 thema
1149 2347 1274 2374 ultimum
1290 2348 1331 2375 lit.
1355 2348 1388 2376 37
1405 2349 1454 2378 lib.
1475 2359 1521 2383 nx.
1537 2353 1610 2388 quod
1623 2355 1695 2385 circa
1713 2357 1744 2384 li-

948 2399 1011 2419 nem
1036 2391 1104 2419 dicit
1117 2401 1123 2418 :
1136 2391 1188 2425 Qui
1209 2393 1327 2420 alienam
1351 2395 1479 2422 ancillam
1498 2403 1615 2432 stuprat,
1632 2400 1653 2426 si
1668 2401 1744 2430 dives

947 2442 1000 2471 est,
1019 2446 1068 2473 pro
1097 2438 1197 2466 delicto
1219 2447 1318 2467 aureos
1339 2441 1450 2476 triginta
1472 2450 1518 2470 sex
1535 2445 1641 2473 ancilla
1653 2447 1742 2475 domi-

948 2492 984 2511 no
1001 2485 1139 2520 praebeto:
1160 2486 1183 2513 si
1201 2493 1266 2513 vero
1288 2486 1362 2521 vilis,
1376 2488 1545 2523 verberator,
1567 2495 1593 2518 ct
1606 2499 1743 2526 quatenus

947 2529 1038 2558 facere
1052 2534 1151 2565 potest,
1172 2531 1281 2565 triginta
1300 2539 1347 2559 sex
1366 2540 1464 2560 aure0s
1480 2534 1554 2563 dato.
1573 2536 1675 2571 Digest.
1693 2539 1740 2571 29,

948 2576 1159 2604 tit.5|ib.xt.vm
1178 2584 1218 2605 est
1240 2577 1330 2605 thema
1342 2578 1390 2606 ult.
1414 2587 1473 2615 cap.
1494 2580 1528 2608 29
1540 2581 1580 2609 tit.
1593 2582 1738 2618 37lib.Lx,

947 2623 1020 2658 quod
1040 2622 1076 2650 ita
1095 2623 1187 2656 habet,
1202 2627 1232 2650 ut
1250 2623 1382 2658 scriptum
1399 2630 1450 2653 est.
1474 2625 1533 2661 Dig.
1550 2627 1567 2655 5
1585 2628 1625 2656 tit.
1650 2629 1666 2657 6
1690 2631 1738 2659 lib.

946 2670 1329 2706 XLvaig.estthema2cap.
1350 2671 1367 2699 5
1381 2672 1422 2699 tit.
1443 2672 1531 2700 lSlib.
1550 2677 1739 2714 Lx,quodha-

945 2717 1000 2748 bet,
1010 2717 1149 2752 quomodo
1168 2717 1300 2751 scriptum
1313 2721 1363 2744 est.
1376 2717 1492 2746 Constit.
1510 2719 1522 2746 1
1534 2719 1574 2748 tit.
1592 2720 1739 2750 ‘lNovella-

945 2773 1006 2792 rum
1013 2768 1054 2792 est
1063 2772 1122 2799 cap.
1134 2764 1167 2791 12
1177 2762 1288 2791 ιιονθιιεὲ
1295 2763 1442 2792 Iustiniani
1455 2765 1481 2798 6,
1490 2766 1536 2794 sed
1546 2775 1599 2794 non
1610 2773 1651 2795 cst
1662 2771 1737 2804 posi-

946 2817 973 2840 ta
985 2812 1011 2839 in
1023 2811 1106 2838 Basil.
1118 2810 1227 2838 Novella
1241 2811 1284 2845 i7,
1294 2819 1355 2846 qua:
1370 2811 1403 2839 de
1415 2812 1550 2840 mundalis
1563 2813 1686 2848 disserit,
1697 2821 1740 2844 est

945 2858 1046 2894 cap.2l
1058 2858 1212 2885 tit.5lib.rt
1232 2857 1303 2884 Basil
1320 2858 1407 2892 ,qnod
1427 2858 1523 2885 haecad
1533 2859 1644 2887 verbum
1655 2861 1736 2890 dicit:

945 2906 1080 2934 Caterum
1094 2904 1287 2940 homicitlis,_et
1296 2903 1437 2938 adulteris,
1450 2909 1591 2939 ctraptnm
1602 2907 1736 2944 virginum
