  <div class='ocr_page' id='page_1' title='image "/cluster/home/n/w/nwhite01/storage/ocr_20150623/104/njp.32101077772885/573.png"; bbox 0 0 1956 3049; ppageno 0'>
   <div class='ocr_carea' id='block_1_1' title="bbox 234 152 300 185">
    <p class='ocr_par' dir='ltr' id='par_1_1' title="bbox 234 152 300 185">
     <span class='ocr_line' id='line_1_1' title="bbox 234 152 300 185; baseline -0.015 0"><span class='ocrx_word' id='word_1_1' title='bbox 234 152 300 185; x_wconf 89' lang='grc'>1131</span> 
     </span>
    </p>
   </div>
   <div class='ocr_carea' id='block_1_2' title="bbox 825 134 1304 184">
    <p class='ocr_par' dir='ltr' id='par_1_2' title="bbox 825 134 1304 184">
     <span class='ocr_line' id='line_1_2' title="bbox 825 134 1304 184; baseline 0 -1"><span class='ocrx_word' id='word_1_2' title='bbox 825 152 958 183; x_wconf 84' lang='lat' dir='ltr'><strong>PHOTII</strong></span> <span class='ocrx_word' id='word_1_3' title='bbox 978 134 1230 184; x_wconf 57' lang='lat' dir='ltr'><strong>PATI’tIARCHE</strong></span> <span class='ocrx_word' id='word_1_4' title='bbox 1250 153 1304 184; x_wconf 88' lang='lat' dir='ltr'><strong>CP.</strong></span> 
     </span>
    </p>
   </div>
   <div class='ocr_carea' id='block_1_3' title="bbox 1794 153 1852 186">
    <p class='ocr_par' dir='ltr' id='par_1_3' title="bbox 1794 153 1852 186">
     <span class='ocr_line' id='line_1_3' title="bbox 1794 153 1852 186; baseline 0 -1"><span class='ocrx_word' id='word_1_5' title='bbox 1794 153 1852 186; x_wconf 73' lang='lat'><strong>1132</strong></span> 
     </span>
    </p>
   </div>
   <div class='ocr_carea' id='block_1_4' title="bbox 231 207 1017 245">
    <p class='ocr_par' dir='ltr' id='par_1_4' title="bbox 231 208 1017 245">
     <span class='ocr_line' id='line_1_4' title="bbox 231 208 1017 245; baseline -0.004 -8"><span class='ocrx_word' id='word_1_6' title='bbox 231 211 466 237; x_wconf 74' lang='lat' dir='ltr'><strong>connnittcntibus</strong></span> <span class='ocrx_word' id='word_1_7' title='bbox 480 209 550 236; x_wconf 88' lang='lat' dir='ltr'><strong>intra</strong></span> <span class='ocrx_word' id='word_1_8' title='bbox 568 208 684 245; x_wconf 77' lang='lat' dir='ltr'><strong>[sacros]</strong></span> <span class='ocrx_word' id='word_1_9' title='bbox 703 208 835 236; x_wconf 72' lang='lat' dir='ltr'><strong>terminos</strong></span> <span class='ocrx_word' id='word_1_10' title='bbox 855 208 1017 236; x_wconf 79' lang='lat' dir='ltr'><strong>securitatcn</strong></span> 
     </span>
    </p>
   </div>
   <div class='ocr_carea' id='block_1_5' title="bbox 1077 207 1853 245">
    <p class='ocr_par' dir='ltr' id='par_1_5' title="bbox 1083 207 1853 244">
     <span class='ocr_line' id='line_1_5' title="bbox 1083 207 1853 244; baseline 0.004 -10"><span class='ocrx_word' id='word_1_11' title='bbox 1083 208 1163 244; x_wconf 75' lang='grc' dir='ltr'>ἐτέθη</span> <span class='ocrx_word' id='word_1_12' title='bbox 1177 208 1206 235; x_wconf 77' lang='grc' dir='ltr'>δὲ</span> <span class='ocrx_word' id='word_1_13' title='bbox 1218 210 1258 240; x_wconf 80' lang='grc' dir='ltr'>εἰς</span> <span class='ocrx_word' id='word_1_14' title='bbox 1269 208 1303 235; x_wconf 83' lang='grc' dir='ltr'><strong>τὰ</strong></span> <span class='ocrx_word' id='word_1_15' title='bbox 1316 207 1459 236; x_wconf 77' lang='grc' dir='ltr'>Βασιλικά.</span> <span class='ocrx_word' id='word_1_16' title='bbox 1485 207 1516 235; x_wconf 84' lang='grc' dir='ltr'><em>Ἦ</em></span> <span class='ocrx_word' id='word_1_17' title='bbox 1539 207 1605 243; x_wconf 76' lang='grc' dir='ltr'>περὶ</span> <span class='ocrx_word' id='word_1_18' title='bbox 1632 207 1768 243; x_wconf 81' lang='grc' dir='ltr'>μανδάτων</span> <span class='ocrx_word' id='word_1_19' title='bbox 1777 210 1853 237; x_wconf 79' lang='grc' dir='ltr'>διαλε-</span> 
     </span>
    </p>
   </div>
   <div class='ocr_carea' id='block_1_6' title="bbox 238 255 1029 289">
    <p class='ocr_par' dir='ltr' id='par_1_6' title="bbox 238 255 1029 289">
     <span class='ocr_line' id='line_1_6' title="bbox 238 255 1029 289; baseline -0.001 -7"><span class='ocrx_word' id='word_1_20' title='bbox 238 264 292 282; x_wconf 91' lang='lat' dir='ltr'><strong>non</strong></span> <span class='ocrx_word' id='word_1_21' title='bbox 301 256 422 283; x_wconf 78' lang='lat' dir='ltr'><strong>servabis</strong></span> <span class='ocrx_word' id='word_1_22' title='bbox 439 265 446 283; x_wconf 89' lang='lat'><strong>:</strong></span> <span class='ocrx_word' id='word_1_23' title='bbox 460 255 507 283; x_wconf 81' lang='lat' dir='ltr'><strong>sed</strong></span> <span class='ocrx_word' id='word_1_24' title='bbox 520 255 583 282; x_wconf 90' lang='lat' dir='ltr'><strong>inde</strong></span> <span class='ocrx_word' id='word_1_25' title='bbox 595 264 642 282; x_wconf 83' lang='lat' dir='ltr'><strong>eos</strong></span> <span class='ocrx_word' id='word_1_26' title='bbox 658 255 812 287; x_wconf 84' lang='lat' dir='ltr'><strong>abstrahes,</strong></span> <span class='ocrx_word' id='word_1_27' title='bbox 826 259 852 282; x_wconf 89' lang='lat' dir='ltr'><strong>et</strong></span> <span class='ocrx_word' id='word_1_28' title='bbox 865 255 1029 289; x_wconf 83' lang='lat' dir='ltr'><strong>supplicium</strong></span> 
     </span>
    </p>
   </div>
   <div class='ocr_carea' id='block_1_7' title="bbox 180 300 1030 336">
    <p class='ocr_par' dir='ltr' id='par_1_7' title="bbox 180 300 1030 336">
     <span class='ocr_line' id='line_1_7' title="bbox 180 300 1030 336; baseline -0.002 -6"><span class='ocrx_word' id='word_1_29' title='bbox 180 328 182 330; x_wconf 93' lang='lat'><strong>.</strong></span> <span class='ocrx_word' id='word_1_30' title='bbox 238 302 297 329; x_wconf 82' lang='lat' dir='ltr'><strong>illis</strong></span> <span class='ocrx_word' id='word_1_31' title='bbox 308 302 450 336; x_wconf 62' lang='lat' dir='ltr'><strong>iri-rigabis.</strong></span> <span class='ocrx_word' id='word_1_32' title='bbox 461 301 553 336; x_wconf 86' lang='lat' dir='ltr'><strong>Neque</strong></span> <span class='ocrx_word' id='word_1_33' title='bbox 560 302 630 329; x_wconf 89' lang='lat' dir='ltr'><strong>enim</strong></span> <span class='ocrx_word' id='word_1_34' title='bbox 639 301 681 328; x_wconf 90' lang='lat' dir='ltr'><strong>his</strong></span> <span class='ocrx_word' id='word_1_35' title='bbox 691 301 737 336; x_wconf 88' lang='lat' dir='ltr'><strong>qui</strong></span> <span class='ocrx_word' id='word_1_36' title='bbox 745 300 778 327; x_wconf 87' lang='lat' dir='ltr'><strong>ad</strong></span> <span class='ocrx_word' id='word_1_37' title='bbox 788 301 860 328; x_wconf 84' lang='lat' dir='ltr'><strong>hunc</strong></span> <span class='ocrx_word' id='word_1_38' title='bbox 868 301 1030 336; x_wconf 87' lang='lat' dir='ltr'><strong>delinquunt</strong></span> 
     </span>
    </p>
   </div>
   <div class='ocr_carea' id='block_1_8' title="bbox 237 346 1030 382">
    <p class='ocr_par' dir='ltr' id='par_1_8' title="bbox 237 346 1030 382">
     <span class='ocr_line' id='line_1_8' title="bbox 237 346 1030 382; baseline -0.001 -8"><span class='ocrx_word' id='word_1_39' title='bbox 237 348 362 375; x_wconf 88' lang='lat' dir='ltr'><strong>modum:</strong></span> <span class='ocrx_word' id='word_1_40' title='bbox 373 347 419 375; x_wconf 90' lang='lat' dir='ltr'><strong>sed</strong></span> <span class='ocrx_word' id='word_1_41' title='bbox 430 348 546 377; x_wconf 68' lang='lat' dir='ltr'><strong>caeteris.</strong></span> <span class='ocrx_word' id='word_1_42' title='bbox 554 347 628 374; x_wconf 86' lang='lat' dir='ltr'><strong>neab</strong></span> <span class='ocrx_word' id='word_1_43' title='bbox 637 346 848 382; x_wconf 85' lang='lat' dir='ltr'><strong>improbioribus</strong></span> <span class='ocrx_word' id='word_1_44' title='bbox 856 346 917 373; x_wconf 89' lang='lat' dir='ltr'><strong>talia</strong></span> <span class='ocrx_word' id='word_1_45' title='bbox 928 347 1030 381; x_wconf 74' lang='lat' dir='ltr'><strong>patian-</strong></span> 
     </span>
    </p>
   </div>
   <div class='ocr_carea' id='block_1_9' title="bbox 231 391 1026 428">
    <p class='ocr_par' dir='ltr' id='par_1_9' title="bbox 231 391 1026 428">
     <span class='ocr_line' id='line_1_9' title="bbox 231 391 1026 428; baseline -0.003 -8"><span class='ocrx_word' id='word_1_46' title='bbox 231 399 285 425; x_wconf 87' lang='lat' dir='ltr'><strong>tur,</strong></span> <span class='ocrx_word' id='word_1_47' title='bbox 296 394 421 420; x_wconf 76' lang='lat' dir='ltr'><strong>convenit</strong></span> <span class='ocrx_word' id='word_1_48' title='bbox 430 400 550 428; x_wconf 83' lang='lat' dir='ltr'><strong>parcere.</strong></span> <span class='ocrx_word' id='word_1_49' title='bbox 557 392 710 420; x_wconf 57' lang='lat' dir='ltr'><strong>Praesertim</strong></span> <span class='ocrx_word' id='word_1_50' title='bbox 720 391 796 428; x_wconf 86' lang='lat' dir='ltr'><strong>[vero</strong></span> <span class='ocrx_word' id='word_1_51' title='bbox 804 391 878 427; x_wconf 88' lang='lat' dir='ltr'><strong>cum]</strong></span> <span class='ocrx_word' id='word_1_52' title='bbox 886 399 1026 419; x_wconf 84' lang='lat' dir='ltr'><strong>sacrorum</strong></span> 
     </span>
    </p>
   </div>
   <div class='ocr_carea' id='block_1_10' title="bbox 237 437 1024 475">
    <p class='ocr_par' dir='ltr' id='par_1_10' title="bbox 237 437 1024 475">
     <span class='ocr_line' id='line_1_10' title="bbox 237 437 1024 475; baseline -0.003 -9"><span class='ocrx_word' id='word_1_53' title='bbox 237 437 385 475; x_wconf 77' lang='lat' dir='ltr'><strong>[lucorum]</strong></span> <span class='ocrx_word' id='word_1_54' title='bbox 402 439 562 466; x_wconf 88' lang='lat' dir='ltr'><strong>immunitas</strong></span> <span class='ocrx_word' id='word_1_55' title='bbox 577 446 592 464; x_wconf 89' lang='lat' dir='ltr'><strong>a</strong></span> <span class='ocrx_word' id='word_1_56' title='bbox 606 438 664 473; x_wconf 76' lang='lat' dir='ltr'><strong>lege</strong></span> <span class='ocrx_word' id='word_1_57' title='bbox 681 445 732 465; x_wconf 91' lang='lat' dir='ltr'><strong>non</strong></span> <span class='ocrx_word' id='word_1_58' title='bbox 756 437 962 472; x_wconf 72' lang='lat' dir='ltr'><strong>injuriantibus,</strong></span> <span class='ocrx_word' id='word_1_59' title='bbox 977 437 1024 464; x_wconf 84' lang='lat' dir='ltr'><strong>sed</strong></span> 
     </span>
    </p>
   </div>
   <div class='ocr_carea' id='block_1_11' title="bbox 231 482 1027 520">
    <p class='ocr_par' dir='ltr' id='par_1_11' title="bbox 231 482 1027 520">
     <span class='ocr_line' id='line_1_11' title="bbox 231 482 1027 520; baseline -0.004 -8"><span class='ocrx_word' id='word_1_60' title='bbox 231 485 336 512; x_wconf 68' lang='lat' dir='ltr'><strong>alfectis</strong></span> <span class='ocrx_word' id='word_1_61' title='bbox 354 485 453 520; x_wconf 83' lang='lat' dir='ltr'><strong>injuria</strong></span> <span class='ocrx_word' id='word_1_62' title='bbox 465 491 596 512; x_wconf 85' lang='lat' dir='ltr'><strong>concessa</strong></span> <span class='ocrx_word' id='word_1_63' title='bbox 615 484 661 511; x_wconf 67' lang='lat' dir='ltr'><strong>sit.</strong></span> <span class='ocrx_word' id='word_1_64' title='bbox 677 485 765 518; x_wconf 85' lang='lat' dir='ltr'><strong>Atque</strong></span> <span class='ocrx_word' id='word_1_65' title='bbox 776 482 868 519; x_wconf 74' lang='lat' dir='ltr'><strong>[adeo]</strong></span> <span class='ocrx_word' id='word_1_66' title='bbox 883 491 918 510; x_wconf 76' lang='lat' dir='ltr'><strong>ne</strong></span> <span class='ocrx_word' id='word_1_67' title='bbox 938 483 1027 518; x_wconf 86' lang='lat' dir='ltr'><strong>possi-</strong></span> 
     </span>
    </p>
   </div>
   <div class='ocr_carea' id='block_1_12' title="bbox 231 529 1025 566">
    <p class='ocr_par' dir='ltr' id='par_1_12' title="bbox 231 529 1025 566">
     <span class='ocr_line' id='line_1_12' title="bbox 231 529 1025 566; baseline -0.003 -8"><span class='ocrx_word' id='word_1_68' title='bbox 231 531 284 558; x_wconf 81' lang='lat' dir='ltr'><strong>bile</strong></span> <span class='ocrx_word' id='word_1_69' title='bbox 311 529 444 566; x_wconf 73' lang='lat' dir='ltr'><strong>[quidem]</strong></span> <span class='ocrx_word' id='word_1_70' title='bbox 460 531 506 562; x_wconf 87' lang='lat' dir='ltr'><strong>sil,</strong></span> <span class='ocrx_word' id='word_1_71' title='bbox 525 535 555 557; x_wconf 89' lang='lat' dir='ltr'><strong>ut</strong></span> <span class='ocrx_word' id='word_1_72' title='bbox 570 535 695 565; x_wconf 87' lang='lat' dir='ltr'><strong>uterque,</strong></span> <span class='ocrx_word' id='word_1_73' title='bbox 710 535 763 558; x_wconf 84' lang='lat' dir='ltr'><strong>tam</strong></span> <span class='ocrx_word' id='word_1_74' title='bbox 779 531 826 565; x_wconf 85' lang='lat' dir='ltr'><strong>qui</strong></span> <span class='ocrx_word' id='word_1_75' title='bbox 843 530 970 565; x_wconf 80' lang='lat' dir='ltr'><strong>injuriam</strong></span> <span class='ocrx_word' id='word_1_76' title='bbox 985 529 1025 556; x_wconf 78' lang='lat' dir='ltr'><strong>fa-</strong></span> 
     </span>
    </p>
   </div>
   <div class='ocr_carea' id='block_1_13' title="bbox 229 574 1025 611">
    <p class='ocr_par' dir='ltr' id='par_1_13' title="bbox 229 574 1025 611">
     <span class='ocr_line' id='line_1_13' title="bbox 229 574 1025 611; baseline 0 -9"><span class='ocrx_word' id='word_1_77' title='bbox 229 575 277 607; x_wconf 88' lang='lat' dir='ltr'><strong>cit,</strong></span> <span class='ocrx_word' id='word_1_78' title='bbox 295 583 378 610; x_wconf 87' lang='lat' dir='ltr'><strong>quam</strong></span> <span class='ocrx_word' id='word_1_79' title='bbox 404 575 451 610; x_wconf 88' lang='lat' dir='ltr'><strong>qui</strong></span> <span class='ocrx_word' id='word_1_80' title='bbox 475 576 588 610; x_wconf 85' lang='lat' dir='ltr'><strong>patitur,</strong></span> <span class='ocrx_word' id='word_1_81' title='bbox 603 575 645 610; x_wconf 75' lang='lat' dir='ltr'><strong>[ex</strong></span> <span class='ocrx_word' id='word_1_82' title='bbox 670 574 762 611; x_wconf 64' lang='lat' dir='ltr'><strong>inquo]</strong></span> <span class='ocrx_word' id='word_1_83' title='bbox 783 575 809 602; x_wconf 92' lang='lat' dir='ltr'><strong>in</strong></span> <span class='ocrx_word' id='word_1_84' title='bbox 834 580 1025 603; x_wconf 83' lang='lat' dir='ltr'><strong>sacrosancto--</strong></span> 
     </span>
    </p>
   </div>
   <div class='ocr_carea' id='block_1_14' title="bbox 226 621 1025 656">
    <p class='ocr_par' dir='ltr' id='par_1_14' title="bbox 226 621 1025 656">
     <span class='ocr_line' id='line_1_14' title="bbox 226 621 1025 656; baseline -0.003 -6"><span class='ocrx_word' id='word_1_85' title='bbox 226 631 289 650; x_wconf 83' lang='lat' dir='ltr'><strong>rum</strong></span> <span class='ocrx_word' id='word_1_86' title='bbox 313 622 436 649; x_wconf 86' lang='lat' dir='ltr'><strong>locorum</strong></span> <span class='ocrx_word' id='word_1_87' title='bbox 471 622 642 649; x_wconf 88' lang='lat' dir='ltr'><strong>immunitate</strong></span> <span class='ocrx_word' id='word_1_88' title='bbox 664 626 832 656; x_wconf 76' lang='lat' dir='ltr'><strong>protegatur.</strong></span> <span class='ocrx_word' id='word_1_89' title='bbox 857 621 974 649; x_wconf 84' lang='lat' dir='ltr'><strong>Coustit.</strong></span> <span class='ocrx_word' id='word_1_90' title='bbox 1007 621 1025 648; x_wconf 77' lang='grc'><strong>2</strong></span> 
     </span>
    </p>
   </div>
   <div class='ocr_carea' id='block_1_15' title="bbox 227 666 1022 703">
    <p class='ocr_par' dir='ltr' id='par_1_15' title="bbox 227 666 1022 703">
     <span class='ocr_line' id='line_1_15' title="bbox 227 666 1022 703; baseline -0.004 -7"><span class='ocrx_word' id='word_1_91' title='bbox 227 668 350 703; x_wconf 81' lang='lat' dir='ltr'><strong>ejusdem</strong></span> <span class='ocrx_word' id='word_1_92' title='bbox 365 668 407 694; x_wconf 90' lang='lat' dir='ltr'><strong>tit.</strong></span> <span class='ocrx_word' id='word_1_93' title='bbox 425 666 610 699; x_wconf 82' lang='lat' dir='ltr'><strong>Novellarutn,</strong></span> <span class='ocrx_word' id='word_1_94' title='bbox 625 672 668 694; x_wconf 90' lang='lat' dir='ltr'><strong>est</strong></span> <span class='ocrx_word' id='word_1_95' title='bbox 680 667 785 694; x_wconf 83' lang='lat' dir='ltr'><strong>novella</strong></span> <span class='ocrx_word' id='word_1_96' title='bbox 796 666 943 695; x_wconf 83' lang='lat' dir='ltr'><strong>Justiniani</strong></span> <span class='ocrx_word' id='word_1_97' title='bbox 960 666 1022 699; x_wconf 75' lang='grc'><strong>125,</strong></span> 
     </span>
    </p>
   </div>
   <div class='ocr_carea' id='block_1_16' title="bbox 226 712 1023 750">
    <p class='ocr_par' dir='ltr' id='par_1_16' title="bbox 226 712 1023 750">
     <span class='ocr_line' id='line_1_16' title="bbox 226 712 1023 750; baseline -0.001 -9"><span class='ocrx_word' id='word_1_98' title='bbox 226 713 330 750; x_wconf 86' lang='lat' dir='ltr'><strong>[atque]</strong></span> <span class='ocrx_word' id='word_1_99' title='bbox 347 714 436 749; x_wconf 81' lang='lat' dir='ltr'><strong>posita</strong></span> <span class='ocrx_word' id='word_1_100' title='bbox 455 715 481 741; x_wconf 92' lang='lat' dir='ltr'><strong>in</strong></span> <span class='ocrx_word' id='word_1_101' title='bbox 497 714 544 740; x_wconf 91' lang='lat' dir='ltr'><strong>lib.</strong></span> <span class='ocrx_word' id='word_1_102' title='bbox 565 721 591 740; x_wconf 86' lang='lat' dir='ltr'><strong>tv</strong></span> <span class='ocrx_word' id='word_1_103' title='bbox 615 712 710 746; x_wconf 88' lang='lat' dir='ltr'><strong>Basil.,</strong></span> <span class='ocrx_word' id='word_1_104' title='bbox 727 714 767 740; x_wconf 87' lang='lat' dir='ltr'><strong>tit.</strong></span> <span class='ocrx_word' id='word_1_105' title='bbox 784 721 805 745; x_wconf 88' lang='grc' dir='ltr'><strong>ι,</strong></span> <span class='ocrx_word' id='word_1_106' title='bbox 826 721 886 748; x_wconf 86' lang='lat' dir='ltr'><strong>cap.</strong></span> <span class='ocrx_word' id='word_1_107' title='bbox 905 713 948 745; x_wconf 75' lang='grc'>12,</span> <span class='ocrx_word' id='word_1_108' title='bbox 967 714 1023 741; x_wconf 64' lang='lat' dir='ltr'><strong>haec</strong></span> 
     </span>
    </p>
   </div>
   <div class='ocr_carea' id='block_1_17' title="bbox 225 759 1021 795">
    <p class='ocr_par' dir='ltr' id='par_1_17' title="bbox 225 759 1021 795">
     <span class='ocr_line' id='line_1_17' title="bbox 225 759 1021 795; baseline -0.003 -7"><span class='ocrx_word' id='word_1_109' title='bbox 225 761 293 788; x_wconf 88' lang='lat' dir='ltr'><strong>dicit</strong></span> <span class='ocrx_word' id='word_1_110' title='bbox 309 769 316 787; x_wconf 91' lang='lat'><strong>:</strong></span> <span class='ocrx_word' id='word_1_111' title='bbox 331 759 358 787; x_wconf 91' lang='lat' dir='ltr'><strong>Si</strong></span> <span class='ocrx_word' id='word_1_112' title='bbox 371 760 433 795; x_wconf 92' lang='lat' dir='ltr'><strong>quis</strong></span> <span class='ocrx_word' id='word_1_113' title='bbox 448 759 616 795; x_wconf 79' lang='lat' dir='ltr'><strong>[ascetriam]</strong></span> <span class='ocrx_word' id='word_1_114' title='bbox 639 759 770 794; x_wconf 85' lang='lat' dir='ltr'><strong>rapuerit,</strong></span> <span class='ocrx_word' id='word_1_115' title='bbox 791 763 858 791; x_wconf 84' lang='lat' dir='ltr'><strong>etc.,</strong></span> <span class='ocrx_word' id='word_1_116' title='bbox 872 763 900 786; x_wconf 88' lang='lat' dir='ltr'><strong>ut</strong></span> <span class='ocrx_word' id='word_1_117' title='bbox 918 759 1021 793; x_wconf 83' lang='lat' dir='ltr'><strong>scripta</strong></span> 
     </span>
    </p>
   </div>
   <div class='ocr_carea' id='block_1_18' title="bbox 225 804 1014 839">
    <p class='ocr_par' dir='ltr' id='par_1_18' title="bbox 225 804 1014 839">
     <span class='ocr_line' id='line_1_18' title="bbox 225 804 1014 839; baseline -0.003 -6"><span class='ocrx_word' id='word_1_118' title='bbox 225 810 290 833; x_wconf 84' lang='lat' dir='ltr'><strong>sunt</strong></span> <span class='ocrx_word' id='word_1_119' title='bbox 304 805 331 833; x_wconf 87' lang='lat' dir='ltr'><strong>in</strong></span> <span class='ocrx_word' id='word_1_120' title='bbox 347 811 431 833; x_wconf 79' lang='lat' dir='ltr'><strong>textu.</strong></span> <span class='ocrx_word' id='word_1_121' title='bbox 448 805 559 832; x_wconf 86' lang='lat' dir='ltr'><strong>Novella</strong></span> <span class='ocrx_word' id='word_1_122' title='bbox 576 805 637 836; x_wconf 76' lang='lat' dir='ltr'><strong>H5,</strong></span> <span class='ocrx_word' id='word_1_123' title='bbox 653 805 739 839; x_wconf 87' lang='lat' dir='ltr'><strong>posita</strong></span> <span class='ocrx_word' id='word_1_124' title='bbox 752 810 794 832; x_wconf 88' lang='lat' dir='ltr'><strong>est</strong></span> <span class='ocrx_word' id='word_1_125' title='bbox 808 804 835 831; x_wconf 91' lang='lat' dir='ltr'><strong>in</strong></span> <span class='ocrx_word' id='word_1_126' title='bbox 853 812 912 838; x_wconf 85' lang='lat' dir='ltr'><strong>cap.</strong></span> <span class='ocrx_word' id='word_1_127' title='bbox 929 804 947 831; x_wconf 79' lang='grc'>2</span> <span class='ocrx_word' id='word_1_128' title='bbox 975 805 1014 832; x_wconf 89' lang='lat' dir='ltr'><strong>tit.</strong></span> 
     </span>
    </p>
   </div>
   <div class='ocr_carea' id='block_1_19' title="bbox 224 850 1019 886">
    <p class='ocr_par' dir='ltr' id='par_1_19' title="bbox 224 850 1019 886">
     <span class='ocr_line' id='line_1_19' title="bbox 224 850 1019 886; baseline -0.003 -7"><span class='ocrx_word' id='word_1_129' title='bbox 224 852 259 879; x_wconf 74' lang='lat'><strong>58</strong></span> <span class='ocrx_word' id='word_1_130' title='bbox 275 851 322 880; x_wconf 89' lang='lat' dir='ltr'><strong>lib.</strong></span> <span class='ocrx_word' id='word_1_131' title='bbox 340 859 385 883; x_wconf 70' lang='grc' dir='ltr'>ιιι,</span> <span class='ocrx_word' id='word_1_132' title='bbox 403 851 476 886; x_wconf 86' lang='lat' dir='ltr'><strong>quod</strong></span> <span class='ocrx_word' id='word_1_133' title='bbox 494 851 576 878; x_wconf 80' lang='lat' dir='ltr'><strong>tradit</strong></span> <span class='ocrx_word' id='word_1_134' title='bbox 603 851 834 885; x_wconf 83' lang='lat' dir='ltr'><strong>quemadmodum</strong></span> <span class='ocrx_word' id='word_1_135' title='bbox 856 850 1019 878; x_wconf 75' lang='lat' dir='ltr'><strong>manifesta-</strong></span> 
     </span>
    </p>
   </div>
   <div class='ocr_carea' id='block_1_20' title="bbox 1082 254 1853 290">
    <p class='ocr_par' dir='ltr' id='par_1_20' title="bbox 1082 254 1853 290">
     <span class='ocr_line' id='line_1_20' title="bbox 1082 254 1853 290; baseline 0.005 -10"><span class='ocrx_word' id='word_1_136' title='bbox 1082 255 1186 289; x_wconf 83' lang='grc' dir='ltr'>γομένη</span> <span class='ocrx_word' id='word_1_137' title='bbox 1206 254 1238 286; x_wconf 78' lang='grc' dir='ltr'><strong>ιζ’</strong></span> <span class='ocrx_word' id='word_1_138' title='bbox 1254 254 1349 290; x_wconf 72' lang='grc' dir='ltr'>νεαρὰ,</span> <span class='ocrx_word' id='word_1_139' title='bbox 1376 254 1435 281; x_wconf 79' lang='grc' dir='ltr'>ἔστι</span> <span class='ocrx_word' id='word_1_140' title='bbox 1455 262 1517 289; x_wconf 86' lang='grc' dir='ltr'>κεφ.</span> <span class='ocrx_word' id='word_1_141' title='bbox 1537 257 1579 280; x_wconf 88' lang='grc' dir='ltr'>κα¹</span> <span class='ocrx_word' id='word_1_142' title='bbox 1606 254 1652 280; x_wconf 82' lang='grc' dir='ltr'>τοῦ</span> <span class='ocrx_word' id='word_1_143' title='bbox 1665 257 1688 288; x_wconf 84' lang='grc' dir='ltr'>γ’</span> <span class='ocrx_word' id='word_1_144' title='bbox 1704 255 1753 282; x_wconf 83' lang='grc' dir='ltr'>τίτ.</span> <span class='ocrx_word' id='word_1_145' title='bbox 1772 256 1813 283; x_wconf 85' lang='grc' dir='ltr'>τοῦ</span> <span class='ocrx_word' id='word_1_146' title='bbox 1831 258 1853 290; x_wconf 75' lang='grc' dir='ltr'><strong>ς’</strong></span> 
     </span>
    </p>
   </div>
   <div class='ocr_carea' id='block_1_21' title="bbox 1083 299 1854 335">
    <p class='ocr_par' dir='ltr' id='par_1_21' title="bbox 1083 299 1854 335">
     <span class='ocr_line' id='line_1_21' title="bbox 1083 299 1854 335; baseline 0.004 -9"><span class='ocrx_word' id='word_1_147' title='bbox 1083 299 1153 335; x_wconf 81' lang='grc' dir='ltr'>βιὸλ.</span> <span class='ocrx_word' id='word_1_148' title='bbox 1172 300 1226 327; x_wconf 83' lang='grc' dir='ltr'><strong>τῶν</strong></span> <span class='ocrx_word' id='word_1_149' title='bbox 1237 300 1392 327; x_wconf 84' lang='grc' dir='ltr'>Βασιλικῶν</span> <span class='ocrx_word' id='word_1_150' title='bbox 1407 300 1485 334; x_wconf 84' lang='grc' dir='ltr'>λέγον</span> <span class='ocrx_word' id='word_1_151' title='bbox 1505 299 1592 326; x_wconf 84' lang='grc' dir='ltr'>ταῦτα</span> <span class='ocrx_word' id='word_1_152' title='bbox 1612 300 1710 335; x_wconf 82' lang='grc' dir='ltr'><strong>ῥητῶς·</strong></span> <span class='ocrx_word' id='word_1_153' title='bbox 1741 301 1803 328; x_wconf 73' lang='grc' dir='ltr'>Οὔτε</span> <span class='ocrx_word' id='word_1_154' title='bbox 1829 303 1854 329; x_wconf 78' lang='grc' dir='ltr'>δὲ</span> 
     </span>
    </p>
   </div>
   <div class='ocr_carea' id='block_1_22' title="bbox 1081 345 1855 382">
    <p class='ocr_par' dir='ltr' id='par_1_22' title="bbox 1081 345 1855 382">
     <span class='ocr_line' id='line_1_22' title="bbox 1081 345 1855 382; baseline 0.001 -9"><span class='ocrx_word' id='word_1_155' title='bbox 1081 346 1266 382; x_wconf 76' lang='grc' dir='ltr'>ἀνδροφόνοις,</span> <span class='ocrx_word' id='word_1_156' title='bbox 1297 346 1360 373; x_wconf 75' lang='grc' dir='ltr'>οὔτε</span> <span class='ocrx_word' id='word_1_157' title='bbox 1387 347 1503 382; x_wconf 81' lang='grc' dir='ltr'><strong>μοιχοῖς,</strong></span> <span class='ocrx_word' id='word_1_158' title='bbox 1519 345 1581 373; x_wconf 76' lang='grc' dir='ltr'>οὔτε</span> <span class='ocrx_word' id='word_1_159' title='bbox 1591 346 1731 382; x_wconf 85' lang='grc' dir='ltr'>παρθένων</span> <span class='ocrx_word' id='word_1_160' title='bbox 1750 347 1855 382; x_wconf 75' lang='grc' dir='ltr'>ἅρπαξιν</span> 
     </span>
    </p>
   </div>
   <div class='ocr_carea' id='block_1_23' title="bbox 1081 392 1854 428">
    <p class='ocr_par' dir='ltr' id='par_1_23' title="bbox 1081 392 1854 428">
     <span class='ocr_line' id='line_1_23' title="bbox 1081 392 1854 428; baseline 0.003 -9"><span class='ocrx_word' id='word_1_161' title='bbox 1081 393 1271 428; x_wconf 82' lang='grc' dir='ltr'><strong>ἁμαρτάνουσι</strong></span> <span class='ocrx_word' id='word_1_162' title='bbox 1292 392 1341 428; x_wconf 84' lang='grc' dir='ltr'>τὴν</span> <span class='ocrx_word' id='word_1_163' title='bbox 1367 393 1400 419; x_wconf 82' lang='grc' dir='ltr'>ὲκ</span> <span class='ocrx_word' id='word_1_164' title='bbox 1421 393 1475 419; x_wconf 86' lang='grc' dir='ltr'>τῶν</span> <span class='ocrx_word' id='word_1_165' title='bbox 1489 393 1560 428; x_wconf 75' lang='grc' dir='ltr'>ὅρων</span> <span class='ocrx_word' id='word_1_166' title='bbox 1575 392 1702 428; x_wconf 79' lang='grc' dir='ltr'><strong>φυλάξεις</strong></span> <span class='ocrx_word' id='word_1_167' title='bbox 1712 393 1854 428; x_wconf 78' lang='grc' dir='ltr'>ἀσφάλειαν,</span> 
     </span>
    </p>
   </div>
   <div class='ocr_carea' id='block_1_24' title="bbox 1079 439 1855 475">
    <p class='ocr_par' dir='ltr' id='par_1_24' title="bbox 1079 439 1855 475">
     <span class='ocr_line' id='line_1_24' title="bbox 1079 439 1855 475; baseline 0.001 -9"><span class='ocrx_word' id='word_1_168' title='bbox 1079 439 1148 466; x_wconf 77' lang='grc' dir='ltr'>ἁλλὰ</span> <span class='ocrx_word' id='word_1_169' title='bbox 1159 439 1289 466; x_wconf 83' lang='grc' dir='ltr'>κάκεῖθεν</span> <span class='ocrx_word' id='word_1_170' title='bbox 1305 439 1472 472; x_wconf 79' lang='grc' dir='ltr'>ὲξελκύσεις,</span> <span class='ocrx_word' id='word_1_171' title='bbox 1492 439 1540 466; x_wconf 76' lang='grc' dir='ltr'>καὶ</span> <span class='ocrx_word' id='word_1_172' title='bbox 1551 439 1687 475; x_wconf 81' lang='grc' dir='ltr'><strong>τιμωρίαν</strong></span> <span class='ocrx_word' id='word_1_173' title='bbox 1694 439 1780 471; x_wconf 80' lang='grc' dir='ltr'>αὐτοῖς</span> <span class='ocrx_word' id='word_1_174' title='bbox 1797 440 1855 467; x_wconf 81' lang='grc' dir='ltr'><strong>ὲπό-</strong></span> 
     </span>
    </p>
   </div>
   <div class='ocr_carea' id='block_1_25' title="bbox 1079 485 1856 521">
    <p class='ocr_par' dir='ltr' id='par_1_25' title="bbox 1079 485 1856 521">
     <span class='ocr_line' id='line_1_25' title="bbox 1079 485 1856 521; baseline 0 -9"><span class='ocrx_word' id='word_1_175' title='bbox 1079 485 1166 518; x_wconf 77' lang='grc' dir='ltr'>άξεις.</span> <span class='ocrx_word' id='word_1_176' title='bbox 1181 486 1217 512; x_wconf 86' lang='grc' dir='ltr'><strong>Οὺ</strong></span> <span class='ocrx_word' id='word_1_177' title='bbox 1235 486 1290 521; x_wconf 80' lang='grc' dir='ltr'><strong>γὰρ</strong></span> <span class='ocrx_word' id='word_1_178' title='bbox 1304 485 1358 512; x_wconf 84' lang='grc' dir='ltr'><strong>τῶν</strong></span> <span class='ocrx_word' id='word_1_179' title='bbox 1373 485 1408 512; x_wconf 83' lang='grc' dir='ltr'><strong>τὰ</strong></span> <span class='ocrx_word' id='word_1_180' title='bbox 1421 485 1534 512; x_wconf 85' lang='grc' dir='ltr'>τοιαῦτα</span> <span class='ocrx_word' id='word_1_181' title='bbox 1549 486 1756 520; x_wconf 79' lang='grc' dir='ltr'><strong>ἁμαρτανόντων</strong></span> <span class='ocrx_word' id='word_1_182' title='bbox 1781 486 1856 521; x_wconf 81' lang='grc' dir='ltr'>φείδε-</span> 
     </span>
    </p>
   </div>
   <div class='ocr_carea' id='block_1_26' title="bbox 1079 531 1856 568">
    <p class='ocr_par' dir='ltr' id='par_1_26' title="bbox 1079 531 1856 568">
     <span class='ocr_line' id='line_1_26' title="bbox 1079 531 1856 568; baseline 0 -10"><span class='ocrx_word' id='word_1_183' title='bbox 1079 531 1142 558; x_wconf 85' lang='grc' dir='ltr'>σθαι</span> <span class='ocrx_word' id='word_1_184' title='bbox 1158 532 1303 567; x_wconf 85' lang='grc' dir='ltr'>προσήκει,</span> <span class='ocrx_word' id='word_1_185' title='bbox 1319 531 1387 558; x_wconf 88' lang='grc' dir='ltr'>ἁλλὰ</span> <span class='ocrx_word' id='word_1_186' title='bbox 1402 531 1455 558; x_wconf 88' lang='grc' dir='ltr'>τῶν</span> <span class='ocrx_word' id='word_1_187' title='bbox 1470 531 1619 566; x_wconf 81' lang='grc' dir='ltr'>περιόντων</span> <span class='ocrx_word' id='word_1_188' title='bbox 1640 531 1684 558; x_wconf 83' lang='grc' dir='ltr'>ῐνα</span> <span class='ocrx_word' id='word_1_189' title='bbox 1707 531 1742 568; x_wconf 81' lang='grc' dir='ltr'><strong>μὴ</strong></span> <span class='ocrx_word' id='word_1_190' title='bbox 1756 531 1856 559; x_wconf 82' lang='grc' dir='ltr'>τοιαῦτα</span> 
     </span>
    </p>
   </div>
   <div class='ocr_carea' id='block_1_27' title="bbox 1078 576 1856 613">
    <p class='ocr_par' dir='ltr' id='par_1_27' title="bbox 1078 576 1856 613">
     <span class='ocr_line' id='line_1_27' title="bbox 1078 576 1856 613; baseline 0.001 -10"><span class='ocrx_word' id='word_1_191' title='bbox 1078 577 1131 603; x_wconf 83' lang='grc' dir='ltr'>ὑπὸ</span> <span class='ocrx_word' id='word_1_192' title='bbox 1144 576 1200 603; x_wconf 87' lang='grc' dir='ltr'>τῶν</span> <span class='ocrx_word' id='word_1_193' title='bbox 1225 577 1440 613; x_wconf 77' lang='grc' dir='ltr'><strong>τολμηροτέρων</strong></span> <span class='ocrx_word' id='word_1_194' title='bbox 1462 578 1606 612; x_wconf 81' lang='grc' dir='ltr'>πάσχοιεν.</span> <span class='ocrx_word' id='word_1_195' title='bbox 1631 576 1735 609; x_wconf 81' lang='grc' dir='ltr'>Ἀλλως</span> <span class='ocrx_word' id='word_1_196' title='bbox 1753 585 1781 603; x_wconf 86' lang='grc' dir='ltr'><strong>τε</strong></span> <span class='ocrx_word' id='word_1_197' title='bbox 1803 578 1856 612; x_wconf 80' lang='grc' dir='ltr'>ήὲκ</span> 
     </span>
    </p>
   </div>
   <div class='ocr_carea' id='block_1_28' title="bbox 1076 621 1852 657">
    <p class='ocr_par' dir='ltr' id='par_1_28' title="bbox 1076 621 1852 657">
     <span class='ocr_line' id='line_1_28' title="bbox 1076 621 1852 657; baseline -0.001 -8"><span class='ocrx_word' id='word_1_198' title='bbox 1076 622 1130 649; x_wconf 85' lang='grc' dir='ltr'>τῶν</span> <span class='ocrx_word' id='word_1_199' title='bbox 1152 622 1233 657; x_wconf 78' lang='grc' dir='ltr'>ιερῶν</span> <span class='ocrx_word' id='word_1_200' title='bbox 1256 623 1394 657; x_wconf 85' lang='grc' dir='ltr'>ἀσφάλεια</span> <span class='ocrx_word' id='word_1_201' title='bbox 1423 621 1454 648; x_wconf 83' lang='grc' dir='ltr'>οὐ</span> <span class='ocrx_word' id='word_1_202' title='bbox 1479 623 1535 653; x_wconf 76' lang='grc' dir='ltr'>τοῖς</span> <span class='ocrx_word' id='word_1_203' title='bbox 1557 621 1707 654; x_wconf 83' lang='grc' dir='ltr'>ἀδικοῦσιν,</span> <span class='ocrx_word' id='word_1_204' title='bbox 1724 621 1788 649; x_wconf 85' lang='grc' dir='ltr'>ἀλλὰ</span> <span class='ocrx_word' id='word_1_205' title='bbox 1805 623 1852 654; x_wconf 79' lang='grc' dir='ltr'>τοῖς</span> 
     </span>
    </p>
   </div>
   <div class='ocr_carea' id='block_1_29' title="bbox 1076 667 1858 703">
    <p class='ocr_par' dir='ltr' id='par_1_29' title="bbox 1076 667 1858 703">
     <span class='ocr_line' id='line_1_29' title="bbox 1076 667 1858 703; baseline -0.001 -8"><span class='ocrx_word' id='word_1_206' title='bbox 1076 668 1266 702; x_wconf 81' lang='grc' dir='ltr'><strong>ἀδικουμένοις</strong></span> <span class='ocrx_word' id='word_1_207' title='bbox 1281 668 1387 695; x_wconf 85' lang='grc' dir='ltr'>δέδοται</span> <span class='ocrx_word' id='word_1_208' title='bbox 1418 669 1494 702; x_wconf 83' lang='grc' dir='ltr'>παρὰ</span> <span class='ocrx_word' id='word_1_209' title='bbox 1509 667 1556 694; x_wconf 81' lang='grc' dir='ltr'>τοῦ</span> <span class='ocrx_word' id='word_1_210' title='bbox 1582 667 1675 703; x_wconf 82' lang='grc' dir='ltr'>νόμον,</span> <span class='ocrx_word' id='word_1_211' title='bbox 1697 667 1743 694; x_wconf 73' lang='grc' dir='ltr'>καὶ</span> <span class='ocrx_word' id='word_1_212' title='bbox 1765 667 1812 694; x_wconf 76' lang='grc' dir='ltr'>οὐκ</span> <span class='ocrx_word' id='word_1_213' title='bbox 1828 668 1858 694; x_wconf 78' lang='grc' dir='ltr'>ἂν</span> 
     </span>
    </p>
   </div>
   <div class='ocr_carea' id='block_1_30' title="bbox 1075 713 1857 750">
    <p class='ocr_par' dir='ltr' id='par_1_30' title="bbox 1075 713 1857 750">
     <span class='ocr_line' id='line_1_30' title="bbox 1075 713 1857 750; baseline 0 -10"><span class='ocrx_word' id='word_1_214' title='bbox 1075 714 1118 749; x_wconf 83' lang='grc' dir='ltr'>ειη</span> <span class='ocrx_word' id='word_1_215' title='bbox 1133 714 1247 741; x_wconf 72' lang='grc' dir='ltr'>δυνατὸν</span> <span class='ocrx_word' id='word_1_216' title='bbox 1267 714 1398 750; x_wconf 77' lang='grc' dir='ltr'>ἑκάτερον</span> <span class='ocrx_word' id='word_1_217' title='bbox 1424 713 1625 748; x_wconf 77' lang='grc' dir='ltr'>ὰσφαλίζεσθαι</span> <span class='ocrx_word' id='word_1_218' title='bbox 1652 715 1685 749; x_wconf 79' lang='grc' dir='ltr'><strong>τῇ</strong></span> <span class='ocrx_word' id='word_1_219' title='bbox 1714 714 1787 749; x_wconf 80' lang='grc' dir='ltr'>παρὰ</span> <span class='ocrx_word' id='word_1_220' title='bbox 1809 713 1857 740; x_wconf 79' lang='grc' dir='ltr'><strong>τῶν</strong></span> 
     </span>
    </p>
   </div>
   <div class='ocr_carea' id='block_1_31' title="bbox 1074 757 1859 794">
    <p class='ocr_par' dir='ltr' id='par_1_31' title="bbox 1074 757 1859 794">
     <span class='ocr_line' id='line_1_31' title="bbox 1074 757 1859 794; baseline -0.004 -8"><span class='ocrx_word' id='word_1_221' title='bbox 1074 759 1182 786; x_wconf 80' lang='grc' dir='ltr'><strong>ἀσύλων</strong></span> <span class='ocrx_word' id='word_1_222' title='bbox 1193 759 1284 786; x_wconf 81' lang='grc' dir='ltr'>τόπων</span> <span class='ocrx_word' id='word_1_223' title='bbox 1297 759 1445 794; x_wconf 75' lang='grc' dir='ltr'>ἀσφαλείᾳ,</span> <span class='ocrx_word' id='word_1_224' title='bbox 1461 759 1509 785; x_wconf 72' lang='grc' dir='ltr'>καὶ</span> <span class='ocrx_word' id='word_1_225' title='bbox 1521 757 1568 784; x_wconf 80' lang='grc' dir='ltr'>τὸν</span> <span class='ocrx_word' id='word_1_226' title='bbox 1582 757 1737 790; x_wconf 79' lang='grc' dir='ltr'>ἀδικοῦντα,</span> <span class='ocrx_word' id='word_1_227' title='bbox 1753 757 1798 784; x_wconf 82' lang='grc' dir='ltr'>καὶ</span> <span class='ocrx_word' id='word_1_228' title='bbox 1818 757 1859 783; x_wconf 73' lang='grc' dir='ltr'>τὸν</span> 
     </span>
    </p>
   </div>
   <div class='ocr_carea' id='block_1_32' title="bbox 1075 803 1857 840">
    <p class='ocr_par' dir='ltr' id='par_1_32' title="bbox 1075 803 1857 840">
     <span class='ocr_line' id='line_1_32' title="bbox 1075 803 1857 840; baseline -0.004 -9"><span class='ocrx_word' id='word_1_229' title='bbox 1075 805 1264 840; x_wconf 83' lang='grc' dir='ltr'>ἀδικούμενον.</span> <span class='ocrx_word' id='word_1_230' title='bbox 1285 805 1317 832; x_wconf 87' lang='lat' dir='ltr'><strong>&#39;H</strong></span> <span class='ocrx_word' id='word_1_231' title='bbox 1328 805 1350 839; x_wconf 80' lang='grc' dir='ltr'><strong>β’</strong></span> <span class='ocrx_word' id='word_1_232' title='bbox 1361 805 1434 832; x_wconf 83' lang='grc' dir='ltr'>διάτ.</span> <span class='ocrx_word' id='word_1_233' title='bbox 1451 804 1498 831; x_wconf 83' lang='grc' dir='ltr'>τοῦ</span> <span class='ocrx_word' id='word_1_234' title='bbox 1513 803 1596 831; x_wconf 79' lang='grc' dir='ltr'>αὐτοῦ</span> <span class='ocrx_word' id='word_1_235' title='bbox 1610 804 1664 831; x_wconf 89' lang='grc' dir='ltr'>τίτ.</span> <span class='ocrx_word' id='word_1_236' title='bbox 1677 803 1731 831; x_wconf 85' lang='grc' dir='ltr'>τῶν</span> <span class='ocrx_word' id='word_1_237' title='bbox 1741 803 1857 838; x_wconf 84' lang='grc' dir='ltr'>Νεαρῶν,</span> 
     </span>
    </p>
   </div>
   <div class='ocr_carea' id='block_1_33' title="bbox 1073 849 1861 888">
    <p class='ocr_par' dir='ltr' id='par_1_33' title="bbox 1073 849 1861 888">
     <span class='ocr_line' id='line_1_33' title="bbox 1073 849 1861 888; baseline -0.005 -9"><span class='ocrx_word' id='word_1_238' title='bbox 1073 853 1130 879; x_wconf 75' lang='grc' dir='ltr'>ἔστι</span> <span class='ocrx_word' id='word_1_239' title='bbox 1146 853 1229 888; x_wconf 79' lang='grc' dir='ltr'>νεαρὰ</span> <span class='ocrx_word' id='word_1_240' title='bbox 1253 852 1469 883; x_wconf 78' lang='grc' dir='ltr'>’1ουστινιάνειος</span> <span class='ocrx_word' id='word_1_241' title='bbox 1495 853 1556 887; x_wconf 80' lang='grc' dir='ltr'>ρκγ¹</span> <span class='ocrx_word' id='word_1_242' title='bbox 1573 851 1686 885; x_wconf 82' lang='grc' dir='ltr'>κειμένη</span> <span class='ocrx_word' id='word_1_243' title='bbox 1711 851 1740 877; x_wconf 80' lang='grc' dir='ltr'>ὲν</span> <span class='ocrx_word' id='word_1_244' title='bbox 1762 849 1828 885; x_wconf 79' lang='grc' dir='ltr'><strong>βιὸλ.</strong></span> <span class='ocrx_word' id='word_1_245' title='bbox 1842 849 1861 875; x_wconf 82' lang='grc' dir='ltr'>δ’</span> 
     </span>
    </p>
   </div>
   <div class='ocr_carea' id='block_1_34' title="bbox 223 893 1017 932">
    <p class='ocr_par' dir='ltr' id='par_1_34' title="bbox 223 896 1017 931">
     <span class='ocr_line' id='line_1_34' title="bbox 223 896 1017 931; baseline -0.004 -6"><span class='ocrx_word' id='word_1_246' title='bbox 223 902 282 925; x_wconf 87' lang='lat' dir='ltr'><strong>tum</strong></span> <span class='ocrx_word' id='word_1_247' title='bbox 297 901 349 924; x_wconf 85' lang='lat' dir='ltr'><strong>est.</strong></span> <span class='ocrx_word' id='word_1_248' title='bbox 364 897 451 931; x_wconf 83' lang='lat' dir='ltr'><strong>Legas</strong></span> <span class='ocrx_word' id='word_1_249' title='bbox 463 904 526 924; x_wconf 88' lang='lat' dir='ltr'><strong>vero</strong></span> <span class='ocrx_word' id='word_1_250' title='bbox 539 896 665 924; x_wconf 86' lang='lat' dir='ltr'><strong>eumdem</strong></span> <span class='ocrx_word' id='word_1_251' title='bbox 679 897 713 924; x_wconf 81' lang='lat'><strong>58</strong></span> <span class='ocrx_word' id='word_1_252' title='bbox 728 897 769 923; x_wconf 87' lang='lat' dir='ltr'><strong>tit.</strong></span> <span class='ocrx_word' id='word_1_253' title='bbox 783 897 865 923; x_wconf 88' lang='lat' dir='ltr'><strong>etiam</strong></span> <span class='ocrx_word' id='word_1_254' title='bbox 879 901 976 929; x_wconf 88' lang='lat' dir='ltr'><strong>totum,</strong></span> <span class='ocrx_word' id='word_1_255' title='bbox 991 901 1017 923; x_wconf 89' lang='lat' dir='ltr'><strong>ut</strong></span> 
     </span>
    </p>
   </div>
   <div class='ocr_carea' id='block_1_35' title="bbox 1077 893 1862 932">
    <p class='ocr_par' dir='ltr' id='par_1_35' title="bbox 1077 893 1862 932">
     <span class='ocr_line' id='line_1_35' title="bbox 1077 893 1862 932; baseline -0.005 -7"><span class='ocrx_word' id='word_1_256' title='bbox 1077 899 1126 925; x_wconf 72' lang='grc' dir='ltr'><strong>τῶν</strong></span> <span class='ocrx_word' id='word_1_257' title='bbox 1141 898 1294 925; x_wconf 80' lang='grc' dir='ltr'>Βασιλικῶν</span> <span class='ocrx_word' id='word_1_258' title='bbox 1309 898 1361 925; x_wconf 87' lang='grc' dir='ltr'>τίτ.</span> <span class='ocrx_word' id='word_1_259' title='bbox 1377 896 1401 924; x_wconf 94' lang='grc' dir='ltr'>α’</span> <span class='ocrx_word' id='word_1_260' title='bbox 1412 893 1443 924; x_wconf 75' lang='grc' dir='ltr'><strong>οὗ</strong></span> <span class='ocrx_word' id='word_1_261' title='bbox 1458 906 1521 932; x_wconf 88' lang='grc' dir='ltr'>κεφ.</span> <span class='ocrx_word' id='word_1_262' title='bbox 1539 896 1572 923; x_wconf 79' lang='grc' dir='ltr'><strong>ιϐ’</strong></span> <span class='ocrx_word' id='word_1_263' title='bbox 1584 897 1672 923; x_wconf 83' lang='grc' dir='ltr'>ταῦτά</span> <span class='ocrx_word' id='word_1_264' title='bbox 1683 905 1773 932; x_wconf 85' lang='grc' dir='ltr'>φησιν,</span> <span class='ocrx_word' id='word_1_265' title='bbox 1784 895 1815 922; x_wconf 65' lang='grc' dir='ltr'><strong>Ε(</strong></span> <span class='ocrx_word' id='word_1_266' title='bbox 1824 903 1862 926; x_wconf 85' lang='grc' dir='ltr'>τις</span> 
     </span>
    </p>
   </div>
   <div class='ocr_carea' id='block_1_36' title="bbox 226 943 1019 978">
    <p class='ocr_par' dir='ltr' id='par_1_36' title="bbox 226 943 1019 978">
     <span class='ocr_line' id='line_1_36' title="bbox 226 943 1019 978; baseline 0 -8"><span class='ocrx_word' id='word_1_267' title='bbox 226 943 273 978; x_wconf 92' lang='lat' dir='ltr'><strong>qui</strong></span> <span class='ocrx_word' id='word_1_268' title='bbox 301 943 424 977; x_wconf 87' lang='lat' dir='ltr'><strong>speciosa</strong></span> <span class='ocrx_word' id='word_1_269' title='bbox 442 944 567 978; x_wconf 80' lang='lat' dir='ltr'><strong>quaedam</strong></span> <span class='ocrx_word' id='word_1_270' title='bbox 591 950 623 970; x_wconf 89' lang='lat' dir='ltr'><strong>ac</strong></span> <span class='ocrx_word' id='word_1_271' title='bbox 641 943 724 970; x_wconf 85' lang='lat' dir='ltr'><strong>multa</strong></span> <span class='ocrx_word' id='word_1_272' title='bbox 739 943 772 970; x_wconf 91' lang='lat' dir='ltr'><strong>de</strong></span> <span class='ocrx_word' id='word_1_273' title='bbox 790 950 1019 978; x_wconf 87' lang='lat' dir='ltr'><strong>quarumcunque</strong></span> 
     </span>
    </p>
   </div>
   <div class='ocr_carea' id='block_1_37' title="bbox 222 988 670 1023">
    <p class='ocr_par' dir='ltr' id='par_1_37' title="bbox 222 988 670 1023">
     <span class='ocr_line' id='line_1_37' title="bbox 222 988 670 1023; baseline 0 -8"><span class='ocrx_word' id='word_1_274' title='bbox 222 989 368 1016; x_wconf 76' lang='lat' dir='ltr'><strong>mulierum</strong></span> <span class='ocrx_word' id='word_1_275' title='bbox 386 989 542 1023; x_wconf 86' lang='lat' dir='ltr'><strong>raptoribus</strong></span> <span class='ocrx_word' id='word_1_276' title='bbox 562 988 670 1015; x_wconf 84' lang='lat' dir='ltr'><strong>doceat.</strong></span> 
     </span>
    </p>
   </div>
   <div class='ocr_carea' id='block_1_38' title="bbox 221 1034 720 1070">
    <p class='ocr_par' dir='ltr' id='par_1_38' title="bbox 221 1034 720 1070">
     <span class='ocr_line' id='line_1_38' title="bbox 221 1034 720 1070; baseline 0.002 -9"><span class='ocrx_word' id='word_1_277' title='bbox 221 1035 296 1061; x_wconf 76' lang='grc' dir='ltr'>οὕτω</span> <span class='ocrx_word' id='word_1_278' title='bbox 313 1034 501 1070; x_wconf 77' lang='grc' dir='ltr'>διαλαμϐάνον</span> <span class='ocrx_word' id='word_1_279' title='bbox 516 1035 554 1066; x_wconf 80' lang='grc' dir='ltr'><strong>ὡς</strong></span> <span class='ocrx_word' id='word_1_280' title='bbox 587 1034 720 1070; x_wconf 76' lang='grc' dir='ltr'>ἐδηλώθη.</span> 
     </span>
    </p>
   </div>
   <div class='ocr_carea' id='block_1_39' title="bbox 219 1080 1023 1116">
    <p class='ocr_par' dir='ltr' id='par_1_39' title="bbox 219 1080 1023 1116">
     <span class='ocr_line' id='line_1_39' title="bbox 219 1080 1023 1116; baseline 0 -7"><span class='ocrx_word' id='word_1_281' title='bbox 219 1082 338 1116; x_wconf 80' lang='grc' dir='ltr'>διάφορα</span> <span class='ocrx_word' id='word_1_282' title='bbox 349 1082 415 1116; x_wconf 79' lang='grc' dir='ltr'>περὶ</span> <span class='ocrx_word' id='word_1_283' title='bbox 426 1081 482 1108; x_wconf 82' lang='grc' dir='ltr'>τῶν</span> <span class='ocrx_word' id='word_1_284' title='bbox 498 1081 679 1116; x_wconf 81' lang='grc' dir='ltr'>ἁρπαζόντων</span> <span class='ocrx_word' id='word_1_285' title='bbox 697 1080 868 1116; x_wconf 84' lang='grc' dir='ltr'>οἱασδήτινας</span> <span class='ocrx_word' id='word_1_286' title='bbox 880 1083 1023 1116; x_wconf 84' lang='grc' dir='ltr'>γυναῖκας.</span> 
     </span>
    </p>
   </div>
   <div class='ocr_carea' id='block_1_40' title="bbox 219 1128 1017 1165">
    <p class='ocr_par' dir='ltr' id='par_1_40' title="bbox 219 1128 1017 1165">
     <span class='ocr_line' id='line_1_40' title="bbox 219 1128 1017 1165; baseline 0.001 -9"><span class='ocrx_word' id='word_1_287' title='bbox 219 1135 238 1161; x_wconf 48' lang='grc' dir='ltr'><strong>ε,</strong></span> <span class='ocrx_word' id='word_1_288' title='bbox 255 1128 333 1156; x_wconf 82' lang='lat' dir='ltr'><strong>CAP.</strong></span> <span class='ocrx_word' id='word_1_289' title='bbox 350 1128 445 1155; x_wconf 87' lang='lat' dir='ltr'><strong>XXXI.</strong></span> <span class='ocrx_word' id='word_1_290' title='bbox 459 1143 495 1149; x_wconf 89' lang='lat'>—</span> <span class='ocrx_word' id='word_1_291' title='bbox 509 1128 548 1155; x_wconf 85' lang='lat' dir='ltr'><strong>De</strong></span> <span class='ocrx_word' id='word_1_292' title='bbox 567 1129 638 1155; x_wconf 71' lang='lat' dir='ltr'><strong>sacri</strong></span> <span class='ocrx_word' id='word_1_293' title='bbox 663 1129 764 1156; x_wconf 73' lang='lat' dir='ltr'><strong>ordinis</strong></span> <span class='ocrx_word' id='word_1_294' title='bbox 787 1129 948 1163; x_wconf 74' lang='lat' dir='ltr'><strong>hominibus,</strong></span> <span class='ocrx_word' id='word_1_295' title='bbox 972 1130 1017 1165; x_wconf 82' lang='lat' dir='ltr'><strong>qui</strong></span> 
     </span>
    </p>
   </div>
   <div class='ocr_carea' id='block_1_41' title="bbox 219 1173 594 1202">
    <p class='ocr_par' dir='ltr' id='par_1_41' title="bbox 219 1173 594 1202">
     <span class='ocr_line' id='line_1_41' title="bbox 219 1173 594 1202; baseline -0.003 0"><span class='ocrx_word' id='word_1_296' title='bbox 219 1183 248 1202; x_wconf 70' lang='lat' dir='ltr'><strong>se</strong></span> <span class='ocrx_word' id='word_1_297' title='bbox 257 1183 316 1201; x_wconf 83' lang='lat' dir='ltr'><strong>cum</strong></span> <span class='ocrx_word' id='word_1_298' title='bbox 330 1173 484 1201; x_wconf 74' lang='lat' dir='ltr'><strong>mulieribus</strong></span> <span class='ocrx_word' id='word_1_299' title='bbox 494 1174 594 1201; x_wconf 83' lang='lat' dir='ltr'><strong>lavant.</strong></span> 
     </span>
    </p>
   </div>
   <div class='ocr_carea' id='block_1_42' title="bbox 257 1229 1018 1264">
    <p class='ocr_par' dir='ltr' id='par_1_42' title="bbox 257 1229 1018 1264">
     <span class='ocr_line' id='line_1_42' title="bbox 257 1229 1018 1264; baseline 0 -6"><span class='ocrx_word' id='word_1_300' title='bbox 257 1230 376 1258; x_wconf 85' lang='lat' dir='ltr'><strong>Concilii</strong></span> <span class='ocrx_word' id='word_1_301' title='bbox 407 1229 554 1258; x_wconf 87' lang='lat' dir='ltr'><strong>Laodiccni</strong></span> <span class='ocrx_word' id='word_1_302' title='bbox 578 1237 665 1258; x_wconf 86' lang='lat' dir='ltr'><strong>canon</strong></span> <span class='ocrx_word' id='word_1_303' title='bbox 682 1230 736 1264; x_wconf 74' lang='lat'><strong>30;</strong></span> <span class='ocrx_word' id='word_1_304' title='bbox 756 1230 865 1258; x_wconf 86' lang='lat' dir='ltr'><strong>concilii</strong></span> <span class='ocrx_word' id='word_1_305' title='bbox 889 1231 957 1259; x_wconf 77' lang='lat' dir='ltr'><strong>sexti</strong></span> <span class='ocrx_word' id='word_1_306' title='bbox 973 1239 1018 1259; x_wconf 85' lang='lat' dir='ltr'><strong>ca-</strong></span> 
     </span>
    </p>
   </div>
   <div class='ocr_carea' id='block_1_43' title="bbox 220 1276 344 1309">
    <p class='ocr_par' dir='ltr' id='par_1_43' title="bbox 220 1276 344 1309">
     <span class='ocr_line' id='line_1_43' title="bbox 220 1276 344 1309; baseline -0.016 -5"><span class='ocrx_word' id='word_1_307' title='bbox 220 1284 275 1304; x_wconf 87' lang='lat' dir='ltr'><strong>non</strong></span> <span class='ocrx_word' id='word_1_308' title='bbox 286 1276 321 1303; x_wconf 88' lang='lat'><strong>77</strong></span> <span class='ocrx_word' id='word_1_309' title='bbox 337 1285 344 1309; x_wconf 86' lang='lat'><strong>;</strong></span> 
     </span>
    </p>
   </div>
   <div class='ocr_carea' id='block_1_44' title="bbox 256 1332 1018 1370">
    <p class='ocr_par' dir='ltr' id='par_1_44' title="bbox 256 1332 1018 1370">
     <span class='ocr_line' id='line_1_44' title="bbox 256 1332 1018 1370; baseline 0.003 -10"><span class='ocrx_word' id='word_1_310' title='bbox 256 1332 364 1362; x_wconf 73' lang='lat' dir='ltr'><strong>Textus.</strong></span> <span class='ocrx_word' id='word_1_311' title='bbox 383 1332 494 1361; x_wconf 83' lang='lat' dir='ltr'><strong>Novella</strong></span> <span class='ocrx_word' id='word_1_312' title='bbox 513 1334 574 1367; x_wconf 84' lang='grc'>117,</span> <span class='ocrx_word' id='word_1_313' title='bbox 592 1342 653 1368; x_wconf 66' lang='lat' dir='ltr'><strong>qua:</strong></span> <span class='ocrx_word' id='word_1_314' title='bbox 664 1335 697 1362; x_wconf 89' lang='lat' dir='ltr'><strong>de</strong></span> <span class='ocrx_word' id='word_1_315' title='bbox 716 1335 920 1370; x_wconf 86' lang='lat' dir='ltr'><strong>repudiis,etc.,</strong></span> <span class='ocrx_word' id='word_1_316' title='bbox 938 1343 1018 1370; x_wconf 78' lang='lat' dir='ltr'><strong>usque</strong></span> 
     </span>
    </p>
   </div>
   <div class='ocr_carea' id='block_1_45' title="bbox 219 1379 704 1416">
    <p class='ocr_par' dir='ltr' id='par_1_45' title="bbox 219 1379 704 1416">
     <span class='ocr_line' id='line_1_45' title="bbox 219 1379 704 1416; baseline 0.004 -10"><span class='ocrx_word' id='word_1_317' title='bbox 219 1379 254 1406; x_wconf 88' lang='lat' dir='ltr'><strong>ud</strong></span> <span class='ocrx_word' id='word_1_318' title='bbox 270 1380 392 1408; x_wconf 84' lang='lat' dir='ltr'><strong>lucretur</strong></span> <span class='ocrx_word' id='word_1_319' title='bbox 405 1380 507 1414; x_wconf 86' lang='lat' dir='ltr'><strong>dotem,</strong></span> <span class='ocrx_word' id='word_1_320' title='bbox 522 1386 548 1407; x_wconf 78' lang='lat' dir='ltr'><strong>ut</strong></span> <span class='ocrx_word' id='word_1_321' title='bbox 563 1389 626 1416; x_wconf 82' lang='lat' dir='ltr'><strong>pag.</strong></span> <span class='ocrx_word' id='word_1_322' title='bbox 642 1381 704 1408; x_wconf 84' lang='grc'>791.</span> 
     </span>
    </p>
   </div>
   <div class='ocr_carea' id='block_1_46' title="bbox 254 1435 1013 1473">
    <p class='ocr_par' dir='ltr' id='par_1_46' title="bbox 254 1435 1013 1473">
     <span class='ocr_line' id='line_1_46' title="bbox 254 1435 1013 1473; baseline 0.003 -9"><span class='ocrx_word' id='word_1_323' title='bbox 254 1436 401 1464; x_wconf 73' lang='grc' dir='ltr'>δεΙιοιὶαιη.</span> <span class='ocrx_word' id='word_1_324' title='bbox 424 1436 534 1465; x_wconf 79' lang='lat' dir='ltr'><strong>Novella</strong></span> <span class='ocrx_word' id='word_1_325' title='bbox 557 1435 705 1465; x_wconf 82' lang='lat' dir='ltr'><strong>Justiuiani</strong></span> <span class='ocrx_word' id='word_1_326' title='bbox 731 1438 782 1465; x_wconf 86' lang='grc'>117</span> <span class='ocrx_word' id='word_1_327' title='bbox 805 1438 894 1473; x_wconf 85' lang='lat' dir='ltr'><strong>posita</strong></span> <span class='ocrx_word' id='word_1_328' title='bbox 916 1442 958 1466; x_wconf 87' lang='lat' dir='ltr'><strong>est</strong></span> <span class='ocrx_word' id='word_1_329' title='bbox 987 1437 1013 1466; x_wconf 87' lang='lat' dir='ltr'><strong>in</strong></span> 
     </span>
    </p>
   </div>
   <div class='ocr_carea' id='block_1_47' title="bbox 220 1483 1013 1519">
    <p class='ocr_par' dir='ltr' id='par_1_47' title="bbox 220 1483 1013 1519">
     <span class='ocr_line' id='line_1_47' title="bbox 220 1483 1013 1519; baseline 0.001 -10"><span class='ocrx_word' id='word_1_330' title='bbox 220 1483 267 1510; x_wconf 92' lang='lat' dir='ltr'><strong>lib.</strong></span> <span class='ocrx_word' id='word_1_331' title='bbox 283 1491 380 1515; x_wconf 77' lang='lat' dir='ltr'><strong>xxrtu,</strong></span> <span class='ocrx_word' id='word_1_332' title='bbox 399 1483 441 1510; x_wconf 85' lang='lat' dir='ltr'><strong>tit.</strong></span> <span class='ocrx_word' id='word_1_333' title='bbox 461 1483 488 1516; x_wconf 87' lang='lat'><strong>7,</strong></span> <span class='ocrx_word' id='word_1_334' title='bbox 513 1487 595 1518; x_wconf 83' lang='lat' dir='ltr'><strong>atque</strong></span> <span class='ocrx_word' id='word_1_335' title='bbox 611 1483 627 1510; x_wconf 77' lang='grc' dir='ltr'><strong>ι</strong></span> <span class='ocrx_word' id='word_1_336' title='bbox 645 1484 735 1511; x_wconf 85' lang='lat' dir='ltr'><strong>thema</strong></span> <span class='ocrx_word' id='word_1_337' title='bbox 750 1492 809 1519; x_wconf 85' lang='lat' dir='ltr'><strong>cap.</strong></span> <span class='ocrx_word' id='word_1_338' title='bbox 834 1491 854 1516; x_wconf 88' lang='lat' dir='ltr'><strong>t,</strong></span> <span class='ocrx_word' id='word_1_339' title='bbox 871 1485 929 1512; x_wconf 66' lang='lat' dir='ltr'><strong>haac</strong></span> <span class='ocrx_word' id='word_1_340' title='bbox 945 1483 1013 1510; x_wconf 89' lang='lat' dir='ltr'><strong>dicit</strong></span> 
     </span>
    </p>
   </div>
   <div class='ocr_carea' id='block_1_48' title="bbox 219 1529 1051 1574">
    <p class='ocr_par' dir='ltr' id='par_1_48' title="bbox 219 1529 1051 1574">
     <span class='ocr_line' id='line_1_48' title="bbox 219 1529 1051 1574; baseline 0.001 -17"><span class='ocrx_word' id='word_1_341' title='bbox 219 1530 247 1557; x_wconf 88' lang='lat' dir='ltr'><strong>in</strong></span> <span class='ocrx_word' id='word_1_342' title='bbox 263 1529 321 1558; x_wconf 60' lang='lat' dir='ltr'><strong>haec</strong></span> <span class='ocrx_word' id='word_1_343' title='bbox 335 1530 418 1557; x_wconf 81' lang='lat' dir='ltr'><strong>verba</strong></span> <span class='ocrx_word' id='word_1_344' title='bbox 435 1538 440 1556; x_wconf 95' lang='lat'><strong>:</strong></span> <span class='ocrx_word' id='word_1_345' title='bbox 459 1530 487 1557; x_wconf 83' lang='lat' dir='ltr'><strong>Si</strong></span> <span class='ocrx_word' id='word_1_346' title='bbox 510 1538 562 1558; x_wconf 87' lang='lat' dir='ltr'><strong>una</strong></span> <span class='ocrx_word' id='word_1_347' title='bbox 576 1538 637 1558; x_wconf 88' lang='lat' dir='ltr'><strong>cum</strong></span> <span class='ocrx_word' id='word_1_348' title='bbox 661 1533 800 1559; x_wconf 81' lang='lat' dir='ltr'><strong>extraneis</strong></span> <span class='ocrx_word' id='word_1_349' title='bbox 813 1531 880 1559; x_wconf 88' lang='lat' dir='ltr'><strong>viris</strong></span> <span class='ocrx_word' id='word_1_350' title='bbox 904 1532 1013 1558; x_wconf 81' lang='lat' dir='ltr'><strong>nolente</strong></span> <span class='ocrx_word' id='word_1_351' title='bbox 1028 1544 1051 1574; x_wconf 68' lang='grc' dir='ltr'><strong>ο</strong></span> 
     </span>
    </p>
   </div>
   <div class='ocr_carea' id='block_1_49' title="bbox 219 1575 1015 1610">
    <p class='ocr_par' dir='ltr' id='par_1_49' title="bbox 219 1575 1015 1610">
     <span class='ocr_line' id='line_1_49' title="bbox 219 1575 1015 1610; baseline 0 -8"><span class='ocrx_word' id='word_1_352' title='bbox 219 1575 321 1602; x_wconf 72' lang='lat' dir='ltr'><strong>marito</strong></span> <span class='ocrx_word' id='word_1_353' title='bbox 335 1575 418 1610; x_wconf 80' lang='lat' dir='ltr'><strong>agitet</strong></span> <span class='ocrx_word' id='word_1_354' title='bbox 431 1576 568 1609; x_wconf 86' lang='lat' dir='ltr'><strong>convivia,</strong></span> <span class='ocrx_word' id='word_1_355' title='bbox 588 1582 635 1603; x_wconf 83' lang='lat' dir='ltr'><strong>aut</strong></span> <span class='ocrx_word' id='word_1_356' title='bbox 649 1584 710 1603; x_wconf 90' lang='lat' dir='ltr'><strong>cum</strong></span> <span class='ocrx_word' id='word_1_357' title='bbox 727 1577 759 1604; x_wconf 90' lang='lat' dir='ltr'><strong>iis</strong></span> <span class='ocrx_word' id='word_1_358' title='bbox 776 1584 805 1604; x_wconf 89' lang='lat' dir='ltr'><strong>se</strong></span> <span class='ocrx_word' id='word_1_359' title='bbox 819 1576 900 1603; x_wconf 81' lang='lat' dir='ltr'><strong>lavet.</strong></span> <span class='ocrx_word' id='word_1_360' title='bbox 925 1575 1015 1610; x_wconf 81' lang='lat' dir='ltr'><strong>Atque</strong></span> 
     </span>
    </p>
   </div>
   <div class='ocr_carea' id='block_1_50' title="bbox 224 1621 1013 1657">
    <p class='ocr_par' dir='ltr' id='par_1_50' title="bbox 224 1621 1013 1657">
     <span class='ocr_line' id='line_1_50' title="bbox 224 1621 1013 1657; baseline -0.003 -8"><span class='ocrx_word' id='word_1_361' title='bbox 224 1626 266 1649; x_wconf 81' lang='lat' dir='ltr'><strong>cst</strong></span> <span class='ocrx_word' id='word_1_362' title='bbox 284 1622 341 1649; x_wconf 64' lang='lat' dir='ltr'><strong>haec</strong></span> <span class='ocrx_word' id='word_1_363' title='bbox 364 1622 447 1649; x_wconf 87' lang='lat' dir='ltr'><strong>etiam</strong></span> <span class='ocrx_word' id='word_1_364' title='bbox 472 1629 525 1649; x_wconf 82' lang='lat' dir='ltr'><strong>una</strong></span> <span class='ocrx_word' id='word_1_365' title='bbox 549 1625 707 1654; x_wconf 67' lang='lat' dir='ltr'><strong>causarum,</strong></span> <span class='ocrx_word' id='word_1_366' title='bbox 725 1630 786 1657; x_wconf 77' lang='lat' dir='ltr'><strong>quae</strong></span> <span class='ocrx_word' id='word_1_367' title='bbox 808 1621 1013 1649; x_wconf 76' lang='lat' dir='ltr'><strong>matrimonium</strong></span> 
     </span>
    </p>
   </div>
   <div class='ocr_carea' id='block_1_51' title="bbox 219 1668 340 1696">
    <p class='ocr_par' dir='ltr' id='par_1_51' title="bbox 219 1668 340 1696">
     <span class='ocr_line' id='line_1_51' title="bbox 219 1668 340 1696; baseline 0 0"><span class='ocrx_word' id='word_1_368' title='bbox 219 1668 340 1696; x_wconf 83' lang='lat' dir='ltr'><strong>solvunt.</strong></span> 
     </span>
    </p>
   </div>
   <div class='ocr_carea' id='block_1_52' title="bbox 257 1725 1014 1760">
    <p class='ocr_par' dir='ltr' id='par_1_52' title="bbox 257 1725 1014 1760">
     <span class='ocr_line' id='line_1_52' title="bbox 257 1725 1014 1760; baseline 0 -8"><span class='ocrx_word' id='word_1_369' title='bbox 257 1725 335 1753; x_wconf 80' lang='lat' dir='ltr'><strong>CAP.</strong></span> <span class='ocrx_word' id='word_1_370' title='bbox 354 1725 463 1753; x_wconf 88' lang='lat' dir='ltr'><strong>XXXII.</strong></span> <span class='ocrx_word' id='word_1_371' title='bbox 475 1741 509 1747; x_wconf 97' lang='lat'><strong>—</strong></span> <span class='ocrx_word' id='word_1_372' title='bbox 523 1725 561 1753; x_wconf 85' lang='lat' dir='ltr'><strong>De</strong></span> <span class='ocrx_word' id='word_1_373' title='bbox 578 1726 705 1760; x_wconf 73' lang='lat' dir='ltr'><strong>episcopis</strong></span> <span class='ocrx_word' id='word_1_374' title='bbox 721 1731 744 1752; x_wconf 88' lang='lat' dir='ltr'><strong>el</strong></span> <span class='ocrx_word' id='word_1_375' title='bbox 763 1725 877 1758; x_wconf 75' lang='lat' dir='ltr'><strong>clericis,</strong></span> <span class='ocrx_word' id='word_1_376' title='bbox 892 1727 937 1760; x_wconf 86' lang='lat' dir='ltr'><strong>qni</strong></span> <span class='ocrx_word' id='word_1_377' title='bbox 951 1725 1014 1753; x_wconf 83' lang='lat' dir='ltr'><strong>laici</strong></span> 
     </span>
    </p>
   </div>
   <div class='ocr_carea' id='block_1_53' title="bbox 221 1771 1012 1808">
    <p class='ocr_par' dir='ltr' id='par_1_53' title="bbox 221 1771 1012 1808">
     <span class='ocr_line' id='line_1_53' title="bbox 221 1771 1012 1808; baseline 0.003 -11"><span class='ocrx_word' id='word_1_378' title='bbox 221 1771 291 1805; x_wconf 77' lang='lat' dir='ltr'><strong>facti</strong></span> <span class='ocrx_word' id='word_1_379' title='bbox 310 1772 420 1806; x_wconf 75' lang='lat' dir='ltr'><strong>fuerint,</strong></span> <span class='ocrx_word' id='word_1_380' title='bbox 437 1777 482 1798; x_wconf 87' lang='lat' dir='ltr'><strong>aut</strong></span> <span class='ocrx_word' id='word_1_381' title='bbox 501 1774 534 1798; x_wconf 81' lang='lat' dir='ltr'><strong>ad</strong></span> <span class='ocrx_word' id='word_1_382' title='bbox 553 1771 725 1808; x_wconf 73' lang='lat' dir='ltr'><strong>[mundanas]</strong></span> <span class='ocrx_word' id='word_1_383' title='bbox 739 1773 878 1807; x_wconf 77' lang='lat' dir='ltr'><strong>dignitates</strong></span> <span class='ocrx_word' id='word_1_384' title='bbox 892 1780 1012 1807; x_wconf 70' lang='lat' dir='ltr'><strong>pervene-</strong></span> 
     </span>
    </p>
   </div>
   <div class='ocr_carea' id='block_1_54' title="bbox 218 1817 544 1848">
    <p class='ocr_par' dir='ltr' id='par_1_54' title="bbox 218 1817 544 1848">
     <span class='ocr_line' id='line_1_54' title="bbox 218 1817 544 1848; baseline 0.003 -6"><span class='ocrx_word' id='word_1_385' title='bbox 218 1817 282 1848; x_wconf 84' lang='lat' dir='ltr'><strong>rint,</strong></span> <span class='ocrx_word' id='word_1_386' title='bbox 297 1822 343 1843; x_wconf 90' lang='lat' dir='ltr'><strong>aut</strong></span> <span class='ocrx_word' id='word_1_387' title='bbox 361 1817 544 1844; x_wconf 83' lang='lat' dir='ltr'><strong>militaverint.</strong></span> 
     </span>
    </p>
   </div>
   <div class='ocr_carea' id='block_1_55' title="bbox 254 1872 1012 1908">
    <p class='ocr_par' dir='ltr' id='par_1_55' title="bbox 254 1872 1012 1908">
     <span class='ocr_line' id='line_1_55' title="bbox 254 1872 1012 1908; baseline 0.004 -9"><span class='ocrx_word' id='word_1_388' title='bbox 254 1872 446 1907; x_wconf 83' lang='lat' dir='ltr'><strong>Apostolorum</strong></span> <span class='ocrx_word' id='word_1_389' title='bbox 460 1881 548 1901; x_wconf 91' lang='lat' dir='ltr'><strong>canon</strong></span> <span class='ocrx_word' id='word_1_390' title='bbox 558 1873 607 1908; x_wconf 77' lang='lat'><strong>83;</strong></span> <span class='ocrx_word' id='word_1_391' title='bbox 621 1873 841 1902; x_wconf 71' lang='lat' dir='ltr'><strong>conciliiNiczeni</strong></span> <span class='ocrx_word' id='word_1_392' title='bbox 858 1882 945 1902; x_wconf 88' lang='lat' dir='ltr'><strong>canon</strong></span> <span class='ocrx_word' id='word_1_393' title='bbox 959 1875 1012 1908; x_wconf 72' lang='lat' dir='ltr'><strong>l2;</strong></span> 
     </span>
    </p>
   </div>
   <div class='ocr_carea' id='block_1_56' title="bbox 217 1919 722 1947">
    <p class='ocr_par' dir='ltr' id='par_1_56' title="bbox 217 1919 722 1947">
     <span class='ocr_line' id='line_1_56' title="bbox 217 1919 722 1947; baseline 0.004 -2"><span class='ocrx_word' id='word_1_394' title='bbox 217 1919 328 1946; x_wconf 84' lang='lat' dir='ltr'><strong>concilii</strong></span> <span class='ocrx_word' id='word_1_395' title='bbox 343 1919 575 1947; x_wconf 80' lang='lat' dir='ltr'><strong>Chalcedonensis</strong></span> <span class='ocrx_word' id='word_1_396' title='bbox 591 1928 678 1947; x_wconf 86' lang='lat' dir='ltr'><strong>canon</strong></span> <span class='ocrx_word' id='word_1_397' title='bbox 697 1921 722 1947; x_wconf 88' lang='grc'>7.</span> 
     </span>
    </p>
   </div>
   <div class='ocr_carea' id='block_1_57' title="bbox 255 1964 1011 2002">
    <p class='ocr_par' dir='ltr' id='par_1_57' title="bbox 255 1964 1011 2002">
     <span class='ocr_line' id='line_1_57' title="bbox 255 1964 1011 2002; baseline 0.003 -10"><span class='ocrx_word' id='word_1_398' title='bbox 255 1964 363 1992; x_wconf 74' lang='lat' dir='ltr'><strong>Textus.</strong></span> <span class='ocrx_word' id='word_1_399' title='bbox 382 1965 440 1992; x_wconf 84' lang='lat' dir='ltr'><strong>Lib.</strong></span> <span class='ocrx_word' id='word_1_400' title='bbox 462 1973 469 1992; x_wconf 97' lang='lat' dir='ltr'><strong>l</strong></span> <span class='ocrx_word' id='word_1_401' title='bbox 490 1965 570 1998; x_wconf 82' lang='lat' dir='ltr'><strong>Cod.,</strong></span> <span class='ocrx_word' id='word_1_402' title='bbox 587 1966 628 1992; x_wconf 90' lang='lat' dir='ltr'><strong>tit.</strong></span> <span class='ocrx_word' id='word_1_403' title='bbox 647 1967 674 1999; x_wconf 84' lang='lat'><strong>5,</strong></span> <span class='ocrx_word' id='word_1_404' title='bbox 693 1971 785 1994; x_wconf 83' lang='lat' dir='ltr'><strong>const.</strong></span> <span class='ocrx_word' id='word_1_405' title='bbox 798 1967 831 1993; x_wconf 82' lang='lat'><strong>57</strong></span> <span class='ocrx_word' id='word_1_406' title='bbox 846 1966 940 1994; x_wconf 84' lang='lat' dir='ltr'><strong>:Scrvi</strong></span> <span class='ocrx_word' id='word_1_407' title='bbox 955 1967 1011 2002; x_wconf 89' lang='lat' dir='ltr'><strong>qui,</strong></span> 
     </span>
    </p>
   </div>
   <div class='ocr_carea' id='block_1_58' title="bbox 219 2010 1012 2048">
    <p class='ocr_par' dir='ltr' id='par_1_58' title="bbox 219 2010 1012 2048">
     <span class='ocr_line' id='line_1_58' title="bbox 219 2010 1012 2048; baseline 0.004 -11"><span class='ocrx_word' id='word_1_408' title='bbox 219 2015 285 2044; x_wconf 83' lang='lat' dir='ltr'><strong>clc.,</strong></span> <span class='ocrx_word' id='word_1_409' title='bbox 304 2018 385 2045; x_wconf 78' lang='lat' dir='ltr'><strong>usque</strong></span> <span class='ocrx_word' id='word_1_410' title='bbox 400 2010 434 2037; x_wconf 86' lang='lat' dir='ltr'><strong>ad</strong></span> <span class='ocrx_word' id='word_1_411' title='bbox 448 2011 529 2038; x_wconf 81' lang='lat' dir='ltr'><strong>vitam</strong></span> <span class='ocrx_word' id='word_1_412' title='bbox 544 2016 664 2038; x_wconf 81' lang='lat' dir='ltr'><strong>sectatur</strong></span> <span class='ocrx_word' id='word_1_413' title='bbox 677 2011 817 2048; x_wconf 84' lang='lat' dir='ltr'><strong>[obtinet],</strong></span> <span class='ocrx_word' id='word_1_414' title='bbox 832 2017 860 2039; x_wconf 84' lang='lat' dir='ltr'><strong>ut</strong></span> <span class='ocrx_word' id='word_1_415' title='bbox 874 2020 935 2048; x_wconf 83' lang='lat' dir='ltr'><strong>pag.</strong></span> <span class='ocrx_word' id='word_1_416' title='bbox 952 2012 1012 2040; x_wconf 86' lang='lat' dir='ltr'><strong>79l.</strong></span> 
     </span>
    </p>
   </div>
   <div class='ocr_carea' id='block_1_59' title="bbox 255 2096 1015 2130">
    <p class='ocr_par' dir='ltr' id='par_1_59' title="bbox 255 2096 1015 2130">
     <span class='ocr_line' id='line_1_59' title="bbox 255 2096 1015 2130; baseline 0.005 -5"><span class='ocrx_word' id='word_1_417' title='bbox 255 2097 403 2125; x_wconf 80' lang='lat' dir='ltr'><strong>Scholium.</strong></span> <span class='ocrx_word' id='word_1_418' title='bbox 423 2096 519 2127; x_wconf 85' lang='lat' dir='ltr'><strong>Const.</strong></span> <span class='ocrx_word' id='word_1_419' title='bbox 551 2099 586 2126; x_wconf 78' lang='grc'><strong>57</strong></span> <span class='ocrx_word' id='word_1_420' title='bbox 603 2100 645 2127; x_wconf 90' lang='lat' dir='ltr'><strong>tit.</strong></span> <span class='ocrx_word' id='word_1_421' title='bbox 668 2100 685 2127; x_wconf 73' lang='lat'><strong>5</strong></span> <span class='ocrx_word' id='word_1_422' title='bbox 716 2101 762 2128; x_wconf 91' lang='lat' dir='ltr'><strong>lib.</strong></span> <span class='ocrx_word' id='word_1_423' title='bbox 778 2109 786 2128; x_wconf 85' lang='lat'>1</span> <span class='ocrx_word' id='word_1_424' title='bbox 802 2100 869 2128; x_wconf 86' lang='lat' dir='ltr'><strong>Cod.</strong></span> <span class='ocrx_word' id='word_1_425' title='bbox 895 2110 949 2129; x_wconf 90' lang='lat' dir='ltr'><strong>non</strong></span> <span class='ocrx_word' id='word_1_426' title='bbox 972 2106 1015 2130; x_wconf 90' lang='lat' dir='ltr'><strong>est</strong></span> 
     </span>
    </p>
   </div>
   <div class='ocr_carea' id='block_1_60' title="bbox 218 2145 1011 2182">
    <p class='ocr_par' dir='ltr' id='par_1_60' title="bbox 218 2145 1011 2182">
     <span class='ocr_line' id='line_1_60' title="bbox 218 2145 1011 2182; baseline 0.006 -11"><span class='ocrx_word' id='word_1_427' title='bbox 218 2145 305 2177; x_wconf 81' lang='lat' dir='ltr'><strong>posita</strong></span> <span class='ocrx_word' id='word_1_428' title='bbox 331 2146 357 2172; x_wconf 92' lang='lat' dir='ltr'><strong>in</strong></span> <span class='ocrx_word' id='word_1_429' title='bbox 375 2146 457 2173; x_wconf 79' lang='lat' dir='ltr'><strong>Basil.</strong></span> <span class='ocrx_word' id='word_1_430' title='bbox 485 2154 574 2181; x_wconf 87' lang='lat' dir='ltr'><strong>neque</strong></span> <span class='ocrx_word' id='word_1_431' title='bbox 587 2146 709 2182; x_wconf 75' lang='lat' dir='ltr'><strong>ejusdem</strong></span> <span class='ocrx_word' id='word_1_432' title='bbox 738 2148 779 2174; x_wconf 89' lang='lat' dir='ltr'><strong>lit.</strong></span> <span class='ocrx_word' id='word_1_433' title='bbox 797 2148 841 2178; x_wconf 73' lang='lat'><strong>5&#39;2,</strong></span> <span class='ocrx_word' id='word_1_434' title='bbox 861 2156 948 2182; x_wconf 78' lang='lat' dir='ltr'><strong>neque</strong></span> <span class='ocrx_word' id='word_1_435' title='bbox 967 2149 1011 2176; x_wconf 77' lang='grc'><strong>55.</strong></span> 
     </span>
    </p>
   </div>
   <div class='ocr_carea' id='block_1_61' title="bbox 217 2192 1012 2230">
    <p class='ocr_par' dir='ltr' id='par_1_61' title="bbox 217 2192 1012 2230">
     <span class='ocr_line' id='line_1_61' title="bbox 217 2192 1012 2230; baseline 0.001 -9"><span class='ocrx_word' id='word_1_436' title='bbox 217 2192 329 2224; x_wconf 64' lang='lat' dir='ltr'><strong>Quaeras</strong></span> <span class='ocrx_word' id='word_1_437' title='bbox 346 2198 437 2220; x_wconf 82' lang='lat' dir='ltr'><strong>autem</strong></span> <span class='ocrx_word' id='word_1_438' title='bbox 452 2193 499 2220; x_wconf 92' lang='lat' dir='ltr'><strong>lib.</strong></span> <span class='ocrx_word' id='word_1_439' title='bbox 516 2193 598 2221; x_wconf 84' lang='lat' dir='ltr'><strong>Basil.</strong></span> <span class='ocrx_word' id='word_1_440' title='bbox 627 2202 671 2227; x_wconf 84' lang='lat' dir='ltr'><strong>lV,-</strong></span> <span class='ocrx_word' id='word_1_441' title='bbox 688 2194 729 2221; x_wconf 87' lang='lat' dir='ltr'><strong>tit.</strong></span> <span class='ocrx_word' id='word_1_442' title='bbox 748 2203 766 2227; x_wconf 85' lang='grc' dir='ltr'><strong>ι,</strong></span> <span class='ocrx_word' id='word_1_443' title='bbox 783 2202 841 2230; x_wconf 88' lang='lat' dir='ltr'><strong>cap.</strong></span> <span class='ocrx_word' id='word_1_444' title='bbox 862 2195 905 2228; x_wconf 82' lang='grc'>11,</span> <span class='ocrx_word' id='word_1_445' title='bbox 923 2196 1012 2222; x_wconf 83' lang='lat' dir='ltr'><strong>thema</strong></span> 
     </span>
    </p>
   </div>
   <div class='ocr_carea' id='block_1_62' title="bbox 1075 941 1861 979">
    <p class='ocr_par' dir='ltr' id='par_1_62' title="bbox 1075 941 1861 979">
     <span class='ocr_line' id='line_1_62' title="bbox 1075 941 1861 979; baseline -0.004 -8"><span class='ocrx_word' id='word_1_446' title='bbox 1075 945 1207 979; x_wconf 76' lang='grc' dir='ltr'>ἁρπάσει,</span> <span class='ocrx_word' id='word_1_447' title='bbox 1220 944 1268 970; x_wconf 73' lang='grc' dir='ltr'><strong>καὶ</strong></span> <span class='ocrx_word' id='word_1_448' title='bbox 1279 945 1313 970; x_wconf 84' lang='grc' dir='ltr'><strong>τὰ</strong></span> <span class='ocrx_word' id='word_1_449' title='bbox 1325 945 1389 979; x_wconf 80' lang='grc' dir='ltr'><strong>ἑξῆς</strong></span> <span class='ocrx_word' id='word_1_450' title='bbox 1404 944 1564 978; x_wconf 74' lang='grc' dir='ltr'>ἐγράφησαν</span> <span class='ocrx_word' id='word_1_451' title='bbox 1580 943 1620 975; x_wconf 74' lang='grc' dir='ltr'>εἰς</span> <span class='ocrx_word' id='word_1_452' title='bbox 1632 943 1662 969; x_wconf 83' lang='grc' dir='ltr'><strong>τὺ</strong></span> <span class='ocrx_word' id='word_1_453' title='bbox 1680 943 1811 978; x_wconf 82' lang='grc' dir='ltr'>κείμενον.</span> <span class='ocrx_word' id='word_1_454' title='bbox 1831 941 1861 968; x_wconf 80' lang='lat' dir='ltr'><strong>&#39;II</strong></span> 
     </span>
    </p>
   </div>
   <div class='ocr_carea' id='block_1_63' title="bbox 1076 989 1860 1027">
    <p class='ocr_par' dir='ltr' id='par_1_63' title="bbox 1076 989 1860 1027">
     <span class='ocr_line' id='line_1_63' title="bbox 1076 989 1860 1027; baseline 0 -11"><span class='ocrx_word' id='word_1_455' title='bbox 1076 989 1140 1025; x_wconf 83' lang='grc' dir='ltr'>ρμγ¹</span> <span class='ocrx_word' id='word_1_456' title='bbox 1155 991 1239 1027; x_wconf 87' lang='grc' dir='ltr'>νεαρὰ</span> <span class='ocrx_word' id='word_1_457' title='bbox 1254 992 1344 1018; x_wconf 83' lang='grc' dir='ltr'>κεῖται</span> <span class='ocrx_word' id='word_1_458' title='bbox 1358 993 1396 1023; x_wconf 81' lang='grc' dir='ltr'>είς</span> <span class='ocrx_word' id='word_1_459' title='bbox 1413 999 1476 1026; x_wconf 80' lang='grc' dir='ltr'>κεφ.</span> <span class='ocrx_word' id='word_1_460' title='bbox 1498 991 1521 1026; x_wconf 85' lang='grc' dir='ltr'><strong>β’</strong></span> <span class='ocrx_word' id='word_1_461' title='bbox 1532 991 1580 1017; x_wconf 86' lang='grc' dir='ltr'><strong>τοῦ</strong></span> <span class='ocrx_word' id='word_1_462' title='bbox 1593 989 1693 1026; x_wconf 81' lang='grc' dir='ltr'>νη¹τίτ.</span> <span class='ocrx_word' id='word_1_463' title='bbox 1703 990 1748 1017; x_wconf 84' lang='grc' dir='ltr'><strong>τοῦ</strong></span> <span class='ocrx_word' id='word_1_464' title='bbox 1761 990 1782 1022; x_wconf 84' lang='grc' dir='ltr'><strong>ξ’</strong></span> <span class='ocrx_word' id='word_1_465' title='bbox 1796 989 1860 1025; x_wconf 79' lang='grc' dir='ltr'>βιϐλ.</span> 
     </span>
    </p>
   </div>
   <div class='ocr_carea' id='block_1_64' title="bbox 763 1034 1861 1076">
    <p class='ocr_par' dir='ltr' id='par_1_64' title="bbox 763 1034 1861 1076">
     <span class='ocr_line' id='line_1_64' title="bbox 763 1034 1861 1076; baseline 0.001 -15"><span class='ocrx_word' id='word_1_466' title='bbox 763 1034 912 1076; x_wconf 73' lang='grc' dir='ltr'>Ἀνάγνωθι</span> <span class='ocrx_word' id='word_1_467' title='bbox 937 1036 985 1062; x_wconf 77' lang='grc' dir='ltr'>καὶ</span> <span class='ocrx_word' id='word_1_468' title='bbox 1008 1036 1055 1063; x_wconf 78' lang='grc' dir='ltr'>τὸν</span> <span class='ocrx_word' id='word_1_469' title='bbox 1076 1038 1157 1065; x_wconf 74' lang='grc' dir='ltr'>αὐτὸν</span> <span class='ocrx_word' id='word_1_470' title='bbox 1180 1038 1223 1074; x_wconf 87' lang='grc' dir='ltr'>νη¹</span> <span class='ocrx_word' id='word_1_471' title='bbox 1251 1039 1305 1066; x_wconf 83' lang='grc' dir='ltr'>τίτ.</span> <span class='ocrx_word' id='word_1_472' title='bbox 1335 1038 1395 1066; x_wconf 84' lang='grc' dir='ltr'>ὂλον</span> <span class='ocrx_word' id='word_1_473' title='bbox 1429 1037 1520 1074; x_wconf 85' lang='grc' dir='ltr'>ὠραῖά</span> <span class='ocrx_word' id='word_1_474' title='bbox 1545 1046 1607 1066; x_wconf 87' lang='grc' dir='ltr'>τινα</span> <span class='ocrx_word' id='word_1_475' title='bbox 1635 1037 1802 1070; x_wconf 78' lang='grc' dir='ltr'>διδάσκοντα,</span> <span class='ocrx_word' id='word_1_476' title='bbox 1819 1037 1861 1063; x_wconf 79' lang='grc' dir='ltr'>καὶ</span> 
     </span>
    </p>
   </div>
   <div class='ocr_carea' id='block_1_65' title="bbox 1102 1132 1862 1168">
    <p class='ocr_par' dir='ltr' id='par_1_65' title="bbox 1102 1132 1862 1168">
     <span class='ocr_line' id='line_1_65' title="bbox 1102 1132 1862 1168; baseline 0 -10"><span class='ocrx_word' id='word_1_477' title='bbox 1102 1132 1229 1160; x_wconf 83' lang='grc' dir='ltr'><strong>ΚΕΦΑΛ.</strong></span> <span class='ocrx_word' id='word_1_478' title='bbox 1244 1133 1307 1160; x_wconf 85' lang='lat' dir='ltr'><strong>AA&#39;.</strong></span> <span class='ocrx_word' id='word_1_479' title='bbox 1325 1147 1359 1153; x_wconf 93' lang='lat'><strong>-—</strong></span> <span class='ocrx_word' id='word_1_480' title='bbox 1371 1132 1441 1167; x_wconf 74' lang='grc' dir='ltr'>Περὶ</span> <span class='ocrx_word' id='word_1_481' title='bbox 1466 1132 1622 1167; x_wconf 75' lang='grc' dir='ltr'>ἱερατικῶν</span> <span class='ocrx_word' id='word_1_482' title='bbox 1636 1132 1862 1168; x_wconf 71' lang='grc' dir='ltr'>συλλουομένων</span> 
     </span>
    </p>
   </div>
   <div class='ocr_carea' id='block_1_66' title="bbox 1075 1178 1205 1212">
    <p class='ocr_par' dir='ltr' id='par_1_66' title="bbox 1075 1178 1205 1212">
     <span class='ocr_line' id='line_1_66' title="bbox 1075 1178 1205 1212; baseline 0 -8"><span class='ocrx_word' id='word_1_483' title='bbox 1075 1178 1205 1212; x_wconf 79' lang='grc' dir='ltr'>γυναιξί.</span> 
     </span>
    </p>
   </div>
   <div class='ocr_carea' id='block_1_67' title="bbox 1103 1233 1860 1267">
    <p class='ocr_par' dir='ltr' id='par_1_67' title="bbox 1103 1233 1860 1267">
     <span class='ocr_line' id='line_1_67' title="bbox 1103 1233 1860 1267; baseline 0.001 -7"><span class='ocrx_word' id='word_1_484' title='bbox 1103 1233 1216 1261; x_wconf 79' lang='grc' dir='ltr'>Σννόδου</span> <span class='ocrx_word' id='word_1_485' title='bbox 1230 1234 1390 1267; x_wconf 82' lang='grc' dir='ltr'>Λαοδικείας</span> <span class='ocrx_word' id='word_1_486' title='bbox 1415 1234 1506 1263; x_wconf 89' lang='grc' dir='ltr'>κανὼν</span> <span class='ocrx_word' id='word_1_487' title='bbox 1534 1235 1566 1262; x_wconf 81' lang='grc' dir='ltr'><strong>λ’-</strong></span> <span class='ocrx_word' id='word_1_488' title='bbox 1592 1235 1705 1262; x_wconf 85' lang='grc' dir='ltr'>συνόδου</span> <span class='ocrx_word' id='word_1_489' title='bbox 1737 1237 1763 1266; x_wconf 87' lang='grc' dir='ltr'><strong>ς’</strong></span> <span class='ocrx_word' id='word_1_490' title='bbox 1777 1233 1860 1261; x_wconf 81' lang='grc' dir='ltr'>κανὼν</span> 
     </span>
    </p>
   </div>
   <div class='ocr_carea' id='block_1_68' title="bbox 1068 1279 1118 1312">
    <p class='ocr_par' dir='ltr' id='par_1_68' title="bbox 1068 1279 1118 1312">
     <span class='ocr_line' id='line_1_68' title="bbox 1068 1279 1118 1312; baseline 0 -5"><span class='ocrx_word' id='word_1_491' title='bbox 1068 1279 1118 1312; x_wconf 64' lang='grc' dir='ltr'><strong>οξ.</strong></span> 
     </span>
    </p>
   </div>
   <div class='ocr_carea' id='block_1_69' title="bbox 1108 1338 1857 1376">
    <p class='ocr_par' dir='ltr' id='par_1_69' title="bbox 1108 1338 1857 1376">
     <span class='ocr_line' id='line_1_69' title="bbox 1108 1338 1857 1376; baseline -0.003 -10"><span class='ocrx_word' id='word_1_492' title='bbox 1108 1339 1262 1374; x_wconf 75' lang='grc' dir='ltr'>Κείμενον.</span> <span class='ocrx_word' id='word_1_493' title='bbox 1287 1339 1319 1366; x_wconf 85' lang='grc' dir='ltr'><strong><em>Ἦ</em></strong></span> <span class='ocrx_word' id='word_1_494' title='bbox 1334 1339 1394 1375; x_wconf 79' lang='grc' dir='ltr'><strong>περὶ</strong></span> <span class='ocrx_word' id='word_1_495' title='bbox 1407 1340 1555 1374; x_wconf 81' lang='grc' dir='ltr'>ρεπουδίων</span> <span class='ocrx_word' id='word_1_496' title='bbox 1568 1340 1658 1376; x_wconf 84' lang='grc' dir='ltr'>νεαρὰ</span> <span class='ocrx_word' id='word_1_497' title='bbox 1684 1339 1735 1376; x_wconf 76' lang='grc' dir='ltr'>ριζ¹</span> <span class='ocrx_word' id='word_1_498' title='bbox 1749 1338 1857 1369; x_wconf 84' lang='grc' dir='ltr'>δίδωσιν,</span> 
     </span>
    </p>
   </div>
   <div class='ocr_carea' id='block_1_70' title="bbox 1070 1385 1675 1423">
    <p class='ocr_par' dir='ltr' id='par_1_70' title="bbox 1070 1385 1675 1423">
     <span class='ocr_line' id='line_1_70' title="bbox 1070 1385 1675 1423; baseline 0.003 -11"><span class='ocrx_word' id='word_1_499' title='bbox 1070 1394 1137 1413; x_wconf 83' lang='grc' dir='ltr'>κ,τ.</span> <span class='ocrx_word' id='word_1_500' title='bbox 1167 1385 1193 1418; x_wconf 88' lang='grc' dir='ltr'>λ,</span> <span class='ocrx_word' id='word_1_501' title='bbox 1210 1393 1296 1420; x_wconf 87' lang='lat' dir='ltr'><strong>usque</strong></span> <span class='ocrx_word' id='word_1_502' title='bbox 1323 1385 1357 1413; x_wconf 90' lang='lat' dir='ltr'><strong>ad</strong></span> <span class='ocrx_word' id='word_1_503' title='bbox 1383 1386 1432 1420; x_wconf 82' lang='grc' dir='ltr'>τὴν</span> <span class='ocrx_word' id='word_1_504' title='bbox 1460 1387 1545 1421; x_wconf 83' lang='grc' dir='ltr'>αὐτῆς</span> <span class='ocrx_word' id='word_1_505' title='bbox 1561 1388 1675 1423; x_wconf 80' lang='grc' dir='ltr'>προῖκα.</span> 
     </span>
    </p>
   </div>
   <div class='ocr_carea' id='block_1_71' title="bbox 1105 1439 1860 1475">
    <p class='ocr_par' dir='ltr' id='par_1_71' title="bbox 1105 1439 1860 1475">
     <span class='ocr_line' id='line_1_71' title="bbox 1105 1439 1860 1475; baseline 0 -9"><span class='ocrx_word' id='word_1_506' title='bbox 1105 1440 1247 1474; x_wconf 78' lang='grc' dir='ltr'>Σχόλιον.</span> <span class='ocrx_word' id='word_1_507' title='bbox 1270 1439 1301 1466; x_wconf 86' lang='grc' dir='ltr'><strong><em>Ἡ</em></strong></span> <span class='ocrx_word' id='word_1_508' title='bbox 1325 1439 1377 1475; x_wconf 75' lang='grc' dir='ltr'>ριζν</span> <span class='ocrx_word' id='word_1_509' title='bbox 1399 1440 1484 1474; x_wconf 81' lang='grc' dir='ltr'>νεαρὰ</span> <span class='ocrx_word' id='word_1_510' title='bbox 1499 1440 1546 1467; x_wconf 84' lang='grc' dir='ltr'>τοῦ</span> <span class='ocrx_word' id='word_1_511' title='bbox 1569 1440 1761 1469; x_wconf 82' lang='grc' dir='ltr'>Ἰουστινιανοῦ</span> <span class='ocrx_word' id='word_1_512' title='bbox 1780 1440 1860 1467; x_wconf 61' lang='grc' dir='ltr'>κεῖται</span> 
     </span>
    </p>
   </div>
   <div class='ocr_carea' id='block_1_72' title="bbox 1068 1485 1858 1522">
    <p class='ocr_par' dir='ltr' id='par_1_72' title="bbox 1068 1485 1858 1522">
     <span class='ocr_line' id='line_1_72' title="bbox 1068 1485 1858 1522; baseline 0 -10"><span class='ocrx_word' id='word_1_513' title='bbox 1068 1487 1107 1518; x_wconf 80' lang='grc' dir='ltr'><strong>εἰς</strong></span> <span class='ocrx_word' id='word_1_514' title='bbox 1119 1486 1189 1521; x_wconf 81' lang='grc' dir='ltr'>βιϐλ.</span> <span class='ocrx_word' id='word_1_515' title='bbox 1207 1489 1251 1522; x_wconf 87' lang='grc' dir='ltr'>κη’</span> <span class='ocrx_word' id='word_1_516' title='bbox 1266 1486 1319 1513; x_wconf 88' lang='grc' dir='ltr'>τίτ.</span> <span class='ocrx_word' id='word_1_517' title='bbox 1335 1487 1358 1519; x_wconf 80' lang='grc' dir='ltr'><strong>ζ’</strong></span> <span class='ocrx_word' id='word_1_518' title='bbox 1368 1487 1414 1513; x_wconf 77' lang='grc' dir='ltr'>καὶ</span> <span class='ocrx_word' id='word_1_519' title='bbox 1430 1487 1504 1520; x_wconf 87' lang='grc' dir='ltr'>λέγει</span> <span class='ocrx_word' id='word_1_520' title='bbox 1531 1487 1561 1514; x_wconf 81' lang='grc' dir='ltr'>τὸ</span> <span class='ocrx_word' id='word_1_521' title='bbox 1578 1487 1601 1513; x_wconf 87' lang='grc' dir='ltr'>δ’</span> <span class='ocrx_word' id='word_1_522' title='bbox 1620 1487 1693 1522; x_wconf 89' lang='grc' dir='ltr'>θέμα</span> <span class='ocrx_word' id='word_1_523' title='bbox 1703 1486 1750 1514; x_wconf 85' lang='grc' dir='ltr'>τοῦ</span> <span class='ocrx_word' id='word_1_524' title='bbox 1764 1485 1786 1513; x_wconf 92' lang='grc' dir='ltr'>α’</span> <span class='ocrx_word' id='word_1_525' title='bbox 1800 1494 1858 1520; x_wconf 83' lang='grc' dir='ltr'>κεφ.</span> 
     </span>
    </p>
   </div>
   <div class='ocr_carea' id='block_1_73' title="bbox 1067 1531 1863 1567">
    <p class='ocr_par' dir='ltr' id='par_1_73' title="bbox 1067 1531 1863 1567">
     <span class='ocr_line' id='line_1_73' title="bbox 1067 1531 1863 1567; baseline -0.001 -9"><span class='ocrx_word' id='word_1_526' title='bbox 1067 1532 1153 1558; x_wconf 75' lang='grc' dir='ltr'>ταῦτα</span> <span class='ocrx_word' id='word_1_527' title='bbox 1173 1532 1262 1567; x_wconf 75' lang='grc' dir='ltr'>ῥητῶς</span> <span class='ocrx_word' id='word_1_528' title='bbox 1276 1540 1282 1547; x_wconf 90' lang='grc'><strong>·</strong></span> <span class='ocrx_word' id='word_1_529' title='bbox 1302 1531 1366 1559; x_wconf 62' lang='grc' dir='ltr'><strong>Ἐὰν</strong></span> <span class='ocrx_word' id='word_1_530' title='bbox 1381 1532 1510 1567; x_wconf 73' lang='grc' dir='ltr'>ἀνδράσιν</span> <span class='ocrx_word' id='word_1_531' title='bbox 1535 1532 1679 1565; x_wconf 79' lang='grc' dir='ltr'>ἐξωτικοῖς</span> <span class='ocrx_word' id='word_1_532' title='bbox 1699 1531 1766 1567; x_wconf 80' lang='grc' dir='ltr'>γυνὴ</span> <span class='ocrx_word' id='word_1_533' title='bbox 1779 1531 1863 1567; x_wconf 86' lang='grc' dir='ltr'>βουλο-</span> 
     </span>
    </p>
   </div>
   <div class='ocr_carea' id='block_1_74' title="bbox 1068 1576 1863 1614">
    <p class='ocr_par' dir='ltr' id='par_1_74' title="bbox 1068 1576 1863 1614">
     <span class='ocr_line' id='line_1_74' title="bbox 1068 1576 1863 1614; baseline -0.001 -11"><span class='ocrx_word' id='word_1_534' title='bbox 1068 1578 1150 1613; x_wconf 81' lang='grc' dir='ltr'>μένου</span> <span class='ocrx_word' id='word_1_535' title='bbox 1165 1577 1211 1604; x_wconf 85' lang='grc' dir='ltr'><strong>τοϋ</strong></span> <span class='ocrx_word' id='word_1_536' title='bbox 1232 1577 1328 1613; x_wconf 79' lang='grc' dir='ltr'>ἀνδρὸς</span> <span class='ocrx_word' id='word_1_537' title='bbox 1351 1579 1535 1614; x_wconf 83' lang='grc' dir='ltr'>συμποσιάζῃ,</span> <span class='ocrx_word' id='word_1_538' title='bbox 1560 1578 1576 1613; x_wconf 88' lang='grc' dir='ltr'>ἢ</span> <span class='ocrx_word' id='word_1_539' title='bbox 1611 1579 1792 1614; x_wconf 84' lang='grc' dir='ltr'>συλλούηται,</span> <span class='ocrx_word' id='word_1_540' title='bbox 1819 1576 1863 1603; x_wconf 79' lang='grc' dir='ltr'>καὶ</span> 
     </span>
    </p>
   </div>
   <div class='ocr_carea' id='block_1_75' title="bbox 1067 1622 1864 1661">
    <p class='ocr_par' dir='ltr' id='par_1_75' title="bbox 1067 1622 1864 1661">
     <span class='ocr_line' id='line_1_75' title="bbox 1067 1622 1864 1661; baseline 0 -12"><span class='ocrx_word' id='word_1_541' title='bbox 1067 1623 1126 1649; x_wconf 77' lang='grc' dir='ltr'>ἐστι</span> <span class='ocrx_word' id='word_1_542' title='bbox 1161 1623 1212 1658; x_wconf 91' lang='grc' dir='ltr'><strong>μία</strong></span> <span class='ocrx_word' id='word_1_543' title='bbox 1242 1623 1297 1650; x_wconf 83' lang='grc' dir='ltr'>τῶν</span> <span class='ocrx_word' id='word_1_544' title='bbox 1330 1623 1452 1650; x_wconf 82' lang='grc' dir='ltr'>λυουσὼν</span> <span class='ocrx_word' id='word_1_545' title='bbox 1485 1625 1532 1651; x_wconf 87' lang='grc' dir='ltr'>τὸν</span> <span class='ocrx_word' id='word_1_546' title='bbox 1557 1626 1652 1661; x_wconf 85' lang='grc' dir='ltr'>γάμον</span> <span class='ocrx_word' id='word_1_547' title='bbox 1675 1623 1799 1652; x_wconf 85' lang='grc' dir='ltr'>αίτιοῦσα</span> <span class='ocrx_word' id='word_1_548' title='bbox 1821 1622 1864 1650; x_wconf 83' lang='grc' dir='ltr'>καὶ</span> 
     </span>
    </p>
   </div>
   <div class='ocr_carea' id='block_1_76' title="bbox 1070 1669 1150 1706">
    <p class='ocr_par' dir='ltr' id='par_1_76' title="bbox 1070 1669 1150 1706">
     <span class='ocr_line' id='line_1_76' title="bbox 1070 1669 1150 1706; baseline 0.013 -10"><span class='ocrx_word' id='word_1_549' title='bbox 1070 1669 1150 1706; x_wconf 81' lang='grc' dir='ltr'>αὕτη.</span> 
     </span>
    </p>
   </div>
   <div class='ocr_carea' id='block_1_77' title="bbox 1103 1723 1861 1759">
    <p class='ocr_par' dir='ltr' id='par_1_77' title="bbox 1103 1723 1861 1759">
     <span class='ocr_line' id='line_1_77' title="bbox 1103 1723 1861 1759; baseline -0.003 -7"><span class='ocrx_word' id='word_1_550' title='bbox 1103 1725 1228 1752; x_wconf 79' lang='grc' dir='ltr'><strong>ΚΕΦΛΛ.</strong></span> <span class='ocrx_word' id='word_1_551' title='bbox 1256 1724 1317 1751; x_wconf 84' lang='lat' dir='ltr'><strong>AB’.</strong></span> <span class='ocrx_word' id='word_1_552' title='bbox 1349 1739 1382 1744; x_wconf 91' lang='lat'><em>—</em></span> <span class='ocrx_word' id='word_1_553' title='bbox 1407 1724 1478 1759; x_wconf 81' lang='grc' dir='ltr'>Περὶ</span> <span class='ocrx_word' id='word_1_554' title='bbox 1502 1725 1693 1756; x_wconf 79' lang='grc' dir='ltr'>ἐπισκόπων,</span> <span class='ocrx_word' id='word_1_555' title='bbox 1719 1723 1767 1752; x_wconf 81' lang='grc' dir='ltr'>καὶ</span> <span class='ocrx_word' id='word_1_556' title='bbox 1793 1725 1861 1756; x_wconf 67' lang='grc' dir='ltr'>κλη-</span> 
     </span>
    </p>
   </div>
   <div class='ocr_carea' id='block_1_78' title="bbox 1063 1769 1862 1805">
    <p class='ocr_par' dir='ltr' id='par_1_78' title="bbox 1063 1769 1862 1805">
     <span class='ocr_line' id='line_1_78' title="bbox 1063 1769 1862 1805; baseline -0.001 -9"><span class='ocrx_word' id='word_1_557' title='bbox 1063 1769 1158 1804; x_wconf 72' lang='grc' dir='ltr'>ρικῶν</span> <span class='ocrx_word' id='word_1_558' title='bbox 1169 1770 1334 1804; x_wconf 76' lang='grc' dir='ltr'>γινομένων</span> <span class='ocrx_word' id='word_1_559' title='bbox 1345 1769 1470 1802; x_wconf 62' lang='lat' dir='ltr'><strong>laudm,</strong></span> <span class='ocrx_word' id='word_1_560' title='bbox 1487 1770 1506 1804; x_wconf 83' lang='grc' dir='ltr'><em>ἢ</em></span> <span class='ocrx_word' id='word_1_561' title='bbox 1522 1769 1737 1805; x_wconf 81' lang='grc' dir='ltr'>ἀξιωματικῶν</span> <span class='ocrx_word' id='word_1_562' title='bbox 1748 1769 1767 1804; x_wconf 83' lang='grc' dir='ltr'>ἢ</span> <span class='ocrx_word' id='word_1_563' title='bbox 1778 1775 1862 1802; x_wconf 81' lang='grc' dir='ltr'>στρα-</span> 
     </span>
    </p>
   </div>
   <div class='ocr_carea' id='block_1_79' title="bbox 1066 1816 1247 1850">
    <p class='ocr_par' dir='ltr' id='par_1_79' title="bbox 1066 1816 1247 1850">
     <span class='ocr_line' id='line_1_79' title="bbox 1066 1816 1247 1850; baseline 0 -8"><span class='ocrx_word' id='word_1_564' title='bbox 1066 1816 1247 1850; x_wconf 63' lang='grc' dir='ltr'>τεινομένων.</span> 
     </span>
    </p>
   </div>
   <div class='ocr_carea' id='block_1_80' title="bbox 1109 1872 1866 1907">
    <p class='ocr_par' dir='ltr' id='par_1_80' title="bbox 1109 1872 1866 1907">
     <span class='ocr_line' id='line_1_80' title="bbox 1109 1872 1866 1907; baseline -0.001 -9"><span class='ocrx_word' id='word_1_565' title='bbox 1109 1873 1281 1899; x_wconf 70' lang='grc' dir='ltr'>’Λποστόὶων</span> <span class='ocrx_word' id='word_1_566' title='bbox 1310 1873 1400 1900; x_wconf 83' lang='grc' dir='ltr'>κανῶν</span> <span class='ocrx_word' id='word_1_567' title='bbox 1430 1872 1486 1907; x_wconf 80' lang='grc' dir='ltr'><strong>πγ¹⁵</strong></span> <span class='ocrx_word' id='word_1_568' title='bbox 1523 1873 1640 1900; x_wconf 84' lang='grc' dir='ltr'>συνόδου</span> <span class='ocrx_word' id='word_1_569' title='bbox 1674 1872 1794 1903; x_wconf 77' lang='grc' dir='ltr'>Νικαίας</span> <span class='ocrx_word' id='word_1_570' title='bbox 1819 1879 1866 1898; x_wconf 82' lang='grc' dir='ltr'>κα-</span> 
     </span>
    </p>
   </div>
   <div class='ocr_carea' id='block_1_81' title="bbox 1067 1916 1666 1953">
    <p class='ocr_par' dir='ltr' id='par_1_81' title="bbox 1067 1916 1666 1953">
     <span class='ocr_line' id='line_1_81' title="bbox 1067 1916 1666 1953; baseline 0.002 -9"><span class='ocrx_word' id='word_1_571' title='bbox 1067 1917 1120 1944; x_wconf 81' lang='grc' dir='ltr'>νών</span> <span class='ocrx_word' id='word_1_572' title='bbox 1140 1916 1183 1952; x_wconf 82' lang='grc' dir='ltr'><strong>ιβ’·</strong></span> <span class='ocrx_word' id='word_1_573' title='bbox 1201 1917 1312 1944; x_wconf 82' lang='grc' dir='ltr'>συνόδου</span> <span class='ocrx_word' id='word_1_574' title='bbox 1329 1918 1503 1953; x_wconf 77' lang='grc' dir='ltr'>Χαλκηδόνος</span> <span class='ocrx_word' id='word_1_575' title='bbox 1519 1917 1614 1945; x_wconf 81' lang='grc' dir='ltr'>κανὼν</span> <span class='ocrx_word' id='word_1_576' title='bbox 1631 1917 1666 1950; x_wconf 81' lang='grc' dir='ltr'><strong>ζ’.</strong></span> 
     </span>
    </p>
   </div>
   <div class='ocr_carea' id='block_1_82' title="bbox 1104 1963 1864 1999">
    <p class='ocr_par' dir='ltr' id='par_1_82' title="bbox 1104 1963 1864 1999">
     <span class='ocr_line' id='line_1_82' title="bbox 1104 1963 1864 1999; baseline 0 -9"><span class='ocrx_word' id='word_1_577' title='bbox 1104 1964 1258 1999; x_wconf 79' lang='grc' dir='ltr'>Κείμενον.</span> <span class='ocrx_word' id='word_1_578' title='bbox 1289 1964 1365 1991; x_wconf 78' lang='grc' dir='ltr'><strong>Βιὸλ.</strong></span> <span class='ocrx_word' id='word_1_579' title='bbox 1379 1967 1402 1990; x_wconf 83' lang='grc' dir='ltr'>α’</span> <span class='ocrx_word' id='word_1_580' title='bbox 1415 1963 1462 1990; x_wconf 81' lang='grc' dir='ltr'>τοῦ</span> <span class='ocrx_word' id='word_1_581' title='bbox 1478 1964 1596 1996; x_wconf 79' lang='grc' dir='ltr'>κώδικος</span> <span class='ocrx_word' id='word_1_582' title='bbox 1610 1966 1666 1992; x_wconf 80' lang='grc' dir='ltr'>τίτ.</span> <span class='ocrx_word' id='word_1_583' title='bbox 1686 1963 1723 1999; x_wconf 89' lang='grc' dir='ltr'>γ’,</span> <span class='ocrx_word' id='word_1_584' title='bbox 1737 1964 1807 1991; x_wconf 84' lang='grc' dir='ltr'>διάτ,</span> <span class='ocrx_word' id='word_1_585' title='bbox 1820 1963 1864 1994; x_wconf 71' lang='grc' dir='ltr'>λζ’,</span> 
     </span>
    </p>
   </div>
   <div class='ocr_carea' id='block_1_83' title="bbox 1067 2009 1866 2047">
    <p class='ocr_par' dir='ltr' id='par_1_83' title="bbox 1067 2009 1866 2047">
     <span class='ocr_line' id='line_1_83' title="bbox 1067 2009 1866 2047; baseline -0.003 -10"><span class='ocrx_word' id='word_1_586' title='bbox 1067 2011 1091 2037; x_wconf 82' lang='grc' dir='ltr'><strong>οἱ</strong></span> <span class='ocrx_word' id='word_1_587' title='bbox 1102 2010 1190 2037; x_wconf 85' lang='grc' dir='ltr'>δοῦλοι</span> <span class='ocrx_word' id='word_1_588' title='bbox 1203 2010 1311 2046; x_wconf 87' lang='grc' dir='ltr'>γνώμῃ,</span> <span class='ocrx_word' id='word_1_589' title='bbox 1327 2019 1354 2037; x_wconf 86' lang='grc' dir='ltr'>κ.</span> <span class='ocrx_word' id='word_1_590' title='bbox 1373 2019 1397 2037; x_wconf 84' lang='grc' dir='ltr'>τ.</span> <span class='ocrx_word' id='word_1_591' title='bbox 1410 2010 1448 2044; x_wconf 87' lang='grc' dir='ltr'>λ.,</span> <span class='ocrx_word' id='word_1_592' title='bbox 1465 2018 1552 2046; x_wconf 88' lang='lat' dir='ltr'><strong>usque</strong></span> <span class='ocrx_word' id='word_1_593' title='bbox 1566 2011 1601 2039; x_wconf 86' lang='lat' dir='ltr'><strong>ad</strong></span> <span class='ocrx_word' id='word_1_594' title='bbox 1619 2011 1678 2047; x_wconf 84' lang='grc' dir='ltr'>βίον</span> <span class='ocrx_word' id='word_1_595' title='bbox 1693 2009 1866 2047; x_wconf 73' lang='grc' dir='ltr'>μεταδιώκονο</span> 
     </span>
    </p>
   </div>
   <div class='ocr_carea' id='block_1_84' title="bbox 1066 2064 1123 2088">
    <p class='ocr_par' dir='ltr' id='par_1_84' title="bbox 1066 2064 1123 2088">
     <span class='ocr_line' id='line_1_84' title="bbox 1066 2064 1123 2088; baseline 0.018 -6"><span class='ocrx_word' id='word_1_596' title='bbox 1066 2064 1123 2088; x_wconf 79' lang='grc' dir='ltr'>τος.</span> 
     </span>
    </p>
   </div>
   <div class='ocr_carea' id='block_1_85' title="bbox 1103 2096 1865 2135">
    <p class='ocr_par' dir='ltr' id='par_1_85' title="bbox 1103 2096 1865 2135">
     <span class='ocr_line' id='line_1_85' title="bbox 1103 2096 1865 2135; baseline -0.005 -8"><span class='ocrx_word' id='word_1_597' title='bbox 1103 2101 1243 2135; x_wconf 74' lang='grc' dir='ltr'>Σχόλιον.</span> <span class='ocrx_word' id='word_1_598' title='bbox 1264 2100 1297 2126; x_wconf 86' lang='lat' dir='ltr'><strong>&#39;lI</strong></span> <span class='ocrx_word' id='word_1_599' title='bbox 1313 2100 1351 2132; x_wconf 74' lang='grc' dir='ltr'><strong>λζ’</strong></span> <span class='ocrx_word' id='word_1_600' title='bbox 1371 2099 1442 2127; x_wconf 80' lang='grc' dir='ltr'>διάτ.</span> <span class='ocrx_word' id='word_1_601' title='bbox 1458 2100 1504 2126; x_wconf 82' lang='grc' dir='ltr'><strong>τοῦ</strong></span> <span class='ocrx_word' id='word_1_602' title='bbox 1516 2099 1540 2134; x_wconf 87' lang='grc' dir='ltr'>γ’</span> <span class='ocrx_word' id='word_1_603' title='bbox 1556 2100 1613 2128; x_wconf 89' lang='grc' dir='ltr'>τίτ.</span> <span class='ocrx_word' id='word_1_604' title='bbox 1631 2101 1680 2128; x_wconf 83' lang='grc' dir='ltr'><strong>τοῦ</strong></span> <span class='ocrx_word' id='word_1_605' title='bbox 1699 2103 1722 2127; x_wconf 83' lang='grc' dir='ltr'>α’</span> <span class='ocrx_word' id='word_1_606' title='bbox 1739 2099 1808 2135; x_wconf 66' lang='grc' dir='ltr'>βιῶ..</span> <span class='ocrx_word' id='word_1_607' title='bbox 1823 2096 1865 2125; x_wconf 85' lang='grc' dir='ltr'>τοῦ</span> 
     </span>
    </p>
   </div>
   <div class='ocr_carea' id='block_1_86' title="bbox 1068 2143 1864 2183">
    <p class='ocr_par' dir='ltr' id='par_1_86' title="bbox 1068 2143 1864 2183">
     <span class='ocr_line' id='line_1_86' title="bbox 1068 2143 1864 2183; baseline -0.003 -10"><span class='ocrx_word' id='word_1_608' title='bbox 1068 2146 1133 2173; x_wconf 81' lang='grc' dir='ltr'>κώδ.</span> <span class='ocrx_word' id='word_1_609' title='bbox 1148 2148 1197 2173; x_wconf 79' lang='grc' dir='ltr'>οὐκ</span> <span class='ocrx_word' id='word_1_610' title='bbox 1209 2147 1288 2182; x_wconf 73' lang='grc' dir='ltr'>ἐτέθη</span> <span class='ocrx_word' id='word_1_611' title='bbox 1301 2147 1340 2177; x_wconf 79' lang='grc' dir='ltr'>εἰς</span> <span class='ocrx_word' id='word_1_612' title='bbox 1355 2147 1390 2173; x_wconf 72' lang='grc' dir='ltr'><strong>τὰ</strong></span> <span class='ocrx_word' id='word_1_613' title='bbox 1406 2146 1553 2180; x_wconf 82' lang='grc' dir='ltr'>Βασιλικὰ,</span> <span class='ocrx_word' id='word_1_614' title='bbox 1569 2147 1633 2174; x_wconf 81' lang='grc' dir='ltr'>οὐδὲ</span> <span class='ocrx_word' id='word_1_615' title='bbox 1650 2149 1668 2183; x_wconf 79' lang='grc' dir='ltr'>ἡ</span> <span class='ocrx_word' id='word_1_616' title='bbox 1686 2148 1726 2183; x_wconf 78' lang='grc' dir='ltr'><strong>νβ’</strong></span> <span class='ocrx_word' id='word_1_617' title='bbox 1740 2147 1808 2174; x_wconf 84' lang='grc' dir='ltr'>διάτ.</span> <span class='ocrx_word' id='word_1_618' title='bbox 1822 2143 1864 2172; x_wconf 78' lang='grc' dir='ltr'>τοῦ</span> 
     </span>
    </p>
   </div>
   <div class='ocr_carea' id='block_1_87' title="bbox 1067 2191 1866 2229">
    <p class='ocr_par' dir='ltr' id='par_1_87' title="bbox 1067 2191 1866 2229">
     <span class='ocr_line' id='line_1_87' title="bbox 1067 2191 1866 2229; baseline -0.004 -10"><span class='ocrx_word' id='word_1_619' title='bbox 1067 2192 1150 2219; x_wconf 77' lang='grc' dir='ltr'>αὑτοῦ</span> <span class='ocrx_word' id='word_1_620' title='bbox 1166 2193 1219 2219; x_wconf 85' lang='grc' dir='ltr'>τίτ.</span> <span class='ocrx_word' id='word_1_621' title='bbox 1237 2193 1324 2228; x_wconf 59' lang='lat' dir='ltr'><strong>ausu]</strong></span> <span class='ocrx_word' id='word_1_622' title='bbox 1344 2196 1393 2226; x_wconf 82' lang='grc' dir='ltr'>νγ¹.</span> <span class='ocrx_word' id='word_1_623' title='bbox 1411 2194 1491 2228; x_wconf 81' lang='grc' dir='ltr'>Ζήτει</span> <span class='ocrx_word' id='word_1_624' title='bbox 1513 2193 1541 2219; x_wconf 81' lang='grc' dir='ltr'>δὲ</span> <span class='ocrx_word' id='word_1_625' title='bbox 1559 2193 1635 2229; x_wconf 75' lang='grc' dir='ltr'>βιϐλ.</span> <span class='ocrx_word' id='word_1_626' title='bbox 1650 2195 1707 2221; x_wconf 84' lang='grc' dir='ltr'>τῶν</span> <span class='ocrx_word' id='word_1_627' title='bbox 1723 2191 1866 2220; x_wconf 80' lang='grc' dir='ltr'>Βασιλικών</span> 
     </span>
    </p>
   </div>
   <div class='ocr_carea' id='block_1_88' title="bbox 218 2237 1017 2274">
    <p class='ocr_par' dir='ltr' id='par_1_88' title="bbox 218 2238 1006 2273">
     <span class='ocr_line' id='line_1_88' title="bbox 218 2238 1006 2273; baseline 0.003 -8"><span class='ocrx_word' id='word_1_628' title='bbox 218 2238 245 2270; x_wconf 78' lang='grc'>5,</span> <span class='ocrx_word' id='word_1_629' title='bbox 262 2239 335 2273; x_wconf 73' lang='lat' dir='ltr'><strong>quod</strong></span> <span class='ocrx_word' id='word_1_630' title='bbox 364 2240 404 2267; x_wconf 86' lang='lat' dir='ltr'><strong>sic</strong></span> <span class='ocrx_word' id='word_1_631' title='bbox 424 2240 462 2266; x_wconf 87' lang='lat' dir='ltr'><strong>ait</strong></span> <span class='ocrx_word' id='word_1_632' title='bbox 478 2249 485 2266; x_wconf 92' lang='lat'><strong>:</strong></span> <span class='ocrx_word' id='word_1_633' title='bbox 500 2239 579 2272; x_wconf 86' lang='lat' dir='ltr'><strong>Quod</strong></span> <span class='ocrx_word' id='word_1_634' title='bbox 597 2240 618 2267; x_wconf 82' lang='lat' dir='ltr'><strong>si</strong></span> <span class='ocrx_word' id='word_1_635' title='bbox 641 2240 793 2268; x_wconf 89' lang='lat' dir='ltr'><strong>monachus</strong></span> <span class='ocrx_word' id='word_1_636' title='bbox 808 2241 1006 2268; x_wconf 81' lang='lat' dir='ltr'><strong>monasterium</strong></span> 
     </span>
    </p>
   </div>
   <div class='ocr_carea' id='block_1_89' title="bbox 1077 2237 1867 2274">
    <p class='ocr_par' dir='ltr' id='par_1_89' title="bbox 1077 2237 1867 2274">
     <span class='ocr_line' id='line_1_89' title="bbox 1077 2237 1867 2274; baseline -0.001 -9"><span class='ocrx_word' id='word_1_637' title='bbox 1077 2237 1091 2271; x_wconf 82' lang='lat'><strong>&#39;,</strong></span> <span class='ocrx_word' id='word_1_638' title='bbox 1107 2239 1160 2266; x_wconf 84' lang='grc' dir='ltr'>τίτ.</span> <span class='ocrx_word' id='word_1_639' title='bbox 1173 2242 1209 2270; x_wconf 79' lang='grc' dir='ltr'>α’,</span> <span class='ocrx_word' id='word_1_640' title='bbox 1223 2247 1284 2273; x_wconf 83' lang='grc' dir='ltr'>κεφ.</span> <span class='ocrx_word' id='word_1_641' title='bbox 1303 2242 1346 2272; x_wconf 85' lang='grc' dir='ltr'>ια’,</span> <span class='ocrx_word' id='word_1_642' title='bbox 1368 2239 1439 2274; x_wconf 81' lang='grc' dir='ltr'>θέμα</span> <span class='ocrx_word' id='word_1_643' title='bbox 1454 2242 1490 2273; x_wconf 92' lang='grc' dir='ltr'>γ’,</span> <span class='ocrx_word' id='word_1_644' title='bbox 1507 2239 1581 2266; x_wconf 77' lang='grc' dir='ltr'>οὓτω</span> <span class='ocrx_word' id='word_1_645' title='bbox 1595 2240 1690 2274; x_wconf 81' lang='grc' dir='ltr'>λέγον,</span> <span class='ocrx_word' id='word_1_646' title='bbox 1706 2239 1772 2267; x_wconf 83' lang='grc' dir='ltr'>Ἐὰν</span> <span class='ocrx_word' id='word_1_647' title='bbox 1789 2245 1867 2274; x_wconf 86' lang='grc' dir='ltr'>μονα·</span> 
     </span>
    </p>
   </div>
   <div class='ocr_carea' id='block_1_90' title="bbox 218 2285 1015 2320">
    <p class='ocr_par' dir='ltr' id='par_1_90' title="bbox 218 2285 1015 2320">
     <span class='ocr_line' id='line_1_90' title="bbox 218 2285 1015 2320; baseline 0.003 -9"><span class='ocrx_word' id='word_1_648' title='bbox 218 2286 372 2320; x_wconf 68' lang='grc' dir='ltr'>Γειῐίηιιοι·ἱι,</span> <span class='ocrx_word' id='word_1_649' title='bbox 393 2290 420 2313; x_wconf 86' lang='lat' dir='ltr'><strong>et</strong></span> <span class='ocrx_word' id='word_1_650' title='bbox 437 2285 471 2313; x_wconf 88' lang='lat' dir='ltr'><strong>ad</strong></span> <span class='ocrx_word' id='word_1_651' title='bbox 494 2287 654 2314; x_wconf 68' lang='lat' dir='ltr'><strong>saecularem</strong></span> <span class='ocrx_word' id='word_1_652' title='bbox 679 2287 762 2313; x_wconf 88' lang='lat' dir='ltr'><strong>vitam</strong></span> <span class='ocrx_word' id='word_1_653' title='bbox 785 2287 924 2314; x_wconf 86' lang='lat' dir='ltr'><strong>transierit</strong></span> <span class='ocrx_word' id='word_1_654' title='bbox 947 2287 1015 2314; x_wconf 89' lang='lat' dir='ltr'><strong>:bic</strong></span> 
     </span>
    </p>
   </div>
   <div class='ocr_carea' id='block_1_91' title="bbox 219 2332 1016 2367">
    <p class='ocr_par' dir='ltr' id='par_1_91' title="bbox 219 2332 1016 2367">
     <span class='ocr_line' id='line_1_91' title="bbox 219 2332 1016 2367; baseline 0.003 -9"><span class='ocrx_word' id='word_1_655' title='bbox 219 2332 314 2359; x_wconf 86' lang='lat' dir='ltr'><strong>militia</strong></span> <span class='ocrx_word' id='word_1_656' title='bbox 329 2332 446 2367; x_wconf 87' lang='lat' dir='ltr'><strong>primum</strong></span> <span class='ocrx_word' id='word_1_657' title='bbox 467 2337 494 2360; x_wconf 89' lang='lat' dir='ltr'><strong>et</strong></span> <span class='ocrx_word' id='word_1_658' title='bbox 512 2333 627 2365; x_wconf 84' lang='lat' dir='ltr'><strong>honore,</strong></span> <span class='ocrx_word' id='word_1_659' title='bbox 643 2332 757 2367; x_wconf 86' lang='lat' dir='ltr'><strong>siquem</strong></span> <span class='ocrx_word' id='word_1_660' title='bbox 779 2332 870 2364; x_wconf 85' lang='lat' dir='ltr'><strong>habet,</strong></span> <span class='ocrx_word' id='word_1_661' title='bbox 895 2333 1016 2360; x_wconf 83' lang='lat' dir='ltr'><strong>denuda-</strong></span> 
     </span>
    </p>
   </div>
   <div class='ocr_carea' id='block_1_92' title="bbox 220 2378 1016 2414">
    <p class='ocr_par' dir='ltr' id='par_1_92' title="bbox 220 2378 1016 2414">
     <span class='ocr_line' id='line_1_92' title="bbox 220 2378 1016 2414; baseline -0.001 -8"><span class='ocrx_word' id='word_1_662' title='bbox 220 2385 263 2406; x_wconf 90' lang='lat' dir='ltr'><strong>lus</strong></span> <span class='ocrx_word' id='word_1_663' title='bbox 278 2386 324 2413; x_wconf 88' lang='lat' dir='ltr'><strong>per</strong></span> <span class='ocrx_word' id='word_1_664' title='bbox 341 2378 464 2406; x_wconf 86' lang='lat' dir='ltr'><strong>locorum</strong></span> <span class='ocrx_word' id='word_1_665' title='bbox 480 2378 639 2414; x_wconf 72' lang='lat' dir='ltr'><strong>episcopum</strong></span> <span class='ocrx_word' id='word_1_666' title='bbox 657 2383 684 2405; x_wconf 87' lang='lat' dir='ltr'><strong>et</strong></span> <span class='ocrx_word' id='word_1_667' title='bbox 701 2378 851 2413; x_wconf 76' lang='lat' dir='ltr'><strong>pruvincize</strong></span> <span class='ocrx_word' id='word_1_668' title='bbox 872 2378 1016 2413; x_wconf 67' lang='lat' dir='ltr'><strong>praesidem</strong></span> 
     </span>
    </p>
   </div>
   <div class='ocr_carea' id='block_1_93' title="bbox 217 2423 1016 2458">
    <p class='ocr_par' dir='ltr' id='par_1_93' title="bbox 217 2423 1016 2458">
     <span class='ocr_line' id='line_1_93' title="bbox 217 2423 1016 2458; baseline -0.003 -7"><span class='ocrx_word' id='word_1_669' title='bbox 217 2425 244 2452; x_wconf 88' lang='lat' dir='ltr'><strong>iu</strong></span> <span class='ocrx_word' id='word_1_670' title='bbox 265 2423 461 2451; x_wconf 69' lang='lat' dir='ltr'><strong>monasterium</strong></span> <span class='ocrx_word' id='word_1_671' title='bbox 481 2424 627 2452; x_wconf 87' lang='lat' dir='ltr'><strong>remittitor</strong></span> <span class='ocrx_word' id='word_1_672' title='bbox 641 2433 648 2451; x_wconf 90' lang='lat'><strong>:</strong></span> <span class='ocrx_word' id='word_1_673' title='bbox 665 2428 692 2450; x_wconf 87' lang='lat' dir='ltr'><strong>et</strong></span> <span class='ocrx_word' id='word_1_674' title='bbox 706 2431 748 2450; x_wconf 87' lang='lat' dir='ltr'><strong>res</strong></span> <span class='ocrx_word' id='word_1_675' title='bbox 762 2431 830 2458; x_wconf 82' lang='lat' dir='ltr'><strong>quas</strong></span> <span class='ocrx_word' id='word_1_676' title='bbox 847 2428 939 2457; x_wconf 83' lang='lat' dir='ltr'><strong>postea</strong></span> <span class='ocrx_word' id='word_1_677' title='bbox 965 2423 1016 2450; x_wconf 83' lang='lat' dir='ltr'><strong>lia-</strong></span> 
     </span>
    </p>
   </div>
   <div class='ocr_carea' id='block_1_94' title="bbox 219 2468 1015 2504">
    <p class='ocr_par' dir='ltr' id='par_1_94' title="bbox 219 2468 1015 2504">
     <span class='ocr_line' id='line_1_94' title="bbox 219 2468 1015 2504; baseline -0.004 -7"><span class='ocrx_word' id='word_1_678' title='bbox 219 2470 284 2497; x_wconf 81' lang='lat' dir='ltr'><strong>bere</strong></span> <span class='ocrx_word' id='word_1_679' title='bbox 299 2474 468 2497; x_wconf 86' lang='lat' dir='ltr'><strong>monstratus</strong></span> <span class='ocrx_word' id='word_1_680' title='bbox 491 2468 585 2502; x_wconf 81' lang='lat' dir='ltr'><strong>fuerit,</strong></span> <span class='ocrx_word' id='word_1_681' title='bbox 614 2469 647 2497; x_wconf 87' lang='lat' dir='ltr'><strong>ad</strong></span> <span class='ocrx_word' id='word_1_682' title='bbox 673 2469 883 2501; x_wconf 84' lang='lat' dir='ltr'><strong>tnonasterium,</strong></span> <span class='ocrx_word' id='word_1_683' title='bbox 899 2470 925 2496; x_wconf 91' lang='lat' dir='ltr'><strong>in</strong></span> <span class='ocrx_word' id='word_1_684' title='bbox 941 2468 1015 2504; x_wconf 85' lang='lat' dir='ltr'><strong>quod</strong></span> 
     </span>
    </p>
   </div>
   <div class='ocr_carea' id='block_1_95' title="bbox 218 2516 1011 2551">
    <p class='ocr_par' dir='ltr' id='par_1_95' title="bbox 218 2516 1011 2551">
     <span class='ocr_line' id='line_1_95' title="bbox 218 2516 1011 2551; baseline -0.001 -8"><span class='ocrx_word' id='word_1_685' title='bbox 218 2516 385 2549; x_wconf 88' lang='lat' dir='ltr'><strong>immittitur,</strong></span> <span class='ocrx_word' id='word_1_686' title='bbox 401 2516 569 2551; x_wconf 85' lang='lat' dir='ltr'><strong>pertinento.</strong></span> <span class='ocrx_word' id='word_1_687' title='bbox 589 2516 618 2544; x_wconf 81' lang='lat' dir='ltr'><strong>Si</strong></span> <span class='ocrx_word' id='word_1_688' title='bbox 640 2517 731 2543; x_wconf 88' lang='lat' dir='ltr'><strong>denuo</strong></span> <span class='ocrx_word' id='word_1_689' title='bbox 748 2523 858 2550; x_wconf 82' lang='lat' dir='ltr'><strong>quoque</strong></span> <span class='ocrx_word' id='word_1_690' title='bbox 871 2521 1011 2543; x_wconf 85' lang='lat' dir='ltr'><strong>monaste-</strong></span> 
     </span>
    </p>
   </div>
   <div class='ocr_carea' id='block_1_96' title="bbox 217 2562 1014 2597">
    <p class='ocr_par' dir='ltr' id='par_1_96' title="bbox 217 2562 1014 2597">
     <span class='ocr_line' id='line_1_96' title="bbox 217 2562 1014 2597; baseline -0.004 -7"><span class='ocrx_word' id='word_1_691' title='bbox 217 2564 291 2590; x_wconf 84' lang='lat' dir='ltr'><strong>rium</strong></span> <span class='ocrx_word' id='word_1_692' title='bbox 316 2562 454 2596; x_wconf 86' lang='lat' dir='ltr'><strong>relinquat</strong></span> <span class='ocrx_word' id='word_1_693' title='bbox 474 2572 481 2590; x_wconf 91' lang='lat'><strong>:</strong></span> <span class='ocrx_word' id='word_1_694' title='bbox 499 2567 565 2590; x_wconf 92' lang='lat' dir='ltr'><strong>tunc</strong></span> <span class='ocrx_word' id='word_1_695' title='bbox 593 2569 695 2597; x_wconf 61' lang='lat' dir='ltr'><strong>prases</strong></span> <span class='ocrx_word' id='word_1_696' title='bbox 717 2570 778 2589; x_wconf 87' lang='lat' dir='ltr'><strong>eum</strong></span> <span class='ocrx_word' id='word_1_697' title='bbox 805 2562 964 2596; x_wconf 60' lang='lat' dir='ltr'><strong>provinciae,</strong></span> <span class='ocrx_word' id='word_1_698' title='bbox 987 2562 1014 2588; x_wconf 92' lang='lat' dir='ltr'><strong>in</strong></span> 
     </span>
    </p>
   </div>
   <div class='ocr_carea' id='block_1_97' title="bbox 218 2609 1015 2645">
    <p class='ocr_par' dir='ltr' id='par_1_97' title="bbox 218 2609 1015 2645">
     <span class='ocr_line' id='line_1_97' title="bbox 218 2609 1015 2645; baseline -0.001 -9"><span class='ocrx_word' id='word_1_699' title='bbox 218 2617 273 2645; x_wconf 90' lang='lat' dir='ltr'><strong>qua</strong></span> <span class='ocrx_word' id='word_1_700' title='bbox 296 2610 424 2637; x_wconf 88' lang='lat' dir='ltr'><strong>inventus</strong></span> <span class='ocrx_word' id='word_1_701' title='bbox 442 2609 534 2642; x_wconf 77' lang='lat' dir='ltr'><strong>fuerit,</strong></span> <span class='ocrx_word' id='word_1_702' title='bbox 550 2609 682 2642; x_wconf 84' lang='lat' dir='ltr'><strong>detineto,</strong></span> <span class='ocrx_word' id='word_1_703' title='bbox 710 2614 738 2636; x_wconf 91' lang='lat' dir='ltr'><strong>et</strong></span> <span class='ocrx_word' id='word_1_704' title='bbox 753 2609 883 2643; x_wconf 63' lang='lat' dir='ltr'><strong>subjectae</strong></span> <span class='ocrx_word' id='word_1_705' title='bbox 897 2609 948 2636; x_wconf 88' lang='lat' dir='ltr'><strong>sibi</strong></span> <span class='ocrx_word' id='word_1_706' title='bbox 967 2616 1015 2636; x_wconf 53' lang='lat' dir='ltr'><strong>co-</strong></span> 
     </span>
    </p>
   </div>
   <div class='ocr_carea' id='block_1_98' title="bbox 219 2654 1012 2689">
    <p class='ocr_par' dir='ltr' id='par_1_98' title="bbox 219 2654 1012 2689">
     <span class='ocr_line' id='line_1_98' title="bbox 219 2654 1012 2689; baseline -0.003 -7"><span class='ocrx_word' id='word_1_707' title='bbox 219 2656 291 2683; x_wconf 84' lang='lat' dir='ltr'><strong>horti</strong></span> <span class='ocrx_word' id='word_1_708' title='bbox 320 2659 475 2682; x_wconf 84' lang='lat' dir='ltr'><strong>accenseto.</strong></span> <span class='ocrx_word' id='word_1_709' title='bbox 501 2654 534 2681; x_wconf 79' lang='lat' dir='ltr'><strong>Et</strong></span> <span class='ocrx_word' id='word_1_710' title='bbox 558 2662 619 2689; x_wconf 86' lang='lat' dir='ltr'><strong>cap.</strong></span> <span class='ocrx_word' id='word_1_711' title='bbox 645 2654 662 2681; x_wconf 80' lang='grc'><strong>5</strong></span> <span class='ocrx_word' id='word_1_712' title='bbox 686 2654 809 2689; x_wconf 83' lang='lat' dir='ltr'><strong>ejusdem</strong></span> <span class='ocrx_word' id='word_1_713' title='bbox 845 2654 892 2681; x_wconf 86' lang='lat' dir='ltr'><strong>lib.</strong></span> <span class='ocrx_word' id='word_1_714' title='bbox 923 2658 951 2680; x_wconf 86' lang='lat' dir='ltr'><strong>et</strong></span> <span class='ocrx_word' id='word_1_715' title='bbox 972 2654 1012 2680; x_wconf 84' lang='lat' dir='ltr'><strong>tit.</strong></span> 
     </span>
    </p>
   </div>
   <div class='ocr_carea' id='block_1_99' title="bbox 217 2699 1014 2736">
    <p class='ocr_par' dir='ltr' id='par_1_99' title="bbox 217 2699 1014 2736">
     <span class='ocr_line' id='line_1_99' title="bbox 217 2699 1014 2736; baseline -0.005 -7"><span class='ocrx_word' id='word_1_716' title='bbox 217 2701 291 2736; x_wconf 89' lang='lat' dir='ltr'><strong>quod</strong></span> <span class='ocrx_word' id='word_1_717' title='bbox 317 2701 358 2728; x_wconf 90' lang='lat' dir='ltr'><strong>sic</strong></span> <span class='ocrx_word' id='word_1_718' title='bbox 383 2700 484 2728; x_wconf 85' lang='lat' dir='ltr'><strong>habet:</strong></span> <span class='ocrx_word' id='word_1_719' title='bbox 501 2699 638 2728; x_wconf 62' lang='lat' dir='ltr'><strong>Caeterum</strong></span> <span class='ocrx_word' id='word_1_720' title='bbox 664 2701 686 2728; x_wconf 84' lang='lat' dir='ltr'><strong>si</strong></span> <span class='ocrx_word' id='word_1_721' title='bbox 704 2701 766 2735; x_wconf 82' lang='lat' dir='ltr'><strong>quis</strong></span> <span class='ocrx_word' id='word_1_722' title='bbox 781 2700 814 2727; x_wconf 85' lang='lat' dir='ltr'><strong>ad</strong></span> <span class='ocrx_word' id='word_1_723' title='bbox 833 2701 1014 2727; x_wconf 71' lang='lat' dir='ltr'><strong>monasticam</strong></span> 
     </span>
    </p>
   </div>
   <div class='ocr_carea' id='block_1_100' title="bbox 219 2746 1015 2782">
    <p class='ocr_par' dir='ltr' id='par_1_100' title="bbox 219 2746 1015 2782">
     <span class='ocr_line' id='line_1_100' title="bbox 219 2746 1015 2782; baseline -0.001 -8"><span class='ocrx_word' id='word_1_724' title='bbox 219 2747 313 2775; x_wconf 76' lang='lat' dir='ltr'><strong>venire</strong></span> <span class='ocrx_word' id='word_1_725' title='bbox 325 2747 407 2774; x_wconf 87' lang='lat' dir='ltr'><strong>vitam</strong></span> <span class='ocrx_word' id='word_1_726' title='bbox 426 2746 552 2779; x_wconf 89' lang='lat' dir='ltr'><strong>voluerit,</strong></span> <span class='ocrx_word' id='word_1_727' title='bbox 568 2747 710 2782; x_wconf 87' lang='lat' dir='ltr'><strong>jubemus,</strong></span> <span class='ocrx_word' id='word_1_728' title='bbox 724 2751 753 2773; x_wconf 93' lang='lat' dir='ltr'><strong>ut</strong></span> <span class='ocrx_word' id='word_1_729' title='bbox 765 2746 788 2773; x_wconf 86' lang='lat' dir='ltr'><strong>si</strong></span> <span class='ocrx_word' id='word_1_730' title='bbox 802 2746 912 2781; x_wconf 84' lang='lat' dir='ltr'><strong>quidem</strong></span> <span class='ocrx_word' id='word_1_731' title='bbox 936 2746 970 2773; x_wconf 88' lang='lat' dir='ltr'><strong>de</strong></span> <span class='ocrx_word' id='word_1_732' title='bbox 983 2755 1015 2773; x_wconf 86' lang='lat' dir='ltr'><strong>eo</strong></span> 
     </span>
    </p>
   </div>
   <div class='ocr_carea' id='block_1_101' title="bbox 219 2793 1014 2829">
    <p class='ocr_par' dir='ltr' id='par_1_101' title="bbox 219 2793 1014 2829">
     <span class='ocr_line' id='line_1_101' title="bbox 219 2793 1014 2829; baseline -0.003 -8"><span class='ocrx_word' id='word_1_733' title='bbox 219 2799 336 2827; x_wconf 82' lang='lat' dir='ltr'><strong>constet,</strong></span> <span class='ocrx_word' id='word_1_734' title='bbox 361 2795 434 2829; x_wconf 88' lang='lat' dir='ltr'><strong>quod</strong></span> <span class='ocrx_word' id='word_1_735' title='bbox 461 2793 528 2820; x_wconf 90' lang='lat' dir='ltr'><strong>nulli</strong></span> <span class='ocrx_word' id='word_1_736' title='bbox 555 2793 674 2829; x_wconf 82' lang='lat' dir='ltr'><strong>[servili]</strong></span> <span class='ocrx_word' id='word_1_737' title='bbox 697 2793 847 2821; x_wconf 88' lang='lat' dir='ltr'><strong>conditioni</strong></span> <span class='ocrx_word' id='word_1_738' title='bbox 879 2793 1014 2820; x_wconf 83' lang='lat' dir='ltr'><strong>obnoxius</strong></span> 
     </span>
    </p>
   </div>
   <div class='ocr_carea' id='block_1_102' title="bbox 219 2839 1014 2876">
    <p class='ocr_par' dir='ltr' id='par_1_102' title="bbox 219 2839 1014 2876">
     <span class='ocr_line' id='line_1_102' title="bbox 219 2839 1014 2876; baseline -0.001 -9"><span class='ocrx_word' id='word_1_739' title='bbox 219 2843 267 2873; x_wconf 79' lang='lat' dir='ltr'><strong>sit,</strong></span> <span class='ocrx_word' id='word_1_740' title='bbox 310 2841 409 2876; x_wconf 68' lang='lat' dir='ltr'><strong>praesul</strong></span> <span class='ocrx_word' id='word_1_741' title='bbox 440 2840 600 2868; x_wconf 73' lang='lat' dir='ltr'><strong>monasterii</strong></span> <span class='ocrx_word' id='word_1_742' title='bbox 628 2840 749 2867; x_wconf 86' lang='lat' dir='ltr'><strong>habitum</strong></span> <span class='ocrx_word' id='word_1_743' title='bbox 771 2840 945 2875; x_wconf 87' lang='lat' dir='ltr'><strong>illi,quando</strong></span> <span class='ocrx_word' id='word_1_744' title='bbox 960 2839 1014 2867; x_wconf 84' lang='lat' dir='ltr'><strong>sibi</strong></span> 
     </span>
    </p>
   </div>
   <div class='ocr_carea' id='block_1_103' title="bbox 221 2886 1015 2920">
    <p class='ocr_par' dir='ltr' id='par_1_103' title="bbox 221 2886 1015 2920">
     <span class='ocr_line' id='line_1_103' title="bbox 221 2886 1015 2920; baseline 0.001 -8"><span class='ocrx_word' id='word_1_745' title='bbox 221 2887 309 2913; x_wconf 84' lang='lat' dir='ltr'><strong>visum</strong></span> <span class='ocrx_word' id='word_1_746' title='bbox 339 2887 430 2920; x_wconf 79' lang='lat' dir='ltr'><strong>fuerit,</strong></span> <span class='ocrx_word' id='word_1_747' title='bbox 455 2887 593 2915; x_wconf 82' lang='lat' dir='ltr'><strong>adhibeat.</strong></span> <span class='ocrx_word' id='word_1_748' title='bbox 614 2886 642 2913; x_wconf 89' lang='lat' dir='ltr'><strong>Si</strong></span> <span class='ocrx_word' id='word_1_749' title='bbox 655 2886 689 2914; x_wconf 88' lang='lat' dir='ltr'><strong>de</strong></span> <span class='ocrx_word' id='word_1_750' title='bbox 712 2894 744 2915; x_wconf 86' lang='lat' dir='ltr'><strong>eo</strong></span> <span class='ocrx_word' id='word_1_751' title='bbox 759 2894 813 2915; x_wconf 91' lang='lat' dir='ltr'><strong>nou</strong></span> <span class='ocrx_word' id='word_1_752' title='bbox 832 2891 938 2914; x_wconf 84' lang='lat' dir='ltr'><strong>constet</strong></span> <span class='ocrx_word' id='word_1_753' title='bbox 955 2887 1015 2914; x_wconf 89' lang='lat' dir='ltr'><strong>cui-</strong></span> 
     </span>
    </p>
   </div>
   <div class='ocr_carea' id='block_1_104' title="bbox 1068 2283 1866 2321">
    <p class='ocr_par' dir='ltr' id='par_1_104' title="bbox 1068 2283 1866 2321">
     <span class='ocr_line' id='line_1_104' title="bbox 1068 2283 1866 2321; baseline -0.004 -10"><span class='ocrx_word' id='word_1_754' title='bbox 1068 2285 1115 2320; x_wconf 72' lang='grc' dir='ltr'><strong>χδς</strong></span> <span class='ocrx_word' id='word_1_755' title='bbox 1141 2285 1292 2320; x_wconf 62' lang='grc' dir='ltr'>καταλείψῃ</span> <span class='ocrx_word' id='word_1_756' title='bbox 1317 2285 1347 2311; x_wconf 83' lang='grc' dir='ltr'>τὸ</span> <span class='ocrx_word' id='word_1_757' title='bbox 1372 2287 1566 2321; x_wconf 82' lang='grc' dir='ltr'>μοναστήριον,</span> <span class='ocrx_word' id='word_1_758' title='bbox 1601 2286 1652 2312; x_wconf 80' lang='grc' dir='ltr'>καὶ</span> <span class='ocrx_word' id='word_1_759' title='bbox 1677 2286 1718 2317; x_wconf 82' lang='grc' dir='ltr'>είς</span> <span class='ocrx_word' id='word_1_760' title='bbox 1743 2283 1866 2318; x_wconf 71' lang='grc' dir='ltr'>κοσμικὸν</span> 
     </span>
    </p>
   </div>
   <div class='ocr_carea' id='block_1_105' title="bbox 1069 2327 1868 2367">
    <p class='ocr_par' dir='ltr' id='par_1_105' title="bbox 1069 2327 1868 2367">
     <span class='ocr_line' id='line_1_105' title="bbox 1069 2327 1868 2367; baseline 0.001 -10"><span class='ocrx_word' id='word_1_761' title='bbox 1069 2331 1125 2366; x_wconf 82' lang='grc' dir='ltr'>βίον</span> <span class='ocrx_word' id='word_1_762' title='bbox 1143 2331 1244 2366; x_wconf 80' lang='grc' dir='ltr'><strong>ἐπέλθῃ</strong></span> <span class='ocrx_word' id='word_1_763' title='bbox 1255 2351 1263 2364; x_wconf 85' lang='grc'><strong>,</strong></span> <span class='ocrx_word' id='word_1_764' title='bbox 1278 2331 1373 2358; x_wconf 81' lang='grc' dir='ltr'>τοῦτον</span> <span class='ocrx_word' id='word_1_765' title='bbox 1390 2332 1440 2366; x_wconf 79' lang='grc' dir='ltr'>τῆς</span> <span class='ocrx_word' id='word_1_766' title='bbox 1459 2331 1611 2366; x_wconf 80' lang='grc' dir='ltr'>στρατείας</span> <span class='ocrx_word' id='word_1_767' title='bbox 1627 2332 1675 2358; x_wconf 74' lang='grc' dir='ltr'>καὶ</span> <span class='ocrx_word' id='word_1_768' title='bbox 1688 2332 1738 2367; x_wconf 83' lang='grc' dir='ltr'><strong>τῆς</strong></span> <span class='ocrx_word' id='word_1_769' title='bbox 1751 2330 1831 2364; x_wconf 81' lang='grc' dir='ltr'>τιμῆς</span> <span class='ocrx_word' id='word_1_770' title='bbox 1845 2327 1868 2354; x_wconf 75' lang='grc' dir='ltr'>ετ</span> 
     </span>
    </p>
   </div>
   <div class='ocr_carea' id='block_1_106' title="bbox 1067 2374 1866 2414">
    <p class='ocr_par' dir='ltr' id='par_1_106' title="bbox 1067 2374 1866 2414">
     <span class='ocr_line' id='line_1_106' title="bbox 1067 2374 1866 2414; baseline -0.003 -10"><span class='ocrx_word' id='word_1_771' title='bbox 1067 2386 1127 2405; x_wconf 84' lang='grc' dir='ltr'>τινα</span> <span class='ocrx_word' id='word_1_772' title='bbox 1149 2379 1200 2414; x_wconf 72' lang='grc' dir='ltr'><strong>ἔχῃ</strong></span> <span class='ocrx_word' id='word_1_773' title='bbox 1216 2378 1323 2412; x_wconf 81' lang='grc' dir='ltr'>πρῶτον</span> <span class='ocrx_word' id='word_1_774' title='bbox 1338 2377 1519 2413; x_wconf 80' lang='grc' dir='ltr'>γυμνωθέντα</span> <span class='ocrx_word' id='word_1_775' title='bbox 1538 2378 1572 2403; x_wconf 80' lang='grc' dir='ltr'>ἐκ</span> <span class='ocrx_word' id='word_1_776' title='bbox 1587 2378 1637 2404; x_wconf 82' lang='grc' dir='ltr'><strong>τοὺ</strong></span> <span class='ocrx_word' id='word_1_777' title='bbox 1652 2379 1805 2404; x_wconf 62' lang='grc' dir='ltr'>ἐπισκόπου</span> <span class='ocrx_word' id='word_1_778' title='bbox 1817 2374 1866 2400; x_wconf 83' lang='grc' dir='ltr'>τῶν</span> 
     </span>
    </p>
   </div>
   <div class='ocr_carea' id='block_1_107' title="bbox 1067 2423 1867 2460">
    <p class='ocr_par' dir='ltr' id='par_1_107' title="bbox 1067 2423 1867 2460">
     <span class='ocr_line' id='line_1_107' title="bbox 1067 2423 1867 2460; baseline -0.005 -10"><span class='ocrx_word' id='word_1_779' title='bbox 1067 2425 1171 2457; x_wconf 65' lang='grc' dir='ltr'>τόπων,</span> <span class='ocrx_word' id='word_1_780' title='bbox 1195 2424 1243 2450; x_wconf 72' lang='grc' dir='ltr'>καὶ</span> <span class='ocrx_word' id='word_1_781' title='bbox 1267 2423 1315 2450; x_wconf 79' lang='grc' dir='ltr'>τοῦ</span> <span class='ocrx_word' id='word_1_782' title='bbox 1331 2424 1380 2458; x_wconf 82' lang='grc' dir='ltr'><strong>τῆς</strong></span> <span class='ocrx_word' id='word_1_783' title='bbox 1400 2423 1538 2459; x_wconf 68' lang='grc' dir='ltr'>ἐπαρχίας</span> <span class='ocrx_word' id='word_1_784' title='bbox 1563 2424 1714 2460; x_wconf 74' lang='grc' dir='ltr'>ἁρχοντος,</span> <span class='ocrx_word' id='word_1_785' title='bbox 1733 2424 1772 2455; x_wconf 75' lang='grc' dir='ltr'><strong>είς</strong></span> <span class='ocrx_word' id='word_1_786' title='bbox 1790 2429 1867 2457; x_wconf 85' lang='grc' dir='ltr'>μονα-</span> 
     </span>
    </p>
   </div>
   <div class='ocr_carea' id='block_1_108' title="bbox 1069 2466 1866 2505">
    <p class='ocr_par' dir='ltr' id='par_1_108' title="bbox 1069 2466 1866 2505">
     <span class='ocr_line' id='line_1_108' title="bbox 1069 2466 1866 2505; baseline -0.005 -9"><span class='ocrx_word' id='word_1_787' title='bbox 1069 2471 1180 2505; x_wconf 88' lang='grc' dir='ltr'>στήριον</span> <span class='ocrx_word' id='word_1_788' title='bbox 1193 2469 1349 2505; x_wconf 76' lang='grc' dir='ltr'>βάλλεσθαι,</span> <span class='ocrx_word' id='word_1_789' title='bbox 1363 2471 1411 2496; x_wconf 76' lang='grc' dir='ltr'>καὶ</span> <span class='ocrx_word' id='word_1_790' title='bbox 1421 2469 1455 2496; x_wconf 71' lang='grc' dir='ltr'><strong>τὰ</strong></span> <span class='ocrx_word' id='word_1_791' title='bbox 1470 2470 1628 2504; x_wconf 84' lang='grc' dir='ltr'>πράγματα</span> <span class='ocrx_word' id='word_1_792' title='bbox 1639 2470 1691 2497; x_wconf 83' lang='grc' dir='ltr'>ὅσα</span> <span class='ocrx_word' id='word_1_793' title='bbox 1703 2469 1774 2505; x_wconf 76' lang='grc' dir='ltr'>μετὰ</span> <span class='ocrx_word' id='word_1_794' title='bbox 1788 2466 1866 2495; x_wconf 85' lang='grc' dir='ltr'>ταῦτα</span> 
     </span>
    </p>
   </div>
   <div class='ocr_carea' id='block_1_109' title="bbox 1068 2513 1867 2552">
    <p class='ocr_par' dir='ltr' id='par_1_109' title="bbox 1068 2513 1867 2552">
     <span class='ocr_line' id='line_1_109' title="bbox 1068 2513 1867 2552; baseline -0.005 -9"><span class='ocrx_word' id='word_1_795' title='bbox 1068 2517 1140 2551; x_wconf 72' lang='grc' dir='ltr'>ἔχειν</span> <span class='ocrx_word' id='word_1_796' title='bbox 1157 2516 1276 2552; x_wconf 78' lang='grc' dir='ltr'>δειχθείη</span> <span class='ocrx_word' id='word_1_797' title='bbox 1293 2516 1332 2551; x_wconf 88' lang='grc' dir='ltr'>τῷ</span> <span class='ocrx_word' id='word_1_798' title='bbox 1350 2516 1523 2552; x_wconf 85' lang='grc' dir='ltr'>μοναστηρίῳ</span> <span class='ocrx_word' id='word_1_799' title='bbox 1549 2517 1580 2542; x_wconf 78' lang='grc' dir='ltr'>ὲν</span> <span class='ocrx_word' id='word_1_800' title='bbox 1595 2513 1619 2550; x_wconf 84' lang='grc' dir='ltr'><strong>ᾦ</strong></span> <span class='ocrx_word' id='word_1_801' title='bbox 1635 2516 1804 2551; x_wconf 69' lang='grc' dir='ltr'>ἐμϐάλλεται</span> <span class='ocrx_word' id='word_1_802' title='bbox 1819 2514 1867 2540; x_wconf 73' lang='grc' dir='ltr'>δια-</span> 
     </span>
    </p>
   </div>
   <div class='ocr_carea' id='block_1_110' title="bbox 1068 2562 1865 2598">
    <p class='ocr_par' dir='ltr' id='par_1_110' title="bbox 1068 2562 1865 2598">
     <span class='ocr_line' id='line_1_110' title="bbox 1068 2562 1865 2598; baseline -0.004 -9"><span class='ocrx_word' id='word_1_803' title='bbox 1068 2563 1157 2598; x_wconf 78' lang='grc' dir='ltr'>φέρει.</span> <span class='ocrx_word' id='word_1_804' title='bbox 1173 2562 1204 2589; x_wconf 84' lang='grc' dir='ltr'><strong>Εἰ</strong></span> <span class='ocrx_word' id='word_1_805' title='bbox 1225 2563 1254 2589; x_wconf 82' lang='grc' dir='ltr'>δὲ</span> <span class='ocrx_word' id='word_1_806' title='bbox 1277 2564 1325 2590; x_wconf 83' lang='grc' dir='ltr'>καὶ</span> <span class='ocrx_word' id='word_1_807' title='bbox 1342 2563 1423 2590; x_wconf 87' lang='grc' dir='ltr'>πάλιν</span> <span class='ocrx_word' id='word_1_808' title='bbox 1439 2562 1606 2597; x_wconf 75' lang='grc' dir='ltr'>καταλείψει</span> <span class='ocrx_word' id='word_1_809' title='bbox 1628 2563 1661 2590; x_wconf 81' lang='grc' dir='ltr'>τὸ</span> <span class='ocrx_word' id='word_1_810' title='bbox 1680 2562 1865 2598; x_wconf 79' lang='grc' dir='ltr'>μοναστήριον,</span> 
     </span>
    </p>
   </div>
   <div class='ocr_carea' id='block_1_111' title="bbox 1067 2607 1864 2646">
    <p class='ocr_par' dir='ltr' id='par_1_111' title="bbox 1067 2607 1864 2646">
     <span class='ocr_line' id='line_1_111' title="bbox 1067 2607 1864 2646; baseline -0.005 -11"><span class='ocrx_word' id='word_1_811' title='bbox 1067 2609 1128 2636; x_wconf 79' lang='grc' dir='ltr'>τότε</span> <span class='ocrx_word' id='word_1_812' title='bbox 1144 2609 1225 2636; x_wconf 76' lang='grc' dir='ltr'>αὐτὸν</span> <span class='ocrx_word' id='word_1_813' title='bbox 1250 2610 1263 2635; x_wconf 82' lang='grc' dir='ltr'><strong>ὁ</strong></span> <span class='ocrx_word' id='word_1_814' title='bbox 1284 2609 1442 2645; x_wconf 72' lang='grc' dir='ltr'>άρχωνεῆς</span> <span class='ocrx_word' id='word_1_815' title='bbox 1460 2609 1602 2644; x_wconf 79' lang='grc' dir='ltr'>ἐπαρχίας</span> <span class='ocrx_word' id='word_1_816' title='bbox 1617 2610 1648 2636; x_wconf 76' lang='grc' dir='ltr'>ὲν</span> <span class='ocrx_word' id='word_1_817' title='bbox 1698 2609 1732 2637; x_wconf 80' lang='grc' dir='ltr'>ἂν</span> <span class='ocrx_word' id='word_1_818' title='bbox 1747 2607 1864 2644; x_wconf 81' lang='grc' dir='ltr'>εὑρεθείη</span> 
     </span>
    </p>
   </div>
   <div class='ocr_carea' id='block_1_112' title="bbox 1067 2655 1867 2691">
    <p class='ocr_par' dir='ltr' id='par_1_112' title="bbox 1067 2655 1867 2691">
     <span class='ocr_line' id='line_1_112' title="bbox 1067 2655 1867 2691; baseline -0.005 -9"><span class='ocrx_word' id='word_1_819' title='bbox 1067 2656 1213 2691; x_wconf 73' lang='grc' dir='ltr'>κρατείτω,</span> <span class='ocrx_word' id='word_1_820' title='bbox 1244 2657 1291 2682; x_wconf 74' lang='grc' dir='ltr'>καὶ</span> <span class='ocrx_word' id='word_1_821' title='bbox 1316 2657 1348 2691; x_wconf 84' lang='grc' dir='ltr'><strong>τῇ</strong></span> <span class='ocrx_word' id='word_1_822' title='bbox 1375 2655 1548 2691; x_wconf 78' lang='grc' dir='ltr'>ὑποκειμένῃ</span> <span class='ocrx_word' id='word_1_823' title='bbox 1571 2655 1651 2691; x_wconf 79' lang='grc' dir='ltr'>αὐτῷ</span> <span class='ocrx_word' id='word_1_824' title='bbox 1667 2656 1747 2689; x_wconf 75' lang='grc' dir='ltr'>τάξει</span> <span class='ocrx_word' id='word_1_825' title='bbox 1762 2661 1867 2688; x_wconf 87' lang='grc' dir='ltr'>συναρι-</span> 
     </span>
    </p>
   </div>
   <div class='ocr_carea' id='block_1_113' title="bbox 1068 2700 1867 2736">
    <p class='ocr_par' dir='ltr' id='par_1_113' title="bbox 1068 2700 1867 2736">
     <span class='ocr_line' id='line_1_113' title="bbox 1068 2700 1867 2736; baseline -0.003 -9"><span class='ocrx_word' id='word_1_826' title='bbox 1068 2701 1181 2735; x_wconf 77' lang='grc' dir='ltr'>θμείτω,</span> <span class='ocrx_word' id='word_1_827' title='bbox 1196 2702 1250 2728; x_wconf 70' lang='grc' dir='ltr'><strong>Καὶ</strong></span> <span class='ocrx_word' id='word_1_828' title='bbox 1267 2710 1331 2736; x_wconf 83' lang='grc' dir='ltr'>κεφ.</span> <span class='ocrx_word' id='word_1_829' title='bbox 1345 2700 1368 2735; x_wconf 91' lang='grc' dir='ltr'>γ’</span> <span class='ocrx_word' id='word_1_830' title='bbox 1385 2701 1432 2728; x_wconf 85' lang='grc' dir='ltr'>τοὺ</span> <span class='ocrx_word' id='word_1_831' title='bbox 1447 2701 1530 2727; x_wconf 72' lang='grc' dir='ltr'>αὑτοῦ</span> <span class='ocrx_word' id='word_1_832' title='bbox 1553 2701 1629 2736; x_wconf 76' lang='grc' dir='ltr'>βιὸλ.</span> <span class='ocrx_word' id='word_1_833' title='bbox 1653 2703 1702 2728; x_wconf 81' lang='grc' dir='ltr'>καὶ</span> <span class='ocrx_word' id='word_1_834' title='bbox 1718 2701 1772 2728; x_wconf 86' lang='grc' dir='ltr'>τίτ.</span> <span class='ocrx_word' id='word_1_835' title='bbox 1787 2700 1867 2729; x_wconf 78' lang='grc' dir='ltr'>οὕτως</span> 
     </span>
    </p>
   </div>
   <div class='ocr_carea' id='block_1_114' title="bbox 1067 2746 1865 2783">
    <p class='ocr_par' dir='ltr' id='par_1_114' title="bbox 1067 2746 1865 2783">
     <span class='ocr_line' id='line_1_114' title="bbox 1067 2746 1865 2783; baseline 0.003 -11"><span class='ocrx_word' id='word_1_836' title='bbox 1067 2746 1138 2781; x_wconf 58' lang='grc' dir='ltr'>ἕχον</span> <span class='ocrx_word' id='word_1_837' title='bbox 1150 2747 1183 2773; x_wconf 79' lang='grc' dir='ltr'><strong>Εἴ</strong></span> <span class='ocrx_word' id='word_1_838' title='bbox 1192 2756 1233 2778; x_wconf 79' lang='grc' dir='ltr'><strong>τις</strong></span> <span class='ocrx_word' id='word_1_839' title='bbox 1241 2747 1270 2774; x_wconf 85' lang='grc' dir='ltr'>δὲ</span> <span class='ocrx_word' id='word_1_840' title='bbox 1279 2747 1326 2774; x_wconf 72' lang='grc' dir='ltr'>καὶ</span> <span class='ocrx_word' id='word_1_841' title='bbox 1337 2749 1376 2778; x_wconf 74' lang='grc' dir='ltr'>είς</span> <span class='ocrx_word' id='word_1_842' title='bbox 1384 2747 1531 2782; x_wconf 73' lang='grc' dir='ltr'>μοναχικὶιν</span> <span class='ocrx_word' id='word_1_843' title='bbox 1542 2747 1604 2782; x_wconf 80' lang='grc' dir='ltr'>βίον</span> <span class='ocrx_word' id='word_1_844' title='bbox 1620 2748 1712 2774; x_wconf 65' lang='grc' dir='ltr'>ἐλθεῖν</span> <span class='ocrx_word' id='word_1_845' title='bbox 1721 2746 1865 2783; x_wconf 75' lang='grc' dir='ltr'>βουληθεὶς.</span> 
     </span>
    </p>
   </div>
   <div class='ocr_carea' id='block_1_115' title="bbox 1068 2791 1867 2828">
    <p class='ocr_par' dir='ltr' id='par_1_115' title="bbox 1068 2791 1867 2828">
     <span class='ocr_line' id='line_1_115' title="bbox 1068 2791 1867 2828; baseline -0.003 -8"><span class='ocrx_word' id='word_1_846' title='bbox 1068 2794 1217 2828; x_wconf 78' lang='grc' dir='ltr'>κελεύομεν</span> <span class='ocrx_word' id='word_1_847' title='bbox 1243 2795 1287 2820; x_wconf 81' lang='grc' dir='ltr'>ἵνα</span> <span class='ocrx_word' id='word_1_848' title='bbox 1311 2795 1335 2820; x_wconf 77' lang='grc' dir='ltr'><strong>εί</strong></span> <span class='ocrx_word' id='word_1_849' title='bbox 1358 2794 1409 2828; x_wconf 75' lang='grc' dir='ltr'>μὲν</span> <span class='ocrx_word' id='word_1_850' title='bbox 1426 2793 1569 2828; x_wconf 73' lang='grc' dir='ltr'>γνώριμός</span> <span class='ocrx_word' id='word_1_851' title='bbox 1598 2795 1676 2821; x_wconf 81' lang='grc' dir='ltr'>ἐστιν</span> <span class='ocrx_word' id='word_1_852' title='bbox 1692 2795 1734 2821; x_wconf 84' lang='grc' dir='ltr'>ὃτι</span> <span class='ocrx_word' id='word_1_853' title='bbox 1758 2791 1867 2827; x_wconf 75' lang='grc' dir='ltr'>οὐδεμιᾷ</span> 
     </span>
    </p>
   </div>
   <div class='ocr_carea' id='block_1_116' title="bbox 1066 2840 1866 2877">
    <p class='ocr_par' dir='ltr' id='par_1_116' title="bbox 1066 2840 1866 2877">
     <span class='ocr_line' id='line_1_116' title="bbox 1066 2840 1866 2877; baseline -0.004 -10"><span class='ocrx_word' id='word_1_854' title='bbox 1066 2841 1136 2877; x_wconf 80' lang='grc' dir='ltr'>τύχῃ</span> <span class='ocrx_word' id='word_1_855' title='bbox 1151 2842 1305 2872; x_wconf 75' lang='grc' dir='ltr'>ὑπόκειται,</span> <span class='ocrx_word' id='word_1_856' title='bbox 1326 2843 1340 2868; x_wconf 81' lang='grc' dir='ltr'>ὁ</span> <span class='ocrx_word' id='word_1_857' title='bbox 1359 2841 1510 2877; x_wconf 80' lang='grc' dir='ltr'>ἡγούμενος</span> <span class='ocrx_word' id='word_1_858' title='bbox 1535 2842 1586 2868; x_wconf 84' lang='grc' dir='ltr'><strong>τοῦ</strong></span> <span class='ocrx_word' id='word_1_859' title='bbox 1615 2841 1802 2877; x_wconf 81' lang='grc' dir='ltr'>μοναστηρίου</span> <span class='ocrx_word' id='word_1_860' title='bbox 1825 2840 1866 2865; x_wconf 82' lang='grc' dir='ltr'>ὅτε</span> 
     </span>
    </p>
   </div>
   <div class='ocr_carea' id='block_1_117' title="bbox 1070 2883 1863 2923">
    <p class='ocr_par' dir='ltr' id='par_1_117' title="bbox 1070 2883 1863 2923">
     <span class='ocr_line' id='line_1_117' title="bbox 1070 2883 1863 2923; baseline 0 -10"><span class='ocrx_word' id='word_1_861' title='bbox 1070 2887 1162 2923; x_wconf 71' lang='grc' dir='ltr'>συνίδῃ</span> <span class='ocrx_word' id='word_1_862' title='bbox 1175 2907 1182 2919; x_wconf 84' lang='grc'><strong>,</strong></span> <span class='ocrx_word' id='word_1_863' title='bbox 1199 2887 1229 2914; x_wconf 73' lang='grc' dir='ltr'>τὸ</span> <span class='ocrx_word' id='word_1_864' title='bbox 1245 2888 1339 2923; x_wconf 83' lang='grc' dir='ltr'>σχῆμα</span> <span class='ocrx_word' id='word_1_865' title='bbox 1359 2887 1434 2922; x_wconf 75' lang='grc' dir='ltr'>αὐτῷ</span> <span class='ocrx_word' id='word_1_866' title='bbox 1457 2888 1602 2923; x_wconf 66' lang='grc' dir='ltr'>παρασχῇ.</span> <span class='ocrx_word' id='word_1_867' title='bbox 1623 2887 1655 2914; x_wconf 85' lang='grc' dir='ltr'><strong>Εἰ</strong></span> <span class='ocrx_word' id='word_1_868' title='bbox 1670 2887 1699 2914; x_wconf 80' lang='grc' dir='ltr'>δὲ</span> <span class='ocrx_word' id='word_1_869' title='bbox 1717 2887 1754 2923; x_wconf 75' lang='grc' dir='ltr'>μὴ</span> <span class='ocrx_word' id='word_1_870' title='bbox 1769 2883 1863 2921; x_wconf 76' lang='grc' dir='ltr'>γνωρί-</span> 
     </span>
    </p>
   </div>
  </div>
