1956 3049
141 139 210 172 1133

547 128 790 170 NbMOCANON.
808 151 843 157 --
861 137 936 170 TIT.
955 138 1009 176 IX,
1027 138 1106 170 CAP.
1120 139 1375 172 XXXI-XXXIII.

1716 137 1784 171 1131.

140 197 217 230 ζεται
233 197 259 225 εί
270 197 416 234 οἱᾳδήποτε
432 197 576 227 ὑπόκειται
593 201 674 237 τύχῃ,
687 200 763 232 ἐντὸς
777 199 862 235 τριῶν
881 200 936 226 ivt-

998 205 1053 224 iam
1068 197 1220 225 conditioni
1235 197 1373 226 obnoxius
1385 196 1431 231 sit,
1444 197 1516 226 intra
1533 201 1589 227 tres
1601 206 1688 228 annos
1704 200 1782 227 habi-

141 244 232 272 αυτῶν
248 245 287 280 μὴ
298 244 449 278 λαμὸάνειν
461 245 544 273 αὑτὸν
554 247 588 274 τὸ
602 247 750 283 μοναχικὸν
764 246 868 282 σχῆμα,
878 245 935 272 ἀλλ’

140 291 218 322 ἐντὸς
229 289 278 318 τοῦ
293 291 442 326 εἰρημένου
456 291 553 327 χρόνου
565 293 763 329 ἁποπειράσθω
777 292 830 326 τῆς
840 291 937 318 τούτου

142 337 319 372 ἀναστροφῆς
340 338 354 363 ὁ
379 337 426 364 τοῦ
446 339 628 374 μοναστηρίου
652 339 815 374 ἡγούμενος.
833 337 888 364 Καὶ
913 337 938 364 ει

141 383 218 415 ἐντὸς
232 383 356 418 τριετίας
373 383 485 419 ἁναφύῃ
509 393 550 416 τις
566 384 654 419 λέγων
669 385 686 420 ἢ
703 384 806 415 δοῦλον,
821 382 837 417 ἠ
851 383 938 410 κολω-

141 429 229 465 νδν,ἢ
254 429 447 465 ἑναπὸγραφον
471 430 576 456 τούτων
597 431 663 458 ἴδιον
678 428 760 463 εἶναι,
782 430 799 466 ἢ
823 431 872 458 καὶ.
898 430 936 462 ὡς

142 476 279 510 φεύγοντα
289 476 338 511 τὴν
349 477 500 511 γεωργίαν,
517 477 534 512 ἢ
552 476 589 508 ὥς
603 485 629 504 τι
646 476 802 512 κλέψαντα,
824 477 840 512 ἢ
854 476 898 503 διά
911 484 938 502 τι

142 522 269 556 πταῖσμα
291 522 331 552 εἰς
356 522 388 548 τὸ
412 523 595 558 μηναστήριον
615 522 699 550 αὑτὸν
723 521 935 556 είσεληλυοέναι.

142 567 199 593 Καὶ
212 565 298 592 ταῦτα
315 565 491 601 ἀποδειχθείη
506 566 544 601 τῷ
556 567 614 601 ἰδίῳ
629 566 750 602 δεσπότῃ
763 565 858 593 τοῦτον
870 566 938 592 ἀπο-

141 611 324 639 καθίστασθαι
332 612 400 647 μετά
409 612 580 647 πραγμάτων
589 612 659 648 ὑπὲρ
668 609 706 639 ὧν
716 611 888 646 ἀποδειχθείη
898 612 938 644 εἰς

142 657 173 684 τδ
187 658 369 692 μοναστὴριον
384 657 541 692 εἰσαγαγὼν
565 657 645 691 λόγον
661 657 795 694 πρότερον
809 657 847 689 ὡς
861 658 938 684 οὐδὲν

142 703 275 738 ὑπομενεί
287 703 362 738 παρὰ
374 703 420 730 τοῦ
438 703 505 730 ίδίου
521 703 653 731 δεσπότου
664 704 849 738 λαμϐάνοντα.
865 703 897 730 El.
908 703 937 730 δὲ

142 749 221 781 ἐντὸς
238 749 362 784 τριετίας
389 749 485 784 μηδεὶς
500 749 623 785 ἐναγάγῃ
640 749 694 775 τινι¹
710 749 764 775 τῶν
781 748 936 784 είρημένων

143 794 312 831 προσώπων,
325 796 340 822 ὁ
363 794 516 830 ἡγούμενος
530 795 576 821 τοῦ
594 794 777 830 μοναστηρίου
802 794 871 829 μετὰ
886 795 936 828 τὴν

142 841 324 877 παραδρομὴν
337 841 385 867 τοῦ
399 841 524 876 τριετοῦς
539 841 637 876 χρόνου
655 842 680 867 εἰ
694 841 740 867 τὸν
750 840 871 868 τοιοῦτον
888 840 935 867 ἄν·

141 888 192 924 δρα
212 888 288 921 ἄξιον
308 889 408 924 κρινεῖ,
423 888 484 914 τότε
501 888 596 914 διδότω
610 887 685 923 αὐτῷ
709 888 741 914 τὸ
764 888 857 923 σχῆμα
867 907 874 919 ,
889 887 936 913 καὶ
950 877 974 906 Β

143 934 240 970 μηδεὶς
259 933 334 969 αὐτῷ
354 933 465 969 ὄχλησιν
489 933 558 968 μετὰ
586 932 672 960 ταῦτα
695 934 766 968 ὑπὲρ
787 933 837 967 τῆς
853 933 938 968 τύχης

142 980 294 1016 εἰσφερέτω
310 979 339 1005 ὲν
362 980 417 1014 ὅσῳ
434 978 526 1014 μέντοι
551 986 582 1012 γε
604 979 635 1005 ὲν
650 977 689 1013 τῷ
705 978 878 1014 μοναστηρίῳ
899 977 938 1004 δι·

142 1026 216 1060 άγει.
232 1026 273 1053 Τὰ
289 1025 318 1052 δὲ
335 1025 486 1060 πράγματα
499 1024 571 1059 ἅπερ
587 1025 626 1055 είς
638 1024 669 1050 τὺ
686 1024 866 1059 μοναστήριον
882 1024 938 1049 είσ-

142 1073 258 1106 αγαγὼν
270 1070 369 1106 φανείη
384 1071 424 1107 τῷ
435 1071 605 1106 δεικνυμένῳ
619 1071 737 1106 δεσπότῃ
760 1069 938 1096 ἀποδιδόσθω.

144 1119 177 1145 El
200 1118 229 1145 δέ.
245 1126 288 1149 τις
302 1118 357 1144 τῶν
374 1117 528 1153 εἰρημένων
558 1116 714 1152 προσώπων
735 1116 893 1149 καταλείψει
910 1115 940 1142 τὸ

148 1165 342 1200 μοναστήριον,
364 1164 410 1190 καὶ
423 1164 463 1195 είς
476 1163 609 1198 κοσμικδν
629 1163 695 1198 ἔλθῃ
709 1162 776 1198 βίον,
799 1162 816 1198 ἣ
837 1163 864 1188 ὲν
879 1162 941 1193 ταῖς

146 1211 269 1243 πόλεσιν,
283 1210 300 1245 ἢ
315 1211 344 1236 ὲν
359 1211 415 1241 τοῖς
429 1210 524 1244 ἀγροῖς
540 1209 733 1244 περιέρχηται,
759 1209 791 1243 τῇ
807 1207 860 1243 ἰδίᾳ
870 1207 941 1243 τύχῃ

147 1256 346 1292 παραδιδὸσθω.
360 1256 414 1282 Καὶ
427 1264 490 1290 κεφ,
507 1253 521 1281 ι’
537 1255 584 1281 τοῦ
599 1254 682 1281 αὑτοῦ
699 1255 752 1281 τίτ.
767 1254 856 1288 λέγον·
873 1253 941 1280 Ἀπ-

147 1301 318 1337 αγορεύομεν
334 1301 363 1328 δὲ
374 1302 429 1332 τοῖς
443 1300 628 1335 γονεῦσιτοὺς
648 1300 730 1341 ἰδίους
746 1300 843 1331 παῖδας
858 1307 941 1334 μονα-

147 1348 228 1384 χικὸν
251 1348 308 1383 βίον
330 1347 542 1382 ἐπιλεγομένους
558 1348 590 1373 ἐκ
613 1345 667 1372 τῶν
683 1345 791 1380 εὑαγῶν
806 1353 943 1380 μοναστη-

149 1394 216 1430 ρίων
231 1393 370 1427 ἀφέλκειν.

184 1441 339 1474 Κείμενον.
365 1439 442 1466 Διάτ.
467 1437 502 1465 νδ¹
519 1438 567 1464 τοῦ
586 1436 668 1464 αὑτοῦ
689 1436 742 1463 τίτ.
768 1436 825 1463 Οὐκ
855 1435 943 1468 ἔξεστι

149 1486 205 1517 τοῖς
217 1485 326 1519 γονεῦσι
340 1484 525 1520 βουλομένοις,
538 1492 565 1511 κ.
588 1491 614 1510 τ.
626 1483 664 1515 λ.,
674 1489 761 1517 usque
777 1483 810 1510 ad
823 1482 878 1508 ἑνοῖ
893 1482 942 1508 αὺ-

148 1530 194 1557 τὸν
211 1532 243 1565 τῇ
260 1531 400 1565 ἐπιχωρίῳ
416 1529 502 1562 τάξει.

186 1578 328 1611 Σχόλιον.
350 1577 382 1603 Ἦ
396 1575 435 1610 νγ¹
450 1576 520 1602 διὰτ.
534 1575 581 1602 τοῦ
593 1573 619 1609 γ’
635 1574 689 1601 τίτ.
707 1574 754 1600 τοῦ
770 1573 794 1600 α’
808 1573 879 1609 βιόλ.
895 1573 942 1600 τοῦ

151 1622 217 1650 κώδ.
241 1623 292 1649 οὐκ
319 1621 399 1657 ἐτέθη
420 1623 460 1653 εἰς
475 1621 509 1648 τὰ
534 1621 676 1652 Βασιλικὶ,
700 1620 738 1651 ὡς
760 1621 806 1646 καὶ
832 1619 944 1646 ὄπισθεν

149 1669 320 1704 ἐγράψαμεν.
337 1669 416 1704 Ζήτει
431 1668 459 1694 δὲ
476 1668 548 1704 βιῶ..
562 1667 593 1699 δ’,
609 1667 661 1694 τίτ.
676 1665 712 1700 α’,
729 1675 791 1700 κεφ.
809 1666 842 1698 θ’,
859 1665 945 1697 οἱτως

151 1716 212 1751 ἕχον
229 1723 236 1730 ·
252 1714 389 1750 Οὑδεμίαν
411 1714 440 1740 δὲ
466 1715 558 1741 ἄδειαν
578 1714 704 1748 διδόαμεν
721 1713 737 1748 ῆ
755 1714 811 1744 τοῖς
836 1711 945 1746 γονεῦσι

150 1759 214 1790 τοὺς
233 1758 342 1791 παῖδας,
358 1758 444 1794 ἢτοίς
464 1758 543 1784 παισὶ
554 1757 618 1789 τοὺς
632 1759 729 1791 γονέας
744 1758 793 1793 τὴν
809 1757 945 1792 κοσμικὴν

151 1804 292 1839 διαγωγὴν
328 1804 586 1838 καταλιμπάνοντας
615 1803 653 1835 ὠς
681 1803 848 1838 ἀχαρίστους
876 1803 945 1829 ἁπο-

152 1850 254 1877 κλείειν
265 1849 315 1884 τῆς
331 1849 398 1881 ἰδίας
413 1849 599 1884 κληρονομίας
622 1849 693 1884 ὑπὲρ
717 1849 807 1880 αἰτίας
824 1849 877 1884 πρὸ
897 1848 945 1875 τοῦ

154 1895 304 1931 μοναχικοῦ
321 1895 380 1930 βίου
396 1895 677 1932 παρακολουθησάσης
687 1902 694 1909 °
709 1893 744 1926 a’,
759 1894 830 1921 διάτ.
843 1894 891 1920 τοῦ
909 1893 944 1927 α’,

150 1943 204 1971 τίτ,
220 1942 274 1969 τῶν
289 1942 479 1977 Νεαρῶν,ἐστι
494 1943 580 1977 νεαρὰ
594 1941 806 1971 ’1ουστινιάνειος
822 1939 947 1973 ς’,τοῦτο

151 1989 181 2015 δὲ
197 1988 227 2015 τὸ
240 1997 303 2022 κεφ.
317 1989 367 2014 οὑκ
381 1987 461 2022 ὲτὲθη
477 1989 517 2019 είς
530 1988 563 2014 τὰ
578 1987 764 2014 Βασιλικά.”Η
780 1985 802 2022 β’
815 1986 886 2014 διάτ.
898 1986 945 2012 τοῦ

151 2033 236 2061 αὐτοῦ
267 2033 320 2060 τίτ.
343 2033 399 2060 τῶν
428 2033 554 2068 Νεαρῶν,
587 2033 644 2059 ἐστι
671 2032 757 2068 νεαρὰ
791 2031 947 2059 Ἰουστινιά-

152 2087 223 2111 νειος
253 2077 330 2114 ρκγ’,
357 2079 472 2114 κειμένη
499 2081 528 2105 ὲν
556 2079 627 2114 βιϐλ.
660 2078 684 2113 γ’
712 2079 765 2106 τῶν
794 2078 946 2106 Βασιλικῶν

151 2127 204 2154 τίτ.
221 2126 256 2160 α’,
273 2127 320 2154 καὶ
335 2127 414 2161 λέγον
424 2127 456 2153 τὸ
467 2125 502 2153 λό’
518 2135 580 2161 κεφ.
598 2126 695 2153 τούτου
710 2127 761 2153 ὃσα
777 2127 817 2157 εἰς
830 2127 861 2152 τὸ
888 2126 944 2152 κεί-

154 2182 234 2209 μενον
252 2173 437 2209 περιέχονται.
459 2173 609 2207 Ἀνάγνωθι
631 2172 679 2200 τοῦ
703 2172 786 2199 αὑτοῦ
811 2172 881 2208 βιὸλ.
900 2171 947 2198 καὶ

991 247 1047 270 tum
1062 243 1085 270 is
1096 243 1278 270 monasticum
1295 250 1347 270 non
1367 247 1502 275 assumat,
1523 244 1571 271 sed
1596 244 1666 272 intra
1682 246 1782 279 praedi-

988 293 1065 316 ctum
1085 293 1190 324 tempus
1207 289 1366 316 monasterii
1388 290 1488 324 praesul
1511 290 1664 326 periculum
1689 290 1780 325 facito,

990 337 1013 364 si
1029 335 1125 371 pedem
1142 335 1245 362 referre
1259 335 1334 361 velit.
1352 334 1384 362 Et
1403 335 1425 362 si
1441 335 1511 363 intra
1527 336 1674 364 triennium
1693 345 1783 365 emer-

991 387 1034 417 gat
1046 381 1159 416 aliquis,
1179 382 1226 415 qui
1240 381 1313 408 hunc
1331 381 1371 407 vel
1388 389 1509 413 servum,
1527 383 1569 409 vel
1585 383 1725 416 colonum,
1740 383 1783 410 vel

992 427 1174 462 ascriptitium
1184 435 1263 454 suum
1279 434 1340 454 esse
1349 427 1432 459 dicat,
1446 428 1575 463 quodque
1590 430 1632 456 vel
1645 430 1782 466 agricola-

991 473 1074 500 tionis
1090 473 1213 500 laborem
1226 473 1343 508 fugiens,
1357 474 1398 500 vel
1414 474 1516 508 aliquid
1529 473 1646 506 furatus.
1660 475 1702 502 vel
1718 483 1782 510 pro-

990 524 1049 555 pter
1062 518 1173 554 aliquod
1182 519 1313 546 delictum
1326 520 1352 546 in
1367 520 1564 547 monasterium
1583 521 1781 556 ingressusjsit.

991 570 1019 592 ct
1046 565 1104 592 haec
1121 565 1296 599 comprobata
1322 565 1423 592 fuerint
1441 574 1448 592 :
1467 566 1620 594 restiluitor
1634 567 1658 594 is
1671 568 1782 595 domino

993 619 1044 638 suo
1058 619 1121 638 cum
1135 610 1218 638 rebus
1233 618 1302 645 quas
1319 611 1345 637 in
1366 612 1560 639 monasterium
1577 612 1703 640 intulisse
1717 621 1782 648 pro-

990 658 1070 685 balus
1087 657 1180 690 fuerit,
1195 657 1259 685 data
1284 657 1371 692 prius,
1387 663 1414 685 et
1437 664 1545 692 accepta
1564 658 1626 691 lide,
1645 659 1718 693 quod
1740 658 1782 686 Iti-

991 704 1029 731 hil
1043 711 1058 730 a
1079 704 1190 730 domino
1216 711 1267 730 suo
1289 703 1353 730 mali
1372 705 1546 738 perpetietur.
1562 703 1591 731 Si
1613 711 1695 732 nemo
1711 705 1782 732 intra

991 749 1138 776 triennium
1166 753 1261 776 contra
1286 748 1405 782 aliquam
1432 749 1625 783 praedictarum
1653 756 1783 784 persona-

990 803 1051 822 rum
1078 795 1212 822 actionem
1239 798 1267 821 et
1290 795 1506 822 controversiam
1532 794 1669 822 moverit:
1686 803 1783 823 mona-

991 841 1067 869 sterii
1081 841 1179 875 prassul
1195 845 1257 876 post.
1271 841 1381 868 triennii
1395 841 1542 870 decursum
1567 846 1632 869 tunc
1648 841 1686 869 illi
1705 842 1784 870 babi-

990 892 1046 915 tnm
1063 888 1192 922 praebeto,
1210 887 1233 915 si
1248 887 1404 915 istiusmodi
1424 887 1561 915 hominem
1581 888 1694 923 dignum
1712 889 1785 924 judi-

990 933 1115 961 caverit:
1133 940 1221 968 neque
1244 938 1338 967 postea
1366 932 1514 967 quisquam
1541 933 1565 960 ei
1592 934 1732 968 negotium
1748 934 1783 961 de

990 983 1063 1007 statu
1083 986 1116 1007 ac
1132 979 1290 1006 conditione
1315 985 1364 1006 sua
1381 977 1521 1010 facessito,
1546 979 1669 1014 quandiu
1691 983 1784 1008 tamen

990 1024 1018 1052 in
1035 1024 1201 1052 monasterio
1218 1024 1300 1058 degit.
1318 1023 1371 1052 Res
1382 1032 1445 1051 vero
1458 1031 1527 1059 quas
1543 1024 1571 1051 in
1585 1025 1783 1052 monasterium

991 1070 1119 1098 intulisse
1133 1069 1280 1102 videbitur,
1291 1069 1417 1103 probanti
1429 1069 1579 1102 idjdomino
1590 1069 1782 1097 restituuntor.

991 1116 1026 1143 At
1039 1117 1062 1144 si
1079 1116 1142 1149 quis
1157 1115 1347 1150 praedictarum
1365 1121 1543 1149 personarum
1565 1114 1709 1149 reliquerit
1723 1122 1784 1141 mo-

992 1161 1156 1192 nasterium,
1175 1165 1204 1188 et
1222 1159 1255 1186 ad
1270 1159 1429 1186 saecularem
1451 1159 1534 1186 vitam
1551 1159 1701 1192 transierit,
1727 1160 1785 1187 sive

992 1209 1020 1236 in
1040 1208 1154 1235 urbibus
1169 1207 1227 1234 sive
1247 1213 1296 1241 per
1312 1213 1392 1241 agros
1414 1206 1546 1233 oberrans
1562 1214 1569 1233 ε
1587 1214 1642 1234 suae
1668 1205 1786 1234 fortunae

993 1263 1024 1282 ac
1050 1253 1201 1282 conditioni
1229 1253 1360 1280 redditor.
1378 1251 1413 1279 Et
1437 1259 1497 1287 cap.
1525 1252 1559 1278 10
1581 1253 1704 1287 ejusdem
1730 1252 1785 1286 tit.,

993 1301 1066 1336 quod
1082 1300 1150 1327 dicit
1167 1308 1174 1326 :
1190 1298 1456 1326 lnterdicimusitem
1477 1298 1646 1333 parentibus,
1665 1306 1700 1326 ne
1717 1298 1787 1327 ﬁlios

993 1354 1070 1379 suos,
1098 1347 1264 1380 simulatque
1285 1345 1468 1372 monasticam
1491 1345 1576 1372 vitam
1602 1345 1745 1380 elegerint,
1770 1354 1785 1373 e

993 1392 1197 1420 venerabilibus
1213 1391 1388 1419 monasteriis
1402 1391 1573 1418 abstraham.

1032 1438 1139 1466 Texuu.
1170 1438 1266 1465 Const.
1291 1437 1326 1464 54
1338 1437 1459 1472 ejusdem
1473 1437 1513 1463 tit.
1529 1445 1536 1463 :
1551 1435 1611 1464 Non
1627 1436 1690 1465 licet
1702 1441 1786 1471 ,elc.,

996 1492 1077 1519 usque
1090 1483 1125 1510 ad
1143 1483 1303 1518 provinciali
1319 1483 1436 1515 cohorti,
1450 1487 1477 1509 ut
1491 1490 1554 1517 pag.
1564 1483 1627 1510 791.

1032 1577 1178 1604 Scholium.
1203 1577 1321 1605 Constit.
1349 1577 1385 1605 55
1401 1577 1441 1604 tit.
1459 1577 1476 1604 5
1500 1577 1547 1604 lib.
1564 1585 1572 1604 l
1587 1577 1655 1605 Cod.
1680 1585 1732 1605 non
1747 1582 1790 1605 est

995 1624 1084 1657 posita
1103 1623 1129 1649 in
1150 1622 1245 1654 Basil.,
1261 1622 1492 1658 quemadmodum
1517 1624 1598 1649 etiam
1622 1627 1703 1650 antea
1718 1623 1790 1650 dixi-

996 1677 1067 1696 mus.
1083 1668 1198 1702 Qumras
1218 1673 1309 1696 tamen
1324 1668 1371 1695 lib.
1391 1676 1427 1701 tv,
1446 1669 1485 1695 tit.
1503 1676 1521 1701 ι,
1537 1676 1596 1703 cap.
1615 1669 1642 1701 9,
1661 1669 1734 1704 quod
1749 1669 1790 1697 sic
1827 1704 1831 1707 δ

996 1715 1098 1742 habet":
1112 1713 1320 1741 Nullamanlem
1333 1713 1576 1741 licentiamdamus
1587 1718 1633 1740 aut
1649 1713 1790 1748 patribus,
1831 1708 1834 1711 ”

997 1765 1027 1788 ut
1040 1761 1141 1788 liberos
1158 1770 1164 1788 :
1179 1765 1227 1788 aut
1241 1760 1345 1793 liberis,
1361 1764 1392 1787 ut
1409 1766 1549 1795 parentes,
1564 1761 1611 1795 qui
1630 1761 1789 1789 saecularem

996 1808 1235 1834 conversationem
1258 1806 1428 1841 relinquunt,
1443 1810 1574 1841 tanquam
1598 1807 1719 1842 ingratos
1733 1807 1790 1834 bae-

997 1853 1112 1880 reditate
1136 1860 1185 1880 sua
1208 1852 1364 1884 excludant,
1385 1860 1433 1886 per
1455 1859 1566 1879 causam
1593 1853 1713 1888 aliquam
1730 1859 1791 1888 qua:

997 1899 1177 1926 monasticam
1201 1900 1285 1925 vitam
1302 1900 1483 1933 praecesserit.
1503 1899 1597 1927 Const.
1610 1899 1628 1926 2
1653 1900 1718 1928 tit.1
1737 1899 1793 1927 Nu-

998 1944 1143 1977 vellaruni,
1166 1948 1208 1971 est
1224 1943 1329 1970 novella
1347 1942 1496 1971 Justiniani
1512 1944 1538 1971 6.
1556 1943 1612 1972 lloe
1625 1949 1717 1972 autem
1731 1945 1790 1980 ejus

997 1997 1058 2024 Cap.
1075 1997 1130 2016 non
1145 1994 1188 2016 est
1213 1990 1331 2024 positum
1358 1992 1384 2016 in
1402 1989 1484 2017 Basil.
1503 1990 1598 2018 Const.
1623 1991 1641 2017 2
1667 1991 1790 2026 ejusdem

1000 2035 1042 2062 tit.
1060 2033 1245 2068 Novellarum,
1268 2040 1309 2063 est
1323 2036 1427 2063 novella
1443 2035 1592 2063 Justiuiani
1623 2037 1684 2069 125,
1701 2037 1790 2071 posita

999 2080 1070 2117 [quae
1086 2080 1137 2116 est]
1151 2082 1177 2108 in
1192 2081 1238 2108 lib.
1259 2081 1342 2109 Basil.
1367 2090 1406 2114 ιιι,
1420 2082 1461 2109 tit.
1478 2090 1497 2115 ι,
1520 2082 1598 2117 cujus
1614 2082 1648 2109 54
1663 2090 1723 2118 eap.
1747 2084 1791 2110 di—

999 2126 1047 2157 cit.
1064 2133 1236 2161 quacunque
1260 2126 1287 2152 in
1304 2130 1379 2153 textu
1409 2125 1687 2160 comprehenduntur.
1705 2127 1792 2162 Legas

1000 2171 1106 2208 [etiam]
1121 2172 1243 2207 ejusdem
1261 2172 1308 2199 lib.
1320 2177 1346 2199 et
1360 2172 1402 2198 tit.
1419 2179 1480 2206 cap.
1494 2172 1540 2204 57,
1554 2171 1629 2207 quod
1656 2173 1790 2199 insertum

151 2221 203 2248 τίτ.
218 2230 281 2256 κεφ.
305 2222 354 2254 λζ’,
372 2222 441 2257 ὅπερ
462 2221 642 2257 κατεστρώθη
664 2222 704 2252 είς
728 2222 777 2255 τὴν
795 2220 941 2256 ἑρμηνείαν

999 2223 1041 2245 est
1070 2217 1287 2252 interpretationi
1302 2216 1368 2253 'cap.
1384 2217 1419 2245 36
1440 2218 1482 2245 tit.
1500 2226 1507 2245 ι
1524 2218 1665 2253 praesentis
1689 2219 1790 2253 operis.

151 2267 198 2293 τοῦ
214 2266 258 2299 λς’
274 2276 337 2303 κεφ.
367 2268 414 2295 τοῦ
431 2266 455 2294 α’
474 2267 527 2295 τίτ.
559 2267 606 2294 τοῦ
631 2267 768 2302 παρόντος
787 2266 947 2301 συντάγμα-

151 2321 208 2344 τος.
229 2313 260 2340 'H
277 2317 312 2348 ιγ’
325 2314 393 2341 διάτ.
407 2314 456 2340 τοῦ
472 2313 496 2340 α’
517 2313 571 2341 τίτ.
585 2313 639 2340 τῶν
651 2312 776 2349 Νεαρῶν,
790 2313 848 2339 ἔστι
863 2312 948 2348 νεαρὰ

160 2359 376 2391 ’1ουοτιυιάνειος
393 2359 424 2385 ε’·
441 2358 520 2386 τοῦτο
534 2359 563 2385 δὲ
577 2359 608 2386 τὸ
621 2367 684 2394 κεφ.
699 2359 749 2385 οὐκ
761 2359 840 2394 ἐτέθη
859 2359 898 2389 είς
914 2359 948 2385 τὰ

152 2405 296 2432 Βασιλικά.
318 2406 352 2432 'H
368 2405 396 2432 δὲ
420 2404 442 2441 β’
467 2405 536 2432 διάτ.
552 2404 600 2432 τοῦ
622 2405 706 2432 αὑτοῦ
721 2405 773 2432 τιτ.
789 2404 847 2432 ἐστι
863 2404 949 2439 νεαρὰ

158 2451 376 2483 Ίουστινιάνειος
391 2450 451 2487 ρκγ¹
474 2451 589 2486 κειμένη
613 2452 643 2478 ἐν
667 2451 737 2486 βιϐλ.
761 2450 816 2478 τῶν
841 2450 949 2477 Βασιλι-

153 2497 209 2524 κῶν
223 2496 256 2531 δ’,
270 2498 324 2525 τίτ.
339 2496 375 2531 α’,
398 2507 461 2533 κεφ.
481 2496 527 2530 ια’,
550 2498 597 2524 καὶ
610 2497 748 2532 ἀνάγνωθι
762 2497 842 2524 τοῦτο
862 2505 947 2523 κατα-

153 2542 275 2578 στρωθὲν
289 2543 380 2579 ῥητῶς
397 2544 426 2570 ἐν
441 2545 474 2579 τῇ
490 2544 560 2579 ἀρχῇ
573 2543 619 2570 τοῦ
631 2544 765 2579 παρόντος
777 2542 815 2578 λβ¹
830 2551 894 2578 κεφ.

188 2589 314 2617 ΚΕΦΑΛ.
345 2589 408 2617 Al".
425 2604 462 2610 —
482 2591 551 2625 Περὶ
586 2589 647 2616 τῶν
675 2588 948 2624 συνεπισταμένων

153 2634 362 2670 ἁμαρτάνουσι
390 2636 558 2670 κληρικοῖς,
585 2635 696 2670 καὶμὴ
722 2637 946 2670 φανερούντων.

188 2680 330 2708 Βασιλεὶου
345 2681 436 2709 κανὼν
448 2681 498 2709 01’.

189 2728 346 2762 Κείμενον.
368 2729 436 2764 Περὶ
456 2728 512 2755 τῶν
529 2729 746 2764 ὑποδεχομένων,
765 2729 782 2765 ἢ
809 2729 947 2765 κρυπτάν-

153 2782 208 2800 των
224 2773 337 2809 λῃστὰς.
356 2774 373 2809 ἢ
385 2774 555 2810 δυναμένων,
569 2783 597 2802 κ.
616 2784 642 2802 τ.
659 2775 698 2808 λ.,
713 2783 802 2811 usque
813 2775 846 2803 ad
866 2775 888 2811 β’
899 2776 947 2803 τοῦ

154 2819 304 2855 εἰρημένου
317 2818 354 2852 ις’
372 2821 425 2847 τῐτ.
440 2819 488 2847 τοῦ
503 2820 545 2856 μζ¹
562 2821 632 2856 βιῆλ.

189 2865 329 2900 Σχόλιιιν.
355 2866 385 2891 Ὀ
399 2865 438 2892 λθ¹
455 2865 506 2893 τίτ.
528 2868 575 2894 τοῦ
592 2867 613 2894 θ’
637 2868 707 2903 βιϐλ.
724 2869 771 2896 τοῦ
785 2868 850 2896 κώδ.
865 2869 944 2905 ἐτέθη

1000 2263 1094 2292 Const.
1109 2264 1141 2291 l5
1156 2265 1196 2291 tit.
1216 2264 1228 2290 1
1245 2264 1419 2292 Novellarum
1448 2269 1490 2292 est
1511 2265 1616 2292 novella
1644 2264 1792 2293 Justiniani

992 2310 1025 2343 5.
1044 2310 1102 2338 Hoc
1118 2315 1207 2338 autem
1219 2319 1281 2346 cap.
1296 2320 1351 2339 non
1366 2316 1408 2339 est
1421 2312 1539 2347 positum
1555 2312 1581 2339 in
1595 2311 1677 2340 Basil.
1690 2312 1791 2347 jConst.

998 2357 1016 2384 2
1041 2357 1165 2392 ejus-lem
1196 2358 1238 2385 tit.
1267 2362 1309 2386 est
1334 2358 1459 2386 similiter
1482 2359 1588 2386 novella
1618 2358 1680 2392 125,
1702 2360 1792 2394 posita

1000 2403 1073 2438 [quae
1094 2403 1147 2440 est]
1164 2404 1190 2430 in
1209 2404 1255 2431 lib.
1272 2403 1356 2432 Basil.
1375 2413 1411 2436 tv,
1430 2405 1470 2432 tit.
1489 2405 1515 2438 l,
1533 2405 1648 2441 cap.lt,
1664 2406 1738 2441 quod
1757 2405 1793 2433 ad

1000 2451 1112 2479 verbum
1127 2451 1205 2478 initio
1226 2451 1369 2486 praesentis
1382 2451 1418 2479 52
1432 2460 1493 2487 cap.
1506 2452 1639 2480 insertum
1657 2453 1741 2489 legas.

1033 2589 1111 2618 CAP.
1133 2590 1251 2618 XXXlll.
1277 2606 1312 2610 —
1329 2590 1368 2618 De
1387 2591 1426 2618 iis
1444 2591 1489 2626 qui
1507 2591 1618 2618 clericos
1647 2591 1796 2627 delinquere

999 2639 1133 2671 sciunt,et
1151 2647 1204 2666 non
1222 2639 1407 2674 manifestam.

1036 2675 1131 2712 Basilii
1147 2693 1235 2713 canon
1254 2685 1284 2712 'll
1302 2695 1310 2712 :

1037 2730 1148 2758 Textus.
1171 2731 1207 2758 De
1225 2731 1260 2758 iis
1275 2731 1321 2767 qui
1344 2731 1420 2758 iures
1432 2730 1528 2757 aliisve
1547 2729 1721 2762 criminibus,
1738 2734 1792 2758 etc.

999 2786 1081 2814 usque
1096 2778 1130 2805 αιι
1149 2778 1197 2806 lib.
1215 2786 1287 2806 ιινιι
1299 2777 1413 2814 [docet],
1429 2782 1458 2804 ut
1476 2785 1537 2812 pug.
1556 2775 1618 2804 794.

1035 2869 1180 2898 Sclwlium.
1190 2870 1243 2898 Tit.
1257 2870 1290 2898 59
1302 2870 1348 2898 lib.
1365 2878 1390 2898 ix
1404 2869 1470 2898 Cod.
1487 2870 1593 2905 positus
1604 2873 1646 2897 est
1658 2869 1684 2896 in
1698 2877 1758 2904 cap.
1771 2869 1797 2904 5,
