1946 3076
204 163 273 196 1135

770 165 901 196 ΡΠΟΤΙΙ
915 166 1167 198 ΡΛΤΒῙΑΒΟΠΑΕ
1184 168 1238 198 CP.

1770 169 1829 204 1136

206 221 250 248 tit.
271 220 312 256 ‘21
336 219 383 248 lib.
410 228 443 247 ιιι
472 219 569 252 Basil.,
597 223 624 247 et
649 219 687 247 ait
707 220 733 246 in
763 220 835 248 hunc
860 221 970 248 modum
991 231 998 248 :

1058 225 1091 255 εἰς
1109 232 1171 258 κεφ.
1189 223 1212 258 γ’
1242 223 1289 249 τοῦ
1301 222 1342 255 κζ’
1355 222 1408 250 τίτ.
1422 223 1470 251 τοῦ
1486 223 1508 258 ξ’
1522 224 1592 259 βιῦλ.
1611 225 1665 252 τῶν
1683 226 1828 260 Βασιλικιὶιν,

209 265 260 299 Qui
279 266 370 293 sciens
386 266 539 301 quempiam
556 265 703 292 obnoxium
718 265 826 292 crimini
844 266 996 301 receperit:

209 313 332 340 eamdem
353 319 462 348 pmnam
479 311 634 339 sustinebit.
657 311 709 344 Qui
726 311 801 339 fures
816 312 959 346 receperit,
973 318 1000 341 et

207 359 235 386 in
251 359 385 393 judicium
400 366 454 385 non
471 357 614 384 adduxerit
628 365 636 384 :
652 356 791 393 [subantia
818 357 890 394 ejus]
910 358 999 393 publi-

208 408 284 430 cator
302 412 308 430 :
325 409 369 430 aut
385 411 434 437 pro
445 402 577 437 qualitate
600 409 734 436 personae,
749 407 831 437 prout
850 403 936 438 judici
957 403 996 430 vi-

209 457 271 477 sum
289 449 382 481 luerit,
400 449 521 484 punitor.
552 447 606 475 Tit.
633 448 666 475 16
689 448 727 476 lib
752 457 825 476 xtvn
849 449 909 485 Dig.
927 450 1000 485 posi-

208 501 252 523 tus
271 499 312 523 est
335 495 362 522 in
385 503 446 530 cap.
469 495 482 521 1
508 494 629 530 ejusdem
652 494 688 521 27
703 495 745 521 tit.
764 495 812 523 lib.
828 503 873 529 ιιι,
896 501 924 523 et
939 496 996 523 ait:

207 541 358 569 Latronum
384 546 560 576 reeilptores,
587 546 614 568 et
639 542 685 576 qui
709 549 772 569 cum
797 542 1000 577 apprehendere

209 588 331 614 latrones
352 592 474 622 possent,
503 587 618 622 pecunia
641 588 683 614 vel
709 588 901 622 subreptorum
922 593 1000 623 parte

213 636 335 666 accepta,
350 630 437 667 [illos]
455 631 620 658 dimiserunt
635 639 643 658 :
661 631 772 666 perinde
784 636 867 667 alque
880 632 1000 660 latrones

209 677 370 712 puniuntur.
388 676 489 712 Digest.
505 676 522 703 2
543 676 584 704 tit.
597 677 688 705 lolib.
710 684 782 704 \LVII
798 677 857 712 Dig.
886 683 998 713 estcap.

208 725 226 751 ‘2
243 723 308 751 dicti
332 723 367 750 27
391 723 446 756 tit.,
465 724 538 758 quod
555 731 683 758 expresse
697 724 788 756 habet,
816 729 846 752 ut
867 725 999 760 scripturn

208 773 261 796 est.
282 768 369 803 Legas
384 768 465 795 etiam
481 769 499 795 4
523 767 581 803 ejus
594 775 655 803 cap.
671 764 743 803 quod
758 769 847 803 docrt,
861 771 1000 805 quomodo

208 815 371 843 criminibus
380 813 503 845 obnoxii,
515 814 562 849 qui
575 814 601 841 in
617 815 725 848 praediis
741 813 877 851 [rusticis]
885 816 997 852 degunt,

209 859 295 897 [inde]
325 860 520 888 abstrahamur
539 868 546 887 :
563 864 600 892 et,
616 861 688 895 quod
711 861 763 888 nisi
786 862 879 896 praedii
894 862 998 890 domini

209 907 261 934 bos
278 906 451 941 magistratui
465 906 593 939 oll‘erant,
618 906 678 942 ejus
696 907 817 935 dominio
834 908 975 943 priventur
991 918 997 936 ε
1017 901 1037 928 Β

209 953 339 988 primates
367 957 459 979 autem
487 952 581 987 pradii
607 958 634 979 et
659 957 862 987 procuratores,
884 953 950 989 [nisi
972 954 1000 982 id

208 996 336 1032 l‘aciant,]
360 996 387 1023 in
411 996 539 1025 exsilium
557 997 709 1024 mittantur.
732 997 832 1025 Verum
849 1003 876 1026 tu
892 1007 1001 1034 quaeras

207 1046 295 1070 totum
307 1043 341 1069 9'1
351 1043 392 1070 tit.
402 1050 436 1070 ut
447 1042 506 1076 lib.,
522 1041 577 1079 [ac]
589 1043 663 1078 legas
673 1043 810 1072 etiam'lib.
821 1052 840 1078 I,
851 1044 893 1072 tit.
903 1045 930 1079 1,
939 1052 999 1080 cap.

207 1087 253 1120 2‘2,
271 1087 316 1120 50,
329 1088 375 1119 90,
390 1091 418 1115 et
435 1087 482 1115 lib.
492 1095 537 1119 ιτ,
553 1089 596 1116 tit.
610 1088 655 1121 ‘59,
671 1095 732 1123 cap.
744 1088 792 1116 ult.
806 1090 1000 1125 Complectun-

208 1138 254 1161 tur
269 1133 353 1166 enim,
369 1133 440 1168 quod
457 1133 573 1168 perinde
595 1137 679 1168 atque
700 1135 819 1163 ha-retici
834 1141 862 1163 et
876 1137 1000 1165 incanta-

207 1183 294 1211 tores,
309 1178 329 1206 ii
340 1179 387 1214 qui
404 1179 466 1206 illos
481 1178 616 1213 recipiunt
633 1182 660 1206 et
676 1180 828 1213 occultant,
838 1182 998 1216 puniantur.

1051 266 1097 292 καί
1122 275 1206 302 φησιν
1229 266 1326 301 οὕτως,
1348 267 1377 294 ’0
1393 268 1592 304 ὑποδεξάμενός
1609 279 1670 297 τινα
1686 272 1829 308 ἐνεχόμενον

1050 312 1207 348 ἐγκλήματι
1221 313 1250 340 ὲν
1265 314 1378 348 είδήσει,
1392 315 1442 349 τὴν
1459 316 1547 351 αὐτὴν
1561 317 1743 353 ὑποστήσεται
1756 328 1831 355 τιμω-

1054 358 1125 393 ρίαν.
1146 359 1175 385 Ὁ
1193 358 1222 385 δὲ
1237 359 1436 396 ὑποδεξάμενος
1453 362 1557 398 λῃστὰς
1577 363 1624 389 καὶ
1647 364 1685 400 μὴ
1703 373 1827 400 προσαγα-

1050 405 1107 438 γὼν
1127 404 1226 437 αὐτοὺς
1247 405 1427 443 δικαστηρίῳ,
1451 408 1622 443 δημευέσθω,
1638 409 1655 445 ἢ
1671 411 1830 446 τιμωρείσθω

1050 451 1123 478 κατὰ
1135 452 1184 488 τὴν
1200 452 1330 487 ποιότητα
1342 453 1390 480 τοῦ
1405 454 1566 490 προσώπου,
1583 455 1620 487 ὡς
1637 456 1670 483 ἃν
1682 457 1695 483 ό
1710 456 1830 493 δικαστὴς

1052 498 1156 534 συνίδῃ.
1177 499 1206 526 '0
1223 498 1260 531 ις’
1272 500 1325 528 τίτ,
1348 499 1396 527 τοῦ
1410 500 1453 536 μζ⁷
1466 501 1539 536 βιῦλ.
1555 502 1608 528 τῶν
1622 502 1692 530 διὰτ.
1710 503 1785 539 ἐτέθη
1797 505 1831 536 είς

1051 552 1115 578 κεφ.
1131 543 1154 571 α’
1169 545 1214 571 τοῦ
1228 545 1310 573 αὑτοῦ
1328 545 1370 578 κζ’
1386 547 1438 574 τίτ.
1456 548 1504 574 τοῦ
1516 547 1536 580 ξ’
1550 547 1620 583 βιὸλ,
1637 549 1685 575 καί
1697 557 1784 584 φησιν·
1804 550 1830 576 'U

1052 590 1194 626 ὑποδοχεϊς
1211 591 1266 618 τῶν
1284 592 1390 628 λῃστῶν
1406 593 1443 625 ὡς
1457 593 1555 629 λῃσταὶ
1576 594 1769 630 τιμωροῦνται,
1791 596 1832 622 καὶ

1050 636 1076 662 oi
1093 636 1238 671 δυνάμενοι
1253 638 1391 674 κρατῆσαι
1407 639 1470 671 τοὺς
1484 638 1585 675 λῃστὰς
1598 640 1644 666 καὶ
1661 641 1832 673 ἀπολύσαντες

1051 682 1183 718 χρήματα
1208 682 1348 716 λαϐόντες,
1364 684 1381 720 ἢ
1397 685 1481 720 μέρος
1495 685 1550 712 τῶν
1573 685 1783 721 λῃπευθέντων.
1799 687 1833 714 Th

1052 727 1074 763 β’
1098 729 1169 756 διάτ.
1185 729 1232 757 τοῦ
1250 734 1288 762 ις’
1302 730 1355 757 τίτ.
1377 730 1427 758 τοῦ
1446 730 1490 766 μζ’
1511 731 1582 767 βιὸλ.
1605 732 1660 759 τῶν
1681 733 1831 766 διατάξεων,

1051 774 1108 800 εστι
1122 783 1184 810 κεφ.
1201 774 1223 810 β’
1234 776 1281 802 τοῦ
1295 776 1424 812 ῥηθέντος
1439 777 1480 810 κζ’
1497 778 1550 805 τίτ.
1568 778 1616 805 τοῦ
1631 777 1652 811 ξ’
1673 779 1742 813 βιδλ,
1756 779 1834 812 οὕτως

1051 819 1112 855 ἔχον
1128 821 1217 856 ῥητῶς
1237 821 1275 853 ὡς
1291 823 1410 858 ἐγράφη.
1430 823 1580 858 Ἀνάγνωθι
1604 825 1696 852 καὶτὸ
1717 825 1737 852 δ’
1759 826 1835 853 αὑτοῦ

1052 874 1114 901 κεφ.
1130 867 1256 894 διδάσκον
1269 868 1328 900 πῶς
1342 869 1523 896 ἀποσπῶνται
1540 871 1565 896 οἱ
1580 871 1734 907 ὲνεχόμενοι
1745 873 1837 908 ἐγκλή-

1052 919 1129 946 μασι,
1156 911 1204 938 καὶ
1221 911 1406 948 διατρίϐοντες
1422 914 1450 940 ὲν
1466 915 1601 950 κτήμασι,
1625 916 1674 943 καὶ
1696 917 1736 944 ὅτι
1762 918 1785 944 εί
1803 917 1837 953 μὴ

1050 956 1152 983 διδόασι
1162 957 1275 990 τούτους
1285 959 1309 985 oi
1322 958 1451 987 δεσπόται
1464 960 1511 987 τοῦ
1523 962 1663 997 κτήματος
1673 962 1713 998 τῷ
1723 963 1838 999 ἄρχοντι,

1052 1002 1239 1038 στερίσκονται
1255 1003 1306 1039 τῆς
1321 1004 1481 1038 δεσποτείας
1496 1007 1590 1040 αὐτοῦ,
1606 1008 1653 1035 καὶ
1674 1009 1700 1035 οι
1716 1009 1838 1045 πρωτεύ-

1050 1056 1127 1080 οντες
1142 1049 1190 1075 καὶ
1214 1049 1240 1075 οἱ
1258 1052 1419 1086 φροντισταὶ
1438 1052 1533 1079 τούτου
1551 1052 1730 1089 ὲξορίζονται.
1755 1055 1790 1081 Σὺ
1813 1054 1839 1082 δὲ

1051 1093 1128 1129 ζήτει
1142 1095 1187 1121 τὸν
1202 1095 1263 1123 ὅλον
1292 1096 1334 1129 κζ’
1350 1097 1403 1125 τίτ.
1418 1098 1465 1125 τοῦ
1491 1098 1513 1131 ξ’
1536 1099 1608 1135 aiax.
1628 1101 1778 1136 ’Δνάγνωϐι
1797 1102 1839 1128 καὶ

1051 1140 1123 1176 βιὸλ.
1141 1140 1226 1169 α’τίτ.
1237 1141 1259 1178 β’
1275 1152 1338 1178 κεφ.
1353 1143 1390 1178 ις’,
1406 1143 1449 1180 κβ⁹
1466 1146 1512 1172 καὶ
1527 1146 1548 1172 ν1
1559 1147 1607 1174 καὶ
1622 1147 1696 1182 βιὸλ.
1713 1147 1734 1180 ξ’
1746 1147 1838 1174 τίτ.λθ’

1051 1195 1114 1221 κεφ.
1127 1187 1290 1216 τελευταῖον.
1309 1190 1530 1226 Διαλαμὸἀνουσι
1546 1193 1601 1229 γὰρ
1620 1194 1662 1220 ὅτι
1678 1194 1775 1229 ἐπίσης
1789 1195 1841 1224 τοῖς

990 1271 994 1277 θ
1051 1233 1201 1268 αίρετικοῐς
1217 1234 1266 1261 καὶ
1279 1236 1337 1267 τοῖς
1350 1236 1430 1272 γόησι
1445 1237 1607 1270 κολάζονται
1622 1239 1648 1266 oi
1661 1239 1760 1271 αὐτοὺς
1777 1239 1839 1265 ὑπο-

242 1325 320 1355 CAP.
350 1325 472 1355 XXXIV.
488 1341 522 1347 —-
538 1325 616 1359 Quod
641 1326 686 1361 qui
708 1326 798 1355 clerici
816 1328 1001 1365 ﬁdejuuiones

207 1373 283 1406 dant,
296 1373 473 1408 deponantur.

244 1420 441 1454 Apostolorum
458 1427 548 1449 canon
562 1421 608 1449 20.

244 1464 353 1492 Τιπιιιε.
371 1465 529 1494 Coustit.25
544 1473 571 1495 et
586 1468 622 1495 52
636 1469 678 1496 tit.
695 1469 712 1496 5
730 1467 798 1496 lib.)
816 1467 901 1496 Cod.:
916 1467 1001 1496 Cleri-

207 1518 265 1544 cos,
283 1514 350 1543 etc.,
367 1519 448 1546 usque
463 1513 498 1539 ad
512 1511 603 1542 facere
619 1514 693 1547 dlcit,
708 1518 738 1541 ut
750 1522 811 1549 pag.
831 1513 893 1542 794.

243 1600 390 1630 Scholium.
418 1603 537 1632 Constit.
560 1604 596 1633 25
610 1611 637 1634 ct
659 1606 694 1633 52
711 1605 753 1634 tit.
779 1606 797 1634 3
824 1606 872 1634 lib.
896 1606 1000 1640 )Cod.,

209 1655 263 1676 non
279 1653 344 1676 sunt
367 1650 462 1684 posita:
478 1651 505 1677 in
522 1651 606 1679 Basil.
628 1652 744 1681 Conslit.
773 1658 862 1681 autem
885 1653 903 1680 2
924 1654 966 1681 tit.
986 1654 999 1681 1

205 1694 398 1728 Novellarum,
415 1701 456 1723 est
471 1698 576 1724 novella
595 1697 741 1726 Iustiniani
759 1699 810 1726 1‘23
825 1699 913 1734 pOsita
929 1698 1002 1735 [quae

204 1740 259 1776 est]
275 1741 302 1768 in
332 1741 380 1768 lib.
410 1749 440 1769 ιιι
456 1741 552 1776 Basil.,
566 1743 617 1778 tit.
635 1746 661 1777 1,
681 1745 762 1780 cujus
784 1746 819 1773 44
836 1750 863 1772 ct
883 1745 919 1773 45
934 1749 999 1781 ‘cap.

206 1787 280 1814 circa
296 1787 376 1814 ﬁnem
388 1788 666 1825 dicuntquaacunque
681 1799 696 1818 a
711 1791 810 1819 Photio
826 1792 854 1818 in
866 1800 998 1828 compen-

205 1832 252 1859 dio
267 1833 407 1866 proposita
435 1840 506 1861 sunt.
524 1834 660 1863 Cancrum
686 1845 748 1871 qua»:
769 1838 869 1873 scripta
893 1842 957 1865 sunt
973 1839 999 1866 in

207 1878 377 1912 expositione
390 1879 426 1905 20
439 1881 554 1908 canonis
583 1887 741 1910 sanctorum
754 1884 950 1918 apostolorum,
967 1885 1001 1912 ad

207 1923 373 1951 solutionem
403 1926 592 1960 ambiguitatis
625 1935 688 1962 qua:
718 1929 752 1956 de
776 1929 1000 1963 lidejussionibus

205 1970 398 2005 episcoporum
420 1977 447 1999 et
471 1971 640 2000 clericorum
661 1973 812 2008 inducitur,
827 1975 966 2003 sulliciuut
990 1985 998 2005 :

208 2023 270 2052 qua:
285 2016 368 2052 legas.

241 2073 318 2103 CAP.
331 2074 441 2103 XXXV.
461 2092 496 2097 —
513 2076 550 2104 De
567 2077 681 2112 clericis,
701 2080 747 2114 qui
769 2080 796 2106 in
809 2087 942 2115 caupona,
962 2081 1000 2109 vel

207 2121 313 2156 publica
325 2122 471 2149 diversorio
483 2122 569 2150 cibum
581 2125 700 2159 capiunt.

243 2167 438 2203 Apostolorum
453 2176 541 2197 canon
553 2169 588 2197 54
601 2178 608 2203 ;
620 2171 729 2199 concilii
748 2171 896 2201 Laodiceni
911 2181 998 2203 canon

1051 1277 1191 1314 δεχόμενοι
1204 1280 1252 1307 καὶ
1267 1282 1515 1316 συγκαλὺτιτοντες.

1087 1337 1213 1365 ΚΕΦΑΛ.
1225 1337 1394 1374 ΑΔΕ-Περὶ
1406 1340 1460 1368 τοῦ
1473 1341 1679 1376 καθαιρεῖσθαι
1694 1341 1764 1376 τοὺς
1774 1330 1841 1376 κληῖ

1049 1383 1155 1418 ρικοὺς
1169 1384 1311 1420 διδόντας
1324 1386 1445 1422 ἐγγύας.

1095 1429 1266 1458 ’Λποστόλων
1283 1433 1372 1459 κανὼν
1387 1432 1422 1460 κ’.

1089 1477 1241 1511 Κείμενον.
1265 1477 1298 1505 Ἢ
1318 1482 1358 1506 κε’
1375 1480 1422 1506 καὶ
1434 1479 1475 1515 λβ’
1492 1480 1561 1509 διάτ.
1578 1481 1626 1508 τοῦ
1650 1481 1676 1517 γ’
1692 1482 1745 1509 τίτ.
1762 1481 1808 1509 τοῦ
1821 1481 1842 1511 α’

1054 1521 1126 1558 sisi.
1143 1523 1190 1550 τοῦ
1205 1523 1281 1558 κώδ.,
1302 1533 1330 1552 κ.
1345 1534 1370 1553 τ.
1387 1525 1424 1558 λ..
1441 1535 1527 1562 usque
1541 1528 1574 1556 ad
1590 1529 1664 1564 μήτε
1682 1530 1769 1556 ποιεῖν
1783 1529 1843 1564 ὁμο-

1052 1567 1100 1602 λογ
1105 1567 1155 1595 ίαν.

1088 1614 1269 1648 Σχόλιον.Ἦ
1283 1618 1322 1642 κε’
1336 1615 1382 1642 καὶ
1397 1616 1436 1652 λβ¹
1450 1617 1520 1645 διάτ.
1536 1617 1583 1645 τοῦ
1602 1618 1626 1653 γ’
1641 1620 1696 1646 τίτ.
1711 1619 1759 1646 τοῦ
1773 1623 1796 1647 α’
1806 1619 1845 1655 βι-

1054 1657 1096 1685 ϐλ.
1110 1657 1158 1686 τοῦ
1171 1658 1236 1686 κώδ.
1250 1660 1300 1687 οὐκ
1316 1661 1448 1696 ἐτέθησαν
1458 1663 1497 1694 είς
1507 1663 1651 1692 Βασιλικά.
1662 1666 1694 1692 Ἡ
1703 1666 1732 1692 δὲ
1745 1665 1767 1701 β’
1779 1665 1846 1692 διάτ.

1052 1703 1100 1730 τοῦ
1116 1703 1140 1731 α’
1153 1704 1205 1732 τίτ.
1229 1705 1283 1733 τῶν
1305 1707 1429 1742 Νεαρῶν,
1453 1708 1510 1735 ἔστι
1527 1710 1612 1745 νεαρὰ
1634 1711 1847 1742 Ἰουστινιάνειος

1054 1750 1115 1787 ρκγ¹
1130 1751 1244 1788 κειμένη
1271 1753 1299 1780 ὲν
1324 1753 1395 1788 βιὸλ.
1419 1754 1443 1788 γ’
1456 1755 1510 1781 τῶν
1525 1756 1684 1784 Βασιλικῶν
1701 1758 1754 1786 τίτ.
1769 1757 1791 1784 α’
1806 1757 1849 1784 καί

1053 1805 1120 1831 φησι
1136 1797 1166 1824 τὸ
1192 1798 1234 1832 μδ¹
1250 1807 1311 1833 κεφ.
1335 1799 1383 1826 καὶ
1409 1799 1449 1835 με’
1464 1801 1546 1827 αὑτοῦ
1570 1803 1638 1838 περὶ
1663 1802 1699 1830 τὰ
1722 1803 1787 1838 τέλη
1803 1804 1848 1829 ὅσα

1053 1842 1263 1880 συνωψίσθησαν
1288 1845 1364 1880 παρὰ
1392 1845 1439 1873 τοῦ
1470 1847 1654 1883 πατριάρχου.
1688 1849 1730 1877 Τὰ
1761 1850 1851 1884 μέντοι

1051 1889 1194 1924 γραφέντα
1215 1891 1254 1922 είς
1271 1891 1420 1926 ἑρμηνείαν
1436 1892 1483 1919 τοῦ
1506 1892 1530 1919 κ’
1552 1894 1669 1926 κανόνος
1694 1895 1750 1922 τῶν
1767 1895 1850 1929 ἁγίων

1051 1935 1209 1963 ἀποστόλων
1231 1937 1363 1972 ἀρκοῦσιν
1379 1939 1419 1970 είς
1442 1939 1620 1968 διευλύτωσιν
1634 1942 1688 1977 τῆς
1702 1941 1851 1976 εἰσαγομέ-

1051 1989 1100 2017 νης
1116 1982 1283 2017 ἀμφιϐολίας
1299 1984 1379 2020 χάριν
1400 1984 1456 2012 τῶν
1481 1986 1589 2020 ἐγγυῶν
1606 1987 1665 2015 τῶν
1681 1988 1850 2019 ἐπισκόπων,

1051 2030 1099 2056 καὶ
1113 2029 1167 2057 τῶν
1182 2031 1334 2067 κληρικῶν·
1349 2032 1397 2059 καὶ
1412 2033 1549 2067 ἀνάγνωθι
1561 2034 1665 2063 ταῦτα.

1087 2087 1212 2116 ΚΕΦΛΛ.
1230 2087 1293 2115 ΛΕ¹.
1309 2104 1345 2109 -
1359 2090 1430 2124 Περὶ
1457 2091 1610 2125 κληρικῶν
1635 2093 1806 2122 ἐσθιόντων
1819 2092 1851 2119 ἑν

1050 2133 1214 2166 καπηλείῳ,
1231 2133 1250 2167 ἢ
1265 2134 1445 2168 πανδοκείῳ.
1677 2168 1682 2172 _

1093 2178 1264 2205 ’Δποστόλων
1290 2179 1380 2207 κανὼν
1396 2180 1450 2208 νδ¹·
1475 2182 1587 2216 συνόδοιι
1610 2183 1783 2215 Λαοδικείας
1806 2191 1851 2209 κει-

207 2214 260 2247 24;
277 2214 385 2242 concilii
400 2214 626 2251 Cartliaginensis
639 2225 727 2246 canon
742 2218 794 2252 40;
807 2220 915 2248 concilii
929 2221 998 2249 sexti

1058 2221 1105 2249 θὼν
1115 2223 1153 2250 κδ’
1163 2231 1170 2238 ·
1185 2224 1294 2251 συνόδιυ
1310 2226 1506 2263 Καρθαγέννης
1519 2214 1610 2257 κανὼν
1629 2229 1657 2266 μ’
1669 2238 1676 2245 '
1696 2214 1807 2261 συνόδου
1816 2229 1851 2261 ς’.

206 2267 295 2286 canon
310 2259 337 2287 9.

245 2304 355 2333 Teutas.
373 2306 491 2335 Constit.
520 2307 554 2335 M
569 2307 610 2336 tit.
624 2309 653 2344 J
670 2308 844 2340 Novellarum
862 2311 911 2345 ait,
927 2312 1000 2348 quod

208 2352 386 2387 monachum,
407 2358 474 2388 etc.,
490 2362 570 2389 usque
584 2355 619 2382 ad
634 2363 730 2384 curare
746 2356 878 2394 [debere],
898 2363 927 2386 ut
936 2367 998 2396 pag.

210 2397 273 2425 795.

244 2443 392 2472 Scholium.
408 2445 503 2474 Const.
534 2445 568 2474 14
584 2447 626 2474 tit.
646 2447 658 2474 1
680 2446 867 2482 Novellarum,
886 2455 929 2480 est
950 2459 1000 2479 no-

210 2490 280 2518 vclla
291 2489 441 2518 Justiniani
460 2492 521 2524 153,
539 2493 627 2527 posita
645 2492 718 2529 [qum
730 2493 783 2530 est]
801 2495 828 2522 in
842 2495 888 2522 lib.
903 2503 931 2523 tv
947 2496 999 2523 Ba-

211 2537 268 2571 sil.,
283 2537 328 2564 tit.
347 2537 374 2570 1,
388 2544 449 2573 cap.
463 2538 506 2571 16,
518 2539 590 2574 quod
607 2539 648 2567 sic
663 2540 753 2572 habet,
769 2543 998 2575 quemadmodum

210 2584 237 2611 in
255 2584 418 2619 compendio
435 2585 606 2620 propositum
621 2591 672 2615 est.
689 2586 801 2620 Qum-as
819 2587 906 2625 [vero]
918 2589 1000 2618 etiam

209 2635 369 2659 sanctorum
383 2632 570 2666 apostolorum
583 2640 715 2660 cunonem
728 2633 763 2660 42
777 2638 805 2661 ct
817 2634 862 2662 45.
901 2674 903 2676 ι
968 2672 973 2676 1

242 2687 320 2717 CAP.
333 2687 457 2716 XXXVI.
476 2704 513 2710 —
528 2688 566 2716 De
580 2690 683 2717 clericis
693 2691 1000 2726 imperatorem.el.isro-

207 2742 281 2769 pum,
299 2734 489 2770 magistratum
499 2739 546 2763 aut
563 2736 746 2770 presbyterum
759 2739 918 2765 contumelia
938 2740 1000 2774 affi-

208 2781 347 2811 cientibus.

243 2836 436 2870 Apostolorum
450 2844 538 2865 canon
555 2837 599 2870 55,
616 2838 661 2871 56,
674 2839 718 2866 84.

246 2880 355 2908 Teum.
373 2882 410 2909 De
425 2884 532 2911 clericis
547 2885 712 2912 (oiiwiiielia
725 2885 915 2920 allicieutibus,
931 2894 998 2922 etc..

1053 2268 1143 2295 κανὼν
1157 2269 1189 2296 0'.

1087 2314 1244 2349 Κείμενον.
1266 2316 1299 2343 Ἦ
1326 2317 1356 2344 ιδ’
1381 2317 1452 2345 διάτ.
1475 2319 1522 2346 τοῦ
1540 2323 1566 2348 α’
1587 2320 1646 2350 τίτ.
1667 2323 1727 2349 τῶν
1743 2322 1853 2357 Νεαρῶν

1051 2368 1136 2395 φησιν
1149 2361 1190 2388 ὅτι
1204 2362 1250 2390 τὸν
1266 2363 1429 2399 μοναχὸν,κ.
1446 2373 1471 2392 τ.
1488 2366 1525 2400 λ.,
1542 2374 1634 2402 usque
1647 2369 1682 2397 ad
1695 2370 1721 2395 οἱ
1737 2369 1852 2404 ὕπαρχοι

1051 2407 1099 2432 καὶ
1117 2407 1141 2433 οί
1158 2407 1298 2444 ἄρχοντες.

1085 2452 1226 2486 Σχόλιον.
1236 2454 1267 2480 'H
1281 2454 1313 2481 ιδ’
1327 2455 1398 2483 διάτ.
1414 2456 1461 2483 τοῦ
1475 2461 1500 2484 α’
1513 2458 1567 2486 τίτ.
1585 2459 1647 2486 τῶν
1659 2460 1790 2496 Νεαρῶν,
1799 2461 1852 2489 ἐστι

1052 2500 1139 2532 νεαρὰ
1158 2498 1371 2533 Ἰουστινιάνειος
1395 2503 1463 2538 ρλγ’.
1487 2505 1611 2541 Κειμένη
1635 2508 1668 2533 ὲν
1685 2508 1743 2543 βιὸ,
1760 2509 1781 2534 δ’
1803 2507 1854 2534 τῶν

1052 2543 1206 2572 Βασιλικῶν
1227 2547 1280 2573 τίτ.
1304 2551 1338 2581 α’,
1361 2556 1424 2583 κεφ.
1449 2553 1498 2583 ις’,
1522 2551 1613 2584 οὕτως
1631 2552 1728 2588 ἔχοντι
1743 2553 1781 2586 ὡς
1796 2561 1854 2579 συν-

1051 2590 1171 2625 ωψίσθη.
1188 2593 1243 2619 Καὶ
1258 2593 1397 2628 ἀνάγνωθι
1411 2595 1500 2622 τοῦτο.
1517 2597 1600 2632 Ζήτει
1619 2601 1671 2626 καὶ
1686 2600 1791 2628 κανόνα
1804 2598 1854 2625 τῶν

1051 2637 1137 2672 ἁγίων
1152 2638 1310 2666 ἀποστόλων
1325 2640 1380 2676 μβ’,
1397 2644 1453 2677 pq".

1090 2695 1215 2722 ΚΕΦΑΛ.
1237 2695 1310 2729 aq'.
1338 2711 1371 2717 —-
1394 2698 1464 2732 Περὶ
1489 2698 1649 2733 κληρικῶν
1675 2700 1855 2736 ὑϐριζόντων

1049 2740 1193 2774 βασιλέα,
1221 2742 1241 2776 ἣ
1265 2742 1445 2778 ἐπίσκοπον,
1469 2744 1488 2779 ἢ
1511 2744 1664 2780 ἄρχοντα,
1685 2747 1706 2780 ἢ
1726 2746 1853 2781 πρεσϐύ-

1052 2795 1148 2821 τερον.

1093 2845 1262 2873 Ἀποστὸλων
1280 2847 1369 2874 κανὼν
1383 2847 1431 2881 νε¹,
1446 2852 1501 2882 νς¹,
1518 2849 1570 2877 πδ’.

1087 2892 1243 2926 Κείμενον.
1262 2893 1363 2926 Ὶδικῶς
1378 2895 1427 2929 μὲν
1445 2888 1508 2931 περὶ
1525 2896 1673 2932 κληρικῶν
1689 2899 1852 2935 ὑϐριζόντων
