1951 3048
128 153 195 186 1137

516 152 758 184 NOMOCANON.
777 164 813 171 -
831 152 906 182 ΤΙΤ.
926 152 934 182 ]

999 151 1078 182 CAP.
1098 149 1388 181 XXXIV‘XXXVII.
1425 146 1428 152 ’

1699 148 1767 181 1138

127 212 139 238 6
154 210 294 242 πολιτικὸς
307 210 400 245 νόμος,
420 218 449 239 κ.
465 217 491 237 τ.
505 208 544 241 λ.,
561 216 650 244 usque
669 208 703 236 ad
717 203 852 243 λεγόντων
875 216 917 234 τι·
932 234 934 239 λ

989 215 1050 243 sque
1068 206 1169 234 adulib.
1188 213 1227 238 ix,
1244 206 1284 233 tit.
1301 205 1336 232 36
1352 203 1467 241 [docet],
1483 208 1511 232 ut
1523 213 1610 240 supra
1624 213 1685 241 pag.
1700 205 1764 233 795.

128 258 179 289 σὶν.
195 256 233 286 ὡς
249 256 318 291 βιὸλ.
339 256 363 283 θ’
376 255 428 283 τίτ.
446 256 501 288 λς’.

164 302 307 342 Σχόλιον.
335 301 369 328 'H
382 300 407 327 α’
424 301 494 328 διάτ.
509 300 556 328 τοῦ
572 300 594 333 ζ’
610 301 664 329 τίτ.
682 300 730 327 τοῦ
743 300 765 327 θ’
785 299 855 336 βιὸλ.
872 298 920 326 τοῦ

128 348 205 380 κώδ.,
227 348 286 374 ἔστι
303 346 373 382 βιϐλ.
387 346 410 380 ξ’
422 347 475 374 τίτ.
502 346 546 379 λς’
564 355 627 381 κεφ.
647 350 681 380 ιγ’
698 345 784 377 οὕτως
807 345 868 380 ἔχον
881 344 919 377 ὡς

129 393 297 429 συνωψίσθη.
317 393 354 419 Τὸ
377 391 402 419 α’
417 392 488 420 διάτ.
511 392 559 419 τοῦ
575 391 597 418 δ’
618 392 672 419 τίτ.
696 391 743 418 τοῦ
762 394 807 426 μη¹
836 389 919 425 βιὸλη

127 439 184 466 ἔστι
201 439 273 474 θέμα
297 438 318 473 β’
334 437 424 473 τοῦ-η’
441 447 503 473 κεφ.
530 438 578 465 τοῦ
600 436 645 470 λς’
659 437 713 464 τίτ.
739 436 787 463 τοῦ
803 436 824 468 ξ’
851 435 919 471 βιὸλ.

128 485 311 521 διαλαμϐάνον
328 485 418 520 ῥητῶς
432 485 483 512 ὅσα
502 486 543 517 είς
554 485 585 511 τὸ
599 484 728 519 κείμενον
748 483 920 518 ἐγράφησαν.

130 532 286 567 Σημείωσαι
295 528 342 558 οὖν
355 532 402 558 καὶ
410 531 557 566 ἀμφότερα
571 530 634 564 ξένα
647 530 723 561 ὅντα,
737 529 784 556 καὶ
799 529 922 564 χρήσιμα.

129 579 199 606 κατὰ
214 577 293 605 πολύ.
316 578 346 604 Ὀ
361 580 377 604 ι’
394 577 447 604 τίτ.
482 576 528 604 τοῦ
552 576 596 611 μζ¹
613 576 683 611 βιὸλ.
701 575 756 602 τῶν
771 574 922 607 διατάξεων

129 625 208 660 ἐτέθη
223 625 263 655 εἰς
278 624 332 651 τίτ.
347 622 391 650 κα¹
405 622 452 650 τοῦ
469 621 489 655 ξ’
506 622 561 658 βιϐ.
576 622 631 649 τῶν
654 620 807 649 Βασιλικῶν
823 619 853 652 ἐξ
873 619 923 646 αὐ-

128 670 178 706 τῆς
199 670 308 705 ἀρχῆς,
337 670 386 696 καὶ
408 669 486 704 ζήτει
512 676 575 702 κεφ,
599 668 716 703 διάφορα
742 665 838 693 τούτου
859 665 923 699 περὶ

129 716 247 752 ὕϐρεων,
266 715 314 742 καὶ
327 714 477 750 φαμούσων
490 714 680 749 διαλεγόμενα.
705 713 742 739 Τὸ
759 712 784 740 α’
799 720 860 746 κεφ.
875 710 924 738 τοῦ

128 761 211 789 αὑτοῦ
236 761 288 787 τίτ.
304 761 378 794 λέγει
402 760 489 787 ταῦτα
510 759 610 795 ῥητῶς.
632 758 752 790 Γενικῶς
769 758 818 792 μὲν
845 756 924 792 ὕϐρις

128 809 237 843 λέγεται
251 808 282 834 τδ
297 807 466 843 παράνομον,
480 805 573 836 ίδικῶς
590 804 619 831 δὲ
632 805 649 840 ἡ
667 803 865 839 περιφρόνησις
877 802 925 829 καὶ

128 856 145 890 ἡ
161 855 249 890 ζημία
265 854 304 886 ὼς
321 853 368 880 ἐπὶ
382 852 430 879 τοῦ
445 851 610 884 Ἀκουιλίου,
627 850 675 877 καὶ
687 851 705 885 ἡ
721 849 814 877 ἀδικία
828 849 865 881 ὡς
879 849 925 874 ἐπὶ

1006 299 1153 328 Scholium.
1172 299 1288 327 Constit.
1312 299 1326 326 1
1352 299 1394 326 tit.
1423 298 1438 325 7
1463 298 1511 325 lib.
1530 306 1557 326 Ix
1575 298 1642 327 Cod.
1657 303 1701 327 est
1717 298 1765 326 lib.

969 353 1004 374 ιι
1035 345 1077 373 tit.
1102 344 1153 379 56,
1182 353 1243 379 cap.
1274 345 1327 377 15,
1358 345 1432 379 quod
1466 345 1556 376 habet,
1582 346 1720 380 quomodo
1739 345 1767 372 in

971 392 1134 427 compendio
1165 390 1337 426 propositum
1364 396 1415 418 est.
1443 389 1547 425 Digest.
1569 390 1585 416 7
1610 391 1653 417 tit.
1675 390 1693 417 4
1719 390 1767 417 lih.

971 445 1055 466 mnu
1074 442 1116 465 est
1139 437 1229 464 thema
1255 436 1273 463 2
1295 443 1355 471 cap.
1373 436 1389 463 8
1413 436 1455 463 tit.
1481 436 1516 463 56
1542 436 1591 464 lib.
1621 445 1666 470 ιτ,
1692 437 1767 471 quod

972 490 1103 519 expresse
1123 482 1324 517 complectitur,
1352 489 1521 516 quaecunque
1534 481 1561 508 in
1578 486 1653 509 textu
1667 482 1769 516 scripta

974 535 1048 559 sunt.
1074 529 1144 557 Nola
1167 529 1261 564 itaque
1285 533 1443 562 utrumque,
1465 532 1496 555 ut
1519 528 1720 560 admirandum,
1742 531 1770 557 et

974 583 1040 604 sane
1067 582 1149 610 quam
1170 573 1248 601 utile.
1274 573 1328 600 Tit.
1355 572 1388 600 t0
1409 573 1456 600 lib.
1482 581 1554 600 vau
1581 573 1642 608 Dig.
1663 573 1768 607 positus

973 624 1016 647 est
1035 620 1061 646 in
1080 619 1122 646 tit.
1138 618 1170 645 2i
1199 617 1247 645 lib.
1264 625 1298 644 ιι
1312 617 1396 645 Basil.
1415 618 1449 644 ab
1464 617 1552 650 initio,
1567 618 1648 652 cujus
1662 618 1770 645 diversa

975 665 1064 701 capita
1081 672 1188 700 qumras
1204 664 1237 692 de
1251 664 1360 698 injuriis
1373 668 1401 691 et
1413 663 1527 692 famosis
1540 663 1662 699 [libellis]
1680 664 1769 692 disse-

975 711 1073 739 rentia.
1097 710 1220 738 Primum
1245 714 1334 737 autem
1355 709 1477 744 ejusdem
1500 709 1542 737 tit.
1566 717 1628 744 cap.
1652 710 1711 737 haec
1737 709 1770 736 ad

974 756 1088 783 verbum
1119 754 1391 783 dicit:Generaliter
1419 754 1518 790 injuria
1552 755 1662 786 dicitur,
1691 754 1771 789 quid-

975 801 1041 837 quid
1058 809 1112 828 uon
1130 800 1193 835 jure
1211 800 1240 828 lit
1258 809 1264 828 :
1283 800 1440 835 specialiter
1460 801 1638 832 contumelia,
1653 805 1681 827 et
1694 800 1772 827 dam-

977 855 1042 874 num
1058 845 1150 882 [culpa
1163 845 1279 882 datum].
1296 850 1325 872 ut
1339 846 1364 873 in
1385 845 1468 882 [lege]
1480 846 1590 881 Aquilia
1608 855 1614 872 :
1631 851 1659 873 et
1671 845 1773 880 iniqui—

129 888 176 927 τοῦ
189 888 293 930 δδίκως
307 898 356 925 καὶ
377 897 545 932 παρανόμως
561 895 764 931 ψηφισαμένου.
774 894 803 920 '0
820 893 857 920 λε’
871 893 922 920 τίτ.

989 901 1029 926 as,
1046 898 1077 920 ut
1090 893 1116 919 in
1132 900 1166 920 eo
1178 892 1224 927 qui
1243 892 1334 927 inique
1349 896 1376 919 et
1389 892 1489 925 injuste
1509 892 1672 919 sententiam
1695 891 1772 918 dixit.

129 946 176 973 τοῦ
189 945 211 973 θ’
226 945 298 981 βιὸλ.
313 945 361 971 τοῦ
377 943 443 971 κώδ.
461 943 541 978 ἐτέθη
557 943 597 974 είς
611 951 676 977 κεφ.
694 944 740 976 μγ⁹
755 941 801 967 τοῦ
817 943 860 967 κα’
870 940 924 968 τίτ.

129 992 176 1019 τοῦ
192 991 213 1024 ξ’
234 991 289 1027 βιὸ.
307 990 396 1024 λέγον·
415 990 445 1015 '0
459 988 531 1016 κατὰ
544 987 728 1022 συκοφαντίαν
744 987 860 1022 κινήσας
876 985 926 1021 τὴν

131 1038 196 1074 περὶ
209 1037 316 1073 ὖὸρεως
331 1036 455 1071 ἀγωγὴν,
468 1035 485 1070 ἢ
501 1034 663 1071 ὲξορίζεται,
678 1033 697 1070 ἢ
707 1032 754 1060 τοῦ
772 1032 928 1068 ἀξιώματος

131 1085 312 1112 ἀποκινεῖται.
328 1083 384 1110 Καὶ
399 1084 413 1109 6
429 1081 473 1114 λς’
497 1082 550 1108 τίτ.
574 1080 621 1107 τοῦ
646 1079 730 1108 αὑτοῦ
747 1079 818 1115 βιὸλ.
839 1080 927 1106 κεῖται

131 1131 172 1161 είς
185 1129 237 1156 τίτ.
254 1128 293 1163 ξγ’
308 1129 354 1155 τοῦ
368 1128 388 1160 ξ’
407 1127 492 1163 βιὸλ.,
509 1126 556 1154 καί
572 1135 638 1162 φησι
651 1126 682 1152 τὸ
698 1128 723 1152 α’
744 1134 806 1160 κεφ.
822 1124 923 1151 ταῦτα·

132 1160 191 1208 Πᾶς
205 1177 219 1203 6
235 1160 372 1212 ευρίσκων
385 1160 522 1210 φλυαρίαν
536 1160 774 1210 ἐσφραγισμένην,
789 1171 805 1207 ἢ
822 1160 930 1206 ἀσφράέ

102 1232 109 1243 ι
133 1231 237 1257 γιστον,
252 1223 299 1248 καὶ
315 1221 353 1256 μὴ
368 1220 541 1256 παραχρῆμα
559 1220 646 1246 καίων
656 1240 664 1253 ,
686 1219 733 1245 καὶ
749 1218 817 1245 ἄλλα
830 1218 928 1251 ἀναγι-

121 1270 247 1304 ηνώσκων
263 1267 420 1296 ὑποκείσθω
442 1266 566 1302 τιμωρία
625 1274 678 1292 τινι
704 1265 834 1291 ὑπέκειτο
852 1264 900 1290 καὶ
915 1264 930 1290 6

133 1314 313 1347 συντεθεικὼς
341 1314 392 1349 τὴν
415 1313 561 1348 φλυαρίαν.
588 1311 643 1339 Καὶ
668 1319 732 1345 κεφ.
751 1311 773 1346 β’
794 1311 823 1337 ’0
841 1309 930 1345 εὑρὼν

135 1362 270 1396 φλυαρίαν
289 1360 384 1397 μηδενὶ
404 1360 491 1395 ἑτέρῳ
517 1358 621 1392 λεγέτω
639 1357 688 1392 τὴν
703 1357 818 1392 δύναμιν
833 1356 929 1390 αὐτῆς,

135 1407 206 1435 ἀλλὰ
229 1407 371 1443 διαρρήξει
397 1405 484 1440 αὐτὴν
512 1405 529 1440 ἢ
556 1404 670 1430 καύσειο
693 1402 707 1428 6
729 1402 758 1429 δὲ
785 1402 824 1437 μὴ
843 1402 932 1428 ταῦτα

137 1454 254 1488 ποιήσας
269 1452 402 1488 κεφαλικῇ
417 1451 542 1487 τιμωρίᾳ
565 1450 796 1486 ὑποὸληθήσεται.
806 1449 864 1479 Πᾶς
877 1447 932 1483 γαρ

137 1500 247 1535 Θαρρῶν
261 1499 335 1533 ἅπερ
350 1498 474 1525 ἑντὰττει
496 1499 526 1524 ὲν
540 1499 576 1533 τῇ
599 1496 720 1532 φλυαρίᾳ
743 1494 933 1530 κατηγορείτω

138 1546 281 1580 γινώσκων
298 1545 340 1572 ὅτι
365 1545 415 1571 ἐὰν
444 1544 584 1579 ἀποδείξῃ,
617 1543 701 1578 τιμῆς
731 1541 866 1574 ἀξιοῦται,
895 1540 970 1589 μὴϐ

138 1591 284 1624 ἀποδείξας
301 1591 330 1618 δὲ
344 1591 518 1626 τιμωρεῖται.
541 1589 570 1616 ’0
583 1589 612 1616 δὲ
626 1587 747 1619 τοιοῦτος
762 1587 867 1622 χάρτης
883 1586 938 1620 τὴν

141 1636 203 1663 καθ’
215 1634 246 1664 οὗ
261 1636 341 1671 ἐτέθη
356 1635 492 1670 ὑπόληψιν
507 1636 544 1670 μὴ
563 1634 661 1670 βλάψῃ.
686 1633 715 1660 '0
727 1633 755 1659 δὲ
771 1633 791 1658 δ’
812 1632 869 1658 τίτ.
886 1631 935 1666 τῆς

140 1683 160 1710 δ’
182 1682 411 1713 Ἰνστιτουτιῶνος
429 1683 479 1709 οὐκ
500 1681 580 1716 ἐτέθη
599 1681 648 1715 μὲν
664 1681 705 1711 εὶς
728 1679 765 1706 τὰ
791 1677 935 1708 Βασιλικὰ.

140 1730 210 1764 φησὶ
223 1730 252 1756 δὲ
262 1729 312 1764 τὴν
335 1729 400 1764 περὶ
422 1728 528 1764 ὕϐρεως
552 1727 666 1761 ἀγωγὴν
689 1726 735 1753 καὶ
758 1723 937 1760 χρηματικῶς

143 1777 191 1802 καὶ
206 1775 420 1810 ὲγκληματικῶς
445 1774 590 1801 κινεῖσθαι,
606 1773 644 1800 Τὸ
657 1773 678 1808 β’
695 1774 742 1800 καὶ
758 1771 785 1804 ς’
801 1772 873 1798 διάτ.
889 1770 937 1797 τοῦ

145 1822 166 1857 β’
183 1822 237 1848 τίτ.
250 1821 298 1848 τοῦ
314 1825 339 1856 γ’
356 1821 427 1856 βιὸλ.
440 1820 496 1847 τῶν
510 1819 660 1851 διατάξεων
683 1819 764 1853 ὲτέοη
775 1818 822 1845 ἀπ’
850 1816 938 1851 ἀρχῆς

143 1869 191 1895 τοῦ
209 1872 233 1894 α’
250 1877 314 1902 κεφ.
329 1867 376 1894 τοῦ
393 1868 415 1903 β’
428 1867 482 1894 τίτ.
496 1866 543 1893 τοῦ
555 1869 598 1892 κα¹
614 1865 685 1901 βιῦλ.
703 1865 757 1891 τῶν
773 1863 938 1891 Βασιλικῶν.

144 1915 202 1942 Καὶ
231 1913 308 1948 ζήτει
324 1915 442 1949 διάφορα
460 1922 524 1947 κεφ.
549 1912 597 1938 τοῦ
620 1910 704 1938 αὐτοῦ
723 1910 796 1946 βιϐλ.
822 1909 870 1937 καὶ
884 1909 938 1936 τίτ.

145 1961 284 1994 ἀνάγνωθι
296 1962 345 1988 καὶ
360 1964 383 1995 γ’
399 1960 471 1995 θέμα
484 1959 532 1986 τοῦ
549 1958 573 1985 α’
587 1967 650 1993 κεφ.
666 1957 714 1985 τοῦ
729 1956 813 1983 αὑτοῦ
828 1956 882 1982 τίτ.
893 1955 941 1982 καὶ

148 2008 219 2043 etsi.
235 2007 430 2042 καταστρωοὲν
445 2007 485 2038 είς
498 2006 530 2033 τὸ
542 2004 584 2037 κζ’
596 2013 659 2039 κεφ.
677 2003 725 2030 τοῦ
740 2003 873 2037 παρόντος
884 2001 939 2029 τίτ.

147 2054 212 2089 περὶ
224 2055 259 2081 τὰ
272 2054 352 2089 μέσα.

186 2099 312 2126 ΚΕΦΑΛ.
328 2099 390 2126 ΛΖ¹.
406 2112 442 2118 -—
457 2096 530 2132 Περὶ
542 2095 603 2123 τῶν
617 2095 786 2122 ποιούντων
806 2101 944 2127 συνωμοο

149 2145 219 2178 σίας
234 2145 254 2179 ἢ
270 2144 424 2179 φρατρίας.

186 2190 299 2217 Συνόδου
321 2189 494 2224 Χαλκηδόνος
517 2187 609 2214 κανὼν
625 2186 676 2222 ιη”
693 2186 804 2213 συνόδου
830 2184 941 2220 Καρθα-

150 2237 248 2271 γέννης
260 2235 350 2262 κανῶν
365 2237 419 2268 νγ¹·
435 2233 546 2260 συνόδου
562 2232 588 2265 ς’
604 2231 695 2258 κανὼν
711 2231 759 2257 λδ¹.

187 2282 341 2316 Κείμενον.
367 2280 422 2307 Καὶ
436 2280 450 2306 ὁ
467 2279 606 2309 πολιτικὸς
621 2278 703 2312 νόμος
717 2277 880 2312 τιμωρεῖται
896 2276 946 2307 τὰς

151 2328 297 2363 φρατρίας,
314 2327 361 2354 καὶ
375 2327 425 2358 τὰς
441 2324 625 2361 συνωμοσίας,
639 2323 677 2356 ὠς
693 2323 764 2359 βιῦλ.
780 2322 901 2359 μη’.τίτ.
913 2322 945 2356 δ’,

152 2376 200 2402 καὶ
213 2374 265 2401 τίτ.
278 2374 322 2406 ιθ’,
336 2373 407 2400 διάτ.
425 2372 460 2399 ια’
473 2372 522 2399 καὶ
537 2375 585 2404 ις’.

191 2422 329 2456 Σχόλιον.
348 2421 377 2447 'O
391 2420 411 2446 δ’
426 2419 481 2445 τίτ.
495 2417 550 2444 τοῦ
561 2420 605 2453 μη¹
623 2416 693 2452 βιὸλ.
711 2416 765 2442 τῶν
779 2415 850 2442 διάτ.
864 2413 946 2449 ὲτέθη

153 2470 193 2501 εἰς
206 2470 252 2495 τὸν
268 2467 311 2500 λς’
323 2468 375 2494 τίτ.
391 2466 437 2493 τοῦ
457 2465 477 2498 ξ’
493 2464 564 2500 βιϐλ.
580 2464 635 2490 τῶν
654 2461 817 2489 Βασιλικῶν.
833 2461 889 2488 Καὶ
902 2460 948 2495 ζή·

152 2525 194 2543 τει
213 2524 275 2549 κεφ.
297 2515 329 2542 δ’.
343 2513 425 2548 Λέγει
441 2512 495 2548 γὰρ
510 2511 591 2538 τοῦτο
607 2509 677 2546 μετὰ
691 2508 722 2535 τὸ
739 2509 827 2535 εἰπεῖν
842 2507 876 2534 τὰ
892 2506 946 2542 πρὸ

153 2562 239 2590 αὑτοῦ
268 2569 334 2595 κεφ.
350 2559 423 2591 τίνες
441 2558 580 2593 ἐνέχονται
598 2556 638 2592 τῷ
661 2556 725 2591 περὶ
754 2553 949 2584 καθοσιώσεως

154 2610 321 2644 ἐγκλήματι.
337 2606 424 2634 ταῦτα
440 2604 541 2641 ῥητῶς,
565 2603 612 2630 καὶ
634 2603 649 2629 6
673 2601 848 2636 συνωμοσίαν
876 2598 948 2627 κατὰ

153 2657 204 2691 τῆς
227 2653 367 2685 πολιτείας
382 2651 597 2687 παρασκευάσας
614 2648 753 2684 γενέσθαις
772 2648 820 2674 καὶ
849 2647 863 2673 6
887 2647 950 2672 ἐπι-

156 2701 304 2734 ϐουλεύσας
329 2701 359 2727 ὲν
382 2698 567 2734 στρατοπέδῳ,
592 2696 610 2732 ἢ
637 2696 693 2728 τοῖς
715 2694 858 2729 πολεμίοις
880 2691 951 2719 αὐτὰ

156 2748 285 2783 προδοὺς,
301 2747 348 2773 καὶ
363 2747 377 2772 6
393 2744 464 2772 κατὰ
478 2744 552 2770 δόλον
568 2742 719 2778 ἐμποδίσας
734 2738 950 2775 ὑπὸῬυ-μαίους

157 2791 285 2826 γενέσθαι
307 2791 370 2822 τοὺς
392 2789 558 2824 πολεμίους,
577 2787 594 2822 ἢ
621 2785 835 2821 παρασκευάσας
851 2785 950 2816 αὐτοὺς

158 2837 300 2873 βοηϐἧναι,
318 2834 456 2871 πλήθει,ἢ
471 2834 574 2866 ὅπλοις,
588 2833 605 2868 ἢ
621 2833 726 2864 ἵπποις,
743 2832 760 2867 ἢ
777 2831 916 2868 χρήμασιν
933 2830 950 2866 ἢ

159 2883 245 2919 ἑτέρῳ
256 2882 406 2918 οἱῳδῆποτε
421 2879 549 2917 τρόπῳ,ἧ
561 2879 624 2912 τοὺς
640 2878 735 2914 φίλους
747 2877 798 2913 τῆς
813 2877 952 2909 πολιτείας

977 940 1032 968 Tit.
1055 940 1090 967 55
1105 939 1151 966 lib.
1165 947 1191 966 Ix
1203 939 1271 966 Cod.
1294 938 1399 973 positus
1415 943 1457 966 est
1480 938 1506 965 in
1534 945 1594 972 cap.
1617 938 1652 964 43
1675 937 1716 964 tit.
1737 936 1769 963 2|

977 986 1023 1013 lib.
1040 993 1087 1017 ιιι,
1105 984 1179 1020 quod
1201 983 1355 1017 dicit:Qui
1377 984 1539 1018 injuriarum
1561 982 1697 1010 actionem
1726 988 1774 1015 per

977 1032 1144 1060 calumniam
1170 1031 1301 1062 instituit,
1319 1035 1367 1058 aut
1380 1030 1526 1065 relegatur,
1546 1034 1594 1057 aut
1609 1036 1624 1056 a
1643 1027 1776 1063 dignitate

979 1083 1131 1105 «movetur.
1157 1076 1213 1104 Tit.
1230 1077 1265 1104 56
1284 1075 1406 1111 ejusdem
1430 1076 1477 1103 lib.
1494 1075 1606 1110 positus
1631 1073 1711 1101 estin
1725 1072 1774 1100 lib.

979 1131 1025 1154 ιιι,
1040 1123 1080 1150 tit.
1097 1123 1142 1155 65,
1157 1123 1241 1157 cujus
1267 1122 1278 1148 I
1302 1129 1363 1157 cap.
1385 1122 1443 1149 haec
1465 1121 1532 1148 dicit
1546 1129 1553 1147 :
1569 1120 1733 1154 Quicunque
1745 1118 1776 1146 li-

980 1169 1081 1197 bellum
1096 1168 1230 1195 famosum
1244 1167 1419 1202 obsignatum
1438 1171 1485 1193 aut
1502 1174 1556 1193 non
1573 1165 1710 1200 signatum
1734 1171 1777 1190 re-

980 1215 1101 1251 periens,
1117 1221 1174 1240 non
1190 1213 1282 1241 statim
1304 1212 1500 1243 combuss-wit.
1516 1212 1563 1238 Sed
1579 1210 1674 1246 legerit
1688 1218 1696 1237 ι
1714 1209 1779 1237 sub-

979 1260 1071 1296 jaccto
1099 1267 1197 1294 poena,
1225 1266 1306 1294 quam
1334 1263 1432 1286 auctor
1462 1257 1522 1293 ejus
1551 1254 1779 1293 [deprehensus]

981 1306 1097 1335 subiret.
1123 1306 1156 1333 Et
1172 1313 1232 1339 cap.
1250 1305 1279 1333 2.
1298 1304 1350 1338 Qui
1373 1304 1494 1331 libellum
1522 1303 1657 1330 famosum
1673 1308 1781 1337 repere-

981 1352 1120 1392 rit,jnul|i
1143 1352 1221 1378 alteri
1245 1351 1299 1378 vim
1315 1351 1375 1386 ejus
1402 1350 1489 1377 dicito
1509 1359 1515 1377 :
1535 1350 1582 1377 sed
1603 1348 1780 1382 disrumpito,

982 1404 1030 1427 aut
1045 1398 1211 1426 comburito.
1230 1396 1283 1430 Qui
1299 1398 1351 1424 hoc
1367 1404 1421 1423 non
1437 1396 1542 1427 fecerit,
1559 1395 1667 1429 capitali
1694 1401 1781 1428 preme

984 1444 1188 1480 subjugahitur.
1220 1442 1293 1470 Sane
1315 1450 1379 1470 vero
1401 1442 1530 1478 quisque,
1553 1448 1614 1475 quae
1630 1441 1657 1468 in
1676 1439 1782 1471 tamoso

985 1491 1077 1518 libello
1105 1497 1206 1524 ponere
1229 1489 1304 1521 velit,
1332 1496 1394 1516 curti
1426 1487 1524 1514 ﬁducia
1550 1485 1782 1514 deferlozsciens

985 1536 1058 1572 quod
1088 1535 1111 1563 si
1140 1534 1209 1571 [illa]
1238 1534 1405 1569 probaverit,
1441 1533 1543 1560 honore
1565 1530 1740 1567 dignandus:
1760 1530 1782 1557 si

986 1591 1041 1610 non
1062 1581 1229 1617 probaverit,
1257 1580 1412 1615 puniendus
1427 1579 1490 1606 erit.
1507 1577 1663 1606 Istiusmodi
1693 1581 1782 1603 autem

987 1628 1105 1660 libellus,
1135 1626 1194 1662 ejus
1209 1627 1237 1653 in
1260 1634 1340 1661 quem
1369 1625 1460 1652 editus
1484 1629 1526 1651 est
1552 1622 1782 1650 existimationem

987 1682 1040 1702 non
1067 1672 1149 1700 laedit.
1174 1672 1229 1700 'l‘it.
1245 1672 1260 1698 7
1288 1670 1360 1708 [lib.]
1376 1679 1402 1697 IV
1415 1671 1505 1698 Instit.
1531 1677 1585 1696 non
1603 1673 1645 1696 est
1676 1666 1783 1703 positus

991 1720 1019 1747 in
1037 1719 1119 1746 Basil.
1140 1718 1210 1745 Dicit
1227 1723 1318 1745 autem
1334 1717 1496 1752 injurinrum
1513 1715 1650 1743 actionem
1666 1719 1693 1741 et
1706 1721 1787 1747 pccu-

989 1766 1075 1793 niarie
1088 1769 1116 1792 et
1128 1764 1307 1791 rriminalitcr
1325 1762 1438 1790 moveri.
1456 1761 1558 1796 Digest.
1587 1760 1605 1787 9.
1621 1765 1648 1787 et
1663 1759 1690 1791 6,
1704 1759 1746 1786 tit.
1768 1758 1785 1785 2

988 1812 1037 1838 lib.
1065 1819 1094 1838 III
1124 1810 1183 1845 Dig.
1210 1810 1300 1845 posita
1330 1813 1396 1836 sunt
1421 1808 1448 1835 in
1482 1807 1560 1834 initio
1584 1814 1644 1841 cap.
1669 1805 1680 1832 I
1709 1804 1751 1832 tit.
1773 1803 1791 1830 ἓ

990 1857 1038 1885 lib.
1054 1866 1101 1884 ut
1117 1856 1213 1888 Basi|.,
1230 1855 1310 1890 cujus
1323 1855 1447 1890 ejusdem
1465 1854 1506 1881 tit.
1521 1853 1628 1881 diversa
1640 1859 1699 1887 cap.
1709 1858 1785 1886 qum-

992 1912 1048 1936 ras,
1069 1911 1101 1931 ac
1128 1902 1235 1939 [simul]
1259 1903 1334 1937 legas
1355 1903 1445 1928 thema
1461 1901 1478 1927 5
1492 1908 1552 1934 cap.
1569 1900 1580 1927 I
1599 1899 1722 1932 ejusdem
1746 1898 1788 1924 tit.

992 1956 1019 1977 et
1040 1950 1099 1982 lib.,
1116 1951 1187 1984 quod
1214 1949 1347 1976 insertum
1371 1951 1413 1974 est
1427 1946 1463 1973 ‘27
1485 1953 1547 1981 cap.
1574 1943 1718 1980 praesentis
1744 1943 1786 1969 tit.

993 1997 1065 2024 circa
1084 1996 1216 2022 medium.

1029 2086 1106 2115 CAP.
1130 2084 1264 2113 XXXVII.
1283 2099 1316 2104 —
1342 2084 1379 2112 De
1401 2084 1434 2110 iis
1458 2082 1502 2119 qui
1523 2079 1718 2116 conjm'ationcs
1743 2082 1790 2105 aut

995 2134 1123 2169 factiones
1139 2132 1254 2167 faciunt.

1030 2179 1145 2206 Concilii
1164 2178 1397 2206 Chalcedonensis
1424 2184 1513 2205 canon
1530 2175 1580 2207 18;
1596 2172 1705 2202 concilii
1722 2172 1790 2200 Car-

960 2231 981 2259 ι]
997 2225 1162 2260 thaginensis
1181 2232 1268 2251 canon
1285 2223 1335 2256 53;
1356 2221 1464 2249 concilii
1479 2229 1505 2248 νι
1522 2227 1609 2247 canon
1624 2219 1669 2245 5L

1036 2274 1143 2301 Τρωίας.
1164 2271 1259 2299 Civilis
1272 2271 1353 2297 ctiam
1368 2270 1410 2296 lcx
1424 2268 1557 2296 factiones
1570 2271 1652 2300 atque
1663 2263 1792 2298 conjura-

999 2321 1086 2347 tiones
1096 2319 1188 2354 punit;
1201 2315 1431 2353 quemadmodum
1446 2313 1493 2340 lih.
1508 2313 1554 2344 48,
1569 2312 1611 2338 tit.
1623 2310 1640 2337 ό
1651 2314 1676 2337 et
1690 2310 1731 2337 tit.
1747 2308 1792 2341 19,

998 2367 1133 2401 digestum
1146 2365 1190 2396 II,
1203 2368 1231 2391 et
1243 2363 1290 2390 lib.
1309 2369 1354 2389 xu
1371 2359 1502 2397 [docent].

1035 2410 1182 2437 Scholium.
1207 2409 1262 2436 Tit.
1287 2409 1304 2435 4
1321 2408 1369 2434 lib.
1392 2413 1475 2433 vani
1499 2404 1558 2440 Dig.
1586 2402 1692 2438 positus
1708 2406 1750 2429 est
1766 2400 1794 2427 in

999 2457 1041 2485 tit.
1061 2456 1096 2484 36
1109 2457 1154 2483 lih.
1171 2463 1204 2482 1.x
1219 2454 1314 2485 Basil.,
1330 2453 1409 2487 cujus
1423 2452 1511 2486 Acnp.
1526 2457 1627 2484 (mare.
1645 2448 1688 2475 Ait
1702 2452 1793 2474 autem

1000 2505 1077 2533 illud.
1098 2507 1274 2538 posteaquam
1301 2500 1389 2534 ipsum
1405 2496 1585 2534 praecedentia
1597 2502 1666 2537 ξοην.
1682 2493 1794 2529 quinam

1001 2551 1072 2577 laesze
1096 2547 1247 2583 nujestatis
1266 2547 1382 2574 crimine
1403 2548 1559 2575 teneantur,
1585 2541 1714 2569 dixerunt
1739 2539 1798 2566 haec

1001 2597 1027 2623 in
1057 2597 1114 2623 haec
1132 2595 1237 2622 verba:
1253 2597 1279 2620 et
1294 2592 1341 2628 qui
1363 2591 1463 2624 etl'ecit,
1484 2596 1513 2618 ut
1528 2590 1661 2617 adversus
1685 2594 1795 2621 rempu-

1001 2643 1100 2671 blicam
1125 2642 1317 2676 conjuraretnr
1332 2647 1339 2666 :
1354 2644 1380 2667 et
1405 2639 1451 2674 qui
1480 2638 1507 2665 in
1536 2636 1656 2664 exercitu
1681 2633 1796 2661 insidias

1001 2689 1112 2720 struxit,
1127 2695 1224 2716 eumve
1238 2686 1363 2714 hostibus
1379 2685 1498 2721 prodidit
1511 2692 1518 2710 :
1531 2682 1612 2717 etqui
1623 2681 1685 2709 dolo
1699 2677 1796 2716 [mulo]

1003 2735 1135 2771 impediit,
1158 2734 1306 2769 quominus
1334 2733 1428 2760 hostes
1458 2731 1485 2758 in
1508 2733 1669 2765 potestatcm
1695 2726 1796 2752 Roma.

1002 2790 1100 2811 norum
1122 2781 1280 2808 devenirent
1296 2789 1302 2806 :
1319 2783 1366 2806 aut
1388 2778 1466 2811 cujus
1486 2783 1568 2811 opera
1595 2774 1687 2801 hostes
1710 2771 1799 2808 [com-

1003 2827 1121 2864 meatus]
1138 2827 1228 2863 copia,
1241 2826 1337 2859 armis,
1362 2825 1451 2860 cquis,
1469 2822 1596 2858 pecunia,
1614 2820 1702 2848 aliove
1717 2818 1798 2846 modo

1003 2875 1089 2912 adjuti
1121 2874 1243 2903 fuerint:
1260 2877 1307 2901 aut
1332 2880 1364 2901 cx
1393 2870 1548 2907 rcipublica:
1578 2867 1674 2895 amicis
1707 2866 1801 2894 hostes
