1951 3048
196 179 265 212 1139

764 180 897 210 ΡΗΟΤΙΙ
913 179 1165 209 ΡΑΤΗΙΑΗΟΙΙᾹΞ
1185 181 1241 210 CP.

1764 181 1823 215 1140

195 235 258 262 fecit.
274 243 281 261 :
298 239 343 262 aut
362 235 410 271 qui
425 234 575 269 lmpedivlt.
590 234 737 270 quominus
762 234 814 261 alia
845 230 919 260 natio
937 233 990 260 rei-

1049 233 1159 268 ὲχθροὺς
1181 235 1308 269 ποιήσας,
1330 235 1347 270 ἢ
1365 234 1490 266 κωλύσας
1506 235 1600 270 ἕτερον
1627 234 1702 266 ἔθνος
1719 235 1819 270 πειθαρ-

195 281 310 316 publica:
336 280 588 315 obtemperetmut
616 279 662 314 qui
689 279 788 310 etfecit.
814 284 844 306 ut
863 278 984 310 obsides,

195 327 328 360 pecuniae.
353 331 401 354 aut.
424 327 546 361 jumenta
571 326 694 353 hostibus
719 325 859 352 darentur.
883 324 984 358 Digest.

195 373 225 399 11
248 377 275 400 et
294 372 326 399 16
342 372 382 399 tit.
415 372 447 399 19
472 372 518 399 lib.
542 380 625 399 XLVIII
655 371 757 406 Digest.
779 375 822 398 cst
847 371 938 397 thema
970 369 987 396 5

194 427 255 454 cap.
277 419 307 446 11
327 419 368 445 tit.
384 419 414 446 51
431 419 478 446 lib.
499 426 545 451 ωε,
573 423 601 445 et
625 425 685 453 cap.
714 417 746 444 16
760 417 882 451 ejusdem
904 416 945 442 tit.
961 420 987 443 et

194 463 266 490 libri.
296 462 447 498 Utrumque
473 463 545 490 enim
570 470 618 490 eos
638 462 684 497 qui
710 461 914 498 conjurationes
941 464 989 487 aut

193 508 327 537 factiones
342 509 458 542 iaciunt,
473 509 563 544 punit.

228 601 305 629 CAP.
332 601 476 629 XXXVIII.
501 601 708 636 —Cujuamodi
732 600 829 628 delicta
853 601 989 628 ordinatio

193 647 292 674 diluat.

227 693 342 721 Coucilii
355 693 457 720 Nicaeui
473 700 560 721 canon
577 693 610 726 9;
626 694 735 720 concilii
751 694 887 729 Ancyrani
903 701 990 722 canon

194 739 245 771 1‘2;
263 745 289 767 et
308 747 369 775 quae
385 740 412 767 in
426 747 459 767 eo
479 747 494 766 a
511 739 590 767 nobis
605 740 706 775 scripta
720 745 792 768 sunt.

229 831 315 859 CAP;
331 831 452 859 XXXIX.
470 846 505 853 -—
520 831 558 859 De
576 832 744 867 paenitentia,
773 836 797 859 et
822 833 931 868 quinam
948 833 992 866 fa-

193 877 319 905 cultatem
345 878 459 905 habeant
478 878 565 905 dandi
579 878 764 913 pamitentibus
785 879 990 912 absolutionem,

191 929 216 951 et
240 924 311 960 quod
334 924 465 952 sacerdoti
486 924 563 951 liceat
583 925 702 951 minuere
715 928 740 952 et
759 933 854 960 augere
869 933 970 960 poenas.

227 1017 422 1053 ApOstolornm
454 1024 542 1044 canon
560 1017 605 1050 51,
624 1017 677 1050 52;
693 1017 801 1044 concilii
824 1016 926 1044 Nicmni
946 1025 992 1044 ca-

193 1069 246 1089 non
267 1062 309 1095 11,
326 1061 380 1095 12;
400 1061 509 1089 concilii
534 1062 672 1097 Ancyrani
702 1069 789 1089 canon
806 1061 831 1093 1,
843 1061 871 1091 2.
884 1062 911 1092 5,
925 1061 951 1093 4,
965 1062 992 1095 5,

193 1108 221 1140 (ς,
243 1108 268 1141 7,
287 1108 314 1141 8,
330 1107 364 1139 9;
381 1107 489 1135 concilii
505 1107 736 1134 Ncocu-sariensis
749 1114 836 1134 canon
858 1108 882 1140 1,
901 1107 929 1137 Ξ,
951 1107 992 1142 11,

196 1154 248 1183 121
263 1155 371 1181 concilii
388 1154 611 1189 Carthaginensis
628 1161 714 1181 canon
727 1153 752 1185 6.
771 1154 797 1185 7,
817 1153 862 1185 ‘27,
880 1154 925 1186 «I7,
941 1153 992 1186 £8;

193 1201 301 1228 concilii
312 1200 457 1228 Laodiccni
474 1208 562 1228 canon
574 1200 605 1231 2;
619 1200 726 1227 concilii
744 1201 811 1227 sexri
828 1201 991 1232 canun102;

192 1247 285 1275 Basilii
311 1255 399 1274 canor.
416 1247 443 1279 5,
466 1248 511 1280 54,
536 1248 582 1279 71,
608 1247 652 1279 75.
666 1246 711 1280 76,
730 1247 774 1279 8‘2,
789 1248 840 1280 84;
868 1247 991 1281 Gregorii

192 1293 308 1329 Nysseni
327 1301 415 1321 canon
431 1294 458 1324 '5,
476 1293 504 1324 4.
520 1293 546 1324 7,
564 1294 589 1321 8.

230 1340 338 1368 Temtus.
353 1340 470 1368 Constit.
485 1341 502 1367 5
515 1341 554 1367 tit.
569 1341 584 1368 7
599 1340 644 1367 lib.
659 1348 666 1367 1
682 1340 749 1367 Cod.
766 1351 770 1368 :
785 1340 912 1372 Sustulit,
928 1344 993 1383 etc,

193 1393 273 1420 usque
285 1387 465 1423 ad'revocare
481 1394 535 1413 non
549 1386 639 1418 liceat,
653 1391 680 1413 ut
692 1395 754 1421 pag.
767 1386 828 1414 8H.

228 1477 375 1505 Schn/ium.
398 1477 516 1506 Constit.
544 1478 561 1505 ’5
578 1478 618 1505 tit.
642 1478 658 1504 7
673 1478 719 1505 lib.
751 1486 757 1505 l
784 1478 851 1506 Cod.
874 1486 927 1505 non
954 1484 996 1508 est

192 1523 283 1558 posita
297 1523 324 1550 in
342 1523 438 1557 Basil.,
452 1531 609 1558 quanquam
627 1523 781 1551 istiusmodi
799 1525 838 1550 tit.
858 1524 883 1551 in
902 1524 948 1550 lib.
962 1531 996 1551 LX

1037 279 1120 314 χῆσαι
1144 280 1178 314 τῇ
1200 279 1341 316 πολιτείᾳ,
1366 280 1383 315 ἢ
1413 280 1629 315 παρασκευάσας
1648 281 1704 312 τοῖς
1725 280 1822 315 ἐχθροῖς

1037 325 1164 360 δεχθῆναι
1190 327 1312 361 ὁμήρους
1329 326 1345 361 ἢ
1366 327 1509 362 χρήματα,
1532 327 1549 362 ἢ
1579 326 1779 362 ὑποζύγιαύτδ
1794 331 1825 353 ια’

1039 373 1087 399 καὶ
1119 376 1156 404 ις’
1181 373 1253 400 διάτ.
1269 373 1316 400 τοῦ
1335 373 1366 400 ιϐ’
1384 373 1437 400 τιτ.
1459 373 1506 400 τοῦ
1540 376 1586 409 μη¹
1611 373 1682 409 βι6λ.
1700 373 1744 400 τοῦ
1759 374 1822 402 διάτ.

1039 419 1092 445 εἰσὶ
1105 419 1175 455 θέμα
1191 423 1216 454 γ’
1231 419 1278 446 τοῦ
1295 422 1330 446 ια’
1355 428 1418 454 κειρ.
1433 419 1481 446 τοῦ
1504 418 1544 446 να¹
1570 420 1624 447 τῑτ,
1647 420 1692 447 τοῦ
1717 420 1735 452 ξ’
1751 419 1824 455 βιϐλ.,

1039 465 1086 492 καὶ
1104 474 1167 500 κεφ.
1187 465 1226 498 ις’
1241 465 1289 492 τοῦ
1315 465 1398 492 αὐτοῦ
1423 465 1476 491 τιτ.
1494 466 1542 492 καὶ
1568 466 1640 500 βιϐλ.
1670 466 1723 492 Καὶ
1749 466 1823 501 ἄμφω

1040 511 1094 546 γὰρ
1119 512 1263 544 κολάζουσι
1289 513 1352 545 τοὺς
1383 512 1529 544 ποιοῦντας
1551 512 1601 543 τὰς
1624 511 1823 547 συνωμοσίαςῆ

1040 558 1188 593 φρατρίας.

1076 603 1204 632 ΚΕΦΑΛ.
1218 605 1324 632 AH’.—
1332 605 1406 633 Ποῖα
1418 604 1615 640 ἁμαρτήματα
1629 604 1696 632 λύει
1707 604 1726 638 ἡ
1738 609 1825 639 χειρο-

1042 650 1139 677 θρα-[α.

1079 697 1193 723 Συνόδου
1217 697 1335 730 Νικαίας
1358 697 1450 725 κανὼν
1476 697 1509 730 θ’,
1528 700 1576 724 καὶ
1590 697 1642 732 τῆς
1665 697 1694 723 ὲν
1715 696 1827 732 ’Ᾱγκύρᾳ

1043 741 1154 769 συνόδου
1178 742 1269 770 κανὼν
1285 743 1317 779 ιβ’
1333 745 1381 771 καὶ
1395 742 1430 770 τὰ
1446 743 1475 771 ἐν
1491 742 1567 778 αὐτῷ
1582 742 1647 778 παρ’
1665 743 1680 777 ἡ
1686 741 1742 777 μῶν
1764 742 1827 776 γρά-

1043 788 1139 824 φέντα.

1081 833 1206 861 ΚΕΦΛΛ.
1231 833 1295 861 AB’.
1322 850 1357 855 —
1380 834 1450 868 Περὶ
1479 833 1660 868 patara/ag,
1685 832 1732 859 καὶ
1754 833 1831 865 τίνες

1044 877 1149 904 ἄδειαν
1165 877 1272 912 ἔχουσι
1291 878 1407 905 διδόναι
1431 877 1616 913 μετα-νοοῦσι
1631 878 1830 912 καταλλαγὴν,

1044 925 1093 951 καὶ
1106 924 1150 950 ὅτι
1161 923 1264 956 ἔξεστι
1280 925 1320 958 τῷ
1332 925 1405 959 ἱερεῖ
1415 925 1523 960 μειοῦν
1539 923 1590 951 καὶ
1606 924 1712 956 αὔξειν
1725 924 1760 951 τὰ
1774 924 1832 951 ἐπι-

1044 971 1135 1005 τίμια.

1085 1018 1256 1045 Ἀποστόλων
1270 1017 1360 1045 κανὼν
1375 1018 1425 1050 va’,
1447 1017 1496 1053 νβ’·
1520 1018 1631 1045 συνόδου
1655 1017 1771 1048 Νικαίας
1785 1025 1832 1043 κα-

1045 1062 1098 1089 νὼν
1115 1062 1159 1093 ια’,
1179 1063 1228 1098 ιβ’·
1251 1063 1362 1090 συνόδου
1383 1063 1520 1098 Ἀγκύρας
1547 1063 1638 1090 κανὼν
1653 1062 1689 1095 α’,
1709 1062 1740 1098 β’.
1755 1063 1788 1096 Υ,
1802 1063 1831 1094 δ’,

1045 1112 1076 1141 ε’,
1091 1108 1128 1141 ς’,
1147 1108 1179 1142 ζ’,
1198 1112 1234 1144 η’,
1251 1109 1288 1135 θ’·
1313 1109 1423 1135 συνόδου
1447 1109 1668 1145 Νεοκαισαρείας
1695 1108 1782 1136 κανὼν
1798 1107 1830 1139 α’.

1044 1156 1080 1191 β’,
1100 1155 1145 1186 ια’,
1162 1156 1211 1191 ιβ”
1227 1155 1335 1182 συνόδου
1350 1155 1549 1191 Καρθαγέννης
1575 1155 1668 1182 κανὼν
1686 1159 1723 1188 ς’,
1739 1155 1770 1187 ξ’,
1784 1154 1832 1187 κζ’,

1048 1200 1103 1236 μγ¹,
1122 1204 1181 1236 μη’·
1202 1201 1312 1227 συνόδου
1329 1201 1489 1232 Λαοδικείας
1507 1200 1598 1227 κανὼν
1616 1200 1637 1235 β’
1648 1209 1655 1217 ·
1674 1201 1781 1227 συνόδου
1798 1198 1832 1232 ς’,

1046 1247 1137 1274 κανὼν
1168 1247 1226 1282 pg"
1245 1246 1387 1273 Βασιλείου
1415 1247 1507 1273 κανὼν
1524 1250 1554 1277 ε’,
1580 1246 1627 1280 λδ¹,
1652 1247 1698 1278 06',
1715 1246 1760 1277 σε’,
1784 1249 1832 1278 οςδ,

1047 1292 1102 1328 φιβ’,
1121 1291 1161 1320 πδ’
1173 1303 1179 1308 -
1195 1293 1348 1329 Γρηγορίου
1366 1293 1478 1328 Νύσσης
1492 1292 1582 1319 κανὼν
1594 1297 1631 1327 γ’,
1649 1293 1681 1326 δ’,
1697 1293 1729 1326 ζ’,
1745 1296 1778 1328 η’.

1083 1339 1238 1373 Κείμενον.
1262 1338 1293 1365 Ἢ
1309 1342 1333 1373 γ’
1348 1339 1419 1366 διάτ.
1434 1338 1482 1365 τοῦ
1498 1338 1520 1370 ζ’
1535 1339 1588 1366 τίτ.
1600 1339 1649 1366 τοῦ
1665 1342 1689 1366 α’
1705 1338 1773 1373 βιόλ.
1788 1337 1832 1364 τοῦ

1047 1385 1112 1412 me.
1130 1384 1243 1417 ’Λνεῖλε,
1257 1393 1284 1412 κ.
1298 1394 1324 1413 τ.
1337 1385 1375 1418 λ.,
1394 1393 1481 1420 usque
1492 1385 1524 1413 ad
1542 1385 1590 1412 καὶ
1606 1385 1678 1421 βιϐλ.
1696 1385 1718 1412 θ’
1728 1385 1777 1412 τίτ.
1791 1383 1830 1419 pi

1046 1431 1116 1458 διατ.
1135 1430 1176 1458 ιε’.

1082 1477 1222 1510 Σχόλιον.
1248 1476 1281 1503 Ἡ
1297 1480 1323 1511 γ’
1337 1477 1408 1504 διάτ.
1425 1478 1472 1503 τοῦ
1485 1477 1506 1510 ζ’
1525 1477 1577 1505 τίτ.
1594 1477 1644 1504 τοῦ
1662 1476 1687 1503 α’
1703 1476 1771 1511 βιΰλ.
1791 1474 1833 1501 τοῦ

1047 1522 1112 1549 κώδ.
1134 1523 1184 1549 οὐκ
1197 1522 1275 1557 ἐτέθη
1292 1523 1332 1554 εἰς
1350 1522 1384 1549 τὰ
1399 1522 1533 1550 Βασιλικὰ
1549 1523 1600 1550 κᾶν
1624 1525 1639 1550 ὁ
1654 1522 1772 1553 τοιοῦτος
1784 1521 1833 1546 τίτ.

192 1567 311 1603 positus,
324 1568 365 1595 tit.
384 1567 427 1599 54,
446 1575 506 1603 cap.
522 1569 567 1596 115.
580 1568 692 1596 Novella
714 1568 861 1595 Iustiniani
877 1569 922 1600 57,
935 1577 991 1603 qua;

1049 1569 1138 1594 κεῖται
1155 1568 1184 1594 ἐν
1200 1567 1268 1602 βιῦλ.
1283 1566 1304 1600 ξ’
1318 1565 1370 1594 τίτ.
1390 1567 1437 1594 νδ’·
1451 1568 1467 1603 ή
1485 1567 1512 1594 δὲ
1525 1567 1590 1603 περὶ
1602 1567 1659 1594 τῶν
1673 1565 1834 1609 Ἐκκλησιὼν

193 1614 226 1640 de
246 1612 375 1640 Ecclesiis
387 1612 523 1641 Africanis
538 1613 659 1645 disserit,
676 1621 729 1640 non
746 1618 785 1640 est
800 1614 886 1648 posita
904 1614 930 1639 in
947 1612 997 1640 Ba-

194 1660 251 1693 sil.;
272 1660 319 1687 dat
342 1659 474 1696 [interim]
496 1665 587 1686 tamen
612 1659 654 1686 his
683 1659 850 1693 pmnilentizc
877 1663 994 1695 tempus.

193 1706 310 1734 Conslit.
332 1706 367 1733 54
401 1706 445 1733 tit.
468 1705 485 1732 ι
514 1705 560 1732 lib.
582 1713 591 1732 1
618 1704 684 1732 Cod.
716 1713 767 1732 non
791 1709 833 1731 est
857 1706 944 1739 posita
968 1705 995 1732 iu

194 1752 277 1780 Basil.
307 1751 425 1779 Constit.
445 1751 463 1778 2
495 1751 536 1778 tit.
554 1751 567 1777 1
599 1749 784 1782 Novcllarum,
811 1755 853 1777 est
883 1758 943 1784 cap.
960 1751 996 1778 22

193 1799 235 1825 tit.
251 1798 321 1825 1111).
332 1806 362 1825 111
378 1797 472 1830 Basil.,
484 1797 556 1832 quod
567 1797 657 1828 habet,
669 1802 698 1823 ut
713 1797 739 1823 in
757 1798 920 1831 compendio
933 1800 1000 1833 pro-'

196 1844 316 1879 positum
332 1847 383 1876 est,
400 1842 484 1879 [quod
499 1834 583 1878 idem]
600 1850 615 1870 e
635 1843 743 1870 novella
770 1843 917 1871 Justiniani
933 1845 993 1877 125,

197 1891 278 1926 cujus
294 1890 328 1917 15
347 1897 407 1925 cap.
433 1894 476 1917 est
498 1894 654 1924 exemptum
675 1888 750 1925 [est.]
766 1889 909 1924 DigcstJEZ
923 1896 947 1918 ct
963 1891 996 1918 15

196 1934 240 1961 tit.
268 1933 301 1961 19
319 1933 365 1960 lib.
383 1941 466 1961 XLVIII
484 1932 544 1969 Dig.
569 1938 612 1961 cst
631 1942 692 1968 cap.
717 1935 745 1961 11
771 1935 813 1961 tit.
827 1935 857 1962 51
874 1936 920 1962 lib.
949 1943 994 1968 ιτ,

195 1981 268 2016 quod
287 1981 327 2008 sic
348 1980 430 2008 habet
447 1989 453 2006 :
469 1981 524 2007 Pro
544 1980 674 2015 qualitate
697 1981 789 2008 delicti
812 1986 918 2016 oportet
938 1990 996 2017 pm—

195 2034 258 2054 nam
275 2026 446 2062 pronuntiari
460 2035 466 2053 :
480 2031 508 2054 et
522 2033 587 2053 vero
601 2026 722 2061 judicem
750 2035 838 2062 neque
857 2036 994 2061 severum,

195 2079 285 2107 neque
313 2072 406 2099 mitem
433 2072 651 2106 apparerezsed
678 2072 705 2098 in
730 2073 878 2101 levioribus
906 2075 994 2102 leuem

194 2125 255 2146 esse
272 2118 361 2153 ipsum
375 2123 491 2153 oportet,
511 2125 542 2145 ac
557 2118 584 2145 in
600 2118 773 2154 gravioribus
796 2127 858 2146 cum
876 2120 995 2155 benigno

195 2169 411 2199 temperamento
420 2171 556 2191 severum.
575 2163 609 2191 Et
623 2172 683 2198 cap.
706 2165 760 2191 14:
779 2164 830 2198 Qui
851 2169 929 2193 extra
949 2173 995 2192 or-

195 2211 287 2238 dinem
308 2211 342 2238 de
355 2210 518 2238 criminibus
540 2210 692 2244 cognoscit.
717 2219 817 2246 augere
829 2216 855 2239 et
871 2213 995 2240 minuere

1054 1612 1188 1647 Ἀφρικῆς
1211 1612 1391 1647 διαλεγομένη
1408 1611 1447 1644 λζ’
1470 1612 1558 1646 νεαρὰ
1581 1611 1630 1638 τοῦ
1653 1608 1834 1638 Ἰουστινιανοῦ

1048 1658 1098 1685 οὐκ
1113 1657 1191 1693 ἐτέθη
1216 1659 1256 1690 εἰς
1278 1659 1314 1685 τὰ
1337 1658 1482 1685 suum.
1499 1658 1605 1685 Δέδωκε
1620 1658 1650 1684 δὲ
1667 1657 1770 1688 τούτοις
1784 1665 1836 1682 και-

1049 1705 1095 1741 ρδν
1111 1704 1266 1740 μετανοίας.
1285 1704 1318 1730 Ἦ
1337 1704 1372 1731 λδ¹
1389 1705 1459 1732 διάτ.
1485 1704 1533 1731 τοῦ
1550 1704 1570 1731 δ’
1585 1704 1640 1731 τίτ.
1664 1703 1689 1731 α’
1707 1703 1775 1739 βιόλ.
1792 1701 1835 1728 τοῦ
1869 1699 1876 1704 ’

1047 1751 1114 1778 κώδ.
1130 1751 1180 1778 οὐκ
1197 1751 1276 1786 ἐτέθη
1292 1751 1332 1783 εἰς
1345 1751 1378 1777 τὰ
1401 1751 1543 1777 Βασιλικά.
1565 1751 1597 1777 Ἡ
1622 1750 1646 1786 β’
1666 1751 1736 1778 am.
1753 1749 1797 1776 τοῦ
1814 1746 1836 1774 α’

1047 1797 1100 1825 τίτ.
1110 1797 1165 1823 τῶν
1177 1797 1303 1832 Νεαρῶν,
1319 1797 1377 1823 ἐστι
1392 1805 1455 1831 κεφ.
1470 1796 1513 1832 κβ¹
1527 1797 1574 1823 τοῦ
1591 1796 1614 1823 α’
1631 1797 1685 1824 τιτ.
1698 1795 1745 1822 τοῦ
1761 1794 1784 1830 γ’
1799 1794 1837 1829 βι-

1048 1843 1089 1870 6λ.
1105 1843 1160 1870 τῶν
1174 1843 1337 1876 Βασιλικῶν,
1361 1842 1448 1874 οὕτως
1465 1842 1527 1878 ἕχον
1551 1842 1590 1875 ὡς
1612 1841 1771 1877 συνσοψίσθη
1787 1839 1837 1867 ἀπο

1046 1889 1097 1922 τῆς
1124 1891 1184 1924 ρκγ¹
1213 1889 1314 1923 νεαρᾶς
1341 1887 1387 1914 τοῦ
1416 1887 1608 1914 Ἰουστινιανοῦ
1639 1887 1767 1918 ὲκκοπὲν,
1793 1886 1838 1913 καὶ

1047 1942 1109 1968 κεφ.
1126 1933 1156 1959 ὃν
1171 1934 1257 1969 αὐτῆς
1277 1937 1317 1962 ιε’.
1336 1933 1366 1960 τὸ
1380 1932 1412 1969 ιβ’
1429 1933 1499 1960 διατ.
1518 1934 1565 1960 καὶ
1580 1934 1611 1960 τὸ
1632 1933 1666 1968 ιγ’
1677 1934 1725 1961 τοῦ
1741 1931 1771 1960 ιδ’
1787 1934 1837 1959 τιτ.

1046 1979 1094 2006 τοῦ
1114 1982 1160 2014 μη’
1176 1979 1246 2014 βιϐλ.
1270 1979 1327 2006 τῶν
1347 1980 1507 2012 διατάξεων,
1534 1980 1593 2007 ἔστι
1609 1989 1676 2014 κεφ.
1695 1979 1728 2006 ια’
1741 1979 1786 2006 τοῦ
1801 1978 1836 2004 να¹

1047 2027 1099 2053 τιτ.
1117 2026 1164 2053 τοῦ
1181 2027 1201 2058 ξ’
1217 2026 1289 2062 βιδλ.
1302 2027 1389 2056 οὕτως
1401 2026 1462 2062 ἕχον
1473 2035 1480 2042 ·
1497 2027 1569 2062 "pb;
1585 2027 1637 2062 τὴν
1653 2027 1782 2061 ποιότητα
1794 2023 1837 2052 τοῦ

1048 2074 1250 2110 ἁμαρτήματος
1279 2074 1321 2100 δεῖ
1345 2074 1396 2107 τὴν
1425 2074 1563 2108 τιμωρίαν
1590 2073 1768 2109 ἐκφέρεσθαι,
1795 2070 1838 2097 καὶ

1048 2120 1119 2154 μήτε
1147 2119 1276 2154 σκληρὸν,
1305 2120 1374 2154 μήτε
1402 2119 1453 2153 μὲν
1479 2118 1597 2153 ἐλαφρὸν
1625 2117 1769 2153 φαίνεσθαι
1792 2116 1838 2150 τὴν

1046 2164 1186 2200 δικαστὴν,
1200 2165 1270 2199 πλὴν
1286 2166 1313 2191 ἐν
1326 2165 1381 2196 τοῖς
1396 2165 1525 2200 ἐλαφροῖς
1541 2164 1663 2199 ἐλαφρὸν
1678 2161 1748 2190 εἶναι
1762 2160 1837 2189 αὑτὸν

1047 2211 1098 2245 δεῖ,
1108 2212 1155 2238 καὶ
1171 2213 1200 2238 ὲν
1216 2213 1272 2242 τοῖς
1286 2211 1445 2246 βαρυτέροις
1461 2211 1575 2245 σφοδρὸν
1590 2211 1661 2246 μετὰ
1681 2207 1837 2237 καλοθελοῦς

195 2264 305 2291 pceilam
326 2261 437 2291 potest:
453 2257 490 2283 ila
511 2261 613 2286 tamen.
641 2261 670 2283 ut
688 2257 714 2283 in
744 2263 860 2291 utroque
885 2256 991 2294 [modo]

1049 2257 1229 2292 συμμετρίας.
1250 2257 1305 2283 Καὶ
1331 2265 1393 2291 κεφ.
1407 2255 1439 2284 ιδ’
1461 2256 1490 2283 '0
1509 2256 1707 2293 ὲετραορδίνεμ
1728 2254 1838 2286 δικάζων

195 2302 329 2329 rationem
356 2309 410 2329 non
440 2302 564 2329 excedat.
584 2301 686 2336 Digest.
703 2302 715 2329 1
733 2303 773 2329 tit.
801 2303 892 2330 161ib.
908 2311 992 2331 vaul

196 2348 257 2383 Dig.
288 2352 330 2376 est
350 2356 412 2383 cap.
439 2348 472 2375 10
502 2349 543 2376 tit.
560 2349 571 2375 1
587 2348 634 2376 lib.
651 2357 696 2381 ιι,
718 2349 791 2383 quod
811 2349 884 2376 circa
911 2350 992 2377 linem

195 2394 272 2425 dicit,
295 2393 367 2428 quod
385 2393 448 2421 facti
464 2395 575 2429 quidem
600 2395 717 2429 quarstio
737 2395 823 2429 judici
845 2396 993 2423 commissa

195 2441 242 2474 sil;
270 2440 337 2475 legis
361 2442 629 2475 autem‘persecutio
651 2450 705 2468 non
726 2442 802 2469 item.
827 2441 879 2469 Tit.
895 2443 920 2475 1,
943 2443 991 2470 lib.

194 2493 210 2513 ι,
229 2485 287 2521 Dig.
312 2486 419 2521 positus
433 2492 475 2514 est
491 2487 517 2514 in
532 2487 579 2514 lib.
596 2495 639 2514 LIV
652 2488 747 2520 Basil.,
776 2489 816 2515 tit.
838 2489 864 2521 1,
880 2497 940 2524 cap.
959 2491 969 2516 1
984 2498 991 2523 ;

194 2532 250 2567 dig.
286 2533 430 2560 autem‘-15
453 2533 586 2561 omissum
611 2539 662 2562 est.
699 2534 817 2562 Constit.
842 2535 852 2561 1
888 2535 929 2562 tit.
957 2534 993 2563 50

194 2578 241 2605 Ill).
260 2586 297 2605 vn
313 2577 382 2605 Cod.
400 2583 442 2607 est
465 2586 525 2614 cap.
547 2579 582 2606 86
602 2579 643 2606 tit.
664 2581 674 2607 1
694 2580 742 2607 lib.
765 2588 791 2607 111
808 2579 902 2613 lesil.,
918 2581 991 2616 quod

194 2624 235 2651 sic
258 2624 340 2652 habet
356 2632 363 2650 :
379 2624 474 2660 Neque
497 2625 651 2654 decessoris
667 2634 757 2662 neque
777 2634 855 2654 suam
882 2632 992 2655 sonten-

192 2671 260 2698 tiam
288 2679 454 2706 quemquam
483 2679 613 2700 revocare
642 2679 733 2707 posse,
759 2672 914 2699 iuduhium
936 2680 991 2700 non

193 2717 290 2745 venit:
310 2725 360 2746 nec
382 2718 416 2745 ab
445 2717 604 2752 hujusmodi
630 2718 740 2746 decreto
769 2719 990 2753 provocationem

193 2764 320 2799 proponi,
350 2764 484 2799 explorati
509 2764 581 2799 juris
605 2768 656 2791 cst.
681 2764 798 2791 Constit.
828 2764 862 2791 15
888 2764 929 2791 tit.
956 2764 991 2791 47

193 2811 239 2838 lih.
256 2819 281 2838 Ix
295 2811 362 2839 Cod.
382 2816 425 2839 est
447 2819 508 2846 cap.
528 2811 562 2839 55
578 2811 618 2838 lit.
633 2811 662 2838 51
687 2810 733 2838 lib.
750 2819 783 2837 ιχ
799 2810 894 2844 Basil.,
917 2811 990 2846 quod

194 2865 234 2884 sic
250 2858 315 2885 dicit
334 2868 340 2885 :
358 2857 471 2885 Poenam
487 2865 616 2885 revocare
630 2857 738 2893 praesidi
758 2865 811 2884 non
828 2857 899 2885 licet.
915 2857 991 2890 Quze-

193 2911 238 2930 ras
261 2904 343 2931 etiam
364 2904 405 2932 tit.
436 2904 470 2932 50
499 2904 622 2940 ejusdem
648 2912 680 2932 ως
699 2904 757 2938 111).,
777 2912 835 2939 cap.
857 2905 881 2938 1,
900 2904 990 2932 thcma

1046 2304 1200 2338 ἐγκλήματι
1215 2302 1319 2335 αὔξειν,
1336 2303 1383 2329 καὶ
1409 2302 1505 2338 μειοῦν
1524 2302 1573 2337 τὴν
1595 2303 1693 2338 ποινὴν
1718 2301 1834 2331 δύναται,

1045 2349 1117 2376 ὥστε
1134 2350 1227 2385 μέντοι
1242 2349 1290 2375 ἐπὶ
1307 2349 1437 2384 ἐκατέρου
1461 2349 1498 2384 μὴ
1524 2349 1686 2384 παρεξιέναι
1709 2348 1758 2384 τὴν
1772 2355 1836 2381 συμ-

1047 2397 1171 2431 μετρίαν.
1187 2396 1224 2422 Τὸ
1239 2399 1262 2422 α’
1289 2395 1359 2422 διάτ.
1376 2395 1424 2422 τοῦ
1441 2394 1478 2427 ις’
1493 2395 1546 2421 τίτ.
1564 2394 1613 2421 τοῦ
1632 2399 1679 2431 μη⁷
1694 2394 1763 2430 βιὸλ.
1785 2392 1837 2419 τῶν

1044 2441 1114 2468 διάτ.
1132 2441 1193 2467 ἔστι
1209 2450 1271 2476 κεφ.
1290 2444 1305 2468 ι’
1321 2440 1368 2468 τοῖ
1383 2444 1407 2467 α’
1422 2441 1477 2467 τίτ.
1492 2440 1539 2467 τοῦ
1557 2440 1578 2474 ξ’
1592 2441 1665 2476 βισλ.
1683 2441 1762 2475 λέγον
1776 2438 1837 2473 περὶ

1044 2487 1075 2514 τὸ
1089 2488 1164 2520 τέλος
1181 2488 1219 2519 ὡς
1236 2489 1252 2523 ἡ
1273 2488 1322 2522 μὲν
1337 2488 1386 2523 τῆς
1396 2488 1553 2520 ὑποθέσεως
1568 2488 1685 2523 ζήτησις
1698 2486 1836 2518 ἐπιτέτρα-

1044 2543 1110 2561 πται
1135 2533 1174 2569 τῷ
1191 2534 1305 2570 δικαστῇ
1321 2535 1351 2561 οὺ
1372 2535 1422 2569 μὲν
1441 2535 1458 2570 ἡ
1472 2535 1519 2560 τοῦ
1544 2535 1629 2569 νόμου
1656 2534 1835 2566 ἑπεξέλευσις.

1049 2580 1079 2607 Ὀ
1091 2581 1119 2607 δὲ
1132 2584 1156 2607 α’
1165 2581 1217 2607 τίτ.
1233 2580 1279 2607 τοῦ
1295 2579 1396 2615 ν’βιὸλ.
1410 2580 1464 2606 τῶν
1477 2581 1552 2607 διατ.
1569 2580 1649 2615 ἐτέθη
1670 2580 1710 2611 ε1ς
1723 2577 1835 2614 βιόλ.νδ’

1043 2625 1098 2652 τῶν
1113 2626 1267 2652 Βασιλικῶν
1281 2626 1334 2652 τίτ.
1351 2629 1374 2652 α’
1389 2634 1454 2660 κεφ.
1467 2624 1491 2652 α’
1513 2625 1544 2652 τὸ
1567 2625 1596 2652 ιε’
1624 2626 1695 2652 διὰτ.
1712 2622 1834 2659 παρείθη.

1048 2671 1081 2698 Ἥ
1095 2675 1118 2699 α’
1133 2672 1204 2699 διάτ.
1227 2672 1273 2698 τοῦ
1293 2675 1314 2698 v'
1338 2671 1391 2698 τίτ.
1408 2672 1455 2698 τοῦ
1480 2670 1502 2703 ζ’
1525 2671 1596 2706 βιὸλ.
1615 2671 1664 2697 τοῦ
1687 2670 1763 2699 κώδ..
1782 2668 1835 2694 ἔστι

1043 2727 1107 2753 κεφ.
1124 2722 1172 2751 πς¹
1190 2719 1237 2745 τοῦ
1259 2717 1283 2745 α’
1294 2719 1347 2745 τίτ.
1367 2718 1414 2744 τοῦ
1433 2718 1456 2744 θ’
1471 2718 1542 2753 βιϐλ.
1556 2717 1610 2744 τῶν
1625 2716 1778 2745 Βασιλικῶν
1791 2714 1834 2740 οὖ-

1042 2775 1095 2797 τως
1111 2765 1171 2801 ἔχον
1186 2774 1193 2781 ·
1207 2766 1274 2793 Οὔτε
1297 2766 1345 2801 τὴν
1362 2765 1408 2792 τοῦ
1435 2764 1666 2801 προηγησαμένην
1691 2763 1833 2795 ἀπόφασιν.

1042 2813 1104 2839 οὔτε
1115 2814 1164 2848 τὴν
1182 2813 1250 2839 ἰδίαν
1264 2813 1397 2840 δύνασθαί
1408 2821 1468 2839 τινα
1487 2811 1686 2839 ἀνακαλεῖσθαι
1702 2811 1740 2842 εις
1753 2810 1834 2843 ἀμφι-

1043 2859 1135 2886 ϐολίαν
1162 2860 1192 2885 οὺ
1219 2860 1342 2894 φέρεται.
1360 2859 1435 2894 Μηδὲ
1452 2859 1506 2886 ἁπδ
1521 2859 1571 2894 τῆς
1584 2856 1715 2891 τοιαύτης
1731 2853 1832 2888 ἀποφά-

1044 2914 1111 2938 σεως
1128 2905 1286 2941 προτιθέναι
1307 2905 1439 2941 ἔκκλητον
1464 2903 1582 2941 φανεροῦ
1605 2903 1724 2938 νομίμου
1752 2900 1829 2927 {cnv-
