  <div class='ocr_page' id='page_1' title='image "/cluster/home/n/w/nwhite01/storage/ocr_20150623/104/njp.32101077772885/578.png"; bbox 0 0 1951 3048; ppageno 0'>
   <div class='ocr_carea' id='block_1_1' title="bbox 151 131 921 173">
    <p class='ocr_par' dir='ltr' id='par_1_1' title="bbox 151 131 909 165">
     <span class='ocr_line' id='line_1_1' title="bbox 151 131 909 165; baseline 0.001 -1"><span class='ocrx_word' id='word_1_1' title='bbox 151 131 223 164; x_wconf 62' lang='grc' dir='ltr'>ΠΗ</span> <span class='ocrx_word' id='word_1_2' title='bbox 611 134 855 165; x_wconf 81' lang='lat' dir='ltr'><strong>NOMOCANON.</strong></span> <span class='ocrx_word' id='word_1_3' title='bbox 875 146 909 152; x_wconf 78' lang='grc'><strong>’-</strong></span> 
     </span>
    </p>
   </div>
   <div class='ocr_carea' id='block_1_2' title="bbox 1025 131 1795 173">
    <p class='ocr_par' dir='ltr' id='par_1_2' title="bbox 1025 133 1795 173">
     <span class='ocr_line' id='line_1_2' title="bbox 1025 133 1795 173; baseline 0 -8"><span class='ocrx_word' id='word_1_4' title='bbox 1025 136 1072 173; x_wconf 85' lang='lat' dir='ltr'><strong>IX,</strong></span> <span class='ocrx_word' id='word_1_5' title='bbox 1092 136 1173 166; x_wconf 78' lang='lat' dir='ltr'><strong>CAP.</strong></span> <span class='ocrx_word' id='word_1_6' title='bbox 1191 136 1328 170; x_wconf 72' lang='lat' dir='ltr'><strong>xxxix.</strong></span> <span class='ocrx_word' id='word_1_7' title='bbox 1356 133 1364 139; x_wconf 84' lang='lat'>&#39;</span> <span class='ocrx_word' id='word_1_8' title='bbox 1725 133 1795 166; x_wconf 75' lang='lat' dir='ltr'><strong>tua</strong></span> 
     </span>
    </p>
   </div>
   <div class='ocr_carea' id='block_1_3' title="bbox 155 189 925 228">
    <p class='ocr_par' dir='ltr' id='par_1_3' title="bbox 155 189 925 225">
     <span class='ocr_line' id='line_1_3' title="bbox 155 189 925 225; baseline 0 -8"><span class='ocrx_word' id='word_1_9' title='bbox 155 189 187 217; x_wconf 84' lang='lat' dir='ltr'><strong>&#39;H</strong></span> <span class='ocrx_word' id='word_1_10' title='bbox 203 193 234 217; x_wconf 85' lang='grc' dir='ltr'>ιε’</span> <span class='ocrx_word' id='word_1_11' title='bbox 255 189 326 217; x_wconf 80' lang='grc' dir='ltr'>διάτ.</span> <span class='ocrx_word' id='word_1_12' title='bbox 341 189 387 216; x_wconf 82' lang='grc' dir='ltr'>τοῦ</span> <span class='ocrx_word' id='word_1_13' title='bbox 405 189 448 225; x_wconf 81' lang='grc' dir='ltr'><strong>μζ⁷</strong></span> <span class='ocrx_word' id='word_1_14' title='bbox 463 189 517 217; x_wconf 88' lang='grc' dir='ltr'>τίτ.</span> <span class='ocrx_word' id='word_1_15' title='bbox 530 189 579 216; x_wconf 82' lang='grc' dir='ltr'>τοῦ</span> <span class='ocrx_word' id='word_1_16' title='bbox 595 189 617 216; x_wconf 83' lang='grc' dir='ltr'><strong>θ’</strong></span> <span class='ocrx_word' id='word_1_17' title='bbox 641 189 713 225; x_wconf 88' lang='grc' dir='ltr'>βι6λ.</span> <span class='ocrx_word' id='word_1_18' title='bbox 729 190 776 217; x_wconf 85' lang='grc' dir='ltr'>τοῦ</span> <span class='ocrx_word' id='word_1_19' title='bbox 789 190 867 221; x_wconf 79' lang='grc' dir='ltr'><strong>κώδ..</strong></span> <span class='ocrx_word' id='word_1_20' title='bbox 881 190 925 217; x_wconf 77' lang='grc' dir='ltr'>ἔστ</span> 
     </span>
    </p>
   </div>
   <div class='ocr_carea' id='block_1_4' title="bbox 1024 189 1794 228">
    <p class='ocr_par' dir='ltr' id='par_1_4' title="bbox 1025 191 1794 228">
     <span class='ocr_line' id='line_1_4' title="bbox 1025 191 1794 228; baseline 0.001 -10"><span class='ocrx_word' id='word_1_21' title='bbox 1025 196 1055 224; x_wconf 82' lang='lat' dir='ltr'><strong>t.,</strong></span> <span class='ocrx_word' id='word_1_22' title='bbox 1071 197 1098 219; x_wconf 89' lang='lat' dir='ltr'><strong>ct</strong></span> <span class='ocrx_word' id='word_1_23' title='bbox 1114 193 1158 220; x_wconf 88' lang='lat' dir='ltr'><strong>lib.</strong></span> <span class='ocrx_word' id='word_1_24' title='bbox 1176 201 1224 224; x_wconf 81' lang='lat' dir='ltr'><strong>vn,</strong></span> <span class='ocrx_word' id='word_1_25' title='bbox 1241 193 1295 227; x_wconf 83' lang='lat' dir='ltr'><strong>tit.,</strong></span> <span class='ocrx_word' id='word_1_26' title='bbox 1307 193 1334 224; x_wconf 71' lang='lat'><strong>2,</strong></span> <span class='ocrx_word' id='word_1_27' title='bbox 1350 193 1464 228; x_wconf 70' lang='lat' dir='ltr'><strong>cap.20.</strong></span> <span class='ocrx_word' id='word_1_28' title='bbox 1477 197 1503 219; x_wconf 88' lang='lat' dir='ltr'><strong>et</strong></span> <span class='ocrx_word' id='word_1_29' title='bbox 1515 193 1563 220; x_wconf 85' lang='lat' dir='ltr'><strong>lih.</strong></span> <span class='ocrx_word' id='word_1_30' title='bbox 1579 201 1617 225; x_wconf 77' lang='lat' dir='ltr'><strong>Ix,</strong></span> <span class='ocrx_word' id='word_1_31' title='bbox 1634 192 1675 220; x_wconf 86' lang='lat' dir='ltr'><strong>tit.</strong></span> <span class='ocrx_word' id='word_1_32' title='bbox 1692 191 1718 224; x_wconf 90' lang='grc'>1,</span> <span class='ocrx_word' id='word_1_33' title='bbox 1735 199 1794 227; x_wconf 84' lang='lat' dir='ltr'><strong>cap-</strong></span> 
     </span>
    </p>
   </div>
   <div class='ocr_carea' id='block_1_5' title="bbox 149 235 919 274">
    <p class='ocr_par' dir='ltr' id='par_1_5' title="bbox 149 235 919 271">
     <span class='ocr_line' id='line_1_5' title="bbox 149 235 919 271; baseline 0 -8"><span class='ocrx_word' id='word_1_34' title='bbox 149 245 211 270; x_wconf 77' lang='grc' dir='ltr'>κεφ.</span> <span class='ocrx_word' id='word_1_35' title='bbox 234 239 270 263; x_wconf 77' lang='lat' dir='ltr'><strong>ve’</strong></span> <span class='ocrx_word' id='word_1_36' title='bbox 295 235 344 262; x_wconf 78' lang='grc' dir='ltr'><strong>τοῦ</strong></span> <span class='ocrx_word' id='word_1_37' title='bbox 359 235 400 263; x_wconf 68' lang='lat' dir='ltr'><strong>va.’</strong></span> <span class='ocrx_word' id='word_1_38' title='bbox 423 236 478 263; x_wconf 87' lang='grc' dir='ltr'>τίτ.</span> <span class='ocrx_word' id='word_1_39' title='bbox 502 235 549 262; x_wconf 79' lang='grc' dir='ltr'>τοῦ</span> <span class='ocrx_word' id='word_1_40' title='bbox 578 235 599 268; x_wconf 80' lang='grc' dir='ltr'><strong>ξ’</strong></span> <span class='ocrx_word' id='word_1_41' title='bbox 615 235 686 271; x_wconf 79' lang='grc' dir='ltr'>βιὸλ.</span> <span class='ocrx_word' id='word_1_42' title='bbox 712 236 766 263; x_wconf 85' lang='grc' dir='ltr'>τῶν</span> <span class='ocrx_word' id='word_1_43' title='bbox 787 236 919 263; x_wconf 79' lang='grc' dir='ltr'>Βασιλικᾶ</span> 
     </span>
    </p>
   </div>
   <div class='ocr_carea' id='block_1_6' title="bbox 803 235 1573 274">
    <p class='ocr_par' dir='ltr' id='par_1_6' title="bbox 803 236 1573 274">
     <span class='ocr_line' id='line_1_6' title="bbox 803 236 1573 274; baseline 0.005 -11"><span class='ocrx_word' id='word_1_44' title='bbox 803 236 941 263; x_wconf 73' lang='grc' dir='ltr'>Ιασιλικῶν</span> <span class='ocrx_word' id='word_1_45' title='bbox 995 238 1030 265; x_wconf 69' lang='grc'><strong>84</strong></span> <span class='ocrx_word' id='word_1_46' title='bbox 1046 242 1072 264; x_wconf 83' lang='lat' dir='ltr'><strong>et</strong></span> <span class='ocrx_word' id='word_1_47' title='bbox 1088 238 1149 268; x_wconf 73' lang='grc'>127,</span> <span class='ocrx_word' id='word_1_48' title='bbox 1165 243 1193 266; x_wconf 83' lang='lat' dir='ltr'><strong>et</strong></span> <span class='ocrx_word' id='word_1_49' title='bbox 1206 239 1253 265; x_wconf 89' lang='lat' dir='ltr'><strong>lib.</strong></span> <span class='ocrx_word' id='word_1_50' title='bbox 1269 247 1323 269; x_wconf 82' lang='lat' dir='ltr'><strong>LVI,</strong></span> <span class='ocrx_word' id='word_1_51' title='bbox 1339 239 1382 266; x_wconf 85' lang='lat' dir='ltr'><strong>tit.</strong></span> <span class='ocrx_word' id='word_1_52' title='bbox 1403 239 1431 270; x_wconf 87' lang='lat'><strong>8,</strong></span> <span class='ocrx_word' id='word_1_53' title='bbox 1449 247 1510 274; x_wconf 76' lang='lat' dir='ltr'><strong>cap.</strong></span> <span class='ocrx_word' id='word_1_54' title='bbox 1528 239 1573 267; x_wconf 73' lang='grc' dir='ltr'><strong>ΞΟ.</strong></span> 
     </span>
    </p>
   </div>
   <div class='ocr_carea' id='block_1_7' title="bbox 149 281 1793 322">
    <p class='ocr_par' dir='ltr' id='par_1_7' title="bbox 149 281 1793 322">
     <span class='ocr_line' id='line_1_7' title="bbox 149 281 1793 322; baseline 0.002 -13"><span class='ocrx_word' id='word_1_55' title='bbox 149 281 219 309; x_wconf 78' lang='grc' dir='ltr'>οὕτω</span> <span class='ocrx_word' id='word_1_56' title='bbox 234 281 313 316; x_wconf 80' lang='grc' dir='ltr'>λέγον</span> <span class='ocrx_word' id='word_1_57' title='bbox 329 291 337 298; x_wconf 88' lang='grc'><strong>·</strong></span> <span class='ocrx_word' id='word_1_58' title='bbox 358 282 413 318; x_wconf 80' lang='grc' dir='ltr'><strong>Τὴν</strong></span> <span class='ocrx_word' id='word_1_59' title='bbox 427 283 564 318; x_wconf 78' lang='grc' dir='ltr'><strong>τιμωρίαν</strong></span> <span class='ocrx_word' id='word_1_60' title='bbox 589 283 639 309; x_wconf 81' lang='grc' dir='ltr'><strong>οὐκ</strong></span> <span class='ocrx_word' id='word_1_61' title='bbox 653 282 742 315; x_wconf 73' lang='grc' dir='ltr'>ἔξεστι</span> <span class='ocrx_word' id='word_1_62' title='bbox 764 283 803 317; x_wconf 83' lang='grc' dir='ltr'>τῷ</span> <span class='ocrx_word' id='word_1_63' title='bbox 826 284 938 318; x_wconf 79' lang='grc' dir='ltr'>ἄρχοντι</span> <span class='ocrx_word' id='word_1_64' title='bbox 965 284 1170 312; x_wconf 78' lang='grc' dir='ltr'>ἀνακαλεῖσθαι.</span> <span class='ocrx_word' id='word_1_65' title='bbox 1193 286 1274 320; x_wconf 86' lang='grc' dir='ltr'>Ζήτει</span> <span class='ocrx_word' id='word_1_66' title='bbox 1302 286 1349 312; x_wconf 80' lang='grc' dir='ltr'><strong>καὶ</strong></span> <span class='ocrx_word' id='word_1_67' title='bbox 1371 287 1423 313; x_wconf 85' lang='grc' dir='ltr'>τίτ.</span> <span class='ocrx_word' id='word_1_68' title='bbox 1446 289 1467 313; x_wconf 80' lang='grc' dir='ltr'>ν’</span> <span class='ocrx_word' id='word_1_69' title='bbox 1483 284 1530 313; x_wconf 78' lang='grc' dir='ltr'><strong>τοῦ</strong></span> <span class='ocrx_word' id='word_1_70' title='bbox 1564 285 1648 313; x_wconf 78' lang='grc' dir='ltr'>αὑτοῦ</span> <span class='ocrx_word' id='word_1_71' title='bbox 1680 286 1701 318; x_wconf 83' lang='grc' dir='ltr'><strong>ξ’</strong></span> <span class='ocrx_word' id='word_1_72' title='bbox 1721 286 1793 322; x_wconf 76' lang='grc' dir='ltr'>βιϐλ-</span> 
     </span>
    </p>
   </div>
   <div class='ocr_carea' id='block_1_8' title="bbox 149 326 1792 367">
    <p class='ocr_par' dir='ltr' id='par_1_8' title="bbox 149 326 1792 367">
     <span class='ocr_line' id='line_1_8' title="bbox 149 326 1792 367; baseline 0.004 -14"><span class='ocrx_word' id='word_1_73' title='bbox 149 336 212 361; x_wconf 77' lang='grc' dir='ltr'>κεφ.</span> <span class='ocrx_word' id='word_1_74' title='bbox 225 326 248 354; x_wconf 92' lang='grc' dir='ltr'>α’</span> <span class='ocrx_word' id='word_1_75' title='bbox 266 327 337 363; x_wconf 81' lang='grc' dir='ltr'>θέμα</span> <span class='ocrx_word' id='word_1_76' title='bbox 352 329 509 356; x_wconf 78' lang='grc' dir='ltr'>τελευταῖον</span> <span class='ocrx_word' id='word_1_77' title='bbox 535 329 583 356; x_wconf 74' lang='grc' dir='ltr'>καὶ</span> <span class='ocrx_word' id='word_1_78' title='bbox 605 328 676 364; x_wconf 80' lang='grc' dir='ltr'><strong>βιὸλ.</strong></span> <span class='ocrx_word' id='word_1_79' title='bbox 695 328 717 361; x_wconf 79' lang='grc' dir='ltr'><strong>ζ’</strong></span> <span class='ocrx_word' id='word_1_80' title='bbox 731 329 783 356; x_wconf 82' lang='grc' dir='ltr'>τίτ.</span> <span class='ocrx_word' id='word_1_81' title='bbox 803 328 826 364; x_wconf 82' lang='grc' dir='ltr'><strong>β’</strong></span> <span class='ocrx_word' id='word_1_82' title='bbox 839 338 902 364; x_wconf 84' lang='grc' dir='ltr'>κεφ.</span> <span class='ocrx_word' id='word_1_83' title='bbox 923 328 946 356; x_wconf 85' lang='grc' dir='ltr'><strong>κ’</strong></span> <span class='ocrx_word' id='word_1_84' title='bbox 966 330 1014 357; x_wconf 75' lang='grc' dir='ltr'>καὶ</span> <span class='ocrx_word' id='word_1_85' title='bbox 1028 330 1098 365; x_wconf 77' lang='grc' dir='ltr'>βιϐλ.</span> <span class='ocrx_word' id='word_1_86' title='bbox 1113 330 1136 357; x_wconf 86' lang='grc' dir='ltr'><strong>θ’</strong></span> <span class='ocrx_word' id='word_1_87' title='bbox 1153 331 1206 357; x_wconf 83' lang='grc' dir='ltr'>τίτ.</span> <span class='ocrx_word' id='word_1_88' title='bbox 1244 330 1269 358; x_wconf 85' lang='grc' dir='ltr'>α’</span> <span class='ocrx_word' id='word_1_89' title='bbox 1284 340 1347 366; x_wconf 86' lang='grc' dir='ltr'>κεφ.</span> <span class='ocrx_word' id='word_1_90' title='bbox 1361 332 1402 359; x_wconf 84' lang='grc' dir='ltr'><strong>πδ¹</strong></span> <span class='ocrx_word' id='word_1_91' title='bbox 1417 332 1464 358; x_wconf 81' lang='grc' dir='ltr'><strong>καὶ</strong></span> <span class='ocrx_word' id='word_1_92' title='bbox 1498 331 1568 367; x_wconf 72' lang='grc' dir='ltr'>ρκζ’,</span> <span class='ocrx_word' id='word_1_93' title='bbox 1586 331 1634 359; x_wconf 79' lang='grc' dir='ltr'>καὶ</span> <span class='ocrx_word' id='word_1_94' title='bbox 1649 331 1720 367; x_wconf 77' lang='grc' dir='ltr'>βιϐλ.</span> <span class='ocrx_word' id='word_1_95' title='bbox 1737 331 1792 364; x_wconf 83' lang='grc' dir='ltr'>νς’,</span> 
     </span>
    </p>
   </div>
   <div class='ocr_carea' id='block_1_9' title="bbox 148 372 397 408">
    <p class='ocr_par' dir='ltr' id='par_1_9' title="bbox 148 372 397 408">
     <span class='ocr_line' id='line_1_9' title="bbox 148 372 397 408; baseline 0.008 -10"><span class='ocrx_word' id='word_1_96' title='bbox 148 372 200 400; x_wconf 80' lang='grc' dir='ltr'>τίτ.</span> <span class='ocrx_word' id='word_1_97' title='bbox 215 375 250 407; x_wconf 82' lang='grc' dir='ltr'>η’,</span> <span class='ocrx_word' id='word_1_98' title='bbox 265 381 329 408; x_wconf 83' lang='grc' dir='ltr'>κεφ.</span> <span class='ocrx_word' id='word_1_99' title='bbox 344 373 397 400; x_wconf 86' lang='grc' dir='ltr'><strong>κθ’.</strong></span> 
     </span>
    </p>
   </div>
   <div class='ocr_carea' id='block_1_10' title="bbox 182 418 952 458">
    <p class='ocr_par' dir='ltr' id='par_1_10' title="bbox 182 418 939 456">
     <span class='ocr_line' id='line_1_10' title="bbox 182 418 939 456; baseline 0.004 -11"><span class='ocrx_word' id='word_1_100' title='bbox 182 418 341 452; x_wconf 78' lang='grc' dir='ltr'>Κείμενον.</span> <span class='ocrx_word' id='word_1_101' title='bbox 360 419 405 446; x_wconf 80' lang='grc' dir='ltr'>Ἐν</span> <span class='ocrx_word' id='word_1_102' title='bbox 419 419 447 446; x_wconf 80' lang='grc' dir='ltr'><strong>δὲ</strong></span> <span class='ocrx_word' id='word_1_103' title='bbox 467 419 506 454; x_wconf 85' lang='grc' dir='ltr'><strong>τῷ</strong></span> <span class='ocrx_word' id='word_1_104' title='bbox 529 420 572 455; x_wconf 86' lang='grc' dir='ltr'>με’</span> <span class='ocrx_word' id='word_1_105' title='bbox 592 420 758 456; x_wconf 81' lang='grc' dir='ltr'><strong>διατάγματι</strong></span> <span class='ocrx_word' id='word_1_106' title='bbox 774 420 821 448; x_wconf 76' lang='grc' dir='ltr'>τοῦ</span> <span class='ocrx_word' id='word_1_107' title='bbox 841 425 865 448; x_wconf 89' lang='grc' dir='ltr'>α’</span> <span class='ocrx_word' id='word_1_108' title='bbox 885 422 939 449; x_wconf 86' lang='grc' dir='ltr'>τίτ.</span> 
     </span>
    </p>
   </div>
   <div class='ocr_carea' id='block_1_11' title="bbox 1023 418 1793 458">
    <p class='ocr_par' dir='ltr' id='par_1_11' title="bbox 1030 420 1793 458">
     <span class='ocr_line' id='line_1_11' title="bbox 1030 420 1793 458; baseline 0.007 -11"><span class='ocrx_word' id='word_1_109' title='bbox 1030 420 1137 447; x_wconf 66' lang='lat' dir='ltr'><strong>Tenus.</strong></span> <span class='ocrx_word' id='word_1_110' title='bbox 1155 421 1183 448; x_wconf 86' lang='lat' dir='ltr'><strong>In</strong></span> <span class='ocrx_word' id='word_1_111' title='bbox 1197 420 1294 456; x_wconf 77' lang='lat' dir='ltr'><strong>digest.</strong></span> <span class='ocrx_word' id='word_1_112' title='bbox 1313 420 1349 448; x_wconf 76' lang='grc'>45</span> <span class='ocrx_word' id='word_1_113' title='bbox 1366 422 1407 449; x_wconf 85' lang='lat' dir='ltr'><strong>tit.</strong></span> <span class='ocrx_word' id='word_1_114' title='bbox 1424 423 1435 449; x_wconf 98' lang='grc'><strong>1</strong></span> <span class='ocrx_word' id='word_1_115' title='bbox 1456 422 1503 449; x_wconf 89' lang='lat' dir='ltr'><strong>lib.</strong></span> <span class='ocrx_word' id='word_1_116' title='bbox 1523 431 1587 454; x_wconf 80' lang='lat' dir='ltr'><strong>xLu,</strong></span> <span class='ocrx_word' id='word_1_117' title='bbox 1607 430 1715 458; x_wconf 84' lang='lat' dir='ltr'><strong>pcenam</strong></span> <span class='ocrx_word' id='word_1_118' title='bbox 1732 432 1793 452; x_wconf 52' lang='lat' dir='ltr'><strong>sen‘</strong></span> 
     </span>
    </p>
   </div>
   <div class='ocr_carea' id='block_1_12' title="bbox 147 463 917 507">
    <p class='ocr_par' dir='ltr' id='par_1_12' title="bbox 147 463 916 503">
     <span class='ocr_line' id='line_1_12' title="bbox 147 463 916 503; baseline 0.005 -13"><span class='ocrx_word' id='word_1_119' title='bbox 147 463 193 491; x_wconf 64' lang='lat' dir='ltr'><strong>tot”:</strong></span> <span class='ocrx_word' id='word_1_120' title='bbox 210 464 253 500; x_wconf 83' lang='grc' dir='ltr'><strong>μβ¹</strong></span> <span class='ocrx_word' id='word_1_121' title='bbox 270 464 340 500; x_wconf 79' lang='grc' dir='ltr'>βιόλ.</span> <span class='ocrx_word' id='word_1_122' title='bbox 358 465 452 500; x_wconf 70' lang='grc' dir='ltr'>φησιν,</span> <span class='ocrx_word' id='word_1_123' title='bbox 467 474 494 493; x_wconf 83' lang='grc' dir='ltr'><strong>κ.</strong></span> <span class='ocrx_word' id='word_1_124' title='bbox 509 474 535 492; x_wconf 88' lang='grc' dir='ltr'><strong>τ.</strong></span> <span class='ocrx_word' id='word_1_125' title='bbox 553 467 591 500; x_wconf 87' lang='grc' dir='ltr'>λ.,</span> <span class='ocrx_word' id='word_1_126' title='bbox 617 475 704 503; x_wconf 88' lang='lat' dir='ltr'><strong>usque</strong></span> <span class='ocrx_word' id='word_1_127' title='bbox 722 467 754 494; x_wconf 86' lang='lat' dir='ltr'><strong>ad</strong></span> <span class='ocrx_word' id='word_1_128' title='bbox 770 467 786 502; x_wconf 83' lang='grc' dir='ltr'>ἢ</span> <span class='ocrx_word' id='word_1_129' title='bbox 803 467 916 503; x_wconf 80' lang='grc' dir='ltr'>ὲλευϐερ</span> 
     </span>
    </p>
   </div>
   <div class='ocr_carea' id='block_1_13' title="bbox 1020 463 1790 507">
    <p class='ocr_par' dir='ltr' id='par_1_13' title="bbox 1021 469 1790 507">
     <span class='ocr_line' id='line_1_13' title="bbox 1021 469 1790 507; baseline 0.005 -12"><span class='ocrx_word' id='word_1_130' title='bbox 1021 469 1246 503; x_wconf 80' lang='lat' dir='ltr'><strong>nlia,etc.,usque</strong></span> <span class='ocrx_word' id='word_1_131' title='bbox 1259 469 1293 496; x_wconf 85' lang='lat' dir='ltr'><strong>ad</strong></span> <span class='ocrx_word' id='word_1_132' title='bbox 1304 474 1351 497; x_wconf 80' lang='lat' dir='ltr'><strong>aut</strong></span> <span class='ocrx_word' id='word_1_133' title='bbox 1365 478 1473 505; x_wconf 66' lang='lat' dir='ltr'><strong>poenam</strong></span> <span class='ocrx_word' id='word_1_134' title='bbox 1491 471 1598 504; x_wconf 80' lang='lat' dir='ltr'><strong>minuit,</strong></span> <span class='ocrx_word' id='word_1_135' title='bbox 1612 476 1640 498; x_wconf 86' lang='lat' dir='ltr'><strong>ut</strong></span> <span class='ocrx_word' id='word_1_136' title='bbox 1653 480 1715 507; x_wconf 85' lang='lat' dir='ltr'><strong>pag.</strong></span> <span class='ocrx_word' id='word_1_137' title='bbox 1727 471 1790 504; x_wconf 74' lang='lat' dir='ltr'><strong>8H,</strong></span> 
     </span>
    </p>
   </div>
   <div class='ocr_carea' id='block_1_14' title="bbox 148 510 1058 547">
    <p class='ocr_par' dir='ltr' id='par_1_14' title="bbox 148 510 1058 547">
     <span class='ocr_line' id='line_1_14' title="bbox 148 510 1058 547; baseline 0.005 -10"><span class='ocrx_word' id='word_1_138' title='bbox 148 511 238 542; x_wconf 77' lang='grc' dir='ltr'>αὑτὸν,</span> <span class='ocrx_word' id='word_1_139' title='bbox 257 510 273 546; x_wconf 75' lang='grc' dir='ltr'><strong>ἢ</strong></span> <span class='ocrx_word' id='word_1_140' title='bbox 289 512 361 545; x_wconf 79' lang='grc' dir='ltr'>μειοῖ</span> <span class='ocrx_word' id='word_1_141' title='bbox 375 511 423 546; x_wconf 87' lang='grc' dir='ltr'>τὴν</span> <span class='ocrx_word' id='word_1_142' title='bbox 440 512 544 547; x_wconf 87' lang='grc' dir='ltr'>ποινήν.</span> <span class='ocrx_word' id='word_1_143' title='bbox 993 515 1058 542; x_wconf 81' lang='grc'>815,</span> 
     </span>
    </p>
   </div>
   <div class='ocr_carea' id='block_1_15' title="bbox 182 556 952 595">
    <p class='ocr_par' dir='ltr' id='par_1_15' title="bbox 182 556 940 594">
     <span class='ocr_line' id='line_1_15' title="bbox 182 556 940 594; baseline 0.003 -11"><span class='ocrx_word' id='word_1_144' title='bbox 182 557 323 591; x_wconf 79' lang='grc' dir='ltr'><strong>Σχόλιον.</strong></span> <span class='ocrx_word' id='word_1_145' title='bbox 345 556 382 583; x_wconf 83' lang='grc' dir='ltr'><strong>Τὸ</strong></span> <span class='ocrx_word' id='word_1_146' title='bbox 400 561 442 592; x_wconf 86' lang='grc' dir='ltr'><strong>με’</strong></span> <span class='ocrx_word' id='word_1_147' title='bbox 459 557 529 585; x_wconf 86' lang='grc' dir='ltr'>διάτ.</span> <span class='ocrx_word' id='word_1_148' title='bbox 542 558 589 584; x_wconf 80' lang='grc' dir='ltr'>τοῦ</span> <span class='ocrx_word' id='word_1_149' title='bbox 613 558 636 585; x_wconf 88' lang='grc' dir='ltr'>α’</span> <span class='ocrx_word' id='word_1_150' title='bbox 660 558 714 586; x_wconf 89' lang='grc' dir='ltr'>τίτ.</span> <span class='ocrx_word' id='word_1_151' title='bbox 733 558 780 585; x_wconf 73' lang='grc' dir='ltr'>τοῦ</span> <span class='ocrx_word' id='word_1_152' title='bbox 798 558 841 594; x_wconf 83' lang='grc' dir='ltr'>μβ¹</span> <span class='ocrx_word' id='word_1_153' title='bbox 856 558 940 594; x_wconf 74' lang='grc' dir='ltr'><strong>βιϐλ..</strong></span> 
     </span>
    </p>
   </div>
   <div class='ocr_carea' id='block_1_16' title="bbox 1021 556 1791 595">
    <p class='ocr_par' dir='ltr' id='par_1_16' title="bbox 1029 559 1791 595">
     <span class='ocr_line' id='line_1_16' title="bbox 1029 559 1791 595; baseline -0.001 -6"><span class='ocrx_word' id='word_1_154' title='bbox 1029 559 1180 589; x_wconf 83' lang='lat' dir='ltr'><strong>Scholium.</strong></span> <span class='ocrx_word' id='word_1_155' title='bbox 1213 559 1315 595; x_wconf 77' lang='lat' dir='ltr'><strong>Digest.</strong></span> <span class='ocrx_word' id='word_1_156' title='bbox 1331 560 1367 588; x_wconf 69' lang='grc'><strong>45</strong></span> <span class='ocrx_word' id='word_1_157' title='bbox 1396 561 1438 588; x_wconf 83' lang='grc' dir='ltr'>ιῑι.</span> <span class='ocrx_word' id='word_1_158' title='bbox 1466 560 1478 587; x_wconf 91' lang='grc'><strong>1</strong></span> <span class='ocrx_word' id='word_1_159' title='bbox 1505 559 1552 587; x_wconf 86' lang='lat' dir='ltr'><strong>lib.</strong></span> <span class='ocrx_word' id='word_1_160' title='bbox 1572 568 1628 588; x_wconf 73' lang='grc' dir='ltr'>χιιι</span> <span class='ocrx_word' id='word_1_161' title='bbox 1641 565 1683 588; x_wconf 83' lang='lat' dir='ltr'><strong>est</strong></span> <span class='ocrx_word' id='word_1_162' title='bbox 1699 561 1791 588; x_wconf 81' lang='lat' dir='ltr'><strong>thema</strong></span> 
     </span>
    </p>
   </div>
   <div class='ocr_carea' id='block_1_17' title="bbox 147 602 917 644">
    <p class='ocr_par' dir='ltr' id='par_1_17' title="bbox 147 603 917 640">
     <span class='ocr_line' id='line_1_17' title="bbox 147 603 917 640; baseline 0.004 -11"><span class='ocrx_word' id='word_1_163' title='bbox 147 603 203 630; x_wconf 82' lang='grc' dir='ltr'>ἔστι</span> <span class='ocrx_word' id='word_1_164' title='bbox 223 603 295 638; x_wconf 82' lang='grc' dir='ltr'>θέμα</span> <span class='ocrx_word' id='word_1_165' title='bbox 310 604 512 640; x_wconf 62' lang='grc' dir='ltr'>παρατέλευτον</span> <span class='ocrx_word' id='word_1_166' title='bbox 524 605 571 632; x_wconf 83' lang='grc' dir='ltr'>τοῦ</span> <span class='ocrx_word' id='word_1_167' title='bbox 591 604 638 640; x_wconf 82' lang='grc' dir='ltr'><strong>μς¹</strong></span> <span class='ocrx_word' id='word_1_168' title='bbox 651 614 714 640; x_wconf 79' lang='grc' dir='ltr'>κεφ,</span> <span class='ocrx_word' id='word_1_169' title='bbox 731 606 778 633; x_wconf 86' lang='grc' dir='ltr'>τοῦ</span> <span class='ocrx_word' id='word_1_170' title='bbox 790 609 814 640; x_wconf 84' lang='grc' dir='ltr'><strong>γ’</strong></span> <span class='ocrx_word' id='word_1_171' title='bbox 827 607 880 633; x_wconf 86' lang='grc' dir='ltr'>τίτ.</span> <span class='ocrx_word' id='word_1_172' title='bbox 892 614 917 632; x_wconf 61' lang='grc' dir='ltr'><strong>τι</strong></span> 
     </span>
    </p>
   </div>
   <div class='ocr_carea' id='block_1_18' title="bbox 1021 602 1791 644">
    <p class='ocr_par' dir='ltr' id='par_1_18' title="bbox 1021 602 1791 642">
     <span class='ocr_line' id='line_1_18' title="bbox 1021 602 1791 642; baseline 0 -9"><span class='ocrx_word' id='word_1_173' title='bbox 1021 608 1097 635; x_wconf 79' lang='lat' dir='ltr'><strong>mult.</strong></span> <span class='ocrx_word' id='word_1_174' title='bbox 1122 614 1183 642; x_wconf 86' lang='lat' dir='ltr'><strong>cap.</strong></span> <span class='ocrx_word' id='word_1_175' title='bbox 1201 605 1236 633; x_wconf 72' lang='grc'><strong>46</strong></span> <span class='ocrx_word' id='word_1_176' title='bbox 1261 607 1303 632; x_wconf 77' lang='grc' dir='ltr'>ιιι.</span> <span class='ocrx_word' id='word_1_177' title='bbox 1323 602 1348 632; x_wconf 66' lang='grc' dir='ltr'><strong>δ’</strong></span> <span class='ocrx_word' id='word_1_178' title='bbox 1365 605 1412 633; x_wconf 88' lang='lat' dir='ltr'><strong>lib.</strong></span> <span class='ocrx_word' id='word_1_179' title='bbox 1437 614 1464 633; x_wconf 78' lang='lat' dir='ltr'><strong>rx</strong></span> <span class='ocrx_word' id='word_1_180' title='bbox 1482 605 1578 637; x_wconf 84' lang='lat' dir='ltr'><strong>Basil.,</strong></span> <span class='ocrx_word' id='word_1_181' title='bbox 1602 606 1675 640; x_wconf 89' lang='lat' dir='ltr'><strong>quod</strong></span> <span class='ocrx_word' id='word_1_182' title='bbox 1698 606 1791 639; x_wconf 84' lang='lat' dir='ltr'><strong>habet,</strong></span> 
     </span>
    </p>
   </div>
   <div class='ocr_carea' id='block_1_19' title="bbox 147 649 917 689">
    <p class='ocr_par' dir='ltr' id='par_1_19' title="bbox 147 649 917 687">
     <span class='ocr_line' id='line_1_19' title="bbox 147 649 917 687; baseline 0.003 -11"><span class='ocrx_word' id='word_1_183' title='bbox 147 649 170 676; x_wconf 80' lang='grc' dir='ltr'><strong>θ’</strong></span> <span class='ocrx_word' id='word_1_184' title='bbox 196 649 267 684; x_wconf 77' lang='grc' dir='ltr'><strong>βιόλ.</strong></span> <span class='ocrx_word' id='word_1_185' title='bbox 296 650 352 676; x_wconf 85' lang='grc' dir='ltr'>τῶν</span> <span class='ocrx_word' id='word_1_186' title='bbox 376 650 529 678; x_wconf 69' lang='grc' dir='ltr'>Βασιλικῶν</span> <span class='ocrx_word' id='word_1_187' title='bbox 555 651 642 683; x_wconf 77' lang='grc' dir='ltr'>οὕτως</span> <span class='ocrx_word' id='word_1_188' title='bbox 667 652 729 687; x_wconf 81' lang='grc' dir='ltr'>ἔχον</span> <span class='ocrx_word' id='word_1_189' title='bbox 756 652 795 684; x_wconf 81' lang='grc' dir='ltr'>ὡς</span> <span class='ocrx_word' id='word_1_190' title='bbox 819 653 917 686; x_wconf 79' lang='grc' dir='ltr'>ἐγράφι</span> 
     </span>
    </p>
   </div>
   <div class='ocr_carea' id='block_1_20' title="bbox 1019 649 1789 689">
    <p class='ocr_par' dir='ltr' id='par_1_20' title="bbox 1022 651 1789 686">
     <span class='ocr_line' id='line_1_20' title="bbox 1022 651 1789 686; baseline -0.001 -6"><span class='ocrx_word' id='word_1_191' title='bbox 1022 653 1132 680; x_wconf 79' lang='lat' dir='ltr'><strong>tomodo</strong></span> <span class='ocrx_word' id='word_1_192' title='bbox 1144 652 1276 686; x_wconf 89' lang='lat' dir='ltr'><strong>scriptum</strong></span> <span class='ocrx_word' id='word_1_193' title='bbox 1293 656 1344 678; x_wconf 83' lang='lat' dir='ltr'><strong>est.</strong></span> <span class='ocrx_word' id='word_1_194' title='bbox 1363 651 1542 686; x_wconf 85' lang='lat' dir='ltr'><strong>lntcrrogabit</strong></span> <span class='ocrx_word' id='word_1_195' title='bbox 1561 659 1625 679; x_wconf 89' lang='lat' dir='ltr'><strong>vero</strong></span> <span class='ocrx_word' id='word_1_196' title='bbox 1640 652 1789 686; x_wconf 79' lang='lat' dir='ltr'><strong>quispiam.</strong></span> 
     </span>
    </p>
   </div>
   <div class='ocr_carea' id='block_1_21' title="bbox 153 695 923 735">
    <p class='ocr_par' dir='ltr' id='par_1_21' title="bbox 153 695 923 732">
     <span class='ocr_line' id='line_1_21' title="bbox 153 695 923 732; baseline 0.003 -10"><span class='ocrx_word' id='word_1_197' title='bbox 153 695 302 730; x_wconf 86' lang='grc' dir='ltr'>Ἐρωτήσει</span> <span class='ocrx_word' id='word_1_198' title='bbox 317 696 347 723; x_wconf 75' lang='grc' dir='ltr'><strong>δέ</strong></span> <span class='ocrx_word' id='word_1_199' title='bbox 361 705 404 728; x_wconf 88' lang='grc' dir='ltr'><strong>τις</strong></span> <span class='ocrx_word' id='word_1_200' title='bbox 420 696 467 723; x_wconf 75' lang='grc' dir='ltr'><strong>καὶ</strong></span> <span class='ocrx_word' id='word_1_201' title='bbox 491 697 541 732; x_wconf 80' lang='grc' dir='ltr'>μὲν</span> <span class='ocrx_word' id='word_1_202' title='bbox 562 698 593 724; x_wconf 79' lang='grc' dir='ltr'>τὸ</span> <span class='ocrx_word' id='word_1_203' title='bbox 615 698 809 732; x_wconf 78' lang='grc' dir='ltr'>καταστρωϐὲν</span> <span class='ocrx_word' id='word_1_204' title='bbox 825 698 923 724; x_wconf 68' lang='grc' dir='ltr'>ὄπισθε</span> 
     </span>
    </p>
   </div>
   <div class='ocr_carea' id='block_1_22' title="bbox 1021 695 1791 735">
    <p class='ocr_par' dir='ltr' id='par_1_22' title="bbox 1021 698 1791 735">
     <span class='ocr_line' id='line_1_22' title="bbox 1021 698 1791 735; baseline -0.001 -8"><span class='ocrx_word' id='word_1_205' title='bbox 1021 708 1053 727; x_wconf 88' lang='lat' dir='ltr'><strong>un</strong></span> <span class='ocrx_word' id='word_1_206' title='bbox 1074 708 1135 735; x_wconf 83' lang='lat' dir='ltr'><strong>cap.</strong></span> <span class='ocrx_word' id='word_1_207' title='bbox 1165 700 1196 726; x_wconf 83' lang='grc'><strong>15</strong></span> <span class='ocrx_word' id='word_1_208' title='bbox 1213 699 1255 726; x_wconf 90' lang='lat' dir='ltr'><strong>tit.</strong></span> <span class='ocrx_word' id='word_1_209' title='bbox 1272 698 1303 725; x_wconf 81' lang='grc'><strong>51</strong></span> <span class='ocrx_word' id='word_1_210' title='bbox 1321 698 1367 725; x_wconf 90' lang='lat' dir='ltr'><strong>lib.</strong></span> <span class='ocrx_word' id='word_1_211' title='bbox 1385 706 1430 730; x_wconf 69' lang='grc' dir='ltr'>ιιι,</span> <span class='ocrx_word' id='word_1_212' title='bbox 1451 699 1532 733; x_wconf 90' lang='lat' dir='ltr'><strong>paulo</strong></span> <span class='ocrx_word' id='word_1_213' title='bbox 1552 703 1615 726; x_wconf 93' lang='lat' dir='ltr'><strong>ante</strong></span> <span class='ocrx_word' id='word_1_214' title='bbox 1646 699 1791 731; x_wconf 90' lang='lat' dir='ltr'><strong>insertum,</strong></span> 
     </span>
    </p>
   </div>
   <div class='ocr_carea' id='block_1_23' title="bbox 148 741 918 782">
    <p class='ocr_par' dir='ltr' id='par_1_23' title="bbox 148 741 918 778">
     <span class='ocr_line' id='line_1_23' title="bbox 148 741 918 778; baseline 0.005 -11"><span class='ocrx_word' id='word_1_215' title='bbox 148 741 182 776; x_wconf 85' lang='grc' dir='ltr'>ιγ’</span> <span class='ocrx_word' id='word_1_216' title='bbox 197 751 260 776; x_wconf 86' lang='grc' dir='ltr'>κεφ.</span> <span class='ocrx_word' id='word_1_217' title='bbox 276 742 324 769; x_wconf 78' lang='grc' dir='ltr'>τοῦ</span> <span class='ocrx_word' id='word_1_218' title='bbox 342 745 381 769; x_wconf 80' lang='lat' dir='ltr'><strong>va’</strong></span> <span class='ocrx_word' id='word_1_219' title='bbox 394 743 448 770; x_wconf 80' lang='grc' dir='ltr'>τίτ.</span> <span class='ocrx_word' id='word_1_220' title='bbox 466 743 513 770; x_wconf 86' lang='grc' dir='ltr'>τοῦ</span> <span class='ocrx_word' id='word_1_221' title='bbox 529 743 549 776; x_wconf 75' lang='grc' dir='ltr'><strong>ξ’</strong></span> <span class='ocrx_word' id='word_1_222' title='bbox 565 743 636 778; x_wconf 79' lang='grc' dir='ltr'><strong>βιὸλ.</strong></span> <span class='ocrx_word' id='word_1_223' title='bbox 654 744 729 778; x_wconf 83' lang='grc' dir='ltr'><strong>λέγει</strong></span> <span class='ocrx_word' id='word_1_224' title='bbox 743 744 874 771; x_wconf 81' lang='grc' dir='ltr'>δύνασθαι</span> <span class='ocrx_word' id='word_1_225' title='bbox 889 745 918 771; x_wconf 70' lang='grc' dir='ltr'><strong>τ’)</strong></span> 
     </span>
    </p>
   </div>
   <div class='ocr_carea' id='block_1_24' title="bbox 1021 741 1791 782">
    <p class='ocr_par' dir='ltr' id='par_1_24' title="bbox 1024 745 1791 781">
     <span class='ocr_line' id='line_1_24' title="bbox 1024 745 1791 781; baseline 0 -9"><span class='ocrx_word' id='word_1_226' title='bbox 1024 747 1111 773; x_wconf 86' lang='lat' dir='ltr'><strong>dicem</strong></span> <span class='ocrx_word' id='word_1_227' title='bbox 1136 753 1234 781; x_wconf 82' lang='lat' dir='ltr'><strong>augere</strong></span> <span class='ocrx_word' id='word_1_228' title='bbox 1256 750 1282 773; x_wconf 83' lang='lat' dir='ltr'><strong>et</strong></span> <span class='ocrx_word' id='word_1_229' title='bbox 1299 745 1424 772; x_wconf 83' lang='lat' dir='ltr'><strong>minuere</strong></span> <span class='ocrx_word' id='word_1_230' title='bbox 1448 752 1556 779; x_wconf 66' lang='lat' dir='ltr'><strong>poenam</strong></span> <span class='ocrx_word' id='word_1_231' title='bbox 1587 752 1666 779; x_wconf 86' lang='lat' dir='ltr'><strong>posse</strong></span> <span class='ocrx_word' id='word_1_232' title='bbox 1695 745 1791 776; x_wconf 82' lang='lat' dir='ltr'><strong>dicat,</strong></span> 
     </span>
    </p>
   </div>
   <div class='ocr_carea' id='block_1_25' title="bbox 146 786 916 828">
    <p class='ocr_par' dir='ltr' id='par_1_25' title="bbox 146 786 916 824">
     <span class='ocr_line' id='line_1_25' title="bbox 146 786 916 824; baseline 0.004 -10"><span class='ocrx_word' id='word_1_233' title='bbox 146 787 275 821; x_wconf 74' lang='grc' dir='ltr'>δικαστὴν</span> <span class='ocrx_word' id='word_1_234' title='bbox 301 786 394 820; x_wconf 79' lang='grc' dir='ltr'>αὕξειν</span> <span class='ocrx_word' id='word_1_235' title='bbox 420 788 466 815; x_wconf 79' lang='grc' dir='ltr'>καὶ</span> <span class='ocrx_word' id='word_1_236' title='bbox 493 788 587 823; x_wconf 82' lang='grc' dir='ltr'>μειοῦν</span> <span class='ocrx_word' id='word_1_237' title='bbox 603 788 652 824; x_wconf 81' lang='grc' dir='ltr'><strong>τὴν</strong></span> <span class='ocrx_word' id='word_1_238' title='bbox 676 791 781 824; x_wconf 82' lang='grc' dir='ltr'>ποινήν.</span> <span class='ocrx_word' id='word_1_239' title='bbox 808 790 870 822; x_wconf 88' lang='grc' dir='ltr'><strong>Πῶς</strong></span> <span class='ocrx_word' id='word_1_240' title='bbox 893 788 916 817; x_wconf 65' lang='grc' dir='ltr'>οἳ</span> 
     </span>
    </p>
   </div>
   <div class='ocr_carea' id='block_1_26' title="bbox 1023 786 1793 828">
    <p class='ocr_par' dir='ltr' id='par_1_26' title="bbox 1023 790 1793 827">
     <span class='ocr_line' id='line_1_26' title="bbox 1023 790 1793 827; baseline -0.001 -8"><span class='ocrx_word' id='word_1_241' title='bbox 1023 800 1046 820; x_wconf 90' lang='lat' dir='ltr'><strong>Ia</strong></span> <span class='ocrx_word' id='word_1_242' title='bbox 1071 793 1177 819; x_wconf 83' lang='lat' dir='ltr'><strong>ratione</strong></span> <span class='ocrx_word' id='word_1_243' title='bbox 1206 792 1250 819; x_wconf 90' lang='lat' dir='ltr'><strong>hic</strong></span> <span class='ocrx_word' id='word_1_244' title='bbox 1272 792 1379 819; x_wconf 79' lang='lat' dir='ltr'><strong>dicatur</strong></span> <span class='ocrx_word' id='word_1_245' title='bbox 1407 792 1600 825; x_wconf 85' lang='lat' dir='ltr'><strong>contrarium;</strong></span> <span class='ocrx_word' id='word_1_246' title='bbox 1625 790 1704 827; x_wconf 84' lang='lat' dir='ltr'><strong>[sane</strong></span> <span class='ocrx_word' id='word_1_247' title='bbox 1728 798 1793 818; x_wconf 80' lang='lat' dir='ltr'><strong>vero</strong></span> 
     </span>
    </p>
   </div>
   <div class='ocr_carea' id='block_1_27' title="bbox 147 833 917 872">
    <p class='ocr_par' dir='ltr' id='par_1_27' title="bbox 147 833 917 872">
     <span class='ocr_line' id='line_1_27' title="bbox 147 833 917 872; baseline 0.004 -12"><span class='ocrx_word' id='word_1_248' title='bbox 147 833 266 860; x_wconf 79' lang='grc' dir='ltr'>ἐνταῦθα</span> <span class='ocrx_word' id='word_1_249' title='bbox 284 833 358 868; x_wconf 81' lang='grc' dir='ltr'>λέγει</span> <span class='ocrx_word' id='word_1_250' title='bbox 381 834 413 861; x_wconf 82' lang='grc' dir='ltr'>τὸ</span> <span class='ocrx_word' id='word_1_251' title='bbox 433 835 565 868; x_wconf 81' lang='grc' dir='ltr'>ἐναντίον,</span> <span class='ocrx_word' id='word_1_252' title='bbox 582 835 596 861; x_wconf 98' lang='lat'><strong>6</strong></span> <span class='ocrx_word' id='word_1_253' title='bbox 613 835 662 869; x_wconf 84' lang='grc' dir='ltr'>μὲν</span> <span class='ocrx_word' id='word_1_254' title='bbox 677 835 796 868; x_wconf 81' lang='grc' dir='ltr'><strong>δικάζων</strong></span> <span class='ocrx_word' id='word_1_255' title='bbox 812 836 917 872; x_wconf 63' lang='grc' dir='ltr'>ἐετραοε</span> 
     </span>
    </p>
   </div>
   <div class='ocr_carea' id='block_1_28' title="bbox 1023 833 1793 872">
    <p class='ocr_par' dir='ltr' id='par_1_28' title="bbox 1023 836 1793 870">
     <span class='ocr_line' id='line_1_28' title="bbox 1023 836 1793 870; baseline -0.003 -7"><span class='ocrx_word' id='word_1_256' title='bbox 1023 838 1039 863; x_wconf 81' lang='lat' dir='ltr'><strong>ii</strong></span> <span class='ocrx_word' id='word_1_257' title='bbox 1063 837 1279 864; x_wconf 66' lang='lat' dir='ltr'><strong>extraordinaria</strong></span> <span class='ocrx_word' id='word_1_258' title='bbox 1304 836 1338 863; x_wconf 83' lang='lat' dir='ltr'><strong>de</strong></span> <span class='ocrx_word' id='word_1_259' title='bbox 1357 836 1471 863; x_wconf 91' lang='lat' dir='ltr'><strong>crimine</strong></span> <span class='ocrx_word' id='word_1_260' title='bbox 1494 836 1607 870; x_wconf 81' lang='lat' dir='ltr'><strong>iudicat.</strong></span> <span class='ocrx_word' id='word_1_261' title='bbox 1640 843 1740 870; x_wconf 80' lang='lat' dir='ltr'><strong>augere</strong></span> <span class='ocrx_word' id='word_1_262' title='bbox 1766 840 1793 862; x_wconf 89' lang='lat' dir='ltr'><strong>et</strong></span> 
     </span>
    </p>
   </div>
   <div class='ocr_carea' id='block_1_29' title="bbox 112 874 882 918">
    <p class='ocr_par' dir='ltr' id='par_1_29' title="bbox 112 876 863 916">
     <span class='ocr_line' id='line_1_29' title="bbox 112 876 863 916; baseline 0.003 -10"><span class='ocrx_word' id='word_1_263' title='bbox 112 876 115 879; x_wconf 72' lang='grc'><em>’</em></span> <span class='ocrx_word' id='word_1_264' title='bbox 146 879 265 915; x_wconf 74' lang='grc' dir='ltr'>διναρίου</span> <span class='ocrx_word' id='word_1_265' title='bbox 290 879 417 915; x_wconf 78' lang='grc' dir='ltr'>ἔγκλημα</span> <span class='ocrx_word' id='word_1_266' title='bbox 439 880 551 908; x_wconf 84' lang='grc' dir='ltr'>δύναται</span> <span class='ocrx_word' id='word_1_267' title='bbox 576 880 668 914; x_wconf 73' lang='grc' dir='ltr'>αὔξειν</span> <span class='ocrx_word' id='word_1_268' title='bbox 695 881 743 908; x_wconf 75' lang='grc' dir='ltr'><strong>καὶ</strong></span> <span class='ocrx_word' id='word_1_269' title='bbox 770 882 863 916; x_wconf 78' lang='grc' dir='ltr'>μειοῦν</span> 
     </span>
    </p>
   </div>
   <div class='ocr_carea' id='block_1_30' title="bbox 1020 874 1790 918">
    <p class='ocr_par' dir='ltr' id='par_1_30' title="bbox 1024 880 1790 916">
     <span class='ocr_line' id='line_1_30' title="bbox 1024 880 1790 916; baseline -0.001 -8"><span class='ocrx_word' id='word_1_270' title='bbox 1024 882 1119 908; x_wconf 84' lang='lat' dir='ltr'><strong>iuuere</strong></span> <span class='ocrx_word' id='word_1_271' title='bbox 1139 889 1248 916; x_wconf 76' lang='lat' dir='ltr'><strong>pamam</strong></span> <span class='ocrx_word' id='word_1_272' title='bbox 1271 885 1380 916; x_wconf 90' lang='lat' dir='ltr'><strong>potest:</strong></span> <span class='ocrx_word' id='word_1_273' title='bbox 1397 881 1444 915; x_wconf 89' lang='lat' dir='ltr'><strong>qui</strong></span> <span class='ocrx_word' id='word_1_274' title='bbox 1471 885 1563 908; x_wconf 89' lang='lat' dir='ltr'><strong>autem</strong></span> <span class='ocrx_word' id='word_1_275' title='bbox 1589 880 1623 907; x_wconf 88' lang='lat' dir='ltr'><strong>de</strong></span> <span class='ocrx_word' id='word_1_276' title='bbox 1651 880 1790 907; x_wconf 84' lang='lat' dir='ltr'><strong>ordinaria</strong></span> 
     </span>
    </p>
   </div>
   <div class='ocr_carea' id='block_1_31' title="bbox 147 926 917 963">
    <p class='ocr_par' dir='ltr' id='par_1_31' title="bbox 147 926 917 963">
     <span class='ocr_line' id='line_1_31' title="bbox 147 926 917 963; baseline 0.004 -11"><span class='ocrx_word' id='word_1_277' title='bbox 147 926 254 961; x_wconf 80' lang='grc' dir='ltr'>ποινὴν,</span> <span class='ocrx_word' id='word_1_278' title='bbox 277 927 291 952; x_wconf 87' lang='lat'><strong>6</strong></span> <span class='ocrx_word' id='word_1_279' title='bbox 312 926 341 952; x_wconf 85' lang='grc' dir='ltr'><strong>δὲ</strong></span> <span class='ocrx_word' id='word_1_280' title='bbox 363 926 408 953; x_wconf 82' lang='grc' dir='ltr'>διὰ</span> <span class='ocrx_word' id='word_1_281' title='bbox 424 926 479 953; x_wconf 70' lang='grc' dir='ltr'><strong>τῶν</strong></span> <span class='ocrx_word' id='word_1_282' title='bbox 494 926 707 962; x_wconf 81' lang='grc' dir='ltr'>ἐγκληματικῶς</span> <span class='ocrx_word' id='word_1_283' title='bbox 725 928 854 963; x_wconf 83' lang='grc' dir='ltr'>ὲνορδίνῳ</span> <span class='ocrx_word' id='word_1_284' title='bbox 870 929 917 955; x_wconf 73' lang='grc' dir='ltr'><strong>ὑπ(</strong></span> 
     </span>
    </p>
   </div>
   <div class='ocr_carea' id='block_1_32' title="bbox 1023 926 1793 963">
    <p class='ocr_par' dir='ltr' id='par_1_32' title="bbox 1028 926 1793 962">
     <span class='ocr_line' id='line_1_32' title="bbox 1028 926 1793 962; baseline -0.003 -8"><span class='ocrx_word' id='word_1_285' title='bbox 1028 935 1088 960; x_wconf 73' lang='lat' dir='ltr'><strong>usa,</strong></span> <span class='ocrx_word' id='word_1_286' title='bbox 1105 934 1165 962; x_wconf 74' lang='lat' dir='ltr'><strong>qua:</strong></span> <span class='ocrx_word' id='word_1_287' title='bbox 1180 934 1212 953; x_wconf 76' lang='lat' dir='ltr'><strong>ex</strong></span> <span class='ocrx_word' id='word_1_288' title='bbox 1229 927 1287 961; x_wconf 75' lang='lat' dir='ltr'><strong>lege</strong></span> <span class='ocrx_word' id='word_1_289' title='bbox 1304 926 1443 954; x_wconf 76' lang='lat' dir='ltr'><strong>deﬁnitam</strong></span> <span class='ocrx_word' id='word_1_290' title='bbox 1459 932 1486 953; x_wconf 86' lang='lat' dir='ltr'><strong>ct</strong></span> <span class='ocrx_word' id='word_1_291' title='bbox 1503 931 1605 953; x_wconf 83' lang='lat' dir='ltr'><strong>certam</strong></span> <span class='ocrx_word' id='word_1_292' title='bbox 1620 933 1728 960; x_wconf 72' lang='lat' dir='ltr'><strong>pmnam</strong></span> <span class='ocrx_word' id='word_1_293' title='bbox 1745 926 1793 952; x_wconf 85' lang='lat' dir='ltr'><strong>ba-</strong></span> 
     </span>
    </p>
   </div>
   <div class='ocr_carea' id='block_1_33' title="bbox 146 969 916 1009">
    <p class='ocr_par' dir='ltr' id='par_1_33' title="bbox 146 971 916 1009">
     <span class='ocr_line' id='line_1_33' title="bbox 146 971 916 1009; baseline 0.004 -11"><span class='ocrx_word' id='word_1_294' title='bbox 146 972 219 998; x_wconf 77' lang='grc' dir='ltr'>Οέσει</span> <span class='ocrx_word' id='word_1_295' title='bbox 232 971 286 998; x_wconf 81' lang='grc' dir='ltr'>ἀπὺ</span> <span class='ocrx_word' id='word_1_296' title='bbox 302 972 384 1007; x_wconf 84' lang='grc' dir='ltr'>νόμου</span> <span class='ocrx_word' id='word_1_297' title='bbox 400 972 500 1008; x_wconf 76' lang='grc' dir='ltr'><strong>ἐχούσῃ</strong></span> <span class='ocrx_word' id='word_1_298' title='bbox 520 973 680 1009; x_wconf 71' lang='grc' dir='ltr'>ὡρισμένην</span> <span class='ocrx_word' id='word_1_299' title='bbox 704 973 799 1009; x_wconf 81' lang='grc' dir='ltr'>ποινὴν</span> <span class='ocrx_word' id='word_1_300' title='bbox 816 974 846 1000; x_wconf 77' lang='grc' dir='ltr'><strong>οὐ</strong></span> <span class='ocrx_word' id='word_1_301' title='bbox 864 973 916 1001; x_wconf 71' lang='grc' dir='ltr'>δύνς</span> 
     </span>
    </p>
   </div>
   <div class='ocr_carea' id='block_1_34' title="bbox 1023 969 1793 1009">
    <p class='ocr_par' dir='ltr' id='par_1_34' title="bbox 1023 969 1793 1006">
     <span class='ocr_line' id='line_1_34' title="bbox 1023 969 1793 1006; baseline -0.004 -8"><span class='ocrx_word' id='word_1_302' title='bbox 1023 977 1049 1005; x_wconf 67' lang='grc' dir='ltr'><strong>τι,</strong></span> <span class='ocrx_word' id='word_1_303' title='bbox 1062 971 1367 1006; x_wconf 81' lang='lat' dir='ltr'><strong>criminaliterjudicat,</strong></span> <span class='ocrx_word' id='word_1_304' title='bbox 1390 971 1414 997; x_wconf 89' lang='lat' dir='ltr'><strong>id</strong></span> <span class='ocrx_word' id='word_1_305' title='bbox 1432 970 1523 997; x_wconf 78' lang='lat' dir='ltr'><strong>facere</strong></span> <span class='ocrx_word' id='word_1_306' title='bbox 1540 979 1593 997; x_wconf 91' lang='lat' dir='ltr'><strong>non</strong></span> <span class='ocrx_word' id='word_1_307' title='bbox 1621 974 1719 1005; x_wconf 82' lang='lat' dir='ltr'><strong>potest.</strong></span> <span class='ocrx_word' id='word_1_308' title='bbox 1740 969 1793 996; x_wconf 80' lang='lat' dir='ltr'><strong>Aut</strong></span> 
     </span>
    </p>
   </div>
   <div class='ocr_carea' id='block_1_35' title="bbox 145 1016 915 1055">
    <p class='ocr_par' dir='ltr' id='par_1_35' title="bbox 145 1018 915 1055">
     <span class='ocr_line' id='line_1_35' title="bbox 145 1018 915 1055; baseline 0.003 -11"><span class='ocrx_word' id='word_1_309' title='bbox 145 1026 191 1044; x_wconf 71' lang='lat' dir='ltr'><strong>ut</strong></span> <span class='ocrx_word' id='word_1_310' title='bbox 220 1018 299 1044; x_wconf 81' lang='grc' dir='ltr'>τοῦτο</span> <span class='ocrx_word' id='word_1_311' title='bbox 323 1019 419 1045; x_wconf 84' lang='grc' dir='ltr'><strong>ποιεῖν.</strong></span> <span class='ocrx_word' id='word_1_312' title='bbox 438 1019 473 1045; x_wconf 86' lang='grc' dir='ltr'><strong>Ἦ</strong></span> <span class='ocrx_word' id='word_1_313' title='bbox 489 1019 552 1045; x_wconf 74' lang='grc' dir='ltr'>εἰπὲ</span> <span class='ocrx_word' id='word_1_314' title='bbox 574 1019 616 1045; x_wconf 83' lang='grc' dir='ltr'>ὅτι</span> <span class='ocrx_word' id='word_1_315' title='bbox 640 1020 693 1055; x_wconf 75' lang='grc' dir='ltr'>πρὸ</span> <span class='ocrx_word' id='word_1_316' title='bbox 709 1019 759 1055; x_wconf 83' lang='grc' dir='ltr'>μὲν</span> <span class='ocrx_word' id='word_1_317' title='bbox 776 1020 915 1054; x_wconf 74' lang='grc' dir='ltr'>ἀποφάτεο</span> 
     </span>
    </p>
   </div>
   <div class='ocr_carea' id='block_1_36' title="bbox 1022 1016 1792 1055">
    <p class='ocr_par' dir='ltr' id='par_1_36' title="bbox 1024 1016 1792 1053">
     <span class='ocr_line' id='line_1_36' title="bbox 1024 1016 1792 1053; baseline -0.005 -8"><span class='ocrx_word' id='word_1_318' title='bbox 1024 1027 1081 1050; x_wconf 78' lang='lat' dir='ltr'><strong>cas,</strong></span> <span class='ocrx_word' id='word_1_319' title='bbox 1098 1018 1170 1053; x_wconf 87' lang='lat' dir='ltr'><strong>quod</strong></span> <span class='ocrx_word' id='word_1_320' title='bbox 1186 1023 1250 1044; x_wconf 87' lang='lat' dir='ltr'><strong>ante</strong></span> <span class='ocrx_word' id='word_1_321' title='bbox 1268 1017 1430 1044; x_wconf 86' lang='lat' dir='ltr'><strong>sententiam</strong></span> <span class='ocrx_word' id='word_1_322' title='bbox 1454 1016 1564 1050; x_wconf 81' lang='lat' dir='ltr'><strong>quidem</strong></span> <span class='ocrx_word' id='word_1_323' title='bbox 1583 1023 1684 1050; x_wconf 75' lang='lat' dir='ltr'><strong>augere</strong></span> <span class='ocrx_word' id='word_1_324' title='bbox 1699 1020 1726 1043; x_wconf 86' lang='lat' dir='ltr'><strong>et</strong></span> <span class='ocrx_word' id='word_1_325' title='bbox 1742 1016 1792 1042; x_wconf 89' lang='lat' dir='ltr'><strong>Ini-</strong></span> 
     </span>
    </p>
   </div>
   <div class='ocr_carea' id='block_1_37' title="bbox 146 1061 916 1100">
    <p class='ocr_par' dir='ltr' id='par_1_37' title="bbox 146 1062 916 1100">
     <span class='ocr_line' id='line_1_37' title="bbox 146 1062 916 1100; baseline 0.003 -11"><span class='ocrx_word' id='word_1_326' title='bbox 146 1063 258 1090; x_wconf 82' lang='grc' dir='ltr'>δύναται</span> <span class='ocrx_word' id='word_1_327' title='bbox 274 1062 366 1096; x_wconf 74' lang='grc' dir='ltr'>αὔξειν</span> <span class='ocrx_word' id='word_1_328' title='bbox 379 1065 427 1091; x_wconf 76' lang='grc' dir='ltr'>καὶ</span> <span class='ocrx_word' id='word_1_329' title='bbox 444 1065 537 1100; x_wconf 75' lang='grc' dir='ltr'>μειοῦν</span> <span class='ocrx_word' id='word_1_330' title='bbox 550 1064 599 1100; x_wconf 77' lang='grc' dir='ltr'>τὴν</span> <span class='ocrx_word' id='word_1_331' title='bbox 613 1065 719 1099; x_wconf 82' lang='grc' dir='ltr'>ποινὴν,</span> <span class='ocrx_word' id='word_1_332' title='bbox 734 1064 785 1091; x_wconf 77' lang='grc' dir='ltr'>κᾶν</span> <span class='ocrx_word' id='word_1_333' title='bbox 800 1065 916 1100; x_wconf 77' lang='grc' dir='ltr'>ὡρισμέι</span> 
     </span>
    </p>
   </div>
   <div class='ocr_carea' id='block_1_38' title="bbox 1024 1061 1794 1100">
    <p class='ocr_par' dir='ltr' id='par_1_38' title="bbox 1024 1061 1794 1099">
     <span class='ocr_line' id='line_1_38' title="bbox 1024 1061 1794 1099; baseline -0.005 -8"><span class='ocrx_word' id='word_1_334' title='bbox 1024 1072 1079 1092; x_wconf 82' lang='lat' dir='ltr'><strong>iere</strong></span> <span class='ocrx_word' id='word_1_335' title='bbox 1094 1072 1215 1099; x_wconf 72' lang='lat' dir='ltr'><strong>pwnam,</strong></span> <span class='ocrx_word' id='word_1_336' title='bbox 1237 1063 1319 1090; x_wconf 86' lang='lat' dir='ltr'><strong>etiam</strong></span> <span class='ocrx_word' id='word_1_337' title='bbox 1337 1071 1352 1090; x_wconf 87' lang='lat' dir='ltr'><strong>a</strong></span> <span class='ocrx_word' id='word_1_338' title='bbox 1370 1063 1427 1097; x_wconf 77' lang='lat' dir='ltr'><strong>lege</strong></span> <span class='ocrx_word' id='word_1_339' title='bbox 1439 1061 1590 1093; x_wconf 87' lang='lat' dir='ltr'><strong>delinitam,</strong></span> <span class='ocrx_word' id='word_1_340' title='bbox 1608 1061 1695 1096; x_wconf 82' lang='lat' dir='ltr'><strong>possit</strong></span> <span class='ocrx_word' id='word_1_341' title='bbox 1710 1069 1716 1087; x_wconf 74' lang='grc' dir='ltr'>ε</span> <span class='ocrx_word' id='word_1_342' title='bbox 1733 1064 1794 1096; x_wconf 83' lang='lat' dir='ltr'><strong>post</strong></span> 
     </span>
    </p>
   </div>
   <div class='ocr_carea' id='block_1_39' title="bbox 147 1106 917 1145">
    <p class='ocr_par' dir='ltr' id='par_1_39' title="bbox 147 1109 917 1145">
     <span class='ocr_line' id='line_1_39' title="bbox 147 1109 917 1145; baseline 0.001 -10"><span class='ocrx_word' id='word_1_343' title='bbox 147 1109 202 1135; x_wconf 75' lang='grc' dir='ltr'><strong>ἀπὸ</strong></span> <span class='ocrx_word' id='word_1_344' title='bbox 215 1109 262 1136; x_wconf 84' lang='grc' dir='ltr'>τοῦ</span> <span class='ocrx_word' id='word_1_345' title='bbox 277 1109 361 1144; x_wconf 82' lang='grc' dir='ltr'>νόμου</span> <span class='ocrx_word' id='word_1_346' title='bbox 374 1109 441 1136; x_wconf 70' lang='grc' dir='ltr'>ἐστι.</span> <span class='ocrx_word' id='word_1_347' title='bbox 456 1110 534 1136; x_wconf 83' lang='grc' dir='ltr'>Μετὰ</span> <span class='ocrx_word' id='word_1_348' title='bbox 548 1110 576 1136; x_wconf 79' lang='grc' dir='ltr'><strong>δὲ</strong></span> <span class='ocrx_word' id='word_1_349' title='bbox 593 1111 642 1145; x_wconf 82' lang='grc' dir='ltr'>τὴν</span> <span class='ocrx_word' id='word_1_350' title='bbox 658 1111 796 1144; x_wconf 70' lang='grc' dir='ltr'>ἀπόφασιν</span> <span class='ocrx_word' id='word_1_351' title='bbox 813 1111 843 1137; x_wconf 81' lang='grc' dir='ltr'>οὐ</span> <span class='ocrx_word' id='word_1_352' title='bbox 861 1111 917 1137; x_wconf 71' lang='grc' dir='ltr'>δύνε</span> 
     </span>
    </p>
   </div>
   <div class='ocr_carea' id='block_1_40' title="bbox 1025 1106 1795 1145">
    <p class='ocr_par' dir='ltr' id='par_1_40' title="bbox 1026 1106 1795 1144">
     <span class='ocr_line' id='line_1_40' title="bbox 1026 1106 1795 1144; baseline -0.005 -7"><span class='ocrx_word' id='word_1_353' title='bbox 1026 1110 1158 1138; x_wconf 71' lang='lat' dir='ltr'><strong>ntentiam</strong></span> <span class='ocrx_word' id='word_1_354' title='bbox 1176 1115 1267 1137; x_wconf 85' lang='lat' dir='ltr'><strong>autem</strong></span> <span class='ocrx_word' id='word_1_355' title='bbox 1286 1116 1341 1136; x_wconf 91' lang='lat' dir='ltr'><strong>non</strong></span> <span class='ocrx_word' id='word_1_356' title='bbox 1359 1109 1447 1144; x_wconf 86' lang='lat' dir='ltr'><strong>possit</strong></span> <span class='ocrx_word' id='word_1_357' title='bbox 1464 1117 1470 1135; x_wconf 91' lang='lat'>:</span> <span class='ocrx_word' id='word_1_358' title='bbox 1485 1108 1567 1135; x_wconf 86' lang='lat' dir='ltr'><strong>desiit</strong></span> <span class='ocrx_word' id='word_1_359' title='bbox 1587 1107 1660 1134; x_wconf 92' lang='lat' dir='ltr'><strong>enim</strong></span> <span class='ocrx_word' id='word_1_360' title='bbox 1677 1106 1795 1140; x_wconf 87' lang='lat' dir='ltr'><strong>esseju-</strong></span> 
     </span>
    </p>
   </div>
   <div class='ocr_carea' id='block_1_41' title="bbox 147 1152 917 1192">
    <p class='ocr_par' dir='ltr' id='par_1_41' title="bbox 147 1155 917 1192">
     <span class='ocr_line' id='line_1_41' title="bbox 147 1155 917 1192; baseline 0.003 -10"><span class='ocrx_word' id='word_1_361' title='bbox 147 1164 203 1182; x_wconf 83' lang='grc' dir='ltr'>ται.</span> <span class='ocrx_word' id='word_1_362' title='bbox 222 1155 366 1183; x_wconf 81' lang='grc' dir='ltr'>Πέπαυται</span> <span class='ocrx_word' id='word_1_363' title='bbox 389 1156 443 1192; x_wconf 82' lang='grc' dir='ltr'><strong>γὰρ</strong></span> <span class='ocrx_word' id='word_1_364' title='bbox 459 1156 506 1183; x_wconf 79' lang='grc' dir='ltr'>τοῦ</span> <span class='ocrx_word' id='word_1_365' title='bbox 529 1155 599 1183; x_wconf 84' lang='grc' dir='ltr'>εἶναι</span> <span class='ocrx_word' id='word_1_366' title='bbox 621 1156 763 1191; x_wconf 84' lang='grc' dir='ltr'>δικαστής.</span> <span class='ocrx_word' id='word_1_367' title='bbox 795 1158 848 1183; x_wconf 69' lang='grc' dir='ltr'><strong>Καὶ</strong></span> <span class='ocrx_word' id='word_1_368' title='bbox 867 1157 917 1192; x_wconf 77' lang='grc' dir='ltr'>ζὴτ</span> 
     </span>
    </p>
   </div>
   <div class='ocr_carea' id='block_1_42' title="bbox 1024 1152 1794 1192">
    <p class='ocr_par' dir='ltr' id='par_1_42' title="bbox 1024 1152 1794 1190">
     <span class='ocr_line' id='line_1_42' title="bbox 1024 1152 1794 1190; baseline -0.006 -6"><span class='ocrx_word' id='word_1_369' title='bbox 1024 1166 1058 1184; x_wconf 74' lang='lat' dir='ltr'><strong>ex.</strong></span> <span class='ocrx_word' id='word_1_370' title='bbox 1084 1156 1222 1189; x_wconf 80' lang='lat' dir='ltr'><strong>Quorsum</strong></span> <span class='ocrx_word' id='word_1_371' title='bbox 1247 1163 1355 1190; x_wconf 68' lang='lat' dir='ltr'><strong>quaeras</strong></span> <span class='ocrx_word' id='word_1_372' title='bbox 1378 1163 1439 1189; x_wconf 88' lang='lat' dir='ltr'><strong>cap.</strong></span> <span class='ocrx_word' id='word_1_373' title='bbox 1470 1154 1504 1181; x_wconf 76' lang='lat' dir='ltr'><strong>M</strong></span> <span class='ocrx_word' id='word_1_374' title='bbox 1520 1154 1642 1188; x_wconf 82' lang='lat' dir='ltr'><strong>ejusdem</strong></span> <span class='ocrx_word' id='word_1_375' title='bbox 1671 1153 1703 1181; x_wconf 80' lang='grc'><strong>51</strong></span> <span class='ocrx_word' id='word_1_376' title='bbox 1723 1152 1794 1180; x_wconf 88' lang='lat' dir='ltr'><strong>tituli</strong></span> 
     </span>
    </p>
   </div>
   <div class='ocr_carea' id='block_1_43' title="bbox 149 1198 919 1238">
    <p class='ocr_par' dir='ltr' id='par_1_43' title="bbox 149 1201 919 1238">
     <span class='ocr_line' id='line_1_43' title="bbox 149 1201 919 1238; baseline 0.001 -10"><span class='ocrx_word' id='word_1_377' title='bbox 149 1211 213 1237; x_wconf 82' lang='grc' dir='ltr'>κεφ.</span> <span class='ocrx_word' id='word_1_378' title='bbox 225 1201 267 1234; x_wconf 86' lang='grc' dir='ltr'>ιδ’,</span> <span class='ocrx_word' id='word_1_379' title='bbox 280 1202 328 1229; x_wconf 79' lang='grc' dir='ltr'>τοῦ</span> <span class='ocrx_word' id='word_1_380' title='bbox 343 1202 426 1229; x_wconf 70' lang='grc' dir='ltr'>αὑτοῦ</span> <span class='ocrx_word' id='word_1_381' title='bbox 440 1205 490 1235; x_wconf 70' lang='lat' dir='ltr'><strong>val,</strong></span> <span class='ocrx_word' id='word_1_382' title='bbox 507 1203 559 1230; x_wconf 86' lang='grc' dir='ltr'>τίτ.</span> <span class='ocrx_word' id='word_1_383' title='bbox 578 1202 625 1229; x_wconf 82' lang='grc' dir='ltr'><strong>τοῦ</strong></span> <span class='ocrx_word' id='word_1_384' title='bbox 642 1202 661 1235; x_wconf 85' lang='grc' dir='ltr'><strong>ξ’</strong></span> <span class='ocrx_word' id='word_1_385' title='bbox 679 1203 750 1238; x_wconf 75' lang='grc' dir='ltr'>βιῧλ.</span> <span class='ocrx_word' id='word_1_386' title='bbox 763 1202 836 1229; x_wconf 76' lang='grc' dir='ltr'>οὕτω</span> <span class='ocrx_word' id='word_1_387' title='bbox 849 1203 919 1229; x_wconf 72' lang='grc' dir='ltr'>λὺσα</span> 
     </span>
    </p>
   </div>
   <div class='ocr_carea' id='block_1_44' title="bbox 1025 1198 1795 1238">
    <p class='ocr_par' dir='ltr' id='par_1_44' title="bbox 1027 1198 1795 1238">
     <span class='ocr_line' id='line_1_44' title="bbox 1027 1198 1795 1238; baseline -0.007 -9"><span class='ocrx_word' id='word_1_388' title='bbox 1027 1211 1045 1229; x_wconf 86' lang='grc' dir='ltr'>ι.</span> <span class='ocrx_word' id='word_1_389' title='bbox 1064 1210 1109 1229; x_wconf 78' lang='lat' dir='ltr'><strong>Lx.</strong></span> <span class='ocrx_word' id='word_1_390' title='bbox 1130 1200 1243 1238; x_wconf 79' lang='lat' dir='ltr'><strong>[Atque]</strong></span> <span class='ocrx_word' id='word_1_391' title='bbox 1261 1201 1287 1228; x_wconf 91' lang='lat' dir='ltr'><strong>in</strong></span> <span class='ocrx_word' id='word_1_392' title='bbox 1306 1201 1379 1228; x_wconf 85' lang='lat' dir='ltr'><strong>hunc</strong></span> <span class='ocrx_word' id='word_1_393' title='bbox 1402 1199 1537 1235; x_wconf 89' lang='lat' dir='ltr'><strong>[quidem]</strong></span> <span class='ocrx_word' id='word_1_394' title='bbox 1565 1199 1677 1226; x_wconf 90' lang='lat' dir='ltr'><strong>modum</strong></span> <span class='ocrx_word' id='word_1_395' title='bbox 1703 1198 1795 1225; x_wconf 82' lang='lat' dir='ltr'><strong>solvas</strong></span> 
     </span>
    </p>
   </div>
   <div class='ocr_carea' id='block_1_45' title="bbox 149 1244 919 1283">
    <p class='ocr_par' dir='ltr' id='par_1_45' title="bbox 149 1246 905 1283">
     <span class='ocr_line' id='line_1_45' title="bbox 149 1246 905 1283; baseline -0.001 -9"><span class='ocrx_word' id='word_1_396' title='bbox 149 1247 198 1274; x_wconf 73' lang='grc' dir='ltr'><strong>καὶ</strong></span> <span class='ocrx_word' id='word_1_397' title='bbox 213 1247 243 1274; x_wconf 84' lang='grc' dir='ltr'><strong>τὸ</strong></span> <span class='ocrx_word' id='word_1_398' title='bbox 258 1246 284 1283; x_wconf 87' lang='grc' dir='ltr'>η’</span> <span class='ocrx_word' id='word_1_399' title='bbox 313 1248 384 1282; x_wconf 85' lang='grc' dir='ltr'>θέμα</span> <span class='ocrx_word' id='word_1_400' title='bbox 397 1247 445 1274; x_wconf 76' lang='grc' dir='ltr'>τοῦ</span> <span class='ocrx_word' id='word_1_401' title='bbox 466 1247 500 1281; x_wconf 88' lang='grc' dir='ltr'>ιγ’</span> <span class='ocrx_word' id='word_1_402' title='bbox 516 1256 577 1282; x_wconf 78' lang='grc' dir='ltr'>κεφ,</span> <span class='ocrx_word' id='word_1_403' title='bbox 591 1247 638 1274; x_wconf 81' lang='grc' dir='ltr'>τοῦ</span> <span class='ocrx_word' id='word_1_404' title='bbox 656 1247 697 1274; x_wconf 68' lang='lat' dir='ltr'><strong>ua’</strong></span> <span class='ocrx_word' id='word_1_405' title='bbox 714 1248 796 1283; x_wconf 59' lang='grc' dir='ltr'>βιϐλη</span> <span class='ocrx_word' id='word_1_406' title='bbox 813 1248 860 1274; x_wconf 77' lang='grc' dir='ltr'><strong>καὶ</strong></span> <span class='ocrx_word' id='word_1_407' title='bbox 876 1248 905 1274; x_wconf 80' lang='grc' dir='ltr'>τὸ</span> 
     </span>
    </p>
   </div>
   <div class='ocr_carea' id='block_1_46' title="bbox 1027 1244 1797 1283">
    <p class='ocr_par' dir='ltr' id='par_1_46' title="bbox 1036 1244 1797 1283">
     <span class='ocr_line' id='line_1_46' title="bbox 1036 1244 1797 1283; baseline -0.008 -6"><span class='ocrx_word' id='word_1_408' title='bbox 1036 1249 1054 1277; x_wconf 88' lang='lat'><strong>8</strong></span> <span class='ocrx_word' id='word_1_409' title='bbox 1071 1250 1160 1276; x_wconf 85' lang='lat' dir='ltr'><strong>thema</strong></span> <span class='ocrx_word' id='word_1_410' title='bbox 1186 1256 1246 1283; x_wconf 92' lang='lat' dir='ltr'><strong>cap.</strong></span> <span class='ocrx_word' id='word_1_411' title='bbox 1271 1248 1304 1275; x_wconf 79' lang='grc'><strong>15</strong></span> <span class='ocrx_word' id='word_1_412' title='bbox 1335 1248 1376 1274; x_wconf 91' lang='lat' dir='ltr'><strong>tit.</strong></span> <span class='ocrx_word' id='word_1_413' title='bbox 1412 1247 1430 1273; x_wconf 76' lang='lat'><strong>‘2</strong></span> <span class='ocrx_word' id='word_1_414' title='bbox 1455 1247 1502 1274; x_wconf 87' lang='lat' dir='ltr'><strong>lib.</strong></span> <span class='ocrx_word' id='word_1_415' title='bbox 1528 1254 1575 1273; x_wconf 73' lang='grc' dir='ltr'>χιιι</span> <span class='ocrx_word' id='word_1_416' title='bbox 1593 1251 1620 1273; x_wconf 83' lang='lat' dir='ltr'><strong>et</strong></span> <span class='ocrx_word' id='word_1_417' title='bbox 1647 1246 1663 1272; x_wconf 80' lang='grc'><strong>5</strong></span> <span class='ocrx_word' id='word_1_418' title='bbox 1682 1250 1764 1279; x_wconf 86' lang='lat' dir='ltr'><strong>atque</strong></span> <span class='ocrx_word' id='word_1_419' title='bbox 1781 1244 1797 1271; x_wconf 72' lang='grc'><strong>4</strong></span> 
     </span>
    </p>
   </div>
   <div class='ocr_carea' id='block_1_47' title="bbox 151 1289 921 1329">
    <p class='ocr_par' dir='ltr' id='par_1_47' title="bbox 151 1293 921 1329">
     <span class='ocr_line' id='line_1_47' title="bbox 151 1293 921 1329; baseline 0 -9"><span class='ocrx_word' id='word_1_420' title='bbox 151 1294 199 1320; x_wconf 80' lang='grc' dir='ltr'><strong>καὶ</strong></span> <span class='ocrx_word' id='word_1_421' title='bbox 214 1293 235 1320; x_wconf 84' lang='grc' dir='ltr'><strong>δ’</strong></span> <span class='ocrx_word' id='word_1_422' title='bbox 250 1302 314 1328; x_wconf 77' lang='grc' dir='ltr'>κεφ.</span> <span class='ocrx_word' id='word_1_423' title='bbox 330 1293 378 1320; x_wconf 76' lang='grc' dir='ltr'><strong>τοῦ</strong></span> <span class='ocrx_word' id='word_1_424' title='bbox 395 1297 420 1328; x_wconf 90' lang='grc' dir='ltr'><strong>γ’</strong></span> <span class='ocrx_word' id='word_1_425' title='bbox 435 1293 490 1321; x_wconf 83' lang='grc' dir='ltr'>τίτ.</span> <span class='ocrx_word' id='word_1_426' title='bbox 510 1294 558 1321; x_wconf 84' lang='grc' dir='ltr'>τοῦ</span> <span class='ocrx_word' id='word_1_427' title='bbox 579 1293 663 1321; x_wconf 80' lang='grc' dir='ltr'>αὐτοῦ</span> <span class='ocrx_word' id='word_1_428' title='bbox 689 1293 759 1329; x_wconf 80' lang='grc' dir='ltr'>βιὸλ.</span> <span class='ocrx_word' id='word_1_429' title='bbox 781 1294 819 1321; x_wconf 83' lang='grc' dir='ltr'>Τὸ</span> <span class='ocrx_word' id='word_1_430' title='bbox 833 1297 858 1320; x_wconf 85' lang='grc' dir='ltr'>α’</span> <span class='ocrx_word' id='word_1_431' title='bbox 872 1294 921 1320; x_wconf 60' lang='grc' dir='ltr'><strong>διὰ</strong></span> 
     </span>
    </p>
   </div>
   <div class='ocr_carea' id='block_1_48' title="bbox 1026 1289 1796 1329">
    <p class='ocr_par' dir='ltr' id='par_1_48' title="bbox 1026 1289 1796 1329">
     <span class='ocr_line' id='line_1_48' title="bbox 1026 1289 1796 1329; baseline -0.006 -8"><span class='ocrx_word' id='word_1_432' title='bbox 1026 1303 1058 1329; x_wconf 55' lang='grc' dir='ltr'><strong>ηρ.</strong></span> <span class='ocrx_word' id='word_1_433' title='bbox 1086 1294 1127 1321; x_wconf 88' lang='lat' dir='ltr'><strong>tit.</strong></span> <span class='ocrx_word' id='word_1_434' title='bbox 1149 1295 1166 1321; x_wconf 78' lang='grc'><strong>5</strong></span> <span class='ocrx_word' id='word_1_435' title='bbox 1189 1293 1310 1327; x_wconf 69' lang='lat' dir='ltr'><strong>ejusdem</strong></span> <span class='ocrx_word' id='word_1_436' title='bbox 1338 1293 1410 1320; x_wconf 89' lang='lat' dir='ltr'><strong>libri.</strong></span> <span class='ocrx_word' id='word_1_437' title='bbox 1438 1291 1539 1325; x_wconf 76' lang='lat' dir='ltr'><strong>Digest.</strong></span> <span class='ocrx_word' id='word_1_438' title='bbox 1572 1291 1583 1318; x_wconf 98' lang='grc'><strong>1</strong></span> <span class='ocrx_word' id='word_1_439' title='bbox 1624 1290 1665 1318; x_wconf 87' lang='lat' dir='ltr'><strong>tit.</strong></span> <span class='ocrx_word' id='word_1_440' title='bbox 1692 1289 1796 1318; x_wconf 76' lang='grc'><strong>18111)-</strong></span> 
     </span>
    </p>
   </div>
   <div class='ocr_carea' id='block_1_49' title="bbox 150 1335 920 1374">
    <p class='ocr_par' dir='ltr' id='par_1_49' title="bbox 150 1335 920 1374">
     <span class='ocr_line' id='line_1_49' title="bbox 150 1335 920 1374; baseline 0.001 -11"><span class='ocrx_word' id='word_1_441' title='bbox 150 1337 198 1364; x_wconf 85' lang='grc' dir='ltr'>τοῦ</span> <span class='ocrx_word' id='word_1_442' title='bbox 213 1337 247 1373; x_wconf 83' lang='grc' dir='ltr'>ιη’</span> <span class='ocrx_word' id='word_1_443' title='bbox 262 1338 314 1366; x_wconf 84' lang='grc' dir='ltr'>τίτ.</span> <span class='ocrx_word' id='word_1_444' title='bbox 332 1338 379 1365; x_wconf 82' lang='grc' dir='ltr'>τοῦ</span> <span class='ocrx_word' id='word_1_445' title='bbox 396 1338 440 1373; x_wconf 91' lang='grc' dir='ltr'>μη¹</span> <span class='ocrx_word' id='word_1_446' title='bbox 458 1339 542 1374; x_wconf 77' lang='grc' dir='ltr'>βιϐλ.,</span> <span class='ocrx_word' id='word_1_447' title='bbox 563 1339 621 1366; x_wconf 71' lang='grc' dir='ltr'>ἐστι</span> <span class='ocrx_word' id='word_1_448' title='bbox 636 1339 707 1374; x_wconf 81' lang='grc' dir='ltr'>οέμα</span> <span class='ocrx_word' id='word_1_449' title='bbox 727 1339 759 1366; x_wconf 85' lang='grc' dir='ltr'><strong>ιο’</strong></span> <span class='ocrx_word' id='word_1_450' title='bbox 781 1338 828 1366; x_wconf 85' lang='grc' dir='ltr'>τοῦ</span> <span class='ocrx_word' id='word_1_451' title='bbox 843 1335 866 1366; x_wconf 72' lang='grc' dir='ltr'>α’</span> <span class='ocrx_word' id='word_1_452' title='bbox 880 1348 920 1365; x_wconf 81' lang='grc' dir='ltr'><strong>κε&lt;</strong></span> 
     </span>
    </p>
   </div>
   <div class='ocr_carea' id='block_1_50' title="bbox 1026 1335 1796 1374">
    <p class='ocr_par' dir='ltr' id='par_1_50' title="bbox 1026 1336 1796 1372">
     <span class='ocr_line' id='line_1_50' title="bbox 1026 1336 1796 1372; baseline -0.008 -4"><span class='ocrx_word' id='word_1_453' title='bbox 1026 1349 1080 1368; x_wconf 72' lang='grc' dir='ltr'><strong>⁴νιιι</strong></span> <span class='ocrx_word' id='word_1_454' title='bbox 1106 1345 1148 1368; x_wconf 85' lang='lat' dir='ltr'><strong>est</strong></span> <span class='ocrx_word' id='word_1_455' title='bbox 1172 1339 1261 1366; x_wconf 79' lang='lat' dir='ltr'><strong>thema</strong></span> <span class='ocrx_word' id='word_1_456' title='bbox 1278 1339 1311 1366; x_wconf 85' lang='grc'><strong>19</strong></span> <span class='ocrx_word' id='word_1_457' title='bbox 1333 1346 1394 1372; x_wconf 85' lang='lat' dir='ltr'><strong>cap.</strong></span> <span class='ocrx_word' id='word_1_458' title='bbox 1413 1338 1424 1365; x_wconf 88' lang='grc'><strong>1</strong></span> <span class='ocrx_word' id='word_1_459' title='bbox 1445 1338 1487 1365; x_wconf 91' lang='lat' dir='ltr'><strong>tit.</strong></span> <span class='ocrx_word' id='word_1_460' title='bbox 1517 1337 1552 1364; x_wconf 76' lang='lat'><strong>50</strong></span> <span class='ocrx_word' id='word_1_461' title='bbox 1581 1337 1628 1363; x_wconf 91' lang='lat' dir='ltr'><strong>lib.</strong></span> <span class='ocrx_word' id='word_1_462' title='bbox 1655 1345 1700 1368; x_wconf 75' lang='grc' dir='ltr'>ιιι,</span> <span class='ocrx_word' id='word_1_463' title='bbox 1725 1336 1796 1370; x_wconf 89' lang='lat' dir='ltr'><strong>quod</strong></span> 
     </span>
    </p>
   </div>
   <div class='ocr_carea' id='block_1_51' title="bbox 150 1382 920 1420">
    <p class='ocr_par' dir='ltr' id='par_1_51' title="bbox 150 1382 919 1420">
     <span class='ocr_line' id='line_1_51' title="bbox 150 1382 919 1420; baseline 0.005 -12"><span class='ocrx_word' id='word_1_464' title='bbox 150 1383 198 1409; x_wconf 80' lang='grc' dir='ltr'>τοῦ</span> <span class='ocrx_word' id='word_1_465' title='bbox 212 1382 234 1409; x_wconf 90' lang='grc' dir='ltr'>ν’</span> <span class='ocrx_word' id='word_1_466' title='bbox 250 1383 303 1410; x_wconf 87' lang='grc' dir='ltr'>τίτ.</span> <span class='ocrx_word' id='word_1_467' title='bbox 317 1384 365 1411; x_wconf 76' lang='grc' dir='ltr'>τοῦ</span> <span class='ocrx_word' id='word_1_468' title='bbox 384 1384 405 1417; x_wconf 78' lang='grc' dir='ltr'><strong>ξ’</strong></span> <span class='ocrx_word' id='word_1_469' title='bbox 423 1384 493 1420; x_wconf 77' lang='grc' dir='ltr'>βιὸλ.</span> <span class='ocrx_word' id='word_1_470' title='bbox 521 1385 556 1412; x_wconf 81' lang='grc' dir='ltr'><strong>τά</strong></span> <span class='ocrx_word' id='word_1_471' title='bbox 576 1386 646 1413; x_wconf 82' lang='grc' dir='ltr'>αὑτά</span> <span class='ocrx_word' id='word_1_472' title='bbox 665 1385 746 1419; x_wconf 81' lang='grc' dir='ltr'>λέγον</span> <span class='ocrx_word' id='word_1_473' title='bbox 759 1386 808 1412; x_wconf 78' lang='grc' dir='ltr'><strong>ὅσα</strong></span> <span class='ocrx_word' id='word_1_474' title='bbox 826 1385 919 1420; x_wconf 72' lang='grc' dir='ltr'>συνωψ</span> 
     </span>
    </p>
   </div>
   <div class='ocr_carea' id='block_1_52' title="bbox 1024 1382 1794 1420">
    <p class='ocr_par' dir='ltr' id='par_1_52' title="bbox 1024 1383 1794 1420">
     <span class='ocr_line' id='line_1_52' title="bbox 1024 1383 1794 1420; baseline -0.006 -6"><span class='ocrx_word' id='word_1_475' title='bbox 1024 1387 1092 1415; x_wconf 78' lang='lat' dir='ltr'><strong>ulem</strong></span> <span class='ocrx_word' id='word_1_476' title='bbox 1124 1387 1200 1418; x_wconf 87' lang='lat' dir='ltr'><strong>dicit,</strong></span> <span class='ocrx_word' id='word_1_477' title='bbox 1232 1394 1292 1419; x_wconf 69' lang='lat' dir='ltr'><strong>qua:</strong></span> <span class='ocrx_word' id='word_1_478' title='bbox 1318 1385 1344 1412; x_wconf 91' lang='lat' dir='ltr'><strong>in</strong></span> <span class='ocrx_word' id='word_1_479' title='bbox 1369 1385 1530 1420; x_wconf 87' lang='lat' dir='ltr'><strong>compendio</strong></span> <span class='ocrx_word' id='word_1_480' title='bbox 1556 1388 1620 1411; x_wconf 91' lang='lat' dir='ltr'><strong>sunt</strong></span> <span class='ocrx_word' id='word_1_481' title='bbox 1643 1383 1794 1418; x_wconf 87' lang='lat' dir='ltr'><strong>proposita.</strong></span> 
     </span>
    </p>
   </div>
   <div class='ocr_carea' id='block_1_53' title="bbox 152 1426 922 1468">
    <p class='ocr_par' dir='ltr' id='par_1_53' title="bbox 152 1426 922 1466">
     <span class='ocr_line' id='line_1_53' title="bbox 152 1426 922 1466; baseline 0.003 -12"><span class='ocrx_word' id='word_1_482' title='bbox 152 1427 266 1462; x_wconf 79' lang='grc' dir='ltr'>σθησαν.</span> <span class='ocrx_word' id='word_1_483' title='bbox 294 1429 332 1456; x_wconf 78' lang='grc' dir='ltr'>Τὸ</span> <span class='ocrx_word' id='word_1_484' title='bbox 360 1429 382 1456; x_wconf 85' lang='lat'><strong>0&#39;</strong></span> <span class='ocrx_word' id='word_1_485' title='bbox 405 1430 477 1458; x_wconf 85' lang='grc' dir='ltr'>διάτ.</span> <span class='ocrx_word' id='word_1_486' title='bbox 497 1426 550 1457; x_wconf 65' lang='grc' dir='ltr'>τοῦ</span> <span class='ocrx_word' id='word_1_487' title='bbox 560 1430 643 1457; x_wconf 73' lang='grc' dir='ltr'>αὑτοῦ</span> <span class='ocrx_word' id='word_1_488' title='bbox 656 1430 711 1459; x_wconf 88' lang='grc' dir='ltr'>τίτ.</span> <span class='ocrx_word' id='word_1_489' title='bbox 736 1431 784 1457; x_wconf 70' lang='grc' dir='ltr'><strong>καὶ</strong></span> <span class='ocrx_word' id='word_1_490' title='bbox 801 1430 874 1466; x_wconf 74' lang='grc' dir='ltr'>βιϐλ.</span> <span class='ocrx_word' id='word_1_491' title='bbox 891 1431 922 1457; x_wconf 75' lang='grc' dir='ltr'>τᾶ</span> 
     </span>
    </p>
   </div>
   <div class='ocr_carea' id='block_1_54' title="bbox 1026 1426 1796 1468">
    <p class='ocr_par' dir='ltr' id='par_1_54' title="bbox 1026 1429 1796 1468">
     <span class='ocr_line' id='line_1_54' title="bbox 1026 1429 1796 1468; baseline -0.008 -8"><span class='ocrx_word' id='word_1_492' title='bbox 1026 1434 1101 1468; x_wconf 79' lang='lat' dir='ltr'><strong>igest.</strong></span> <span class='ocrx_word' id='word_1_493' title='bbox 1118 1432 1134 1460; x_wconf 89' lang='lat'><strong>9</strong></span> <span class='ocrx_word' id='word_1_494' title='bbox 1150 1433 1192 1459; x_wconf 88' lang='lat' dir='ltr'><strong>lit.</strong></span> <span class='ocrx_word' id='word_1_495' title='bbox 1219 1432 1252 1459; x_wconf 84' lang='grc'><strong>19</strong></span> <span class='ocrx_word' id='word_1_496' title='bbox 1269 1431 1391 1466; x_wconf 77' lang='lat' dir='ltr'><strong>ejusdem</strong></span> <span class='ocrx_word' id='word_1_497' title='bbox 1420 1431 1466 1458; x_wconf 88' lang='lat' dir='ltr'><strong>lib.</strong></span> <span class='ocrx_word' id='word_1_498' title='bbox 1482 1430 1540 1464; x_wconf 79' lang='lat' dir='ltr'><strong>Dig.</strong></span> <span class='ocrx_word' id='word_1_499' title='bbox 1554 1437 1608 1457; x_wconf 91' lang='lat' dir='ltr'><strong>non</strong></span> <span class='ocrx_word' id='word_1_500' title='bbox 1624 1435 1665 1457; x_wconf 86' lang='lat' dir='ltr'><strong>est</strong></span> <span class='ocrx_word' id='word_1_501' title='bbox 1679 1429 1796 1464; x_wconf 79' lang='lat' dir='ltr'><strong>positum</strong></span> 
     </span>
    </p>
   </div>
   <div class='ocr_carea' id='block_1_55' title="bbox 152 1474 922 1514">
    <p class='ocr_par' dir='ltr' id='par_1_55' title="bbox 152 1474 919 1512">
     <span class='ocr_line' id='line_1_55' title="bbox 152 1474 919 1512; baseline 0.003 -11"><span class='ocrx_word' id='word_1_502' title='bbox 152 1474 222 1501; x_wconf 72' lang='grc' dir='ltr'>δεατ.</span> <span class='ocrx_word' id='word_1_503' title='bbox 238 1475 290 1502; x_wconf 84' lang='grc' dir='ltr'>οὐκ</span> <span class='ocrx_word' id='word_1_504' title='bbox 305 1476 384 1512; x_wconf 78' lang='grc' dir='ltr'>ἐτέθη</span> <span class='ocrx_word' id='word_1_505' title='bbox 400 1477 440 1508; x_wconf 85' lang='grc' dir='ltr'><strong>εἰς</strong></span> <span class='ocrx_word' id='word_1_506' title='bbox 452 1477 486 1504; x_wconf 83' lang='grc' dir='ltr'>τὰ</span> <span class='ocrx_word' id='word_1_507' title='bbox 501 1477 644 1505; x_wconf 81' lang='grc' dir='ltr'>Βασιλικά.</span> <span class='ocrx_word' id='word_1_508' title='bbox 658 1477 695 1503; x_wconf 88' lang='grc' dir='ltr'><strong>Τδ</strong></span> <span class='ocrx_word' id='word_1_509' title='bbox 709 1475 750 1509; x_wconf 71' lang='grc' dir='ltr'><strong>κζ’</strong></span> <span class='ocrx_word' id='word_1_510' title='bbox 767 1485 830 1511; x_wconf 72' lang='grc' dir='ltr'>κεφ,</span> <span class='ocrx_word' id='word_1_511' title='bbox 845 1477 891 1503; x_wconf 78' lang='grc' dir='ltr'>τοῦ</span> <span class='ocrx_word' id='word_1_512' title='bbox 912 1486 919 1503; x_wconf 93' lang='grc' dir='ltr'><strong>ι</strong></span> 
     </span>
    </p>
   </div>
   <div class='ocr_carea' id='block_1_56' title="bbox 1028 1474 1798 1514">
    <p class='ocr_par' dir='ltr' id='par_1_56' title="bbox 1051 1475 1798 1514">
     <span class='ocr_line' id='line_1_56' title="bbox 1051 1475 1798 1514; baseline -0.007 -8"><span class='ocrx_word' id='word_1_513' title='bbox 1051 1479 1133 1507; x_wconf 86' lang='lat' dir='ltr'><strong>Basil.</strong></span> <span class='ocrx_word' id='word_1_514' title='bbox 1159 1479 1260 1514; x_wconf 76' lang='lat' dir='ltr'><strong>Digest.</strong></span> <span class='ocrx_word' id='word_1_515' title='bbox 1295 1478 1330 1505; x_wconf 75' lang='grc'><strong>27</strong></span> <span class='ocrx_word' id='word_1_516' title='bbox 1351 1477 1473 1511; x_wconf 87' lang='lat' dir='ltr'><strong>ejusdem</strong></span> <span class='ocrx_word' id='word_1_517' title='bbox 1498 1477 1541 1504; x_wconf 88' lang='lat' dir='ltr'><strong>tit.</strong></span> <span class='ocrx_word' id='word_1_518' title='bbox 1566 1482 1593 1503; x_wconf 91' lang='lat' dir='ltr'><strong>et</strong></span> <span class='ocrx_word' id='word_1_519' title='bbox 1613 1476 1660 1503; x_wconf 88' lang='lat' dir='ltr'><strong>lib.</strong></span> <span class='ocrx_word' id='word_1_520' title='bbox 1679 1475 1737 1510; x_wconf 82' lang='lat' dir='ltr'><strong>Dig.</strong></span> <span class='ocrx_word' id='word_1_521' title='bbox 1757 1480 1798 1503; x_wconf 80' lang='lat' dir='ltr'><strong>cst</strong></span> 
     </span>
    </p>
   </div>
   <div class='ocr_carea' id='block_1_57' title="bbox 151 1521 921 1576">
    <p class='ocr_par' dir='ltr' id='par_1_57' title="bbox 151 1521 921 1576">
     <span class='ocr_line' id='line_1_57' title="bbox 151 1521 921 1558; baseline 0.004 -12"><span class='ocrx_word' id='word_1_522' title='bbox 151 1521 204 1548; x_wconf 82' lang='grc' dir='ltr'>τίτ.</span> <span class='ocrx_word' id='word_1_523' title='bbox 223 1521 271 1548; x_wconf 82' lang='grc' dir='ltr'>τοῦ</span> <span class='ocrx_word' id='word_1_524' title='bbox 296 1526 341 1558; x_wconf 91' lang='grc' dir='ltr'>μη¹</span> <span class='ocrx_word' id='word_1_525' title='bbox 355 1522 426 1558; x_wconf 78' lang='grc' dir='ltr'>βιϐλ.</span> <span class='ocrx_word' id='word_1_526' title='bbox 441 1523 495 1550; x_wconf 87' lang='grc' dir='ltr'><strong>τῶν</strong></span> <span class='ocrx_word' id='word_1_527' title='bbox 510 1523 671 1556; x_wconf 77' lang='grc' dir='ltr'><strong>διατάξεων,</strong></span> <span class='ocrx_word' id='word_1_528' title='bbox 687 1523 745 1550; x_wconf 76' lang='grc' dir='ltr'>ἐστι</span> <span class='ocrx_word' id='word_1_529' title='bbox 769 1523 840 1557; x_wconf 82' lang='grc' dir='ltr'>Οέμα</span> <span class='ocrx_word' id='word_1_530' title='bbox 854 1523 874 1557; x_wconf 81' lang='grc' dir='ltr'><strong>β’</strong></span> <span class='ocrx_word' id='word_1_531' title='bbox 898 1531 921 1549; x_wconf 73' lang='grc' dir='ltr'><strong>τι</strong></span> 
     </span>
     <span class='ocr_line' id='line_1_58' title="bbox 176 1567 884 1576; baseline 0 0"><span class='ocrx_word' id='word_1_532' title='bbox 176 1567 195 1576; x_wconf 80' lang='grc' dir='ltr'>,ι</span> <span class='ocrx_word' id='word_1_533' title='bbox 318 1569 330 1574; x_wconf 90' lang='grc'><strong>-</strong></span> <span class='ocrx_word' id='word_1_534' title='bbox 380 1568 426 1576; x_wconf 81' lang='grc' dir='ltr'><strong>ι,</strong></span> <span class='ocrx_word' id='word_1_535' title='bbox 502 1568 623 1576; x_wconf 56' lang='grc' dir='ltr'><strong>-..ηις</strong></span> <span class='ocrx_word' id='word_1_536' title='bbox 671 1569 682 1576; x_wconf 81' lang='grc'><strong>.,</strong></span> <span class='ocrx_word' id='word_1_537' title='bbox 757 1569 767 1576; x_wconf 87' lang='grc'><strong>..</strong></span> <span class='ocrx_word' id='word_1_538' title='bbox 841 1568 884 1576; x_wconf 58' lang='grc' dir='ltr'><strong>..η</strong></span> 
     </span>
    </p>
   </div>
   <div class='ocr_carea' id='block_1_58' title="bbox 1027 1521 1797 1576">
    <p class='ocr_par' dir='ltr' id='par_1_58' title="bbox 1031 1521 1797 1559">
     <span class='ocr_line' id='line_1_59' title="bbox 1031 1521 1797 1559; baseline -0.008 -6"><span class='ocrx_word' id='word_1_539' title='bbox 1031 1534 1090 1553; x_wconf 89' lang='lat' dir='ltr'><strong>ema</strong></span> <span class='ocrx_word' id='word_1_540' title='bbox 1107 1525 1124 1552; x_wconf 71' lang='grc'>2</span> <span class='ocrx_word' id='word_1_541' title='bbox 1141 1532 1201 1559; x_wconf 80' lang='lat' dir='ltr'><strong>cap.</strong></span> <span class='ocrx_word' id='word_1_542' title='bbox 1231 1523 1266 1551; x_wconf 71' lang='lat'><strong>27</strong></span> <span class='ocrx_word' id='word_1_543' title='bbox 1285 1525 1325 1551; x_wconf 87' lang='lat' dir='ltr'><strong>tit.</strong></span> <span class='ocrx_word' id='word_1_544' title='bbox 1354 1524 1385 1550; x_wconf 78' lang='grc'><strong>51</strong></span> <span class='ocrx_word' id='word_1_545' title='bbox 1402 1523 1450 1550; x_wconf 89' lang='lat' dir='ltr'><strong>lib.</strong></span> <span class='ocrx_word' id='word_1_546' title='bbox 1467 1530 1511 1555; x_wconf 71' lang='grc' dir='ltr'>ιιι,</span> <span class='ocrx_word' id='word_1_547' title='bbox 1541 1521 1613 1557; x_wconf 86' lang='lat' dir='ltr'><strong>quod</strong></span> <span class='ocrx_word' id='word_1_548' title='bbox 1634 1521 1674 1549; x_wconf 82' lang='lat' dir='ltr'><strong>sic</strong></span> <span class='ocrx_word' id='word_1_549' title='bbox 1693 1521 1774 1548; x_wconf 86' lang='lat' dir='ltr'><strong>habet</strong></span> <span class='ocrx_word' id='word_1_550' title='bbox 1790 1528 1797 1546; x_wconf 76' lang='lat'><strong>2</strong></span> 
     </span>
    </p>
   </div>
   <div class='ocr_carea' id='block_1_59' title="bbox 153 1567 923 1605">
    <p class='ocr_par' dir='ltr' id='par_1_59' title="bbox 153 1567 907 1604">
     <span class='ocr_line' id='line_1_60' title="bbox 153 1567 907 1604; baseline 0 -9"><span class='ocrx_word' id='word_1_551' title='bbox 153 1567 195 1599; x_wconf 79' lang='grc' dir='ltr'><strong>κζ’</strong></span> <span class='ocrx_word' id='word_1_552' title='bbox 209 1576 271 1603; x_wconf 86' lang='grc' dir='ltr'>κεφ.</span> <span class='ocrx_word' id='word_1_553' title='bbox 284 1569 332 1595; x_wconf 83' lang='grc' dir='ltr'>τοῦ</span> <span class='ocrx_word' id='word_1_554' title='bbox 347 1568 385 1595; x_wconf 86' lang='lat' dir='ltr'><strong>va.’</strong></span> <span class='ocrx_word' id='word_1_555' title='bbox 400 1569 452 1596; x_wconf 86' lang='grc' dir='ltr'>τίτ.</span> <span class='ocrx_word' id='word_1_556' title='bbox 468 1568 515 1595; x_wconf 84' lang='grc' dir='ltr'>τοῦ</span> <span class='ocrx_word' id='word_1_557' title='bbox 534 1568 554 1601; x_wconf 74' lang='grc' dir='ltr'><strong>ξ’</strong></span> <span class='ocrx_word' id='word_1_558' title='bbox 569 1569 638 1604; x_wconf 81' lang='grc' dir='ltr'><strong>βιόλ.</strong></span> <span class='ocrx_word' id='word_1_559' title='bbox 655 1569 741 1600; x_wconf 69' lang='grc' dir='ltr'>οὕτως</span> <span class='ocrx_word' id='word_1_560' title='bbox 756 1569 827 1603; x_wconf 73' lang='grc' dir='ltr'>ἕχον,</span> <span class='ocrx_word' id='word_1_561' title='bbox 841 1568 907 1595; x_wconf 70' lang='grc' dir='ltr'><strong>Ἐὰν</strong></span> 
     </span>
    </p>
   </div>
   <div class='ocr_carea' id='block_1_60' title="bbox 1028 1567 1798 1605">
    <p class='ocr_par' dir='ltr' id='par_1_60' title="bbox 1058 1567 1798 1605">
     <span class='ocr_line' id='line_1_61' title="bbox 1058 1567 1798 1605; baseline -0.005 -7"><span class='ocrx_word' id='word_1_562' title='bbox 1058 1571 1222 1599; x_wconf 84' lang='lat' dir='ltr'><strong>decuriones</strong></span> <span class='ocrx_word' id='word_1_563' title='bbox 1249 1571 1290 1598; x_wconf 78' lang='lat' dir='ltr'><strong>vel</strong></span> <span class='ocrx_word' id='word_1_564' title='bbox 1324 1570 1489 1605; x_wconf 72' lang='lat' dir='ltr'><strong>principales</strong></span> <span class='ocrx_word' id='word_1_565' title='bbox 1515 1569 1657 1597; x_wconf 86' lang='lat' dir='ltr'><strong>civitatum</strong></span> <span class='ocrx_word' id='word_1_566' title='bbox 1683 1567 1798 1602; x_wconf 79' lang='lat' dir='ltr'><strong>capitale</strong></span> 
     </span>
    </p>
   </div>
   <div class='ocr_carea' id='block_1_61' title="bbox 153 1613 923 1651">
    <p class='ocr_par' dir='ltr' id='par_1_61' title="bbox 153 1614 923 1651">
     <span class='ocr_line' id='line_1_62' title="bbox 153 1614 923 1651; baseline 0.001 -11"><span class='ocrx_word' id='word_1_567' title='bbox 153 1614 369 1650; x_wconf 82' lang='grc' dir='ltr'><strong>πολιτευόμενοι,</strong></span> <span class='ocrx_word' id='word_1_568' title='bbox 398 1614 416 1651; x_wconf 82' lang='grc' dir='ltr'>ἢ</span> <span class='ocrx_word' id='word_1_569' title='bbox 429 1616 453 1642; x_wconf 75' lang='grc' dir='ltr'>οἱ</span> <span class='ocrx_word' id='word_1_570' title='bbox 471 1615 520 1650; x_wconf 85' lang='grc' dir='ltr'>τῆς</span> <span class='ocrx_word' id='word_1_571' title='bbox 535 1616 640 1647; x_wconf 83' lang='grc' dir='ltr'>πόλεως</span> <span class='ocrx_word' id='word_1_572' title='bbox 657 1615 843 1650; x_wconf 81' lang='grc' dir='ltr'><strong>πρωτεύοντες</strong></span> <span class='ocrx_word' id='word_1_573' title='bbox 858 1615 923 1650; x_wconf 52' lang='grc' dir='ltr'>ἁμάς</span> 
     </span>
    </p>
   </div>
   <div class='ocr_carea' id='block_1_62' title="bbox 1027 1613 1797 1651">
    <p class='ocr_par' dir='ltr' id='par_1_62' title="bbox 1028 1613 1797 1651">
     <span class='ocr_line' id='line_1_63' title="bbox 1028 1613 1797 1651; baseline -0.007 -8"><span class='ocrx_word' id='word_1_574' title='bbox 1028 1616 1101 1651; x_wconf 90' lang='lat' dir='ltr'><strong>iquid</strong></span> <span class='ocrx_word' id='word_1_575' title='bbox 1130 1616 1312 1648; x_wconf 85' lang='lat' dir='ltr'><strong>committant,</strong></span> <span class='ocrx_word' id='word_1_576' title='bbox 1342 1615 1381 1642; x_wconf 87' lang='lat' dir='ltr'><strong>uti</strong></span> <span class='ocrx_word' id='word_1_577' title='bbox 1405 1615 1513 1646; x_wconf 73' lang='lat' dir='ltr'><strong>exsilio,</strong></span> <span class='ocrx_word' id='word_1_578' title='bbox 1546 1613 1727 1648; x_wconf 73' lang='lat' dir='ltr'><strong>relegatione,</strong></span> <span class='ocrx_word' id='word_1_579' title='bbox 1752 1616 1797 1639; x_wconf 87' lang='lat' dir='ltr'><strong>aut</strong></span> 
     </span>
    </p>
   </div>
   <div class='ocr_carea' id='block_1_63' title="bbox 152 1659 922 1698">
    <p class='ocr_par' dir='ltr' id='par_1_63' title="bbox 152 1659 916 1698">
     <span class='ocr_line' id='line_1_64' title="bbox 152 1659 916 1698; baseline 0 -10"><span class='ocrx_word' id='word_1_580' title='bbox 152 1661 221 1688; x_wconf 81' lang='grc' dir='ltr'>τωσί</span> <span class='ocrx_word' id='word_1_581' title='bbox 234 1670 260 1689; x_wconf 88' lang='grc' dir='ltr'><strong>τι</strong></span> <span class='ocrx_word' id='word_1_582' title='bbox 276 1662 424 1696; x_wconf 76' lang='grc' dir='ltr'>κεφαλικὺν</span> <span class='ocrx_word' id='word_1_583' title='bbox 436 1662 474 1694; x_wconf 82' lang='grc' dir='ltr'>ὡς</span> <span class='ocrx_word' id='word_1_584' title='bbox 489 1662 581 1695; x_wconf 80' lang='grc' dir='ltr'><strong>ἀξίους</strong></span> <span class='ocrx_word' id='word_1_585' title='bbox 598 1663 698 1694; x_wconf 80' lang='grc' dir='ltr'>αὐτοὺς</span> <span class='ocrx_word' id='word_1_586' title='bbox 712 1659 783 1689; x_wconf 77' lang='grc' dir='ltr'>εἶναι</span> <span class='ocrx_word' id='word_1_587' title='bbox 798 1661 916 1698; x_wconf 77' lang='grc' dir='ltr'>ὲξορίας,</span> 
     </span>
    </p>
   </div>
   <div class='ocr_carea' id='block_1_64' title="bbox 1026 1659 1796 1698">
    <p class='ocr_par' dir='ltr' id='par_1_64' title="bbox 1026 1659 1796 1698">
     <span class='ocr_line' id='line_1_65' title="bbox 1026 1659 1796 1698; baseline -0.005 -8"><span class='ocrx_word' id='word_1_588' title='bbox 1026 1663 1110 1698; x_wconf 74' lang='lat' dir='ltr'><strong>tpitali</strong></span> <span class='ocrx_word' id='word_1_589' title='bbox 1141 1670 1222 1697; x_wconf 75' lang='lat' dir='ltr'><strong>pmna</strong></span> <span class='ocrx_word' id='word_1_590' title='bbox 1249 1662 1323 1697; x_wconf 80' lang='lat' dir='ltr'><strong>digni</strong></span> <span class='ocrx_word' id='word_1_591' title='bbox 1350 1661 1416 1693; x_wconf 88' lang='lat' dir='ltr'><strong>sint,</strong></span> <span class='ocrx_word' id='word_1_592' title='bbox 1441 1665 1549 1695; x_wconf 87' lang='lat' dir='ltr'><strong>oportet</strong></span> <span class='ocrx_word' id='word_1_593' title='bbox 1580 1659 1723 1695; x_wconf 65' lang='lat' dir='ltr'><strong>praesidem</strong></span> <span class='ocrx_word' id='word_1_594' title='bbox 1749 1666 1796 1686; x_wconf 85' lang='lat' dir='ltr'><strong>eos</strong></span> 
     </span>
    </p>
   </div>
   <div class='ocr_carea' id='block_1_65' title="bbox 153 1705 923 1745">
    <p class='ocr_par' dir='ltr' id='par_1_65' title="bbox 153 1708 923 1745">
     <span class='ocr_line' id='line_1_66' title="bbox 153 1708 923 1745; baseline 0.001 -11"><span class='ocrx_word' id='word_1_595' title='bbox 153 1708 345 1743; x_wconf 79' lang='grc' dir='ltr'>περιορισμοῦ,</span> <span class='ocrx_word' id='word_1_596' title='bbox 358 1708 375 1744; x_wconf 81' lang='grc' dir='ltr'><strong>ἢ</strong></span> <span class='ocrx_word' id='word_1_597' title='bbox 390 1708 541 1744; x_wconf 81' lang='grc' dir='ltr'>κεφαλικῆς</span> <span class='ocrx_word' id='word_1_598' title='bbox 555 1708 702 1745; x_wconf 79' lang='grc' dir='ltr'>τιμωρίας,</span> <span class='ocrx_word' id='word_1_599' title='bbox 711 1709 752 1736; x_wconf 84' lang='grc' dir='ltr'><strong>δεῖ</strong></span> <span class='ocrx_word' id='word_1_600' title='bbox 767 1709 812 1736; x_wconf 74' lang='grc' dir='ltr'><strong>τὸν</strong></span> <span class='ocrx_word' id='word_1_601' title='bbox 825 1708 923 1744; x_wconf 72' lang='grc' dir='ltr'>ἄρχονσι</span> 
     </span>
    </p>
   </div>
   <div class='ocr_carea' id='block_1_66' title="bbox 1029 1705 1799 1745">
    <p class='ocr_par' dir='ltr' id='par_1_66' title="bbox 1030 1705 1799 1742">
     <span class='ocr_line' id='line_1_67' title="bbox 1030 1705 1799 1742; baseline -0.005 -7"><span class='ocrx_word' id='word_1_602' title='bbox 1030 1712 1107 1736; x_wconf 88' lang='lat' dir='ltr'><strong>netos</strong></span> <span class='ocrx_word' id='word_1_603' title='bbox 1131 1708 1280 1739; x_wconf 83' lang='lat' dir='ltr'><strong>custodire,</strong></span> <span class='ocrx_word' id='word_1_604' title='bbox 1307 1712 1333 1734; x_wconf 90' lang='lat' dir='ltr'><strong>et</strong></span> <span class='ocrx_word' id='word_1_605' title='bbox 1358 1707 1390 1734; x_wconf 89' lang='lat' dir='ltr'><strong>ad</strong></span> <span class='ocrx_word' id='word_1_606' title='bbox 1413 1707 1565 1742; x_wconf 83' lang='lat' dir='ltr'><strong>principem</strong></span> <span class='ocrx_word' id='word_1_607' title='bbox 1591 1706 1703 1738; x_wconf 83' lang='lat' dir='ltr'><strong>referre,</strong></span> <span class='ocrx_word' id='word_1_608' title='bbox 1729 1705 1799 1732; x_wconf 89' lang='lat' dir='ltr'><strong>rela-</strong></span> 
     </span>
    </p>
   </div>
   <div class='ocr_carea' id='block_1_67' title="bbox 153 1750 923 1790">
    <p class='ocr_par' dir='ltr' id='par_1_67' title="bbox 153 1753 923 1790">
     <span class='ocr_line' id='line_1_68' title="bbox 153 1753 923 1790; baseline 0 -10"><span class='ocrx_word' id='word_1_609' title='bbox 153 1753 313 1789; x_wconf 75' lang='grc' dir='ltr'>δεδεμένους</span> <span class='ocrx_word' id='word_1_610' title='bbox 328 1754 428 1786; x_wconf 82' lang='grc' dir='ltr'>αὐτοὺς</span> <span class='ocrx_word' id='word_1_611' title='bbox 442 1755 600 1789; x_wconf 81' lang='grc' dir='ltr'>φυλάττειν,</span> <span class='ocrx_word' id='word_1_612' title='bbox 617 1755 665 1782; x_wconf 70' lang='grc' dir='ltr'><strong>καὶ</strong></span> <span class='ocrx_word' id='word_1_613' title='bbox 678 1755 826 1790; x_wconf 77' lang='grc' dir='ltr'>ἀναφέρειν</span> <span class='ocrx_word' id='word_1_614' title='bbox 839 1754 878 1790; x_wconf 85' lang='grc' dir='ltr'>τῷ</span> <span class='ocrx_word' id='word_1_615' title='bbox 893 1755 923 1781; x_wconf 66' lang='lat' dir='ltr'><strong>Ba</strong></span> 
     </span>
    </p>
   </div>
   <div class='ocr_carea' id='block_1_68' title="bbox 1027 1750 1797 1790">
    <p class='ocr_par' dir='ltr' id='par_1_68' title="bbox 1027 1750 1797 1789">
     <span class='ocr_line' id='line_1_69' title="bbox 1027 1750 1797 1789; baseline -0.006 -8"><span class='ocrx_word' id='word_1_616' title='bbox 1027 1755 1069 1782; x_wconf 81' lang='lat' dir='ltr'><strong>oni</strong></span> <span class='ocrx_word' id='word_1_617' title='bbox 1092 1754 1221 1789; x_wconf 85' lang='lat' dir='ltr'><strong>adjuncta</strong></span> <span class='ocrx_word' id='word_1_618' title='bbox 1237 1753 1265 1780; x_wconf 89' lang='lat' dir='ltr'><strong>in</strong></span> <span class='ocrx_word' id='word_1_619' title='bbox 1282 1753 1356 1788; x_wconf 73' lang='lat' dir='ltr'><strong>ipsos</strong></span> <span class='ocrx_word' id='word_1_620' title='bbox 1377 1753 1429 1779; x_wconf 86' lang='lat' dir='ltr'><strong>lata</strong></span> <span class='ocrx_word' id='word_1_621' title='bbox 1447 1751 1594 1779; x_wconf 87' lang='lat' dir='ltr'><strong>sententia.</strong></span> <span class='ocrx_word' id='word_1_622' title='bbox 1617 1750 1721 1777; x_wconf 79' lang='lat' dir='ltr'><strong>Thema</strong></span> <span class='ocrx_word' id='word_1_623' title='bbox 1746 1757 1797 1776; x_wconf 89' lang='lat' dir='ltr'><strong>au-</strong></span> 
     </span>
    </p>
   </div>
   <div class='ocr_carea' id='block_1_69' title="bbox 155 1797 925 1836">
    <p class='ocr_par' dir='ltr' id='par_1_69' title="bbox 155 1799 925 1836">
     <span class='ocr_line' id='line_1_70' title="bbox 155 1799 925 1836; baseline -0.001 -10"><span class='ocrx_word' id='word_1_624' title='bbox 155 1799 224 1826; x_wconf 81' lang='grc' dir='ltr'>σιλεῖ</span> <span class='ocrx_word' id='word_1_625' title='bbox 239 1799 463 1835; x_wconf 70' lang='grc' dir='ltr'>προσζευγνύντα</span> <span class='ocrx_word' id='word_1_626' title='bbox 478 1801 512 1836; x_wconf 81' lang='grc' dir='ltr'><strong>τῇ</strong></span> <span class='ocrx_word' id='word_1_627' title='bbox 528 1801 652 1836; x_wconf 72' lang='grc' dir='ltr'>ἀναφορᾷ</span> <span class='ocrx_word' id='word_1_628' title='bbox 668 1800 716 1826; x_wconf 77' lang='grc' dir='ltr'><strong>καὶ</strong></span> <span class='ocrx_word' id='word_1_629' title='bbox 733 1799 782 1835; x_wconf 86' lang='grc' dir='ltr'>τὴν</span> <span class='ocrx_word' id='word_1_630' title='bbox 800 1799 843 1826; x_wconf 74' lang='grc' dir='ltr'><strong>ἐπ’</strong></span> <span class='ocrx_word' id='word_1_631' title='bbox 856 1799 925 1826; x_wconf 77' lang='grc' dir='ltr'>αὐτο</span> 
     </span>
    </p>
   </div>
   <div class='ocr_carea' id='block_1_70' title="bbox 1029 1797 1799 1836">
    <p class='ocr_par' dir='ltr' id='par_1_70' title="bbox 1031 1797 1799 1835">
     <span class='ocr_line' id='line_1_71' title="bbox 1031 1797 1799 1835; baseline -0.007 -8"><span class='ocrx_word' id='word_1_632' title='bbox 1031 1809 1055 1826; x_wconf 86' lang='grc' dir='ltr'><strong>ιιι</strong></span> <span class='ocrx_word' id='word_1_633' title='bbox 1087 1800 1100 1826; x_wconf 87' lang='grc'><strong>1</strong></span> <span class='ocrx_word' id='word_1_634' title='bbox 1120 1800 1244 1835; x_wconf 83' lang='lat' dir='ltr'><strong>ejusdem</strong></span> <span class='ocrx_word' id='word_1_635' title='bbox 1268 1799 1311 1826; x_wconf 89' lang='lat' dir='ltr'><strong>tit.</strong></span> <span class='ocrx_word' id='word_1_636' title='bbox 1333 1799 1391 1826; x_wconf 88' lang='lat' dir='ltr'><strong>ait:</strong></span> <span class='ocrx_word' id='word_1_637' title='bbox 1408 1798 1540 1826; x_wconf 63' lang='lat' dir='ltr'><strong>Praesides</strong></span> <span class='ocrx_word' id='word_1_638' title='bbox 1561 1797 1710 1825; x_wconf 85' lang='lat' dir='ltr'><strong>sententias</strong></span> <span class='ocrx_word' id='word_1_639' title='bbox 1734 1804 1799 1823; x_wconf 83' lang='lat' dir='ltr'><strong>suas</strong></span> 
     </span>
    </p>
   </div>
   <div class='ocr_carea' id='block_1_71' title="bbox 153 1841 923 1880">
    <p class='ocr_par' dir='ltr' id='par_1_71' title="bbox 153 1841 923 1880">
     <span class='ocr_line' id='line_1_72' title="bbox 153 1841 923 1880; baseline 0 -10"><span class='ocrx_word' id='word_1_640' title='bbox 153 1844 254 1879; x_wconf 73' lang='grc' dir='ltr'>ψῆφον.</span> <span class='ocrx_word' id='word_1_641' title='bbox 269 1844 306 1871; x_wconf 78' lang='grc' dir='ltr'><strong>Τὸ</strong></span> <span class='ocrx_word' id='word_1_642' title='bbox 321 1844 350 1871; x_wconf 77' lang='grc' dir='ltr'><strong>δὲ</strong></span> <span class='ocrx_word' id='word_1_643' title='bbox 365 1847 389 1871; x_wconf 86' lang='grc' dir='ltr'>α’</span> <span class='ocrx_word' id='word_1_644' title='bbox 402 1844 474 1880; x_wconf 83' lang='grc' dir='ltr'>θέμα</span> <span class='ocrx_word' id='word_1_645' title='bbox 483 1844 531 1871; x_wconf 81' lang='grc' dir='ltr'><strong>τοῦ</strong></span> <span class='ocrx_word' id='word_1_646' title='bbox 555 1844 639 1871; x_wconf 74' lang='grc' dir='ltr'>αὐτοῦ</span> <span class='ocrx_word' id='word_1_647' title='bbox 657 1853 719 1879; x_wconf 81' lang='grc' dir='ltr'>κεφ.</span> <span class='ocrx_word' id='word_1_648' title='bbox 739 1843 780 1876; x_wconf 81' lang='grc' dir='ltr'><strong>κζ’</strong></span> <span class='ocrx_word' id='word_1_649' title='bbox 797 1841 901 1879; x_wconf 70' lang='grc' dir='ltr'>φησιν,</span> <span class='ocrx_word' id='word_1_650' title='bbox 917 1845 923 1869; x_wconf 77' lang='lat' dir='ltr'><strong>t</strong></span> 
     </span>
    </p>
   </div>
   <div class='ocr_carea' id='block_1_72' title="bbox 1029 1841 1799 1880">
    <p class='ocr_par' dir='ltr' id='par_1_72' title="bbox 1029 1843 1799 1880">
     <span class='ocr_line' id='line_1_73' title="bbox 1029 1843 1799 1880; baseline -0.006 -6"><span class='ocrx_word' id='word_1_651' title='bbox 1029 1846 1158 1875; x_wconf 77' lang='lat' dir='ltr'><strong>scindere</strong></span> <span class='ocrx_word' id='word_1_652' title='bbox 1178 1849 1317 1880; x_wconf 80' lang='lat' dir='ltr'><strong>nequeunt</strong></span> <span class='ocrx_word' id='word_1_653' title='bbox 1333 1850 1380 1873; x_wconf 86' lang='lat' dir='ltr'><strong>:et</strong></span> <span class='ocrx_word' id='word_1_654' title='bbox 1400 1853 1461 1880; x_wconf 63' lang='lat' dir='ltr'><strong>quae</strong></span> <span class='ocrx_word' id='word_1_655' title='bbox 1481 1845 1612 1879; x_wconf 84' lang='lat' dir='ltr'><strong>deinceps</strong></span> <span class='ocrx_word' id='word_1_656' title='bbox 1627 1843 1653 1870; x_wconf 92' lang='lat' dir='ltr'><strong>in</strong></span> <span class='ocrx_word' id='word_1_657' title='bbox 1668 1850 1799 1878; x_wconf 83' lang='lat' dir='ltr'><strong>compen-</strong></span> 
     </span>
    </p>
   </div>
   <div class='ocr_carea' id='block_1_73' title="bbox 154 1889 924 1928">
    <p class='ocr_par' dir='ltr' id='par_1_73' title="bbox 154 1889 924 1925">
     <span class='ocr_line' id='line_1_74' title="bbox 154 1889 924 1925; baseline -0.001 -8"><span class='ocrx_word' id='word_1_658' title='bbox 154 1890 284 1925; x_wconf 80' lang='grc' dir='ltr'>ἄρχοντες</span> <span class='ocrx_word' id='word_1_659' title='bbox 298 1889 347 1922; x_wconf 79' lang='grc' dir='ltr'>τὰς</span> <span class='ocrx_word' id='word_1_660' title='bbox 364 1890 433 1922; x_wconf 82' lang='grc' dir='ltr'>ιδίας</span> <span class='ocrx_word' id='word_1_661' title='bbox 451 1890 604 1925; x_wconf 80' lang='grc' dir='ltr'>ἀποφάσεις</span> <span class='ocrx_word' id='word_1_662' title='bbox 615 1890 779 1925; x_wconf 80' lang='grc' dir='ltr'>ἀνατρέπειν</span> <span class='ocrx_word' id='word_1_663' title='bbox 787 1890 817 1917; x_wconf 79' lang='grc' dir='ltr'>οὐ</span> <span class='ocrx_word' id='word_1_664' title='bbox 826 1890 924 1917; x_wconf 80' lang='grc' dir='ltr'>δύνατα</span> 
     </span>
    </p>
   </div>
   <div class='ocr_carea' id='block_1_74' title="bbox 816 1889 1586 1928">
    <p class='ocr_par' dir='ltr' id='par_1_74' title="bbox 816 1890 1586 1928">
     <span class='ocr_line' id='line_1_75' title="bbox 816 1890 1586 1928; baseline 0.003 -8"><span class='ocrx_word' id='word_1_665' title='bbox 816 1890 947 1922; x_wconf 63' lang='grc' dir='ltr'>ιδύναται.</span> <span class='ocrx_word' id='word_1_666' title='bbox 1001 1894 1047 1922; x_wconf 90' lang='lat' dir='ltr'><strong>dio</strong></span> <span class='ocrx_word' id='word_1_667' title='bbox 1062 1897 1126 1921; x_wconf 88' lang='lat' dir='ltr'><strong>sunt</strong></span> <span class='ocrx_word' id='word_1_668' title='bbox 1137 1893 1289 1928; x_wconf 82' lang='lat' dir='ltr'><strong>proposita.</strong></span> <span class='ocrx_word' id='word_1_669' title='bbox 1580 1891 1586 1898; x_wconf 72' lang='lat'>‘</span> 
     </span>
    </p>
   </div>
   <div class='ocr_carea' id='block_1_75' title="bbox 155 1935 638 1972">
    <p class='ocr_par' dir='ltr' id='par_1_75' title="bbox 155 1935 638 1972">
     <span class='ocr_line' id='line_1_76' title="bbox 155 1935 638 1972; baseline 0.002 -10"><span class='ocrx_word' id='word_1_670' title='bbox 155 1935 204 1962; x_wconf 74' lang='grc' dir='ltr'><strong>καὶ</strong></span> <span class='ocrx_word' id='word_1_671' title='bbox 220 1936 264 1971; x_wconf 76' lang='grc' dir='ltr'><strong>ἐφ’</strong></span> <span class='ocrx_word' id='word_1_672' title='bbox 276 1937 340 1972; x_wconf 81' lang='grc' dir='ltr'><strong>ἑξῆς</strong></span> <span class='ocrx_word' id='word_1_673' title='bbox 354 1937 404 1964; x_wconf 80' lang='grc' dir='ltr'>ὅσα</span> <span class='ocrx_word' id='word_1_674' title='bbox 417 1936 638 1972; x_wconf 75' lang='grc' dir='ltr'>συνωψίσθησαν.</span> 
     </span>
    </p>
   </div>
   <div class='ocr_carea' id='block_1_76' title="bbox 191 1981 961 2020">
    <p class='ocr_par' dir='ltr' id='par_1_76' title="bbox 191 1981 950 2018">
     <span class='ocr_line' id='line_1_77' title="bbox 191 1981 950 2018; baseline 0 -10"><span class='ocrx_word' id='word_1_675' title='bbox 191 1981 347 2016; x_wconf 77' lang='grc' dir='ltr'><strong>Κειμενον.</strong></span> <span class='ocrx_word' id='word_1_676' title='bbox 375 1982 468 2009; x_wconf 80' lang='grc' dir='ltr'>Ταῦτα</span> <span class='ocrx_word' id='word_1_677' title='bbox 494 1982 559 2018; x_wconf 80' lang='grc' dir='ltr'>περὶ</span> <span class='ocrx_word' id='word_1_678' title='bbox 583 1982 735 2009; x_wconf 78' lang='grc' dir='ltr'>αὐτοτελῶν</span> <span class='ocrx_word' id='word_1_679' title='bbox 758 1983 867 2017; x_wconf 80' lang='grc' dir='ltr'>εῐρηται</span> <span class='ocrx_word' id='word_1_680' title='bbox 896 1981 950 2016; x_wconf 73' lang='grc' dir='ltr'><strong>ψή-</strong></span> 
     </span>
    </p>
   </div>
   <div class='ocr_carea' id='block_1_77' title="bbox 1029 1981 1799 2020">
    <p class='ocr_par' dir='ltr' id='par_1_77' title="bbox 1039 1982 1799 2020">
     <span class='ocr_line' id='line_1_78' title="bbox 1039 1982 1799 2020; baseline -0.003 -10"><span class='ocrx_word' id='word_1_681' title='bbox 1039 1983 1146 2011; x_wconf 72' lang='lat' dir='ltr'><strong>Textus.</strong></span> <span class='ocrx_word' id='word_1_682' title='bbox 1170 1983 1281 2020; x_wconf 83' lang='lat' dir='ltr'><strong>[Atque]</strong></span> <span class='ocrx_word' id='word_1_683' title='bbox 1303 1983 1360 2011; x_wconf 67' lang='lat' dir='ltr'><strong>haec</strong></span> <span class='ocrx_word' id='word_1_684' title='bbox 1380 1983 1513 2020; x_wconf 86' lang='lat' dir='ltr'><strong>[quidem]</strong></span> <span class='ocrx_word' id='word_1_685' title='bbox 1527 1983 1561 2011; x_wconf 90' lang='lat' dir='ltr'><strong>de</strong></span> <span class='ocrx_word' id='word_1_686' title='bbox 1578 1982 1716 2018; x_wconf 78' lang='lat' dir='ltr'><strong>perfectis,</strong></span> <span class='ocrx_word' id='word_1_687' title='bbox 1736 1986 1799 2015; x_wconf 86' lang='lat' dir='ltr'><strong>etc.,</strong></span> 
     </span>
    </p>
   </div>
   <div class='ocr_carea' id='block_1_78' title="bbox 156 2028 926 2065">
    <p class='ocr_par' dir='ltr' id='par_1_78' title="bbox 156 2029 926 2065">
     <span class='ocr_line' id='line_1_79' title="bbox 156 2029 926 2065; baseline 0.003 -11"><span class='ocrx_word' id='word_1_688' title='bbox 156 2035 225 2062; x_wconf 84' lang='grc' dir='ltr'>φων,</span> <span class='ocrx_word' id='word_1_689' title='bbox 246 2037 273 2055; x_wconf 88' lang='grc' dir='ltr'><strong>κ.</strong></span> <span class='ocrx_word' id='word_1_690' title='bbox 289 2037 315 2055; x_wconf 87' lang='grc' dir='ltr'>τ.</span> <span class='ocrx_word' id='word_1_691' title='bbox 332 2029 370 2062; x_wconf 93' lang='grc' dir='ltr'>λ.,</span> <span class='ocrx_word' id='word_1_692' title='bbox 401 2037 489 2065; x_wconf 85' lang='lat' dir='ltr'><strong>usque</strong></span> <span class='ocrx_word' id='word_1_693' title='bbox 513 2030 546 2057; x_wconf 84' lang='lat' dir='ltr'><strong>ad</strong></span> <span class='ocrx_word' id='word_1_694' title='bbox 563 2029 705 2065; x_wconf 79' lang='grc' dir='ltr'>δικαστὴς,</span> <span class='ocrx_word' id='word_1_695' title='bbox 728 2030 766 2061; x_wconf 82' lang='grc' dir='ltr'>ὡς</span> <span class='ocrx_word' id='word_1_696' title='bbox 791 2029 863 2064; x_wconf 79' lang='grc' dir='ltr'>βιῧλ.</span> <span class='ocrx_word' id='word_1_697' title='bbox 891 2030 926 2064; x_wconf 65' lang='grc' dir='ltr'>μβ</span> 
     </span>
    </p>
   </div>
   <div class='ocr_carea' id='block_1_79' title="bbox 720 2028 1490 2065">
    <p class='ocr_par' dir='ltr' id='par_1_79' title="bbox 728 2028 1490 2065">
     <span class='ocr_line' id='line_1_80' title="bbox 728 2028 1490 2065; baseline -0.001 -9"><span class='ocrx_word' id='word_1_698' title='bbox 728 2030 766 2061; x_wconf 82' lang='grc' dir='ltr'>ὡς</span> <span class='ocrx_word' id='word_1_699' title='bbox 791 2029 863 2064; x_wconf 79' lang='grc' dir='ltr'>βιῧλ.</span> <span class='ocrx_word' id='word_1_700' title='bbox 891 2030 950 2064; x_wconf 62' lang='grc' dir='ltr'><strong>μέν.</strong></span> <span class='ocrx_word' id='word_1_701' title='bbox 1002 2037 1083 2064; x_wconf 79' lang='lat' dir='ltr'><strong>usque</strong></span> <span class='ocrx_word' id='word_1_702' title='bbox 1095 2029 1129 2056; x_wconf 78' lang='lat' dir='ltr'><strong>ad</strong></span> <span class='ocrx_word' id='word_1_703' title='bbox 1146 2028 1295 2065; x_wconf 82' lang='lat' dir='ltr'><strong>[docetur],</strong></span> <span class='ocrx_word' id='word_1_704' title='bbox 1311 2034 1340 2056; x_wconf 86' lang='lat' dir='ltr'><strong>ut</strong></span> <span class='ocrx_word' id='word_1_705' title='bbox 1349 2036 1411 2064; x_wconf 81' lang='lat' dir='ltr'><strong>pag.</strong></span> <span class='ocrx_word' id='word_1_706' title='bbox 1428 2029 1490 2057; x_wconf 83' lang='grc'><strong>815.</strong></span> 
     </span>
    </p>
   </div>
   <div class='ocr_carea' id='block_1_80' title="bbox 155 2073 291 2102">
    <p class='ocr_par' dir='ltr' id='par_1_80' title="bbox 155 2073 291 2102">
     <span class='ocr_line' id='line_1_81' title="bbox 155 2073 291 2102; baseline 0.007 -2"><span class='ocrx_word' id='word_1_707' title='bbox 155 2073 227 2102; x_wconf 81' lang='grc' dir='ltr'>διάτ.</span> <span class='ocrx_word' id='word_1_708' title='bbox 244 2078 291 2101; x_wconf 88' lang='grc' dir='ltr'><strong>νε¹.</strong></span> 
     </span>
    </p>
   </div>
   <div class='ocr_carea' id='block_1_81' title="bbox 191 2119 961 2157">
    <p class='ocr_par' dir='ltr' id='par_1_81' title="bbox 191 2120 950 2157">
     <span class='ocr_line' id='line_1_82' title="bbox 191 2120 950 2157; baseline 0 -9"><span class='ocrx_word' id='word_1_709' title='bbox 191 2120 331 2156; x_wconf 81' lang='grc' dir='ltr'><strong>Σχόλιον.</strong></span> <span class='ocrx_word' id='word_1_710' title='bbox 348 2120 385 2148; x_wconf 79' lang='grc' dir='ltr'><strong>Τὸ</strong></span> <span class='ocrx_word' id='word_1_711' title='bbox 401 2120 431 2148; x_wconf 84' lang='grc' dir='ltr'>ιδ’</span> <span class='ocrx_word' id='word_1_712' title='bbox 442 2121 512 2148; x_wconf 82' lang='grc' dir='ltr'>διάτ.</span> <span class='ocrx_word' id='word_1_713' title='bbox 526 2121 573 2148; x_wconf 76' lang='grc' dir='ltr'>τοῦ</span> <span class='ocrx_word' id='word_1_714' title='bbox 589 2121 613 2148; x_wconf 90' lang='grc' dir='ltr'>α’</span> <span class='ocrx_word' id='word_1_715' title='bbox 629 2121 682 2148; x_wconf 87' lang='grc' dir='ltr'>τίτ.</span> <span class='ocrx_word' id='word_1_716' title='bbox 698 2121 744 2148; x_wconf 78' lang='grc' dir='ltr'>τοῦ</span> <span class='ocrx_word' id='word_1_717' title='bbox 757 2121 880 2157; x_wconf 76' lang='grc' dir='ltr'>μβ’βι6λ.</span> <span class='ocrx_word' id='word_1_718' title='bbox 895 2121 950 2148; x_wconf 83' lang='grc' dir='ltr'><strong>τῶν</strong></span> 
     </span>
    </p>
   </div>
   <div class='ocr_carea' id='block_1_82' title="bbox 1036 2119 1806 2157">
    <p class='ocr_par' dir='ltr' id='par_1_82' title="bbox 1037 2119 1806 2156">
     <span class='ocr_line' id='line_1_83' title="bbox 1037 2119 1806 2156; baseline -0.004 -6"><span class='ocrx_word' id='word_1_719' title='bbox 1037 2122 1183 2150; x_wconf 81' lang='lat' dir='ltr'><strong>Sclwlium.</strong></span> <span class='ocrx_word' id='word_1_720' title='bbox 1205 2121 1307 2156; x_wconf 86' lang='lat' dir='ltr'><strong>Digest.</strong></span> <span class='ocrx_word' id='word_1_721' title='bbox 1333 2121 1367 2149; x_wconf 74' lang='lat' dir='ltr'><strong>M</strong></span> <span class='ocrx_word' id='word_1_722' title='bbox 1396 2121 1438 2149; x_wconf 84' lang='lat' dir='ltr'><strong>tit.</strong></span> <span class='ocrx_word' id='word_1_723' title='bbox 1467 2121 1478 2148; x_wconf 90' lang='grc'><strong>1</strong></span> <span class='ocrx_word' id='word_1_724' title='bbox 1497 2120 1544 2148; x_wconf 80' lang='lat' dir='ltr'><strong>lib.</strong></span> <span class='ocrx_word' id='word_1_725' title='bbox 1567 2128 1621 2148; x_wconf 70' lang='grc' dir='ltr'>χιιι</span> <span class='ocrx_word' id='word_1_726' title='bbox 1645 2119 1746 2155; x_wconf 71' lang='lat' dir='ltr'><strong>Digest.</strong></span> <span class='ocrx_word' id='word_1_727' title='bbox 1763 2124 1806 2147; x_wconf 82' lang='lat' dir='ltr'><strong>est.</strong></span> 
     </span>
    </p>
   </div>
   <div class='ocr_carea' id='block_1_83' title="bbox 155 2163 925 2204">
    <p class='ocr_par' dir='ltr' id='par_1_83' title="bbox 155 2167 910 2204">
     <span class='ocr_line' id='line_1_84' title="bbox 155 2167 910 2204; baseline 0.001 -10"><span class='ocrx_word' id='word_1_728' title='bbox 155 2167 316 2200; x_wconf 79' lang='grc' dir='ltr'>διατάξεων,</span> <span class='ocrx_word' id='word_1_729' title='bbox 341 2168 400 2195; x_wconf 78' lang='grc' dir='ltr'>ἐστι</span> <span class='ocrx_word' id='word_1_730' title='bbox 420 2177 485 2203; x_wconf 79' lang='grc' dir='ltr'>κεφ.</span> <span class='ocrx_word' id='word_1_731' title='bbox 502 2169 532 2195; x_wconf 66' lang='grc' dir='ltr'><strong>ιδ’</strong></span> <span class='ocrx_word' id='word_1_732' title='bbox 549 2168 596 2195; x_wconf 80' lang='grc' dir='ltr'>τοῦ</span> <span class='ocrx_word' id='word_1_733' title='bbox 616 2172 640 2204; x_wconf 86' lang='grc' dir='ltr'><strong>γ’</strong></span> <span class='ocrx_word' id='word_1_734' title='bbox 657 2169 711 2196; x_wconf 86' lang='grc' dir='ltr'>τίτ.</span> <span class='ocrx_word' id='word_1_735' title='bbox 730 2169 777 2195; x_wconf 84' lang='grc' dir='ltr'>τοῦ</span> <span class='ocrx_word' id='word_1_736' title='bbox 801 2169 821 2195; x_wconf 84' lang='grc' dir='ltr'><strong>Θ¹</strong></span> <span class='ocrx_word' id='word_1_737' title='bbox 839 2169 910 2204; x_wconf 76' lang='grc' dir='ltr'>βιὸλ.</span> 
     </span>
    </p>
   </div>
   <div class='ocr_carea' id='block_1_84' title="bbox 1027 2163 1797 2204">
    <p class='ocr_par' dir='ltr' id='par_1_84' title="bbox 1027 2167 1797 2204">
     <span class='ocr_line' id='line_1_85' title="bbox 1027 2167 1797 2204; baseline -0.005 -8"><span class='ocrx_word' id='word_1_738' title='bbox 1027 2177 1064 2204; x_wconf 84' lang='lat' dir='ltr'><strong>tp.</strong></span> <span class='ocrx_word' id='word_1_739' title='bbox 1087 2169 1182 2196; x_wconf 73' lang='grc'><strong>11111.</strong></span> <span class='ocrx_word' id='word_1_740' title='bbox 1207 2169 1224 2196; x_wconf 80' lang='grc'>5</span> <span class='ocrx_word' id='word_1_741' title='bbox 1249 2169 1296 2196; x_wconf 91' lang='lat' dir='ltr'><strong>lib.</strong></span> <span class='ocrx_word' id='word_1_742' title='bbox 1329 2176 1372 2201; x_wconf 76' lang='lat' dir='ltr'><strong>Ix,</strong></span> <span class='ocrx_word' id='word_1_743' title='bbox 1398 2168 1470 2203; x_wconf 89' lang='lat' dir='ltr'><strong>quod</strong></span> <span class='ocrx_word' id='word_1_744' title='bbox 1489 2167 1569 2203; x_wconf 87' lang='lat' dir='ltr'><strong>paulo</strong></span> <span class='ocrx_word' id='word_1_745' title='bbox 1594 2171 1656 2194; x_wconf 88' lang='lat' dir='ltr'><strong>ante</strong></span> <span class='ocrx_word' id='word_1_746' title='bbox 1670 2167 1797 2194; x_wconf 69' lang='lat' dir='ltr'><strong>insertnn:</strong></span> 
     </span>
    </p>
   </div>
   <div class='ocr_carea' id='block_1_85' title="bbox 157 2212 927 2252">
    <p class='ocr_par' dir='ltr' id='par_1_85' title="bbox 157 2214 927 2252">
     <span class='ocr_line' id='line_1_86' title="bbox 157 2214 927 2252; baseline 0.003 -12"><span class='ocrx_word' id='word_1_747' title='bbox 157 2223 250 2250; x_wconf 83' lang='grc' dir='ltr'>φησιν,</span> <span class='ocrx_word' id='word_1_748' title='bbox 267 2215 300 2241; x_wconf 85' lang='lat'><strong>&#39;0</strong></span> <span class='ocrx_word' id='word_1_749' title='bbox 319 2215 484 2250; x_wconf 83' lang='grc' dir='ltr'>κελεύσει,ἣ</span> <span class='ocrx_word' id='word_1_750' title='bbox 512 2214 631 2242; x_wconf 82' lang='grc' dir='ltr'><strong>κωλύσει</strong></span> <span class='ocrx_word' id='word_1_751' title='bbox 655 2215 670 2242; x_wconf 85' lang='grc' dir='ltr'><strong><em>ὸ</em></strong></span> <span class='ocrx_word' id='word_1_752' title='bbox 695 2215 821 2252; x_wconf 85' lang='grc' dir='ltr'>πραίτωρ</span> <span class='ocrx_word' id='word_1_753' title='bbox 839 2216 927 2242; x_wconf 68' lang='grc' dir='ltr'>δύνατι</span> 
     </span>
    </p>
   </div>
   <div class='ocr_carea' id='block_1_86' title="bbox 1031 2212 1801 2252">
    <p class='ocr_par' dir='ltr' id='par_1_86' title="bbox 1031 2212 1801 2250">
     <span class='ocr_line' id='line_1_87' title="bbox 1031 2212 1801 2250; baseline -0.005 -8"><span class='ocrx_word' id='word_1_754' title='bbox 1031 2221 1054 2243; x_wconf 59' lang='grc' dir='ltr'><strong>ηι.</strong></span> <span class='ocrx_word' id='word_1_755' title='bbox 1081 2215 1140 2250; x_wconf 71' lang='lat' dir='ltr'><strong>Dig.</strong></span> <span class='ocrx_word' id='word_1_756' title='bbox 1167 2215 1200 2243; x_wconf 84' lang='grc'><strong>19</strong></span> <span class='ocrx_word' id='word_1_757' title='bbox 1216 2216 1257 2243; x_wconf 86' lang='lat' dir='ltr'><strong>tit.</strong></span> <span class='ocrx_word' id='word_1_758' title='bbox 1272 2217 1288 2243; x_wconf 84' lang='lat'><strong>8</strong></span> <span class='ocrx_word' id='word_1_759' title='bbox 1303 2215 1350 2242; x_wconf 91' lang='lat' dir='ltr'><strong>lib.</strong></span> <span class='ocrx_word' id='word_1_760' title='bbox 1371 2223 1395 2242; x_wconf 90' lang='lat' dir='ltr'><strong>Iv</strong></span> <span class='ocrx_word' id='word_1_761' title='bbox 1415 2214 1485 2250; x_wconf 64' lang='grc' dir='ltr'><strong>[ηε-ν</strong></span> <span class='ocrx_word' id='word_1_762' title='bbox 1511 2219 1538 2242; x_wconf 89' lang='lat' dir='ltr'><strong>et</strong></span> <span class='ocrx_word' id='word_1_763' title='bbox 1567 2214 1613 2245; x_wconf 72' lang='lat'><strong>20,</strong></span> <span class='ocrx_word' id='word_1_764' title='bbox 1632 2217 1695 2240; x_wconf 81' lang='lat' dir='ltr'><strong>sunt</strong></span> <span class='ocrx_word' id='word_1_765' title='bbox 1717 2212 1758 2240; x_wconf 88' lang='lat' dir='ltr'><strong>tit.</strong></span> <span class='ocrx_word' id='word_1_766' title='bbox 1784 2212 1801 2238; x_wconf 76' lang='lat'><strong>‘2</strong></span> 
     </span>
    </p>
   </div>
   <div class='ocr_carea' id='block_1_87' title="bbox 156 2259 926 2298">
    <p class='ocr_par' dir='ltr' id='par_1_87' title="bbox 156 2260 926 2296">
     <span class='ocr_line' id='line_1_88' title="bbox 156 2260 926 2296; baseline 0.001 -9"><span class='ocrx_word' id='word_1_767' title='bbox 156 2261 331 2296; x_wconf 77' lang='grc' dir='ltr'>ἀνατρέπειν,</span> <span class='ocrx_word' id='word_1_768' title='bbox 347 2261 376 2287; x_wconf 85' lang='grc' dir='ltr'>οὺ</span> <span class='ocrx_word' id='word_1_769' title='bbox 397 2261 450 2296; x_wconf 83' lang='grc' dir='ltr'>μὴν</span> <span class='ocrx_word' id='word_1_770' title='bbox 469 2260 560 2296; x_wconf 76' lang='grc' dir='ltr'>ψῆφον</span> <span class='ocrx_word' id='word_1_771' title='bbox 578 2261 694 2287; x_wconf 77' lang='grc' dir='ltr'>οἰκείαν.</span> <span class='ocrx_word' id='word_1_772' title='bbox 715 2261 752 2287; x_wconf 86' lang='grc' dir='ltr'><strong>Τὸ</strong></span> <span class='ocrx_word' id='word_1_773' title='bbox 768 2261 800 2288; x_wconf 85' lang='grc' dir='ltr'><strong>ιο’</strong></span> <span class='ocrx_word' id='word_1_774' title='bbox 815 2261 885 2289; x_wconf 82' lang='grc' dir='ltr'>διάτ.</span> <span class='ocrx_word' id='word_1_775' title='bbox 902 2270 926 2288; x_wconf 86' lang='grc' dir='ltr'><strong>τι</strong></span> 
     </span>
    </p>
   </div>
   <div class='ocr_carea' id='block_1_88' title="bbox 1031 2259 1801 2298">
    <p class='ocr_par' dir='ltr' id='par_1_88' title="bbox 1031 2259 1801 2298">
     <span class='ocr_line' id='line_1_89' title="bbox 1031 2259 1801 2298; baseline -0.006 -8"><span class='ocrx_word' id='word_1_776' title='bbox 1031 2271 1052 2290; x_wconf 67' lang='grc' dir='ltr'>ι.</span> <span class='ocrx_word' id='word_1_777' title='bbox 1067 2270 1116 2293; x_wconf 88' lang='lat' dir='ltr'><strong>vn,</strong></span> <span class='ocrx_word' id='word_1_778' title='bbox 1135 2270 1196 2298; x_wconf 82' lang='lat' dir='ltr'><strong>cap.</strong></span> <span class='ocrx_word' id='word_1_779' title='bbox 1212 2263 1255 2296; x_wconf 85' lang='grc'>19,</span> <span class='ocrx_word' id='word_1_780' title='bbox 1270 2263 1342 2297; x_wconf 80' lang='lat' dir='ltr'><strong>quod</strong></span> <span class='ocrx_word' id='word_1_781' title='bbox 1356 2262 1397 2289; x_wconf 89' lang='lat' dir='ltr'><strong>sic</strong></span> <span class='ocrx_word' id='word_1_782' title='bbox 1414 2261 1495 2289; x_wconf 82' lang='lat' dir='ltr'><strong>habet</strong></span> <span class='ocrx_word' id='word_1_783' title='bbox 1509 2268 1517 2288; x_wconf 70' lang='grc' dir='ltr'><strong>ε</strong></span> <span class='ocrx_word' id='word_1_784' title='bbox 1533 2261 1642 2288; x_wconf 84' lang='lat' dir='ltr'><strong>Arbiter</strong></span> <span class='ocrx_word' id='word_1_785' title='bbox 1655 2265 1736 2295; x_wconf 89' lang='lat' dir='ltr'><strong>prout</strong></span> <span class='ocrx_word' id='word_1_786' title='bbox 1750 2259 1801 2286; x_wconf 86' lang='lat' dir='ltr'><strong>silu</strong></span> 
     </span>
    </p>
   </div>
   <div class='ocr_carea' id='block_1_89' title="bbox 156 2302 926 2342">
    <p class='ocr_par' dir='ltr' id='par_1_89' title="bbox 156 2306 926 2342">
     <span class='ocr_line' id='line_1_90' title="bbox 156 2306 926 2342; baseline 0.003 -10"><span class='ocrx_word' id='word_1_787' title='bbox 156 2306 183 2342; x_wconf 87' lang='grc' dir='ltr'>η’</span> <span class='ocrx_word' id='word_1_788' title='bbox 205 2306 259 2333; x_wconf 88' lang='grc' dir='ltr'>τίτ.</span> <span class='ocrx_word' id='word_1_789' title='bbox 285 2306 332 2333; x_wconf 83' lang='grc' dir='ltr'>τοῦ</span> <span class='ocrx_word' id='word_1_790' title='bbox 348 2306 369 2333; x_wconf 82' lang='grc' dir='ltr'><strong>δ’</strong></span> <span class='ocrx_word' id='word_1_791' title='bbox 385 2306 455 2341; x_wconf 76' lang='grc' dir='ltr'>βιὸλ.</span> <span class='ocrx_word' id='word_1_792' title='bbox 481 2307 535 2333; x_wconf 86' lang='grc' dir='ltr'>τῶν</span> <span class='ocrx_word' id='word_1_793' title='bbox 556 2307 628 2334; x_wconf 85' lang='grc' dir='ltr'>διατ.</span> <span class='ocrx_word' id='word_1_794' title='bbox 650 2307 699 2333; x_wconf 79' lang='grc' dir='ltr'>καὶ</span> <span class='ocrx_word' id='word_1_795' title='bbox 722 2306 752 2333; x_wconf 84' lang='grc' dir='ltr'>τὸ</span> <span class='ocrx_word' id='word_1_796' title='bbox 778 2310 802 2333; x_wconf 81' lang='grc' dir='ltr'><strong>κ’</strong></span> <span class='ocrx_word' id='word_1_797' title='bbox 826 2307 878 2334; x_wconf 72' lang='grc' dir='ltr'>εἰσὶ</span> <span class='ocrx_word' id='word_1_798' title='bbox 904 2316 926 2334; x_wconf 78' lang='grc' dir='ltr'><strong>τι</strong></span> 
     </span>
    </p>
   </div>
   <div class='ocr_carea' id='block_1_90' title="bbox 1033 2302 1803 2342">
    <p class='ocr_par' dir='ltr' id='par_1_90' title="bbox 1033 2302 1803 2342">
     <span class='ocr_line' id='line_1_91' title="bbox 1033 2302 1803 2342; baseline -0.009 -7"><span class='ocrx_word' id='word_1_799' title='bbox 1033 2309 1113 2335; x_wconf 85' lang='lat' dir='ltr'><strong>detur</strong></span> <span class='ocrx_word' id='word_1_800' title='bbox 1132 2307 1250 2341; x_wconf 77' lang='lat' dir='ltr'><strong>iudicat.</strong></span> <span class='ocrx_word' id='word_1_801' title='bbox 1267 2314 1355 2340; x_wconf 85' lang='lat' dir='ltr'><strong>neque</strong></span> <span class='ocrx_word' id='word_1_802' title='bbox 1372 2306 1398 2332; x_wconf 93' lang='lat' dir='ltr'><strong>in</strong></span> <span class='ocrx_word' id='word_1_803' title='bbox 1415 2304 1498 2342; x_wconf 84' lang='lat' dir='ltr'><strong>[ejus]</strong></span> <span class='ocrx_word' id='word_1_804' title='bbox 1528 2304 1691 2332; x_wconf 86' lang='lat' dir='ltr'><strong>sententiam</strong></span> <span class='ocrx_word' id='word_1_805' title='bbox 1713 2302 1803 2337; x_wconf 85' lang='lat' dir='ltr'><strong>inqui-</strong></span> 
     </span>
    </p>
   </div>
   <div class='ocr_carea' id='block_1_91' title="bbox 157 2349 927 2389">
    <p class='ocr_par' dir='ltr' id='par_1_91' title="bbox 157 2352 924 2388">
     <span class='ocr_line' id='line_1_92' title="bbox 157 2352 924 2388; baseline 0.001 -9"><span class='ocrx_word' id='word_1_806' title='bbox 157 2352 236 2387; x_wconf 84' lang='grc' dir='ltr'>τίτ.β’</span> <span class='ocrx_word' id='word_1_807' title='bbox 248 2352 295 2379; x_wconf 84' lang='grc' dir='ltr'>τοῦ</span> <span class='ocrx_word' id='word_1_808' title='bbox 312 2352 383 2388; x_wconf 80' lang='grc' dir='ltr'>βιῦλ.</span> <span class='ocrx_word' id='word_1_809' title='bbox 399 2353 421 2385; x_wconf 75' lang='grc' dir='ltr'><strong>ζ’</strong></span> <span class='ocrx_word' id='word_1_810' title='bbox 435 2361 499 2386; x_wconf 82' lang='grc' dir='ltr'><strong>κεφ.</strong></span> <span class='ocrx_word' id='word_1_811' title='bbox 509 2352 540 2379; x_wconf 85' lang='grc' dir='ltr'><strong>ιθ’</strong></span> <span class='ocrx_word' id='word_1_812' title='bbox 550 2352 636 2384; x_wconf 76' lang='grc' dir='ltr'>οὕτως</span> <span class='ocrx_word' id='word_1_813' title='bbox 652 2352 724 2388; x_wconf 71' lang='grc' dir='ltr'>ἕχον·</span> <span class='ocrx_word' id='word_1_814' title='bbox 745 2352 775 2379; x_wconf 86' lang='lat'><strong>&#39;0</strong></span> <span class='ocrx_word' id='word_1_815' title='bbox 788 2353 895 2388; x_wconf 79' lang='grc' dir='ltr'>αἱρετὸς</span> <span class='ocrx_word' id='word_1_816' title='bbox 910 2353 924 2380; x_wconf 86' lang='grc' dir='ltr'><strong>δ</strong></span> 
     </span>
    </p>
   </div>
   <div class='ocr_carea' id='block_1_92' title="bbox 1032 2349 1802 2389">
    <p class='ocr_par' dir='ltr' id='par_1_92' title="bbox 1032 2349 1802 2389">
     <span class='ocr_line' id='line_1_93' title="bbox 1032 2349 1802 2389; baseline -0.008 -8"><span class='ocrx_word' id='word_1_817' title='bbox 1032 2359 1041 2381; x_wconf 88' lang='lat' dir='ltr'><strong>t</strong></span> <span class='ocrx_word' id='word_1_818' title='bbox 1068 2358 1176 2389; x_wconf 75' lang='lat' dir='ltr'><strong>pra‘tor.</strong></span> <span class='ocrx_word' id='word_1_819' title='bbox 1194 2353 1272 2386; x_wconf 81' lang='lat' dir='ltr'><strong>Quod</strong></span> <span class='ocrx_word' id='word_1_820' title='bbox 1290 2353 1313 2380; x_wconf 91' lang='lat' dir='ltr'><strong>si</strong></span> <span class='ocrx_word' id='word_1_821' title='bbox 1329 2353 1355 2380; x_wconf 93' lang='lat' dir='ltr'><strong>in</strong></span> <span class='ocrx_word' id='word_1_822' title='bbox 1382 2352 1516 2379; x_wconf 89' lang='lat' dir='ltr'><strong>arbitrum</strong></span> <span class='ocrx_word' id='word_1_823' title='bbox 1538 2349 1599 2387; x_wconf 76' lang='lat' dir='ltr'><strong>[ita]</strong></span> <span class='ocrx_word' id='word_1_824' title='bbox 1620 2349 1802 2384; x_wconf 87' lang='lat' dir='ltr'><strong>compromis-</strong></span> 
     </span>
    </p>
   </div>
   <div class='ocr_carea' id='block_1_93' title="bbox 158 2396 928 2435">
    <p class='ocr_par' dir='ltr' id='par_1_93' title="bbox 158 2398 928 2435">
     <span class='ocr_line' id='line_1_94' title="bbox 158 2398 928 2435; baseline 0 -9"><span class='ocrx_word' id='word_1_825' title='bbox 158 2399 262 2435; x_wconf 80' lang='grc' dir='ltr'>καστὴς</span> <span class='ocrx_word' id='word_1_826' title='bbox 276 2399 305 2426; x_wconf 69' lang='grc' dir='ltr'><strong>τὺ</strong></span> <span class='ocrx_word' id='word_1_827' title='bbox 316 2399 411 2426; x_wconf 74' lang='grc' dir='ltr'>δοκοῦν</span> <span class='ocrx_word' id='word_1_828' title='bbox 425 2398 499 2434; x_wconf 86' lang='grc' dir='ltr'><strong>αὺτῷ</strong></span> <span class='ocrx_word' id='word_1_829' title='bbox 511 2398 671 2433; x_wconf 76' lang='grc' dir='ltr'>ψηφῖζεται,</span> <span class='ocrx_word' id='word_1_830' title='bbox 686 2399 734 2425; x_wconf 78' lang='grc' dir='ltr'>καὶ</span> <span class='ocrx_word' id='word_1_831' title='bbox 744 2399 774 2425; x_wconf 81' lang='grc' dir='ltr'>οὺ</span> <span class='ocrx_word' id='word_1_832' title='bbox 791 2400 928 2435; x_wconf 57' lang='grc' dir='ltr'>πολυπρακι</span> 
     </span>
    </p>
   </div>
   <div class='ocr_carea' id='block_1_94' title="bbox 1034 2396 1804 2435">
    <p class='ocr_par' dir='ltr' id='par_1_94' title="bbox 1034 2396 1804 2434">
     <span class='ocr_line' id='line_1_95' title="bbox 1034 2396 1804 2434; baseline -0.006 -7"><span class='ocrx_word' id='word_1_833' title='bbox 1034 2409 1065 2427; x_wconf 82' lang='lat' dir='ltr'><strong>nu</strong></span> <span class='ocrx_word' id='word_1_834' title='bbox 1097 2401 1143 2434; x_wconf 84' lang='lat' dir='ltr'><strong>sit,</strong></span> <span class='ocrx_word' id='word_1_835' title='bbox 1172 2405 1202 2427; x_wconf 87' lang='lat' dir='ltr'><strong>ut.</strong></span> <span class='ocrx_word' id='word_1_836' title='bbox 1225 2405 1326 2427; x_wconf 85' lang='lat' dir='ltr'><strong>certam</strong></span> <span class='ocrx_word' id='word_1_837' title='bbox 1350 2399 1514 2427; x_wconf 87' lang='lat' dir='ltr'><strong>sententiam</strong></span> <span class='ocrx_word' id='word_1_838' title='bbox 1539 2397 1613 2425; x_wconf 86' lang='lat' dir='ltr'><strong>dicat</strong></span> <span class='ocrx_word' id='word_1_839' title='bbox 1630 2406 1637 2423; x_wconf 91' lang='lat'><strong>:</strong></span> <span class='ocrx_word' id='word_1_840' title='bbox 1653 2404 1707 2424; x_wconf 93' lang='lat' dir='ltr'><strong>non</strong></span> <span class='ocrx_word' id='word_1_841' title='bbox 1733 2396 1804 2422; x_wconf 86' lang='lat' dir='ltr'><strong>valet.</strong></span> 
     </span>
    </p>
   </div>
   <div class='ocr_carea' id='block_1_95' title="bbox 160 2441 930 2482">
    <p class='ocr_par' dir='ltr' id='par_1_95' title="bbox 160 2444 930 2482">
     <span class='ocr_line' id='line_1_96' title="bbox 160 2444 930 2482; baseline -0.001 -10"><span class='ocrx_word' id='word_1_842' title='bbox 160 2446 238 2481; x_wconf 87' lang='grc' dir='ltr'>μονεῖ</span> <span class='ocrx_word' id='word_1_843' title='bbox 250 2445 299 2481; x_wconf 81' lang='grc' dir='ltr'>τὴν</span> <span class='ocrx_word' id='word_1_844' title='bbox 312 2445 403 2481; x_wconf 76' lang='grc' dir='ltr'>ψῆφον</span> <span class='ocrx_word' id='word_1_845' title='bbox 416 2445 431 2471; x_wconf 88' lang='lat'><strong>6</strong></span> <span class='ocrx_word' id='word_1_846' title='bbox 446 2444 582 2480; x_wconf 86' lang='grc' dir='ltr'>πραίτωρ.</span> <span class='ocrx_word' id='word_1_847' title='bbox 615 2446 647 2471; x_wconf 86' lang='lat' dir='ltr'><strong>El</strong></span> <span class='ocrx_word' id='word_1_848' title='bbox 664 2445 692 2471; x_wconf 79' lang='grc' dir='ltr'><strong>δὲ</strong></span> <span class='ocrx_word' id='word_1_849' title='bbox 709 2445 794 2478; x_wconf 73' lang='grc' dir='ltr'>δόξειε</span> <span class='ocrx_word' id='word_1_850' title='bbox 811 2447 867 2477; x_wconf 81' lang='grc' dir='ltr'>τοῖς</span> <span class='ocrx_word' id='word_1_851' title='bbox 879 2447 930 2482; x_wconf 81' lang='grc' dir='ltr'>αίρ;</span> 
     </span>
    </p>
   </div>
   <div class='ocr_carea' id='block_1_96' title="bbox 1035 2441 1805 2482">
    <p class='ocr_par' dir='ltr' id='par_1_96' title="bbox 1037 2441 1805 2482">
     <span class='ocr_line' id='line_1_97' title="bbox 1037 2441 1805 2482; baseline -0.007 -9"><span class='ocrx_word' id='word_1_852' title='bbox 1037 2445 1186 2482; x_wconf 88' lang='lat' dir='ltr'><strong>rbitrium],</strong></span> <span class='ocrx_word' id='word_1_853' title='bbox 1214 2453 1266 2473; x_wconf 81' lang='lat' dir='ltr'><strong>nec</strong></span> <span class='ocrx_word' id='word_1_854' title='bbox 1287 2445 1453 2473; x_wconf 79' lang='lat' dir='ltr'><strong>sententiam</strong></span> <span class='ocrx_word' id='word_1_855' title='bbox 1479 2444 1571 2472; x_wconf 85' lang='lat' dir='ltr'><strong>dicere</strong></span> <span class='ocrx_word' id='word_1_856' title='bbox 1592 2443 1709 2478; x_wconf 69' lang='lat' dir='ltr'><strong>cogitur.</strong></span> <span class='ocrx_word' id='word_1_857' title='bbox 1737 2441 1805 2468; x_wconf 82' lang='lat' dir='ltr'><strong>Dicit</strong></span> 
     </span>
    </p>
   </div>
   <div class='ocr_carea' id='block_1_97' title="bbox 157 2489 927 2527">
    <p class='ocr_par' dir='ltr' id='par_1_97' title="bbox 157 2491 927 2527">
     <span class='ocr_line' id='line_1_98' title="bbox 157 2491 927 2527; baseline 0 -8"><span class='ocrx_word' id='word_1_858' title='bbox 157 2493 246 2524; x_wconf 70' lang='grc' dir='ltr'>τικοῖς</span> <span class='ocrx_word' id='word_1_859' title='bbox 276 2491 463 2527; x_wconf 83' lang='grc' dir='ltr'>δικαστηρίοις</span> <span class='ocrx_word' id='word_1_860' title='bbox 494 2491 565 2518; x_wconf 78' lang='grc' dir='ltr'>ὥστε</span> <span class='ocrx_word' id='word_1_861' title='bbox 599 2492 657 2519; x_wconf 80' lang='grc' dir='ltr'>τόδε</span> <span class='ocrx_word' id='word_1_862' title='bbox 687 2492 869 2527; x_wconf 72' lang='grc' dir='ltr'>ψηφίσασθαι,</span> <span class='ocrx_word' id='word_1_863' title='bbox 903 2494 927 2519; x_wconf 66' lang='grc' dir='ltr'>οἱ</span> 
     </span>
    </p>
   </div>
   <div class='ocr_carea' id='block_1_98' title="bbox 1034 2489 1804 2527">
    <p class='ocr_par' dir='ltr' id='par_1_98' title="bbox 1034 2489 1804 2526">
     <span class='ocr_line' id='line_1_99' title="bbox 1034 2489 1804 2526; baseline -0.008 -6"><span class='ocrx_word' id='word_1_864' title='bbox 1034 2498 1096 2520; x_wconf 78' lang='lat' dir='ltr'><strong>item</strong></span> <span class='ocrx_word' id='word_1_865' title='bbox 1118 2493 1294 2524; x_wconf 89' lang='lat' dir='ltr'><strong>sententiam,</strong></span> <span class='ocrx_word' id='word_1_866' title='bbox 1309 2492 1355 2526; x_wconf 88' lang='lat' dir='ltr'><strong>qui</strong></span> <span class='ocrx_word' id='word_1_867' title='bbox 1373 2492 1399 2518; x_wconf 94' lang='lat' dir='ltr'><strong>in</strong></span> <span class='ocrx_word' id='word_1_868' title='bbox 1419 2491 1513 2517; x_wconf 88' lang='lat' dir='ltr'><strong>animo</strong></span> <span class='ocrx_word' id='word_1_869' title='bbox 1528 2491 1610 2517; x_wconf 86' lang='lat' dir='ltr'><strong>habet</strong></span> <span class='ocrx_word' id='word_1_870' title='bbox 1628 2489 1804 2524; x_wconf 84' lang='lat' dir='ltr'><strong>pronuntiato</strong></span> 
     </span>
    </p>
   </div>
   <div class='ocr_carea' id='block_1_99' title="bbox 159 2534 929 2574">
    <p class='ocr_par' dir='ltr' id='par_1_99' title="bbox 159 2535 929 2574">
     <span class='ocr_line' id='line_1_100' title="bbox 159 2535 929 2574; baseline 0 -10"><span class='ocrx_word' id='word_1_871' title='bbox 159 2538 277 2574; x_wconf 73' lang='grc' dir='ltr'>ἔρρωται</span> <span class='ocrx_word' id='word_1_872' title='bbox 300 2537 360 2564; x_wconf 83' lang='grc' dir='ltr'><strong>οὐδὲ</strong></span> <span class='ocrx_word' id='word_1_873' title='bbox 380 2535 567 2570; x_wconf 75' lang='grc' dir='ltr'>ἀναγκάζεται</span> <span class='ocrx_word' id='word_1_874' title='bbox 593 2536 775 2572; x_wconf 76' lang='grc' dir='ltr'>ψηφίσασθαι.</span> <span class='ocrx_word' id='word_1_875' title='bbox 794 2538 929 2573; x_wconf 78' lang='grc' dir='ltr'>Ψηφίζετ‹</span> 
     </span>
    </p>
   </div>
   <div class='ocr_carea' id='block_1_100' title="bbox 1035 2534 1805 2574">
    <p class='ocr_par' dir='ltr' id='par_1_100' title="bbox 1035 2534 1805 2566">
     <span class='ocr_line' id='line_1_101' title="bbox 1035 2534 1805 2566; baseline -0.006 -1"><span class='ocrx_word' id='word_1_876' title='bbox 1035 2547 1057 2566; x_wconf 81' lang='grc' dir='ltr'><strong>ιο</strong></span> <span class='ocrx_word' id='word_1_877' title='bbox 1074 2546 1181 2566; x_wconf 87' lang='lat' dir='ltr'><strong>omnem</strong></span> <span class='ocrx_word' id='word_1_878' title='bbox 1198 2537 1414 2566; x_wconf 75' lang='lat' dir='ltr'><strong>controversiam</strong></span> <span class='ocrx_word' id='word_1_879' title='bbox 1432 2537 1568 2564; x_wconf 87' lang='lat' dir='ltr'><strong>decidere.</strong></span> <span class='ocrx_word' id='word_1_880' title='bbox 1583 2535 1635 2563; x_wconf 85' lang='lat' dir='ltr'><strong>Sed</strong></span> <span class='ocrx_word' id='word_1_881' title='bbox 1650 2536 1673 2562; x_wconf 83' lang='lat' dir='ltr'><strong>si</strong></span> <span class='ocrx_word' id='word_1_882' title='bbox 1688 2535 1722 2562; x_wconf 83' lang='lat' dir='ltr'><strong>de</strong></span> <span class='ocrx_word' id='word_1_883' title='bbox 1734 2534 1805 2561; x_wconf 93' lang='lat' dir='ltr'><strong>mul-</strong></span> 
     </span>
    </p>
   </div>
   <div class='ocr_carea' id='block_1_101' title="bbox 157 2581 927 2620">
    <p class='ocr_par' dir='ltr' id='par_1_101' title="bbox 157 2583 927 2620">
     <span class='ocr_line' id='line_1_102' title="bbox 157 2583 927 2620; baseline -0.003 -7"><span class='ocrx_word' id='word_1_884' title='bbox 157 2585 187 2613; x_wconf 71' lang='grc' dir='ltr'><strong>δὲ</strong></span> <span class='ocrx_word' id='word_1_885' title='bbox 204 2586 218 2612; x_wconf 94' lang='lat'><strong>6</strong></span> <span class='ocrx_word' id='word_1_886' title='bbox 229 2585 343 2620; x_wconf 86' lang='grc' dir='ltr'>γνώμην</span> <span class='ocrx_word' id='word_1_887' title='bbox 357 2583 483 2619; x_wconf 71' lang='grc' dir='ltr'><strong>ἐσχηκὼς</strong></span> <span class='ocrx_word' id='word_1_888' title='bbox 497 2583 542 2610; x_wconf 78' lang='grc' dir='ltr'><strong>διὰ</strong></span> <span class='ocrx_word' id='word_1_889' title='bbox 555 2583 602 2609; x_wconf 77' lang='grc' dir='ltr'>τοῦ</span> <span class='ocrx_word' id='word_1_890' title='bbox 623 2583 749 2610; x_wconf 86' lang='grc' dir='ltr'>διαλαλου</span> <span class='ocrx_word' id='word_1_891' title='bbox 755 2584 836 2619; x_wconf 75' lang='grc' dir='ltr'>μένου</span> <span class='ocrx_word' id='word_1_892' title='bbox 863 2585 927 2611; x_wconf 79' lang='grc' dir='ltr'>πᾶσι</span> 
     </span>
    </p>
   </div>
   <div class='ocr_carea' id='block_1_102' title="bbox 1035 2581 1805 2620">
    <p class='ocr_par' dir='ltr' id='par_1_102' title="bbox 1035 2581 1805 2620">
     <span class='ocr_line' id='line_1_103' title="bbox 1035 2581 1805 2620; baseline -0.008 -7"><span class='ocrx_word' id='word_1_893' title='bbox 1035 2593 1043 2613; x_wconf 67' lang='lat'><strong>5</strong></span> <span class='ocrx_word' id='word_1_894' title='bbox 1064 2584 1145 2612; x_wconf 81' lang='lat' dir='ltr'><strong>rebus</strong></span> <span class='ocrx_word' id='word_1_895' title='bbox 1160 2583 1287 2620; x_wconf 84' lang='lat' dir='ltr'><strong>[arbiter]</strong></span> <span class='ocrx_word' id='word_1_896' title='bbox 1305 2588 1431 2616; x_wconf 89' lang='lat' dir='ltr'><strong>sumptus</strong></span> <span class='ocrx_word' id='word_1_897' title='bbox 1448 2583 1485 2610; x_wconf 82' lang='lat' dir='ltr'><strong>sit</strong></span> <span class='ocrx_word' id='word_1_898' title='bbox 1501 2590 1508 2609; x_wconf 90' lang='lat'><strong>:</strong></span> <span class='ocrx_word' id='word_1_899' title='bbox 1527 2582 1691 2610; x_wconf 84' lang='lat' dir='ltr'><strong>sententiam</strong></span> <span class='ocrx_word' id='word_1_900' title='bbox 1714 2581 1805 2608; x_wconf 77' lang='lat' dir='ltr'><strong>dicere</strong></span> 
     </span>
    </p>
   </div>
   <div class='ocr_carea' id='block_1_103' title="bbox 158 2628 928 2669">
    <p class='ocr_par' dir='ltr' id='par_1_103' title="bbox 158 2631 927 2669">
     <span class='ocr_line' id='line_1_104' title="bbox 158 2631 927 2669; baseline -0.001 -9"><span class='ocrx_word' id='word_1_901' title='bbox 158 2634 208 2669; x_wconf 82' lang='grc' dir='ltr'>τὴν</span> <span class='ocrx_word' id='word_1_902' title='bbox 221 2633 300 2668; x_wconf 82' lang='grc' dir='ltr'>δίκην</span> <span class='ocrx_word' id='word_1_903' title='bbox 318 2633 423 2668; x_wconf 81' lang='grc' dir='ltr'>τεμεῖν.</span> <span class='ocrx_word' id='word_1_904' title='bbox 440 2632 471 2659; x_wconf 80' lang='grc' dir='ltr'><strong>Εἰ</strong></span> <span class='ocrx_word' id='word_1_905' title='bbox 483 2631 513 2658; x_wconf 84' lang='grc' dir='ltr'>δὲ</span> <span class='ocrx_word' id='word_1_906' title='bbox 527 2631 573 2658; x_wconf 72' lang='grc' dir='ltr'><strong>ἐπὶ</strong></span> <span class='ocrx_word' id='word_1_907' title='bbox 588 2631 695 2663; x_wconf 80' lang='grc' dir='ltr'>πολλοῖς</span> <span class='ocrx_word' id='word_1_908' title='bbox 718 2633 896 2668; x_wconf 77' lang='grc' dir='ltr'>προσελήφϐη</span> <span class='ocrx_word' id='word_1_909' title='bbox 912 2642 927 2659; x_wconf 88' lang='grc' dir='ltr'>κ</span> 
     </span>
    </p>
   </div>
   <div class='ocr_carea' id='block_1_104' title="bbox 1035 2628 1805 2669">
    <p class='ocr_par' dir='ltr' id='par_1_104' title="bbox 1035 2628 1805 2663">
     <span class='ocr_line' id='line_1_105' title="bbox 1035 2628 1805 2663; baseline -0.006 -4"><span class='ocrx_word' id='word_1_910' title='bbox 1035 2639 1062 2659; x_wconf 89' lang='grc' dir='ltr'>)ιι</span> <span class='ocrx_word' id='word_1_911' title='bbox 1078 2631 1196 2663; x_wconf 86' lang='lat' dir='ltr'><strong>videtur,</strong></span> <span class='ocrx_word' id='word_1_912' title='bbox 1214 2631 1266 2658; x_wconf 89' lang='lat' dir='ltr'><strong>nisi</strong></span> <span class='ocrx_word' id='word_1_913' title='bbox 1282 2638 1378 2658; x_wconf 78' lang='lat' dir='ltr'><strong>omnes</strong></span> <span class='ocrx_word' id='word_1_914' title='bbox 1393 2629 1596 2658; x_wconf 82' lang='lat' dir='ltr'><strong>controversias</strong></span> <span class='ocrx_word' id='word_1_915' title='bbox 1618 2629 1705 2655; x_wconf 82' lang='lat' dir='ltr'><strong>ﬁniat.</strong></span> <span class='ocrx_word' id='word_1_916' title='bbox 1718 2628 1805 2655; x_wconf 71' lang='lat' dir='ltr'><strong>Caete-</strong></span> 
     </span>
    </p>
   </div>
   <div class='ocr_carea' id='block_1_105' title="bbox 159 2674 929 2713">
    <p class='ocr_par' dir='ltr' id='par_1_105' title="bbox 159 2676 929 2713">
     <span class='ocr_line' id='line_1_106' title="bbox 159 2676 929 2713; baseline -0.001 -8"><span class='ocrx_word' id='word_1_917' title='bbox 159 2679 284 2712; x_wconf 87' lang='grc' dir='ltr'>φαλαίοις</span> <span class='ocrx_word' id='word_1_918' title='bbox 297 2678 327 2705; x_wconf 84' lang='grc' dir='ltr'>οὐ</span> <span class='ocrx_word' id='word_1_919' title='bbox 337 2677 410 2704; x_wconf 74' lang='grc' dir='ltr'>δοκεῖ</span> <span class='ocrx_word' id='word_1_920' title='bbox 422 2676 590 2712; x_wconf 79' lang='grc' dir='ltr'>ψηφίζεσθαι</span> <span class='ocrx_word' id='word_1_921' title='bbox 604 2678 628 2703; x_wconf 81' lang='grc' dir='ltr'>εἰ</span> <span class='ocrx_word' id='word_1_922' title='bbox 642 2677 679 2712; x_wconf 86' lang='grc' dir='ltr'>μὴ</span> <span class='ocrx_word' id='word_1_923' title='bbox 692 2678 782 2709; x_wconf 65' lang='grc' dir='ltr'>πάσας</span> <span class='ocrx_word' id='word_1_924' title='bbox 799 2678 849 2710; x_wconf 74' lang='grc' dir='ltr'>τὰς</span> <span class='ocrx_word' id='word_1_925' title='bbox 863 2679 929 2713; x_wconf 79' lang='grc' dir='ltr'>φιλο·</span> 
     </span>
    </p>
   </div>
   <div class='ocr_carea' id='block_1_106' title="bbox 1034 2674 1804 2713">
    <p class='ocr_par' dir='ltr' id='par_1_106' title="bbox 1034 2674 1804 2713">
     <span class='ocr_line' id='line_1_107' title="bbox 1034 2674 1804 2713; baseline -0.005 -9"><span class='ocrx_word' id='word_1_926' title='bbox 1034 2686 1068 2705; x_wconf 79' lang='lat' dir='ltr'><strong>tm</strong></span> <span class='ocrx_word' id='word_1_927' title='bbox 1086 2677 1281 2713; x_wconf 81' lang='lat' dir='ltr'><strong>sijndicaverit</strong></span> <span class='ocrx_word' id='word_1_928' title='bbox 1301 2676 1404 2712; x_wconf 87' lang='lat' dir='ltr'><strong>aliquid</strong></span> <span class='ocrx_word' id='word_1_929' title='bbox 1424 2676 1495 2709; x_wconf 86' lang='lat' dir='ltr'><strong>dari,</strong></span> <span class='ocrx_word' id='word_1_930' title='bbox 1517 2681 1564 2703; x_wconf 89' lang='lat' dir='ltr'><strong>ant</strong></span> <span class='ocrx_word' id='word_1_931' title='bbox 1579 2683 1655 2702; x_wconf 84' lang='lat' dir='ltr'><strong>reum</strong></span> <span class='ocrx_word' id='word_1_932' title='bbox 1677 2674 1781 2701; x_wconf 73' lang='lat' dir='ltr'><strong>absolvi</strong></span> <span class='ocrx_word' id='word_1_933' title='bbox 1798 2682 1804 2700; x_wconf 87' lang='lat'><strong>:</strong></span> 
     </span>
    </p>
   </div>
   <div class='ocr_carea' id='block_1_107' title="bbox 159 2719 929 2758">
    <p class='ocr_par' dir='ltr' id='par_1_107' title="bbox 159 2722 929 2758">
     <span class='ocr_line' id='line_1_108' title="bbox 159 2722 929 2758; baseline -0.001 -7"><span class='ocrx_word' id='word_1_934' title='bbox 159 2725 248 2756; x_wconf 75' lang='grc' dir='ltr'>ειχίας</span> <span class='ocrx_word' id='word_1_935' title='bbox 269 2723 435 2758; x_wconf 77' lang='grc' dir='ltr'>περατώσει.</span> <span class='ocrx_word' id='word_1_936' title='bbox 457 2723 513 2749; x_wconf 80' lang='grc' dir='ltr'><strong>Καὶ</strong></span> <span class='ocrx_word' id='word_1_937' title='bbox 531 2724 556 2749; x_wconf 81' lang='grc' dir='ltr'><strong>εί</strong></span> <span class='ocrx_word' id='word_1_938' title='bbox 579 2722 630 2758; x_wconf 83' lang='grc' dir='ltr'>μὲν</span> <span class='ocrx_word' id='word_1_939' title='bbox 652 2723 801 2758; x_wconf 74' lang='grc' dir='ltr'>ψηφίζεται</span> <span class='ocrx_word' id='word_1_940' title='bbox 819 2724 929 2750; x_wconf 60' lang='grc' dir='ltr'>δοῦναί⁴</span> 
     </span>
    </p>
   </div>
   <div class='ocr_carea' id='block_1_108' title="bbox 1035 2719 1805 2758">
    <p class='ocr_par' dir='ltr' id='par_1_108' title="bbox 1035 2719 1805 2758">
     <span class='ocr_line' id='line_1_109' title="bbox 1035 2719 1805 2758; baseline -0.004 -9"><span class='ocrx_word' id='word_1_941' title='bbox 1035 2731 1063 2750; x_wconf 78' lang='grc' dir='ltr'><strong>ιη</strong></span> <span class='ocrx_word' id='word_1_942' title='bbox 1085 2729 1173 2758; x_wconf 83' lang='lat' dir='ltr'><strong>potest</strong></span> <span class='ocrx_word' id='word_1_943' title='bbox 1195 2722 1368 2758; x_wconf 85' lang='lat' dir='ltr'><strong>postmodum</strong></span> <span class='ocrx_word' id='word_1_944' title='bbox 1392 2723 1558 2749; x_wconf 86' lang='lat' dir='ltr'><strong>contrariam</strong></span> <span class='ocrx_word' id='word_1_945' title='bbox 1585 2721 1748 2748; x_wconf 84' lang='lat' dir='ltr'><strong>sententiam</strong></span> <span class='ocrx_word' id='word_1_946' title='bbox 1765 2719 1805 2746; x_wconf 87' lang='lat' dir='ltr'><strong>di-</strong></span> 
     </span>
    </p>
   </div>
   <div class='ocr_carea' id='block_1_109' title="bbox 159 2766 929 2804">
    <p class='ocr_par' dir='ltr' id='par_1_109' title="bbox 159 2767 929 2804">
     <span class='ocr_line' id='line_1_110' title="bbox 159 2767 929 2804; baseline -0.004 -8"><span class='ocrx_word' id='word_1_947' title='bbox 159 2769 177 2804; x_wconf 81' lang='grc' dir='ltr'>ἢ</span> <span class='ocrx_word' id='word_1_948' title='bbox 190 2769 360 2804; x_wconf 81' lang='grc' dir='ltr'>ἀπολυθῆναι</span> <span class='ocrx_word' id='word_1_949' title='bbox 375 2768 420 2795; x_wconf 80' lang='grc' dir='ltr'>τὸν</span> <span class='ocrx_word' id='word_1_950' title='bbox 434 2767 599 2803; x_wconf 81' lang='grc' dir='ltr'>ὲναγὸμενον</span> <span class='ocrx_word' id='word_1_951' title='bbox 609 2767 638 2794; x_wconf 84' lang='grc' dir='ltr'>οὺ</span> <span class='ocrx_word' id='word_1_952' title='bbox 651 2768 764 2794; x_wconf 77' lang='grc' dir='ltr'>δύναται</span> <span class='ocrx_word' id='word_1_953' title='bbox 783 2768 853 2803; x_wconf 82' lang='grc' dir='ltr'>μετὰ</span> <span class='ocrx_word' id='word_1_954' title='bbox 868 2769 929 2795; x_wconf 78' lang='grc' dir='ltr'>ταῦι</span> 
     </span>
    </p>
   </div>
   <div class='ocr_carea' id='block_1_110' title="bbox 1035 2766 1805 2804">
    <p class='ocr_par' dir='ltr' id='par_1_110' title="bbox 1035 2766 1805 2804">
     <span class='ocr_line' id='line_1_111' title="bbox 1035 2766 1805 2804; baseline -0.005 -8"><span class='ocrx_word' id='word_1_955' title='bbox 1035 2778 1080 2797; x_wconf 78' lang='lat' dir='ltr'><strong>:re.</strong></span> <span class='ocrx_word' id='word_1_956' title='bbox 1095 2769 1160 2803; x_wconf 69' lang='lat' dir='ltr'><strong>Qua-</strong></span> <span class='ocrx_word' id='word_1_957' title='bbox 1174 2778 1238 2797; x_wconf 75' lang='lat' dir='ltr'><strong>vero</strong></span> <span class='ocrx_word' id='word_1_958' title='bbox 1249 2769 1282 2797; x_wconf 88' lang='lat' dir='ltr'><strong>de</strong></span> <span class='ocrx_word' id='word_1_959' title='bbox 1298 2768 1497 2804; x_wconf 50' lang='lat' dir='ltr'><strong>pra‘paratione</strong></span> <span class='ocrx_word' id='word_1_960' title='bbox 1513 2774 1602 2795; x_wconf 70' lang='lat' dir='ltr'><strong>causa:</strong></span> <span class='ocrx_word' id='word_1_961' title='bbox 1625 2766 1805 2793; x_wconf 87' lang='lat' dir='ltr'><strong>interlocutus</strong></span> 
     </span>
    </p>
   </div>
   <div class='ocr_carea' id='block_1_111' title="bbox 160 2813 930 2852">
    <p class='ocr_par' dir='ltr' id='par_1_111' title="bbox 160 2814 930 2850">
     <span class='ocr_line' id='line_1_112' title="bbox 160 2814 930 2850; baseline -0.001 -9"><span class='ocrx_word' id='word_1_962' title='bbox 160 2814 330 2850; x_wconf 75' lang='grc' dir='ltr'>ψηφίζεσθαι</span> <span class='ocrx_word' id='word_1_963' title='bbox 360 2814 498 2842; x_wconf 73' lang='grc' dir='ltr'>τάναντία.</span> <span class='ocrx_word' id='word_1_964' title='bbox 536 2814 577 2840; x_wconf 75' lang='grc' dir='ltr'><strong>Τὰ</strong></span> <span class='ocrx_word' id='word_1_965' title='bbox 616 2814 645 2840; x_wconf 76' lang='grc' dir='ltr'><strong>δὲ</strong></span> <span class='ocrx_word' id='word_1_966' title='bbox 677 2814 877 2849; x_wconf 51' lang='lat' dir='ltr'><strong>mammam;</strong></span> <span class='ocrx_word' id='word_1_967' title='bbox 909 2815 930 2841; x_wconf 69' lang='grc' dir='ltr'><em>ὲτ</em></span> 
     </span>
    </p>
   </div>
   <div class='ocr_carea' id='block_1_112' title="bbox 1035 2813 1805 2852">
    <p class='ocr_par' dir='ltr' id='par_1_112' title="bbox 1035 2813 1805 2852">
     <span class='ocr_line' id='line_1_113' title="bbox 1035 2813 1805 2852; baseline -0.005 -8"><span class='ocrx_word' id='word_1_968' title='bbox 1035 2822 1061 2850; x_wconf 71' lang='grc' dir='ltr'><strong>ιι,</strong></span> <span class='ocrx_word' id='word_1_969' title='bbox 1089 2823 1195 2845; x_wconf 86' lang='lat' dir='ltr'><strong>mutare</strong></span> <span class='ocrx_word' id='word_1_970' title='bbox 1221 2821 1329 2852; x_wconf 73' lang='lat' dir='ltr'><strong>ponest:</strong></span> <span class='ocrx_word' id='word_1_971' title='bbox 1349 2821 1376 2844; x_wconf 89' lang='lat' dir='ltr'><strong>ut</strong></span> <span class='ocrx_word' id='word_1_972' title='bbox 1406 2820 1469 2850; x_wconf 86' lang='lat' dir='ltr'><strong>puta</strong></span> <span class='ocrx_word' id='word_1_973' title='bbox 1492 2814 1514 2842; x_wconf 88' lang='lat' dir='ltr'><strong>si</strong></span> <span class='ocrx_word' id='word_1_974' title='bbox 1539 2814 1651 2849; x_wconf 87' lang='lat' dir='ltr'><strong>jusserit</strong></span> <span class='ocrx_word' id='word_1_975' title='bbox 1674 2813 1805 2840; x_wconf 80' lang='lat' dir='ltr'><strong>Kalendis</strong></span> 
     </span>
    </p>
   </div>
   <div class='ocr_carea' id='block_1_113' title="bbox 163 2857 933 2899">
    <p class='ocr_par' dir='ltr' id='par_1_113' title="bbox 163 2857 933 2898">
     <span class='ocr_line' id='line_1_114' title="bbox 163 2857 933 2898; baseline -0.001 -9"><span class='ocrx_word' id='word_1_976' title='bbox 163 2862 324 2898; x_wconf 65' lang='grc' dir='ltr'>παρασκευῇ</span> <span class='ocrx_word' id='word_1_977' title='bbox 336 2861 386 2897; x_wconf 75' lang='grc' dir='ltr'><strong>τῆς</strong></span> <span class='ocrx_word' id='word_1_978' title='bbox 401 2861 480 2897; x_wconf 50' lang='grc' dir='ltr'>δίκη»</span> <span class='ocrx_word' id='word_1_979' title='bbox 497 2860 622 2895; x_wconf 74' lang='grc' dir='ltr'>ἀμείϐειν</span> <span class='ocrx_word' id='word_1_980' title='bbox 635 2860 767 2894; x_wconf 66' lang='grc' dir='ltr'>δύναται,</span> <span class='ocrx_word' id='word_1_981' title='bbox 793 2857 848 2888; x_wconf 76' lang='grc' dir='ltr'>οἷον</span> <span class='ocrx_word' id='word_1_982' title='bbox 865 2861 933 2889; x_wconf 57' lang='grc' dir='ltr'><strong>ὅπλά</strong></span> 
     </span>
    </p>
   </div>
   <div class='ocr_carea' id='block_1_114' title="bbox 1032 2857 1802 2899">
    <p class='ocr_par' dir='ltr' id='par_1_114' title="bbox 1035 2858 1802 2898">
     <span class='ocr_line' id='line_1_115' title="bbox 1035 2858 1802 2898; baseline -0.003 -8"><span class='ocrx_word' id='word_1_983' title='bbox 1035 2862 1168 2898; x_wconf 85' lang='lat' dir='ltr'><strong>udicium]</strong></span> <span class='ocrx_word' id='word_1_984' title='bbox 1198 2863 1356 2896; x_wconf 71' lang='lat' dir='ltr'><strong>observare,</strong></span> <span class='ocrx_word' id='word_1_985' title='bbox 1375 2866 1402 2890; x_wconf 84' lang='lat' dir='ltr'><strong>et</strong></span> <span class='ocrx_word' id='word_1_986' title='bbox 1423 2869 1484 2889; x_wconf 76' lang='lat' dir='ltr'><strong>mox</strong></span> <span class='ocrx_word' id='word_1_987' title='bbox 1520 2860 1612 2888; x_wconf 82' lang='lat' dir='ltr'><strong>Idibus</strong></span> <span class='ocrx_word' id='word_1_988' title='bbox 1645 2859 1749 2895; x_wconf 83' lang='lat' dir='ltr'><strong>jubeat.</strong></span> <span class='ocrx_word' id='word_1_989' title='bbox 1771 2858 1802 2888; x_wconf 75' lang='lat' dir='ltr'><strong>Et</strong></span> 
     </span>
    </p>
   </div>
  </div>
