1946 3076
121 177 192 209 1145

641 177 884 210 NOMOCANON.
905 187 939 195 ——
955 177 1029 207 ΤιΤ.
1045 177 1083 214 x,
1103 177 1183 206 CAP.
1206 176 1253 205 IV-

1686 171 1769 204 1146-

120 235 259 262 στεύοντα.
291 234 345 261 Καὶ
359 233 423 268 λέγε
434 233 521 260 ταῦτα
539 233 588 269 μὲν
603 231 673 260 εἶναι
688 233 824 268 ἀνισχυρα
841 233 909 259 κατὰ

974 233 1011 260 ib.
1029 240 1044 259 ν
1058 231 1153 263 Basil..
1170 231 1244 268 quod
1258 232 1350 265 habet,
1368 236 1397 259 ut
1412 232 1438 258 iu
1452 229 1615 264 compendio
1635 229 1760 264 proposi-

119 279 170 316 τὴν
196 279 299 315 ταύτης
315 279 475 315 περίληψιν,
494 280 528 307 τὰ
542 279 571 306 δὲ
584 279 654 315 προς
671 280 771 311 ἐνδεεῖς
785 279 916 314 γινόμενα

120 325 189 354 εἶναι
204 326 310 361 βέϐαια.

156 372 281 400 ΚΕΦΑΛ.
302 373 340 401 Β¹.
356 387 392 395 --
407 373 478 408 Περὶ
508 372 688 407 διοικήσεως
713 371 775 399 τῶν
806 372 916 405 ἐκκλη-

119 417 287 445 σιαστικῶν
298 416 489 453 πραγμάτων.

161 464 329 491 Ἀποστόλων
352 465 442 491 κανὼν
469 463 520 500 λη’,
535 463 572 499 μ’,
592 463 637 499 μα’
650 473 656 480 ·
683 464 792 491 συνόδου
812 465 915 491 Ἀντιο-

119 511 195 546 χείας
220 509 310 537 κανὼν
325 509 375 544 κδ’,
393 509 433 537 κε’
444 519 451 525 ·
468 510 604 546 Κυρίλλου
620 511 652 537 ὲκ
664 509 714 544 τῆς
727 510 796 545 πρὸς
811 510 914 545 Δόμνον

118 555 264 592 ἐπιστολῆς
288 565 351 591 κεφ.
368 556 391 592 β’
403 565 410 572 ·
431 557 562 592 Θεοφίλου
578 557 611 583 ὲκ
625 557 672 584 τοῦ
692 555 913 593 ’Υπομνηστικοῦ

118 608 181 636 κεφ.
195 601 233 634 ς’,
250 601 275 628 ι’.

151 649 307 683 Κείμενον.
323 649 413 676 Πολλὰ
429 650 478 685 μὲν
489 649 597 685 εἴρηται
612 649 677 685 περὶ
689 649 738 685 τῆς
750 649 913 685 διοικήσεως

115 693 170 721 τῶν
193 692 428 730 tutumtutum
442 702 469 721 κ.
489 703 515 721 τ.
531 694 558 722 λ.
585 701 674 730 usque
690 693 724 721 ad
751 693 913 730 διοικήσεων

115 740 162 767 καὶ
174 739 338 776 προνομίων.
695 760 700 765 .

150 787 290 821 Σχόλιον.
308 787 339 814 ὀ
350 785 372 822 β’
383 787 436 814 τίτ.
455 787 503 814 τοῦ
535 785 559 814 α’
590 787 693 823 βισλίου
720 787 768 815 τοῦ
796 787 912 819 κώδικος

115 833 196 869 ἐτέθη
223 833 264 865 εἰς
289 833 391 869 βιϐλίον
403 832 423 860 ε’
436 833 490 861 τῶν
507 833 659 861 Βασιλικῶν
674 835 727 861 τίτ.
742 832 766 860 α’
783 833 838 860 ἀπὸ
864 833 911 860 τοῦ

114 880 137 907 α’
152 889 213 914 κεφ.
229 880 310 916 μέχρι
322 879 368 907 τοῦ
381 879 425 907 ια’.
447 880 480 907 Ἦ
492 880 520 907 δὲ
536 879 559 916 β’
574 881 622 907 καὶ
632 880 657 915 γ’
671 881 742 908 διάτ.
755 880 803 907 τοῦ
819 879 841 916 β’
856 888 908 907 τιτ.

968 284 1023 307 tum
1039 282 1092 306 est.

1003 370 1079 398 CAP.
1100 370 1132 397 ll.
1155 385 1191 390 —
1218 369 1256 397 De
1273 377 1362 397 rerum
1378 368 1622 396 ecclesiasticarum
1639 365 1759 393 admini-

965 419 1108 446 stratione.
1327 435 1330 438 -

1003 464 1199 499 Apostolorum
1215 470 1304 489 canon
1335 461 1380 494 38,
1394 460 1441 493 40,
1459 460 1511 492 All;
1540 459 1648 486 concilii
1667 458 1759 485 Antio-

966 512 1044 540 cheni
1058 518 1145 538 canon
1160 509 1206 542 24,
1224 509 1276 542 25;
1289 507 1382 544 Cyrilli
1396 515 1428 534 ex
1442 506 1555 542 epistola
1570 506 1603 533 all
1621 506 1757 533 Domuum

966 562 1044 592 caput
1056 556 1074 583 ‘2
1085 563 1092 588 ;
1104 554 1248 590 Thcophili
1265 561 1297 580 ex
1311 552 1532 581 Commonitorio
1544 556 1627 586 caput
1643 550 1688 577 16.

1002 649 1110 676 Toxlus.
1126 647 1210 674 Multa
1220 645 1253 673 de
1269 652 1373 677 rerum,
1386 649 1453 678 ctc.,
1467 651 1549 679 usque
1559 643 1593 670 ad
1612 642 1758 677 pertinent,

965 701 992 723 ut
1008 703 1070 730 pag.
1085 694 1148 721 822.
1179 710 1184 712 ~

1000 784 1147 813 Sclmlium.
1162 783 1215 810 'l‘it.
1232 783 1250 810 ‘2
1275 782 1322 810 lib.
1339 781 1426 809 lCod.
1454 780 1560 816 positus
1579 785 1618 806 est
1635 780 1661 806 in
1677 778 1726 806 lib.
1741 787 1759 806 ν

965 831 1059 865 Basil.,
1077 826 1118 858 tit.
1135 831 1162 862 l,
1188 838 1203 857 a
1220 837 1280 863 cap.
1297 829 1309 855 1
1335 835 1421 863 usque
1440 827 1472 853 ad
1494 827 1520 854 δὲ.
1543 825 1638 853 Const.
1655 825 1673 852 2
1691 829 1718 852 et
1741 825 1758 852 3

966 879 1008 906 tit.
1023 877 1041 903 2
1056 876 1228 904 Novellarum
1241 880 1282 902 cst
1296 874 1400 902 novella
1425 872 1573 900 Iustiniani
1591 871 1643 898 120
1657 875 1684 898 et
1697 870 1757 902 151,

113 926 169 953 τῶν
192 912 325 963 Νεαρῶν,
356 924 412 954 είσὶ
438 912 542 963 νεαραι
557 912 765 954 ’ἰουστινιάνειοι
781 912 833 963 ρκ’.
862 926 909 954 καὶ

971 932 1085 960 quantm
1097 923 1182 950 altera
1199 922 1286 957 posita
1302 925 1344 948 est
1365 921 1391 947 in
1411 920 1456 946 lib.
1473 918 1555 946 Basil.
1570 926 1597 951 ν,
1610 918 1651 945 tit.
1663 916 1692 950 2,
1717 915 1757 943 ai-

114 972 172 1008 ρλα¹
185 981 191 988 ”
212 970 249 1000 ὧν
265 974 280 1009 ἡ
299 974 348 1009 μὲν
374 975 464 1001 κεῖται
481 974 510 1002 ἐν
525 974 621 1010 βιϐλίῳ
637 973 657 1002 ι’
675 975 730 1002 τῶν
755 974 910 1002 Βασιλικῶν

112 1018 165 1046 vlt.
185 1018 217 1054 β’,
233 1019 250 1055 ἡ
263 1019 291 1046 δὲ
302 1020 331 1047 ὲν
347 1020 442 1056 βιϐλίῳ
455 1020 493 1057 τῷ
505 1021 579 1056 αὐτῷ
590 1020 642 1049 τίτ,
661 1024 696 1056 γ’·
712 1021 760 1048 καὶ
771 1020 909 1057 sume.

112 1066 176 1098 τοὺς
189 1065 331 1099 τοιούτους
347 1067 465 1099 τίτλους.

149 1120 275 1149 ΚΕΦΑΛ.
291 1122 328 1150 Γ’.
342 1134 377 1143 -—
393 1123 464 1158 Περὶ
478 1123 668 1158 πραγμάτων,
686 1123 736 1151 καὶ
750 1124 910 1158 προσόδων

112 1167 173 1195 τῶν
197 1169 624 1205 ἀνεπισκόπωνἘκκληο-ιῶν.

149 1227 262 1254 Συνόδου
280 1227 416 1264 Ἀγκύρας
429 1227 519 1254 κανὼν
533 1227 562 1255 ιε’
575 1236 582 1243 ·
598 1228 709 1256 συνόδου
735 1228 909 1265 Χαλκηδόνος

113 1273 204 1301 κανὼν
219 1273 268 1300 κε’·
283 1273 393 1301 συνόδου
410 1273 535 1309 ςἐκανὼν
549 1273 597 1302 λε’.

150 1320 275 1346 ΚΕΦΑΛ.
289 1319 326 1348 Δ’.
344 1333 379 1341 -ο
390 1321 460 1355 Περὶ
485 1320 672 1354 ὲκποιήσεως
690 1320 908 1355 ἐκκλησιαστι-

113 1374 185 1394 κων.

155 1422 326 1450 Ἀποστόλων
350 1422 440 1450 κανὼν
470 1422 522 1459 λη’,
549 1421 600 1458 ογ’.
626 1422 739 1449 Συνόδου
772 1422 910 1457 Ἀγκύρας

114 1467 206 1495 κανὼν
221 1467 267 1495 ιε’·
290 1469 400 1496 συνόδου
427 1469 626 1505 Καροαγέννης
649 1468 739 1496 κανὼν
767 1468 821 1504 κβν,
847 1467 908 1502 κγ’·

114 1514 225 1541 συνόδου
240 1514 357 1546 Νικαίας
372 1515 403 1541 τδ
422 1514 456 1550 β’,
472 1514 562 1542 κανὼν
580 1515 629 1550 ιβ’·
661 1514 797 1549 Κυρίλλου
813 1515 844 1541 ἐκ
858 1514 909 1549 τῆς

113 1560 183 1594 πρὸς
195 1559 298 1594 Δόμνον
313 1561 456 1595 ἐπιστολῆς
468 1569 531 1595 κεφ.
546 1560 569 1596 β’
579 1569 585 1576 ·
600 1560 739 1592 ἀνάγνωθι
753 1560 787 1587 τὰ
817 1569 908 1596 παρα-

112 1604 295 1640 γεγραμμένα
307 1606 335 1632 ὲν
345 1605 384 1640 τῷ
397 1605 419 1641 β’
445 1614 507 1640 κεφ,
524 1605 570 1632 τοῦ
587 1606 721 1642 παρόντος
733 1606 787 1633 τίτ.

149 1660 275 1689 ΚΕΦΔΛ.
292 1659 330 1688 E’.
346 1676 381 1682 —
397 1662 467 1696 Περὶ
481 1661 540 1689 τῶν
551 1662 627 1698 μετὰ
637 1663 696 1697 τὴν
721 1663 909 1698 χειροτονίαν

113 1706 272 1741 κτωμένων
287 1707 454 1741 ἐπισκόπῳ,
467 1708 487 1743 ἢ
497 1708 641 1744 κληρικῷ.

149 1750 263 1780 Συνόδου
295 1754 492 1790 Καρθαγέννης
515 1754 607 1781 κανὼν
620 1755 675 1791 λβ¹·
695 1754 806 1783 συνόδου
822 1753 847 1782 α’
860 1755 908 1782 καὶ

113 1797 137 1834 β’
150 1800 179 1825 ὲν
190 1799 229 1836 τῷ
245 1800 301 1836 ναῷ
316 1799 370 1827 τῶν
380 1801 467 1835 ἁγίων
478 1801 637 1828 ἀποστόλων
651 1801 743 1829 κανὼν
758 1802 790 1834 ζ’.

152 1891 303 1926 Κείμενον.
327 1891 359 1918 Ἦ
374 1892 414 1927 λγ’
429 1891 499 1920 διάτ.
520 1891 568 1918 τοῦ
585 1892 610 1927 γ’
632 1892 685 1920 τίτ.
700 1892 747 1920 τοῦ
760 1897 785 1920 α’
803 1893 906 1928 βιϐλίου

111 1933 159 1963 τοῦ
170 1936 293 1970 κώδικος,
307 1946 336 1966 κ.
349 1945 377 1966 τ.
391 1938 417 1967 λ.
432 1946 519 1974 usque
529 1938 563 1966 ad
591 1938 725 1975 ἐκκλησίᾳ
741 1940 771 1966 ἐν
815 1948 906 1975 κεχει-

114 1984 266 2020 ροτόνηται.

148 2031 288 2064 Σχόλιον.
308 2030 341 2057 'H
354 2029 394 2065 λγ¹
404 2030 473 2058 διάτ.
500 2030 548 2058 τοῦ
563 2030 590 2063 ς’
618 2031 670 2058 τίτ.
703 2032 751 2058 τοῦ
762 2035 787 2059 a'
802 2032 906 2067 βιϐλίου

111 2076 159 2103 τοῦ
185 2076 308 2110 κώδικος,
325 2077 383 2104 ἐστι
410 2086 473 2113 κεφ.
489 2081 513 2113 η’
527 2078 575 2104 τοῦ
591 2081 614 2112 γ’
626 2078 679 2107 τίτ.
699 2078 746 2105 τοῦ
762 2083 786 2112 γ’
803 2079 906 2115 βιϐλίου

109 2123 165 2150 τῶν
176 2123 328 2150 Βασιλικῶν
344 2122 430 2155 οὕτως
446 2123 582 2159 ἔχονθΚαὶ
593 2125 608 2150 ὁ
623 2124 818 2160 πρεσϐύτερος,
833 2126 880 2152 καὶ
892 2127 907 2152 ὀ

110 2170 235 2201 διάκονος
241 2169 291 2196 ὅσα
297 2170 427 2205 κτήσεται
435 2171 464 2196 ὲν
473 2170 521 2197 καὶ
528 2170 578 2197 ὑπε
582 2170 735 2207 ξουσιότητι
748 2172 905 2205 ὲκποιείτω,

110 2217 160 2243 καὶ
183 2215 345 2242 διατιθέσοω
355 2216 399 2243 ἐπ’
413 2217 504 2249 αὐτοῖς
518 2216 555 2248 ὡς
568 2217 703 2253 βούλεται,
732 2218 780 2245 καὶ
796 2219 833 2254 μὴ
855 2219 907 2246 νέκ-

963 975 1020 998 tera
1036 970 1062 997 in
1075 970 1171 997 eodem
1185 968 1233 995 lib.
1249 967 1292 996 tit.
1304 967 1332 1000 5,
1344 973 1415 1002 quos
1429 964 1470 993 tit.
1488 964 1575 1000 legas.

997 1120 1074 1149 CAP.
1082 1119 1126 1147 Ill.
1137 1134 1173 1141 --
1184 1119 1222 1146 De
1232 1118 1307 1146 rebus
1315 1122 1339 1146 et
1351 1117 1480 1145 reditibus
1495 1114 1681 1147 ecclesiarum,
1697 1121 1757 1150 quia

963 1168 1021 1195 sine
1035 1168 1156 1203 episcopo
1172 1170 1246 1193 sunt.

996 1222 1112 1250 Concilii
1128 1220 1266 1256 Ancyrani
1283 1226 1371 1248 canon
1395 1218 1448 1252 15;
1473 1217 1583 1245 concilii
1607 1215 1758 1244 Chalcedo-

962 1269 1056 1297 nensis
1072 1275 1159 1296 canon
1177 1266 1229 1300 25;
1249 1266 1358 1294 concilii
1373 1265 1444 1294 sexti
1458 1271 1547 1292 canon
1561 1262 1608 1291 55.

996 1315 1074 1344 CAP.
1089 1314 1135 1348 iV,
1152 1329 1186 1335 —
1204 1314 1243 1341 De
1256 1313 1416 1341 alienatione
1434 1310 1547 1348 [rerum]
1560 1308 1759 1338 ecclesiastica—

961 1370 1031 1388 rum.

997 1416 1193 1453 Apostolorum
1225 1424 1313 1444 canon
1342 1414 1387 1448 38,
1417 1412 1471 1447 73;
1493 1412 1600 1441 concilii
1618 1410 1759 1446 Ancyrani

961 1475 1048 1495 canon
1068 1467 1117 1497 l5;
1139 1465 1248 1494 concilii
1276 1461 1503 1498 Carthaginensis
1528 1467 1617 1487 canon
1636 1459 1682 1490 22,
1701 1458 1757 1491 23;

961 1512 1180 1542 conciliiNicaeni
1196 1510 1309 1539 secundi
1325 1516 1413 1536 canon
1430 1508 1462 1535 12
1473 1516 1480 1539 ι
1491 1506 1585 1542 Cyrilli
1599 1514 1633 1532 ex
1642 1503 1758 1539 epistola

961 1561 993 1588 ad
1019 1560 1151 1587 Domuum
1175 1566 1236 1593 cap.
1258 1557 1286 1584 2.
1306 1555 1376 1591 Lege
1403 1562 1464 1590 qua:
1488 1553 1618 1581 adnotata
1639 1555 1704 1579 sunt
1731 1550 1758 1577 in

963 1615 1023 1643 cap.
1035 1607 1054 1634 2
1069 1606 1211 1642 praesentis
1231 1605 1273 1632 tit.

996 1663 1073 1692 CAP.
1091 1663 1123 1691 V.
1140 1677 1176 1682 —
1195 1661 1231 1688 De
1255 1660 1330 1688 bonis
1353 1659 1537 1694 episcoporum
1560 1659 1585 1682 et
1600 1653 1758 1681 clericorum

961 1715 1019 1745 post
1032 1708 1226 1736 ordinationem
1241 1706 1392 1741 acquisitis.

995 1755 1111 1784 Concilii
1128 1752 1355 1788 Carthaginiensis
1371 1757 1458 1778 canon
1476 1749 1532 1782 32;
1549 1746 1657 1776 concilii
1676 1744 1758 1780 primi

961 1808 988 1831 et
1004 1801 1116 1830 secundi
1132 1801 1159 1828 in
1175 1800 1232 1828 azde
1255 1803 1413 1827 sanctorum
1428 1795 1621 1832 Apostolorum
1646 1791 1758 1829 [habiti]

1015 1855 1049 1874 on
1065 1847 1091 1874 7.

1015 1855 1031 1873 o
1070 1855 1091 1874 ι.

961 1855 1212 1921 ca;e2tus.Const.
1224 1890 1259 1918 33
1281 1890 1323 1917 tit.
1351 1889 1368 1916 3
1386 1889 1433 1916 lib.
1447 1887 1532 1917 lCod.
1544 1886 1602 1913 ait:
1622 1884 1758 1918 Qumcun-

948 1924 1024 1975 .un,
1035 1944 1099 1972 etc.,
1111 1946 1192 1973 usque
1204 1937 1238 1964 ad
1255 1937 1375 1969 luerunt,
1391 1935 1554 1970 applicatur,
1573 1937 1601 1959 ut
1612 1940 1673 1967 pag.
1692 1929 1755 1962 8‘26,

960 1986 1023 2013 827.

978 2048 981 2052 ν
996 2031 1142 2059 Sc/tolitmt.
1158 2030 1275 2058 Constit.
1295 2030 1330 2057 33
1343 2029 1384 2056 tit.
1396 2029 1413 2056 3
1433 2028 1481 2055 lib.
1506 2026 1596 2054 lCod.
1617 2024 1755 2060 estcap.8

960 2079 1002 2106 tit.
1020 2079 1037 2105 3
1058 2078 1106 2104 lib.
1125 2085 1153 2104 ιιι
1171 2076 1266 2108 llasil.,
1292 2075 1366 2111 quod
1393 2075 1432 2102 sic
1454 2074 1537 2101 habet
1554 2082 1561 2100 :
1577 2073 1756 2106 Quaecunque

960 2124 1101 2160 presbyter
1117 2129 1143 2150 et
1157 2123 1288 2150 diaconus
1305 2122 1356 2149 sub
1382 2122 1469 2156 patria
1497 2123 1632 2156 potestate
1657 2117 1754 2152 acqui-

960 2169 1046 2202 sicrit,
1064 2168 1186 2203 quolibct
1209 2167 1291 2194 modo
1307 2167 1442 2199 alienato,
1467 2173 1499 2192 ac
1517 2165 1550 2191 de
1565 2164 1598 2190 iis
1617 2167 1730 2190 testator
1746 2170 1754 2188 :

962 2225 1049 2252 neque
1070 2216 1114 2244 illa
1128 2217 1163 2243 ab
1182 2216 1216 2243 iis
1233 2216 1280 2250 qui
1307 2215 1396 2249 ipsum
1427 2214 1456 2240 in
1485 2215 1620 2247 potestate
1643 2210 1753 2240 habent.

110 2262 292 2289 δικείσθωσαν
313 2262 391 2298 παρὰ
407 2262 460 2289 τῶν
477 2262 594 2298 ἐχόντων
605 2264 687 2290 αὐτὴν
701 2264 872 2298 ὑπεξούσιον,
886 2265 903 2301 ἢ

971 2261 1143 2294 rindicantor,
1158 2265 1205 2288 aut
1220 2268 1282 2288 cum
1302 2258 1434 2286 fratribus
1450 2263 1580 2285 eor-nune
1602 2255 1664 2282 liliis
1687 2262 1755 2280 eon-

111 2308 331 2344 συνεισφερέσθω
358 2309 415 2340 τοῖς
425 2308 560 2344 ἀδελφοῖς,
575 2310 591 2346 ἢ
610 2311 667 2342 τοῖς
682 2311 788 2342 τέκνοις
804 2311 907 2344 αὐτῶν,

109 2354 168 2382 ἀλλ’
182 2355 207 2381 οἰ
228 2354 323 2387 παῖδες
340 2354 430 2382 αὐτῶν
456 2355 670 2391 λαμὸανέτωσαν
695 2356 765 2384 αὐτὰ
792 2356 843 2384 κᾶν
870 2358 908 2393 μὴ

109 2402 267 2437 διαθέμενοι
292 2401 488 2437 τελευτήσωσι.
508 2402 539 2429 Ἠ
566 2402 611 2438 μα’
636 2403 706 2438 διάτ.
738 2402 786 2430 τοῦ
810 2402 835 2437 γ’
853 2403 906 2430 τίτ.

109 2448 158 2475 τοῦ
176 2452 210 2475 α’.
222 2447 276 2483 βιὸ.
304 2448 352 2475 τοῦ
368 2448 484 2480 κώδικος
500 2449 550 2475 οὐκ
574 2448 655 2484 ὲτέοη
672 2450 712 2481 εἰς
721 2450 755 2476 τὰ
768 2449 907 2485 βασιλικά.

115 2494 254 2526 Ὡσαύτως
279 2494 340 2521 οὐδὲ
355 2495 372 2530 ἡ
387 2494 430 2529 μθ¹
459 2494 530 2521 διάτ.
549 2495 595 2521 τοῦ
620 2495 703 2522 αὑτοῦ
718 2496 770 2523 τίτ.
788 2496 835 2522 καὶ
851 2496 906 2532 βι6.

109 2543 126 2577 ή
138 2541 162 2576 γ’
179 2541 249 2568 διάτ.
260 2541 307 2568 τοῦ
321 2541 344 2577 β’
355 2541 407 2568 τίτ.
419 2541 472 2567 τῶν
488 2541 615 2573 Νεαρῶν,
627 2541 684 2568 ἔστι
698 2542 782 2578 νεαρὰ
795 2543 907 2570 Ίουστι-

108 2588 226 2619 νιάνειος
253 2588 310 2622 pla!
345 2587 459 2622 κειμένη
485 2587 515 2614 ἐν
539 2587 633 2622 βιϐλίῳ
658 2587 689 2620 ε’,
710 2589 762 2616 τίτ.
775 2592 809 2622 γ’,
828 2586 862 2625 ἧς
880 2589 909 2616 δὲ

108 2635 210 2669 νεαρᾶς
229 2633 293 2661 ’τοι1
308 2643 372 2669 κεφ.
393 2634 462 2661 αὐτὰ
476 2633 564 2660 ταῦτα
576 2633 697 2660 διδάσκει
710 2634 760 2661 ὅσα
776 2636 822 2662 καὶ
844 2644 907 2663 συν-

109 2680 270 2716 ωψίσθησαν
290 2679 506 2716 προστιθέμενον
523 2679 591 2715 μόνη
622 2681 760 2715 σημασίαν
774 2681 829 2708 τῶν
845 2682 908 2709 ἀκιι

108 2728 208 2763 νήτων.
234 2727 316 2762 Λέγει
339 2727 394 2763 γὰρ
411 2727 478 2763 μήτε
493 2727 604 2762 κινητὰ,
626 2727 642 2762 ἢ
657 2727 813 2763 ὰκίνητα,ῆ
830 2729 909 2756 αὐτο.

109 2773 220 2808 κίνητα,
250 2773 326 2810 παρὰ
349 2773 406 2801 τῶν
421 2774 580 2800 ἐπισκόπων
597 2773 669 2809 μετὰ
684 2774 733 2810 τὴν
751 2775 909 2811 ἐπισκοπὴν

109 2819 246 2855 κτηθέντα
274 2820 454 2847 ὲκποιεῖσθαι.
479 2820 508 2847 '0
521 2821 549 2847 δὲ
572 2821 626 2848 τίτ.
657 2820 710 2847 τῶν
730 2821 844 2858 Νεαρῶν
870 2822 909 2854 ὡς

111 2866 281 2902 παρίσταται
309 2866 363 2893 ἀπὸ
388 2866 434 2894 τοῦ
465 2867 593 2901 κειμένου
611 2867 700 2902 μόνων
724 2868 844 2902 κινητῶν
861 2869 908 2895 καὶ

111 2912 278 2948 μέμνηταιὴ
297 2912 318 2946 β’
338 2912 406 2939 aiat.
435 2912 482 2940 τοῦ
499 2916 522 2940 α’
538 2912 590 2940 τίτ.
614 2913 668 2941 τῶν
683 2914 819 2950 μιαρῶν,
850 2914 908 2942 ἐστι

961 2309 1106 2336 feruntur:
1126 2308 1172 2335 scil
1189 2307 1276 2342 ipsius
1293 2306 1380 2337 liberi.
1406 2303 1513 2332 tametsi
1535 2303 1680 2330 intestatus
1705 2300 1754 2328 dc-

959 2357 1085 2388 cesserit,
1113 2356 1251 2390 rapiunto.
1267 2355 1364 2382 Const.
1380 2354 1409 2380 61
1432 2353 1474 2380 tit.
1495 2353 1512 2379 3
1526 2351 1572 2379 lih.
1591 2359 1599 2377 ι
1616 2350 1682 2378 Cod.
1698 2357 1753 2376 non

959 2408 1001 2431 est
1016 2403 1103 2438 posita
1122 2403 1149 2429 in
1168 2402 1262 2435 Basil.;
1278 2401 1404 2428 similiter
1418 2406 1506 2434 neque
1523 2402 1610 2425 const.
1625 2396 1660 2424 ΑΒ
1681 2395 1756 2429 ejus-

959 2451 1020 2478 dem
1052 2450 1095 2477 ιιι.
1120 2455 1147 2477 et
1167 2450 1214 2477 lib.
1246 2448 1342 2476 Const.
1367 2447 1384 2474 5
1405 2447 1448 2474 tit.
1476 2446 1488 2473 1
1515 2443 1690 2471 Novcllarum
1715 2446 1757 2470 est

960 2496 1066 2523 novella
1092 2495 1239 2523 Iustiniani
1269 2494 1317 2522 l3l
1336 2492 1391 2529 [ac]
1416 2492 1503 2527 posita
1531 2490 1597 2526 [est]
1619 2490 1645 2516 in
1664 2488 1712 2516 lib.
1727 2495 1754 2520 ν,

960 2544 1002 2570 tit.
1023 2543 1050 2570 3.
1066 2542 1152 2577 Cujus
1166 2551 1231 2570 sane
1243 2541 1356 2568 nmella:
1370 2548 1431 2575 cap.
1454 2539 1488 2566 10
1510 2538 1568 2565 lucc
1597 2536 1691 2564 eadem
1705 2535 1756 2562 do-

960 2595 1013 2622 cet,
1032 2597 1093 2624 quae
1108 2590 1134 2617 in
1152 2588 1315 2624 compendio
1333 2592 1398 2615 sunt
1413 2585 1552 2621 proposita
1564 2604 1571 2617 ,
1594 2591 1676 2615 voce,
1703 2581 1756 2608 im-

960 2637 1093 2669 mobiles,
1110 2627 1301 2663 tantummodo
1314 2633 1430 2669 ailjecta.
1453 2632 1525 2659 Dicit
1550 2630 1634 2662 enim,
1666 2634 1756 2663 neque

960 2683 1083 2715 mobilia,
1097 2690 1186 2717 neque
1203 2681 1365 2711 immobilia.
1383 2687 1471 2715 neque
1491 2686 1521 2706 se
1536 2675 1673 2704 moventia
1686 2694 1693 2706 ,
1720 2673 1755 2701 ab

959 2730 1097 2765 episcopis
1117 2733 1179 2764 post
1201 2728 1388 2763 epi~copatum
1406 2725 1557 2761 acquisita,
1577 2721 1702 2749 alienari.
1719 2719 1755 2746 At

959 2777 1003 2803 tit.
1022 2775 1053 2803 10
1075 2774 1263 2804 Novellarum.
1282 2778 1312 2800 ut
1327 2781 1360 2800 ex
1385 2775 1459 2800 textu
1476 2773 1593 2800 constat,
1612 2766 1753 2794 mobilium

959 2827 988 2850 et
1004 2830 1033 2850 sc
1054 2821 1223 2848 moventium
1239 2821 1377 2847 duntaxat
1399 2817 1533 2845 meminit.
1545 2816 1640 2842 Const.
1651 2814 1669 2840 ‘2
1683 2813 1723 2840 tit.
1739 2814 1749 2840 1

959 2860 1145 2898 Novellarum,
1159 2870 1202 2892 est
1220 2865 1324 2891 novella
1342 2862 1489 2891 Justiniani
1509 2861 1568 2892 [23,
1597 2858 1752 2894 posit-[quc

960 2913 1014 2950 est]
1030 2914 1057 2941 in
1072 2913 1119 2941 lib.
1131 2921 1161 2941 ιιι
1172 2912 1265 2945 Basil.,
1278 2911 1321 2939 tit.
1339 2911 1365 2944 1,
1380 2915 1463 2946 atque
1474 2907 1508 2937 42
1519 2907 1579 2944 ejus
1595 2914 1656 2943 cap.
1675 2905 1751 2939 dicit,
