1946 3076
198 148 268 185 1147

780 154 912 185 ΡΗΟΤΙΙ
932 152 1186 184 PATRIARCH/E
1200 152 1255 184 (ΣΡ.

1764 147 1829 181 1118ἒ

196 218 369 246 quaecunque
390 212 417 239 in
450 216 525 239 textu
539 211 641 247 scripta
655 215 729 239 sunt.
743 211 861 239 Constit.
878 211 895 238 5
917 210 959 238 tit.
971 210 985 236 9

1052 210 1125 245 νεαρὰ
1142 208 1357 241 Ίουστινιάνειος
1382 211 1445 244 ρκγ¹
1461 207 1577 244 κειμένη
1594 207 1623 234 ὲν
1641 206 1735 243 βιϐλίῳ
1743 208 1765 242 γ’
1777 209 1827 235 τῶν.

196 255 372 285 Novellarum
393 263 434 285 est
456 257 561 286 novella
572 257 720 285 Justiniani
739 257 801 289 151,
832 256 990 292 positalque

194 302 249 338 est]
265 303 291 330 in
303 303 351 331 lib.
364 311 380 330 v
394 303 488 338 Basi|.,
505 304 547 332 tit.
565 304 592 336 5,
607 311 640 332 ac
654 304 726 331 circa
746 304 780 330 10
801 311 862 338 cap.
885 304 912 331 in
937 304 990 331 line

194 344 272 381 dicit,
290 356 462 384 quaecunque
484 349 511 377 in
537 353 612 377 textu
635 350 832 385 compendiose
849 349 989 385 proposita

195 399 270 422 ειιιη.

228 533 306 562 CAP.
323 534 368 563 Vl.
382 549 417 555 —
430 535 469 562 De
486 537 600 571 propriis
628 537 743 572 episcopi
758 536 847 569 rebus,
868 541 893 564 et
919 537 989 573 quod

193 580 334 608 intestatus
348 581 473 609 decedere
487 590 540 610 non
553 582 657 611 debeat.

228 671 424 706 Apostolorum
443 679 532 700 canon
558 672 613 705 40;
628 673 737 701 concilii
759 674 924 702 Antioclieni
945 682 990 702 ca-

193 725 247 745 non
258 718 314 750 εις
330 718 438 746 concilii
458 718 690 747 Chalcedonensis
703 728 792 747 canon
807 720 861 753 Q2;
877 720 989 748 concilii

194 763 368 791 Sardicensis
390 771 480 791 canon
495 764 545 798 l2;
569 765 678 792 concilii
692 765 924 801 Cartliagenensis
944 774 990 793 ca-

192 817 247 836 non
260 809 306 843 22,
318 809 363 836 81.
381 809 453 844 Lege
469 818 529 844 quas
543 812 570 838 in
585 811 603 839 5
618 819 677 846 cap.
688 813 832 847 praesentis
847 813 888 839 tit.
906 813 991 840 adno-

193 860 249 883 tata
263 861 337 884 sunt.

1040 256 1194 283 Βασιλικῶν
1221 255 1275 283 τίτ.
1291 258 1326 288 α’,
1347 254 1394 282 καί
1421 263 1488 289 φησι
1504 254 1536 281 τὸ
1550 254 1586 289 μδ
1610 253 1696 289 αὐτῆς
1713 262 1768 289 κεφ.
1780 255 1822 281 ὅσα

1041 305 1082 336 εἰς
1093 304 1128 331 τὸ
1145 303 1271 338 κείμενον
1296 302 1467 338 ἐγράφησαν.
1490 301 1523 327 Ἦ
1539 299 1564 335 γ’
1585 299 1656 333 διάῖι.
1686 299 1732 326 τοῦ
1746 300 1822 335 β’τῐτ.

1039 351 1094 378 τῶν
1106 349 1232 385 Νεαρῶν,
1248 349 1306 376 ἐστι
1323 347 1409 383 νεαρὰ
1424 346 1636 377 ’1ουστινιάνειος
1650 344 1706 380 ρλα¹
1721 346 1822 382 κειμένη

1039 397 1069 424 ὲν
1085 396 1180 432 βιὸλῐῳ
1193 399 1212 422 ε’
1223 395 1277 422 τῶν
1291 394 1444 421 Βασιλικῶν
1468 393 1520 420 τίτ.
1537 395 1572 427 γ’.
1584 392 1630 419 καὶ
1645 390 1758 425 λέγουσα
1767 392 1824 426 περὶ

1039 443 1070 470 τὸ
1084 442 1099 469 ι’
1116 451 1179 476 κεφ.
1203 441 1274 468 κατὰ
1287 441 1318 468 τὸ
1339 440 1416 472 τέλος
1439 439 1490 466 ὅσα
1520 437 1729 473 συνωψίσθησαν
1746 437 1782 469 εἰς
1796 437 1823 464 τὸ

1039 489 1177 524 κείμενον.

1075 534 1202 562 ΚΕΦΑΛ.
1219 532 1264 567 ς’.
1280 548 1313 554 --
1331 532 1400 566 Περὶ
1415 531 1474 559 τῶν
1489 530 1592 560 ιδικῶν
1600 530 1654 558 τοῦ
1665 529 1823 557 ἐπισκόπου

1040 581 1228 616 πραγμάτων,
1244 580 1293 607 καὶ
1314 579 1427 606 ὅτιούκ
1452 578 1581 614 ὠφειλεν
1611 576 1763 608 ἀδιάθετος
1782 584 1824 603 τε-

1038 627 1161 662 λευτᾷν.

1081 674 1252 701 Ἀποστόλων
1268 672 1359 700 κανὼν
1375 675 1401 708 μ’
1411 681 1418 688 ·
1435 671 1545 699 συνόδου
1563 670 1728 706 Ἀντιοχείας
1743 670 1827 697 κανὼν

1040 720 1079 746 κδ’
1091 727 1097 734 ⁸
1111 719 1220 747 συνόδου
1232 718 1405 754 Χαλκηδόνος
1419 716 1511 744 κανὼν
1526 716 1568 752 κβ¹
1587 723 1594 731 ·
1614 715 1724 742 συνόδου
1736 716 1828 752 Σαρδιι

1040 767 1091 800 κῆς
1103 765 1193 793 κανὼν
1207 765 1240 800 ιβ’
1250 773 1256 780 ·
1270 764 1380 791 συνόδου
1394 762 1590 798 Καρθαγέννης
1600 761 1692 789 κανὼν
1704 761 1755 797 κβ’,
1767 765 1811 788 πα]
1821 770 1828 777 ·

1040 811 1178 846 ἀνάγνωθι
1191 811 1226 838 τὰ
1250 808 1506 845 παραγεγραμμένα
1527 808 1556 834 ἐν
1584 806 1623 841 τῷ
1640 806 1662 833 ε’
1675 815 1738 842 κεφ.
1761 815 1831 843 παρ-

1041 858 1116 889 όντος
1127 857 1178 884 τίτ,

228 902 306 930 CAP.
321 902 379 931 VII.
400 918 436 923 —
458 903 492 931 Ut
513 911 571 939 quw
589 904 617 931 in
640 904 762 932 barbaris
785 904 905 939 gentibus
927 910 985 932 sunt

1076 887 1203 930 nam.
1217 904 1254 930 z'.
1271 918 1306 924 -
1324 903 1395 938 Περὶ
1406 903 1478 936 τοὺς
1488 902 1540 935 τὰς
1553 903 1588 930 ἐν
1601 902 1665 935 τοῖς
1690 901 1833 936 βαρϐαρι-

192 949 242 977 Dei
255 949 384 977 Ecclesia:
396 970 405 984 ,
434 950 580 978 secundum
597 950 756 978 obtinentem
772 951 988 978 consuetudinem

195 997 430 1024 administrentur.

224 1042 338 1070 Concilii
360 1042 657 1078 Constantinopolitani
684 1051 772 1070 canon
801 1044 841 1077 2;
879 1044 988 1072 concilii

192 1087 425 1117 Chalcedonensis
445 1095 536 1116 canon
552 1088 605 1121 28;
630 1089 739 1117 concilii
755 1090 824 1118 sexti
839 1097 927 1117 canon
941 1090 988 1122 50.

193 1134 237 1167 57,
252 1133 297 1162 59.

227 1179 306 1208 CAP.
320 1180 391 1208 Vill.
404 1195 440 1201 —
455 1180 498 1209 Ne
519 1182 656 1217 episcopus
670 1202 677 1214 ,
701 1189 782 1216 neque
809 1180 921 1207 clericus
942 1188 989 1215 per

191 1224 365 1252 donationem
391 1231 439 1253 aut
461 1231 649 1254 testamentum
673 1225 841 1262 [quidquam]
864 1226 989 1253 Itan-etim

191 1270 246 1300 det.
263 1271 370 1298 tametsi
384 1271 468 1306 ipsius
485 1278 613 1307 cognatus
626 1273 671 1300 sit.

228 1316 342 1343 Concilii
358 1316 586 1353 Cartliaginensis
598 1326 686 1346 canon
703 1318 750 1351 ‘22,
769 1318 814 1346 8|.

225 1361 333 1390 Textus.
350 1363 456 1392 Nedum
473 1365 507 1392 ab
518 1365 654 1399 episcopis
666 1370 692 1393 et
705 1365 989 1401 clericis,‘etc.,usque

192 1407 227 1434 ad
243 1407 362 1443 legatum
375 1410 457 1444 capit,
473 1414 502 1436 ut
510 1418 572 1445 pag.
588 1410 651 1437 851.

227 1498 373 1528 Sclmlium.
395 1501 512 1529 Constit.
529 1502 564 1530 10
589 1503 631 1530 tit.
646 1502 739 1530 51111ιηί
759 1511 767 1530 l
784 1502 852 1531 Cod.
871 1511 924 1530 non
946 1509 988 1532 est

188 1546 278 1580 posita
299 1547 325 1573 in
344 1547 427 1575 Basil.
462 1548 557 1576 Const.
587 1549 614 1581 5,
644 1549 686 1576 tit.
711 1549 729 1575 2
755 1549 929 1577 Novellarum
945 1555 1021 1591 estC

190 1592 296 1621 novella
327 1592 475 1622 Justiniani
501 1594 553 1622 155
578 1594 734 1630 pOsita[que
757 1595 810 1631 est]
837 1595 864 1622 in
895 1596 942 1623 lib.
966 1605 981 1623 ν

188 1636 271 1665 Basil.
289 1638 330 1666 tit.
354 1639 381 1671 5,
400 1643 482 1675 atque
501 1640 517 1667 5
540 1640 632 1667 thema
651 1648 712 1675 cap.
728 1641 758 1667 11
786 1641 910 1675 ejusdem
937 1643 980 1670 tit.

189 1684 267 1717 dicit,
279 1693 451 1721 tltlmcunque
472 1687 498 1713 in
514 1691 588 1714 textu
605 1687 707 1721 scripta
723 1692 797 1714 sunt.
813 1688 930 1716 Constit.
949 1690 987 1718 18’

189 1729 230 1756 tit.
244 1730 261 1757 5
279 1730 326 1758 lib.
345 1731 433 1759 iCod.
451 1739 505 1760 non
520 1737 562 1760 est
577 1733 665 1768 posita
681 1732 814 1767 inBasil.,
829 1741 919 1769 neque
937 1736 982 1770 l9,

189 1784 278 1812 neque
292 1777 338 1804 22.
382 1792 384 1794 τ

227 1870 336 1899 Textus.
353 1871 419 1905 Quae
427 1872 677 1902 exhereditalionis
686 1882 782 1902 causas
788 1875 908 1909 ordinat,
917 1879 984 1910 etc,
997 1901 1002 1904 .

188 1926 270 1954 usque
282 1919 317 1946 ad
329 1919 511 1955 publicantur,
527 1925 556 1948 ut
567 1929 629 1957 pag.
641 1922 703 1956 851,
719 1921 782 1950 854.

225 2007 372 2037 Scholium.
400 2009 510 2038 Novella
543 2011 594 2039 H5
627 2012 801 2047 imperatoris
837 2012 984 2042 Iustiniani

188 2057 278 2091 posita
302 2061 345 2085 est
360 2057 388 2084 in
409 2065 470 2092 cap.
487 2057 522 2085 58
544 2059 586 2086 tit.
614 2059 631 2086 8
645 2059 693 2086 lib.
712 2067 783 2086 xxxv
802 2060 887 2088 Basil.
915 2060 986 2088 Dicit

188 2107 280 2131 autem
303 2103 363 2139 ejus
389 2104 422 2132 M
445 2112 506 2140 cap.
533 2105 590 2133 haec
609 2106 642 2133 ad
666 2107 802 2134 verbum:
825 2106 935 2142 Siquis
951 2115 984 2136 ex

190 2151 350 2179 memoratis
363 2152 543 2186 parentibus,
567 2160 629 2179 cum
653 2153 710 2187 ipse
735 2153 908 2182 orthodoxus
936 2155 983 2188 sit,

189 2197 291 2224 sentiat
321 2197 406 2225 lilium
426 2205 505 2225 suum
524 2202 572 2225 aut
598 2198 669 2225 ﬁlios
689 2207 744 2226 non
760 2207 822 2227 esse
838 2200 984 2228 catholicae

191 2243 332 2277 Ecclesize,
348 2249 414 2275 etc..
432 2244 572 2278 quomodo
598 2246 650 2273 sub
661 2246 824 2280 compendio
853 2247 879 2274 in
907 2252 981 2274 textu
1000 2237 1021 2264 θ

188 2295 253 2316 sunt
267 2290 416 2324 proposita.
434 2290 471 2317 De
487 2289 668 2319 Samaritanis
684 2292 793 2319 ronslit.
810 2292 837 2324 1,
853 2301 914 2327 quae
938 2299 981 2320 est

187 2335 205 2362 2
219 2335 261 2364 ιὶι.
278 2336 294 2363 5
308 2335 493 2368 Novellarnm.
517 2344 559 2364 est
572 2338 677 2365 novella
691 2337 840 2366 Iustiniani
858 2339 918 2371 129,
934 2340 980 2368 sed

188 2389 242 2407 non
259 2386 303 2408 est
316 2382 402 2414 posita
432 2383 458 2409 in
475 2382 569 2415 Basil.,
593 2391 682 2418 neque
698 2384 802 2411 novella
818 2384 844 2418 5,
863 2392 924 2419 quae
939 2390 982 2412 est

187 2424 336 2454 Justiniani
353 2427 414 2455 144.
428 2427 542 2461 Quaeras
556 2434 646 2456 autem
671 2437 731 2465 cap.
749 2430 780 2457 51
809 2431 876 2458 111.1
897 2431 943 2458 lib.
960 2439 980 2463 I,

187 2482 220 2502 ac
231 2475 380 2510 legasillnd
390 2484 452 2503 cum
468 2477 582 2512 reliquis
599 2484 660 2512 cap.
677 2485 764 2512 usque
777 2477 811 2504 ad
827 2478 906 2504 linem
925 2478 979 2511 tit.,

186 2529 248 2555 qum
269 2522 490 2557 complectuntur
513 2531 685 2558 quaecunque
711 2523 738 2549 in
756 2527 829 2550 textu
850 2531 981 2559 compen-

186 2566 263 2594 diose
275 2571 340 2594 snnt
356 2568 506 2602 proposita,
528 2572 555 2596 et
572 2567 707 2604 [insuper]
723 2569 756 2595 de
774 2568 909 2602 limreticis
927 2570 980 2597 alia

187 2613 271 2640 multa
285 2617 367 2648 atque
382 2614 548 2642 necessaria.
566 2614 607 2642 Ex
626 2615 668 2641 liis
681 2615 754 2642 enim
771 2614 876 2650 integra
890 2620 980 2643 castra

186 2659 236 2695 (uti
253 2662 374 2694 constat)
391 2665 419 2686 et
438 2659 564 2695 regiones
581 2660 764 2696 Bogomilicas
780 2668 882 2693 errare,
898 2665 980 2695 atque

186 2706 214 2732 in
240 2705 337 2733 haeresi
355 2713 404 2732 sua
428 2705 496 2732 mori
511 2705 628 2732 sinimus
644 2713 650 2732 :
667 2714 751 2732 unum
779 2713 845 2733 vero
870 2709 896 2732 et
920 2706 980 2733 vilis

186 2752 355 2779 conditionis
371 2753 451 2779 talem
473 2752 629 2779 liatreticum
650 2752 676 2779 in
690 2752 765 2787 regia
778 2754 845 2780 urbe
857 2760 980 2780 commo-

186 2802 292 2824 rantem
303 2797 482 2830 invenientes,
492 2801 667 2826 vehementer
676 2799 942 2833 punimus.Constit.
964 2799 982 2826 5

189 2841 218 2867 it.
235 2841 442 2876 iNovellai-um,
462 2849 504 2871 est
520 2844 625 2871 novella
639 2843 863 2876 Justinianil51,
876 2844 980 2878 posita-

190 2884 254 2920 Lque
268 2887 321 2922 est]
339 2887 366 2916 in
381 2888 430 2917 lib.
446 2888 530 2917 Basil.
547 2896 589 2924 ιιι,
601 2889 680 2925 cujus
697 2889 727 2918 11
744 2897 805 2925 cap.
823 2889 890 2918 dicit
904 2897 980 2924 quit:-

1040 949 1105 982 κοῖς
1129 949 1252 976 ἔθνεσιν
1280 950 1375 982 οὔσας
1392 949 1446 976 τοῦ
1466 949 1540 976 Θεοῦ
1562 949 1733 982 ἐκκλησίας
1760 947 1833 982 μετὰ

1039 995 1097 1029 τὴν
1108 996 1308 1030 κρατήσασαν
1325 995 1499 1022 διοικεῖσθαι
1517 995 1698 1029 συνήθειαν.

1076 1041 1189 1068 Συνόδου
1212 1041 1526 1073 Κωνσταντινουπόλεως
1556 1040 1644 1068 κανὼν
1664 1040 1705 1075 β’·
1723 1039 1836 1066 Συνόδου

1039 1088 1211 1123 Χαλκηδόνος
1251 1088 1342 1115 κανὼν
1370 1091 1439 1124 κη’·
1470 1087 1578 1115 συνόδου
1607 1090 1634 1119 ς’
1678 1086 1771 1113 κανὼν
1798 1085 1837 1116 λ’,

1039 1135 1089 1169 λς’,
1101 1135 1150 1162 λθν.

1075 1182 1200 1208 ΚΕΦΛΔ.
1221 1180 1262 1208 Η¹.
1277 1197 1312 1202 -
1326 1180 1396 1215 Περὶ
1412 1180 1466 1208 τοῦ
1486 1180 1562 1216 μήτε
1577 1180 1765 1209 ἐπίσκοπον,
1782 1176 1839 1212 μή-

1038 1236 1071 1255 τε
1095 1227 1242 1262 κληρικύν
1269 1227 1385 1254 διδόναι
1409 1226 1458 1253 διὰ
1484 1225 1597 1260 δωρεᾶς
1630 1225 1650 1260 ἢ
1677 1223 1839 1256 διαθέσεως

1038 1272 1174 1307 αΙρετικῷ
1187 1273 1246 1300 κᾶν
1261 1273 1307 1305 εἴη
1323 1271 1477 1308 συγγενὴς
1493 1272 1584 1304 αὐτῷ.

1074 1319 1188 1346 Συνόδου
1203 1319 1400 1354 Καροαγέννης
1414 1318 1504 1345 κανὼν
1516 1317 1568 1353 κβ’,
1585 1321 1644 1346 πα’.

1074 1366 1227 1400 Κείμενσν.
1239 1366 1275 1393 Οὐ
1288 1365 1368 1401 μόνον
1384 1366 1437 1392 ἀπὸ
1452 1365 1611 1392 ἐπισκόπων
1627 1365 1681 1392 καὶ
1698 1363 1849 1400 κληρικῶψ

1038 1413 1190 1440 κωλύονται
1210 1412 1369 1449 λαμϐάνειν,
1388 1421 1415 1440 κ.
1430 1421 1458 1439 τ.
1472 1412 1510 1445 λ.,
1525 1419 1613 1447 usque
1629 1412 1667 1439 ad
1685 1411 1703 1448 ἦ
1723 1411 1842 1446 ληγάτον

1038 1460 1182 1495 λαμϐάνει.

1074 1506 1214 1540 Σχόλιον.
1233 1506 1266 1532 Ἦ
1287 1509 1303 1533 ι’
1333 1505 1402 1532 διάτ.
1429 1505 1477 1532 τοῦ
1500 1503 1521 1531 ε’
1536 1504 1589 1531 τίτ.
1617 1504 1669 1532 τοῦ
1688 1503 1716 1531 α’
1741 1502 1850 1539 βιϐλιουι

1039 1553 1086 1580 τοῦ
1102 1552 1216 1584 κώδικος
1240 1552 1290 1579 οὐκ
1311 1551 1389 1587 ἐτέθη
1409 1552 1449 1583 εἰς
1461 1551 1498 1577 τὰ
1508 1551 1660 1578 Βασιλικά.
1689 1550 1724 1578 ’Π
1736 1549 1760 1584 γ’
1775 1548 1846 1575 διάτ.

1034 1598 1081 1625 τοῦ
1099 1598 1121 1634 β’
1141 1598 1192 1625 τίτ.
1211 1598 1265 1624 τῶν
1292 1597 1419 1629 Νεαρῶν,
1440 1596 1497 1624 ἐστι
1518 1596 1604 1633 νεαρὰ
1622 1595 1847 1629 Ἰουστινιᾶνειος

1035 1647 1094 1680 ptes!
1120 1643 1234 1679 κειμένη
1248 1643 1277 1669 ἐν
1302 1642 1397 1678 βιϐλίῳ
1417 1642 1503 1669 ε’τῶν
1526 1642 1691 1669 Βασιλικῶν
1721 1642 1778 1668 τῑτ.
1811 1643 1853 1674 γ’ν

1033 1691 1080 1717 καί
1097 1698 1163 1725 φησι
1176 1689 1239 1724 τόγ’
1255 1689 1326 1723 θέμα
1344 1689 1391 1715 τοῦ
1406 1687 1440 1715 ια’
1454 1697 1518 1722 κεφ.
1544 1688 1592 1714 τοῦ
1606 1688 1698 1715 αὑτοῦ
1715 1687 1772 1714 sic.
1799 1686 1849 1713 ὅσα

1034 1737 1074 1767 εἰς
1094 1736 1123 1762 τὸ
1139 1735 1265 1770 κείμενον
1292 1734 1462 1769 ὲγράφηυαν.
1484 1734 1517 1760 Ἡ
1537 1737 1572 1769 ιη’
1585 1734 1664 1762 διάτ.
1692 1733 1743 1761 τοῦ
1761 1732 1782 1759 ε’
1795 1731 1850 1758 tis.

1034 1782 1080 1809 τοῦ
1097 1785 1122 1808 α’
1134 1781 1237 1817 βιϐλίου
1250 1781 1297 1808 τοῦ
1309 1782 1423 1813 κώδικος
1433 1781 1483 1808 οὐκ
1498 1780 1578 1816 ἐτέθη
1591 1781 1636 1813 εἰς
1649 1780 1689 1806 τὰ
1700 1777 1851 1809 Βασιλικὰ,

1034 1828 1094 1855 οὐδὲ
1107 1829 1124 1864 ἡ
1137 1828 1179 1860 ιθ¹,
1196 1828 1256 1854 οὐδὲ
1273 1827 1325 1863 κβ’.

1071 1876 1226 1910 Κειμενον.
1266 1874 1298 1901 Ἦ
1332 1875 1361 1901 δὲ
1386 1874 1436 1906 τὰς
1464 1873 1554 1904 αἰτίας
1585 1871 1853 1909 ὲξερεδιτατιώνων

1036 1921 1151 1952 τάκτους
1167 1920 1214 1956 ρξ’,
1227 1920 1325 1956 νεαρὰ,
1343 1929 1371 1947 κ.
1386 1929 1411 1947 τ.
1427 1920 1465 1952 λ.,
1483 1927 1571 1954 usque
1587 1919 1627 1947 ad
1642 1920 1697 1946 καὶ
1709 1920 1763 1954 τῆς
1784 1917 1854 1953 κτή-

1037 1975 1106 1998 σεως
1118 1966 1310 1998 ἀπελαύνεται,
1326 1966 1374 1993 καὶ
1397 1964 1556 2001 δημεύεται.

1070 2013 1209 2047 Σχόλιον.
1230 2012 1263 2039 Ἠ
1281 2011 1329 2047 pte’
1354 2011 1442 2046 νεαρὰ
1453 2012 1500 2038 τοῦ
1518 2011 1663 2047 βασιλέως
1687 2012 1855 2038 Ἰουστινια-

1036 2059 1083 2085 νοῦ
1094 2058 1172 2093 ἐτέθη
1186 2059 1225 2090 εἰς
1239 2067 1301 2093 κεφ.
1318 2057 1369 2094 λη’,
1382 2057 1429 2084 τοῦ
1444 2057 1468 2094 η’
1478 2058 1530 2084 τίτ.
1545 2057 1595 2084 τοῦ
1607 2057 1651 2084 λε’
1672 2058 1789 2093 βιὸλίου
1802 2056 1856 2083 τῶν

1036 2104 1198 2136 Βασιλικῶν,
1215 2104 1289 2138 λέγει
1307 2104 1337 2131 δὲ
1351 2104 1382 2131 τὸ
1393 2103 1423 2131 ιδ’
1435 2113 1498 2139 κεφ.
1513 2104 1602 2138 αὐτῆς
1622 2105 1724 2132 ταῦτα.
1752 2103 1855 2141 ῥητῶς,

1037 2151 1071 2178 Εἴ
1079 2159 1121 2183 τις
1131 2151 1164 2177 ὲκ
1176 2150 1230 2177 τῶν
1245 2150 1487 2186 μνημονευθέντων
1501 2150 1609 2184 γονέων
1628 2151 1787 2185 ὀρθὸδοξος
1805 2151 1858 2176 ὐπ-

1038 2199 1129 2232 άρχων
1156 2196 1283 2231 αἴσθηται
1308 2197 1354 2223 τὸν
1370 2196 1435 2222 ἴδιον
1450 2196 1533 2222 παῖδα
1548 2196 1564 2231 ἢ
1586 2197 1702 2229 παῖδας
1730 2197 1771 2234 μὴ
1787 2195 1858 2224 εἶναι

1035 2243 1085 2278 τῆς
1101 2243 1247 2277 καθολικῆς
1264 2243 1439 2279 Ἐκκλησίας,
1456 2243 1503 2269 καὶ
1514 2243 1548 2269 τὰ
1573 2242 1663 2279 ἑξῆς,
1677 2245 1720 2277 ὼς
1733 2245 1776 2276 εἰς
1804 2243 1859 2270 κεί-

1037 2296 1117 2323 μενον
1141 2287 1360 2323 συνωψίσοησαν.
1380 2289 1413 2314 ’11
1429 2289 1494 2325 περὶ
1518 2288 1575 2315 τῶν
1607 2289 1809 2326 Σαμαρειτῶν
1824 2287 1858 2321 α’,

1033 2334 1103 2362 διάτ.
1118 2333 1151 2368 β’,
1166 2334 1234 2361 οὖσα
1253 2334 1300 2361 τοῦ
1315 2333 1338 2368 γ’
1355 2335 1407 2362 τὶτ.
1433 2335 1487 2362 τῶν
1513 2335 1654 2371 Νεαρῶν,
1683 2338 1749 2364 ἐστι
1775 2336 1860 2372 νεαρὰ

1041 2381 1255 2412 ’1ουστινιάνειος
1275 2380 1333 2415 ρκθ¹
1357 2382 1408 2408 οὐκ
1430 2381 1510 2416 ὲτέθη
1525 2381 1555 2408 δὲ
1573 2383 1621 2415 εἰς
1653 2384 1693 2411 τὰ
1711 2383 1859 2421 βασιλικὰ.

1034 2427 1093 2453 οὐδὲ
1106 2428 1122 2462 ἡ
1136 2426 1159 2461 γ’
1172 2426 1258 2462 νεαρὰ
1284 2425 1351 2454 οὖσα
1371 2427 1593 2460 Ἰουστινιάνειος
1626 2430 1697 2466 ρμδ¹
1731 2432 1814 2466 ζήτει
1833 2430 1861 2457 δὲ

1033 2473 1064 2500 τὸ
1077 2472 1117 2500 va.’
1134 2482 1196 2507 κεφ.
1218 2473 1265 2500 τοῦ
1281 2472 1306 2500 α’
1323 2474 1375 2500 τίτ.
1399 2474 1446 2501 τοῦ
1462 2473 1484 2500 α’
1500 2473 1626 2509 βιϐλίου,
1639 2477 1695 2504 καὶ
1718 2476 1861 2514 ἀνάγνωθι

1034 2519 1122 2551 τοῦτο,
1145 2520 1192 2546 καὶ
1217 2519 1250 2546 τὰ
1267 2520 1309 2554 ἐφ’
1323 2520 1388 2555 ἑξῆς
1412 2529 1475 2554 κεφ,
1505 2520 1594 2556 μέχρι
1627 2524 1682 2550 τοῦ
1701 2525 1802 2557 τέλους
1815 2524 1860 2551 τοῦ

1033 2566 1086 2593 τὶτ.
1101 2566 1318 2601 διαλαμϐάνοντα
1344 2567 1395 2593 ὅσα
1409 2566 1633 2602 συνωψίσθησαν
1655 2572 1701 2603 εἰς
1716 2571 1750 2599 τὸ
1766 2571 1862 2608 κείμε-

1033 2621 1089 2646 νον,
1115 2614 1163 2639 καὶ
1182 2613 1264 2648 ἕτερα
1289 2613 1376 2640 πολλὰ
1402 2613 1520 2649 χρειώδη
1536 2615 1594 2641 καὶ
1628 2617 1783 2653 ἀναγκαῖα
1798 2619 1861 2653 περὶ

1033 2660 1189 2695 αἱρετικῶν.
1220 2659 1286 2686 Ἀπὸ
1304 2659 1357 2695 γὰρ
1383 2659 1495 2691 τούτων,
1516 2658 1574 2694 dig,
1607 2662 1711 2692 ἔοικεν
1730 2666 1862 2702 ιὰκέραια

1033 2706 1139 2741 κάστρα
1157 2715 1187 2732 τε
1212 2707 1259 2733 καὶ
1294 2707 1379 2742 χωρία
1405 2707 1585 2742 βωγομιλικὰ
1622 2714 1860 2750 παραχωροῦμεν

1033 2752 1195 2786 πλανᾶσθαι,
1205 2753 1252 2780 καὶ
1267 2754 1336 2789 μετὰ
1349 2753 1398 2789 τῆς
1415 2754 1480 2786 ἰδίας
1492 2754 1702 2792 ἀποθνήσκειν
1710 2761 1858 2798 αἱρέσεως.

1034 2798 1105 2825 Ἕνα
1115 2799 1144 2825 δὲ
1162 2800 1209 2826 καὶ
1232 2800 1348 2835 τυχόντα
1362 2800 1482 2827 τοιοῦτον
1497 2800 1658 2835 αἱρετικὸν
1675 2807 1861 2843 εὑρίσκοντες

1033 2844 1063 2870 ὲν
1077 2845 1110 2880 τῇ
1130 2844 1311 2884 βασιλευούσῃ
1344 2845 1516 2881 διατρίϐοντα
1546 2849 1696 2884 μεγάλως
1709 2853 1797 2881 αὑτὸν
1815 2862 1861 2881 κο-

1032 2889 1160 2926 λάζομεν,
1181 2882 1335 2926 ’11γ’διᾶτ.
1356 2890 1404 2918 τοῦ
1419 2890 1443 2919 α’
1462 2890 1512 2918 τίτ.
1544 2882 1611 2922 τῶν
1640 2882 1779 2935 Νεαρῶν,
1802 2901 1858 2927 ἐπι
