1946 3076
131 185 201 220 1149

650 190 894 222 ΝΟΜΟΟΑΝΟΝς
912 204 947 210 -—
966 192 1041 222 TIT~
1061 193 1114 229 XI,
1132 192 1211 222 CAP-
1233 193 1259 222 Ι-

1704 191 1777 225 1150

129 245 216 279 νεαρὰ
240 244 453 277 ἰουστινιάνειος
482 245 539 281 ρλα¹
556 246 669 281 κειμένη
684 246 714 272 ὲν
731 245 826 281 βισλίῳ
835 245 855 272 ε’
868 246 923 272 τῶν

975 254 1083 282 cunque
1100 248 1127 274 in
1144 251 1219 274 textu
1233 248 1426 282 compendiose
1439 248 1577 284 proposita
1596 252 1670 276 sunt.
1686 247 1775 283 Legas

129 290 282 318 Βασιλικῶν
309 291 361 319 τίτ.
376 295 412 326 γ’,
432 292 462 318 τὺ
482 292 510 319 δὲ
529 291 562 319 ια’
576 301 640 327 κεφ.
666 292 713 319 τοῦ
727 292 849 319 τοιούτου
868 292 922 320 τίτ.

129 336 202 370 λέγει
228 338 277 365 ὅσα
293 337 498 372 συνιυψίσοησαν
513 338 553 369 είς
578 339 609 364 τὸ
623 338 759 373 κείμενον,
779 340 826 365 καὶ
852 339 920 366 ἀνά-

978 290 1093 327 [antem]
1110 291 1176 318 illud
1190 300 1276 327 usque
1291 292 1323 319 ad
1348 301 1408 328 cap.
1432 293 1482 326 12;
1505 301 1567 321 nam
1583 293 1676 321 omnia
1697 292 1772 328 ejus-

973 338 1035 366 dem
1051 338 1079 365 11
1096 337 1291 372 cap.~themata
1316 339 1468 367 istiusmodi
1487 341 1594 367 docent.

129 383 213 418 γνωθι
235 383 316 410 τοῦτο
331 384 413 419 μέχρι
427 384 474 410 τοῦ
487 383 520 419 ιβ’
535 392 598 419 κεφ.
612 384 648 411 τὰ
659 385 713 420 γὰρ
725 385 772 411 ὅλα
785 384 891 420 θέματα
907 384 955 412 τοῦ
968 384 1051 412 αὐτοῦ
1067 388 1100 412 ια’
1115 393 1178 419 κεφ.
1197 385 1261 419 περὶ
1275 384 1378 413 τούτων
1392 386 1556 415 διδάσκουσι.

657 556 860 601 ΤΙΤΛΟΣ
897 555 1081 601 ΕΝΔΕΚ
1088 558 1244 601 ΑΤΟΣ.

558 663 652 690 ΠΕΡΙ
690 662 970 690 ΜΟΝΔΣΤΙῚΑΣ
1002 664 1075 691 ΚΑΙ
1113 664 1329 694 ΜΟΝΑΧΩΝ.

649 829 884 869 TITULUS
923 829 1242 868 UNDECIMUS.

599 920 656 950 DE
676 919 950 951 MONASTERIIS
970 918 1028 957 ¹ΕΤ
1050 916 1274 948 MONACHIS.

161 1083 361 1111 ΚΕΦΛΛΑΙΟΝ
383 1083 422 1111 A’.
441 1099 477 1105 —
494 1083 563 1118 Περὶ
593 1083 744 1117 ποιήσεως
764 1091 916 1119 μον-(ιστη-

1004 1083 1118 1111 CAPUT
1132 1082 1277 1110 PRIMUM.
1293 1098 1329 1102 —
1344 1082 1382 1110 De
1395 1082 1573 1110 exslmctione
1591 1081 1766 1109 monasterio-

121 1131 207 1165 ρίων,
236 1131 285 1157 καὶ
313 1130 366 1157 τοῦ
378 1130 421 1165 μὴ
441 1129 582 1164 γενέσθαι
601 1131 678 1157 αὐτὰ
702 1130 851 1163 ἰδιωτικὰ,
870 1131 919 1158 καὶ

125 1177 304 1213 πραγμάτων
317 1177 377 1204 τῶν
388 1177 590 1212 μοναζόντων.

160 1224 272 1250 Συνόδου
286 1224 457 1259 Χαλκηδόνος
475 1221 565 1250 κανὼν
581 1224 611 1256 δ’,
628 1224 677 1251 κδ’⁰
693 1223 801 1250 συνόδου
813 1222 851 1256 ς’,
870 1232 920 1250 κα-

124 1271 178 1298 νὼν
193 1271 236 1305 μθ¹
249 1279 255 1285 ·
273 1270 383 1297 συνόδου
401 1270 519 1302 Νικαίας
533 1270 564 1296 τὸ
580 1268 614 1303 α’,
630 1270 722 1297 κανὼν
733 1273 767 1304 ιγ’
778 1278 785 1285 ·
809 1269 919 1297 συνᾶδου

124 1321 149 1344 a.’
164 1318 210 1344 καὶ
222 1317 243 1352 β’
254 1325 261 1332 ·
274 1317 304 1343 ἐν
319 1316 358 1352 τῷ
373 1316 429 1351 ναῷ
437 1316 490 1343 τῶν
505 1316 605 1350 Ἀγίων
617 1315 774 1344 ἀποστόλων
788 1315 879 1343 κανὼν
895 1319 919 1343 α’

124 1364 169 1390 καὶ
188 1366 225 1395 ς’.

165 1409 317 1444 ΚεΙμενον.
344 1407 377 1436 Ἡ
404 1411 438 1442 ιγ’
468 1408 537 1436 διάτ.
568 1408 615 1435 τοῦ
643 1407 668 1435 α’
690 1409 742 1436 τίτ.
769 1409 823 1435 τῶν
845 1408 919 1435 Νεα-

126 1456 191 1492 ρῶν,
210 1465 237 1483 κ.
247 1465 275 1483 τ.
290 1456 326 1488 λ.,
339 1463 427 1491 usque
434 1455 468 1483 ad
478 1456 515 1488 ὡς
531 1456 548 1491 ή
565 1455 601 1482 νδ¹
612 1455 681 1482 διάτ.
705 1455 753 1482 τοῦ
767 1454 848 1482 αὑτοῦ
863 1454 917 1481 τιτ.

160 1549 298 1583 Σχόλιον.
320 1549 353 1575 Ἦ
368 1547 402 1582 if
424 1548 494 1575 διάτ.
522 1547 569 1575 τοῦ
585 1547 613 1574 α”
633 1547 685 1575 τίτ.
714 1548 769 1574 τῶν
791 1547 916 1583 Νεαρῶν,

122 1592 181 1620 ἔστι
194 1594 278 1629 νεαρὰ
294 1593 505 1625 Ἰουστινιάνειος
521 1592 579 1628 ρκγ¹
592 1593 639 1620 καὶ
654 1592 734 1628 ἐτέθη
750 1593 782 1620 τὸ
797 1593 837 1628 νβ’
853 1601 915 1627 κεφ.

122 1639 210 1675 αὐτῆς
237 1640 277 1671 είς
300 1639 402 1675 βιϐλίον
415 1639 470 1666 τῶν
487 1639 642 1667 Βασιλικῶν
657 1640 679 1666 δ’
693 1639 758 1673 tit,
775 1643 799 1666 α’
812 1649 875 1675 κεφ.
893 1643 916 1666 α’

122 1687 214 1712 ἐκεῖνα
228 1685 352 1712 διδάσκον
378 1685 428 1712 ὅσα
442 1686 481 1716 εἰς
499 1686 528 1712 τὸ
543 1685 668 1721 κείμενον
690 1685 862 1721 ἐγράφησαν.
886 1685 917 1712 Ἣ

121 1734 145 1766 Υ
161 1731 228 1758 διάτ.
244 1731 291 1758 τοῦ
304 1730 326 1766 β’
337 1730 390 1758 τιτ.
406 1731 459 1757 τῶν
473 1731 589 1767 Νεαρῶν
599 1752 607 1764 ,
627 1731 684 1758 ἔστι
699 1731 785 1766 νεαρὰ
806 1731 916 1757 ’1ουστι-

971 1138 1041 1164 mm,
1065 1135 1090 1157 et
1120 1138 1151 1157 ne
1174 1130 1222 1156 illa
1255 1130 1352 1164 privati
1373 1128 1477 1165 [juris]
1495 1129 1571 1163 fiant,
1590 1133 1615 1156 ει
1636 1127 1667 1155 de
1689 1127 1766 1156 rebus

972 1177 1170 1204 monachorum.

1005 1223 1121 1250 Concilii
1146 1221 1377 1251 Chalcedonensis
1404 1229 1492 1249 canon
1516 1222 1549 1255 Δ,
1573 1221 1626 1255 24,
1656 1221 1765 1248 concilii

970 1270 1039 1298 sexti
1055 1278 1143 1297 canon
1167 1269 1219 1302 £9;
1238 1269 1345 1296 concilii
1367 1268 1467 1296 Nicmni
1499 1268 1581 1304 primi
1610 1275 1697 1295 canon
1713 1267 1762 1299 l3;

970 1316 1079 1344 concilii
1095 1316 1173 1348 primi
1186 1321 1212 1343 et
1228 1316 1339 1343 secundi
1358 1316 1385 1342 in
1399 1315 1456 1343 aede
1471 1315 1633 1342 Sanctorum
1650 1315 1766 1348 Aposto-

969 1363 1058 1390 lorum
1074 1361 1184 1398 [habiti]
1200 1370 1288 1389 canon
1306 1362 1317 1389 1
1335 1367 1363 1389 et
1376 1361 1402 1388 6.

1005 1409 1112 1436 Tezlua.
1146 1409 1241 1436 Const.
1263 1409 1296 1436 13
1326 1409 1370 1436 tit.
1393 1408 1404 1434 1
1432 1407 1606 1435 Novellarum
1630 1406 1693 1433 ait:
1712 1405 1765 1438 Qui

970 1457 1175 1489 monasterium,
1185 1461 1249 1489 cte.,
1262 1464 1343 1491 usque
1358 1455 1392 1482 ad
1404 1459 1493 1483 const.
1511 1453 1556 1486 54,
1578 1458 1607 1480 ιιι
1622 1461 1683 1488 pag.
1699 1452 1765 1486 858,

969 1502 1031 1531 859.

1004 1550 1150 1577 Scholinm.
1176 1549 1292 1577 Constit.
1320 1548 1353 1576 i5
1382 1548 1424 1576 tit.
1469 1548 1480 1575 1
1518 1547 1692 1575 Novellarum
1719 1551 1761 1574 est

969 1598 1074 1625 novella
1084 1596 1230 1624 Justiniani
1256 1596 1318 1628 125,
1336 1595 1479 1630 positaque
1502 1599 1544 1622 est
1566 1594 1601 1621 52
1625 1593 1686 1628 ejus
1700 1600 1761 1627 cap.

969 1645 995 1672 in
1014 1644 1062 1671 lil).
1084 1643 1166 1671 Basil.
1180 1651 1216 1676 IV,
1236 1642 1277 1670 tit.
1298 1643 1323 1673 1,
1339 1649 1400 1676 cap.
1417 1642 1443 1671 1,
1460 1645 1542 1674 atque
1555 1640 1600 1666 illa
1615 1639 1694 1666 docet
1706 1645 1767 1673 qua:

968 1691 995 1718 in
1013 1696 1088 1718 textu
1103 1690 1204 1724 scripta
1225 1693 1299 1716 sunt.
1317 1687 1435 1716 Constit.
1461 1687 1478 1714 5
1507 1687 1549 1714 tit.
1561 1687 1579 1713 2
1591 1685 1764 1713 Novellarnm

968 1742 1010 1765 est
1034 1736 1139 1764 novella
1156 1734 1302 1763 Justiniani
1323 1734 1386 1765 151,
1405 1732 1558 1769 posita[que
1578 1731 1630 1768 est]
1662 1731 1690 1758 in
1715 1730 1765 1758 lib.
1808 1771 1811 1774 γ

120 1778 237 1810 νιάνειος
266 1777 323 1813 ρλα¹
339 1777 454 1813 κειμένη
470 1778 500 1804 ἐν
524 1778 618 1814 βιὸλίῳ
645 1778 699 1804 τῶν
721 1778 872 1805 Βασιλικῶν
885 1780 915 1810 ε’,

974 1782 1051 1809 Basil.
1069 1790 1096 1814 ν,
1119 1781 1161 1809 tit.
1182 1781 1208 1808 5.
1237 1780 1305 1807 Dicit
1327 1783 1417 1806 autem
1441 1779 1458 1806 ι
1486 1777 1608 1811 eiusdem
1636 1777 1678 1803 lit.
1703 1782 1765 1810 cap.

119 1825 173 1851 τίτ.
190 1824 215 1859 γ’
226 1832 234 1840 ⁸
251 1824 325 1859 λέγει
343 1825 372 1851 δὲ
388 1825 418 1851 τὸ
431 1825 452 1851 δ’
468 1825 614 1859 κεφάλαιον
638 1824 685 1851 τοῦ
712 1824 795 1852 αὑτοῦ
823 1825 914 1852 τίτλου

119 1870 171 1897 ὅσα
186 1871 227 1902 είς
253 1871 284 1897 τὸ
305 1870 432 1905 κείμενον
455 1870 676 1905 συνωψίσθησαν.
697 1871 729 1897 Ἦ
743 1874 767 1897 α’
780 1871 851 1898 διάτ.
867 1870 914 1898 τοῦ

121 1917 143 1952 β’
159 1917 212 1944 τιτ.
224 1917 278 1944 τῶν
291 1917 417 1953 Νεαρῶν,
432 1917 490 1943 ἐστι
518 1925 582 1951 κεφ.
601 1916 616 1943 ι’
627 1917 677 1951 τῆς
698 1917 914 1944 Ίουστινιανείου

119 1961 143 1995 ζ’
156 1962 266 1997 νεαρᾶς,
289 1963 338 1989 οὐκ
355 1963 434 1998 ἐτέθη
449 1963 477 1990 δὲ
494 1963 534 1994 εις
547 1963 582 1989 τὰ
594 1962 736 1990 Βασιλικά.
759 1963 792 1990 Ἤ
806 1963 828 1998 β’
843 1963 913 1990 διάτ.

118 2009 167 2035 τοῦ
183 2007 206 2044 β’
217 2009 268 2037 τίτ.
281 2009 336 2036 τῶν
349 2009 475 2044 Νεαρῶν.
497 2008 556 2036 ἔστι
585 2009 670 2045 νεαρὰ
703 2009 915 2041 Ἰουστινιάνειος

120 2058 161 2090 ρκ’
177 2050 290 2090 κειμένη
304 2056 333 2082 ὲν
350 2055 444 2091 βιὸλίῳ
456 2055 511 2082 τῶν
520 2055 673 2082 Βασιλικῶν
683 2059 703 2082 ε’
720 2056 771 2082 τιτ.
788 2056 820 2091 β’.
833 2056 916 2091 φησιν

117 2100 188 2127 δὲτὸ
200 2103 231 2126 ιε’
242 2100 288 2127 τοῦ
317 2100 401 2127 αὐτοῦ
425 2100 479 2128 τίτ.
503 2109 566 2135 κεφ.
596 2101 646 2127 ὅσα
671 2101 712 2133 εἰς
742 2100 773 2127 τὸ
790 2101 916 2134 κείμενον

118 2146 293 2182 ἐγράφησαν.
315 2147 347 2173 Ἠ
363 2146 404 2182 λη’
425 2146 496 2174 διάτ.
526 2146 574 2173 τοῦ
588 2149 612 2180 γ’
628 2147 681 2173 τίτ.
700 2145 748 2173 τοῦ
771 2150 795 2172 α’
813 2146 915 2181 βιὸλίου

116 2193 165 2220 τοῦ
191 2193 306 2225 κώδικος
332 2193 382 2220 οὐκ
399 2193 478 2228 ὲτέθη
504 2193 543 2225 είς
556 2193 591 2219 τὰ
606 2192 746 2220 Βασιλικάι
765 2192 832 2220 Οὐδὲ
848 2194 865 2228 ἡ
883 2185 917 2227 ιγ’

116 2239 186 2266 atat.
202 2239 249 2266 τοῦ
260 2238 283 2266 α’
294 2239 346 2267 τίτ.
379 2239 433 2266 τῶν
445 2239 560 2275 Νεαρῶν
574 2237 643 2266 οὖσα
658 2239 871 2270 Ἰουστινιάνειος
883 2242 915 2270 ε’,

968 1833 1141 1861 qtuecunque
1163 1825 1188 1852 in
1209 1828 1284 1852 textu
1309 1822 1503 1859 compendiose
1524 1826 1588 1849 sunt
1606 1819 1763 1855 proposita-

967 1873 1062 1900 Const.
1081 1873 1090 1900 1
1122 1872 1163 1899 tit.
1193 1871 1212 1898 ‘2
1235 1870 1410 1898 Novellarum
1441 1873 1482 1896 est
1505 1875 1564 1902 cap.
1585 1867 1618 1894 10
1635 1864 1767 1893 Justinia-

970 1927 1027 1946 ηεαδ
1054 1919 1069 1945 7
1089 1918 1214 1945 ιιονθιιιιι.
1224 1917 1284 1944 Non
1309 1922 1450 1944 estantem
1469 1914 1587 1949 positum
1612 1913 1638 1940 in
1655 1912 1765 1939 Basilio.

968 1965 1088 1992 Canstit.
1099 1964 1117 1991 2
1138 1965 1180 1991 tit.
1194 1964 1212 1991 2
1224 1963 1397 1990 Novellarum
1409 1966 1452 1989 est
1464 1960 1568 1988 novella
1581 1960 1643 1993 120,
1664 1958 1768 1993 posita-

969 2010 1034 2047 [que
1055 2010 1106 2046 est]
1122 2010 1149 2037 in
1170 2010 1215 2037 lib.
1242 2009 1325 2036 Basil.
1349 2017 1376 2041 v,
1402 2008 1443 2035 tit.
1465 2007 1493 2034 '2.
1519 2007 1589 2034 Dicit
1612 2010 1702 2033 autem
1720 2005 1766 2037 15,

969 2055 1091 2090 ejusdem
1109 2056 1151 2082 til.
1173 2063 1235 2089 cap.
1248 2061 1420 2090 quaecunque
1435 2054 1462 2080 in
1480 2057 1556 2080 textu
1573 2052 1673 2086 scripta
1690 2055 1767 2078 sunt.

969 2100 1065 2128 (Σοιιει.
1089 2100 1123 2127 58
1154 2100 1194 2127 tit.
1216 2101 1233 2127 5
1259 2100 1306 2127 lib.
1335 2107 1342 2126 I
1364 2099 1432 2126 Cod.
1465 2106 1519 2125 non
1555 2102 1598 2125 est
1621 2097 1710 2132 posita
1738 2096 1766 2123 in

971 2146 1066 2178 Basil.,
1082 2154 1171 2181 neque
1186 2150 1276 2174 const.
1296 2146 1329 2173 15
1350 2146 1391 2172 ιίι.
1411 2146 1422 2172 1
1441 2144 1628 2175 Novellarum,
1644 2151 1706 2177 qua:
1723 2147 1764 2170 cst

971 2193 1076 2220 novella
1097 2192 1243 2221 Jnstiniani
1257 2193 1291 2227 5;
1314 2200 1403 2228 neque
1426 2195 1515 2220 const.
1541 2191 1576 2219 52
1596 2191 1638 2218 tit.
1653 2189 1730 2217 5111).
1752 2197 1761 2216 I

971 2239 1052 2274 Cod.,
1065 2247 1153 2274 neque
1166 2240 1211 2268 54.
1376 2238 1380 2241 ⁷

115 2285 178 2313 οὐδὲ
194 2287 211 2322 ἡ
226 2285 265 2322 νβ’
293 2285 364 2313 διά-ι.
382 2285 430 2312 τοῦ
444 2288 468 2321 γ’
479 2285 532 2314 τίτ.
549 2285 596 2313 τοῦ
615 2289 637 2312 α’
652 2285 755 2320 βιϐλίου
766 2285 814 2312 τοῦ
833 2284 961 2318 κώδικος,
971 2285 1034 2312 οὐδὲ
1050 2286 1066 2321 ἡ
1082 2285 1132 2314 νδ’.

152 2364 307 2399 Κείμενον.
335 2365 418 2401 KGH)
433 2366 500 2402 περὶ
519 2364 671 2401 ῥεπουδίων
688 2364 911 2399 διαλαμϐάνουσα

116 2410 168 2446 ριζ’
178 2411 274 2446 νεαρὰ,
294 2419 323 2438 κ,
336 2419 363 2438 τ.
375 2411 413 2444 λ.,
431 2419 517 2446 usque
531 2412 564 2438 ad
573 2411 669 2447 ὥσπερ
685 2411 731 2438 καὶ
739 2411 784 2438 ὅτε
798 2412 835 2447 μὴ
846 2413 911 2438 παῖ-

113 2457 163 2487 δας
187 2457 256 2492 μήτε
283 2457 371 2492 γονεῖς
399 2458 416 2492 ἡ
445 2457 515 2493 γυνὴ
537 2457 597 2494 ἔχῃ.

150 2514 290 2548 Σχόλιον.
313 2513 346 2540 Ἣ
357 2513 409 2549 ριξ¹
436 2513 522 2550 νεαρὰ
536 2514 582 2540 τοῦ
597 2514 728 2550 βασιλέως
751 2515 909 2542 Ἰουστινια-

113 2559 161 2586 νοῦ
191 2559 271 2595 ἐτέθη
285 2560 325 2591 εἰς
343 2559 391 2586 ἀπ’
409 2560 497 2595 ἀρχῆς
516 2560 562 2586 τοῦ
579 2561 601 2587 θ’
613 2570 676 2596 κεφ.
693 2563 733 2593 εὶς
748 2561 794 2589 τὸν
820 2561 842 2593 ζ’
855 2562 909 2588 τίτ.

112 2605 161 2632 τοῦ
191 2608 233 2640 κη’
257 2605 360 2640 βιϐλίου
385 2605 439 2632 τῶν
463 2605 627 2632 Βασιλικῶν.
655 2606 742 2633 Τοῦτο
758 2606 786 2633 δὲ
800 2607 830 2633 τὸ
846 2615 910 2641 κεφ.

113 2652 295 2688 παρελείφθη.
320 2651 366 2678 καὶ
381 2652 415 2678 ob‘
438 2651 615 2686 κατεστρώθη
644 2653 684 2683 εἰς
701 2653 736 2679 τὰ
768 2653 911 2680 Βασιλικά.

120 2698 268 2733 Ἐτέθησαν
282 2698 342 2725 ἀντὶ
352 2697 447 2724 τούτου
465 2699 493 2724 ὲν
504 2697 543 2733 τῷ
558 2697 632 2732 αὐτῷ
643 2697 666 2730 ζ’
679 2698 731 2726 τίτ.
749 2698 830 2734 χάριν
854 2699 910 2725 τῶν

113 2744 233 2779 εὐλόγως
247 2744 387 2780 λυομένων
400 2744 588 2777 συνοικεσίων,
600 2744 647 2770 καὶ
661 2745 714 2772 τῶν
731 2746 909 2781 ἐπαγομένων

114 2790 217 2817 ποινῶν
247 2790 319 2818 κατὰ
336 2790 390 2817 τῶν
408 2790 561 2824 ἀνευλόγως
576 2790 694 2818 λυόντων
708 2792 778 2818 αὐτὰ
792 2792 911 2829 διάφορα.

114 2845 177 2871 κεφ.
192 2837 225 2863 ἐκ
238 2845 267 2864 τε
280 2838 329 2872 τῆς
358 2840 410 2872 ρια¹
443 2837 544 2872 νεαρᾶς
568 2836 618 2871 τῆς
641 2837 681 2872 κβ’
712 2838 759 2864 καὶ
790 2839 909 2874 ἐτέρων·

114 2883 164 2910 καὶ
174 2883 252 2917 ζήτει
268 2883 314 2909 τὸν
325 2883 385 2911 ὅλον
397 2883 493 2910 τοῦτον
507 2883 529 2915 ζ’
545 2882 598 2911 sit.
616 2884 680 2919 περὶ
695 2883 800 2916 λύσεως
812 2886 910 2921 γάμων

114 2927 345 2964 διαλαμϐάνοντα.
378 2964 380 2966 τ
882 2928 884 2930 ’

999 2362 1107 2392 Tutus.
1126 2363 1159 2392 Et
1176 2372 1236 2400 quae
1254 2365 1288 2393 de
1304 2366 1430 2402 repudio,
1446 2370 1509 2394 etc,
1520 2373 1600 2401 usque
1616 2364 1651 2392 ad
1665 2363 1763 2392 mulier

962 2409 1055 2446 liabet,
1071 2415 1099 2436 ut
1114 2418 1174 2446 pag.
1187 2411 1250 2439 859.

998 2515 1148 2545 Scholium.
1185 2516 1296 2544 Novella
1331 2517 1503 2553 imperatoris
1535 2517 1682 2545 Justiniuni
1708 2517 1760 2544 117

964 2565 1052 2599 po~ita
1073 2569 1115 2591 est
1141 2563 1176 2591 ab
1203 2563 1281 2590 initio
1305 2571 1366 2599 cap.
1389 2564 1406 2591 9
1425 2564 1453 2591 in
1485 2565 1501 2591 7
1524 2564 1565 2591 tit.
1590 2564 1638 2591 lib.
1669 2571 1754 2591 xxvnt

963 2611 1046 2638 anil.
1065 2611 1121 2638 Hoc
1137 2616 1228 2638 autem
1248 2619 1309 2646 cap.
1325 2611 1457 2638 omissum
1471 2616 1523 2643 est,
1545 2615 1572 2638 et
1593 2619 1646 2638 non
1670 2611 1758 2638 inser-

966 2661 1021 2683 tum
1041 2656 1122 2684 Basd.
1142 2656 1194 2684 Sed
1211 2665 1259 2692 pro
1286 2657 1338 2684 hoc
1361 2657 1387 2684 in
1411 2657 1506 2683 eodem
1523 2657 1538 2682 7
1556 2657 1597 2684 tit.
1613 2656 1648 2683 de
1665 2656 1760 2682 matri-

967 2702 1067 2730 moniis
1089 2702 1163 2736 justa
1189 2702 1223 2730 dc
1248 2710 1331 2730 causa
1352 2702 1547 2733 dissolvendis,
1569 2709 1601 2728 ac
1619 2702 1652 2729 de
1667 2701 1758 2736 pontis

964 2756 1025 2783 qum
1049 2749 1117 2775 citra
1142 2749 1275 2775 rnliuncm
1301 2749 1345 2776 illa
1370 2749 1563 2776 dirimentibus
1586 2747 1757 2782 inﬂigumur.

963 2794 1047 2821 multa
1062 2801 1094 2820 ex
1114 2794 1159 2820 111
1183 2794 1290 2821 novclla
1305 2799 1331 2821 et
1344 2794 1390 2826 22,
1405 2799 1433 2822 ct
1446 2794 1508 2821 aliis
1522 2793 1607 2828 posita
1622 2797 1757 2826 suntcap.

965 2842 1078 2874 Qua-ras
1108 2846 1199 2867 aulcm
1219 2840 1234 2866 7
1252 2841 1295 2868 tit.
1317 2846 1402 2868 totum
1417 2841 1449 2867 de
1462 2840 1599 2867 solutione
1615 2840 1759 2867 matrimo-

963 2887 1071 2915 niorum
1090 2891 1262 2916 tractantan
