1951 3048
192 150 259 183 1151

779 148 912 179 PHOTII
933 148 1187 179 PATBIARCHM
1206 149 1260 179 CP-

1768 148 1834 180 1152

223 208 332 236 Τετιιω.
351 208 382 234 Et
395 212 486 234 coast.
513 207 531 234 2
548 206 589 234 tit.
610 207 622 234 l
652 206 825 233 Novellarum
839 206 877 233 ait
891 216 897 233 :
913 206 984 234 Cum

1048 205 1205 240 Κείμενον.
1220 205 1274 231 Καὶ
1289 204 1312 240 β’
1324 204 1396 232 διάτ.
1412 204 1461 232 τοῦ
1475 204 1562 232 α’τίτ.
1577 205 1633 233 τῶν
1645 205 1770 240 Νεαρῶν,
1785 215 1835 242 φη-

187 262 295 288 servus,
309 258 375 286 etc.,
391 261 473 288 usque
489 254 524 280 ad
541 251 667 288 [aliquid]
681 253 775 284 donet,
795 257 824 278 ut
839 260 901 287 pag.
919 251 984 285 842,

187 300 250 327 812.

223 345 369 373 Srholium.
399 345 516 372 Constit.
542 344 615 372 2tit.
648 343 659 371 1
681 343 857 371 Novellarum
874 348 917 371 est
935 351 986 371 no—

186 392 256 419 vella
276 391 422 419 Iustiniani
444 391 496 418 125
513 391 658 425 positaque
673 395 716 417 est
729 391 763 417 ab
782 390 861 417 initio
879 390 913 418 52
940 390 985 417 sui

186 447 247 473 cap.
265 438 292 465 in
312 438 354 466 tit.
374 438 384 464 l
402 437 452 465 lib.
468 438 485 464 4
501 437 585 465 Basil.
616 437 704 472 Leges
720 441 810 464 autem
831 444 892 471 cap.
905 437 986 464 51ιιι-

187 485 235 519 jus
262 485 303 511 tit.
329 484 387 511 sive
411 483 526 511 nOVellae
549 491 611 518 cap.
631 483 676 515 51,
701 483 774 518 quod
793 484 927 511 insertum
944 487 986 511 est

187 532 293 560 scholio
320 532 356 559 32
382 539 443 567 cap.
473 532 516 559 tit.
539 531 556 558 9
580 532 723 567 praesentis
745 532 846 566 operis.
866 530 986 558 Proinde

188 586 223 605 ne
249 578 376 606 monachi
406 583 434 605 et
461 578 619 605 monastrim
645 577 728 604 simul
759 577 896 609 habitent‘,
920 577 986 604 dicit

186 623 276 650 thema
289 623 306 650 2
321 630 382 658 cap.
401 623 418 649 4
446 623 489 651 tit.
514 623 526 649 1
543 623 590 650 lib.
607 631 632 650 tv
642 623 740 655 Basil.,
754 623 827 658 quod
839 626 882 650 est
894 623 986 649 thema

185 669 203 695 '2
229 676 290 703 cap.
319 669 354 696 55
368 669 481 696 novellae
507 668 670 696 .lustinianae
688 668 750 701 H5,
766 676 939 703 quaecunque
956 668 984 695 in

188 719 261 741 textu
279 714 474 748 compendiose
499 714 639 749 proposita
656 718 731 741 sunt.
754 715 791 742 De
813 714 846 741 iis
870 714 916 749 qui
933 714 985 741 sub

186 761 345 788 conditiOne
375 761 546 788 matrimonii
582 765 630 788 aut
660 768 715 788 non
745 760 984 796 suscipiendorum

186 807 338 834 liberorum
368 807 458 842 legato
489 807 531 834 vel
566 806 739 834 restitutione
772 806 876 842 gravati
903 811 982 839 sunt,

186 853 381 889 compendiose
413 853 555 889 proposuit
588 853 755 888 palriarcha,
790 853 863 881 circa
900 853 982 881 linem

1037 251 1080 278 σὶν
1091 260 1118 278 κ.
1131 259 1159 278 τ.
1173 251 1212 284 λ.,
1228 258 1317 286 usquc
1329 250 1363 278 ad
1373 251 1398 278 sl
1413 251 1451 287 μὴ
1463 250 1534 278 ἑκών
1544 260 1588 283 τις
1598 251 1638 288 τῷ
1648 252 1736 287 ἑτέρῳ
1748 251 1835 288 δωρὴ-

1036 306 1127 333 σηται.

1072 343 1212 379 Σχόλιον.
1231 343 1263 370 Ἦ
1277 342 1299 378 β’
1312 343 1383 370 διάτ.
1398 342 1447 370 τοῦ
1462 346 1487 370 α’
1498 343 1552 370 τίτ.
1565 343 1619 370 τῶν
1634 343 1762 379 Νεαρῶν,
1777 344 1834 372 ἔστι

1035 390 1121 425 νεαρὰ
1142 389 1360 421 Ἰουστινιάνειος
1376 392 1437 424 ρκγ¹
1449 389 1498 415 καὶ
1530 389 1609 424 ἐτέθη
1624 390 1671 416 ἀπ’
1683 390 1772 426 ἀρχῆς
1786 391 1832 418 τοῦ

1036 432 1076 468 νβ’
1089 442 1152 467 κεφ.
1169 433 1256 468 αὐτῆς
1275 434 1315 464 εἰς
1328 433 1382 461 τίτ.
1398 436 1422 460 α’
1434 433 1482 460 τοῦ
1502 433 1524 460 δ’
1539 433 1642 468 βιὸλίου
1655 435 1708 462 τῶν
1727 435 1833 463 Βασιλι-

1035 479 1103 506 κῶν.
1118 479 1172 506 Καὶ
1189 479 1329 514 ἀνάγνωθι
1341 479 1371 506 τὸ
1385 483 1409 513 γ’
1425 488 1489 514 κεφ.
1500 479 1548 506 τοῦ
1564 481 1686 508 τοιούτου
1703 482 1755 509 τίτ.
1773 483 1833 518 ἦτοι

1036 532 1099 558 κεφ.
1114 522 1150 550 νδ⁹
1167 524 1216 559 τῆς
1237 524 1341 559 νεαρᾶς
1354 524 1549 560 καταστρωθὲν
1566 526 1606 556 είς
1621 526 1652 552 τὸ
1665 527 1772 562 σκόλιον
1783 527 1828 555 τοῦ

1035 569 1076 605 λβ¹
1091 579 1155 604 κεφ.
1170 570 1217 597 τοῦ
1235 570 1321 598 θ’τίτ.
1335 570 1384 597 τοῦ
1399 571 1535 606 παρόντος
1549 573 1750 608 συντάγματος.
1764 574 1831 610 Περὶ

1034 616 1063 643 δὲ
1076 615 1125 643 τοῦ
1137 616 1175 652 μὴ
1191 617 1276 643 οἰκεῖν
1302 616 1361 652 ἅμα
1382 617 1447 649 τοὺς
1465 618 1601 653 μοναχοὺς
1621 619 1670 645 καὶ
1684 620 1735 650 τὰς
1749 629 1829 655 μονα-

1036 662 1142 697 στρίας,
1158 662 1224 698 φησὶ
1238 662 1269 689 τὸ
1284 662 1308 697 β’
1329 662 1399 698 θέμα
1422 663 1470 689 τοῦ
1479 663 1505 690 δ’
1516 672 1580 699 κεφ,
1605 664 1653 692 τοῦ
1665 668 1689 692 α’
1701 665 1754 694 τίτ.
1785 666 1830 693 τοῦ

1034 709 1056 735 δ’
1078 709 1181 743 βιϐλίου
1190 709 1243 736 τῶν
1261 709 1416 736 Βασιλικῶν
1428 709 1500 744 θέμα
1514 709 1536 745 β’
1549 710 1579 736 ὃν
1590 710 1638 737 τοῦ
1655 710 1692 737 vs’
1705 720 1769 746 κεφ.
1784 712 1832 746 τῆς

1036 756 1096 793 ρκγ¹
1115 757 1333 795 ’1ουστινιανείου
1345 758 1448 793 νεαρᾶί
1464 758 1515 784 ὅσα
1531 758 1572 790 είς
1585 758 1616 785 τὺ
1626 759 1756 794 κείμενον
1770 768 1832 786 συν-

1033 801 1204 837 ωψίσθησαν.
1219 802 1287 838 Περὶ
1299 802 1328 829 δὲ
1355 801 1411 828 τῶν
1436 801 1634 838 βεϐαρημένων
1662 803 1800 838 ληγάτων,
1813 804 1831 840 ἢ

1033 847 1256 874 ἀποκαταστάσει
1273 847 1326 874 ὑπὸ
1339 847 1446 883 αἵρεσιν
1467 847 1558 883 γάμου
1576 849 1592 884 ἢ
1609 849 1748 882 ἀπαιδίας,
1769 859 1834 878 συν·

185 906 250 933 cap.
267 899 279 925 1
298 899 341 925 tit.
354 898 372 926 2
392 899 535 933 praesentis
562 899 666 934 operis,
684 899 818 926 novellam
833 898 980 926 Justiniani

1043 893 1135 927 υψίσεν
1147 895 1161 920 ὁ
1173 893 1348 929 πατριάρχης
1375 893 1439 928 περὶ
1452 894 1486 921 τὰ
1498 894 1564 929 τέλη
1590 894 1638 922 τοῦ
1650 899 1675 922 α’
1693 904 1755 930 κεφ.
1781 896 1830 923 τοῦ

185 944 247 977 liii,
268 943 327 971 sive
348 944 365 971 5
387 952 449 979 cap.
470 944 513 972 tit.
537 944 550 971 1
568 944 616 973 lib.
647 953 673 972 Iv
695 944 790 976 Basil.,
808 944 882 979 quod
898 944 982 979 legas,

184 993 267 1024 atque
284 989 396 1024 insuper
410 997 472 1024 quae
488 989 532 1017 hic
543 990 737 1025 compendiose
752 989 894 1025 prop0sita
906 994 981 1023 sunt,

183 1041 246 1069 quae
256 1034 378 1069 ejusdem
391 1042 451 1070 cap.
470 1042 535 1070 pars
546 1039 621 1063 sunt.

220 1171 328 1199 Toxlus.
337 1171 403 1206 Quae
417 1171 451 1200 de
464 1172 574 1201 vivariis
586 1172 709 1207 disserit,
723 1178 789 1208 etc.,
802 1181 884 1210 usque
893 1173 927 1201 ad
940 1173 983 1202 di-
1014 1209 1017 1212 ν

183 1218 324 1250 viduntur,
336 1223 364 1245 ut
381 1226 442 1254 pag.
458 1218 522 1246 842.

219 1309 367 1338 δεΙιοίίιιπι.
387 1309 423 1338 De
441 1310 552 1338 vicariis
565 1309 580 1338 11
585 1311 737 1339 ustinianea
751 1311 814 1339 151.
828 1316 918 1339 const.
933 1319 983 1347 po-

183 1357 236 1385 sita
248 1357 327 1384 estin
351 1357 470 1384 themate
486 1357 504 1383 2
517 1365 579 1392 cap.
596 1357 608 1384 1
626 1358 667 1385 tit.
684 1358 699 1384 ’1
719 1358 764 1385 lib.
782 1366 866 1386 xxvnl
882 1359 980 1392 Basil.,

183 1403 255 1437 quod
280 1403 363 1438 legas.
387 1401 436 1430 Hic
458 1403 531 1430 enim
559 1402 662 1431 inserta
681 1412 735 1431 non
758 1409 831 1439 sunt,
848 1406 979 1440 quoniam

187 1454 245 1476 tum
267 1449 322 1482 hic,
342 1454 399 1476 tum
416 1449 442 1475 in
458 1449 475 1476 4
488 1456 548 1484 cap.
565 1450 607 1476 tit.
625 1450 658 1477 15
671 1451 814 1485 praesentis
834 1453 937 1487 operis,
951 1453 979 1480 in

182 1493 347 1528 compendio
363 1497 428 1521 sunt
440 1494 590 1529 proposita.
606 1495 645 1523 Ac
664 1496 791 1525 similiter
812 1498 919 1526 novella
949 1499 978 1526 17

183 1540 210 1566 in
237 1539 400 1574 compendio
426 1545 469 1567 est
492 1541 652 1575 proposita:
677 1550 759 1577 quam
783 1543 866 1570 etiam
891 1544 978 1579 legas.

183 1586 230 1613 Illa
247 1594 311 1614 vero
324 1586 358 1614 de
371 1586 498 1613 adulterii
515 1591 658 1620 accusato,
673 1587 721 1622 qui
737 1596 784 1623 per
797 1589 977 1623 proditionem

180 1630 283 1667 judicia
301 1639 396 1666 paanas
414 1631 553 1667 ell‘ugerit,
572 1640 626 1659 non
651 1637 716 1660 sunt
739 1634 827 1668 posita
851 1635 878 1661 in
896 1635 979 1663 Basil.

183 1677 272 1712 Li‘gas
306 1675 416 1712 [vero]
448 1676 532 1703 etiam
570 1676 706 1704 nm'ellaui
737 1677 773 1705 52
804 1679 981 1714 Imperatoris

183 1723 278 1751 doumi
299 1721 400 1750 Leonis
418 1721 576 1757 philosophi
601 1722 730 1759 [cognitu
749 1725 836 1762 sane]
861 1726 982 1755 maxime

186 1769 383 1798 necessariam.

219 1815 296 1843 CAP.
314 1816 346 1843 ll.
358 1831 394 1837 -—
408 1816 444 1844 De
459 1817 492 1844 iis
508 1817 554 1852 qui
569 1824 602 1844 ea:
616 1816 680 1844 alii:
694 1817 868 1845 monasteriis
880 1826 983 1853 prmu-

185 1861 222 1888 ίκε
237 1866 283 1888 aut
302 1862 391 1889 clerici
403 1863 484 1896 fiunt.

221 1908 337 1936 Concilii
351 1908 579 1945 Carthaginensis
589 1917 678 1938 canon
693 1909 728 1938 80
738 1919 746 1944 ς
757 1910 869 1938 concilii
880 1909 983 1939 Nicaeni

188 1955 304 1982 st-cumli
321 1963 410 1983 canon
424 1956 470 1985 21.

993 1568 1016 1599 C

221 2009 299 2037 CAP.
322 2010 365 2037 111.
381 2026 416 2031 --
431 2011 470 2039 De
487 2012 570 2039 cervis
583 2013 629 2047 qui
645 2012 769 2039 monachi
788 2013 869 2048 ﬁunt,
887 2018 914 2041 et
927 2015 984 2049 pie-

185 2058 250 2084 ιηιίε
276 2063 407 2093 prauequ
431 2059 553 2087 dominos
580 2065 770 2094 contemnunt,
796 2069 877 2096 neque
907 2061 984 2098 [illis]

186 2105 314 2133 serviunt.

223 2160 336 2188 Concilii
360 2159 530 2196 Gaugrensis
546 2170 634 2190 canon
658 2163 691 2197 5;
712 2164 822 2192 concilii
845 2165 916 2192 sexti
938 2172 985 2192 ca-

187 2214 242 2233 non
258 2206 308 2240 85;
325 2208 434 2234 concilii
451 2208 684 2238 Chalcedonensis
696 2218 784 2238 canon
802 2211 829 2238 4.

225 2262 334 2291 Texlus.
352 2263 449 2292 Const.
467 2265 501 2293 56
529 2266 571 2293 tit.
589 2267 605 2293 5
622 2267 669 2294 lib.
687 2267 699 2294 1
717 2266 785 2295 Cod.
804 2267 842 2294 ait
869 2276 877 2294 :

187 2308 245 2342 qui,
269 2314 336 2342 εις..
354 2318 435 2345 usque
457 2311 492 2338 ad
517 2312 646 2340 domlnus
675 2313 766 2348 capit,
790 2319 818 2340 ut
839 2321 902 2349 pag.
919 2314 983 2346 815,

188 2354 251 2381 866.

225 2407 372 2435 εειιοιίιιιη.
392 2409 509 2437 Constil.
531 2410 566 2437 56
585 2411 626 2438 tit.
653 2412 670 2439 δ
689 2412 736 2439 lib.
760 2412 851 2440 lCod.
873 2422 927 2441 non
945 2404 986 2442 est

188 2451 277 2486 posita
298 2452 323 2478 in
346 2452 440 2487 Basil.,
457 2462 547 2490 neque
564 2455 610 2489 57,
627 2464 716 2492 neque
732 2457 821 2494 [item]
837 2465 926 2486 const.
941 2460 984 2492 15,

190 2500 231 2524 tit.
248 2498 258 2524 l
280 2497 464 2532 Novellarum,
478 2509 540 2536 quae
555 2507 598 2529 est
615 2504 722 2531 novella
736 2503 884 2532 Justiniani
903 2506 929 2534 5.
949 2507 987 2534 De

189 2544 278 2571 servis
293 2550 395 2576 autem.
408 2547 455 2578 qui
476 2547 568 2576 clerici
588 2549 628 2576 vel
645 2551 771 2578 monachi
797 2551 875 2585 fiunt,
893 2558 936 2580 aut
952 2553 985 2580 ad

189 2591 372 2626 episcopalem
398 2592 558 2626 dignitatem
589 2596 750 2629 procedunt,
781 2597 839 2632 lege
863 2598 898 2625 56
925 2606 985 2633 cap.

192 2641 232 2662 ιιι.
253 2637 263 2663 1
282 2638 425 2672 praesentis
452 2639 562 2673 operis,
584 2649 700 2677 qumque
723 2642 749 2669 in
768 2642 827 2678 ipso
850 2643 988 2679 [compre—

192 2683 372 2719 ilt‘nix'llllilll‘].
390 2689 417 2711 et
433 2686 567 2713 novellam
592 2687 766 2721 imperatoris
780 2689 873 2716 domni
891 2689 988 2719 Leonis

192 2729 246 2763 phil
268 2729 346 2764 sophi
367 2730 408 2757 ll.
427 2731 533 2758 Etenim
545 2732 641 2760 horum
658 2734 740 2762 etiam
755 2735 782 2762 in
796 2736 868 2764 dicto
883 2736 917 2764 56
926 2745 986 2773 cap.

192 2775 357 2802 mentione’m
375 2776 501 2806 fecimus.

230 2866 376 2897 Scholium.
396 2870 530 2917 Conso}
557 2873 598 2902 tit.
620 2874 630 2902 l
651 2873 827 2904 Novellarum
858 2880 899 2905 est
936 2885 986 2905 no-

903 2267 982 2300 Quo-l
995 2245 1023 2275 Β

1035 939 1058 975 β’
1069 939 1122 978 τίτ..
1151 939 1199 966 τοῦ
1215 939 1350 975 παρόντος
1363 939 1554 974 συντάγματος
1570 941 1620 976 τὴν
1639 944 1699 977 ρκγ⁴
1722 941 1833 969 Ίουστι-

1033 986 1150 1014 νιάνειον
1176 986 1288 1021 νεαρὰν,
1313 985 1377 1021 ἦτοι
1393 986 1424 1012 τὸ
1439 984 1459 1012 ε’
1470 995 1534 1021 κεφ.
1567 986 1614 1014 τοῦ
1632 991 1656 1014 α’
1669 987 1724 1016 τίτ.
1751 988 1798 1015 τοῦ
1810 987 1834 1016 δ’

1034 1031 1138 1067 βιϐλίου
1166 1032 1221 1059 τῶν
1236 1032 1400 1059 Βασιλικῶν.
1417 1032 1473 1058 Καὶ
1486 1032 1625 1067 ἀνάγνωθι
1650 1034 1740 1061 τοῦτο.
1760 1035 1834 1070 Πρὸς

1033 1078 1061 1105 δὲ
1073 1078 1164 1106 καὶτὰ
1175 1078 1294 1105 ἐνταῦθα
1312 1077 1510 1113 συνοψισθέντα
1526 1079 1612 1116 μέρος
1639 1080 1705 1108 δντα
1720 1081 1768 1108 τοῦ
1781 1082 1835 1108 αὺ-

1031 1124 1079 1151 τοῦ
1093 1134 1157 1159 κεφ.

1067 1172 1223 1206 ιιέίμεγον.
1242 1171 1275 1200 Ἦ
1289 1172 1317 1200 δὲ
1334 1173 1399 1210 περὶ
1419 1173 1619 1210 τοποτηρητῶν
1647 1174 1832 1210 διαλεγομένη

1033 1217 1088 1252 ρλδ¹
1105 1217 1201 1252 νεαρὰ,
1220 1219 1303 1253 φησὶν
1320 1228 1347 1246 κ.
1359 1229 1384 1247 τ.
1399 1220 1437 1254 λ.,
1456 1228 1545 1256 usque
1562 1220 1596 1248 ad
1616 1220 1663 1246 καὶ
1683 1220 1736 1247 τῶν
1762 1221 1835 1248 κατὰ

1030 1264 1113 1291 τόπον
1127 1265 1278 1300 ἀρχόντων.

1067 1312 1204 1346 Σχόλιον.
1225 1311 1257 1338 Ἡ
1274 1313 1339 1347 περὶ
1360 1313 1557 1348 τοποτηρητῶν
1587 1312 1643 1348 ρλδ¹
1667 1312 1753 1348 νεαρὰ
1784 1312 1832 1339 τοῦ

1036 1356 1226 1384 ’1ουστινιανοῦ
1235 1358 1314 1394 ἐτέθη
1332 1360 1371 1391 είς
1384 1359 1455 1393 θέμα
1467 1359 1490 1395 β’
1508 1359 1555 1387 τοῦ
1566 1363 1591 1386 α’
1601 1368 1666 1394 xeo,
1681 1359 1729 1385 τοῦ
1742 1359 1765 1391 ζ*
1777 1359 1830 1386 τίτ.

1030 1401 1077 1429 τοῦ
1100 1406 1142 1438 κη’
1173 1402 1277 1438 βιϐλίου
1299 1403 1361 1439 τῶν,
1376 1404 1539 1435 Βασιλικῶν,
1552 1405 1601 1431 καὶ
1613 1403 1749 1438 ἀνάγνωθι
1763 1403 1833 1430 ταύ-

1030 1457 1100 1484 την·
1131 1449 1249 1476 ἐνταῦθα
1276 1450 1374 1485 γὰρού
1390 1450 1580 1487 κατεστρώθη,
1607 1451 1648 1478 ὃτι
1675 1449 1832 1486 συνωψίσθη

1030 1491 1082 1522 ὧδὲ
1093 1503 1123 1521 τε
1137 1496 1184 1522 καὶ
1217 1496 1257 1527 εἰς
1270 1496 1301 1522 τὸ
1315 1496 1337 1522 δ’
1352 1505 1416 1531 κεφ.
1443 1496 1491 1524 τοῦ
1511 1500 1545 1532 ιγ’
1562 1497 1616 1524 τίτ.
1633 1497 1681 1524 τοῦ
1699 1497 1834 1532 παρόντος

1032 1541 1233 1576 συντάγματος.
1253 1541 1392 1574 Ὡσαύτως
1409 1542 1566 1578 συνωψίσθη
1583 1543 1630 1570 καὶ
1645 1544 1662 1578 ἡ
1679 1542 1729 1578 ριξ¹
1747 1543 1835 1578 νεαρᾶ

1031 1586 1064 1622 ἢν
1079 1588 1124 1614 καὶ
1156 1588 1303 1622 ἀνάγνωθι.
1321 1588 1362 1614 Τὰ
1378 1588 1407 1614 δὲ
1422 1589 1487 1624 περὶ
1519 1589 1566 1616 τοῦ
1595 1588 1836 1624 κατηγορηθέντος

1031 1633 1078 1659 ἐπὶ
1095 1633 1203 1669 μοιχείᾳ.
1228 1634 1276 1661 καὶ
1291 1634 1364 1661 κατὰ
1388 1635 1536 1671 προδοσίαν
1554 1635 1602 1662 τοῦ
1619 1634 1750 1662 δικαστοῦ
1765 1635 1837 1661 ἀπο-

1032 1679 1163 1714 φυγόντος
1177 1679 1226 1712 τὰς
1241 1680 1348 1713 ποινὰς,
1361 1681 1412 1708 οὐκ
1426 1681 1560 1716 ἐτέθησαν
1580 1681 1621 1713 εἰς
1634 1681 1669 1707 τὰ
1689 1680 1834 1715 βασιλικά.

1038 1726 1186 1760 ’Δνάγνωθι
1211 1727 1258 1754 καὶ
1279 1727 1329 1762 τὴν
1346 1726 1385 1761 λβ¹
1401 1727 1502 1762 νεαρὰν
1519 1727 1566 1753 τοῦ
1587 1726 1721 1762 βασιλέως
1736 1726 1837 1761 κυρίου

1031 1772 1145 1804 Λέοντος
1158 1773 1206 1800 ⁴τοῦ
1223 1773 1370 1808 φιλοσόφου
1387 1773 1610 1809 ἀναγκαιοτάτην
1630 1770 1723 1800 οὖσαν.

1072 1819 1199 1846 ΚΕΦΑΛ.
1212 1818 1250 1846 B’.
1262 1834 1299 1840 —
1326 1821 1396 1855 Περὶ
1429 1820 1490 1847 τῶν
1503 1820 1538 1853 ἐξ
1555 1820 1665 1854 ἐτέρων
1673 1829 1835 1855 μοναστη-

1030 1864 1106 1898 ρίων
1122 1864 1288 1899 γινομένων
1299 1864 1476 1900 ἡγουμένων
1494 1865 1513 1899 ἢ
1529 1864 1690 1898 κληρικῶν.

1069 1910 1183 1938 Συνόδου
1203 1911 1402 1947 Καρθαγέννης
1415 1910 1507 1939 κανὼν
1525 1914 1550 1938 π’
1565 1919 1572 1926 ‘
1591 1910 1702 1938 συνόδου
1714 1910 1839 1943 Νικαίας

1033 1957 1064 1984 τὺ
1080 1956 1102 1992 β’
1117 1956 1208 1984 κανὼν
1224 1956 1278 1985 κα¹.

1062 2014 1191 2041 ΚΕΦᾹΛ.
1223 2012 1262 2041 Γ.
1284 2029 1319 2034 —-
1335 2013 1406 2048 Περὶ
1428 2013 1548 2041 δούλων
1570 2013 1785 2048 μοναζόντων,
1816 2013 1838 2047 ἦ

1035 2059 1186 2094 προφάσει
1214 2060 1372 2092 εὐλαϐείας
1403 2060 1697 2095 καταφρονούντων,
1722 2059 1773 2086 καὶ
1791 2059 1839 2095 μὴ

1037 2106 1249 2134 δουλευόντων
1262 2106 1325 2139 τοῖς
1336 2106 1510 2140 δεσπόταις.

1073 2163 1187 2189 Συνόδου
1201 2161 1334 2197 Γαγγρῶν
1346 2161 1437 2188 κανὼν
1449 2165 1473 2196 γ’
1485 2170 1492 2177 ·
1507 2162 1617 2189 συνόδου
1629 2166 1655 2195 ς’
1670 2162 1762 2190 κανὼν
1774 2165 1818 2190 πε·
1831 2171 1839 2179 ·

1039 2210 1148 2236 συνόδου
1164 2209 1334 2244 Χαλκηδόνος
1346 2208 1437 2235 κανὼν
1451 2207 1483 2236 δ’.

1072 2268 1226 2302 Κείμενον.
1253 2265 1285 2293 Ἦ
1302 2266 1348 2298 λς’
1365 2265 1437 2292 διάτ.
1452 2264 1500 2292 τοῦ
1517 2269 1541 2300 γ’
1557 2265 1611 2293 τίτ.
1622 2265 1671 2292 τοῦ
1690 2268 1715 2293 α’
1730 2265 1841 2301 βιϐλίου

1036 2314 1083 2342 τοῦ
1104 2313 1229 2345 κώδικος,
1250 2313 1333 2348 φησὶν
1347 2321 1375 2339 κ.
1391 2321 1418 2339 τ.
1437 2311 1462 2340 λ.
1476 2320 1565 2347 usque
1576 2313 1609 2340 ad
1623 2313 1671 2340 καὶ
1685 2312 1732 2340 δύο
1748 2321 1842 2348 μονα-

1037 2361 1155 2396 στηρίων
1171 2360 1202 2387 οὐ
1219 2360 1323 2394 γίνεται
1351 2359 1431 2390 αὐτὸς
1456 2359 1617 2395 ἡγούμενος.

1072 2418 1214 2452 Σχόλιον.
1240 2416 1272 2443 Ἦ
1282 2415 1326 2449 λς’
1342 2417 1412 2444 διάτ.
1440 2415 1488 2443 τοῦ
1513 2415 1537 2450 γ’
1549 2416 1601 2443 τίτ.
1628 2414 1677 2442 τοῦ
1693 2413 1718 2442 α’
1732 2415 1844 2450 βιϐλίου

1036 2464 1084 2492 τοῦ
1099 2464 1214 2496 κώδικος
1228 2464 1279 2490 οὐκ
1290 2463 1371 2500 ὲτέθη
1387 2464 1426 2495 είς
1437 2463 1470 2490 τὰ
1487 2463 1629 2493 Βασιλικὰ.
1646 2462 1707 2488 οὐδὲ
1722 2460 1760 2494 λζ’
1777 2463 1846 2501 οὐδὲ

1038 2512 1055 2547 ὴ
1069 2514 1103 2545 ιγ’
1125 2510 1196 2538 διάτ.
1209 2510 1256 2537 τοῦ
1274 2509 1297 2538 α’
1310 2511 1363 2538 τίτ.
1377 2509 1432 2536 τῶν
1444 2509 1571 2545 Νεαρῶν,
1583 2508 1667 2544 νεαρά
1676 2505 1745 2535 οὖσα
1770 2508 1847 2535 Ἴου.

1039 2557 1198 2589 στινιάνειος
1218 2556 1238 2584 ε’
1252 2565 1258 2572 ·
1274 2557 1338 2592 περὶ
1363 2557 1463 2583 δούλων
1484 2555 1679 2590 κληρουμένων
1706 2554 1847 2590 μοναζόν-

1038 2604 1130 2640 των,ἢ
1146 2604 1192 2630 καὶ
1205 2605 1244 2635 εἰς
1260 2603 1439 2631 ὲπισκοπικὺν
1456 2602 1566 2637 ἀξίωμα
1580 2601 1845 2637 προσιὸαζομὲνων,

1038 2647 1176 2682 ἀνάγνωθι
1190 2647 1223 2674 τὸ
1240 2647 1284 2680 λς’
1310 2657 1374 2682 κεφ.
1394 2646 1441 2675 τοῦ
1454 2650 1478 2674 α’
1500 2647 1553 2675 τίτ.
1569 2646 1617 2673 τοῦ
1630 2646 1764 2681 παρόντος
1776 2654 1848 2674 συν-

1039 2693 1191 2729 τάγματος,
1209 2694 1258 2720 καὶ
1273 2693 1307 2721 τὶ
1323 2696 1351 2720 ὲν
1363 2693 1450 2729 αὐτῷ,
1469 2693 1541 2728 “pb;
1555 2692 1585 2719 δὲ
1604 2692 1654 2728 τὴν
1663 2691 1696 2724 θ’,
1714 2695 1730 2719 ι’
1742 2693 1792 2719 καὶ
1808 2693 1848 2720 ta.‘

1038 2739 1086 2766 τοῦ
1118 2739 1249 2775 βασιλέως
1261 2741 1357 2777 κυρίου
1372 2741 1487 2772 Λέοντος
1502 2738 1549 2765 τοῦ
1565 2738 1712 2773 φιλοσόφου
1727 2741 1849 2781 χεαριζν

1039 2786 1087 2813 καί
1111 2786 1214 2814 τούτων
1239 2787 1293 2823 γὰρ
1321 2787 1417 2822 μνείαν
1440 2786 1632 2822 ἐποιησάμεθα
1649 2787 1688 2818 είς
1703 2777 1850 2823 τῑρηθέἶι

1039 2833 1084 2865 λς’
1111 2841 1175 2868 κεφ.

1079 2879 1219 2913 Σμὸλιον.
1237 2879 1269 2907 ’11
1283 2879 1304 2915 β’
1319 2879 1388 2908 διὰτ.
1403 2879 1451 2907 τοῦ
1465 2878 1488 2908 α’
1501 2879 1552 2907 τίτ.
1569 2879 1625 2907 τῶν
1636 2879 1764 2915 Νεαρῶν,
1780 2878 1850 2906 ἔστι
