1951 3048
199 162 269 196 1155

233 218 309 247 CAP.
326 217 372 246 IX.
387 234 423 240 —
436 217 473 245 De
487 217 626 245 uitiatione
640 215 781 251 virginum.

233 265 349 294 Concilii
375 264 444 293 sexti
455 272 544 292 canon
558 264 594 297 4;
614 263 709 291 Basilii
732 269 819 289 canon
834 259 934 295 18,20,
953 260 998 288 60'.

201 311 274 348 Lege
286 311 474 340 adnotationcs
503 310 538 338 50
561 317 622 345 cap.
643 310 686 337 tit.
704 308 721 336 9
735 308 877 344 praesentis
896 307 998 342 operis.

233 413 311 442 CAP.
329 413 365 441 X.
379 428 414 433 -—
431 413 468 440 De
483 417 561 440 male
571 419 663 439 eorum
678 412 724 448 qui
742 411 863 438 habitum
878 415 997 443 sumunt,

195 464 222 487 et
241 458 389 494 cujusmodi
403 458 475 493 virgo
497 457 614 485 dicatur.

232 551 346 580 Concilii
365 549 594 586 Carthaginiensis
609 550 706 576 'eanon
725 548 794 579 I22,
812 547 863 575 126
879 556 887 581 ;
905 547 1000 574 conci-

197 597 228 625 Iii
243 598 315 625 sexti
333 604 423 624 canon
437 596 482 629 40,
497 595 543 628 41,
560 595 607 626 45,
622 595 677 628 65;
703 594 795 621 Basilii
810 601 898 621 cauou
917 593 962 620 18.

232 654 308 682 CAP.
326 654 372 682 XI.
387 669 422 675 —
438 653 476 680 De
499 652 636 680 monachis
660 651 705 686 qui
731 651 821 678 clerici
843 651 922 685 ﬁunt,
951 653 998 676 aut

197 703 325 738 profanos
337 702 449 729 honores
465 705 672 735 consequuntur,
691 703 739 725 aut
757 697 887 726 militant.

233 791 349 819 Concilii
365 789 467 818 Nicaani
486 797 573 817 canon
594 789 646 822 I2;
666 787 774 816 concilii
788 787 998 815 Chalcedonen-

201 839 241 866 sis
254 845 342 865 canon
360 837 375 862 7
389 845 397 870 ;
413 836 506 872 Cyrilli
520 845 553 863 ex
569 832 684 870 epistola
699 835 732 862 ad
744 834 835 870 Libya:
851 840 878 862 et
893 833 997 861 Penta-

774 158 908 190 PHOTII
927 158 1181 190 PATRIARCHE
1200 157 1255 189 (ΣΡ.

1012 218 1036 246 Α
1084 215 1212 242 ΚΕΦΑΛ.
1225 214 1301 242 ϐ’.-
1312 214 1382 249 Περί
1398 214 1511 250 φθορᾶς
1526 214 1614 250 ιερῶν
1627 215 1793 251 παρθένων.

1777 153 1845 187 1156

1087 261 1201 288 Συνόδου
1219 260 1256 293 ς’,
1280 260 1370 288 κανὼν
1381 260 1414 294 δ’,
1434 261 1575 288 Βασιλείου
1595 261 1686 288 κανὼν
1702 260 1747 297 ιη’,
1766 260 1801 295 κ’,
1815 261 1845 294 ξ’,

1051 308 1190 342 ἀνάγνωθι
1201 308 1251 339 τὰς
1265 307 1452 343 παραγραφὰς
1461 308 1508 335 τοῦ
1523 306 1545 334 λ’
1555 316 1619 342 κεφ.
1635 307 1682 335 τοῦ
1698 306 1720 334 θ’
1731 308 1785 335 τιτ.
1799 308 1845 335 τοῦ

1051 355 1186 390 παρόντος
1206 354 1407 389 συντάγματος.

1084 410 1212 437 ΚΕΦᾹΛ.
1233 411 1263 438 I'.
1282 425 1318 431 —-
1338 411 1407 445 Περὶ
1430 411 1544 445 χρόνου
1565 410 1620 445 τῆς
1644 411 1765 445 ἡλικίας
1788 411 1846 438 τῶν

1049 456 1267 491 λαμϐανόντων
1281 456 1314 483 τὸ
1322 456 1439 491 σχῆμα,
1452 456 1503 483 καὶ
1517 456 1590 483 ποία
1607 456 1726 492 λέγεται
1738 457 1846 492 παρθέ-

1070 511 1112 529 οε.

1070 511 1086 529 ο
1106 522 1112 529 .

1049 511 1069 530 ν
1085 513 1200 574 Ξυνόδου
1219 547 1417 583 Καρθαγέννης
1439 548 1530 575 κανὼν
1547 547 1619 585 ρκβ’,
1642 547 1721 584 ρκς’·
1737 549 1844 576 συνόδου

1051 591 1078 625 ς’
1090 592 1180 620 κανὼν
1196 592 1233 629 μ’,
1250 597 1305 628 μα’,
1323 592 1378 628 μγ¹.
1397 593 1455 629 με’·
1474 595 1615 621 Βασιλείου
1629 594 1720 622 κανὼν
1733 593 1779 630 ιη’.

1088 650 1213 678 ΚΕΦΑΛ.
1229 649 1282 677 lA'.
1292 664 1328 671 -
1340 651 1410 685 Περὶ
1424 651 1580 686 μοναχῶν,
1598 650 1762 685 γινομένων
1773 652 1846 685 κλη-

1044 695 1151 731 ρικῶν,
1175 696 1194 731 ἢ
1220 696 1334 724 λαῑκῶν
1358 697 1576 732 ἀξιωματικῶν,
1601 697 1621 731 ἢ
1648 697 1848 732 στρατειομέ-

1049 751 1120 770 νων.

1087 789 1201 816 Συνόδου
1217 789 1336 821 Νικαίας
1354 789 1443 816 κανὼν
1464 789 1512 825 ιβ’·
1541 790 1651 816 συνόδου
1674 790 1848 825 Χαλκηδόνος

1050 835 1140 862 κανὼν
1156 834 1192 867 ζ’·
1211 836 1346 870 Κυρίλλου
1364 838 1397 863 ὲκ
1410 837 1460 872 τῆς
1476 837 1544 872 πρὸς
1559 837 1623 868 τοὺς
1639 837 1669 863 ὲν
1682 836 1769 872 Λιὸύῃ
1780 857 1787 868 ,
1801 838 1850 864 καὶ

201 884 271 920 polis
291 884 436 918 episcopos
453 890 540 910 canon
556 882 583 909 2.
601 881 673 917 Lege
687 881 880 909 adnotationes
890 887 951 915 cap.
964 879 997 907 52

1066 882 1218 908 [ενταπόλει
1243 882 1410 914 ἐπισκόπους
1433 882 1594 917 ἐπιστολῆς,
1613 882 1702 909 κανὼν
1717 881 1749 918 β’.
1768 883 1849 910 Ἀνά-

201 930 244 958 ιίι.
259 930 275 958 9
291 929 434 965 plwseutis
450 930 551 964 operis.

235 1032 313 1061 CAP.
329 1031 387 1061 XII.
401 1032 482 1059 -—De
497 1032 530 1059 iis
546 1031 591 1067 qui
602 1031 750 1059 monastico
765 1031 859 1058 habitu
875 1036 999 1064 utuntur,

200 1087 234 1106 ac
252 1079 380 1106 damnant
397 1087 440 1106 eos
453 1079 498 1114 qui
518 1079 616 1106 vestitu
634 1078 767 1106 communi
780 1083 902 1106 aluntur.

235 1179 350 1208 Concilii
366 1179 533 1215 Gangrensis
547 1188 635 1207 canon
654 1179 697 1207 i2.

237 1225 345 1253 Textus.
365 1226 468 1254 Dicitur
487 1227 535 1254 lib.
555 1235 574 1260 ι,
595 1227 635 1254 tit.
649 1227 766 1260 4,const
779 1228 815 1256 ιε
833 1228 918 1263 Mimi,
933 1233 1000 1263 etc.,

201 1278 286 1305 usque
303 1270 338 1297 ad
348 1270 558 1303 exterminatur,
575 1276 602 1298 ut
616 1279 677 1306 pag.
693 1271 757 1300 865.

201 1363 205 1388 ξ
238 1361 385 1389 Scholium.
405 1360 522 1390 Cunslit.
543 1362 561 1389 4
583 1363 625 1390 tit.
653 1362 671 1390 4
700 1363 748 1391 lib.
764 1371 772 1391 ι
787 1364 856 1392 Cod.
877 1372 928 1392 non
959 1369 1001 1393 est

201 1408 291 1444 poma
307 1409 332 1435 in
351 1407 433 1434 Basil.
464 1407 559 1435 Const.
585 1409 602 1436 2
618 1409 660 1436 tit.
677 1409 688 1436 1
706 1408 882 1438 Novellarum
899 1417 940 1438 est
950 1418 1000 1438 uo-

200 1455 269 1482 vclla
293 1453 465 1481 Justiniauca
491 1453 560 1487 1'15,
589 1454 746 1490 pasitalque
777 1454 830 1491 est]
858 1455 886 1482 in
915 1455 952 1483 lib
974 1463 1000 1483 IV

202 1499 285 1527 Basil.
303 1499 431 1534 Ejusdem
459 1507 522 1527 vero
543 1500 654 1528 novella:
670 1508 730 1535 cap.
750 1500 798 1534 61,
812 1502 870 1528 sive
883 1502 916 1528 15
938 1509 998 1536 cap.

201 1546 324 1581 ejusdem
338 1547 386 1573 lib.
400 1551 427 1573 et
445 1546 486 1573 tit.
508 1547 574 1573 dicit
591 1547 623 1574 ad
646 1547 756 1582 longum
771 1568 779 1581 ,
800 1556 861 1582 quae
883 1549 909 1574 in
929 1555 999 1583 prae-

1016 919 1038 946 B
1054 929 1137 963 γνωθι
1150 929 1199 961 τὰς
1218 929 1402 964 παραγραφὰς
1434 929 1479 957 τοῦ
1494 928 1533 965 λβ¹
1551 938 1613 964 κεφ.
1627 930 1675 957 τοῦ
1691 931 1713 957 θ’
1728 931 1780 957 τίτ.
1801 930 1850 957 τοῦ

1054 975 1185 1010 παρόντος
1201 975 1402 1011 συντάγματος.

1089 1032 1216 1059 ΚΕΦΔΛ.
1239 1031 1288 1059 IB’.
1304 1048 1339 1052 —
1353 1033 1424 1067 Περὶ
1452 1033 1511 1060 τῶν
1534 1033 1694 1068 χρωμένων
1715 1033 1850 1068 σχήματι

1049 1077 1214 1112 μοναχικῷ,
1230 1077 1280 1105 καὶ
1294 1077 1582 1114 καταψηφιζομένων
1595 1078 1656 1106 τῶν
1667 1079 1756 1114 κοινῇ
1773 1088 1849 1114 1mm-

1049 1121 1150 1157 μένων
1164 1122 1280 1157 ἐσθῆτι.

1087 1179 1202 1206 Συνόδου
1217 1179 1345 1215 Γάγγρας
1359 1180 1450 1207 κανὼν
1464 1180 1510 1218 ιβ’.

1086 1225 1242 1260 Ife/War.
1265 1226 1379 1262 Εἴρηται
1394 1227 1489 1264 βιβλίῳ
1513 1227 1547 1261 α’,
1562 1228 1614 1256 τίτ.
1629 1228 1661 1261 δ’,
1675 1229 1745 1256 om.
1762 1228 1793 1260 δ’,
1808 1229 1850 1256 ὅτι

1050 1271 1076 1297 oi
1093 1273 1182 1307 μῖμοι,
1199 1280 1226 1300 κ.
1239 1281 1265 1300 τ.
1279 1272 1316 1306 λ.,
1331 1281 1416 1308 usque
1428 1275 1461 1302 ad
1477 1277 1649 1311 τιμωρεῖται,
1667 1277 1714 1303 καὶ
1728 1276 1850 1311 ἐξορίζε-

1049 1325 1105 1345 ται.

1086 1364 1225 1399 Σχόλιον.
1245 1365 1277 1392 Ἦ
1294 1366 1314 1392 δ’
1328 1365 1397 1394 διὰτ.
1411 1366 1458 1393 τοῦ
1474 1365 1494 1393 δ’
1510 1368 1562 1395 τίτ.
1580 1368 1629 1395 τοῦ
1649 1368 1675 1395 α’
1687 1369 1789 1404 βιϐλίου
1802 1370 1850 1397 τοῦ

1050 1409 1165 1441 κώδικος
1184 1411 1234 1436 οὐκ
1256 1411 1336 1447 ἐτέθη
1354 1413 1394 1443 είς
1415 1413 1450 1440 τὰ
1464 1413 1650 1441 Βασιλικά.Ἠ
1669 1414 1692 1450 β’
1706 1416 1776 1443 διάτ.
1801 1416 1851 1443 τοῦ

1050 1454 1075 1482 α’
1088 1456 1142 1483 τίτ.
1160 1457 1214 1483 τῶν
1235 1457 1359 1492 Νεαρῶν,
1384 1459 1442 1486 ἐστι
1465 1460 1549 1494 νεαρὰ
1560 1461 1773 1494 Ἰοωτινιάνειος
1791 1462 1852 1498 ρκ’γ

1050 1504 1165 1539 κειμένη
1188 1505 1217 1530 ὲν
1241 1503 1336 1540 βιϐλίῳ
1351 1504 1371 1531 δ’
1386 1505 1441 1532 τῶν
1455 1506 1615 1533 Βασιλικῶν.
1634 1508 1671 1534 Τὸ
1688 1508 1715 1534 δὲ
1735 1508 1771 1542 ξδ’
1785 1518 1851 1544 κεφ.

1050 1549 1099 1583 τῆς
1118 1550 1201 1585 αὐτῆς
1218 1552 1318 1586 νεαρᾶς
1330 1551 1390 1586 ἦτοι
1403 1552 1433 1578 τὸ
1449 1551 1483 1587 ιγ’
1502 1561 1564 1588 κεφ.
1582 1553 1629 1580 τοῦ
1647 1555 1731 1581 αὐτοῦ
1745 1555 1852 1590 βιϐλίου

201 1593 273 1621 senti
292 1592 323 1619 12
339 1600 400 1627 cap.
416 1593 609 1628 compendiose
622 1595 763 1628 proposita
795 1599 860 1621 sunt
877 1604 883 1621 ς
900 1595 997 1622 auidi-us

1066 1595 1100 1621 ιαὶ
1122 1595 1175 1622 τιτ.
1199 1597 1281 1630 φησὶν
1306 1598 1347 1628 εἰς
1370 1598 1472 1630 πλάτος
1492 1599 1527 1626 τὰ
1551 1600 1748 1635 συνοψισθέντα
1764 1603 1805 1633 είς
1821 1603 1854 1628 τὸ

200 1647 249 1667 eos
265 1640 311 1674 qui
328 1639 354 1666 in
372 1646 498 1666 saucium
514 1640 636 1667 habitum
650 1640 784 1674 illudunt,
797 1648 844 1675 per
856 1641 1002 1676 episcopos

200 1690 229 1713 et
247 1686 425 1720 magistratus
439 1686 544 1720 puniri.

238 1787 314 1816 CAP.
329 1787 400 1816 XIII.
415 1804 450 1810 —-
464 1789 503 1817 De
523 1790 632 1817 muliere
651 1790 739 1817 virilia
765 1790 941 1828 [indumenla]
957 1799 1002 1827 ge—

201 1838 299 1861 ﬂante.

240 1880 356 1908 Concilii
369 1880 536 1916 Gangrensis
554 1890 640 1910 canon
655 1882 698 1910 15.

239 1937 317 1966 CAP.
338 1937 407 1965 XIV.
424 1952 458 1959 -ι
472 1937 515 1966 Ne
532 1939 655 1967 mulieres
677 1940 814 1977 religionis
827 1951 889 1979 ergo
908 1944 1003 1972 deton-

204 1984 331 2011 deantur.

239 2030 356 2059 Concilii
370 2030 538 2067 Gangrensis
553 2040 642 2060 canon
661 2033 706 2061 17.

241 2086 318 2114 CAP.
336 2086 395 2114 XV.
407 2102 442 2107 —-
456 2087 493 2114 De
507 2095 536 2115 eo
547 2090 592 2124 qui
608 2095 739 2125 prwtexta
754 2090 890 2127 religionis
906 2092 1002 2121 liberos

205 2137 252 2159 aut
266 2137 389 2166 parentes
404 2141 456 2159 non
470 2133 529 2160 alit.

241 2177 355 2205 Concilii
370 2177 538 2213 Gangrensis
552 2187 642 2207 canon
660 2180 702 2213 15,
722 2181 765 2209 16.

239 2233 316 2261 CAP.
335 2233 404 2262 XVI.
421 2250 456 2254 —
469 2235 625 2271 Cujnsmodi
646 2238 737 2265 civilia
758 2241 863 2275 negotia
883 2241 922 2269 vel
939 2250 1002 2277 pro-

206 2281 357 2308 curationes
375 2281 496 2308 monachi
510 2283 582 2310 obire
596 2289 708 2318 possint.

242 2325 356 2353 Concilii
371 2326 602 2357 Chalcedonensis
629 2338 717 2358 canon
735 2332 762 2359 5.
789 2331 861 2369 Lege
885 2333 1000 2363 adnota-

208 2370 296 2399 lioues
311 2378 373 2407 cap.
389 2373 405 2400 5
424 2373 465 2400 tit.
483 2374 500 2401 ὅ
516 2377 658 2410 praesentis
671 2377 771 2412 operis.

1057 1641 1143 1675 παρὸν
1160 1640 1192 1676 ιβ’
1208 1650 1271 1676 κεφ.
1287 1643 1501 1679 προστιθέμενον
1513 1645 1556 1672 διὰ
1567 1646 1622 1673 τῶν
1633 1647 1791 1674 ἐπισκόπων
1804 1649 1854 1675 καὶ

1056 1687 1110 1712 τῶν
1124 1688 1263 1723 ἀρχόντων
1280 1689 1448 1722 καλάζεσθαι
1461 1692 1525 1724 τοὺς
1547 1691 1578 1719 τὺ
1601 1692 1679 1728 ἄτιον
1695 1694 1789 1730 σχῆμα
1803 1696 1855 1730 rip.-

1056 1733 1213 1766 παίζοντας.

1093 1789 1218 1816 ΚΕΦΛΛ.
1239 1787 1288 1816 II".
1306 1805 1342 1810 —
1356 1790 1426 1825 Περὶ
1451 1792 1594 1827 γυναικὸς
1621 1794 1777 1829 φορούσης
1799 1795 1855 1823 ἀν-

1057 1834 1152 1868 δρεῖα.

1091 1881 1206 1908 Συνόδου
1223 1882 1353 1919 Γάγτρας
1366 1884 1457 1911 κανὼν
1470 1885 1581 1917 δέκατος
1597 1887 1699 1921 τρίτος.

1093 1939 1220 1966 ΚΕΦΑΛ.
1237 1941 1333 1967 ιΔ’.-
1347 1942 1415 1976 Περὶ
1437 1942 1491 1969 τοῦ
1510 1942 1555 1978 μὴ
1575 1943 1686 1979 χρῆναι
1708 1945 1857 1980 γυναῖκας

1056 1985 1269 2020 ἀποκείρεσθαι
1285 1987 1336 2015 διὰ
1348 1988 1492 2023 ἄσκησιν.

1092 2032 1206 2059 Συνόδου
1221 2033 1349 2071 Γάγγρας
1366 2035 1456 2062 κανὼν
1472 2034 1515 2069 ιζ’.

1094 2092 1220 2120 ΚΕΦΑΛ.
1236 2092 1284 2121 ΙΕ’.
1298 2109 1335 2114 —
1354 2095 1425 2130 Περὶ
1449 2096 1503 2124 τοῦ
1526 2097 1674 2132 προφάσει
1692 2098 1860 2134 ἀσκήσεως

1054 2136 1098 2172 μὴ
1113 2139 1399 2174 τεκνοτροφοῡντος,
1415 2140 1435 2175 ἢ
1448 2144 1740 2178 πατροτροφοῦντος.

1093 2184 1206 2211 Συνόδου
1222 2185 1351 2221 Γάγγρας
1367 2187 1459 2214 κανὼν
1478 2191 1518 2220 ιε’,
1534 2187 1583 2221 ις’.

1093 2241 1218 2269 ΚΕΦΔΛ.
1229 2241 1289 2277 lq'.
1301 2257 1335 2266 ρ-
1345 2245 1420 2272 Ποῖα
1434 2247 1575 2274 πολιτικὰ
1585 2247 1754 2283 πράγματα,
1769 2249 1790 2285 ’ἣ
1802 2259 1860 2285 κη-

1017 2282 1039 2310 Ι)
1055 2286 1195 2322 δεμονίας
1207 2290 1234 2316 οὶ
1245 2290 1374 2324 μοναχοί
1389 2291 1534 2319 δύνανται
1547 2282 1690 2327 μετιέναι.

1090 2334 1204 2361 Συνόδου
1218 2335 1392 2372 Χαλκηδόνος
1406 2346 1469 2373 κεφ.
1485 2338 1520 2373 γ’.
1542 2340 1692 2375 Ἀνάγνωθι
1704 2342 1739 2368 τὰ
1764 2351 1861 2378 παρα-

1052 2380 1195 2416 γραφέντα
1210 2382 1239 2409 ὲν
1253 2382 1292 2418 τῷ
1306 2383 1331 2418 γ’
1344 2392 1407 2421 κεφ.
1423 2385 1471 2413 τοῦ
1483 2390 1508 2422 η’
1519 2387 1573 2416 τίτ.
1584 2388 1632 2416 τοῦ
1644 2390 1779 2425 παρόντος
1791 2400 1860 2419 συν-

1053 2428 1203 2464 τάγματος.
