1946 3076
97 199 101 202 ν
151 175 219 208 1157

633 175 921 208 ΝΟΜΟΟΑΝΟΝι-
941 176 1015 207 ΤΙΤ.
1036 176 1105 214 ΧΠ,
1128 176 1207 207 CAP.
1229 176 1254 214 Ι,
1274 176 1315 207 ΙΙ.

1720 175 1789 210 1158

667 336 873 380 ΤΙΤΛΟΣ
918 335 1268 380 ΔΩΔΕΚΑΤΟΣ.

529 427 610 455 ΠΕΡΙ
629 426 838 462 ΑΙΡΕΤΙΚΩΝ,
859 429 920 456 ΚΑΙ
941 429 1122 462 ΙΟΥΔΑΙΩΝ,
1142 428 1202 456 ΚΑΙ
1229 428 1405 457 ΕΛΛΗΝΩΝ.

957 521 992 530 ..-

647 591 884 630 TITULUS
922 592 1275 632 DUODECIMUS.

591 678 645 709 DE
663 679 900 717 HIERETICIS,
923 680 1072 712 JUDJEIS
1093 681 1145 711 ET
1166 680 1347 712 PAGANIS.

175 853 373 881 ΚΕΦΑΛΑΙΟΝ
387 852 426 881 Α’.
437 869 472 875 -
490 854 521 881 Τί
534 854 620 882 ἐστιν
632 855 748 889 αἵρεσις
759 855 808 882 καὶ
824 855 852 882 τί
863 856 928 891 σχί-

1016 854 1093 883 CAP.
1109 854 1129 883 1.
1143 870 1180 875 —-
1200 855 1271 888 Quid
1289 855 1325 882 sit
1343 855 1463 888 luet-esis,
1483 854 1547 890 quid
1574 854 1697 888 ultima.
1719 855 1782 891 quid

133 907 201 935 σμα
216 899 265 927 καὶ
278 900 306 927 τι
322 900 562 936 παρασυναγωτηὶ
568 922 574 930 .

174 946 314 973 Βασιλείου
330 945 420 973 κανὼν
434 945 469 974 α’.

138 994 151 1002 ⁷
173 1002 299 1029 ΚΕΦΑΛ.
317 1001 354 1029 13'.
364 1017 400 1022 -
414 1002 445 1029 τι
458 1002 545 1028 ἐστιν
556 1003 713 1036 αιρετικός.

170 1048 285 1075 Συνόδου
300 1048 612 1080 Κωνσταντινουπόλεως
625 1048 715 1076 κανὼν
729 1048 766 1081 ς’.

170 1096 324 1130 Κείμενον.
344 1094 376 1121 Ἦ
386 1097 410 1122 α’
420 1094 490 1121 διάτ.
503 1094 552 1121 τοῦ
565 1093 589 1121 α’
602 1094 656 1122 τίτ.
669 1094 716 1122 τοῦ
728 1094 752 1122 α’
764 1095 867 1130 βιϐλίου
880 1096 927 1123 τοῦ

132 1140 259 1174 κώδικος,
275 1141 369 1177 φησιν,
385 1149 413 1168 κ.
424 1149 450 1169 τ.
462 1140 500 1174 λ.,
517 1148 603 1176 usque
619 1141 651 1168 ad
666 1141 739 1176 λέγει
751 1143 814 1174 τοὺς
830 1142 866 1178 μὴ
882 1142 927 1169 δν-

132 1195 184 1218 τας
198 1186 384 1218 κοινωνικούς.

167 1234 308 1267 Σχόλιον.
326 1232 360 1259 Ἦ
377 1231 401 1260 α’
413 1232 483 1260 διάτ.
497 1232 543 1260 τοῦ
559 1232 583 1260 α’
597 1232 650 1260 τιτ.
661 1231 709 1259 τοῦ
724 1231 748 1259 α’
763 1232 865 1267 βιϐλίου
877 1233 924 1260 τοῦ

129 1277 258 1310 κώδικος,
275 1278 333 1305 ἐστι
354 1287 416 1314 imp.
433 1278 458 1305 a.’
472 1278 520 1305 τοῦ
540 1278 565 1305 α’
577 1279 630 1306 τιτ.
644 1278 691 1305 τοῦ
711 1277 735 1306 α’
751 1278 853 1314 βιϐλίου
871 1279 925 1306 τῶν

130 1325 283 1352 Βασιλικῶν
293 1325 379 1357 οὕτως
391 1325 451 1360 ἔχον
466 1326 503 1357 ὡς
518 1325 556 1357 εις
572 1326 602 1352 τὸ
616 1325 742 1360 κείμενον
755 1325 922 1360 συνωψίσθη.

136 1371 168 1399 Ἦ
184 1370 206 1406 β’
221 1371 290 1398 διάτ.
308 1371 355 1398 τοῦ
372 1370 392 1397 ε’
405 1371 458 1398 τιτ.
476 1370 523 1398 τοῦ
545 1371 628 1398 αὐτοῦ
646 1370 670 1398 α’
687 1371 789 1406 βιϐλίου
805 1372 851 1398 τοῦ
869 1372 923 1399 κώ-

123 1417 213 1450 δικος,
230 1417 287 1444 ἐστι
303 1417 374 1452 θέμα
391 1416 413 1452 β’
425 1416 473 1444 τοῦ
488 1416 522 1452 ιη’
536 1426 597 1452 κεφ.
611 1417 659 1444 τοῦ
677 1417 700 1444 α’
717 1418 769 1445 τίτ.
782 1418 829 1445 τοῦ
843 1417 867 1445 α’
879 1418 922 1453 βι-

129 1463 204 1490 ϐλίου
227 1464 280 1490 τῶν
306 1463 459 1489 Βαοιλιχῶν
481 1463 514 1490 τὰ
539 1463 609 1490 αὐτὰ
632 1464 865 1499 διαλαμϐάνον.Ἦ
889 1464 922 1500 ιβ’

122 1509 199 1536 διάτ.
213 1509 260 1536 τοῦ
287 1509 370 1536 αὑτοῦ
397 1509 501 1544 βιϐλίου
527 1510 574 1536 καὶ
598 1509 651 1537 τιτ.
677 1510 724 1536 τοῦ
741 1510 856 1543 κώδικος
870 1511 921 1537 οὐκ

983 901 1163 928 adulteratam
1183 902 1405 929 conventiculum.

1018 947 1112 974 Basilii
1134 954 1222 974 canon
1241 948 1268 976 1.

1015 1005 1092 1033 CAP.
1109 1005 1142 1033 11.
1160 1022 1195 1027 --
1211 1005 1282 1039 Quid
1297 1006 1331 1033 sit
1351 1006 1501 1033 Izwi'elicus.

1013 1051 1128 1080 Concilii
1144 1051 1441 1086 Conslantinopolitani
1456 1059 1543 1079 canon
1558 1051 1586 1079 6.

1017 1097 1125 1125 Textus.
1138 1099 1231 1126 Const.
1244 1098 1256 1125 l
1270 1098 1311 1125 lit.
1333 1098 1346 1124 ι
1367 1098 1414 1125 lib.
1429 1097 1496 1125 Cod.
1511 1098 1564 1125 ait:
1578 1098 1629 1132 Qui
1642 1089 1777 1133 sanctam,

976 1147 1045 1177 ἀξια,
1056 1151 1137 1179 usque
1152 1143 1187 1170 ad
1202 1151 1254 1170 non
1270 1147 1396 1178 possunt,
1410 1148 1438 1169 ut
1452 1151 1514 1178 pug.
1529 1142 1592 1170 870.

1013 1234 1160 1263 Schalium.
1177 1233 1293 1262 Constit.
1310 1234 1322 1261 1
1343 1234 1384 1261 tit.
1401 1233 1413 1260 1
1433 1233 1478 1261 lib.
1499 1234 1588 1262 ICod.
1609 1239 1652 1263 est
1676 1242 1736 1271 cap.
1758 1236 1771 1263 1

977 1281 1009 1308 ιίι
1026 1282 1038 1308 1
1055 1281 1102 1308 lib.
1119 1289 1128 1308 ι
1143 1280 1239 1311 Basil..
1265 1280 1337 1315 quod
1361 1280 1400 1308 sic
1415 1280 1505 1311 habet,
1522 1284 1552 1308 ut
1570 1281 1596 1308 in
1613 1285 1686 1309 textu
1699 1290 1775 1309 com-

975 1327 1106 1361 pendiose
1119 1325 1288 1360 propositum
1302 1329 1354 1352 est.
1382 1324 1500 1353 Constit.
1516 1325 1534 1352 2
1554 1326 1593 1352 tit.
1612 1325 1628 1352 5
1650 1326 1772 1360 ejusdem

974 1372 1022 1400 lib.
1039 1380 1046 1399 |
1062 1371 1129 1399 Cod.
1147 1375 1189 1398 est
1214 1371 1305 1398 thema
1324 1370 1342 1397 2
1370 1377 1430 1404 cap.
1458 1370 1490 1397 18
1503 1371 1544 1397 tit.
1560 1371 1571 1396 1
1591 1371 1657 1398 111).1
1676 1371 1773 1406 B:isil.,

974 1417 1046 1452 quod
1065 1417 1158 1445 eadem
1185 1416 1387 1450 complectitur.
1411 1415 1506 1443 Const.
1525 1415 1558 1442 12
1586 1416 1708 1450 ejusdem
1722 1417 1770 1444 lib.

972 1468 1000 1490 et
1015 1463 1056 1490 tit.
1071 1462 1139 1490 Cod.
1157 1470 1210 1489 non
1224 1466 1266 1489 est
1286 1462 1375 1497 posita
1392 1461 1417 1488 in
1437 1461 1518 1488 Basil.
1536 1460 1631 1489 Const.
1658 1463 1669 1488 1
1695 1463 1735 1489 tit.
1755 1463 1773 1490 5

972 1509 1144 1536 Now-Harum
1157 1508 1247 1543 posita
1257 1513 1300 1535 est
1313 1508 1339 1534 in
1369 1515 1430 1542 cap.
1458 1507 1492 1534 50
1504 1508 1545 1534 tit.
1559 1509 1568 1535 1
1585 1508 1631 1535 lib.
1651 1515 1658 1534 ι
1674 1507 1772 1542 ΒιιειΙ.,

127 1554 211 1590 ἐτέθη
235 1555 275 1586 εἰς
296 1555 331 1582 τὰ
353 1555 494 1582 Bac-timui.
506 1555 544 1581 -'H
560 1553 584 1581 α’
600 1555 669 1582 διάτ.
685 1554 733 1582 τοῦ
759 1554 784 1590 γ’
800 1565 852 1583 τιτ.
875 1557 928 1583 τῶν

984 1553 1088 1591 [atque]
1103 1558 1146 1581 est
1166 1554 1270 1581 novella
1286 1551 1434 1580 Justiniani
1450 1553 1518 1586 109,
1533 1554 1770 1589 comprehendens

124 1600 240 1636 ,Νεαρῶν
264 1601 344 1639 ἐτέθη
369 1602 408 1633 εἰς
434 1610 496 1636 κεφ.
509 1600 529 1627 ν’
545 1601 590 1628 τοῦ
608 1604 633 1628 α’
647 1601 698 1629 τίτ.
712 1601 759 1628 τοῦ
781 1602 805 1629 α’
820 1602 922 1637 βιϐλίου

126 1648 181 1674 τῶν
191 1647 343 1675 Βασιλικῶν
353 1647 438 1684 νεαρὰ
449 1646 517 1675 οὖσα
525 1647 740 1680 Ἰουστινιάνειος
748 1649 796 1684 ρθ’·
807 1649 922 1685 διαλαμ-

121 1693 245 1721 ϐάνουσα
266 1693 304 1726 ὡς
321 1694 349 1720 ὲν
364 1694 472 1729 συνόψει
488 1695 593 1726 εἰπεῖν,
614 1694 749 1729 μηδεμίαν
765 1695 920 1730 στρατείαν,

125 1739 142 1774 ἢ
157 1740 206 1775 τὴν
219 1739 325 1767 οἱανοῦν
340 1740 510 1776 δημοσιακὴν
522 1740 650 1774 φροντίδα
666 1739 788 1775 μετιέναι
804 1740 867 1772 τοὺς
879 1741 921 1767 αἱ-

125 1786 261 1821 ρετιχούς.
279 1785 361 1820 Λέγει
373 1786 402 1812 δὲ
416 1787 571 1820 αἱρετικοὺς
593 1784 664 1812 εἶναι
678 1786 783 1818 πάντας
797 1787 862 1818 τοὺς
880 1786 918 1822 μὴ

125 1831 385 1866 μεταλαμϐάνοντας
410 1830 465 1857 τῶν
481 1831 661 1865 ἁγιασμάτων
677 1831 732 1858 ἀπὸ
748 1831 802 1858 τῶν
823 1832 919 1866 ἱερέων

125 1876 196 1912 μετὰ
206 1877 256 1912 ¹τὴν
266 1877 347 1911 ἁγίαν
357 1876 521 1910 Ἐκκλησίαν
532 1876 579 1902 τοῦ
593 1876 661 1902 Θεοῦ
673 1884 680 1891 ·
694 1876 741 1902 καὶ
753 1877 793 1903 ὃτι
806 1878 866 1907 ταῖς
878 1877 919 1904 αἱ·

124 1924 245 1958 ρετικαῖς
262 1923 383 1956 γυναιξὶν
400 1923 430 1949 οὐ
450 1923 567 1949 δίδονται
591 1922 626 1949 τὰ
648 1922 759 1949 δοθέντα
782 1923 920 1958 προνόμια

120 1971 182 2000 ταῖς
195 1968 345 2004 ὀρθοδόξοις
367 1969 447 2004 χάριν
461 1969 507 1995 τοῦ
526 1968 598 2004 ἔχειν
617 1969 761 2004 σιωπηρὰς
778 1969 919 2004 ὑποθήκας

121 2017 193 2044 κατὰ
215 2017 269 2045 τῶν
286 2017 392 2052 ἀνδρῶν
409 2017 498 2044 αὐτῶν
517 2016 699 2052 πραγμάτων,
720 2017 799 2052 νικᾷν
821 2016 849 2043 δὲ
871 2016 919 2043 καὶ

976 1604 1017 1636 (υι
1036 1602 1062 1628 in
1078 1601 1239 1636 compendio
1256 1601 1358 1635 dicam)
1375 1600 1478 1626 nullam
1496 1600 1627 1627 militiam
1644 1605 1690 1628 aut
1701 1608 1770 1635 qua-

974 1648 1137 1682 lentcunquc
1158 1647 1293 1683 publicam
1321 1646 1491 1674 [unctionem
1515 1647 1659 1675 haereticus
1682 1647 1769 1676 obire.

975 1695 1044 1722 lticit
1066 1698 1156 1721 autem
1181 1693 1324 1721 haereticos
1347 1701 1418 1724 esse,
1440 1694 1598 1728 quicunque
1620 1694 1647 1721 in
1672 1699 1768 1722 sancta

973 1741 1020 1769 Dei
1044 1739 1166 1768 Ecclesia
1191 1747 1238 1775 per
1265 1740 1421 1767 sacerdotes
1448 1740 1596 1775 participes
1623 1748 1676 1767 non
1701 1741 1771 1768 ﬁunt

971 1786 1230 1813 sanctiﬁcationum.
1254 1785 1319 1812 ltcm
1338 1794 1345 1812 :
1363 1785 1503 1813 llasreticis
1530 1785 1691 1814 mulieribus
1713 1794 1768 1814 non

969 1833 1069 1860 dantur
1089 1831 1229 1867 privilegia
1243 1852 1251 1864 ,
1275 1839 1337 1866 quae
1358 1832 1421 1859 data
1445 1837 1507 1859 sunt
1534 1832 1694 1860 orthodoxis
1713 1841 1720 1860 ι
1739 1838 1768 1860 ιιι

970 1878 1118 1914 [videlicet]
1135 1879 1194 1911 vice
1214 1878 1375 1906 suﬂicientis
1391 1878 1425 1905 de
1451 1879 1589 1906 dotalibus
1607 1879 1664 1906 suis
1685 1879 1769 1906 rebus

969 1925 1193 1959 nuptialibus-que
1208 1924 1292 1951 lucris
1303 1924 1450 1957 cautionis,
1463 1925 1560 1952 tacitas
1576 1929 1670 1952 contra
1682 1923 1768 1951 mari-

969 1975 1057 1997 torum
1076 1978 1188 1997 suorum
1213 1978 1258 1997 res
1283 1971 1401 1997 habeant
1428 1970 1606 2005 hypotheca“.
1631 1975 1714 2005 atque
1738 1971 1766 1997 in

970 2015 1129 2051 hypotbecis
1140 2016 1226 2042 etiam
1243 2017 1415 2050 amiquiores
1427 2015 1538 2043 vincant
1553 2017 1714 2044 creditores.

118 2065 183 2096 τοὺς
196 2064 427 2099 προγενεστέρους
442 2063 645 2098 ,ὲνυποθήκους
659 2062 803 2094 δανειστὰς
817 2062 858 2094 εἰς
894 2061 1029 2089 ἱκάνωσιν
1046 2061 1116 2096 ,τῶν
1129 2061 1315 2097 προικιμαέων
1336 2062 1508 2098 πραγμάτων
1523 2062 1614 2088 αὐτῶν
1626 2081 1633 2094 ,
1650 2062 1697 2089 καὶ
1713 2061 1768 2089 τῶν

123 2112 251 2147 γαμικῶν
270 2111 385 2147 κερδῶν.

153 2192 309 2226 Κείμενον.
328 2192 372 2219 Ἐν
395 2192 491 2219 πλάτει
514 2191 543 2218 δὲ
565 2191 599 2219 τὰ
616 2191 681 2227 περὶ
699 2191 753 2218 τῶν
767 2190 914 2227 αἱρετικῶν

117 2236 265 2272 ἀνήνεκται
287 2237 316 2264 ἐν
339 2236 378 2272 τῷ
399 2236 420 2263 ε’
435 2237 499 2268 τίτ..
517 2245 543 2264 κ.
557 2245 582 2263 τ.
596 2236 634 2266 λ..
654 2244 739 2270 usque
756 2236 788 2262 ad
811 2235 859 2263 καὶ
874 2235 915 2262 ὅτι

116 2281 193 2309 οὐδὲν
216 2283 309 2314 αὐτοῖς
329 2282 371 2309 δεῖ
393 2282 496 2318 τολμᾷν
520 2281 592 2309 κατὰ
615 2280 797 2317 Χριστιανῶν.

152 2339 292 2373 Σχόλιον.
313 2338 341 2365 '0
366 2337 387 2365 ε’
403 2338 457 2367 τίτ.
482 2337 529 2365 τοῦ
553 2337 577 2365 α’
600 2337 704 2374 βιϐλίου
726 2337 773 2364 τοῦ
797 2330 914 2369 κώδιιέος

115 2385 197 2420 ἐτέθη
211 2386 258 2413 ἀπ’
272 2386 359 2421 ἀρχῆς
381 2386 432 2420 τῇς
456 2385 478 2421 β’
494 2385 565 2413 διάτ.
592 2386 632 2417 εις
654 2385 700 2412 τὸν
719 2383 743 2412 α’
756 2384 809 2412 τὶτ.
826 2384 874 2411 τοῦ
887 2383 912 2411 α’

115 2429 221 2465 βιϐλίου
236 2430 291 2457 τῶν
306 2431 468 2464 Βασιλικῶν,
487 2431 533 2458 καί
549 2439 615 2467 φησι
639 2430 682 2465 τὺ⁷
694 2430 728 2466 ιη’
745 2439 808 2465 κεφ.
827 2429 910 2456 αὐτοῦ

115 2477 155 2512 μὴ
182 2477 318 2505 διδάσκειν
344 2479 409 2510 τοὺς
437 2478 614 2513 αἰρετικοὺς,
641 2477 710 2513 μηδὲ
743 2477 912 2513 χειροτονίας

113 2523 213 2550 ποιεῖν.
234 2522 271 2549 Τὸ
297 2522 328 2549 ιϐ’
348 2523 386 2558 μὴ
407 2522 557 2549 λιτανεύειν
581 2523 750 2558 αἱρετικοὺς,
766 2523 814 2549 καὶ
836 2522 910 2548 ἐκδι-

112 2567 220 2595 κείσθαι
248 2569 311 2600 τοὺς
347 2569 423 2604 παρὰ
450 2569 554 2596 τούτων
583 2570 783 2604 κατεχομένους
810 2569 911 2600 τόπους

111 2614 188 2649 παρὰ
212 2609 457 2650 τῶνῈκκλησιῶν.
482 2615 518 2641 To
543 2614 567 2641 κ’
583 2615 621 2651 μὴ
643 2615 715 2651 ἔχειν
738 2616 800 2648 τοὺς
823 2617 910 2643 Μανι-

111 2661 207 2697 χαίους
232 2661 280 2688 καὶ
302 2661 364 2692 τοὺς
382 2661 544 2694 Δονατιστὰς
559 2662 594 2688 τὰ
609 2663 744 2698 προνόμια
762 2663 816 2689 τῶν
831 2661 909 2697 ὀρθο-

110 2706 205 2740 δόξων,
222 2707 290 2734 ἀλλὰ
315 2707 362 2735 καὶ
385 2708 507 2743 ἐσχάτως
535 2708 729 2743 τιμωρεῖσοαι.
747 2709 784 2735 Τὸ
799 2708 842 2736 καί
859 2709 906 2735 ὲκ-

111 2753 258 2781 6ἅλλεσοαι
273 2754 328 2781 ἀπὸ
347 2754 402 2781 τῶν
424 2754 527 2781 πόλεων
542 2754 606 2785 τοὺς
623 2754 780 2789 αἱρετικοὺς
796 2755 842 2782 καὶ
860 2757 907 2782 ὲκ-

109 2798 243 2825 δικεῖςοαι
260 2800 335 2835 παρὰ
357 2800 408 2834 τῆς
431 2799 578 2834 καθολικῆς
592 2799 754 2835 Ἐκκλησίας
770 2801 804 2828 τὰ
818 2810 905 2829 κατα-

110 2844 302 2880 λιμπανόμενα
317 2847 494 2883 ὁπωσδήποτε
518 2848 577 2879 ταῖς
592 2847 742 2882 τολμηραῖς
755 2848 800 2874 ὑπ’
812 2848 901 2874 αὐτῶν

109 2892 270 2928 λεγομέναις
290 2894 476 2929 Ἐκκλησίαις.
495 2894 528 2921 'H
541 2893 618 2930 ,περὶ
641 2894 695 2921 τῶν
721 2894 902 2929 βουλευτικῶν

1006 2189 1115 2216 Texlus.
1138 2188 1224 2216 Porro
1247 2196 1306 2223 qum
1328 2187 1362 2215 de
1383 2187 1529 2221 hmretiris,
1550 2193 1615 2224 etc.,
1636 2192 1762 2221 usquead

966 2235 1067 2263 audere
1082 2239 1215 2270 oporteat,
1228 2240 1257 2262 ut
1272 2243 1333 2270 pag.
1351 2233 1417 2265 870.
1433 2234 1496 2262 871.

1001 2345 1149 2374 Scholium.
1166 2346 1221 2374 Tit.
1251 2346 1268 2374 5
1295 2346 1344 2373 lib.
1360 2354 1367 2373 ι
1390 2345 1457 2374 Cod.
1475 2346 1582 2381 positus
1598 2350 1641 2374 est
1655 2346 1689 2373 ab
1705 2346 1760 2374 ini-

963 2393 1002 2420 tio
1017 2398 1107 2420 consl.
1125 2393 1143 2420 2
1161 2392 1189 2420 in
1214 2393 1255 2421 tit.
1277 2393 1289 2420 1
1317 2393 1363 2420 lib.
1391 2401 1399 2420 ι
1424 2393 1521 2424 13οεί1..
1540 2393 1621 2427 cujus
1644 2392 1678 2420 18
1697 2401 1759 2429 cap.

963 2439 1016 2467 ait:
1044 2439 1170 2469 Umretici
1197 2447 1230 2466 ne
1245 2439 1374 2470 doceant.
1395 2447 1485 2474 neque
1507 2440 1697 2468 ordinationes
1717 2439 1760 2468 fa-

962 2487 1045 2514 ciant.
1075 2487 1132 2514 49:
1152 2485 1277 2514 [heretici
1299 2486 1512 2521 supplicationes
1537 2493 1571 2513 ue
1595 2485 1715 2513 faciant:
1732 2491 1760 2513 et

961 2541 1022 2568 quas
1036 2533 1070 2560 ab
1092 2533 1159 2568 ipsis
1184 2533 1243 2560 loca
1261 2532 1431 2564 detinentur,
1455 2531 1489 2559 al)
1512 2531 1642 2560 Ecclesiis
1670 2532 1759 2559 vindi-

960 2585 1068 2607 centur.
1084 2579 1119 2606 20
1137 2579 1297 2607 :Manichaai
1320 2583 1347 2606 et
1371 2578 1520 2606 Donatistae
1541 2578 1757 2606 orthodoxorum

960 2627 1102 2662 privilegia
1120 2633 1155 2653 ne
1176 2626 1305 2657 habeant,
1321 2629 1348 2652 at
1372 2632 1441 2652 vero
1454 2632 1583 2660 supremo
1599 2625 1754 2652 alliciantur

959 2670 1103 2705 supplicio.
1117 2669 1149 2696 21
1170 2678 1177 2696 :
1196 2669 1322 2697 Haerctici
1341 2669 1376 2696 de
1391 2669 1550 2696 civitatibus
1568 2668 1715 2703 pellantur,
1728 2676 1755 2695 et

958 2723 1018 2750 quae
1040 2723 1206 2750 quocunque
1225 2715 1306 2742 modo
1322 2715 1465 2746 Ecclesiis.
1480 2723 1542 2749 qua:
1557 2713 1691 2750 [quidem]
1717 2715 1752 2741 ab

957 2760 1011 2788 illis
1029 2762 1160 2789 audacter
1180 2760 1243 2797 ﬁta]
1260 2765 1403 2794 vocantur,
1421 2760 1517 2787 relicta
1534 2761 1610 2791 sun‘t,
1624 2767 1638 2786 a
1654 2759 1752 2786 catho-

956 2807 1006 2834 lica
1024 2806 1145 2834 Ecclesia
1163 2806 1348 2834 vindicentur.
1365 2806 1431 2839 Quae
1448 2807 1482 2833 de
1494 2804 1636 2832 curialium
1654 2805 1750 2834 olﬁciis

957 2853 1067 2880 disserit
1082 2852 1191 2880 constit.
1208 2853 1223 2879 7
1250 2853 1292 2880 tit.
1307 2853 1323 2880 5
1340 2853 1386 2880 lib.
1405 2860 1415 2879 ι
1438 2851 1507 2879 Cod.
1523 2859 1578 2878 non
1597 2856 1638 2879 est
1661 2852 1750 2886 posita

958 2898 985 2925 in
1007 2897 1101 2931 Busil.,
1121 2906 1208 2932 neque
1223 2903 1309 2926 const.
1334 2897 1350 2925 8
1365 2897 1487 2933 ejusdem
1513 2898 1554 2925 tit.
1570 2901 1598 2925 et
1611 2897 1672 2930 lib.,
1689 2905 1751 2933 quae
