1948 3070
213 161 282 196 1159

796 156 930 189 ΡΠΟΤῙΙ
949 155 1205 187 ΡΛἸἮΙΑΒΟΗΙΕ
1224 156 1281 188 CP.

1774 159 1832 193 1160

212 217 320 252 statuit,
336 224 371 245 ne
395 217 430 244 ab
451 215 589 244 haereticis
605 213 775 243 monasteria
792 217 1001 243 construantur,

1058 211 1231 246 λειτουργιῶν
1254 209 1276 243 ζ’
1296 209 1367 239 διάτ.
1385 211 1433 238 τοῦ
1452 211 1473 238 ε’
1485 212 1538 240 τίτ.
1559 212 1607 239 τοῦ
1634 216 1660 240 α’
1681 212 1774 248 βιϐλίου
1792 216 1833 243 τοῦ

212 270 302 297 neque
315 263 348 289 ad
365 261 491 289 militiam
510 261 659 295 aspiretur.
680 257 819 294 [interim]
837 261 928 284 tamen
942 262 1003 289 cap.

212 307 243 334 21
263 307 305 335 tit.
323 307 336 333 1
357 306 404 333 lib.
423 305 529 333 IBasil.
556 305 592 332 ait
615 313 622 331 :
643 302 858 338 Apollinarislaa,
877 300 923 335 qui
941 308 1006 327 san-

212 353 265 380 ctis
282 358 401 387 quatuor
415 350 541 378 conciliis
567 356 620 376 non
638 347 781 379 obediunt,
800 350 825 374 et
847 346 1006 381 quicunque

213 404 309 427 contra
328 403 453 426 sanctum
479 395 703 424 Chalcedonense
728 393 877 421 concilium
898 396 947 420 aut
962 391 1006 419 di-

215 452 277 472 cere
291 443 431 478 quidpiam
450 442 491 469 vel
508 441 618 472 docere,
636 445 683 467 aut
703 439 805 474 scripta
821 439 938 466 retinere
954 445 1006 464 au-

214 491 289 521 dent,
307 497 323 517 a
343 488 470 523 pra’senti
491 486 689 514 constitutione
712 485 794 513 dictis
819 484 1005 519 subjiciuntur

213 536 313 571 poenis.
340 534 407 569 Cap.
423 533 458 561 Ἡ
479 534 535 560 ait:
553 532 696 567 Legitimis
719 531 839 559 haeretici
858 531 1004 557 traduntur

213 580 374 616 sepulturis.
399 579 530 614 Ejusdem
555 576 643 613 [vero]
663 585 726 612 cap.
761 577 852 604 thema
871 576 889 602 2
913 576 1002 603 dicit:

215 625 382 652 Manichacus
407 623 434 650 in
454 623 514 649 loco
537 621 662 648 Romano
686 621 784 656 degere
800 620 1003 654 deprehensus,

211 669 374 697 decollator.
396 667 449 694 Et:
468 665 594 693 Hmretici
611 665 731 692 honores
746 671 801 691 non
825 671 1003 698 consequun-

213 721 268 747 tur,
290 719 317 741 et
326 714 455 748 deinceps
466 711 587 748 [Caetera]
606 719 667 746 qua:
682 711 709 738 in
723 714 797 738 textu
809 710 1004 745 compendiose

212 766 276 788 sunt
292 760 442 796 proposita.
469 758 535 793 Cap.
567 757 603 784 9.5
628 758 685 784 lllBC
702 756 816 783 statuit:
834 755 862 783 Si
879 760 1004 791 parentes

213 805 328 832 diversae
353 803 414 830 ﬁdei
441 808 524 837 atque
540 801 680 835 religionis
704 801 773 832 sint,
795 800 857 833 ejus
875 800 1003 827 voluntas

212 851 308 887 [atque
331 849 496 877 desiderium
521 849 547 875 in
562 846 750 883 successione]
777 847 934 882 prmvalcto,
956 846 1003 882 qui

211 897 284 923 inter
297 896 366 923 lilios
383 895 562 923 orthodoxam
576 893 656 920 ﬁdem
669 892 786 927 suscipit
804 901 811 920 :
828 892 937 919 tametsi
953 899 1002 927 pa-
1019 901 1041 931 Β
1058 892 1158 932 ταῦτά.

213 946 254 969 ter
280 942 316 968 sit
340 941 386 976 qui
413 940 593 968 contradicat.
617 939 712 974 Neque
730 947 795 966 vero
809 938 845 974 [is
859 938 933 974 liliis]
962 937 1004 966 id-

212 988 287 1015 circo
306 994 484 1019 succensens,
508 986 662 1013 neci-ssnria
681 985 758 1020 ipsos
779 985 907 1012 alimonia
927 984 1004 1012 allis-

212 1040 245 1060 νε
261 1032 424 1060 necessariis
441 1032 597 1067 sumptibus
612 1031 736 1066 privato:
751 1031 798 1058 sed
813 1038 904 1066 neque
920 1030 1004 1057 ullam

212 1078 293 1105 aliam
318 1077 398 1113 [suae]
421 1077 447 1104 in
464 1078 526 1104 illos
544 1077 592 1104 ine
614 1084 726 1104 causam
752 1081 915 1112 praetexens,
941 1076 1004 1103 data

212 1125 276 1152 dote
291 1129 436 1159 propterve
457 1123 567 1158 nuptias
577 1122 738 1155 donatione,
750 1122 914 1153 orthodoxis
928 1122 1005 1157 ipsos

212 1170 338 1205 persentis
367 1170 395 1197 in
411 1169 621 1196 matrimonium
650 1169 822 1204 corujungito.
849 1169 885 1197 Ut
913 1173 1006 1196 autem

212 1216 290 1243 liberi
306 1216 451 1243 orthodoxi
467 1216 490 1242 si
506 1215 571 1250 quid
592 1215 619 1243 in
637 1220 763 1250 parentes
786 1215 929 1242 haereticos
941 1222 1005 1250 pec-

212 1268 286 1295 cenl,
307 1263 468 1297 puniantur,
495 1266 604 1288 nonest
628 1266 833 1295 transumplum
856 1261 883 1288 in
908 1260 1003 1294 Basil.,

213 1309 294 1344 cujus
310 1307 458 1344 [profecto]
474 1308 556 1335 etiam
573 1308 612 1336 rei
631 1316 714 1336 causa
727 1308 837 1335 illorum
854 1307 1005 1335 architecto

212 1355 306 1391 gratiae
327 1354 495 1391 [debentur],
517 1354 584 1390 Cap.
619 1355 652 1381 18
669 1355 712 1382 tit.
727 1355 737 1381 1
756 1355 803 1382 lib.
819 1362 828 1381 l
843 1353 926 1382 Basil.
940 1354 978 1381 ait
996 1363 1003 1381 :

211 1401 285 1430 Nulli
300 1402 414 1429 omnino
434 1402 554 1429 haeretici
575 1409 666 1437 neque
690 1401 833 1428 interdicta
862 1401 1004 1428 conventi-

211 1449 285 1483 cula,
299 1457 388 1484 neque
407 1448 561 1476 adulterata
575 1448 741 1483 baptismala
760 1447 937 1475 celebrante:
953 1454 1005 1475 nec

211 1495 268 1523 ullo
284 1495 366 1522 modo
381 1494 548 1522 adorandam
563 1493 792 1528 _communionem
809 1493 943 1529 attingere
954 1500 1005 1520 au-

212 1541 313 1569 dente:
335 1549 386 1569 nec
399 1542 426 1568 in
441 1541 541 1576 quibus
561 1541 629 1568 locis
643 1540 767 1568 ollicinas
781 1540 892 1573 habent,
909 1547 1003 1567 eorum

1058 256 1173 289 κώδικος
1196 257 1246 284 οὐκ
1263 257 1343 294 ἐτέθη
1361 258 1401 290 είς
1418 258 1453 285 τὰ
1470 258 1613 286 Βασιλικὼ
1627 260 1695 286 Οὐδὲ
1708 261 1724 295 ή
1736 259 1758 296 η’
1772 261 1832 290 διὰτ.

1056 302 1104 329 τοῦ
1128 302 1211 329 αὐτοῦ
1231 303 1285 331 τίτ.
1301 304 1348 330 καὶ
1366 304 1421 339 βι6.
1437 305 1454 340 ἡ
1476 305 1649 341 διοριζομένη
1673 305 1709 341 μὴ
1726 306 1835 341 γίνεσθαι

1057 349 1133 384 παρὰ
1145 349 1200 375 τῶν
1212 349 1361 385 αἱρετικῶν
1373 352 1554 386 μοναστήρια,
1565 349 1633 388 μηδὲ
1645 353 1833 387 στρατεύεσθαι.

1057 395 1095 422 Τὸ
1110 399 1152 429 κγ’
1167 403 1231 433 κεφ.
1249 396 1296 423 τοῦ
1313 395 1337 425 α’
1349 398 1403 423 τίτ.
1417 397 1464 425 τοῦ
1478 396 1502 423 α’
1518 397 1622 433 βισλίου
1635 397 1690 425 τῶν
1702 398 1836 426 Βασιλικῶν

1057 449 1150 475 φησιν,
1160 442 1184 467 οἱ
1192 441 1415 477 Ἀπολιναρισταὶ
1428 443 1466 478 μὴ
1476 444 1537 474 ταῖς
1547 443 1640 477 ἁγίαις
1651 443 1774 480 τέσσαρσι
1786 453 1836 471 συν·

1043 487 1126 518 ,όδοις
1141 487 1308 521 πειθόμενοι,
1323 489 1369 515 καὶ
1384 489 1441 515 ὅσοι
1455 489 1527 516 κατὰ
1542 489 1591 524 τῆς
1605 490 1686 524 ἁγίας
1702 491 1728 516 ἐν
1738 491 1835 526 Χαλκη-

1055 532 1111 559 δόνι
1125 534 1235 560 συνόδου
1249 534 1366 569 ἢλέγειν
1377 543 1413 567 τι,
1425 535 1441 570 ἢ
1455 535 1602 568 διδάσκειν,
1615 536 1631 571 ἢ
1647 537 1835 572 συγγράμματα

1056 580 1206 615 κεκτῆσθαι
1236 580 1368 615 τολμῶσι,
1393 583 1454 613 ταῖς
1478 582 1639 617 εἰρημέναις
1664 583 1699 617 τῇ
1724 583 1836 619 παρούσῃ

1055 626 1125 653 διάτ.
1143 627 1289 663 τιμωρίαις
1305 627 1562 655 ὑποδαλλέσθωσαν.
1573 629 1609 654 Τὺ
1625 626 1664 654 κδ’
1679 636 1740 662 κεφ.
1753 629 1836 664 φησὶν,

1054 674 1115 704 ταῖς
1125 673 1332 708 νενομισμέναις
1341 673 1477 708 αἱρετικοὶ
1488 673 1728 709 παραδιδόσθωσαν
1737 675 1836 708 ταφαῖς.

1055 721 1092 747 Τὸ
1109 719 1129 755 β’
1146 720 1217 756 Θέμα
1235 721 1280 748 τοῦ
1297 721 1381 748 αὑτοῦ
1397 730 1460 756 κεφ.
1476 721 1561 756 λέγει,
1575 722 1724 756 Μανιχαῐος
1739 722 1766 747 ὲν
1782 722 1838 748 Ῥω-

1057 767 1148 803 μαϊκῷ
1161 767 1237 802 τόπῳ
1253 768 1356 802 διάγων
1368 768 1463 802 ὀφθεὶς
1478 768 1675 804 ἀποτεμνὲσοω
1685 789 1691 800 ,
1709 769 1754 794 καὶ
1768 768 1805 794 ὅτι
1817 777 1840 802 οἱ

1056 815 1191 849 αἱρετικοὶ
1207 815 1237 840 οὺ
1251 815 1371 848 γίνονται
1387 814 1568 849 ἀξιωματιχοὶ
1580 836 1587 848 ,
1601 815 1648 841 καὶ
1663 814 1705 849 ἐφ’
1720 813 1780 849 ἑξῆς
1793 815 1840 841 ὅσα

1058 861 1265 896 συνωψίσοησαν
1279 862 1319 893 εἰς
1336 861 1367 887 τὸ
1379 861 1515 897 κείμενον.
1525 861 1562 888 Τὸ
1579 860 1617 888 κε’
1630 870 1692 895 κεφ.
1704 860 1842 897 διορίζεται

1174 906 1279 932 Γονέων
1293 906 1321 933 δὲ
1335 907 1465 942 διαφόρου
1481 906 1599 938 πίστεως
1612 906 1698 933 ὄντων
1714 907 1758 933 καὶ
1780 906 1842 941 θρη-

1056 951 1160 983 σκείας,
1178 951 1284 978 ἐκείνου
1303 951 1405 986 μᾶλλον
1431 952 1448 986 ἡ
1469 951 1567 986 γνώμη
1591 951 1725 986 κρατείτω
1741 950 1784 976 τοῦ
1798 949 1842 985 τὴν

1055 996 1196 1033 ὀρθόδοξον
1222 997 1265 1024 ἐπ’
1280 998 1374 1029 αὐτοῖς
1396 997 1594 1032 ἀναιρουμένου
1617 997 1721 1028 πίστιν,
1737 996 1785 1023 κᾶν
1805 996 1842 1031 εἴη

1056 1044 1148 1079 πατὴρ
1162 1045 1177 1070 ὁ
1191 1043 1356 1078 ἀντιλέγων,
1376 1044 1412 1080 μὴ
1433 1043 1559 1070 ἐντεῦθεν
1571 1043 1600 1070 δὲ
1616 1043 1778 1077 ἀγανακτῶν
1797 1042 1842 1077 τῆς

1055 1090 1210 1124 ἀναγκαίας
1234 1090 1333 1122 αὐτοὺς
1359 1089 1491 1125 στερείτω
1514 1090 1629 1126 τροφῆς,
1648 1089 1667 1126 ἢ
1691 1089 1744 1116 τῶν
1766 1088 1844 1116 ἀλλων

1056 1137 1214 1172 ἀναγκαίων
1231 1137 1451 1172 δαπανημάτων
1468 1136 1535 1163 ἀλλὰ
1549 1137 1596 1163 καὶ
1609 1137 1713 1172 προῖκα
1724 1135 1815 1166 διδοὺς,
1827 1133 1842 1169 ἢ

1055 1183 1200 1219 προγάμου
1229 1182 1333 1218 δωρεὰν
1365 1181 1516 1218 ὀρθοδόξοις
1547 1181 1648 1212 αὐτοὺς
1679 1179 1844 1212 συνοικιζέτω

1056 1228 1230 1264 προσώποις,
1246 1227 1382 1263 μηδεμίαν
1399 1228 1496 1264 ἑτέραν
1511 1227 1596 1263 ὀργῆς
1611 1227 1673 1254 κατ’
1685 1226 1773 1254 αὐτῶν
1785 1233 1844 1260 προ-

1056 1275 1221 1310 ϐαλλόμενος
1235 1274 1382 1309 πρόφασιν.
1401 1275 1438 1301 Τὸ
1451 1274 1479 1300 δὲ
1492 1273 1676 1309 τιμωρεῖσθαι
1693 1274 1756 1304 τοὺς
1771 1272 1843 1307 ὀρθο-

1055 1320 1148 1353 δόξους
1163 1320 1262 1352 παῖδας
1271 1318 1500 1359 πλημμελοῦντας
1510 1320 1581 1346 κατὰ
1590 1318 1741 1354 αἱρετικῷν
1752 1316 1844 1351 γονέων

1055 1364 1106 1390 οὐκ
1123 1363 1259 1399 ἐξελήφθη
1274 1365 1314 1395 εἰς
1327 1364 1362 1390 τὰ
1376 1364 1526 1396 Βασιλικὰ,
1544 1364 1592 1390 καὶ
1607 1364 1689 1399 χάρις
1710 1362 1750 1398 τῷ
1768 1360 1845 1391 ταῦτα

1057 1409 1223 1445 συνθεμένῳ,
1238 1409 1286 1436 καὶ
1300 1409 1370 1445 ὑπὲρ
1385 1409 1492 1436 τούτου.
1508 1410 1545 1436 Τὸ
1566 1408 1609 1445 κη’
1625 1418 1690 1443 κεφ,
1708 1408 1755 1435 τοῦ
1771 1407 1793 1435 α’
1808 1407 1845 1442 βι-

1057 1455 1132 1482 ϐλίου
1147 1455 1202 1482 τῶν
1215 1455 1368 1482 Βασιλικῶν
1385 1464 1463 1490 φησι,
1476 1456 1577 1488 πάντες
1589 1457 1711 1490 γενικῶς
1724 1457 1747 1483 oi
1759 1455 1847 1490 aipm

1057 1503 1100 1529 uol
1111 1502 1180 1537 μήτε
1196 1502 1407 1537 παρασυνάξεις,
1428 1502 1445 1538 ἤ
1463 1502 1723 1538 παραδαπτίσματα
1736 1500 1848 1528 ποιείτω-

1058 1556 1118 1580 σαν,
1132 1547 1202 1584 μήτε
1212 1548 1262 1582 τῆς
1275 1549 1468 1583 προσκυνητῆς
1483 1549 1550 1580 ὅλως
1562 1548 1710 1580 κοινωνίας
1719 1545 1849 1582 τολμάτω-

212 1588 364 1624 privilegiis
395 1592 529 1614 utunlor:
552 1586 678 1623 [alioqui]
704 1594 800 1614 eorum
825 1586 871 1621 qui
899 1586 1003 1622 legibus

1058 1601 1106 1619 σαν
1124 1593 1259 1620 ἅπτεσθαι
1269 1614 1276 1625 ,
1302 1593 1318 1629 ἢ
1341 1594 1397 1625 τοῖς
1413 1594 1467 1620 τῶν
1482 1594 1553 1628 ὅρων
1567 1594 1729 1631 προνομίοις
1739 1613 1746 1626 ,
1759 1592 1801 1626 ἐφ’
1813 1587 1850 1621 οἷς

213 1634 408 1665 adversantur,
438 1641 534 1668 pwnas
568 1637 728 1660 mctuuuto:
754 1632 801 1667 qui
832 1631 908 1667 [vero
938 1631 1004 1668 illis]

211 1680 283 1707 :edes
302 1687 365 1706 suas
387 1679 498 1714 praebet,
525 1678 660 1713 praedictis
678 1677 769 1712 pomis
790 1678 924 1705 obnoxius
952 1682 1004 1705 est.

212 1726 341 1753 Omnium
367 1725 482 1752 minime
508 1724 683 1751 Montanislae
713 1731 880 1758 quemquam
907 1731 1004 1751 eorum

212 1771 260 1807 qui
274 1772 308 1798 ab
325 1771 392 1806 ipsis
415 1775 461 1797 aut
484 1770 646 1805 patriarcha:
673 1774 719 1797 aut
743 1769 1004 1803 connuunicatorcs,

213 1822 261 1845 aut
283 1817 417 1852 episcopi,
441 1821 489 1843 aut
505 1815 668 1851 prebystcri,
692 1821 738 1843 aut
763 1815 872 1842 diaconi
901 1823 1007 1843 nuncu-

214 1869 325 1900 pantur,
341 1860 579 1897 Constantinopoli
597 1861 715 1889 habento
729 1871 736 1889 z
757 1867 838 1897 atquc
852 1862 923 1889 intra
938 1862 1006 1891 lines

217 1910 279 1944 ejus
302 1913 413 1944 propter
432 1908 569 1943 subjectas
584 1909 684 1943 cuique
700 1907 763 1944 [rei]
782 1908 902 1936 rationes
924 1915 1007 1943 nego-

213 1956 293 1989 tiari,
323 1956 442 1983 lascivos
469 1959 557 1982 cmtus
578 1955 697 1990 impiare
711 1955 837 1982 convhia
853 1954 1004 1987 celebrare,

213 2006 242 2030 et
256 2001 391 2036 mancipia
414 2000 529 2028 mercari
543 2000 733 2036 prohibentor.
749 2000 784 2027 29
797 2008 858 2035 cap.
880 2000 1006 2035 ejusdem

212 2048 261 2075 lib.
275 2053 303 2075 et
317 2048 360 2075 tit.
373 2048 507 2074 inscrtum
518 2051 560 2074 est
574 2047 606 2074 ad
624 2047 705 2074 linem
719 2054 780 2081 cap.
803 2047 816 2073 1
833 2047 875 2073 tit.
890 2047 916 2079 9,
933 2045 1005 2081 quod

214 2094 300 2129 legas.
327 2093 430 2121 Statuit
453 2092 571 2129 [autem]
589 2101 623 2120 ne
649 2092 772 2120 haeretici
793 2097 889 2120 contra
912 2094 1006 2120 ortho-

213 2141 301 2169 duxos
333 2139 523 2168 testimonium
547 2139 649 2166 dicant.
674 2139 790 2167 Constil.
816 2138 834 2165 2
849 2139 890 2166 lit.
915 2139 932 2166 8
950 2138 1006 2167 No-

214 2188 347 2216 vellarum
376 2192 418 2215 est
443 2186 550 2214 novella
573 2185 723 2213 Justiniani
759 2185 804 2212 42.
829 2185 887 2213 lloc
913 2190 1004 2213 autem

212 2235 272 2270 ejus
294 2242 354 2269 cap.
372 2242 425 2261 non
445 2238 488 2261 est
507 2233 626 2268 positum
650 2232 678 2260 in
704 2231 786 2260 Basil.
811 2231 865 2259 Tit.
893 2232 909 2259 9
925 2232 973 2260 lib.
996 2240 1004 2259 ι

215 2282 285 2310 Cod.
301 2281 405 2316 positus
420 2286 463 2308 est
481 2281 508 2307 in
539 2288 599 2315 cap.
630 2279 665 2306 52
690 2279 731 2305 lit.
749 2278 761 2304 1
778 2278 826 2305 lib.
844 2287 852 2305 ι
869 2278 951 2306 anil.
971 2279 1005 2306 Et

210 2336 274 2363 quae
298 2327 325 2354 in
354 2326 517 2362 compendio
546 2334 560 2353 a
581 2325 735 2361 patriarcha
760 2329 824 2352 sunt
851 2325 1002 2360 proposita,

211 2379 277 2402 sunt
290 2374 414 2409 ejusdem
436 2374 477 2402 tit.
497 2377 523 2400 et
551 2372 610 2404 lib.,
630 2379 692 2406 cap.
709 2371 755 2404 53,
771 2371 817 2404 54,
833 2371 878 2404 55,
897 2371 942 2405 56,
958 2371 1003 2405 ὃῚ,

209 2422 258 2456 3s.
281 2421 328 2454 59,
343 2420 447 2452 40,41,
462 2419 508 2452 ιε,
524 2419 569 2446 45.

1057 1639 1164 1674 ἔχουσιν
1188 1639 1380 1674 ἐργαστηρίοις
1394 1639 1602 1675 κεχρήσθωσαν,
1617 1640 1669 1671 τὰς
1684 1639 1739 1666 τῶν
1752 1639 1852 1664 ἔναντι-η

1056 1683 1181 1718 ουμένων
1202 1686 1261 1716 τοῖς
1278 1684 1370 1720 νόμοις
1393 1685 1490 1716 ποινὰς
1505 1685 1687 1720 ὑφορώμενος
1711 1683 1759 1710 τοῦ
1774 1678 1851 1718 χορη-

1057 1729 1168 1764 γοῦντος
1180 1729 1225 1756 τὸν
1240 1728 1312 1756 οἷκον
1327 1731 1386 1762 ταῖς
1400 1731 1617 1766 προειρημέναις
1634 1729 1782 1766 τιμωρίαις
1793 1729 1853 1755 ὑπο-

1057 1776 1195 1811 κειμένου·
1213 1776 1398 1803 Μοντανισταὶ
1409 1776 1556 1812 ἐξαιρέτως
1569 1776 1676 1812 μηδένα
1690 1776 1745 1802 τῶν
1760 1774 1853 1802 καλου-

1059 1822 1147 1857 μένων
1162 1822 1226 1859 παρ’
1242 1823 1333 1854 αὐτοῖς
1351 1823 1541 1858 πατριαρχῶν,
1558 1823 1573 1858 ἢ
1591 1822 1735 1849 κοινωνῶν
1759 1821 1776 1856 ἦ
1798 1821 1855 1846 ὲπι-

1059 1867 1179 1899 σκόπων,
1193 1866 1209 1902 ἢ
1223 1867 1427 1902 πρεσϐυτέρων,
1447 1867 1463 1902 ἢ
1484 1867 1616 1894 διακόνων
1631 1867 1711 1898 ἐντὸς
1724 1866 1854 1901 ἐχέτωσαν

1058 1913 1381 1945 Κωνσταντινουπόλεως,
1391 1913 1589 1940 κωλυέσθωσαν
1599 1912 1631 1940 δὲ
1640 1912 1718 1945 ἐντὸς
1731 1917 1854 1947 πραγμα-

1056 1957 1184 1985 τεύεσθαι
1200 1959 1254 1985 τῶν
1277 1960 1349 1994 ὅρων
1368 1959 1464 1994 αὐτῆς,
1482 1961 1577 1986 καὶτὰ
1594 1960 1704 1994 ἀσελγῆ
1723 1957 1853 1988 συσσίτια,

1057 2003 1074 2039 ἢ
1088 2003 1122 2030 τὰ
1136 2004 1221 2040 ἀσεϐῆ
1238 2006 1377 2040 συμπόσια
1393 2007 1491 2038 ποιεῖν,
1511 2005 1528 2041 ἢ
1544 2006 1709 2042 ἀνδράποδα
1722 2001 1854 2039 ἐμπορεύ-

1058 2050 1136 2076 εσθαι
1150 2050 1194 2076 διὰ
1216 2050 1278 2082 τοὺς
1295 2050 1493 2086 ὑποκειμένους
1508 2050 1550 2086 ἐφ’
1564 2051 1680 2086 ἑκάστῳ
1702 2048 1853 2084 λογισμούς-

1058 2097 1095 2123 Τδ
1109 2095 1150 2123 κθ¹
1162 2105 1224 2131 κεφ.
1240 2097 1287 2123 τοῦ
1312 2097 1396 2124 αὐτοῦ
1413 2097 1516 2132 βιϐλίου
1533 2098 1580 2125 καὶ
1601 2098 1658 2125 τίτ.
1682 2093 1854 2132 κατεστρώθη

1058 2145 1098 2176 είς
1119 2144 1150 2170 τὸ
1178 2144 1254 2175 τέλος
1281 2143 1328 2171 τοῦ
1354 2143 1378 2171 α’
1395 2153 1459 2179 κεφ.
1484 2144 1531 2171 τοῦ
1548 2143 1639 2171 θ’τίτ.
1652 2145 1702 2170 τοῦ
1731 2143 1855 2178 παρόντος

1060 2190 1262 2225 συντάγματος·
1281 2192 1329 2218 καὶ
1343 2191 1481 2226 ἀνάγνωθι
1500 2191 1579 2218 τοῦτο
1606 2191 1798 2227 διοριζόμενον
1823 2187 1856 2223 μὴ

1061 2238 1209 2272 μαρτυρεῖν
1222 2236 1293 2263 κατὰ
1314 2237 1454 2272 ὀρθοδόξου
1469 2237 1636 2272 αἰρετικούς.
1647 2238 1681 2264 Ἢ
1696 2236 1719 2271 β’
1732 2236 1802 2262 διάτ.
1814 2232 1855 2260 τοῦ

1076 2280 1081 2290 ι
1118 2282 1123 2288 .
1194 2282 1205 2287 -
1322 2283 1334 2288 -
1835 2277 1840 2286 ι

1056 2290 1074 2316 η
1097 2289 1151 2308 τιτ.
1172 2290 1226 2308 των
1239 2282 1372 2318 Νεαρων,
1387 2282 1444 2309 ἐστι
1469 2283 1554 2318 νεαρὰ
1572 2283 1794 2312 ἰουστινιάνειος
1818 2277 1855 2315 μβ

1057 2327 1135 2354 τοῦτο
1148 2327 1175 2354 δὲ
1188 2328 1217 2354 τὸ
1233 2336 1296 2362 κεφ.
1313 2328 1398 2364 αὐτῆς
1414 2329 1463 2355 οὐκ
1475 2329 1555 2364 ἐτέθη
1568 2330 1611 2361 εἰς
1630 2329 1667 2356 τὰ
1682 2325 1856 2355 Βασιλικά.ὐ

1058 2373 1079 2402 θ’
1094 2375 1145 2402 τίτ.
1164 2375 1211 2401 τοῦ
1226 2374 1249 2401 α’
1267 2375 1369 2410 βιϐλίου
1391 2375 1439 2402 τοῦ
1454 2375 1568 2407 κώδικπ
1586 2375 1674 2411 ἐτέθη
1689 2375 1729 2406 είς
1747 2381 1808 2408 κεφ.
1821 2368 1856 2404 ϊβ

1058 2421 1106 2448 τοῦ
1123 2421 1145 2448 α’
1156 2422 1209 2450 τίτ.
1221 2421 1245 2448 α’
1261 2422 1365 2457 βιϐλίου
1380 2423 1435 2448 τῶν
1448 2422 1614 2456 Βααιλικῶν,
1625 2423 1677 2449 καὶ
1691 2422 1746 2449 εἰσὶ
1762 2421 1794 2447 τὰ
1807 2426 1859 2444 συν·

209 2467 357 2502 οψισοέντα
372 2465 449 2502 παρὰ
465 2466 511 2493 τοῦ
532 2465 704 2501 πατριάρχου
720 2462 766 2490 τοῑ
781 2463 863 2491 αὐτοῦ
880 2464 932 2492 τίτ.
949 2467 997 2493 καὶ
1013 2467 1116 2504 βιϐλίου
1138 2476 1202 2503 κεφ.
1219 2466 1268 2503 λβ’,
1285 2467 1336 2502 λγ¹,
1353 2467 1456 2501 λδ,λε’,
1480 2467 1534 2501 λςέ,
1550 2468 1603 2502 λζ’,
1616 2468 1673 2504 λη’,
1687 2467 1738 2502 λθ¹,
1757 2466 1793 2502 μ’.
1808 2461 1857 2503 μα’,

214 2511 268 2549 μβκ
288 2511 352 2548 μγ¹ι¹

247 2560 323 2588 CAP.
339 2558 384 2587 lll.
401 2574 436 2579 -——
455 2558 493 2586 De
506 2558 582 2585 libris
596 2558 791 2585 hereticorum.

246 2608 439 2643 Apostolorum
460 2614 550 2633 canon
571 2606 597 2638 7,
615 2605 669 2639 60;
694 2604 802 2633 concilii
820 2606 890 2633 sexti
914 2613 1003 2633 canon

210 2655 261 2686 68;
279 2654 387 2681 concilii
401 2651 504 2679 Nicaani
520 2652 633 2679 secundi
651 2658 738 2678 canon
753 2651 780 2679 9.

248 2699 356 2727 Tum”.
379 2699 475 2726 Const.
499 2698 516 2725 5
540 2698 581 2725 tit.
607 2699 616 2724 l
636 2697 682 2724 lib.
720 2705 727 2723 ι
747 2696 816 2724 Cod.
839 2696 878 2722 ait
910 2694 1003 2722 :Por-

210 2749 310 2785 phyrii,
321 2753 386 2780 ctc.,
400 2754 481 2782 usque
495 2746 529 2772 ad
543 2744 750 2777 exterminatur,
765 2749 792 2771 ιιι
807 2751 868 2778 pag.
887 2742 950 2770 871.

249 2850 395 2878 8‹“Ιιοίίιιη1.
414 2850 509 2877 Const.
531 2851 548 2876 ‘5
574 2849 616 2876 tit.
635 2850 645 2876 1
663 2849 710 2876 lib.
740 2856 747 2875 l
774 2847 842 2875 Cod.
857 2851 899 2875 est
912 2854 972 2882 cap.

212 2895 283 2922 tituli
305 2897 314 2922 l
331 2896 377 2924 lib.
395 2904 402 2923 r
423 2896 520 2930 Basil.,
552 2904 584 2924 ac
599 2895 677 2923 decet
693 2902 865 2930 quaecunque
885 2893 912 2921 in
929 2898 1005 2920 textu

1097 2560 1221 2588 ΚΕΦΛΛ.
1240 2559 1277 2587 Γ’.
1293 2575 1328 2580 —-
1339 2560 1409 2594 Περὶ
1420 2560 1548 2592 βιϐλίων
1563 2559 1741 2594 αἱρετικῶν.

1093 2607 1264 2634 ’Λποστόλων
1272 2606 1363 2633 κανὼν
1375 2605 1407 2638 ζ’,
1419 2605 1440 2640 ξ’
1451 2615 1458 2622 ’
1470 2607 1581 2633 συνόδου
1594 2610 1624 2639 ς’
1634 2607 1730 2635 κανὼν
1737 2606 1792 2643 ξη’·
1805 2614 1857 2633 συν·

1058 2655 1119 2682 όδου
1137 2655 1253 2686 Νικαίας
1266 2654 1295 2681 τὸ
1312 2653 1334 2690 β’
1349 2655 1440 2681 κανὼν
1455 2653 1488 2681 θ’.

1093 2703 1248 2737 Κείμενον.
1267 2702 1298 2728 Ἠ
1311 2700 1334 2736 γ’
1344 2701 1413 2728 διάτ.
1425 2701 1471 2728 τοῦ
1487 2699 1511 2728 α’
1523 2700 1578 2728 τίτ.
1596 2701 1649 2728 τοῦ
1665 2705 1690 2729 α’
1702 2702 1805 2737 βιϐλίου
1817 2698 1858 2727 τοῦ

1057 2749 1172 2781 κώδικός
1197 2757 1279 2785 φησιν
1292 2769 1299 2782 ,
1318 2757 1346 2776 κ.
1358 2757 1383 2777 τ,
1398 2747 1435 2781 λ,,
1457 2755 1541 2784 usque
1566 2748 1602 2776 ad
1627 2748 1782 2784 δημεύεται
1794 2768 1801 2780 ,
1817 2745 1859 2773 καὶ

1058 2795 1223 2831 ἐξορίζεται.

1094 2842 1274 2877 Σχόλιον.Ἡ
1288 2845 1311 2877 γ’
1329 2842 1397 2870 διάτ.
1413 2841 1460 2868 τοῦ
1480 2841 1504 2869 α’
1516 2840 1570 2869 τίτ.
1588 2842 1639 2869 τοῦ
1656 2842 1681 2870 α’
1699 2841 1801 2878 βιὸλίου
1815 2837 1857 2866 τοῦ

1060 2891 1183 2924 κώδικος,
1200 2890 1257 2917 ἔστι
1275 2898 1338 2924 κεφ.
1360 2888 1383 2924 γ’
1402 2888 1450 2915 τοῦ
1473 2887 1497 2915 α’
1509 2888 1562 2916 τίτ.
1579 2889 1631 2916 τοῦ
1654 2889 1679 2917 α’
1693 2889 1797 2925 βιϐλίου
1810 2887 1858 2914 τῶν
