1948 3070
111 185 177 220 1161

569 184 814 216 NOMOCANON-
835 198 868 203 —
884 184 959 214 TIT.
979 184 1049 222 XII,
1067 184 1146 215 CAP.
1165 184 1216 221 IV,
1232 183 1285 214 1X.

1682 181 1752 216 1162

109 246 273 279 Βασιλικῶν,
290 246 338 273 καὶ
356 245 477 274 διδάσκει
491 245 542 272 ὅσα
551 245 592 277 εἰς
605 244 636 272 τδ
650 245 776 280 κείμενον
790 243 907 279 συνωῴί-
921 270 922 273 η

983 243 1153 279 nnpendiose
1174 247 1241 271 sunt
1264 244 1415 279 proposita.
1435 243 1557 272 Constit.
1582 243 1627 276 10,
1651 243 1694 271 tit.
1719 244 1747 276 4,

67 296 74 301 “
110 293 266 329 σθησαν.Ἦ
280 291 296 320 ι’
312 291 383 320 διάτ.
397 291 445 318 τοῦ
459 290 481 318 δ’
494 290 547 318 τίτ.
561 290 609 317 τοῦ
632 288 657 316 α’
672 289 775 325 βιϐλίου
788 288 836 316 τοῦ
853 288 908 315 κώ-

109 338 195 369 δικος,
209 337 268 364 ἐστι
291 345 354 371 imp.
369 335 422 372 κβ’,
444 335 492 363 τοῦ
507 335 532 362 α’
548 336 603 362 τίτ.
621 335 668 362 τοῦ
687 334 711 362 α’
728 334 830 370 βιϐλίου
853 334 908 362 τῶν

111 384 275 417 Βασιλικῶν,
289 384 337 410 καὶ
360 382 415 419 ἔχει
440 382 526 415 οὕτως
553 382 591 414 ὡς
616 382 777 418 ἐγράφη.Ἦ
794 380 820 414 ς’
836 381 908 407 διάτ.

111 430 158 457 τοῦ
167 429 187 457 ε’
197 429 250 457 τίτ.
260 429 309 456 τοῦ
321 428 345 457 α’
358 429 463 464 βιϐλίου
474 429 520 456 τοῦ
534 428 660 460 κώδικος,
670 429 728 455 ἔστι
736 436 799 462 κεφ.
810 427 851 463 κβ¹
862 427 909 454 τοῦ

112 473 137 503 α’
153 475 205 502 τίτ.
219 474 268 502 τοῦ
285 474 309 503 α’
327 474 430 510 βιϐλίου
455 475 509 502 τῶν
534 474 690 502 Βασιλικὼν
714 474 775 510 ἔχον
797 473 908 509 ὁμοίως.

118 522 151 549 Ἡ
175 521 199 557 η’
217 523 288 550 διάτ.
312 522 372 549 ἔστι
398 530 460 556 κεφ.
478 520 520 555 κγ’
537 521 585 548 τοῦ
612 521 695 548 αὑτοῦ
717 521 766 548 καὶ
787 521 842 547 τίτ,
856 520 911 547 τῶν

112 570 267 597 Βασιλιδῶν
275 570 322 597 καὶ
334 569 496 605 κατετρώθη
507 569 547 600 είς
559 569 590 595 τὸ
602 567 624 604 βξ
633 577 697 603 κεφ.
707 568 856 602 Ἀνάγνωθι
866 567 912 594 οὖν

113 615 203 648 τοῦτο,
212 616 260 643 καὶ
269 615 304 642 τὰ
316 613 445 642 ἐπέκεινα
456 614 540 641 αὑτοῦ
554 614 737 650 γεγραμμένα
753 613 912 649 παράτρεχε

114 662 152 694 ὡς
168 661 206 698 μὴ
221 660 395 697 ἐνεργοῦντα,
406 661 475 687 ἀλλὰ
487 661 658 696 σχολάσαντα
673 660 706 687 ὲκ
717 659 765 686 τοῦ
781 660 819 695 μὴ
834 660 914 696 τεθῆ-

114 716 158 735 ναι
171 709 210 740 είς
221 707 255 735 τὰ
265 707 450 735 Βασιλικά.Ἦ
464 706 501 740 ις’
511 707 582 734 διάτ.
599 707 658 733 ἐστι
673 706 745 743 θέμα
757 707 913 734 τελευταῖον

114 754 163 781 τοῦ
176 753 216 787 κζ’
228 763 291 788 κεφ.
304 754 351 782 τοῦ
365 753 448 781 αὐτοῦ
458 753 561 789 βιϐλίου
575 753 622 780 καὶ
634 753 700 786 τίτ.,
712 753 759 780 καί
768 761 834 788 φησι
846 753 914 788 πρὸς

114 801 221 832 τούτοις
237 801 328 827 πάντα
341 799 376 827 τὰ
389 799 550 835 Μανιχαίων
566 799 742 826 καιέσθωσαν
754 798 858 834 βιϐλία,
868 798 915 825 καὶ

118 847 215 883 μηδεὶς
223 847 292 874 αὐτὰ
307 846 357 882 τὴν
371 846 531 881 οἱανδήποτε
544 845 766 882 προϐαλλόμενος
777 845 915 881 πρόφασιν

116 892 203 927 ἐχέτω
227 891 359 927 ἁρμοδίαν
376 891 424 918 καὶ
446 888 525 923 οὗτος
545 891 640 924 ποινὴν
663 889 916 925 εὐλαϐούμενο;.Ἦ

959 290 1007 317 lib.
1026 298 1034 317 ι
1062 290 1124 318 cod.
1142 293 1260 325 estcap.
1280 290 1324 322 17,
1347 291 1389 318 tit.
1404 290 1431 324 1,
1448 291 1496 318 lib.
1522 298 1531 318 ι
1558 289 1642 318 Basil.
1661 294 1688 317 et
1702 291 1752 317 ha-

959 335 1005 365 bet
1020 336 1252 372 quemadmodum
1268 337 1411 372 'sct-iptum
1433 340 1485 365 est.
1501 336 1599 365 Const.
1613 336 1640 369 6,
1656 336 1698 364 tit.
1724 336 1752 368 5,

965 382 1014 409 lib.
1034 389 1043 410 ι
1066 383 1128 410 cod.
1153 388 1196 410 est
1220 390 1281 418 cap.
1299 383 1344 415 2‘2,
1362 383 1405 410 tit.
1428 384 1455 415 1,
1470 383 1520 410 lib.
1535 390 1545 410 ι
1566 383 1652 410 Basil.
1679 383 1753 418 quod
1777 403 1779 405 .

961 428 995 456 ad
1014 428 1140 456 eumdem
1157 429 1268 457 modum
1284 429 1377 456 habet.
1395 428 1515 457 Conslit.
1531 428 1558 456 8.
1579 433 1622 456 est.
1645 436 1706 464 cap.
1718 428 1755 456 25

961 475 1085 510 ejusdem
1103 475 1166 502 libri
1181 480 1207 502 et
1222 475 1294 502 tituli
1313 475 1396 503 Basil.
1414 475 1606 509 insertumque
1635 479 1754 510 estcap.

961 522 989 550 2.
1009 521 1068 550 Hoc
1082 521 1164 558 igitur
1176 521 1262 556 legas,
1276 529 1393 557 qumque
1408 521 1480 549 ultra
1497 521 1564 548 illud
1577 520 1679 556 scripta
1691 525 1757 548 sunt

963 571 1149 598 transcurras,
1171 571 1201 593 ut.
1222 573 1284 600 quae
1302 565 1371 593 nihil
1386 570 1536 600 operemur
1551 574 1558 592 :
1574 564 1620 593 sed
1635 572 1668 592 eo
1682 564 1758 600 quod

964 611 991 639 in
1013 611 1096 639 Basil.
1117 619 1171 639 non
1195 611 1252 638 sint
1277 611 1376 646 posita,
1404 615 1512 638 vacent.
1534 610 1630 638 Const.
1653 610 1698 645 16,
1716 615 1759 637 est

966 657 1057 685 thema
1072 657 1122 685 ult.
1139 664 1202 692 cap.
1225 656 1261 683 27
1278 657 1400 692 ejusdem
1418 657 1466 684 lib.
1493 661 1520 684 ct
1543 657 1585 684 tit.
1600 656 1675 692 quod
1699 656 1758 683 ait:

966 703 1007 730 Ad
1033 703 1091 731 haec
1105 711 1202 731 omnes
1216 702 1431 731 Manichaeorum
1455 703 1515 731 libri
1531 707 1756 732 concremantor.

966 748 1064 778 Nullus
1091 748 1153 778 illos
1169 749 1223 777 ulla
1251 750 1366 777 omnino
1392 757 1477 777 causa
1495 753 1627 785 praetexta
1647 750 1758 778 habeto.

966 795 1101 833 [Alioqui]
1124 801 1151 824 et
1182 796 1242 832 ipse
1273 799 1477 831 competentem
1501 803 1611 831 pcenam
1632 797 1759 825 metuito.

966 843 1086 870 Conslit.
1113 843 1138 875 5,
1157 842 1200 869 lit.
1221 850 1230 869 ι
1250 841 1438 875 Novellarum,
1469 850 1523 869 non
1544 846 1586 870 est.
1615 843 1706 876 posita
1729 843 1758 870 in

968 888 1052 916 Basil.
1065 888 1120 915 Tit.
1135 888 1163 921 2,
1179 888 1227 915 lib.
1246 896 1264 915 ι
1279 888 1337 923 Dig.
1351 889 1421 915 situs
1432 889 1514 916 estin
1528 889 1571 916 ιῑι.
1588 889 1616 921 5,
1633 890 1681 917 lib.
1706 898 1761 918 nn

118 923 147 964 εΓ
156 937 227 965 διάτ,
243 923 291 964 τοῦ
307 936 331 964 α’
348 937 399 964 τίτ.
416 937 472 964 τῶν
485 937 601 972 Νεαρῶν
614 936 645 963 οὐ
659 937 749 963 κεῖται
761 923 801 968 είς
814 935 849 963 τὰ
863 937 917 963 Ba.-

983 934 1054 962 lasil.
1076 934 1129 962 Sed
1144 933 1218 969 quod
1235 934 1309 962 illius
1325 934 1366 961 tit.
1381 934 1438 968 dig.
1455 934 1482 965 Δ,
1509 938 1573 962 ante
1589 936 1763 971 repurgalio-

120 982 260 1009 σιλικά.“0
276 981 299 1018 β’
313 982 366 1008 τίτ.
383 981 431 1009 τοῦ
457 985 473 1009 ι’
495 981 600 1017 βιϐλίου
614 981 669 1008 τῶν
684 982 755 1008 διάτ.
772 982 861 1008 κεῖται
878 981 919 1014 είς

117 1029 172 1055 τίτ.
190 1028 213 1063 Υ
227 1028 275 1055 τοῦ
298 1027 341 1063 μβ¹
356 1027 461 1063 βιϐλίου
476 1027 531 1054 τῶν
543 1027 708 1054 Βασιλικῶν.
731 1026 805 1062 Πλὴν
820 1027 850 1054 τὸ
866 1027 920 1062 πρὸ

117 1075 168 1110 τῆς
189 1074 404 1110 ἀνακαθάρσεως
428 1074 556 1110 κείμενον
578 1074 648 1101 διάτ.
663 1074 710 1100 τοῦ
726 1073 849 1100 τοιούτου
864 1074 919 1102 τίτ.

120 1121 204 1156 φησιν
216 1122 256 1148 ὅτι
269 1121 308 1148 Οὐ
318 1121 487 1157 διαιροῦνται
494 1121 530 1148 τὰ
544 1120 651 1156 μαγικὰ
663 1120 753 1155 βιϐλία
766 1119 859 1153 καθὼς
872 1120 920 1147 καὶ

123 1166 290 1202 συνοκμσθη.
308 1166 346 1193 To
362 1165 384 1201 β’
401 1166 473 1202 θέμα
495 1165 544 1193 τοῦ
567 1165 588 1192 δ’
608 1174 672 1200 κεφ.
690 1165 739 1192 τοῦ
761 1164 786 1200 γ’
806 1166 860 1193 τίτ.
871 1165 920 1193 τοῦ

123 1212 167 1248 μβ¹
185 1213 289 1248 βιϐλίου
314 1213 494 1250 κατεστρώθη
514 1214 557 1245 είς
570 1212 601 1240 τὸ
625 1211 664 1240 κε’
679 1221 742 1247 κεφ.
760 1213 808 1240 τοῦ
828 1212 851 1240 0'
865 1213 918 1240 τίτ.

122 1259 170 1287 τοῦ
183 1260 317 1296 παρόντος
328 1260 518 1295 συντάγματος
527 1259 543 1287 δ
553 1259 602 1286 καὶ
613 1259 763 1294 ἀνάγνωθι.
772 1259 805 1286 'H
817 1258 836 1286 ε’
847 1259 918 1288 διάτ,

970 989 1031 1008 nem
1049 981 1166 1016 positum
1182 980 1245 1013 fuit,
1268 980 1424 1014 ait:\Quod
1443 981 1540 1017 magici
1562 981 1625 1008 libri
1652 989 1706 1009 non
1722 983 1765 1010 di-

969 1027 1108 1059 viduntur,
1128 1028 1361 1063 quemadmodum
1377 1027 1572 1062 compendiose
1592 1028 1765 1062 propositum

971 1074 1038 1102 fuit:
1059 1074 1149 1101 thema
1171 1073 1260 1110 [vero]
1275 1074 1304 1107 2,
1319 1081 1380 1109 cap.
1396 1073 1442 1106 24,
1459 1074 1502 1101 lit.
1518 1074 1545 1107 5,
1562 1074 1610 1101 lib.
1628 1082 1703 1107 xui,
1719 1074 1763 1102 in-

970 1125 1073 1149 scrtum
1105 1125 1147 1148 est
1161 1127 1222 1155 cap.
1240 1120 1286 1153 ΞΒ,
1312 1120 1354 1147 tit.
1371 1119 1548 1155 9'praasentis
1567 1121 1670 1155 operis,
1692 1120 1766 1156 quod

974 1167 1057 1194 etiam
1069 1166 1154 1202 legas.
1171 1166 1268 1195 Const.
1285 1166 1312 1199 5,
1328 1167 1362 1194 tit
1373 1167 1391 1194 3
1402 1165 1589 1200 Novellarum,
1603 1171 1646 1194 cst
1659 1167 1767 1194 novella

974 1212 1123 1241 Justiniani
1140 1212 1192 1240 M6
1214 1212 1305 1248 posita
1323 1211 1398 1248 [quae
1411 1211 1467 1249 est]
1493 1213 1521 1240 in
1537 1220 1599 1248 cap.
1615 1212 1661 1245 55,
1679 1213 1721 1240 tit.
1741 1213 1768 1246 1,

975 1260 1024 1287 lib.
1035 1267 1041 1286 l
1053 1259 1149 1291 BasiI.,
1162 1259 1235 1294 quod
1249 1259 1342 1286 itidem
1359 1259 1443 1294 legas.

122 1305 203 1341 τοῢγ’
210 1306 263 1334 τίτ.
271 1306 326 1334 τῶν
342 1306 533 1343 Νεαρῶν,ἔστι
551 1307 637 1344 νεαρὰ
649 1307 867 1339 Ἰουστινιάνειος
877 1306 943 1343 ρμς¹
963 1307 1078 1343 κειμένη
1104 1307 1133 1333 ὲν
1147 1315 1210 1341 κεφ.
1228 1304 1275 1338 νε’,
1290 1306 1338 1333 τοῦ
1348 1304 1382 1340 ,α’
1397 1306 1468 1334 ⁸τίτ.
1488 1306 1537 1333 τοῦ
1559 1309 1583 1334 α’
1596 1306 1700 1342 βιϐλίου
1715 1307 1770 1335 τῶν

125 1353 291 1386 Βασιλιδῶν,
311 1354 326 1381 δ
344 1355 392 1381 καὶ
411 1353 563 1389 ἀνάγνωθι.

123 1404 136 1436 ι
161 1400 286 1428 ΚΕΦΔΛ.
305 1399 341 1428 Δ’.
357 1416 392 1421 -—
405 1401 475 1435 Περὶ
490 1401 692 1435 καθαιρέσεως
707 1401 835 1434 ξοάνων.

161 1447 276 1474 Συνόδου
295 1447 496 1483 Καρθαγέννης
514 1447 605 1475 κανὼν
623 1447 674 1484 νη’.
690 1447 745 1476 πδ.

161 1493 317 1529 Κείμενον.
335 1494 368 1521 Ἡ
389 1493 414 1521 α’
435 1494 507 1522 διάτ.
523 1495 571 1522 τοῦ
588 1498 623 1522 ια’
637 1495 690 1523 τίτ.
710 1494 758 1522 τοῦ
783 1494 808 1523 α’
825 1494 927 1531 βιϐλίου

125 1541 174 1568 τοῦ
188 1540 303 1572 κώδικος
313 1540 420 1567 κελεύει
431 1540 467 1568 τὰ
479 1540 540 1576 ιερὰ
551 1541 771 1577 κ).είεσοαι,ἥτις
781 1542 832 1569 οὐκ
843 1541 923 1578 ἐτέθη

127 1587 167 1618 εἰς
180 1586 215 1613 τὰ
227 1586 370 1614 Βασιλικά.

165 1633 291 1660 ΚΕΦΛΛ.
309 1631 347 1659 E’.
359 1632 473 1667 -Περί
488 1633 664 1667 Νεστορίου,
681 1633 851 1664 Μουσαίου,
866 1632 924 1660 Εὐ-

128 1679 285 1714 τυχιάνου,
297 1679 478 1714 Πορφιιρίου,
494 1678 649 1713 Μαξίμου,
665 1679 714 1706 καί
727 1679 924 1711 Κελεστίνου,

129 1727 180 1754 καὶ
202 1726 263 1754 τῶν
282 1725 335 1754 ὑπ’
348 1726 449 1754 αὐτῶν
471 1725 688 1753 καταστάντων·
712 1725 878 1761 αἰρετικῶν,
904 1726 925 1761 ἣ

129 1772 300 1807 ὀρθοδόεων
310 1772 528 1806 ἐκϐληθέντων.

165 1819 279 1846 Συνόδου
304 1818 618 1851 Κωνσταντινουπόλιως
644 1817 736 1846 κανὼν
760 1817 795 1846 δ’·
814 1818 926 1846 συνόδου

136 1865 251 1900 Ἐφέσου
277 1863 369 1892 κανὼν
391 1863 428 1896 α’,
449 1863 482 1899 β’,
503 1863 540 1898 γ’,
564 1863 596 1897 δ’,
614 1864 650 1892 ε’”
666 1865 776 1892 συνόδου
793 1865 927 1901 Σαρδιιιῖπ

130 1911 222 1948 κανὼν
233 1910 269 1939 κ’.

165 1959 293 1986 ΚΕΦΛΔ.
310 1956 354 1993 Ci”.
367 1958 481 1994 -Περι
496 1959 549 1986 τοῦ
560 1959 605 1994 μὴ
620 1958 754 1994 ὀφείλειν
772 1957 928 1993 ἀναφορὰν

131 2007 269 2042 γίνεσθαι
286 2007 434 2041 παρόντος
456 2006 616 2040 αλρετικοῦ.

167 2052 302 2088 Τιμοθέου
315 2052 405 2080 κανὼν
415 2051 448 2080 θ’.

168 2099 296 2127 ΚΕΦΔΛ.
309 2097 348 2127 Ζ¹.
360 2114 396 2120 -—-
407 2099 478 2133 Περὶ
493 2097 648 2134 κληρικῶν
659 2098 815 2134 αἱρετικῶν
830 2097 868 2134 τῇ
881 2099 930 2134 ὀρ-

132 2145 249 2178 θοδόξῳ
267 2146 455 2180 προσιόντων
471 2145 646 2179 Ἐκκλησία.

169 2191 285 2219 Συνόδου
303 2192 518 2228 Καρθαγέννης,
535 2191 627 2219 κανὼν
651 2191 699 2226 νζ’,
714 2191 771 2228 ξη¹⁶
788 2191 929 2219 Daedalon

1014 1399 1092 1428 CAP.
1111 1398 1156 1427 IV.
1169 1413 1205 1419 —
1219 1398 1258 1426 De
1274 1398 1399 1426 tollendis
1414 1399 1577 1428 simulacris.

1013 1447 1130 1474 Concilii
1147 1445 1372 1482 Carthaginensis
1387 1453 1475 1474 canon
1491 1447 1536 1479 58,
1549 1448 1595 1475 81.

1015 1493 1124 1521 Tenus.
1139 1493 1271 1525 Const.l,
1284 1493 1332 1526 tit.
1344 1493 1373 1525 2,
1391 1493 1437 1521 lib.
1455 1501 1463 1521 ι
1487 1494 1646 1529 cod.jubet.
1660 1502 1690 1524 ut
1703 1501 1772 1526 tem-

979 1541 1023 1577 pla
1040 1541 1295 1575 claudantur:qua
1308 1547 1363 1568 non
1378 1544 1420 1568 est
1434 1541 1525 1577 posita
1541 1542 1570 1569 in
1587 1541 1673 1570 Basil.

1014 1632 1089 1661 CAP.
1104 1631 1216 1660 [μοι
1231 1630 1366 1664 Nestoria.
1382 1631 1411 1658 Μ
1414 1640 1493 1663 nstro.
1507 1633 1684 1668 Eutyeltiano,
1705 1635 1774 1663 Por-

979 1680 1084 1715 phyrio,
1103 1678 1231 1709 Maximo.
1247 1677 1372 1712 Celestio,
1397 1683 1423 1705 et
1442 1678 1576 1707 lurrelicis
1595 1681 1640 1715 qui
1652 1681 1685 1708 ab
1708 1683 1774 1718 ipsis

980 1729 1021 1765 [in
1045 1724 1186 1762 Ecclesiis]
1209 1727 1347 1754 constituti
1371 1732 1445 1760 sunt,
1463 1731 1543 1762 atque
1562 1728 1718 1758 orthodozis
1730 1732 1777 1766 qui

979 1775 1056 1810 ejecti
1067 1779 1139 1801 sunt.

1016 1822 1134 1850 Concilii
1161 1820 1459 1855 Constantinopolitani
1486 1828 1575 1848 canon
1600 1823 1632 1855 ις
1659 1822 1771 1850 concilii

981 1867 1112 1904 Ephesini
1132 1875 1221 1896 canon
1239 1867 1266 1901 1,
1286 1867 1315 1900 2,
1332 1867 1360 1901 5,
1374 1868 1402 1902 4,
1424 1867 1459 1901 5;
1483 1869 1592 1896 concilii
1605 1869 1779 1899 Sardicensis

981 1922 1069 1942 canon
1081 1913 1126 1941 20.

1017 1960 1094 1989 CAP.
1110 1959 1154 1988 γι,
1168 1975 1204 1980 —-
1218 1957 1390 1987 Oblationem
1406 1968 1458 1987 non
1471 1968 1527 1988 esse
1539 1961 1690 1996 faciendam
1705 1970 1776 1998 pra:-

982 2012 1055 2035 scnte
1079 2007 1212 2034 ha'retico.

1018 2052 1156 2080 Timothei
1167 2060 1256 2081 canon
1270 2054 1298 2082 9.

982 2101 999 2130 ξ’
1019 2099 1096 2128 CAP.
1113 2099 1169 2128 νη.
1183 2116 1218 2121 -
1235 2101 1274 2128 De
1288 2101 1390 2130 clericis
1405 2102 1547 2137 Interdicis,
1558 2103 1602 2139 qui
1621 2103 1776 2132 orthodoxa:

984 2145 1111 2174 Ecclesia:
1137 2148 1277 2175 accedunt.

1021 2193 1135 2222 Concilii
1163 2194 1389 2231 Carthaginensis
1422 2204 1511 2224 canon
1535 2196 1582 2230 57,
1609 2196 1660 2230 68;
1684 2196 1777 2225 Basilii

133 2238 224 2266 κανὼν
240 2236 279 2265 α’·
297 2237 429 2273 Θεοφίλου
442 2239 475 2266 ἐκ
484 2238 532 2266 τοῦ
552 2238 772 2275 Ύπομνηστικοΰ
787 2237 879 2266 κανὼν
895 2238 920 2266 α’

986 2247 1074 2269 canon
1089 2242 1101 2268 1
1115 2249 1123 2274 ;
1139 2241 1285 2276 Theophili
1295 2249 1329 2270 ex
1342 2241 1564 2271 Commonitorio
1579 2250 1668 2271 canon
1683 2243 1711 2270 1.

170 2284 299 2312 ΚΕΦΑΛ.
312 2283 354 2312 H’.
372 2299 401 2305 -—
412 2285 484 2320 Περὶ
501 2285 678 2312 ἐπισκόπων
690 2285 933 2320 συγκοινωνούν-

134 2339 205 2365 των,
220 2330 239 2365 ἢ
255 2330 490 2366 συνευχομένων
503 2331 664 2366 αἰρετικοῖς
677 2331 697 2366 ἢ
712 2331 935 2366 ἐπιτρεπόντων

134 2377 239 2411 αὐτοῖς
258 2377 401 2414 ἐνεργεῖν,
415 2377 436 2413 ἣ
451 2378 624 2414 δεχομένων
639 2378 801 2415 βάπτισμα
823 2378 934 2412 αὐτῶν,

135 2425 156 2459 ἣ
172 2424 294 2452 θυσίαν.

173 2468 345 2498 ’Δποστόλων
356 2470 447 2498 κανὼν
460 2469 486 2504 ι’,
500 2470 552 2506 με’,
566 2470 614 2506 μς¹
625 2479 633 2487 α
647 2471 757 2499 συνόδου
769 2471 936 2507 Ἀντιοχείας

135 2515 228 2544 κανὼν
237 2516 258 2552 β’
267 2524 274 2531 ·
289 2517 401 2545 συνόδου
414 2517 575 2549 Λαοδικείας
583 2517 673 2545 κανὼν
682 2517 733 2554 λγ¹.
742 2517 892 2553 ’Δνὰγνωθι
901 2518 937 2545 τὰ.

137 2564 400 2599 παραγεγραμμένα
411 2564 441 2591 ιν
462 2564 502 2599 τῷ
516 2563 547 2591 ιε’
557 2572 621 2599 κεφ.
632 2565 680 2592 τοῦ
702 2564 727 2599 γ’
742 2566 797 2593 τίτ.
807 2565 856 2592 τοῦ
867 2573 938 2601 παρ-

137 2610 218 2641 όντος
234 2610 437 2645 συντάγματος.

177 2656 304 2684 ΚΕΦΛΛ.
319 2655 358 2683 Θ’.
370 2671 406 2677 -
423 2656 494 2691 Περὶ
518 2657 713 2690 ἐπισκόπων,
737 2658 757 2694 ἢ
786 2658 938 2693 κληρικῶν

138 2703 358 2737 λαμϐανόντων
366 2703 509 2738 εὐλογίας
516 2703 551 2736 ἐξ
561 2703 725 2738 αἰρετικῶν·
736 2705 756 2740 ἣ
770 2705 936 2738 Ἰουδαίων,

140 2748 160 2783 ἢ
177 2747 350 2782 εὐχομένων
366 2748 568 2782 Ἑκκλησίαις,
582 2749 601 2783 ἤ
615 2749 650 2776 ὲν
662 2752 878 2785 μοναστηρίοις
893 2753 939 2778 alo

136 2792 277 2828 ρετικῶν,
293 2793 313 2829 ἢ
329 2793 469 2827 ἐθνικῶν,
481 2794 500 2829 ἢ
515 2794 762 2829 σαϐϐατιζόντων,
777 2797 797 2831 ἢ
808 2803 938 2831 συνεορ-

139 2839 290 2870 ταζόντων
306 2841 369 2874 τοῖς
386 2841 555 2875 Ἰουδαίοις,
574 2841 594 2876 ἢ
613 2844 848 2877 προσφερόντων
861 2851 938 2872 συν-

140 2883 283 2920 αγωγαῖς,
302 2885 322 2920 ἣ
342 2886 432 2920 ἱεροῖς
447 2886 553 2920 ἐθνῶν,
568 2887 619 2914 καὶ
634 2888 700 2922 περὶ
714 2888 891 2924 ἁλί-γενικῶν.

178 2931 350 2959 ’Δποστόλων
364 2933 454 2961 χανὼν
469 2932 516 2967 Es’,
532 2933 568 2960 0"
586 2934 696 2963 συνόδου
711 2935 874 2969 Λαοδικείας
890 2945 939 2964 κα-

307 2983 447 3014 Pn‘aon.
466 2983 525 3014 Gn.
542 2983 619 3015 CIV.

1022 2287 1099 2315 CAP.
1114 2288 1184 2315 VIII.
1200 2302 1235 2309 -
1255 2288 1294 2316 De
1311 2289 1443 2325 episcopis
1464 2293 1489 2316 et
1509 2290 1613 2317 clericis
1637 2291 1682 2325 qui
1705 2298 1779 2317 com-

986 2334 1122 2361 municant
1137 2334 1177 2362 vel
1201 2343 1290 2369 preces
1312 2335 1475 2371 conjungunt
1497 2344 1558 2363 cum
1572 2336 1716 2369 haereticis,
1733 2342 1779 2364 aut

985 2379 1051 2414 ipsis
1071 2379 1180 2416 [sacris]
1194 2382 1300 2416 operari
1315 2382 1472 2415 concedunt,
1494 2388 1540 2410 aut
1555 2383 1674 2418 ipsorum
1687 2383 1782 2419 bapti—

992 2434 1080 2454 smum
1097 2427 1137 2454 vel
1152 2428 1317 2462 mori/icium
1332 2429 1490 2464 suscipiunt.

1026 2473 1222 2508 Apostolorum
1238 2482 1327 2502 canon
1354 2475 1406 2509 10,
1431 2476 1477 2508 45,
1492 2475 1543 2509 ιθξ
1560 2477 1670 2504 concilii
1686 2476 1783 2505 Antio-

987 2520 1068 2548 chcni
1086 2528 1174 2549 canon
1193 2521 1228 2555 2;
1246 2522 1356 2550 concilii
1372 2522 1518 2551 Laotliceni
1534 2531 1623 2551 canon
1647 2524 1694 2552 35.
1712 2524 1784 2560 Lege

988 2574 1049 2602 qua:
1064 2571 1195 2595 annolata
1205 2572 1270 2596 sunt
1285 2567 1312 2596 in
1327 2576 1388 2605 cap.
1405 2569 1450 2603 15,
1464 2570 1506 2598 tit.
1524 2570 1542 2598 3
1559 2571 1704 2606 praesentis
1717 2579 1784 2607 ope-

987 2621 1037 2641 I'IS.

1023 2660 1100 2688 CAP.
1119 2661 1163 2690 IX.
1181 2676 1217 2682 —-
1231 2661 1268 2689 De
1279 2662 1408 2698 episcopis
1430 2667 1455 2690 et
1472 2663 1576 2691 clericis
1589 2664 1634 2700 qui
1650 2664 1682 2691 ab
1698 2664 1784 2693 haere-

990 2707 1050 2735 ticis
1065 2708 1104 2736 vel
1115 2708 1221 2736 Judwis
1235 2708 1441 2736 benedictionem
1459 2711 1613 2745 accipiunt:
1628 2715 1675 2737 aut
1692 2711 1720 2738 in
1735 2710 1786 2738 Ec-

989 2753 1078 2781 clesiis
1103 2753 1144 2781 vel
1166 2755 1334 2782 monasteriis
1366 2755 1565 2789 Ilwrelicorum‘;
1589 2756 1785 2785 ethnicorumve

989 2804 1088 2828 orant:
1105 2805 1153 2828 aut
1173 2809 1233 2828 cum
1254 2801 1359 2829 Judteis
1381 2801 1500 2830 Sabbam
1513 2811 1634 2830 eorumve
1649 2803 1717 2838 festa
1740 2804 1786 2831 ob-

989 2849 1119 2872 servant:
1146 2851 1192 2872 ant
1216 2846 1504 2882 synagogistcmpliwe
1528 2846 1645 2881 gentium
1660 2847 1785 2882 oﬂ‘erunt,

990 2896 1013 2919 et
1035 2891 1070 2918 de
1084 2891 1218 2926 angelitis.

1026 2939 1221 2974 Apostolorum
1247 2946 1336 2967 canon
1362 2939 1407 2972 65,
1422 2939 1485 2975 :70;
1511 2940 1619 2966 concilii
1637 2939 1786 2969 Laodiceni

1579 2987 1618 3018 ΣΠ
