1948 3070
202 170 273 204 1163

794 165 927 197 PHOTII
946 164 1202 196 PATRIARCH/E
1214 164 1268 195 ΟΡ.

1775 162 1842 196 1164

200 235 300 261 canon,
315 227 343 260 9,
360 225 407 259 29,
418 225 465 259 52,
479 223 525 258 55,
544 224 590 258 57,
608 223 655 256 38,
668 222 714 255 39.
726 222 778 255 l2;
793 222 905 250 concilii
923 221 992 250 sexti

1059 219 1097 247 ὼν
1116 219 1148 253 θ’,
1164 219 1216 253 κθ’,
1238 218 1289 255 λβ’,
1312 219 1360 254 λε’,
1380 219 1429 254 λζ’,
1447 219 1497 256 λη’,
1519 219 1569 254 λθ’,
1587 219 1632 257 μβ¹
1644 227 1650 236 ·
1673 220 1782 248 συνόδου
1805 218 1842 252 ς”

201 282 288 303 canon
304 275 346 300 ll.

237 320 346 348 Textus.
369 319 462 346 Const.
479 319 506 349 l,
527 317 568 345 tit.
584 316 613 349 9,
635 316 682 344 lib.
707 323 714 343 1
736 315 797 343 cod.
816 315 854 342 ait
877 323 883 342 :
914 313 996 348 Quod

199 366 386 398 universitati,
400 371 556 400 elc.,usque
576 363 611 390 ad
630 366 811 398 proventuum
836 361 994 394 insumitur,

200 417 229 439 ut
243 420 304 447 pag.
318 411 381 438 882.

237 457 384 485 Scltolium.
398 455 515 483 Constit.
532 455 558 488 ί,
578 454 622 481 tit.
637 454 664 486 9,
686 453 735 481 lib.
755 460 774 485 1,
795 453 857 480 cod.
882 460 936 480 non
953 457 997 480 est

199 505 291 540 posita
306 504 333 531 in
348 503 439 530 Basil.-
451 502 554 537 Digest.
569 501 597 535 8,
617 501 660 528 tit.
677 500 703 532 5,
728 500 775 528 lib.
793 508 875 527 XXUV
891 499 993 534 Digest.

201 555 244 578 est
258 558 319 585 cap.
334 549 380 582 20,
398 549 439 576 tit.
459 548 486 580 8,
502 548 550 575 lib.
567 555 642 580 XLIV,
655 546 728 582 quod
746 546 813 573 dicit
825 552 997 581 quaecunque

207 597 235 624 in
253 600 330 624 textu
344 594 539 630 compendiose
557 598 621 620 sunt
637 592 786 628 propesila.
811 591 865 618 Tit.
882 591 926 622 I18,
947 592 994 618 lib.

200 651 227 670 v1
245 643 306 670 cod.
334 641 441 677 positus
464 645 506 667 est
521 640 547 666 in
566 646 626 673 cap.
644 639 679 666 54
705 638 830 673 ejusdem
861 638 896 664 18
911 637 995 672 tituli,

200 689 249 716 lib.
266 695 338 718 XLIV,
358 687 429 721 quod
459 692 577 720 quaeras,
603 690 685 719 atque
701 682 837 720 [insuper]
854 685 996 718 sequentia

200 743 262 771 cap.
283 735 378 762 Const.
395 733 422 765 9,
440 733 484 759 tit.
509 732 538 762 2,
558 731 607 758 lib.
624 739 633 758 1
651 731 714 758 cod.
728 735 843 766 estcap.
857 730 901 763 14,
915 731 956 758 tit.
970 731 994 763 l,

206 783 256 810 lib.
270 789 278 809 1
294 779 378 808 Basil.
391 778 463 814 quod
476 779 573 806 eadem
587 777 675 812 jubet.

1048 265 1141 293 κανὼν
1158 265 1202 293 ια’.

1083 312 1238 345 Κειμενον.
1257 311 1326 340 Ὴια’
1339 312 1411 340 διάτ.
1423 312 1472 339 τοῦ
1485 311 1574 340 θ’·τίτ.
1587 311 1635 340 τοῦ
1650 311 1674 339 α’
1687 311 1788 348 βιϐλίου
1799 311 1844 339 τοῦ

1047 358 1174 391 κώδικος,
1184 359 1277 394 φησὶν,
1290 367 1317 386 κ.
1330 367 1357 387 1.
1369 358 1407 392 λ.,
1422 366 1509 394 usque
1521 360 1555 387 ad
1569 358 1718 395 ὁμοιότητα
1731 358 1785 386 τῶν
1796 367 1845 385 πο-

1047 404 1160 432 λιτικῶν
1176 404 1326 441 προσόδων.

1082 451 1223 486 Σχόλιον.
1243 451 1274 477 Ἦ
1290 450 1316 477 α’
1329 451 1399 478 διάτ.
1413 451 1460 478 τοῦ
1474 450 1496 478 θ’
1512 450 1567 479 τίτ.
1578 451 1626 478 τοῦ
1645 450 1669 479 α’
1684 450 1787 487 βιϐλίου
1800 451 1846 478 τοῦ

1047 495 1162 528 κὼδικος
1177 496 1228 523 οὐκ
1243 496 1321 532 ἐτέθη
1347 497 1389 528 είς
1411 497 1446 524 τὰ
1466 496 1609 525 Βασιλικά.
1625 497 1662 524 Τὸ
1677 496 1703 532 η’
1714 497 1784 524 διάτ.
1799 496 1844 523 τοῦ

1049 541 1068 568 ε’
1083 541 1137 568 τίτ.
1160 541 1207 568 τοῦ
1231 540 1269 568 λό’
1285 541 1388 576 βιϐλίου
1403 541 1458 568 τῶν
1473 542 1544 569 διατ.
1558 541 1616 568 ἔστι
1630 550 1695 575 κεφ.
1711 540 1737 569 α’
1748 541 1795 568 τοῦ
1811 545 1845 577 ιη’

1047 587 1100 613 τίτ.
1114 586 1162 612 τοῦ
1187 585 1228 621 μδ’
1244 585 1347 621 βιϐλίου
1361 586 1440 621 λέγον
1455 587 1506 614 ὅσα
1522 588 1564 619 είς
1587 587 1617 614 τὺ
1636 587 1765 623 κείμενον
1785 596 1846 614 συν-

1047 631 1217 667 ωψίσοησαν.
1226 631 1256 659 '0
1267 631 1322 667 Ιμη¹
1339 632 1393 659 τίτ.
1418 632 1465 659 τοῦ
1484 631 1512 666 ς’
1534 632 1637 668 βιϐλίου
1661 633 1709 660 τοῦ
1735 633 1846 664 κώδικος

1048 678 1127 713 ἐτέθη
1145 678 1185 710 είς
1200 687 1262 713 κεφ.
1279 677 1312 711 λ’,
1326 679 1374 706 τοῦ
1389 679 1471 706 αὑτοῦ
1488 679 1524 715 ιη’
1538 679 1590 707 τίτ.
1606 679 1652 707 τοῦ
1673 679 1715 715 μδ¹
1731 679 1845 715 βιϐλίου·
1871 702 1874 704 .

1048 723 1096 750 καὶ
1117 723 1194 759 ζήτει
1219 723 1298 750 τοῦτο
1309 745 1316 755 ,
1333 723 1381 751 καὶ
1397 725 1432 751 τὰ
1450 725 1509 760 μετ’
1524 725 1590 752 αὐτὸ
1602 734 1665 760 κεφ.
1683 725 1717 752 Ἦ
1734 725 1756 752 θ’
1775 725 1846 753 διάτ.

1048 770 1095 797 τοῦ
1115 770 1149 797 ια’
1163 771 1215 798 τίτ.
1233 770 1281 798 τοῦ
1296 770 1320 798 α’
1336 770 1440 806 βιϐλίου
1458 771 1505 798 τοῦ
1522 771 1650 804 κώδικος,
1667 771 1726 799 ἔστι
1740 780 1803 806 κεφ.
1818 771 1849 799 ι’δ

1048 815 1095 842 τοῦ
1108 819 1132 844 α’
1144 817 1197 844 τίτ.
1212 816 1259 844 τοῦ
1275 816 1299 844 α’
1311 816 1415 853 βιϐλίου
1430 817 1485 845 τῶν
1497 817 1650 845 Βασιλικῶν
1663 818 1698 845 τὰ
1714 818 1784 845 αὐτὰ
1796 827 1849 846 πα-

1052 863 1280 900 ρακελευόμενον.

175 922 181 928 '
237 912 316 941 CAP.
326 911 347 939 X
354 910 438 940 .—De
446 910 566 945 episcopo
577 908 621 943 qui
629 908 714 935 sciens
725 907 878 935 hwreticum
885 906 919 934 ad
929 915 997 934 com-

1089 909 1181 937 ΚΕΦΛ
1191 909 1292 938 A.l'.-—
1298 910 1369 945 Περὶ
1383 910 1553 938 ἐπισκόπου
1567 910 1603 938 ἐν
1616 910 1730 945 είδήσει
1743 911 1850 947 λέτον-

202 960 353 987 munionem
365 958 489 984 idoneum
504 955 583 992 [esse]
595 955 672 983 dicit.

238 1004 355 1033 Concilii
370 1001 598 1036 Carthaginensis
613 1008 701 1028 canon
720 999 782 1027 124.

238 1051 316 1079 CAP.
332 1049 378 1078 X1.
396 1063 429 1069 -ο
446 1047 509 1075 Non
534 1047 650 1075 eundum
676 1054 733 1074 esse
757 1046 791 1073 ad
813 1045 999 1074 hereticorum

199 1099 287 1134 falsos
304 1101 444 1131 martyres.

238 1143 355 1172 Concilii
371 1141 518 1170 Laodiccni
533 1147 620 1168 canon
633 1139 678 1167 '54.

203 1181 220 1193 ⁸
242 1190 318 1218 CAP.
336 1188 396 1217 Xll.
412 1204 449 1210 —
466 1187 508 1215 Ne
518 1187 637 1215 haeretici
651 1186 790 1214 ecclesiam
805 1186 999 1222 ingrediantur.

237 1284 358 1313 :Concilii
373 1281 520 1310 Laudiceni
535 1288 623 1309 canon
639 1280 665 1308 6.

241 1330 319 1359 CAP.
340 1328 411 1356 Xlll.
428 1342 465 1349 —
481 1327 518 1354 De
543 1326 714 1354 matrimonio
738 1325 922 1353 liwreticorum
940 1333 999 1353 cum

205 1377 370 1406 orthodoxis.

240 1422 355 1451 Concilii
380 1420 528 1449 Laodiceni
549 1426 638 1447 canon
660 1418 702 1451 l0,
717 1417 748 1445 3|
765 1427 772 1451 ;
787 1417 898 1445 concilii
917 1416 999 1444 Chal-

205 1468 369 1497 cedonensis
391 1475 481 1494 canon
497 1466 548 1499 14;
563 1465 675 1493 concilii
696 1463 922 1499 Carthaginensis
947 1471 994 1491 ca-

205 1523 259 1543 non
275 1515 321 1548 2t,
336 1514 372 1541 2L
384 1512 515 1549 ;',concilii
532 1511 602 1539 sexti
621 1518 710 1539 canon
728 1510 772 1538 72.

1051 964 1103 989 τος
1118 957 1297 984 κοινωνικὸν
1310 957 1364 984 τὸν
1380 958 1542 992 αιρετικόν.

1088 1002 1202 1029 Συνόδου
1218 1002 1415 1038 Καρθαγὲννης
1429 1002 1521 1030 κανὼν
1537 1001 1608 1039 pag.

1089 1048 1215 1075 ΚΕΦΑΛ.
1229 1047 1280 1076 1Α’.
1296 1063 1332 1069 -
1346 1049 1416 1084 Περὶ
1428 1049 1482 1076 τοῦ
1491 1049 1535 1084 μὴ
1548 1049 1669 1077 ἀπιέναι
1682 1051 1759 1084 πρὸς
1778 1051 1850 1084 τοὺς

1053 1092 1114 1120 τῶν
1130 1093 1286 1128 αιρετικῶν
1300 1094 1561 1130 ψευδομάρτυρας.

1089 1139 1203 1167 Συνόδου
1217 1139 1380 1172 Λαοδικείας
1394 1140 1485 1167 κανὼν
1497 1139 1544 1168 λδ’.

1089 1185 1216 1212 ΚΕΦΛΛ.
1232 1184 1321 1213 lB'.—
1335 1185 1405 1220 Hspl
1419 1186 1474 1213 τοῦ
1488 1186 1533 1222 μὴ
1544 1185 1672 1213 εἰσιέναι
1690 1186 1762 1220 τοὺς
1775 1188 1852 1221 alpe-

1052 1231 1157 1265 τικοὺς
1172 1233 1216 1265 είς
1232 1232 1290 1266 τὴν
1298 1232 1479 1267 ἐκκλησίαν.

1085 1277 1199 1304 Συνόδου
1214 1277 1377 1309 Λαοδικείας
1390 1278 1481 1306 κανὼν
1497 1279 1536 1312 ς’.

1085 1323 1212 1351 ΚΕΦΑΛ.
1226 1323 1275 1351 II".
1288 1338 1325 1344 —
1343 1323 1414 1358 Περὶ
1426 1325 1528 1360 γάμων
1540 1327 1699 1361 αἰρετικῶν
1712 1327 1789 1362 πρὸς
1804 1327 1852 1362 ὀρ-

1050 1370 1206 1403 θοδόξους.

1086 1417 1200 1444 Συνόδου
1214 1416 1376 1450 Λαοδικείας
1392 1418 1483 1445 κανὼν
1499 1418 1526 1451 ι’,
1543 1419 1600 1446 λα’·
1617 1420 1727 1447 συνόδου
1738 1419 1850 1454 Χαλκη-

1049 1463 1125 1495 δόνος
1150 1462 1242 1490 κανὼν
1269 1461 1317 1490 ιδ’·
1344 1464 1453 1491 συνόδου
1470 1465 1668 1503 Καρθαγέννης
1681 1465 1772 1494 κανὼν
1785 1475 1824 1493 κα
1841 1475 1850 1482 ·

1050 1509 1159 1536 συνόδου
1174 1508 1212 1541 ς’,
1229 1509 1319 1536 κανὼν
1329 1509 1378 1545 οβ’.

240 1563 354 1595 Qmeras
368 1569 432 1589 vero
446 1561 497 1588 hac
507 1560 541 1587 de
556 1558 608 1596 [re]
627 1566 693 1587 sane
709 1567 792 1594 quam
805 1559 952 1595 pulchrum
966 1566 999 1586 ex
1015 1559 1169 1586 eanonibus
1187 1558 1280 1586 Basilii
1319 1558 1409 1595 Magni
1433 1558 1468 1587 ad
1499 1558 1734 1594 Amphilochium,
1765 1567 1852 1588 cano-

205 1617 267 1638 ncm
281 1610 308 1641 9,
325 1609 397 1636 circa
415 1607 507 1634 ﬁnem.

242 1657 350 1684 Textue.
360 1655 454 1683 Civilis
467 1655 509 1681 lex
527 1652 647 1687 tametsi,
657 1657 723 1686 elc.,
733 1659 816 1687 usque
828 1653 863 1680 ad
875 1652 997 1681 adulterii

1057 1660 1067 1673 με
1088 1652 1242 1685 Κείμενον.
1264 1651 1294 1678 '0
1312 1650 1449 1682 πολιτικὸς
1463 1651 1556 1686 νόμος,
1573 1651 1597 1677 εί
1613 1651 1662 1678 καὶ
1680 1651 1715 1678 τὰ
1731 1651 1854 1686 μάλιστα

204 1707 361 1734 accusatur,
379 1705 408 1727 ut
418 1707 480 1735 pug.
489 1698 554 1726 886.

240 1794 390 1822 Srhalium.
406 1792 460 1820 Tit.
480 1792 509 1823 2,
529 1792 576 1820 lib.
605 1799 673 1818 χχιιι
698 1790 758 1826 Dig.
778 1790 884 1826 positus
907 1796 950 1819 est
971 1792 997 1818 in

203 1841 246 1868 tit.
266 1841 293 1873 4,
316 1840 362 1867 lib.
388 1846 472 1866 xxvm
496 1838 581 1866 Basil.
598 1843 681 1873 atque
704 1838 804 1874 digest.
820 1837 847 1870 l,
875 1838 942 1865 dicit
966 1838 1000 1864 de

205 1886 309 1921 nuptiis
325 1886 358 1913 ad
373 1885 498 1912 eumdem
523 1883 751 1911 1nodum.Const.
766 1883 810 1915 l2.
825 1883 868 1912 tit.
886 1883 913 1916 5,
932 1883 998 1911 lib.1

205 1933 268 1962 cod.
282 1933 341 1961 sive
356 1939 418 1967 cap.
435 1931 482 1963 25,
503 1931 546 1958 tit.
569 1931 596 1963 l,
610 1931 656 1957 lib.
672 1938 680 1957 1
696 1930 781 1963 Basil.
810 1930 943 1958 insertum
958 1935 1000 1958 est

204 1980 296 2008 medio
311 1978 418 2006 scllolio
446 1985 507 2013 cap.
523 1977 541 2003 2
572 1976 717 2012 praesentis
738 1977 779 2004 tit.
805 1976 893 2011 Legas
909 1975 998 2012 [vero]

203 2026 287 2053 etiam
301 2025 347 2058 72,
361 2031 494 2052 canonem
512 2022 620 2050 concilii
631 2022 701 2050 sexti
715 2022 742 2049 in
758 2021 853 2049 Trullo
867 2021 997 2058 [habiti]:

204 2079 237 2098 ex
253 2077 309 2105 quo
323 2070 418 2098 discas
445 2068 552 2096 ﬁdelem
571 2075 633 2095 cum
653 2068 769 2095 muliere
783 2067 886 2095 inﬁdeli
905 2067 1000 2094 matri-

205 2117 291 2144 monii
302 2117 360 2152 lege
375 2123 428 2143 non
445 2113 576 2150 conjungi
596 2123 602 2141 :
621 2115 729 2141 tametsi
757 2113 882 2141 nonnulli
896 2120 929 2140 ex
945 2112 999 2140 ﬁne

205 2163 330 2199 ejusdem
354 2161 480 2194 canonis,
499 2161 533 2188 de
550 2159 707 2187 inﬁdelibus
727 2159 775 2195 qui
793 2164 855 2195 post
874 2158 998 2195 [initum]

206 2208 413 2238 matrimonium
424 2206 611 2238 crediderunt,
627 2207 753 2237 docente,
769 2205 797 2232 in
814 2212 935 2232 errorem
952 2205 999 2233 de-

205 2257 284 2293 lapsi,
299 2256 438 2283 diversum
451 2253 581 2289 quiddam
595 2253 726 2280 audacter
742 2252 883 2279 dixerunt.
900 2251 999 2279 Verum

203 2304 344 2330 enimvero
356 2308 418 2328 cum
435 2299 573 2334 Hispanos
598 2297 682 2335 [esse]
700 2297 882 2328 ortltodoxos,
895 2301 1001 2324 nostra-

1049 1698 1096 1725 τὸν
1114 1698 1203 1733 γάμον
1216 1698 1386 1734 ὁριζόμενος,
1402 1706 1430 1725 κ,
1441 1698 1517 1733 τ.πλ.,
1532 1705 1619 1733 usque
1636 1698 1670 1726 ad
1680 1698 1727 1725 ἐπὶ
1741 1699 1854 1736 μοιχείᾳ

1050 1743 1256 1777 κατηγορεῖται.

1085 1787 1224 1820 Σχόλιον.
1241 1786 1270 1814 '0
1286 1786 1307 1822 β’
1318 1786 1371 1814 τίτ.
1384 1786 1431 1814 τοῦ
1444 1786 1487 1822 κγ
1503 1787 1606 1822 βιϐλίου
1620 1787 1675 1815 τῶν
1685 1788 1854 1825 διάτ.ἐτέθη

1049 1834 1090 1865 είς
1103 1834 1156 1860 τῖτ.
1171 1832 1191 1860 δ’
1205 1833 1252 1860 τοῦ
1270 1833 1314 1869 κη’
1331 1832 1435 1868 βιϐλίου
1455 1834 1512 1861 τῶν
1534 1834 1697 1868 Βασιλικῶν,
1713 1836 1762 1862 καί
1783 1845 1855 1871 φησι

1048 1880 1080 1907 τὸ
1092 1879 1115 1906 α’
1131 1880 1200 1907 διάτ.
1218 1880 1282 1916 περὶ
1296 1879 1386 1915 γάμου
1401 1879 1556 1915 όμοίως.Ἠ
1571 1879 1685 1916 ιβίδιάτ.
1697 1881 1746 1908 τοῦ
1761 1885 1783 1908 ε’
1794 1883 1854 1909 τίτ.

1049 1925 1096 1953 τοῦ
1110 1930 1134 1953 α’
1146 1926 1250 1961 βιϐλίου
1260 1926 1307 1953 τοῦ
1324 1925 1440 1958 mimico;
1454 1926 1513 1961 ἦτοι
1524 1926 1555 1953 τὸ
1569 1925 1608 1953 κε’
1618 1935 1682 1962 κεφ.
1693 1927 1742 1955 τοῦ
1756 1927 1782 1956 α’
1796 1928 1855 1957 τίτ-

1048 1972 1097 1999 τοῦ
1113 1972 1136 2000 α’
1158 1973 1261 2007 βιϐλίου
1285 1972 1341 1999 τῶν
1367 1972 1520 2000 Βασιλικῶν
1545 1973 1724 2010 κατεστρώθη
1750 1975 1792 2006 εἱς
1817 1975 1856 2002 τὰ

1051 2019 1123 2054 μέσα
1144 2019 1192 2045 τοῦ
1210 2017 1317 2054 σχολίου
1331 2018 1379 2046 τοῦ
1395 2018 1418 2054 β’
1432 2027 1495 2054 κεφ.
1513 2019 1561 2046 τοῦ
1577 2019 1711 2056 παρόντος
1725 2020 1856 2049 τίτ.’Δν-

1051 2064 1155 2099 ἀγνωθι
1177 2065 1224 2092 καὶ
1239 2063 1278 2099 οβ’
1296 2064 1397 2092 κανόνα
1415 2064 1467 2100 τῆς
1483 2065 1513 2092 ὲν
1528 2064 1568 2101 τῷ
1582 2065 1712 2102 Τρούλλῳ
1726 2067 1854 2100 συνόδου,

1050 2112 1097 2138 καὶ
1110 2111 1200 2148 μάθῃς
1215 2111 1256 2138 ὅτι
1271 2111 1366 2142 πιστὸς
1380 2111 1450 2147 μετὰ
1463 2111 1579 2139 ἀπίστου
1594 2112 1726 2147 γυναικὸς
1739 2113 1771 2140 οὗ
1787 2122 1856 2141 συν-

1050 2158 1165 2186 άπτεται
1182 2158 1257 2194 νόμῳ
1274 2158 1365 2194 γάμου
1375 2178 1382 2191 ,
1397 2158 1449 2186 κᾶν
1463 2167 1537 2191 τινες
1551 2158 1738 2195 πλανηθέντες
1754 2160 1790 2187 ἐκ
1803 2160 1855 2188 τοῦ

1049 2204 1143 2236 τέλους
1162 2203 1209 2230 τοῦ
1226 2203 1309 2231 αὐτοῦ
1335 2204 1449 2237 κανόνος
1467 2205 1532 2240 περὶ
1552 2204 1678 2232 ἀπίστων
1690 2207 1856 2234 πιστευσάν-

1050 2258 1104 2277 των
1118 2250 1188 2286 μετὰ
1203 2249 1249 2276 τὸν
1269 2250 1358 2286 γάμον
1372 2250 1535 2278 διδάσκοντα
1551 2251 1646 2286 ἕτερόν
1661 2260 1689 2278 τι
1703 2251 1857 2288 τολμηρῶς

1051 2293 1137 2323 εἷπον.
1147 2295 1263 2331 Ἐγὼξδὲ
1280 2295 1358 2328 εἰδὼς
1370 2295 1551 2332 τοὺςἼϐηρας
1565 2297 1735 2333 όρθοδόξους,
1753 2298 1804 2326 καὶ
1819 2299 1858 2327 τὰ

204 2357 258 2386 que
275 2349 368 2376 Omnia
383 2346 510 2381 amplecti
536 2345 632 2378 sciam,
653 2349 737 2380 atque
760 2343 822 2372 illos
839 2343 909 2371 ﬁlias
933 2351 997 2372 suas

1057 2341 1175 2377 ἡμέτερα
1198 2341 1288 2369 πάντα
1308 2338 1488 2377 δεξαμένους,
1504 2342 1552 2370 καὶ
1575 2343 1647 2379 ὁρῶν
1671 2343 1773 2376 αὐτοὺς
1797 2346 1858 2377 τοῖς

206 2395 368 2424 Sarracenis
391 2398 507 2428 nuptum
530 2393 639 2420 elocare
654 2391 781 2419 videam:
803 2391 889 2418 miror
904 2395 931 2418 et
947 2391 996 2418 ad-

205 2441 312 2474 dubilo,
329 2439 510 2475 quamobrem
535 2438 569 2465 ab
585 2437 653 2472 ipsis
675 2436 849 2465 antistitibus
866 2437 911 2472 qui
929 2436 999 2463 «livi-

204 2494 305 2515 norum
320 2493 458 2514 canonum
475 2484 586 2512 oracula
598 2483 648 2520 [et]
667 2484 758 2511 sciunt
767 2488 794 2511 et
807 2483 910 2519 legunt.
925 2483 997 2511 istud

203 2541 259 2562 non
276 2532 466 2568 prohibeatur.
479 2531 616 2565 Quocirca
633 2531 684 2558 hoc
700 2531 782 2558 etiam
797 2534 873 2566 opto,
886 2535 916 2558 ut
929 2538 996 2558 con-

203 2581 268 2609 silio
286 2584 314 2607 et
328 2579 493 2607 auctoritate
512 2577 610 2613 optimi
627 2581 710 2612 atque
721 2576 808 2604 sancti
824 2576 999 2612 imperatoris

202 2625 291 2654 nostri
299 2625 468 2659 corrigatur.
485 2622 579 2651 Const.
598 2622 642 2655 18.
659 2622 701 2649 tit.
720 2621 748 2654 5,
766 2622 814 2649 lib.
830 2630 837 2649 1
864 2622 927 2650 cod.
944 2630 997 2650 non

201 2671 288 2699 estin
304 2670 387 2698 Basil.
404 2669 500 2697 Const.
521 2675 587 2696 vero
608 2667 635 2702 5,
665 2668 707 2695 tit.
727 2667 754 2701 1,
779 2667 826 2695 lib.
844 2676 859 2694 ν
874 2668 936 2696 cod.
956 2673 1000 2696 est

202 2726 263 2754 cap.
280 2717 307 2750 2,
326 2718 368 2744 tit.
384 2716 412 2747 2,
434 2716 481 2744 lib.
499 2723 584 2742 xxvm
607 2714 692 2742 Basil.
715 2713 926 2742 Animadverlas
948 2722 998 2742 au-

203 2769 258 2792 lem
297 2763 375 2791 illud.
405 2763 520 2798 Propter
549 2760 691 2796 religionis
716 2760 916 2794 diversitatem,
943 2768 997 2788 non

203 2818 265 2838 esse
278 2810 403 2837 additum
420 2809 447 2837 in
463 2807 546 2836 Basil.
560 2807 631 2835 Dicit
642 2807 715 2835 enim
730 2806 749 2833 2
760 2806 833 2834 istud
848 2814 909 2842 cap.
923 2807 997 2834 haec:

205 2857 234 2882 Si
260 2856 359 2884 mulier
387 2863 448 2891 quae
472 2856 514 2883 sui
530 2854 602 2890 juris
627 2853 810 2890 perfectaeque
836 2853 925 2881 aetatis
943 2857 998 2887 est,

206 2901 252 2927 ubi
265 2901 364 2930 arrbas
381 2902 528 2938 acceperit,
537 2900 696 2937 coniugium
712 2903 820 2929 recuset
830 2899 872 2928 :in
883 2899 997 2936 duplum

1059 2388 1220 2423 Ἀγαρηνοῖς
1250 2387 1452 2423 ὲκγαμίςοντας
1484 2388 1534 2421 τὰς
1562 2389 1666 2421 οίκείας
1696 2389 1859 2427 θυγατέρας

1053 2434 1186 2470 θαυμάζω
1197 2434 1244 2461 καὶ
1258 2435 1355 2471 ἀπορῶ
1369 2435 1427 2467 πῶς
1439 2435 1516 2471 παρὰ
1525 2435 1580 2462 τῶν
1593 2436 1747 2472 ἀρχιερέων
1760 2438 1859 2466 αὐτῶν

1052 2481 1162 2508 εἰδότων
1187 2481 1234 2508 καὶ
1255 2481 1498 2516 ἀναγινωσκόντων
1513 2481 1548 2509 τὰ
1567 2481 1622 2509 τῶν
1634 2482 1715 2510 θείων
1729 2483 1860 2511 κανόνων

1053 2526 1229 2562 θεσπίσματα
1251 2526 1286 2554 τὰ
1307 2526 1420 2554 τοιαῦτα
1439 2527 1470 2554 οὑ
1486 2527 1647 2556 κωλύονται.
1664 2527 1792 2564 Εὗχομαι
1807 2527 1860 2557 οὖν

1053 2573 1099 2601 καὶ
1115 2573 1196 2601 τοῦτο
1211 2573 1391 2610 διοροωθῆναι
1405 2573 1439 2600 δι’
1453 2574 1537 2610 εὐχῆς
1559 2574 1607 2602 καὶ
1619 2571 1794 2611 ἀπιλῆψεως
1806 2576 1860 2604 τοῦ

1052 2620 1201 2656 κρατίστου
1218 2620 1265 2647 καὶ
1282 2620 1360 2655 ἁγίου
1372 2620 1452 2656 ἡμῶν
1464 2621 1679 2658 αὐτοκράτορος.
1687 2620 1720 2648 Ἦ
1735 2621 1771 2658 ιη’
1781 2622 1859 2649 διὰτ.

1052 2667 1100 2694 τοῦ
1118 2666 1138 2694 ε’
1155 2666 1208 2694 τίτ.
1224 2666 1272 2694 τοῦ
1292 2670 1317 2694 α’
1333 2666 1438 2702 βιϐλίου
1452 2667 1500 2694 τοῦ
1515 2667 1631 2699 κώδικος
1645 2668 1696 2695 οὐκ
1713 2668 1798 2704 ἐτέθη
1816 2670 1862 2701 είς

1052 2712 1087 2740 τὰ
1103 2711 1288 2740 Βασιλικά.Ἣ
1305 2711 1325 2739 ε’
1341 2712 1412 2739 διάτ.
1426 2711 1475 2739 τοῦ
1487 2711 1512 2739 α’
1523 2713 1576 2740 τίτ.
1589 2712 1636 2740 τοῦ
1652 2712 1673 2739 ε’
1685 2712 1794 2748 βιϐλίου
1806 2714 1861 2741 τοῦ

1052 2757 1178 2790 κώδικος,
1197 2757 1254 2785 ἐστι
1267 2766 1330 2793 κεφ.
1345 2757 1377 2793 β’,
1393 2757 1439 2784 τοῦ
1455 2758 1477 2793 β’
1490 2758 1544 2785 τίτ.
1560 2758 1608 2785 τοῦ
1624 2757 1668 2794 κη’
1684 2758 1791 2794 βιϐλίου
1801 2759 1862 2786 τῶν

1051 2804 1204 2831 Βασιλικῶν
1215 2812 1222 2819 ·
1236 2805 1284 2832 καὶ
1297 2804 1415 2840 πρόσχες
1430 2804 1472 2831 ὅτι
1485 2803 1517 2831 τὸ
1531 2804 1614 2840 ῥητὸν
1628 2803 1747 2840 τὺξλέγον
1764 2805 1811 2832 διὰ
1827 2804 1863 2831 τὸ

1051 2851 1101 2886 τῆς
1116 2851 1265 2887 θρησκείας
1280 2851 1409 2887 διάφορον
1425 2850 1456 2877 οὐ
1474 2850 1628 2887 προσετέθη
1641 2852 1682 2884 εἰς
1692 2851 1727 2878 τὰ
1740 2851 1863 2878 Βασιλι-

1052 2898 1104 2935 κᾴ”
1122 2896 1190 2934 φησὶ
1209 2897 1264 2933 γὰρ
1286 2896 1317 2924 τδ
1331 2896 1453 2924 τοιοῦτον
1466 2895 1488 2932 β’
1505 2904 1569 2932 κεφ.
1586 2896 1684 2925 ταῦτα·
1705 2897 1770 2925 Ἐὰν
1785 2897 1864 2934 γυνὴ
