1951 3048
107 136 176 172 1165

529 139 774 171 ΝΟΜΟΟΑΝΟΝ.
797 153 829 160 -
849 141 924 171 ΤΙΤ.

941 140 1011 179 XII,
1031 141 1112 173 CAP.
1130 142 1283 175 X-XVIII.
1684 146 1755 181 1166

106 191 267 226 αὑτεξουσία
283 191 390 220 τελείαν
415 192 520 227 ἄγουσα
542 193 593 227 τὴν
615 192 724 228 ἡλικίαν
741 192 899 229 ἀρραϐῶνας

959 193 1055 221 arrhas
1069 193 1188 223 reddito.
1202 194 1231 223 Si
1242 203 1308 225 vero
1319 204 1381 225 cum
1395 199 1485 228 minor
1497 201 1543 235 sit,
1561 202 1669 230 veniam
1685 208 1753 231 aela-

104 238 238 273 δεξαμένη
260 237 420 273 παραιτήσῃ
434 237 480 264 τὸν
495 237 597 272 γάμον,
613 237 726 269 διπλοὺς
747 237 905 265 ἀντιδιδότω

104 284 167 315 τοὺς
183 281 347 319 ἀρῤαὸὦνας
357 290 364 297 ·
380 283 405 309 εἱ
418 281 447 308 δὲ
463 282 510 309 καὶ
523 282 643 310 ἐλάττων
659 281 727 310 οὖσα
740 282 905 318 συγγνώμην

104 330 212 366 ἡλικίας
222 329 376 365 ᾔτησε,καῖ¹
388 328 553 365 ἀρραϐῶνας
568 329 649 355 ἔλασε
665 329 755 361 πάλιν,
769 329 799 356 τὸ
807 329 905 356 διπλάσ-

104 385 161 403 σιον
187 374 418 403 ἀναδιδότωιῈὰν
440 375 469 402 δὲ
495 376 543 401 καὶ
563 375 666 411 ἀφῆλιξ
686 375 744 402 ἐστὶ
767 375 814 402 καὶ
834 374 904 411 αὑτὴ

104 421 270 457 συγγνώμην
286 421 395 457 ἡλικίας
413 421 464 448 οὐκ
481 421 567 457 ᾔτησε
580 422 610 448 τὸ
627 421 731 448 ἁπλοῦν
744 421 820 457 αὐτῷ
835 421 904 456 ὅπερ

103 471 200 498 ἐλαϐεν
223 470 463 505 ἀποκαταστήσει.
482 469 512 496 El
535 469 564 495 δὲ
587 470 634 496 καὶ
658 469 751 505 πατὴρ
772 469 902 505 κόρης,ῆ

104 517 196 552 μήτηρ
216 516 381 552 ἀρῤαὸὦνας
396 514 492 542 ἔλαϐον
505 515 576 550 ὑπὲρ
596 515 743 550 θυγατρὸς,
758 514 775 551 ἢ
790 515 903 546 πάππος

101 563 172 598 ὑπὲρ
192 562 308 597 ὲγγόνης
321 561 427 593 τελείας
441 561 519 591 ὄντες
534 560 643 596 ἡλικίας
662 560 710 588 καὶ
725 560 802 587 αὐτοὶ
815 561 855 592 εἰς
871 559 903 587 τὺ

100 608 242 636 διπλάσιον
260 607 480 643 κατεχέσθωσαν,
499 607 579 642 είπερ
595 606 745 641 δυνάμενον
758 606 902 641 ιπροὸῆναι

100 655 145 682 τὸν
168 655 258 691 γάμον
282 653 481 690 παραιτοῦνται
498 654 622 689 ποιῆσαι.
641 654 673 680 El
688 653 717 680 δὲ
731 653 780 680 καὶ
800 652 902 680 ἀνυπό-

100 710 199 733 στατος
223 701 315 736 μέλλει
340 702 355 727 ὁ
376 700 466 736 γάμος
490 697 571 732 εἶναι,
587 700 666 727 αὐτοὶ
689 700 715 726 οἱ
739 699 901 735 ἀρραὁῶνες

99 743 319 775 ἀναδιδόσθωσαν
331 747 422 774 ἁπλοῖ.
436 748 468 774 Εἰ
481 746 510 773 δὲ
524 746 562 782 μὴ
574 744 609 781 ἦν
623 746 812 778 ἀνυπόστατος
825 746 839 772 ὁ
851 746 901 781 γά-

99 803 150 830 μος
164 794 198 821 δι’
209 793 321 828 εὔλογον
335 793 364 820 δὲ
378 793 468 820 αἰτίαν
483 793 667 828 παραιτεῖται,
684 793 708 819 sl
725 792 776 828 μὲν
789 791 900 828 ᾔδεισαν

98 841 152 868 κᾶν
175 841 229 876 πρὸ
248 840 299 876 τῆς
316 839 463 875 μνηστείας
478 839 528 875 τὴν
544 839 634 866 αἰτίαν
649 839 757 871 ἑαυτοῖς
771 839 899 873 ἐγκαλεί-

959 239 995 267 tis
1013 239 1135 276 petierit,
1153 246 1235 277 atque
1247 243 1345 272 arrbas
1361 246 1485 280 ceperit:
1509 255 1621 276 rursum
1640 249 1754 283 duplum

961 286 1081 314 reddito.
1101 286 1149 314 Sin
1170 288 1263 316 minor
1285 289 1331 323 sit,
1354 298 1405 319 nec
1424 293 1513 321 alatis
1529 293 1637 321 veniam
1655 294 1751 329 petiit:

961 332 1019 368 ipsa
1040 334 1114 369 quod
1130 335 1213 370 cepit,
1230 335 1359 371 simplum
1376 338 1524 367 restituito.
1549 339 1626 373 Quod
1641 341 1662 368 si
1677 341 1754 374 puel.

959 380 991 408 la:
1015 385 1103 415 paler,
1122 386 1170 408 aut
1183 381 1265 409 etiam
1284 387 1373 410 mater
1386 384 1483 413 arrhas
1499 393 1549 421 pro
1569 386 1614 414 illa
1637 386 1752 421 ceperit,

957 426 999 453 vel
1021 434 1090 454 avus
1114 434 1164 462 pro
1192 433 1289 463 nepte:
1306 427 1342 464 [si
1364 430 1487 467 quidem]
1517 432 1644 466 perfecta:
1661 432 1751 460 aetatis

963 471 1075 504 fuerint,
1094 472 1144 507 ipsi
1160 481 1271 508 quoque
1290 474 1317 501 in
1335 474 1449 510 duplum
1465 481 1612 505 tencnlor:
1630 477 1653 505 si
1669 478 1752 506 modo

954 524 1017 545 cum
1033 519 1244 546 matrimonium
1270 523 1419 555 procedere
1434 523 1534 558 possit,
1559 522 1649 559 [illud]
1672 531 1752 551 rccu-

955 567 1027 592 sent.
1047 565 1082 591 At
1096 564 1121 591 si
1136 565 1342 594 matrimonium
1363 568 1515 596 consistere
1540 575 1669 605 nequeat,
1684 571 1750 605 ipsa!

954 610 1043 637 art-Im
1050 610 1155 646 simpla:
1164 611 1428 641 redduntor.Verum
1437 614 1459 641 si
1469 622 1532 642 cum
1541 616 1749 643 matrimonium

953 656 1107 684 consistere
1120 662 1214 692 queat,
1229 657 1374 693 objustam
1391 658 1442 695 [id]
1460 667 1573 688 causam
1593 666 1746 697 recusetur,

952 701 1100 736 siquidem
1115 700 1201 738 [eam]
1225 709 1337 730 causam
1361 709 1425 731 ante
1437 705 1576 739 sponsalia
1603 706 1744 741 sciverint,

952 747 1005 782 sjbi
1025 748 1191 783 imputanto,
1210 749 1283 784 quod
1302 749 1459 779 istiusmodi
1482 759 1614 787 sponsum
1637 753 1748 790 delege-

952 795 1026 822 rint:
1047 796 1089 823 sin
1107 795 1305 831 ignoraverint,
1322 803 1370 826 aut
1391 803 1455 833 post
1477 801 1617 835 sponsalia
1636 800 1747 837 [hujus—

953 836 1038 876 modi]
1051 848 1134 869 causa
1151 849 1222 877 saepe
1234 842 1371 876 inciderit,
1389 849 1454 872 tunc
1467 846 1597 880 simplum
1612 836 1745 876 redditor.

97 897 189 915 τωσαν
213 887 257 914 διὰ
281 896 309 914 τι
332 887 379 913 τὸν
404 881 526 913 τοιοῦτον
551 885 783 921 ἑμνηστεύσαντο.
813 885 844 912 Εἰ
867 885 896 912 δὲ

958 885 1052 913 Eadem
1067 886 1151 913 etiam
1168 887 1202 915 dc
1224 895 1338 926 sponso,
1355 889 1378 917 si
1395 891 1535 924 sponsalia
1562 893 1742 926 recusaverit,

96 935 212 970 ἠγνόουν
227 934 243 968 ἢ
256 933 388 964 πολλάκις
406 932 476 968 μετὰ
486 931 535 968 τὴν
549 932 697 967 μνηστείαν
714 932 730 967 ἡ
744 931 820 958 αἰτία
833 939 898 958 συν-

96 980 148 1015 έϐη
162 980 192 1006 τὺ
207 979 312 1007 ἁπλοῦν
329 977 510 1006 ἀποδιδόσοω.
526 978 567 1005 Τὰ
587 978 615 1004 δὲ
632 977 703 1004 αὐτὰ
718 978 765 1004 καὶ
785 977 833 1004 ἐπὶ
848 977 897 1004 τοῦ

97 1026 255 1061 μνηστῆρος
274 1024 391 1060 λέγομεν
409 1024 459 1059 τὴν
474 1023 623 1059 μνηστείαν
637 1023 894 1059 παραιτησαμένου.

95 1071 132 1100 Τὸ
159 1073 188 1099 δὲ
211 1070 496 1107 τετραπλασιάζεσθαι
523 1070 587 1101 τοὺς
615 1069 780 1106 ἀρραϐῶνας
807 1069 850 1096 ὅτε
879 1069 897 1105 ἠ

95 1118 205 1155 μνηστὴ
219 1119 395 1154 παραιτεῖται
407 1116 497 1152 γάμον
512 1114 560 1143 νῦν
573 1116 603 1142 οὐ
620 1117 726 1150 κρατεῖ,
743 1116 767 1142 εἰ
785 1115 823 1151 μὴ
840 1115 896 1152 ἄρα

95 1165 189 1196 ἰδικῶς
198 1164 350 1200 αὐτὸ,τοῦτο
360 1169 392 1190 συ
397 1162 540 1199 μφωνηθῇ.
549 1162 629 1189 Πᾶσα
636 1161 664 1188 δὲ
674 1161 810 1196 ἀσφάλεια
818 1161 895 1198 παρὰ

93 1212 145 1246 τὴν
171 1212 243 1239 διάτ.
265 1210 370 1246 ταύτην
384 1208 516 1245 γινομένη
530 1208 716 1239 ἀνυπόστατος
731 1207 812 1235 ἔστω.
821 1207 853 1234 Ἦ
867 1207 896 1234 δὲ

950 931 1077 960 dicimus.
1107 932 1191 960 Plane
1210 934 1248 960 uti
1268 934 1368 968 arrhae,
1386 936 1497 970 quando
1512 944 1613 972 sponsa
1639 945 1745 966 connu—

949 977 1025 1005 bium
1053 982 1173 1011 recusat,
1200 980 1430 1015 quadruplentur,
1450 990 1523 1009 nunc
1539 990 1593 1010 non
1620 984 1743 1013 obtinet:

948 1029 1024 1052 extra
1037 1032 1121 1060 quam
1141 1027 1165 1053 si
1192 1025 1350 1060 specialiter
1362 1027 1413 1055 hoc
1431 1028 1520 1063 ipsum
1536 1033 1616 1064 pacto
1641 1037 1744 1058 conve-

951 1070 1033 1097 nerit.
1048 1070 1134 1098 Porro
1148 1070 1222 1098 nulla
1234 1075 1312 1098 extra
1327 1071 1410 1106 hujus
1426 1073 1633 1101 constitutionis
1647 1075 1745 1103 deﬁnio

949 1116 1051 1144 tionem
1065 1116 1157 1145 cautio
1172 1116 1255 1150 facta,
1270 1118 1422 1146 subsistere
1435 1119 1524 1154 quito.
1538 1119 1633 1148 Const.
1650 1119 1678 1152 6,
1694 1121 1737 1149 tit.

948 1162 976 1194 9.
988 1163 1035 1191 lib.
1054 1171 1063 1191 ι
1078 1163 1140 1191 cod.
1165 1168 1209 1191 est
1222 1171 1284 1199 cap.
1300 1164 1346 1197 33,
1368 1164 1410 1192 tit.
1427 1164 1455 1198 1,
1471 1165 1519 1193 lib.
1536 1173 1546 1194 ι
1560 1165 1643 1194 Basil.
1669 1167 1743 1202 quod

947 1207 1041 1236 eadem
1055 1208 1132 1236 dicit.

94 1258 122 1291 ς’
134 1258 209 1285 διάτ.
223 1256 271 1284 τοῦ
293 1255 314 1284 θ’
327 1256 382 1284 τίτ.
396 1255 444 1283 τοῦ
457 1254 481 1283 α’
495 1254 599 1291 βιϐλίου
613 1253 662 1281 τοῦ
683 1254 799 1286 κώδικπ
808 1273 816 1287 ,
830 1254 888 1281 ἔστι
909 1262 972 1289 κεφ.
986 1253 1027 1289 λγ¹
1041 1254 1090 1282 τοῦ
1104 1258 1129 1282 α’
1146 1255 1200 1283 τίτ.
1219 1255 1268 1283 τοῦ
1281 1254 1306 1284 α’
1335 1256 1441 1292 βιϐλίου
1452 1255 1507 1284 τῶν
1518 1257 1683 1293 Βασιλικῷν,
1695 1260 1743 1289 καί

93 1315 168 1343 φησι
186 1306 221 1333 τὰ
241 1304 321 1333 αὐτά.

110 1368 116 1378 ¹
130 1364 264 1392 ΚΕΦΑΛ.
276 1363 326 1392 ῐΔ⁷.
338 1378 374 1384 —
388 1348 455 1396 Περὶ
469 1360 529 1388 τῶν
542 1360 577 1393 ἐξ
591 1359 748 1394 αἱρετικῶν
761 1360 806 1392 εὶς
817 1359 900 1393 ὀρθο-

91 1411 205 1444 δοξιάν
227 1408 483 1444 ἐπιστραφέντων,
502 1408 552 1434 καὶ
576 1407 603 1433 el
621 1405 755 1433 δυνατὸν
770 1405 901 1438 τούτους

91 1456 286 1491 κληροῦσθαι
297 1475 305 1487 ,
323 1454 372 1481 καὶ
391 1454 474 1486 τινες
493 1451 593 1480 αὐτῶν
614 1450 812 1484 βαπτίζονται
823 1471 830 1483 ,
848 1449 899 1477 καὶ

981 1358 1059 1387 CAP.
1075 1358 1146 1386 XIV.
1162 1374 1199 1380 —
1214 1360 1253 1388 De
1263 1360 1394 1390 htereticis
1412 1362 1448 1389 ad
1469 1369 1568 1392 rectam
1583 1365 1664 1401 ﬁdem
1677 1374 1742 1394 con-

945 1407 1037 1439 versis,
1051 1410 1087 1438 et.
1104 1415 1141 1434 an
1151 1406 1179 1433 lii
1196 1407 1225 1434 in
1239 1408 1339 1435 clerum
1356 1408 1436 1444 allegi
1448 1411 1560 1444 possint,
1578 1416 1614 1443 et,
1631 1412 1741 1447 quinam

945 1451 1055 1479 illorum
1072 1452 1252 1486 baptizentur,
1277 1454 1388 1488 quinam
1410 1463 1470 1482 vero
1487 1456 1622 1484 duntaxat
1635 1466 1741 1493 angan-

91 1503 177 1535 τινες
195 1501 293 1536 μόνον
307 1500 456 1535 χρίονται,
472 1498 523 1526 καὶ
542 1498 587 1525 ὅτι
602 1497 704 1531 πράως
717 1496 766 1524 δεῖ
777 1496 840 1530 τοῖς
850 1497 896 1524 at-

958 1504 1005 1529 rur,
1019 1502 1054 1529 et.
1072 1500 1141 1533 quod
1154 1498 1262 1535 benigne
1277 1507 1336 1527 cum
1355 1500 1488 1535 lucreticis
1504 1503 1550 1538 agi
1564 1508 1695 1538 oporteat,
1712 1508 1743 1531 ut

87 1547 224 1582 pstmoz'c
232 1546 276 1583 μὴ
290 1545 456 1581 κεχρῆσθαι
474 1545 525 1572 διὰ
541 1544 575 1572 τὸ
589 1543 826 1579 ἐπιστρέφεσθαι
839 1545 894 1572 αὺ-

90 1596 179 1629 τούς.

128 1651 249 1678 Συνόδου
265 1649 382 1682 Νικαίας
395 1648 486 1677 κανὼν
497 1647 533 1685 η’,
548 1646 580 1675 ιθ’
590 1657 597 1664 ·
617 1648 727 1676 συνόδου
738 1647 898 1680 Λαοδικείας

91 1697 190 1725 κανὼν
210 1695 249 1732 ξη¹
260 1705 268 1713 ·
285 1697 396 1724 συνόδου
417 1695 731 1727 Κωνσταντινουπόλεως
749 1693 840 1721 κανὼν
854 1692 877 1726 ζ’
887 1701 896 1709 δ

92 1743 212 1771 συνόδου
231 1742 429 1778 Καρθαγέννης
452 1740 544 1768 κανὼν
566 1740 621 1776 με.
642 1740 693 1773 νζ’,
711 1739 770 1774 ξς¹⁶
788 1739 898 1766 συνόδου

93 1790 132 1824 ς’,
149 1789 244 1817 κανὼν
257 1787 297 1823 ιιε¹
308 1797 314 1803 ·
339 1787 478 1815 Βασιλείου
492 1787 582 1814 κανὼν
594 1786 629 1820 α’,
647 1785 690 1822 μζ
698 1795 705 1802 ·
722 1786 852 1820 Θεοφίλου
865 1787 899 1812 ὲκ

89 1837 142 1872 τῆς
170 1836 245 1872 πρὸς
260 1835 407 1870 Ἀφύγγιον
435 1834 584 1861 ἐπίσκοπον
607 1832 764 1867 ἐπιστολῆς.
777 1832 811 1858 Ἦ
829 1831 900 1859 κατὰ

89 1882 261 1918 Κυπριανὺν
285 1881 394 1913 σύνοδος
413 1881 504 1908 πάντα
519 1879 655 1916 αἱρετικὸν
681 1879 830 1916 ἐρχόμενον
857 1878 898 1909 εἰς

87 1929 256 1965 ὀρθοδοξίαν
270 1928 358 1964 ὁρίζει
374 1926 564 1962 βαπτίζεσθαι,
577 1925 696 1960 λέγουσα
710 1926 740 1952 τὺ
752 1925 807 1952 τῶν
819 1925 898 1960 αἱρε-

88 1976 183 2004 τικῶν
202 1976 241 2012 μὴ
261 1973 332 2002 εἶναι
346 1974 500 2010 βάπτισμα.
861 2009 893 2017 Ἰ-

85 2081 101 2111 Ρ
124 2080 264 2109 ΚΕΦΔΛ.
275 2078 440 2112 ΚΕΖ-Περὶ
454 2077 509 2105 τοῦ
521 2076 598 2112 μήτε
612 2076 811 2108 ἐπισκόπους,
821 2073 899 2109 μήτε

84 2127 265 2164 κληρικοὺς
288 2126 456 2162 δωρεῖσθαι,
477 2126 497 2160 ἢ
519 2125 555 2152 ἐν
577 2124 711 2151 διαθέσει
735 2122 852 2150 διδόναι
871 2130 899 2149 τι

83 2174 269 2212 αἰρετικοῖς,
284 2171 342 2200 κᾶν
352 2167 545 2208 ὧσινζαὺτῶν
557 2169 726 2205 συγγενεῖς.

123 2232 251 2260 Συνόδου
275 2229 473 2267 Καρθαγὲννης
487 2226 579 2256 κανὼν
594 2226 647 2262 κγ’,
667 2228 723 2253 πω.
748 2225 898 2259 Ἀνιίιγνωθι

83 2281 122 2307 τὰ
136 2276 386 2315 προγεγραμμένα
400 2274 429 2302 ὲν
443 2274 483 2311 τῷ
497 2273 522 2310 η’
533 2282 597 2309 κεφ.
610 2272 657 2299 τοῦ
669 2271 686 2299 t'
696 2271 750 2299 τίτ.
765 2271 813 2298 τοῦ
827 2278 899 2306 παρ-

83 2327 170 2357 όντος
191 2323 396 2358 συντάγματος.

124 2371 266 2400 ΚΕΦΑΛ.
277 2365 338 2403 ις’.
351 2383 386 2389 -
397 2367 469 2402 Περὶ
488 2364 645 2401 αἰρετικῶν
659 2363 899 2400 μετανοούντων.

121 2417 279 2446 Βασιλείου
295 2414 384 2443 κανὼν
397 2413 427 2442 ε’.
436 2412 586 2447 Ἀνάγνωθι
597 2413 631 2439 τὰ
638 2411 857 2448 παραγραφὲντα
870 2411 901 2438 ὲν

82 2466 127 2503 τῷ
141 2464 187 2492 λθ¹
204 2472 272 2498 κεφ.
288 2461 337 2489 τοῦ
352 2459 374 2489 θ’
388 2461 442 2488 τίτ.
459 2459 507 2487 τοῦ
523 2459 658 2495 παρόντος
672 2459 875 2495 συντάγματος.

121 2515 275 2565 ΚΙΞΦΑΛ.κ
283 2533 382 2561 ιΖ’.-
401 2531 468 2566 Πῶς
490 2530 667 2559 ἐκδικοῦσιγ
690 2531 717 2557 οὶ
739 2529 901 2557 ἐπίσκοποι

83 2584 164 2617 τοὺς
178 2580 369 2617 ἁρμόζοντας
385 2578 489 2612 αὐτοῖς
501 2579 625 2611 τόπους,
645 2577 725 2612 παρὰ
746 2576 902 2612 αἵρετικῶν

84 2624 337 2663 κατεχομένους.

122 2674 254 2702 Συνόδου
276 2671 473 2708 Καρθαγὲννης
499 2669 591 2698 κανὼν
614 2668 843 2706 ρκα’.“Δνάγνωθι
867 2668 902 2696 τὰ

82 2719 325 2758 παραγραφέντα
340 2719 368 2745 ὲν
383 2718 424 2753 τῷ
435 2716 451 2744 ι’
464 2726 528 2753 κεφ.
545 2716 593 2744 τοῦ
603 2716 689 2753 η’ίτίτ.
704 2715 753 2743 τοῦ
766 2715 902 2751 παρόντος

83 2767 306 2801 συντάγματος.

118 2809 267 2840 ΚΕΦΑΛ.
284 2808 375 2836 lH'.—
383 2808 454 2843 Περὶ
468 2809 529 2836 τῶν
539 2806 727 2843 πειρωμένων
737 2805 851 2834 ἀθετεῖν
866 2806 903 2833 τὰ

81 2861 120 2888 ἐν
142 2855 279 2893 Ἐφέσῳ
295 2854 476 2890 πραχθέντα.

660 2895 675 2902 1
787 2892 827 2900 ιβ-

949 1546 1148 1570 convertantur.

984 1643 1099 1672 Concilii
1113 1643 1215 1672 Nisa-ni
1232 1652 1321 1673 canon
1339 1645 1366 1678 8,
1386 1645 1436 1680 19;
1463 1646 1572 1674 concilii
1595 1647 1743 1676 Laodiceni

949 1697 1038 1718 canon
1059 1690 1114 1724 68;
1138 1691 1249 1719 concilii
1271 1691 1573 1728 Constantinopolitani
1597 1702 1688 1722 canon
1708 1694 1742 1728 7;

949 1736 1058 1764 concilii
1080 1736 1305 1774 Carthaginensis
1330 1746 1418 1767 canon
1431 1739 1477 1772 47,
1491 1740 1537 1771 57,
1558 1739 1611 1773 66;
1634 1741 1743 1769 concilii

949 1783 1020 1811 sexti
1040 1791 1128 1812 canon
1143 1784 1193 1817 95;
1211 1783 1307 1812 Basilii
1331 1792 1419 1812 canon
1437 1785 1464 1817 i,
1478 1785 1532 1819 L7;
1549 1785 1693 1822 Theophili
1709 1794 1744 1815 ex

949 1830 1064 1865 epistola
1079 1830 1114 1858 ad
1130 1831 1307 1866 Aphyngium
1333 1831 1506 1866 episcopum.
1523 1831 1678 1860 Concilium
1691 1833 1744 1869 Cy—

949 1876 1038 1911 priani
1062 1876 1251 1913 [temporibus
1279 1876 1431 1913 habitum].
1453 1878 1550 1905 statuit
1572 1883 1603 1906 ut
1626 1879 1745 1914 quicun-

949 1929 1004 1957 que
1025 1921 1169 1950 haareticus
1204 1923 1239 1950 ad
1261 1927 1365 1950 rectam
1384 1922 1466 1950 ﬁdem
1489 1923 1599 1951 devenit
1622 1925 1744 1960 baptize-

902 1977 904 1979 ·
950 1971 1015 1994 lur:
1031 1966 1221 1995 hazreticorum
1244 1966 1399 2004 [lotionem]
1419 1975 1476 1995 non
1494 1976 1555 1997 esse
1575 1969 1743 2005 baptismum

949 2013 1055 2042 dicens.
1697 2051 1744 2058 π

985 2069 1064 2100 CAP.
1085 2070 1200 2099 XV.'—
1223 2071 1266 2099 Ne
1288 2072 1405 2108 episcopi
1427 2077 1474 2100 aut
1494 2073 1586 2100 clerici
1611 2073 1743 2100 ha'reticis

951 2115 1111 2154 [quidpiam]
1132 2117 1240 2151 donent,
1255 2123 1302 2145 aut
1324 2119 1354 2146 in
1370 2119 1533 2146 testamentis
1547 2118 1626 2152 dent,
1647 2123 1744 2147 tamet-

915 2180 938 2208 Ι)
950 2163 975 2190 εἰ
987 2163 1105 2198 ipsorum
1120 2165 1227 2200 cognati
1240 2164 1306 2192 sint.

986 2220 1101 2248 Concilii
1119 2220 1343 2257 (Iartliaginensis
1358 2229 1446 2250 canon
1461 2221 1508 2256 25,
1524 2221 1569 2252 81.
1596 2221 1667 2258 Lege
1682 2229 1745 2258 quae

950 2272 1082 2296 annotata
1103 2272 1168 2296 sunt
1197 2267 1225 2296 in
1239 2275 1301 2304 cap.
1319 2268 1347 2301 8,
1363 2269 1406 2297 tit.
1429 2269 1463 2296 10
1477 2269 1622 2305 praesentis
1641 2270 1743 2305 operis.

986 2359 1063 2388 CAP.
1078 2359 1149 2387 XVI.
1161 2374 1196 2380 —
1210 2359 1249 2387 De
1259 2360 1392 2388 haereticis
1402 2360 1582 2394 paenitentiam
1593 2359 1744 2396 agentibus.

988 2405 1080 2433 Basilii
1095 2412 1184 2432 canon
1196 2403 1223 2432 5.
1237 2403 1308 2440 Lege
1317 2412 1379 2440 quae
1389 2404 1416 2432 in
1430 2404 1572 2440 praesentis
1581 2404 1673 2440 operis
1683 2411 1744 2440 cap.

951 2450 997 2485 '59,
1014 2451 1056 2478 tit.
1071 2450 1099 2484 9,
1115 2454 1246 2477 annotata
1261 2455 1326 2478 sunt

989 2517 1067 2546 CAP.
1082 2516 1342 2550 XVll.—Quomodo
1356 2516 1471 2552 episcopi
1486 2524 1545 2552 qua:
1558 2517 1622 2552 ipsis
1644 2523 1748 2551 compe—

956 2569 1027 2598 tunt,
1043 2565 1088 2593 sed
1100 2565 1133 2592 ab
1148 2564 1280 2592 luereticis
1295 2563 1458 2597 detinentur,
1482 2563 1540 2591 loca
1555 2563 1698 2591 vindicent.

993 2664 1111 2693 Concilii
1131 2662 1358 2699 Carthaginensis
1388 2670 1477 2690 canon
1498 2663 1559 2690 12L
1591 2662 1663 2698 Lege
1688 2669 1749 2697 qua!

953 2714 1084 2740 annotata
1106 2714 1171 2738 sunt
1193 2709 1220 2737 in
1234 2708 1268 2736 10
1295 2715 1357 2744 cap.
1373 2709 1415 2736 tit.
1441 2708 1459 2736 8
1475 2709 1617 2744 prasentis
1646 2707 1747 2742 operis.

960 2827 966 2834 .
992 2804 1070 2833 CAP.
1087 2803 1232 2832 XVlll.——
1248 2802 1290 2830 De
1306 2802 1339 2830 iis
1364 2802 1410 2838 qui
1439 2801 1579 2836 reprobare
1606 2804 1749 2835 conantur,

958 2860 1018 2888 qua:
1030 2851 1126 2886 Ephesi
1143 2856 1204 2878 acta
1216 2854 1289 2878 sunt.
