1951 3048
192 157 258 198 usi

772 161 906 194 PHOTII
924 160 1181 193 PATRIARCHJE
1199 160 1244 191 CP

1762 154 1831 188 1168

220 197 338 248 Concilii
358 197 487 256 Ephesini
502 227 590 248 canon
606 219 633 247 6.
658 217 728 255 Lege
753 225 813 254 qua:
836 217 864 244 in
882 224 943 253 cap.
963 217 972 244 Ξ

1067 215 1181 243 Συνόδου
1200 215 1313 250 Ἑφέσου
1327 213 1419 242 κανὼν
1435 213 1631 250 ς⁷.Ἀνάγνωοι
1653 213 1688 241 τὰ
1711 220 1832 249 παραγε-

184 257 329 303 przesentis
348 267 419 295 tituli
439 271 505 296 sunt
518 269 660 294 annotata.

1037 261 1186 298 γραμμένα
1203 262 1231 288 ἐν
1247 261 1285 296 τῷ
1299 265 1323 296 τ’
1337 269 1402 296 χεφ.
1417 260 1465 289 τοῦ
1483 261 1617 297 παρόντος
1632 259 1686 287 τιτ.

837 450 1040 494 ΤΙΤΑΟΣ
1088 448 1172 494 ΙΓ’.

898 544 979 571 ΠΕΡΙ
999 544 1141 572 ΛΑΙΚΩΝ.

817 711 1052 750 TITULUS
1096 711 1210 751 XIII.

892 804 945 835 DE
974 802 1114 834 LAICIS.

222 970 300 1000 CAP.
312 969 460 998 PRIMUM.
474 984 509 990 —
524 968 559 997 Ut
578 968 624 1005 qui
641 968 739 1002 laicus,
757 967 843 995 tribus
861 966 972 994 Domini

1069 963 1271 992 ΚΕΦΔΛΔΙΟΝ
1294 962 1334 991 A'.
1346 977 1383 983 —
1399 962 1469 998 Περὶ
1486 963 1541 991 τοῦ
1557 963 1766 992 ἀποκινεῖσθαι
1778 964 1835 992 τὸν

185 1018 224 1046 cis
249 1018 341 1044 diebus
356 1018 396 1049 lin
411 1017 518 1044 civitate
544 1016 641 1051 degens
657 1035 666 1048 ,
700 1015 731 1042 in
763 1013 902 1041 ecclesiam
929 1020 982 1040 non

186 1063 347 1096 conuenerit,
361 1072 377 1090 α
391 1068 489 1091 sancta
505 1061 688 1089 communione
700 1064 878 1088 removeatur.

185 1153 200 1163 ⁸
219 1163 335 1191 Concilii
345 1161 516 1190 Sardicensis
524 1160 632 1195 can.ll;
640 1159 751 1188 concilii
759 1159 829 1187 sexti
837 1166 925 1187 canon
935 1157 980 1187 80.

220 1219 298 1248 CAP.
315 1219 346 1246 ll.
369 1234 405 1240 —
422 1218 458 1246 De
480 1218 557 1246 laici:
576 1219 673 1245 iterum
696 1218 822 1252 swpiuwe
840 1217 981 1244 matrimo-

185 1265 259 1292 nium
283 1264 508 1296 contrahentibus,
527 1267 551 1291 ει
565 1263 653 1290 vetitis
670 1262 782 1298 nuptiis,
807 1270 840 1289 ac
868 1261 979 1289 commi-

184 1310 280 1338 ctione.

219 1362 412 1398 Apostolorum
440 1368 528 1389 canon
557 1360 608 1393 I9,
630 1360 680 1395 48;
704 1359 814 1388 concilii
839 1359 979 1396 Ancyrani

182 1416 273 1437 canon
290 1408 335 1440 16,
357 1407 530 1440 l7;concilii
546 1406 786 1435 Neocaesarieusis.
801 1413 890 1433 canon
912 1406 978 1439 2,5,

182 1454 210 1487 4,
227 1455 260 1487 7;
285 1453 396 1481 concilii
412 1452 558 1480 Laudiceni
577 1459 665 1479 canon
683 1452 709 1485 I,
735 1452 777 1483 l0,
790 1452 843 1485 3i;
864 1451 973 1479 coacilii

182 1499 414 1527 Chalcedonensis
445 1506 532 1525 canon
563 1497 597 1525 16
614 1506 634 1530 ;·
656 1497 766 1525 concilii
790 1498 859 1525 sexti
888 1504 976 1525 canon

184 1545 230 1577 5:5.
250 1545 294 1577 5i,
311 1545 358 1577 72,
376 1545 428 1578 98;
444 1544 638 1572 Basiliicanon
648 1543 675 1575 ιι,
691 1544 735 1576 I8,
752 1544 797 1577 25,
810 1544 856 1575 24,
873 1543 918 1576 Η,
931 1544 977 1577 50,

191 1589 236 1622 55,
253 1589 299 1623 66,
315 1589 361 1622 67,
377 1589 422 1622 75,
435 1589 480 1623 76,
494 1589 539 1622 78,
558 1588 601 1622 79,
620 1588 670 1622 80;
682 1588 804 1623 ejusdem
821 1597 854 1616 ex
862 1589 977 1623 epistola

1033 1012 1143 1041 λατκὸν
1155 1011 1210 1045 τῆς
1237 1011 1326 1046 ἁγίας
1343 1010 1503 1044 κοινωνίας
1514 1009 1565 1036 ἐπὶ
1585 1009 1664 1044 τρεῖς
1686 1011 1834 1045 κιφιακὰς

1033 1059 1069 1086 ἐν
1089 1059 1178 1086 πόλει
1197 1056 1351 1092 διάγοντα,
1374 1057 1424 1084 καὶ
1447 1055 1491 1091 μὴ
1514 1056 1705 1084 συνελθόντα
1727 1056 1766 1091 τῇ
1779 1056 1831 1083 ἐκ-

1033 1104 1157 1138 adnota.

1068 1157 1185 1185 Συνόδου
1198 1157 1334 1192 Σαρδικῆς
1345 1155 1437 1183 χανὼν
1449 1154 1484 1183 ια’
1494 1164 1501 1171 ·
1517 1155 1629 1184 συνόδου
1639 1154 1677 1190 ς’,
1690 1155 1782 1183 κανὼν
1791 1155 1830 1184 π’.

1068 1212 1195 1239 ΚΕΦΑΛ.
1207 1210 1247 1241 B'.
1261 1224 1296 1232 --·
1307 1211 1379 1246 Περὶ
1391 1211 1507 1239 lumine
1518 1211 1832 1247 δευτειογαμούντων,

1031 1258 1052 1293 ἣ
1067 1258 1336 1293 πολυψμούντων,
1349 1257 1400 1287 καὶ
1415 1257 1634 1293 κεκωλυμένων
1650 1259 1764 1294 τάμων,
1779 1259 1832 1286 καὶ

1029 1304 1152 1339 μίξεως.

1072 1358 1243 1386 ’Δποστόλων
1264 1358 1357 1387 κανὼν
1382 1358 1427 1393 ιθ¹,
1457 1358 1518 1395 μη’·
1545 1359 1656 1387 συνόδου
1690 1360 1830 1396 Ἀγκύρας

1031 1405 1123 1433 κανὼν
1140 1405 1190 1438 ις’,
1209 1405 1253 1439 ιζ’·
1273 1406 1385 1434 συνόδου
1403 1407 1622 1442 Νεοκαισαρείας
1633 1406 1725 1434 κανὼν
1741 1407 1774 1442 β’,
1791 1407 1829 1442 γ’,

1031 1449 1064 1483 δ’,
1078 1449 1102 1483 ζ’
1111 1459 1118 1466 ⁶
1135 1451 1246 1478 συνόδου
1256 1451 1419 1484 Λαοδικείας
1433 1453 1524 1479 κανὼν
1535 1451 1572 1486 α’,
1590 1452 1618 1486 ι’,
1633 1451 1675 1479 λα’
1689 1461 1696 1468 ⁸
1714 1452 1829 1480 συνόδου

1032 1496 1205 1531 Χαλκηδόνος
1217 1496 1307 1524 κανὼν
1316 1496 1364 1529 ις’·
1379 1497 1489 1524 συνόδου
1501 1497 1541 1530 ς’,
1550 1497 1641 1525 κανὼν
1654 1497 1705 1533 vf,
1720 1497 1767 1531 νδ’,
1777 1497 1829 1533 οβ’,

1031 1549 1069 1573 ςη
1082 1549 1089 1556 ·
1100 1541 1239 1568 Βασιλείου
1251 1542 1342 1569 κανὼν
1354 1542 1387 1574 δ’,
1403 1541 1450 1578 ιη’,
1465 1541 1508 1577 κγ’
1522 1542 1573 1576 κδ’,
1591 1542 1647 1579 μα’,
1659 1542 1692 1576 ν’,
1707 1542 1758 1578 νγ’,
1771 1543 1829 1577 Eg’,

1030 1586 1079 1621 ξξ,
1093 1587 1145 1622 En’,
1161 1586 1209 1621 οῖ’,
1223 1587 1278 1621 ος’,
1293 1587 1344 1624 or",
1360 1586 1410 1621 οϐ’,
1425 1587 1468 1615 π’·
1486 1588 1534 1615 τοῦ
1550 1588 1634 1616 αὑτοῦ
1646 1590 1678 1616 ἐκ
1689 1589 1740 1624 τῆς
1757 1589 1831 1626 πρὸς

182 1635 216 1662 ad
232 1635 392 1669 Diodorum;
409 1634 553 1670 Theophili
575 1641 608 1662 cx
638 1634 755 1670 epistola
775 1634 809 1662 ad
829 1635 972 1671 Agathiqu

1032 1633 1165 1669 Διόδωρον
1179 1633 1336 1668 ἐπιστολῆς,
1358 1633 1491 1668 Θεοφίλου
1512 1634 1732 1669 ἀρχιεπισκόπου
1749 1633 1831 1661 Ἀλε-

180 1682 352 1717 episcopum,

177 1777 184 1782 ’
216 1782 325 1810 Tea‘tus.
342 1783 436 1811 Civilis
449 1783 491 1810 lex
507 1783 605 1810 iterum
623 1783 839 1818 sapiusve,etc.,
850 1785 974 1819 usquead

181 1827 279 1864 digest.
294 1827 340 1862 58,
358 1828 403 1861 5i,
416 1828 461 1860 55,
473 1828 519 1862 67,
540 1832 570 1855 ut
589 1835 650 1863 pag.
664 1828 729 1855 902.

215 1930 364 1958 Sclwtium.
379 1929 433 1958 Tit.
461 1929 489 1963 9,
513 1930 561 1958 lib.
588 1938 604 1958 ν
619 1931 693 1964 cod.,
720 1938 775 1958 non
797 1935 839 1959 est
867 1932 974 1967 pbsitus

178 1977 205 2004 in
217 1975 301 2004 Basil.
313 1975 425 2003 Novella
436 1976 469 2003 de
486 1975 600 2011 nuptiis,
610 1980 652 2004 est
674 1977 782 2004 novella
798 1976 973 2012 imperatoris

177 2021 380 2063 Justinianigi,
390 2022 476 2057 posita
488 2021 553 2057 [que
561 2021 614 2058 est]
626 2022 653 2049 in
668 2022 715 2050 lib.
724 2021 807 2050 Basil.
819 2028 918 2055 xxvtu,
928 2022 971 2050 tit.

179 2069 224 2097 M.
244 2076 304 2104 cap.
316 2077 336 2102 ι,
352 2067 408 2104 [ac]
419 2067 496 2103 jubet
514 2075 686 2103 quacunque
700 2069 895 2103 compendiose
907 2073 972 2097 sunt

179 2114 330 2149 proposita.
349 2113 436 2148 Legas
455 2118 545 2141 autem
565 2119 651 2141 totum
666 2114 742 2141 illum
757 2114 790 2142 l4
806 2114 847 2142 tit.
868 2114 905 2142 28
921 2115 969 2142 lib.

177 2159 220 2196 [ut
230 2160 276 2195 qui
285 2159 324 2196 et]
337 2159 454 2186 maxime
461 2159 635 2187 necessarius
645 2159 691 2192 sit,
698 2164 725 2187 et
733 2159 767 2187 de
776 2160 841 2187 viris
848 2160 971 2188 mulieri-

175 2206 286 2241 busque
301 2205 413 2240 nuptias
428 2205 591 2233 iterantibus
606 2205 691 2233 multa
705 2213 821 2233 summa;
840 2206 971 2234 utilitatis

175 2252 282 2280 doceat.
307 2251 410 2287 Digest.
435 2252 469 2279 IO
480 2257 506 2279 et
531 2251 575 2285 Il,
590 2252 631 2279 tit.
656 2252 683 2285 2,
703 2253 762 2280 .lib.
781 2261 823 2286 ιιι,
839 2253 907 2289 dig.,
928 2258 972 2281 est

175 2296 223 2323 lib.
241 2296 326 2324 Basil.
342 2304 400 2327 ut,
417 2295 498 2327 titﬂ,
519 2303 581 2332 cap.
607 2296 650 2329 i0,
662 2297 732 2331 quod
763 2297 801 2324 ita
816 2297 881 2325 dicu.
896 2307 903 2324 :
929 2297 968 2324 Ex

174 2342 317 2377 principis
335 2341 414 2377 jussu
432 2342 715 2370 mulierintraluctus
734 2346 844 2378 tempus
861 2343 970 2378 nuptias

175 2389 276 2416 iterare
292 2392 400 2423 potest;
415 2392 442 2415 et.
452 2395 511 2423 cap.
527 2387 569 2421 ll,
580 2388 671 2415 thema
680 2387 708 2421 2,
719 2387 790 2423 quod
807 2388 878 2425 circa
891 2387 970 2416 finem

176 2434 217 2462 sic
234 2433 317 2462 habet
337 2443 344 2461 :
365 2433 431 2466 Quae
456 2441 522 2460 vero
538 2433 565 2460 in
590 2433 699 2468 lugubri
734 2432 830 2470 [anno]
853 2434 968 2469 peperit,

173 2480 267 2509 statim
291 2480 395 2507 nubere
423 2483 523 2515 potest.
540 2479 594 2507 Tit.
610 2480 732 2513 5,lib.v,
747 2480 823 2512 cod.,
849 2484 892 2508 est
918 2480 967 2507 lib.

173 2525 321 2561 Basil.f28,
341 2525 385 2554 tit.
398 2525 424 2559 ὕ,
436 2533 496 2561 cap.
511 2526 556 2559 25,
569 2526 643 2561 quod
661 2525 701 2553 sic
716 2525 816 2553 habet:
828 2525 969 2553 Neminem

171 2571 220 2606 qui
244 2571 297 2599 sub
324 2570 427 2599 ditione
445 2571 481 2599 sit
501 2570 617 2598 Romani
640 2571 761 2599 nominis
775 2571 845 2599 duas
868 2578 970 2600 uxores

171 2619 275 2646 habere
304 2625 396 2654 posse,
418 2622 494 2654 patet
519 2627 526 2645 :
554 2625 615 2645 eum
629 2621 658 2645 et
683 2618 710 2645 in
728 2617 817 2646 edicto
842 2619 968 2653 prtetoris

175 2663 334 2700 huiusmodi
352 2664 480 2692 homines
498 2663 611 2691 infamia
627 2663 713 2691 notati
730 2663 796 2696 sint.
814 2671 896 2698 quam
911 2671 969 2692 rem

171 2713 335 2744 competens
347 2709 432 2744 judex
463 2709 578 2736 inultam
593 2716 654 2736 esse
671 2716 726 2736 non
742 2709 872 2744 patietur.
888 2709 941 2737 Tit.
954 2710 971 2737 ϐ

171 2756 296 2790 ejusdem
312 2756 359 2783 lib.
376 2756 402 2789 5,
413 2757 474 2783 cod.
489 2760 532 2783 est
546 2755 593 2783 lib.
612 2755 693 2783 Basil.
705 2763 802 2788 xxvm,
813 2755 855 2784 tit.
868 2755 895 2789 4,
910 2764 974 2792 cap.

171 2802 201 2828 4t
218 2823 225 2835 ,
248 2808 276 2829 ct
301 2802 423 2837 ejusdem
442 2801 484 2829 tit.
514 2808 577 2837 cap.
600 2801 649 2834 Η,
666 2801 738 2836 quod
753 2806 796 2829 est
821 2801 915 2830 Const.
939 2802 967 2830 6.

171 2847 231 2875 limo
246 2848 284 2874 ait
307 2847 354 2875 :Si
368 2848 410 2875 rui
430 2847 550 2883 puellam
569 2851 662 2874 tutore
674 2846 715 2874 vel
728 2851 857 2875 curatore
876 2847 967 2876 tutelm

171 2892 215 2919 vel
233 2899 308 2920 cura:
322 2893 394 2922 ratio
406 2892 584 2930 redditarsit,
596 2899 684 2928 eaque
700 2892 863 2927 vigesimum
882 2892 966 2928 quiti-

1030 1678 1172 1714 ξανδρείας
1199 1681 1232 1707 ἐκ
1255 1680 1305 1714 τῆς
1331 1679 1402 1716 πρὸς
1437 1679 1564 1714 Ἀγάθων
1587 1681 1739 1708 ἐπίσκοπον
1766 1682 1832 1708 ἐπι-

1030 1725 1138 1760 στολῆς.

1063 1780 1219 1814 Κειῗμενοοι.
1239 1779 1269 1807 '0
1284 1779 1420 1812 πολιτικὸς
1437 1779 1519 1816 νόμος
1535 1780 1567 1807 οὐ
1577 1780 1688 1813 κολάζει
1702 1781 1751 1818 τὴν
1763 1781 1830 1809 δευ-

1025 1826 1206 1861 τερογαμεαν,
1218 1826 1235 1862 ἦ
1249 1826 1476 1862 πολυγαμίαν,ξκ.
1486 1835 1511 1854 τ.
1525 1826 1563 1860 λ.,
1574 1835 1664 1862 usque
1676 1827 1711 1855 ad
1725 1829 1773 1854 καὶ
1786 1827 1832 1864 βι-

1026 1871 1100 1899 ϐλίον
1123 1871 1177 1907 κγ’,
1196 1873 1250 1900 τίτ.
1277 1872 1312 1908 β’,
1336 1874 1407 1901 διάτ.
1423 1873 1476 1909 λη’.
1496 1873 1536 1902 va.’
1553 1873 1601 1907 νε¹,
1627 1873 1677 1907 ξζκ

1057 1930 1197 1964 Σχόλιον.
1221 1930 1252 1957 '0
1279 1931 1305 1957 0t
1332 1930 1387 1959 τίτ.
1403 1930 1450 1958 τοῦ
1464 1929 1486 1958 ε’
1507 1931 1612 1967 βιϐλίου
1635 1931 1685 1959 τοῦ
1707 1931 1830 1965 κὼδικος

1026 1975 1078 2002 οὐκ
1090 1975 1169 2011 ἐτέθη
1188 1977 1228 2008 εἰς
1244 1975 1278 2002 τὰ
1294 1976 1438 2004 Βασιλικά.
1459 1977 1492 2003 Ἦ
1506 1977 1535 2004 δὲ
1548 1977 1615 2013 περὶ
1626 1977 1726 2012 γάμων
1737 1978 1830 2012 νεαρὰ

1027 2023 1086 2049 ἐστι
1101 2022 1148 2049 τοῦ
1169 2022 1306 2055 Βασιλέως
1326 2022 1518 2050 Ἰουστινιανοῢ
1534 2023 1620 2059 νεαρὰ
1635 2022 1693 2059 κβ¹,
1707 2024 1829 2060 κειμένη

1026 2068 1057 2095 ἐν
1071 2067 1168 2104 βιϐλίῳ
1182 2068 1238 2095 τῶν
1258 2068 1412 2103 Βασιλικῶν
1431 2068 1485 2104 κη’,
1505 2069 1559 2096 τῑτ.
1575 2068 1616 2102 ιδ’,
1631 2077 1696 2104 κεφ.
1715 2069 1749 2097 α’.
1767 2078 1829 2097 πα-

1027 2114 1233 2150 ρακελευομένη
1251 2114 1302 2141 ὅσα
1322 2115 1363 2147 εἰς
1387 2114 1418 2142 τὺ
1440 2115 1569 2149 κείμενον
1600 2115 1828 2151 συνακὶιίσθησαν.

1026 2160 1082 2187 Καὶ
1099 2160 1236 2195 ἀνάγνωθι
1258 2161 1304 2187 τὸν
1325 2161 1386 2188 ὅλον
1402 2161 1522 2188 τοιοῦτον
1542 2159 1573 2188 ιδ’
1587 2161 1641 2188 τίτ.
1659 2161 1706 2188 τοῦ
1720 2160 1764 2197 κη’
1783 2161 1828 2197 βι-

1025 2206 1101 2233 ϐλίου
1136 2207 1352 2241 ἀναγκαιότατον
1375 2207 1451 2240 ὅντα,
1478 2207 1526 2234 καὶ
1548 2207 1636 2234 πολλὰ
1661 2207 1830 2235 διδάσκοντα

1024 2251 1224 2287 χρησιμώτατα
1243 2252 1324 2288 χάριν
1341 2252 1616 2289 δευτερογαμούντων
1633 2252 1751 2289 ἀνδρῶν.
1775 2254 1828 2280 καὶ

1025 2297 1175 2332 γυναικῶν.
1202 2298 1239 2325 Τὸ
1257 2297 1282 2330 ι’,
1295 2299 1343 2326 καὶ
1363 2297 1397 2325 ια’
1411 2298 1482 2326 διάτ.
1495 2299 1544 2326 τοῦ
1562 2298 1584 2335 β’
1605 2299 1659 2326 τίτ.
1675 2298 1722 2326 τοῦ
1738 2299 1764 2333 γ’
1781 2299 1828 2335 βισ

1027 2344 1102 2371 ϐλίου
1118 2345 1172 2372 τῶν
1183 2345 1343 2378 διατάξεων,
1360 2345 1418 2372 ἔστι
1433 2345 1482 2372 τοῦ
1498 2343 1542 2372 »ια’
1552 2345 1658 2381 βιϐλίου
1670 2345 1725 2372 τῶν
1744 2345 1829 2372 Βασι-

1025 2390 1111 2417 λικῶν
1126 2391 1179 2418 τίτ.
1195 2390 1228 2427 β’,
1250 2400 1314 2426 κεφ.
1333 2391 1361 2425 ι’,
1386 2391 1458 2419 οὕτω
1481 2391 1571 2427 λέγον,
1596 2391 1678 2420 Κατὰ
1696 2391 1827 2419 κέλευσιν

1026 2436 1159 2472 βασιλέως
1175 2437 1287 2465 δύναται
1300 2438 1317 2473 ἡ
1332 2439 1402 2474 γυνὴ
1427 2439 1455 2464 ὲν
1470 2439 1510 2475 τῷ
1527 2438 1653 2475 πενθίμῳ
1667 2439 1759 2474 χρόνῳ
1773 2447 1828 2472 γα-

1026 2483 1104 2517 μεῖν·
1123 2483 1170 2510 καὶ
1186 2492 1249 2518 κεφ.
1279 2481 1323 2516 ια’,
1339 2483 1410 2520 θέμα
1429 2483 1463 2519 β’,
1489 2485 1557 2521 περὶ
1572 2485 1602 2512 τὸ
1627 2485 1704 2517 τέλος
1733 2484 1826 2516 οὕτως

1022 2528 1096 2565 ἔχον,
1118 2529 1151 2556 Ἦ
1175 2529 1204 2557 δὲ
1217 2529 1334 2557 τεκοῦσα
1351 2531 1380 2558 ὲν
1407 2530 1446 2564 τῷ
1461 2530 1588 2566 πενθίμῳ
1600 2531 1758 2567 παραυτίκα
1776 2531 1826 2558 δύ-

1022 2584 1100 2603 ναται
1115 2577 1227 2610 γαμεῖν.
1247 2576 1277 2604 ’0
1304 2576 1325 2603 ε’
1351 2577 1406 2605 sit.
1421 2577 1469 2604 τοῦ
1498 2576 1519 2604 ε’
1540 2577 1598 2613 βιε.
1614 2576 1663 2604 τοῦ
1691 2577 1825 2609 κώδικος,

1022 2621 1080 2648 ἐστι
1099 2621 1202 2657 βιϐλίον
1216 2621 1260 2657 κη’
1285 2623 1339 2650 τῶν
1366 2623 1522 2650 Βασιλιδῶν
1545 2622 1601 2650 τίτ.
1619 2622 1662 2654 ιε’,
1675 2630 1739 2657 κειρ.
1766 2622 1824 2657 κγ’.

1021 2666 1109 2699 οὕτως
1124 2667 1195 2703 ἔχον,
1207 2668 1310 2695 Οὐδένα
1327 2669 1402 2701 ὅστις
1416 2669 1470 2696 ὑπὸ
1481 2669 1533 2705 τὴν
1545 2668 1686 2696 πολιτείαν
1700 2668 1762 2695 ἐστὶ
1774 2669 1824 2695 τοῦ

1026 2709 1183 2745 Ῥωμαῖκοῦ
1201 2711 1334 2747 ὀνόματος
1362 2712 1409 2740 δύο
1437 2713 1562 2748 γαμετὰς
1587 2712 1719 2740 δύνασθαι
1749 2713 1825 2748 ἔχειν

1023 2757 1141 2792 φανερόν
1159 2758 1232 2784 ἐστιν
1247 2759 1328 2785 ὁπότε
1346 2759 1394 2785 καὶ
1407 2759 1437 2785 ὲν
1464 2759 1504 2795 τῷ
1513 2759 1585 2786 διάτ.
1599 2759 1646 2786 τοῦ
1661 2759 1826 2795 πραιτωρος

1023 2802 1048 2828 oi
1074 2803 1192 2831 τοιοῦτοι
1212 2804 1352 2838 ἄνθρωποι
1374 2805 1391 2841 ἢ
1414 2806 1561 2841 τιμῶνται,
1583 2805 1653 2841 ὅπερ
1673 2806 1794 2841 πρᾶγμα
1809 2805 1825 2832 6

1027 2847 1304 2887 Ἀρμόδιοςδικαστὴς
1323 2851 1499 2888 ἀτιμώρητον
1520 2850 1590 2879 εἶναι
1610 2851 1662 2878 οὐκ
1681 2851 1823 2884 ἀνέξεται.

1028 2895 1057 2921 '0
1075 2899 1119 2927 ς’·
1137 2897 1191 2925 τῑτ.
1219 2896 1269 2925 τοῦ
1284 2897 1368 2925 αὑτοῦ
1387 2901 1408 2925 ε’
1421 2897 1597 2934 ιβιὸλίουδτοῦ
1617 2897 1744 2930 κὼδικος,
1763 2897 1826 2925 ἐστι
