1951 3048
129 178 199 211 1160

576 179 822 212 NOMOCANON.
840 192 874 198 -—
889 177 965 209 TIT-
984 178 1071 220 XIII,
1092 179 1173 209 CAP.
1193 179 1219 217 Ι,
1238 179 1282 210 ΙΙ.

1708 176 1777 209 1170

125 238 175 266 τοῦ
191 237 233 273 κη’
254 237 357 274 βιϐλίου
386 239 442 266 τῶν
469 238 624 266 Βασιλικῶν
645 239 699 266 τίτ.
727 238 761 271 δ’,
781 245 846 272 κεφ.
865 239 915 272 μα¹ι

975 238 1034 262 tum
1048 242 1152 263 annum
1169 235 1330 271 excesserit,
1356 240 1440 272 atque
1458 233 1775 273 [insuper]'constitutus

127 284 175 311 καί
192 293 262 320 φησι
285 284 315 311 τὸ
340 284 381 320 μδ¹
403 293 466 320 κεφ.
481 284 529 312 τοῦ
554 284 638 312 αὐτοῦ
651 285 704 312 τίτ.
730 284 801 311 διάτ.
819 283 850 310 ὃν
882 282 921 316 ς’.

127 329 232 361 Ταῦτα,
246 329 320 365 ἐὰνὴ
336 330 564 365 ἐπιτροπευθεϊσα
577 330 653 366 παρά
665 339 749 362 τινος,
765 323 814 357 καὶ
826 330 923 364 λόγους

125 375 197 412 λάϐῃ
208 376 259 410 τῆς
272 376 450 412 διοικήσεως,
472 377 520 404 καὶ.
542 377 648 412 ὑπερϐῇ
665 377 710 403 τὸν
733 375 772 403 κε’
787 376 922 409 ἐνιαυτὸν,

127 414 184 448 καί
194 422 364 458 παραδράμῃ
383 423 397 448 ὁ
411 422 565 458 ὡρισμένος
578 423 700 454 ἐνιαυτὸς
712 422 825 449 δύναται
837 422 923 458 αὐτὴν

123 467 139 494 6
153 467 200 495 τοῦ
218 468 468 504 ἐπιτροπεύσαντος
485 469 542 501 υίὸς
566 468 731 503 ἀγαγέσθαι.
750 468 780 495 Εἰ
795 468 823 495 δὲ
849 469 896 495 καὶ
909 469 923 495 6

124 514 218 550 πατὴρ
234 514 285 550 τῆς
299 514 386 550 κόρης
397 514 533 542 τελευτῶν
549 515 628 541 τοῦτο
639 515 741 551 ᾔτησεν
767 514 838 541 ὥστε
860 523 922 541 συν-

124 560 244 595 αφθῆναι
253 561 302 596 τὴν
310 560 395 597 κόρην
403 560 443 595 τῷ
457 560 505 587 τοῦ
515 561 664 596 ἐπιτρόπου
676 561 764 593 παιδὶ,
773 561 822 588 καὶ
835 560 923 593 οὕτως

123 607 138 633 6
154 607 242 642 γάμος
253 606 384 643 ἔρρωται.
408 607 437 634 '0
450 607 472 640 ζ’
486 607 540 635 τίτ.
561 607 609 634 τοῦ
621 606 641 634 ε’
658 607 761 642 βιϐλίου
777 607 824 634 τοῦ
840 607 922 635 κώδι-

124 661 172 685 κος
188 654 278 681 κεῖται
291 655 331 686 εἰς
342 654 446 690 βιϐλίον
461 653 504 690 κη’
513 653 567 682 τῶν
583 654 736 681 Βασιλικῶν
751 654 804 682 τίτ.
821 658 841 681 ε’
857 663 920 690 κεφ.

125 699 167 732 κζ’
187 701 234 727 και
249 709 315 736 φησι
332 700 363 728 τὸ
377 699 498 729 τοιοῦτον
514 710 577 736 κεφ.
595 701 692 728 ταῦτα·
713 702 776 728 Ἐάν
792 711 835 734 τις
847 703 921 730 οἱαν-

122 745 224 780 δήποτε
238 746 369 782 πράττων
399 747 487 783 ὰρχὴν
518 747 656 783 παραθείη
680 748 770 783 γῆμαι
797 749 920 776 ἄκουσαν

123 792 220 827 κόρην,
238 792 254 828 ἢ
273 793 396 820 ἀκόντων
415 793 469 820 τῶν
489 794 592 828 γονέων
611 794 659 830 τὴν
673 794 836 830 οἱανδήποτε
855 795 920 822 δέκα

122 836 222 872 λιτρῶν
239 838 340 874 χρυσοῦ
363 838 516 874 πρόστιμον
541 839 612 875 ὑπὲρ
633 839 720 874 αὐτῆς
742 840 920 876 ἐγχειρίσεως

121 883 227 912 διδότω.
243 885 297 911 Καὶ
315 885 463 921 ὸτεδήποτε
475 886 632 922 παυόμενος
644 886 695 922 τῆς
707 887 795 923 ἀρχῆς
808 887 847 923 μὴ
858 888 918 914 ἐπι-

123 930 241 966 χειρείτο
254 932 311 963 τοῖς
328 932 378 967 τῆς
395 932 485 968 ἀρχῆς
497 921 677 968 προνομίοιςί
693 934 716 959 εἰ
775 921 918 970 ἐπιχειρήα
933 921 958 952 Β

123 983 166 1002 σει
188 976 355 1012 χρήσασθαι,
372 978 420 1005 ἐπὶ
438 978 541 1006 διετίαν
554 977 730 1006 ἐκϐαλλέσθω
742 980 793 1014 τῆς
814 980 918 1012 πόλεως

120 1021 240 1058 ἐκείνης,
253 1024 282 1050 ἐν
328 1024 386 1056 τοῖς
401 1024 561 1060 προνομίοις
581 1024 739 1061 χρήσασθαι
761 1025 897 1061 ἐϐουλήθη
907 1034 915 1042 ’

120 1068 211 1101 ἔξεστι
231 1070 260 1097 δέ
281 1071 329 1097 καὶ
343 1071 377 1106 τῇ
403 1070 483 1108 κόρῃ,
506 1071 555 1098 καὶ
571 1071 611 1106 τῷ
636 1071 741 1107 ταύτης
757 1073 843 1107 πατρὶ
860 1073 919 1099 δια-

121 1114 314 1152 μαρτύρασθαι
328 1117 393 1152 περὶ
415 1117 523 1152 τούτου,
536 1118 578 1145 ὅτι
598 1117 731 1154 ἐϐουλήθη
752 1119 918 1154 ποιήσασθαι

119 1161 166 1188 τὸν
182 1162 272 1197 γάμον
285 1162 298 1189 6
316 1162 408 1198 ἄρχων
423 1162 471 1190 καὶ
487 1163 538 1197 τῆς
549 1163 750 1199 διαμαρτυρίας
767 1164 918 1200 γενομένης

119 1206 221 1239 ἔξωθεν
236 1207 345 1234 ἐσονται
360 1209 410 1244 τῆς
422 1207 469 1234 τοῦ
485 1208 616 1243 ἄρχοντος
630 1209 811 1242 δικαιοδοσίας
824 1211 870 1237 ἐπί
887 1219 918 1237 τε

120 1253 278 1289 ἐγκλήμασι
294 1254 343 1281 καὶ
365 1255 490 1291 χρήμασι
504 1263 512 1271 ’
529 1255 577 1282 καὶ
593 1257 619 1283 εἰ
643 1256 695 1292 μὲν
718 1257 811 1292 ἄρχων
832 1258 919 1294 ἐπαρ-

120 1299 182 1334 χιας
196 1300 213 1335 ἢ
239 1299 333 1335 ἄρχων
350 1301 550 1335 στρατιωτικός
582 1301 653 1334 ἐστι,
678 1302 848 1336 γινέσθωσαν
864 1303 918 1330 ὑπὸ

119 1346 164 1373 τὸν
176 1345 310 1382 ἄρχονται
326 1347 350 1373 οἱ
368 1347 496 1383 ἑκάτεροι
517 1347 641 1375 ἔστωσαν
659 1347 712 1374 ὑπὸ
724 1348 770 1374 τὸν
793 1348 916 1384 ἔπαρχον

77 1398 80 1401 ’
119 1391 174 1417 τῶν
190 1392 380 1427 πραιτωρίων.
398 1393 435 1419 Τὸ
448 1392 490 1428 λη’
510 1393 581 1420 διάτ.
599 1393 628 1419 τὸ
649 1392 690 1420 να¹
706 1393 754 1420 καὶ
773 1393 810 1420 νε¹
825 1394 916 1420 καὶτὸ

121 1435 160 1469 EC’
173 1435 220 1463 τοῦ
234 1435 259 1471 β’
273 1437 326 1464 τιτ.
341 1437 388 1464 τοῦ
403 1436 447 1473 κγ’
459 1437 564 1474 βιϐλίου
576 1438 631 1465 τῶν
646 1438 716 1466 διατ.
730 1439 783 1465 εἰσὶ
799 1439 917 1474 διάφορα

120 1489 184 1516 κεφ.
200 1482 247 1508 τοῦ
262 1480 294 1515 δ’,
311 1482 359 1509 καὶ
370 1481 401 1517 ε’,
414 1483 467 1510 τίτ.
482 1483 529 1510 τοῦ
553 1482 597 1518 κη’
613 1483 720 1519 βιϐλίου
732 1484 787 1511 τῶν
808 1484 918 1511 Βασιλι-

120 1527 191 1554 κῶν·
208 1528 288 1564 ἐτέθη
302 1528 358 1564 γὰρ
371 1529 385 1555 ὁ
402 1529 425 1565 β’
439 1529 494 1556 τίτ.
512 1529 560 1556 τοῦ
575 1529 619 1564 κγ’
635 1529 740 1565 βιϐλίου
753 1530 808 1557 τῶν
822 1531 918 1559 διατά-

119 1573 189 1607 ξεων
200 1576 241 1608 είς
257 1584 321 1612 κεφ.
340 1574 373 1603 ιθ¹
384 1576 432 1604 τοῦ
449 1575 469 1603 δ’
481 1576 533 1604 τίτ.
548 1576 596 1603 τοῦ
610 1575 654 1612 κη’
670 1576 775 1612 βιϐλίου
790 1577 846 1604 τῶν
864 1578 918 1605 Βα-

120 1621 243 1654 σιλικῶν,
256 1607 304 1649 καί
322 1631 390 1658 φησι
406 1623 437 1650 τὸ
453 1621 496 1658 κβ’
516 1631 578 1658 κεφ.
598 1607 676 1651 διάτ.¹
692 1623 722 1650 ὃν
738 1622 779 1660 λη’
794 1624 809 1650 6
832 1625 918 1660 ἐπαρ-
932 1607 953 1636 c

118 1668 166 1704 χίει.
178 1667 308 1704 χειρίξων
318 1668 447 1704 ὀφφίκια,
462 1669 493 1695 οὐ
502 1669 616 1696 δύναται
629 1670 730 1706 γαμεῖν
743 1670 793 1705 τὴν
802 1671 831 1697 ἐν
846 1671 915 1706 αὐτῇ

120 1715 312 1748 γεννηθεῖσαν,
329 1714 345 1750 ἢ
364 1715 414 1750 τὴν
430 1715 539 1751 οἴκησιν
552 1715 669 1751 ἔχουσαν
686 1716 755 1743 ἐκεῖ.
771 1716 917 1752 Μνηστεύ-

117 1761 197 1788 εσθαι
213 1761 242 1788 δὲ
255 1762 286 1788 οὐ
301 1761 446 1795 κωλύεται,
463 1763 511 1789 καὶ
522 1762 570 1789 ἐὰν
586 1764 601 1798 ἡ
617 1763 686 1798 γυνὴ
703 1762 773 1799 μετὰ
783 1763 832 1799 τὴν
848 1763 917 1790 ἁπό-

118 1808 193 1836 θεσιν
205 1809 252 1837 τοῦ
274 1810 403 1845 ὸφφικίου
420 1810 458 1847 μὴ
473 1810 575 1847 θελήσῃ
591 1811 731 1846 γαμῆσαι,
751 1811 850 1847 μόνους
863 1812 916 1848 ἀρα

118 1856 245 1891 ραϐὦνας
253 1856 412 1891 ἀποδίδωσι,
421 1857 472 1892 τὴν
480 1857 509 1883 δὲ
520 1857 792 1893 προμνηστευθεῖσαν
802 1857 916 1885 δύναται

117 1903 221 1936 λαϐεῖν,
238 1905 324 1931 καὶού
340 1905 445 1939 γίνεται
461 1905 477 1940 ἡ
493 1905 574 1941 προὶξ
587 1904 809 1941 ίσπωμένη,ἦτοι
821 1905 916 1941 ἐξῃτοο

115 1950 229 1985 νεμένη,
247 1950 305 1977 ἀλλ’
337 1950 446 1986 ἰσχυρά.
463 1950 500 1977 Τὸ
526 1949 575 1984 κε’,
592 1959 655 1985 κεφ.
676 1950 779 1984 ταῦταζ,
802 1951 848 1977 ἐπὶ
866 1951 914 1978 τοῦ

115 1997 256 2033 ἀθεμίτων
267 1998 365 2033 γάμων
378 1997 441 2024 οὔτε
454 1997 536 2033 προὶξ
553 1995 624 2025 εἶναι
641 1998 676 2026 τὰ
698 1998 858 2026 ἐπιδοθέντα
872 1999 915 2026 δο-

116 2044 179 2070 κεῖ·
205 2043 252 2070 καὶ
273 2043 318 2071 διὰ
334 2044 414 2071 τοῦτο
436 2044 491 2071 πᾶν
513 2044 581 2080 ὅπερ
605 2045 637 2071 ὲκ
658 2044 713 2071 τῶν
734 2044 914 2072 ἐπιδοθέντων

115 2088 188 2124 λόγῳ
201 2090 316 2125 προικὸς
329 2089 427 2117 ἔλαϐεν
443 2091 457 2117 6
474 2090 555 2126 δῆθεν
568 2090 649 2127 ἀνὴρ,
671 2091 830 2127 ἀφαιρεῖται
847 2091 914 2127 παρ’

115 2135 200 2162 αὐτοῦ
215 2135 268 2163 κᾶν
279 2136 313 2164 τὰ
329 2137 448 2172 μάλιστα
464 2137 590 2173 καρποὺς
616 2137 712 2173 ἔτυχεν
732 2137 862 2173 εἰληφώς.
876 2138 913 2164 Τὸ

115 2182 223 2219 γ’,θέμα
237 2183 285 2211 τοῦ
298 2183 382 2211 αὑτοῦ
398 2183 436 2211 κε’
455 2193 519 2219 κεφ.
538 2184 638 2216 ταῦτα,
655 2184 704 2211 ἐὰν
715 2185 729 2212 6
751 2185 912 2221 ἐπίτροπος,

113 2228 132 2265 ἢ
149 2230 162 2256 6
174 2229 322 2266 γενόμενος
336 2231 482 2267 κουρὰτωρ
500 2231 692 2268 υίοθετήσηται
700 2231 745 2258 τὸν
758 2231 845 2268 ἄνδρα
863 2233 914 2268 τῆς

113 2276 371 2313 ἐπιτροπευθείσης,
385 2276 401 2313 ἢ
414 2277 704 2313 κουρατωρευομένης,
717 2277 734 2314 ἢ
750 2277 796 2304 τὸν
805 2277 913 2314 πατέρα

113 2323 213 2358 αὐτῆς,
226 2324 244 2359 ἡ
261 2323 335 2356 θέσις
348 2324 450 2359 ᾶκυρός
458 2325 545 2358 ἐστιν,
555 2325 586 2351 οὐ
603 2325 652 2360 μὲν
670 2326 684 2351 6
700 2325 790 2360 γάμος
806 2324 911 2358 λύεται,

113 2368 213 2406 ὥσπερ
234 2369 331 2397 λύεται
346 2370 431 2406 ἡνίκα
450 2379 492 2402 τις
507 2370 553 2398 τὸν
569 2370 634 2397 ἴδιον
649 2369 774 2406 γαμϐρὸν
789 2369 912 2405 υἰοθετή-

114 2425 207 2452 σηται.
224 2417 280 2444 Καὶ
295 2417 326 2444 τὸ
339 2416 384 2453 μβ¹
399 2425 463 2452 κεφ.
476 2417 546 2445 διὰτ.
565 2417 595 2444 ὃν
610 2417 632 2452 β’
648 2416 696 2444 τοῦ
722 2415 749 2450 ς’
765 2417 816 2444 τίτ.
831 2417 879 2444 τοῦ
891 2415 911 2443 ε’

114 2463 171 2499 βιϐ.
183 2463 231 2490 τοῦ
247 2463 364 2495 κώδικος
375 2463 474 2490 ταῦτα·
485 2463 555 2499 ἔχων
568 2472 611 2496 τις
627 2463 803 2496 αὐτεξούσιον
816 2464 910 2496 παῖδα,

113 2511 162 2537 καὶ
180 2510 290 2546 νύμφην
300 2509 376 2546 αὐτῷ
386 2510 523 2545 ἀγόμενος
538 2510 609 2546 μετὰ
627 2509 678 2546 τὴν
695 2510 742 2537 τοῦ
757 2510 847 2545 γάμου
862 2510 910 2537 σύ-

113 2566 211 2583 στασιν
226 2556 277 2592 ἤδη
294 2556 399 2584 παίδων
415 2556 567 2591 τεχθέντων
583 2556 637 2583 ἀπὸ
655 2556 706 2590 τῆς
717 2556 826 2592 νύμφης
841 2556 910 2583 divo-

113 2601 207 2636 μάσθη
226 2601 370 2637 κουράτωρ
387 2603 421 2638 τῇ
438 2601 491 2637 ἰδίᾳ
506 2602 600 2637 νύμφῃ
611 2610 617 2617 ·
636 2602 649 2628 6
663 2601 691 2628 δὲ
705 2602 802 2628 τούτου
817 2604 879 2634 ταῖς
896 2602 910 2628 ό

111 2648 164 2684 τῆς
181 2648 293 2684 νύμφης
317 2648 388 2684 ἀνὴρ
415 2649 576 2684 εὐλαϐηθεὶς
598 2649 705 2684 μήποτε
727 2648 880 2681 ἀσύστλτος
897 2649 910 2676 6

112 2694 203 2729 γάμος
220 2695 335 2730 γένηται
347 2694 485 2730 προφάσει
510 2696 561 2729 τῆς
580 2694 625 2721 τοῦ
640 2694 745 2731 πατρὸς
768 2704 910 2731 κουρατω-

113 2741 190 2775 ρείας
217 2741 317 2777 ἐδεήθη
346 2740 498 2776 βασιλέως,
524 2740 573 2767 καὶ
600 2740 764 2776 ἀντιγράφει
792 2741 838 2767 τὸν
859 2741 910 2777 μὲν

111 2787 202 2823 γάμον
233 2787 373 2824 ἐρρῶσθαι
399 2787 468 2822 πλὴν
484 2786 643 2814 παύσασθαι
668 2787 714 2814 τὸν
739 2788 846 2822 πατέρα
859 2789 910 2822 τῆς

111 2835 329 2870 κουρατωρείας,
351 2833 399 2860 καὶ
422 2833 511 2861 ἄλλων
538 2833 746 2860 κατασταθέντα
761 2833 909 2869 λογοθετη-

111 2881 193 2917 θῆναι
207 2882 252 2909 ὑπ’
263 2881 346 2909 αὐτοῦ
367 2881 412 2908 τὸν
431 2881 548 2916 πατέρα.
570 2880 648 2908 Ἐπεὶ
663 2881 691 2907 δὲ
708 2881 825 2916 διάξορα
843 2890 906 2917 κεφ.

111 2927 346 2964 κατεστρώσαμεν
361 2926 390 2953 ἐν
415 2926 456 2963 τῷ
471 2926 544 2954 τέλει
567 2926 614 2953 τοῦ
640 2927 776 2962 παρόντος
791 2926 824 2962 β’,
843 2936 907 2962 κεφ.

929 2291 952 2319 Ι)

977 281 1078 318 [annus
1089 281 1176 320 utilis]
1200 283 1352 311 decurrerit
1366 292 1373 311 :
1389 287 1480 319 potest
1496 283 1584 318 ipsam
1611 281 1710 310 tutoris
1733 281 1775 309 vel

977 328 1113 356 curatoris
1143 329 1216 357 [ilius
1244 328 1387 365 [uxorem]
1413 330 1525 357 ducere.
1553 327 1625 355 Sane
1646 327 1670 355 si
1694 331 1774 363 pater

981 375 1079 410 puellm
1093 383 1155 403 cum
1178 375 1332 410 decederet,
1357 380 1388 404 ut
1412 376 1458 403 illa
1488 373 1774 412 [injmatrimonium]

980 423 1082 450 tutoris
1098 422 1141 450 vel
1171 423 1308 451 curatoris
1331 423 1387 451 ﬁlio
1405 424 1578 459 jungeretur,
1596 422 1747 458 postulavit
1764 431 1772 449 ε

977 469 1050 498 valet
1068 470 1109 497 sic
1122 478 1234 505 quoque
1255 471 1474 498 matrimonium.
1486 469 1542 498 Tit.
1558 469 1586 503 7,
1603 469 1652 497 lib.
1670 477 1686 496 v
1710 469 1772 496 cod.

977 514 1045 543 situs
1055 519 1098 543 est
1109 515 1136 543 in
1152 516 1198 544 lib.
1216 515 1297 544 Basil.
1310 525 1402 550 xxvml
1417 517 1459 544 tit.
1471 516 1499 549 5,
1510 523 1572 551 cap.
1584 516 1630 549 2⁵1,
1641 516 1713 550 quod
1727 522 1775 542 ca-
1821 531 1824 534 η

976 566 1026 597 put
1043 561 1102 590 haec
1117 562 1202 590 dicit:
1231 563 1259 590 Si
1270 563 1340 599 ,‘quis
1350 563 1570 598 qualemcunque
1597 569 1694 597 gerens
1714 569 1775 588 ma-

976 607 1135 643 gistratum,
1153 607 1271 643 puellam
1287 608 1412 641 invitam,
1428 612 1476 635 aut
1500 607 1595 635 invitis
1612 606 1774 641 parentibus

976 653 1199 690 qualemcunque
1218 663 1334 682 uxorem
1351 655 1450 682 ducere
1462 658 1580 682 conatus
1592 653 1684 686 [fuerit
1700 662 1706 681 :
1723 660 1773 688 pro

975 699 1029 728 isto
1042 702 1188 730 conamine
1205 701 1300 729 decem
1319 702 1451 729 librarum
1473 702 1534 729 auri
1561 701 1677 728 multam
1703 708 1772 735 pen-

976 745 1045 774 dito.
1058 746 1176 780 Quando
1192 755 1258 775 vero
1267 748 1429 782 magistratu
1447 747 1555 779 abierit,
1572 755 1606 774 ne
1627 747 1773 782 magistra-

976 797 1021 820 tus
1035 793 1187 828 privilegiis
1200 793 1265 831 [uti]
1281 799 1397 822 tentato.
1420 794 1498 828 Quod
1511 794 1533 821 si
1554 793 1647 825 iaciat,
1665 794 1710 820 illa
1734 792 1774 820 ci-

974 839 1059 866 vitate
1081 839 1107 866 in
1133 847 1188 875 qua
1213 840 1363 875 privilegiis
1388 841 1427 868 uti
1443 839 1538 872 voluit,
1567 839 1604 867 ad
1631 838 1773 866 biennium

974 885 1090 920 ejicitor.
1113 886 1189 914 Licet
1206 890 1298 914 autem
1330 887 1438 922 puellae,
1461 886 1576 922 ejusque
1597 886 1679 921 patri.
1698 884 1773 921 quod

973 933 1150 969 magistratus
1162 934 1367 961 matrimonium
1383 932 1515 968 perﬁcere
1526 933 1654 964 voluerit,
1672 931 1706 959 de
1716 932 1770 959 hoc

973 980 1131 1007 contestari.
1152 980 1243 1015 Atque
1263 978 1318 1016 [ea]
1333 979 1532 1007 contestatione
1549 979 1637 1012 facta,
1662 982 1722 1005 tum
1742 978 1770 1005 in

972 1027 1163 1055 crimiualibus
1182 1027 1283 1060 tumin
1299 1027 1469 1062 pecuniariis
1482 1025 1627 1063 [negotiis]
1636 1031 1714 1053 extra
1730 1025 1771 1060 ip-

972 1074 1032 1101 sius
1049 1073 1271 1109 jurisdictionem
1299 1078 1390 1101 erunt.
1408 1074 1441 1101 Et
1463 1074 1486 1101 si
1507 1073 1618 1108 quidem
1633 1071 1692 1109 [qui
1717 1072 1772 1100 hoc

972 1119 1072 1156 tentat]
1089 1129 1191 1156 praeses
1206 1120 1356 1156 provincia:
1375 1120 1616 1155 autﬁmagistratus
1641 1119 1771 1148 militaris

972 1166 1020 1199 sit,
1039 1167 1154 1194 vicarii:
1169 1167 1211 1195 sin
1224 1171 1350 1202 uterque,
1370 1166 1409 1203 [et
1423 1167 1602 1202 magistratus
1613 1165 1770 1194 ordinarius

971 1218 998 1241 et
1008 1213 1151 1250 vicarius].
1165 1213 1286 1248 praefecti
1313 1214 1442 1249 praetorio
1458 1212 1671 1250 [jurisdictioui]
1701 1212 1770 1240 sub-

971 1261 1072 1288 sumo.l
1085 1260 1185 1295 Digest.
1200 1260 1244 1293 38,
1259 1261 1304 1293 5i,
1318 1260 1351 1288 55
1366 1265 1392 1288 et
1408 1260 1453 1293 67,
1468 1260 1539 1288 tituli
1564 1260 1592 1293 9.
1619 1259 1681 1287 libri
1701 1267 1771 1287 mu

971 1305 1160 1341 Digesl.,fsunt
1173 1306 1284 1334 divorsa
1300 1306 1390 1341 capita
1403 1306 1420 1333 4
1436 1311 1463 1334 et
1474 1306 1491 1333 5
1506 1306 1587 1338 tituli,
1604 1305 1666 1334 libri
1686 1305 1768 1333 Basil.

969 1359 1065 1380 xxviii.
1082 1351 1194 1380 Positus
1210 1357 1252 1379 est
1269 1352 1341 1379 enim
1356 1353 1397 1380 tit.
1412 1352 1440 1385 ‘2,
1456 1352 1503 1379 lib.
1517 1360 1585 1379 xxm
1614 1352 1716 1387 Digest.
1740 1351 1769 1379 in

971 1406 1033 1434 cap.
1061 1399 1105 1433 l9,
1119 1399 1159 1427 tit.
1195 1400 1222 1432 4,
1248 1399 1296 1427 lib.
1324 1407 1409 1426 xxviii
1433 1399 1516 1426 Basil.
1532 1402 1615 1433 atque
1642 1405 1704 1434 cap.
1721 1397 1769 1430 22,

971 1445 1045 1481 quod
1061 1450 1103 1473 est
1126 1445 1225 1481 digest.
1248 1445 1294 1478 58,
1311 1445 1377 1473 dicit
1406 1454 1413 1473 :
1434 1444 1487 1478 Qui
1505 1445 1532 1471 in
1547 1444 1691 1479 provincia
1710 1442 1769 1471 olli-

969 1490 1044 1522 cium
1055 1490 1319 1519 adminisuatﬁnde
1331 1491 1487 1524 oriuudam,
1498 1491 1538 1518 vel
1553 1490 1589 1518 ibi
1599 1490 1768 1518 domicilium

971 1536 1115 1564 habentem
1129 1544 1243 1565 uxorem
1263 1538 1365 1566 ducere
1392 1544 1447 1565 non
1471 1541 1571 1573 porest,
1590 1545 1644 1564 non
1675 1541 1767 1564 tamen

971 1591 1104 1619 sponsare
1115 1584 1286 1619 prohibetur.
1303 1583 1339 1611 At
1353 1584 1376 1611 si
1391 1584 1489 1611 mulier
1505 1587 1566 1619 post
1578 1583 1660 1611 onicii
1674 1583 1768 1618 dispo-

971 1629 1097 1656 sitionem
1115 1628 1224 1664 nuptias
1240 1628 1404 1657 contrahere
1431 1628 1509 1661 nolit,
1523 1628 1621 1657 arrhas
1645 1632 1768 1655 tantum-

972 1675 1054 1702 modo
1063 1675 1162 1703 reddit.
1183 1674 1286 1702 Verum
1307 1679 1388 1702 antea
1414 1674 1594 1710 desponsam,
1612 1674 1652 1711 [in
1668 1673 1767 1707 matri-

971 1719 1108 1757 monium]
1122 1728 1264 1748 aSSumere
1288 1725 1377 1755 potest
1395 1729 1402 1754 ;
1418 1728 1505 1756 neque
1522 1720 1573 1748 dos
1590 1719 1701 1748 'caduca
1725 1719 1766 1754 lit,

972 1767 1025 1794 sed
1048 1771 1108 1794 rata
1127 1765 1333 1803 [manet.]Cap.
1362 1766 1480 1799 ‘25,ha:c
1500 1766 1583 1800 :Quac
1611 1766 1639 1794 in
1663 1766 1767 1794 illicitis

970 1812 1074 1848 nuptiis
1098 1813 1161 1840 data
1185 1817 1260 1846 sunt,
1280 1812 1331 1840 dos
1357 1820 1418 1840 esse
1436 1820 1490 1840 non
1518 1812 1657 1844 videntur,
1684 1816 1767 1847 atque

968 1860 1073 1888 idcirco
1098 1867 1270 1895 quaecunque
1287 1867 1319 1887 ex
1337 1859 1370 1888 iis
1392 1867 1454 1895 quae
1476 1859 1584 1887 ratione
1611 1859 1682 1887 dotis
1697 1859 1762 1887 data

969 1911 1044 1939 sunt,
1069 1906 1186 1934 maritus
1214 1905 1342 1941 ceperit:
1368 1905 1476 1934 tametsi
1499 1906 1638 1942 praecipue
1659 1906 1768 1935 fructus

968 1953 1081 1987 ceperit,
1095 1953 1130 1980 ab
1147 1952 1195 1979 illo
1210 1951 1383 1980 auferuntur.
1405 1951 1535 1987 Ejusdem
1562 1953 1598 1980 ‘25
1612 1960 1673 1988 cap.
1705 1953 1765 1981 the-

969 2004 1013 2024 ma
1028 1997 1055 2030 5,
1078 1997 1135 2024 haec
1155 2006 1162 2026 :
1192 1996 1220 2024 Si
1235 2002 1309 2024 tutor
1344 2001 1392 2024 aut
1417 2002 1540 2031 curator,
1570 1998 1636 2025 dum
1669 2005 1766 2026 curam

969 2042 1050 2078 gerit,
1076 2042 1250 2078 adoptaverit
1265 2043 1394 2069 maritum
1410 2043 1550 2078 quondam
1578 2043 1699 2078 pupillae,
1720 2049 1767 2071 aut

968 2089 1047 2124 cujus
1061 2094 1172 2116 curator
1185 2089 1283 2123 est,vel
1293 2087 1399 2125 [etiam]
1410 2089 1500 2116 mariti
1517 2093 1622 2124 patrem
1634 2097 1641 2116 :
1654 2089 1765 2125 adoptio

968 2135 1046 2163 irrita
1058 2139 1109 2169 est,
1126 2143 1181 2163 non
1202 2139 1293 2163 autem
1311 2135 1484 2170 perimuntur
1495 2135 1616 2170 nuptiae;
1633 2136 1764 2171 quemad-

969 2182 1081 2210 modum
1098 2182 1137 2216 lit,
1154 2181 1266 2217 quando
1283 2182 1346 2217 quis
1363 2189 1493 2217 generum
1517 2189 1599 2209 suum
1617 2182 1764 2217 adoptave-

969 2229 1015 2256 rit.
1028 2227 1063 2256 Et
1077 2236 1139 2264 cap.
1157 2228 1202 2261 42,
1219 2228 1293 2264 quod
1313 2233 1355 2256 est
1370 2227 1482 2256 constit.
1498 2228 1527 2262 2,
1543 2228 1650 2262 tituli6,
1666 2228 1714 2256 lib.
1734 2236 1761 2256 v.

967 2274 1029 2302 cod.
1055 2275 1136 2302 haec:
1166 2273 1376 2310 Emancipatum
1404 2274 1516 2310 quidam
1535 2275 1622 2302 lilium
1647 2274 1761 2308 habens.

965 2323 1111 2354 postquam
1133 2318 1184 2354 ipsi
1198 2327 1313 2346 uxorem
1345 2319 1473 2351 duxerat.
1496 2319 1675 2348 matrimonio
1701 2319 1760 2356 jam

965 2365 1044 2398 inito,
1059 2370 1142 2401 atque
1154 2365 1291 2401 susceptis
1305 2365 1411 2399 liberis,
1427 2365 1588 2400 designatus
1605 2369 1647 2393 est
1678 2367 1760 2394 nurui

964 2419 1022 2440 suae
1037 2416 1157 2440 curator.
1174 2411 1246 2447 Ergo
1266 2411 1349 2447 hujus
1367 2411 1451 2445 ﬁlius.
1477 2420 1564 2439 nurus
1580 2412 1708 2445 maritus,
1725 2420 1761 2440 ne

967 2457 1073 2486 idcirco
1084 2458 1308 2493 .matrimonium
1324 2457 1476 2494 perimatur
1490 2463 1629 2492 metuens,
1655 2460 1761 2495 suppli-

965 2505 1235 2541 cavitjimperatori.
1256 2505 1282 2534 ls
1298 2506 1453 2541 rescripsit_
1468 2506 1673 2534 matrimonium
1697 2507 1759 2542 qui-

962 2552 1023 2579 dem
1041 2556 1132 2579 ratum
1155 2559 1227 2585 esse,
1243 2551 1291 2579 scd
1307 2557 1412 2586 patrem
1426 2559 1441 2579 a
1460 2559 1525 2580 cura
1549 2552 1682 2580 desistere
1699 2553 1759 2589 [dc-

962 2597 1040 2635 bere]
1062 2606 1113 2626 :ac
1129 2598 1278 2626 substituto
1295 2599 1359 2632 alio,
1377 2599 1412 2626 ab
1431 2599 1477 2626 illo
1490 2599 1610 2626 rationes
1624 2606 1756 2635 repetere.

963 2645 1040 2672 Enim
1054 2653 1118 2672 vero
1133 2645 1262 2680 quoniam
1275 2645 1308 2673 de
1330 2645 1481 2681 illegitimis
1497 2646 1663 2682 nefariisque
1686 2654 1756 2681 nup-

962 2691 1005 2719 tiis
1027 2691 1110 2718 multa
1123 2690 1202 2727 [jam]
1218 2699 1279 2726 cap.
1301 2691 1327 2719 in
1346 2692 1400 2720 line
1418 2692 1560 2727 praesentis
1576 2693 1594 2719 2
1620 2701 1682 2728 cap.
1705 2701 1756 2728 po-

962 2739 1080 2771 suimus,
1095 2746 1212 2774 quorum
1234 2739 1287 2767 alia
1307 2739 1430 2774 legitime
1447 2740 1629 2768 constitutum
1660 2740 1757 2768 matri-

961 2785 1085 2812 monium
1108 2793 1141 2812 cx
1170 2785 1346 2820 postmodum
1364 2786 1576 2822 superveniente
1600 2786 1673 2814 malo
1698 2794 1755 2815 non

961 2832 1076 2860 dissolvi
1095 2832 1184 2866 aiunt,
1210 2833 1261 2861 alia
1286 2841 1351 2861 vero
1373 2834 1438 2861 illud
1456 2833 1612 2861 dissolvunt
1627 2843 1634 2862 :
1648 2843 1753 2870 qumro,

961 2879 994 2907 de
1007 2887 1061 2914 quo
1071 2886 1142 2914 smpc
1158 2879 1186 2907 in
1206 2879 1332 2907 conciliis
1356 2880 1472 2915 quaestio
1488 2884 1562 2907 mota
1573 2886 1625 2913 est,
1642 2881 1664 2908 si
1689 2881 1754 2917 quis

961 2931 1108 2963 postquam
1124 2930 1197 2955 recte
1216 2926 1420 2956 matrimonium
1435 2928 1614 2962 contraxerit,
1627 2936 1690 2957 cum
1706 2936 1754 2958 so-
