1951 3048
218 174 288 210 1171

815 171 951 203 ΡΗΟΤΙΙ
970 170 1226 204 PATlUARCH/E
1243 173 1299 206 CP.
1544 190 1552 196 .
1636 170 1649 185 ³

1777 174 1835 209 1172

218 241 268 263 cru
283 240 334 262 sua
357 230 438 269 [alia]
459 239 491 261 ve
520 239 574 268 qua
587 236 703 260 uxorem
733 237 813 259 suam
844 230 1018 266 contingente

1072 231 1153 267 χάριν
1179 231 1359 266 παρανόμων,
1385 230 1433 257 καὶ
1459 229 1597 265 ἀθεμίτων
1622 228 1725 266 γάμων,
1738 231 1780 259 καὶ
1790 234 1842 261 τινὰ

218 286 338 315 persona
355 285 386 307 se
399 278 525 312 incestet,
541 278 663 307 solvetur
679 276 737 314 |ne]
750 276 968 309 matrimonium,
980 284 1015 303 an

219 323 522 360 non?§Nequaquam;
552 323 601 355 sed
629 323 728 351 incesti
756 322 918 359 punientur.
945 322 1017 351 Dicit

219 377 340 406 namque
360 370 404 398 lex
419 370 446 398 in
467 370 515 398 lib.
532 378 562 403 Il,
576 370 618 402 tit,
648 370 677 404 '5,
695 377 757 406 cap.
786 370 834 402 85,
850 370 970 402 themate
986 369 1016 402 2.

219 415 289 450 Quae
298 417 333 444 ab
348 416 429 446 initio
444 421 503 444 rata
519 416 668 454 [fuerunt,]
686 425 720 450 ex
736 422 799 453 post
820 417 892 445 facto
906 423 960 444 non
974 416 1016 443 in-

218 462 375 490 ﬁrmantur.
391 461 493 490 Verum
508 464 532 491 si
554 471 618 492 cum
635 464 758 493 nondum
776 463 901 494 solemne
927 461 1015 490 sacri-

218 508 313 537 ﬁcium
343 509 512 539 celebratum
538 510 631 544 fuerit,
648 511 695 543 sed
713 510 855 546 sponsalia
880 509 1017 537 duntaxat

217 555 426 590 intervenerint,
454 556 587 594 [futurus]
612 558 728 588 maritus
741 565 804 585 cum
829 564 910 586 socru
928 556 1017 585 aliave

218 609 351 638 sponsam
382 610 460 631 suam
487 603 621 637 sanguine
640 603 817 640 contingente
842 610 961 639 persona
986 610 1016 630 se

218 646 606 681 polluerit,:mortiﬁeabitur
632 648 841 676 matrimonium
870 657 877 675 :
907 645 1014 684 [idque]

216 696 330 728 propter
363 693 484 728 regulam
503 701 564 728 quae
584 693 662 726 dicit,
693 693 717 721 si
733 701 777 722 res
801 691 960 730 [qumpiam]
986 693 1015 719 in

220 737 308 775 [eum]
325 743 427 771 statum
444 739 582 772 deveniat,
596 747 650 775 quo
670 739 698 767 in
723 738 822 776 [statu]
845 739 924 767 initio
947 746 1016 767 con-

218 783 319 812 sistere
333 784 485 821 nequisset,
501 785 578 813 irrita
586 790 629 813 est
645 795 652 812 :
670 785 740 823 [tum
752 784 823 822 ideo]
836 785 929 819 etiam,
941 785 1015 820 quod

218 828 344 862 incestus
359 829 478 857 scienter
491 838 545 858 non
561 831 749 866 permittatur.
768 832 859 866 Atque
875 831 933 858 haec
954 830 1016 866 qui-

218 875 281 916 dem
299 883 396 903 eorum
410 883 470 910 quae
493 884 508 904 a
523 877 682 914 patriarcha
700 878 897 916 compendiose
914 885 1015 913 propo-

1073 277 1122 313 μὲν
1139 278 1172 304 ὲκ
1192 277 1298 304 τούτων
1320 277 1403 312 φασὶν
1429 276 1466 312 μὴ
1489 275 1601 303 λύεσθαι
1616 276 1662 302 τὸν
1674 276 1720 312 ἥδη
1735 278 1842 313 νομίμως

1072 323 1209 350 συστάντα
1246 322 1336 357 γάμον
1364 322 1398 349 ὲκ
1425 320 1475 348 τοῦ
1503 321 1651 357 γενομένου
1680 323 1758 349 κακοῦ
1784 325 1844 359 μετὰ

1069 369 1170 401 ταῦτα,
1187 368 1250 396 τινὰ
1264 369 1293 396 δὲ
1305 368 1400 395 λύουσι
1425 368 1471 395 τὸν
1486 368 1587 404 γάμον.
1616 368 1722 404 Ἐρωτῶ
1732 370 1790 404 περὶ
1802 371 1842 397 τοῦ

1070 414 1202 446 πολλάκις
1218 414 1405 450 ἐρωτηθέντος
1431 414 1592 446 συνοδικῶς,
1607 414 1655 441 ἐὰν
1668 414 1733 450 μετὰ
1746 415 1787 442 τὸν
1799 425 1842 443 κα-

1069 461 1124 493 λῶς
1141 461 1279 490 συστάντα
1295 461 1385 495 γάμον
1397 461 1546 501 συμφθαρῇ
1560 470 1602 493 τις
1617 462 1685 500 μετὰ
1699 462 1745 497 τῆς
1754 463 1843 494 οἰκείας

1070 507 1218 544 πενθερᾶς,
1239 507 1331 544 ἦτινος
1349 507 1498 544 προσώπου
1521 508 1686 542 συγγενικοῦ
1700 510 1731 544 τῇ
1750 511 1841 544 γαμετῇ

1070 554 1154 584 αὑτοῦ
1169 554 1317 589 λυθήσεται
1329 555 1343 581 6
1356 554 1483 590 γάμος,ῆ
1502 554 1532 581 οὐ
1546 554 1681 590 οὐδαμῶς,
1697 554 1751 581 ἀλλ’
1767 556 1843 581 ἐπιτιν

1072 600 1243 636 μηθήσονται
1269 600 1294 626 οι
1317 599 1366 634 τὴν
1391 599 1554 634 αἱμομιξίαν
1579 601 1763 636 ποιησάμενοι.
1785 597 1845 636 Φησὶ

1069 647 1125 683 γὰρ
1142 648 1155 673 6
1171 646 1253 682 νόμος
1271 646 1300 672 ὲν
1316 646 1411 681 βιϐλίῳ
1427 645 1449 681 β’
1472 646 1526 674 τίτ.
1544 645 1569 680 γ’
1582 655 1645 681 κεφ.
1670 646 1710 673 πε¹
1723 645 1844 682 θέματιι¹’

1070 694 1112 721 Τὰ
1128 694 1156 727 ἐξ
1182 693 1271 729 ἀρχῆς
1289 693 1386 728 βέὸαια
1410 693 1443 720 ὲκ
1457 693 1512 720 τῶν
1540 693 1787 728 ὲπισυμὸαινόντων
1804 693 1847 720 οὐκ

1069 741 1246 776 ἀκυροῦνται.
1268 740 1299 766 Εἰ
1311 740 1340 766 δὲ
1357 739 1408 769 οὐκ
1426 739 1529 775 ἔφθασε
1543 739 1671 774 γενέσθαι
1686 739 1770 766 τελεία
1785 739 1847 774 ἱερο-

1069 788 1206 821 τελεστία,
1223 786 1291 814 ἀλλὰ
1317 787 1387 821 μόνη
1409 786 1543 822 μνηστεία
1564 786 1792 822 παρηκολούθησε,
1807 785 1850 812 καὶ

1070 835 1141 874 μετὰ
1170 833 1273 869 ταύτην
1289 833 1448 869 συνεφθάρτι
1473 834 1488 860 6
1509 832 1636 869 γαμὸρὸς
1648 833 1680 868 τῇ
1700 831 1849 868 πενθερᾷ,ἦ

1070 882 1158 917 ἑτέρῳ
1175 879 1332 916 συγγενικῷ
1346 878 1487 915 προσώπῳ
1500 878 1550 914 τῆς
1567 880 1690 915 μνηστῆς
1704 876 1792 910 αὑτοῦ,
1805 877 1850 911 ὲμ-

219 913 272 950 έίῑει
301 926 377 956 sunt,
399 913 669 959 interpretandorum
703 913 787 953 causa
817 924 920 963 scripta
949 925 1015 953 sint.

1071 913 1265 962 ποδ-ισθήσεται
1289 927 1303 953 6
1318 913 1413 961 ’γάμος
1429 913 1478 952 διὰ.
1496 913 1543 952 τὸν
1562 913 1666 952 κανόνα
1681 924 1726 950 τὸν
1747 923 1850 957 λέγοντα

220 968 300 1002 Scias
333 976 399 997 vero
427 969 502 1005 quod
529 969 583 998 boc
605 978 727 1005 praesens
751 971 902 998 secundum
930 976 1013 1006 caput

218 1015 307 1048 multa
336 1016 508 1051 expositione
541 1016 673 1052 indigeat.
697 1016 789 1047 Multa:
817 1017 954 1052 siquidem
990 1022 1017 1046 et

219 1060 338 1089 diversa:
352 1061 426 1100 leges
442 1062 474 1090 de
489 1061 635 1097 prohibitis
659 1063 763 1100 nuptiis
779 1063 840 1095 latae
853 1068 928 1091 sunt.
955 1063 1016 1091 Ca:-

220 1112 312 1141 terum
340 1109 470 1146 quoniam
499 1113 649 1140 tractatum
664 1110 699 1137 de
720 1110 832 1145 nuptias
854 1110 1017 1138 iterantibus

217 1154 275 1191 jam
293 1154 502 1190 explanavimus
518 1164 524 1183 :
541 1156 632 1184 discas
659 1156 743 1185 etiam
761 1164 823 1192 qum
841 1157 942 1192 saepius
959 1164 1017 1184 ma-

220 1201 383 1231 trimonium
405 1201 610 1235 contrahentes,
637 1202 792 1238 vetitasque
811 1203 921 1238 nuptias
946 1211 1014 1231 con-

220 1249 348 1275 cernunt.
364 1245 388 1272 A
400 1246 486 1277 veteri
497 1245 614 1284 [itaque]
626 1247 684 1283 lege
697 1252 784 1276 ternae
794 1249 1018 1284 agnoscebantur

219 1292 334 1327 nuptim.
348 1291 531 1328 Posteaquam
549 1299 641 1322 autem
658 1296 831 1331 temporibus
842 1296 1017 1332 imperatoris

219 1336 314 1367 domui
336 1338 437 1367 Leonis
457 1338 596 1375 Sapientis
612 1340 640 1369 in
652 1341 775 1373 Ecclesia
796 1342 867 1370 inter
879 1343 1017 1378 principes

219 1383 396 1417 sacerdotum
409 1385 530 1414 schisma
545 1385 647 1414 factum
656 1391 729 1415 esset
744 1387 844 1423 (major
861 1389 939 1421 enim
954 1395 1017 1423 pars

219 1431 317 1462 tertias
331 1432 443 1466 nuptias
453 1440 507 1459 non
521 1433 807 1469 concedebat),eaque
822 1435 920 1462 divisio
929 1443 1018 1470 usque

220 1474 255 1502 ad
268 1474 416 1512 [tempOra]
434 1476 482 1504 ﬁlii
495 1477 555 1512 ejus
578 1478 754 1513 imperatoris
772 1479 1018 1508 domniConstan-

221 1521 273 1549 tini
304 1521 574 1558 Porphyrogenneta:
603 1524 760 1552 durasset:
794 1525 918 1560 evulgata
952 1530 1018 1554 tunc

221 1567 326 1596 decisio
346 1573 398 1603 est,
421 1576 483 1604 quae,
507 1570 742 1598 reconciliationis
757 1571 868 1604 dicitur,
885 1580 946 1608 qua:
963 1577 1019 1601 tra-

224 1618 292 1647 ctat,
308 1615 419 1650 quando
437 1615 525 1643 tertia
535 1617 637 1658 nuptiae
652 1618 858 1653 permittantur,
869 1623 896 1647 et
908 1619 1018 1654 quando

222 1668 295 1695 non;
318 1668 401 1696 quam
417 1661 588 1691 decisionem
617 1663 839 1698 interpretationi
854 1665 872 1695 4
902 1666 1019 1693 canonis

222 1707 311 1737 sancti
328 1706 423 1739 Basilii
448 1707 581 1737 insertam
608 1708 678 1744 lege.
695 1710 784 1747 Supra
809 1711 903 1741 tertias
926 1718 1018 1741 autem

221 1753 333 1792 nuptias
346 1753 418 1782 haud
431 1761 553 1796 unquam
569 1755 638 1783 alias
650 1755 707 1783 ﬁeri
725 1756 838 1785 dixeris.
848 1756 917 1788 Nam
931 1758 1019 1786 tertiae

222 1797 306 1825 etiam
322 1798 427 1833 nuptiae
444 1806 460 1826 a
477 1800 616 1828 veteribus
630 1800 738 1836 legibus
758 1801 919 1837 πολυγαμία
942 1803 1018 1831 dice-

222 1843 335 1876 bantur.
369 1843 457 1875 Porro
473 1845 506 1876 de
527 1845 619 1874 vetitis
639 1847 741 1882 nuptiis
762 1848 820 1884 lege
836 1850 848 1877 l
863 1853 890 1877 et
915 1849 1018 1887 2cap.,

225 1889 338 1921 tituli5,
367 1889 431 1918 libri
459 1899 555 1920 xxvnt.
586 1892 717 1921 Dividunt
730 1894 803 1921 enim
825 1897 1018 1930 cognationem

223 1935 372 1968 trifariam,
400 1937 429 1964 in
461 1938 653 1972 ascendentes,
678 1939 887 1975 descendentes,
916 1946 943 1969 et
973 1941 1020 1978 qui

223 1982 412 2019 [contingunt]
428 1990 462 2011 ex
475 1989 644 2013 transverso.
657 1985 696 2012 Ex
715 1986 817 2021 quibus
828 1987 1018 2022 ascendentes,

224 2030 336 2065 quidem
357 2030 424 2063 sint,
446 2036 585 2066 parentes,
605 2033 661 2066 avi,
680 2036 708 2060 et
727 2033 879 2069 deinceps:
903 2035 1020 2063 descen-

223 2075 319 2104 dentes
336 2084 411 2110 νοω,
422 2077 482 2111 filii,
497 2083 620 2117 nepotes,
634 2085 810 2114 pronepotes,
829 2085 857 2108 et
869 2081 998 2117 deinceps
1012 2092 1019 2110 :

223 2130 258 2153 ex
272 2127 430 2155 transverso
446 2127 538 2156 autem
556 2124 665 2157 fratres,
681 2126 776 2154 fratris
790 2126 932 2155 sororisve
960 2127 1020 2161 ﬁlii,

226 2169 319 2203 patrui
338 2169 381 2200 vel
407 2170 549 2203 avunculi,
575 2172 726 2206 patrueles,
754 2178 781 2202 et
797 2174 937 2210 deinceps.
958 2174 1020 2212 [Ac]

223 2214 323 2242 deinde
338 2215 452 2243 alteram
467 2216 550 2244 etiam
560 2217 674 2246 abusive
691 2219 882 2255 cognationem
912 2220 1019 2254 dicunt,

224 2267 287 2295 quae
299 2268 332 2288 ex
348 2261 478 2289 afﬁnitate
493 2263 552 2290 sive
573 2264 776 2301 συμπενθερίας
793 2271 845 2295 est.
861 2266 913 2295 Ubi
927 2272 1020 2299 autem
1039 2283 1060 2310 ο

224 2306 319 2335 hacde
334 2306 388 2349 [re]
418 2316 575 2338 sermonem
603 2310 768 2345 habuerunt,
783 2317 866 2351 atque
887 2314 1022 2350 cujusque

225 2352 398 2391 cognationis
409 2353 512 2390 gradus
523 2354 678 2384 docuerunt
694 2366 701 2384 :
716 2358 922 2386 ascendentium
939 2363 1023 2395 atque

225 2397 450 2427 descendentium
467 2401 589 2437 nuptias,
603 2403 714 2431 etiamsi
726 2412 759 2431 ex
776 2404 904 2440 legitimis
918 2406 1023 2441 nuptiis

227 2443 310 2481 [nati]
324 2452 377 2472 non
393 2445 458 2478 sint,
484 2446 512 2473 in
537 2447 675 2479 inﬁnitum
704 2449 844 2486 prohiberi
868 2455 1021 2480 asserunt:

226 2499 260 2518 ex
275 2496 433 2520 transverso
448 2496 540 2520 autem
552 2498 733 2529 cognatorum
747 2496 971 2531 conjunctionem
986 2497 1021 2526 ab

226 2542 325 2565 octavo
343 2539 429 2574 gradu
446 2538 560 2567 liberam
575 2539 689 2575 faciunt,
707 2549 740 2570 ac
756 2543 884 2571 similiter
896 2543 1021 2575 afﬁnium

226 2584 338 2619 nuptias
357 2592 446 2620 usque
461 2585 495 2613 ad
508 2591 615 2615 sextum
628 2588 744 2623 gradum
762 2591 1021 2622 connumerandum

227 2630 391 2665 impediunt.
417 2629 519 2659 Verum
538 2637 687 2670 postquam
707 2638 880 2672 temporibus
902 2639 1021 2668 sanctis-

226 2678 314 2705 simus
334 2677 408 2706 illius
435 2678 600 2713 patrlarchae
616 2681 710 2713 domni
726 2683 825 2717 Alexii,
843 2684 877 2712 de
905 2685 1023 2720 septimo

226 2724 312 2759 gradu
324 2724 592 2760 consanguineorum
610 2727 744 2757 dubitatio
760 2730 856 2759 incidit
874 2731 1024 2768 (negabant

226 2771 300 2798 enim
315 2772 427 2808 quidam
442 2779 525 2801 nosse
541 2775 698 2811 quempiam
715 2779 805 2812 patrui
819 2778 911 2814 magni
939 2787 1023 2815 nepo-

227 2819 262 2847 tis
281 2820 364 2848 ﬁliam
381 2822 480 2851 ducere
492 2830 617 2855 uxorem,
632 2829 776 2860 propterea
791 2826 864 2861 quod
886 2834 900 2854 a
916 2826 1023 2862 legibus

228 2868 502 2903 consanguineorum
531 2870 634 2906 nuptiae
653 2871 688 2901 ah
705 2871 784 2900 initio
797 2873 887 2901 octavi
920 2873 1023 2910 gradus

227 2916 446 2955 pennittantur:
475 2919 520 2947 alii
550 2927 616 2948 vero
650 2919 824 2955 apponebant
851 2921 1023 2958 cognationis

1071 972 1144 1008 θέμα
1159 972 1303 1010 περιϊστᾷν
1328 971 1369 1003 είς
1380 970 1458 1003 τάξιν
1486 970 1550 1006 ἑξῆς
1565 970 1616 1006 τὴν
1632 970 1719 1006 ἀρχὴν
1737 969 1784 996 οὐκ
1797 967 1852 995 ἐδύ-

1068 1027 1134 1048 νατο
1152 1019 1297 1053 συστῆναι,
1311 1017 1414 1054 ἄκυρόν
1428 1018 1497 1050 ἐστι,
1515 1017 1563 1044 κοιλ⁸
1577 1017 1622 1044 διὰ
1637 1017 1667 1044 τὸ
1677 1016 1713 1052 μὴ
1731 1023 1851 1051 παραχω-

1069 1065 1188 1103 ρηθῆνᾳι
1203 1066 1232 1091 ὲν
1248 1064 1350 1099 είδήσει
1363 1063 1537 1100 αίμομιξίαν.
1552 1063 1610 1090 Καὶ
1618 1063 1705 1090 ταῦτα
1720 1060 1852 1098 μὲν-ἐγρά-

1069 1120 1160 1148 φησαν
1175 1112 1215 1143 είς
1240 1111 1390 1146 ἑρμηνείαν
1410 1109 1464 1137 τῶν
1485 1109 1702 1144 συνοψισθέντων
1726 1107 1798 1143 παρὰ
1809 1105 1851 1133 τοῦ

1069 1159 1253 1195 πατριάρχου,
1267 1159 1389 1184 Γίνωσκε
1405 1157 1433 1184 δὲ
1446 1158 1486 1185 ὅτι
1503 1157 1534 1183 τὸ
1547 1156 1635 1192 παρὸν
1650 1155 1671 1191 β’
1684 1163 1747 1190 κεφ.
1763 1153 1852 1187 πολλῆς

1068 1204 1228 1241 ἐξηγήσεως
1251 1203 1358 1231 δέεται’
1388 1203 1474 1230 πολλὰ
1488 1203 1543 1239 γὰρ
1565 1202 1615 1229 καὶ
1629 1202 1744 1237 διάφορα
1759 1200 1851 1235 νόμιμα

1068 1251 1255 1287 ἐξηνέχθησαν
1278 1251 1358 1287 χάριν
1374 1250 1473 1286 γάμων
1502 1249 1716 1285 κεκωλυμένων.
1733 1247 1785 1274 Καὶ
1799 1245 1852 1272 ἐπεὶ

1068 1298 1104 1325 τὰ
1121 1297 1185 1333 περὶ
1199 1297 1253 1324 τῶν
1265 1295 1540 1333 δευτερογαμούντων
1557 1295 1732 1330 ἐδηλώσαμεν
1746 1291 1849 1322 ἄνωθεν,

1070 1345 1141 1381 μάθε
1156 1345 1202 1372 καὶ
1215 1344 1250 1375 τὰ
1263 1344 1327 1378 περὶ
1338 1343 1392 1370 τῶν
1405 1342 1639 1378 πολυγαμούντων
1655 1342 1701 1368 καὶ
1710 1337 1853 1374 κεκωλυμές

1069 1401 1123 1420 νων
1145 1392 1254 1427 γάμων.
1277 1390 1345 1417 Ἀπλ
1373 1389 1420 1416 τοῦ
1444 1388 1563 1418 παλαιοῦ
1583 1389 1669 1423 νόμου
1694 1387 1765 1422 τρεῖς
1780 1383 1853 1418 γάμοι

1068 1438 1301 1473 ὲπεγινώσκοντο,
1327 1437 1374 1463 ἐπὶ
1402 1436 1432 1463 δὲ
1454 1435 1510 1463 τῶν
1538 1434 1653 1471 ἡμερῶν
1674 1432 1720 1461 τοῦ
1737 1430 1853 1468 βασιλέως

1069 1485 1166 1519 κυρίου
1180 1484 1295 1515 Λέοντος
1309 1482 1356 1510 τοῦ
1369 1482 1515 1518 φιλοσόφου
1536 1482 1635 1517 γέγονε
1653 1480 1753 1516 σχίσμα
1763 1477 1799 1509 εἰς
1811 1476 1854 1512 τὴν

1078 1531 1244 1566 Ἐκκλησίαν
1261 1530 1344 1566 μέσον
1355 1529 1409 1556 τῶν
1425 1529 1577 1565 ἀρχιερέων
1590 1537 1598 1544 ·
1616 1528 1643 1555 οἱ
1656 1527 1759 1557 πλείους
1769 1523 1818 1559 γὰρ
1828 1522 1854 1548 οὑ

1073 1577 1254 1613 παρεχώρουν
1269 1576 1319 1612 τὴν
1329 1575 1491 1612 τριγαμίαν,
1505 1575 1553 1602 καὶ
1571 1574 1693 1610 ἔφθασεν
1707 1573 1724 1608 ἡ
1737 1572 1855 1606 διαίρεσις

1073 1625 1155 1660 μέχρι
1169 1623 1216 1650 καὶ
1227 1623 1275 1650 τοῦ
1289 1622 1348 1649 υἱοῦ
1362 1621 1446 1649 αὑτοῦ
1459 1621 1507 1648 τοῦ
1530 1620 1667 1656 βασιλέως
1680 1619 1773 1654 κυρίου
1788 1617 1857 1666 Κων-

1073 1668 1215 1694 σταντίνου
1249 1666 1508 1702 Πορφυρογενήτου.
1540 1665 1693 1701 Ἐξηνέχθη
1720 1668 1856 1698 τηνικαῦτα

1071 1713 1155 1749 τόμος
1170 1713 1184 1738 ὁ
1198 1713 1346 1749 λεγόμενος
1363 1713 1414 1747 τῆς
1432 1712 1558 1744 ἑνώσεως
1567 1710 1764 1747 διαλαμὸάνων
1776 1706 1858 1734 πότεό

1070 1758 1163 1796 τρίτος
1179 1759 1268 1794 γάμος
1291 1759 1511 1794 παραχωρείται,
1527 1758 1576 1784 καὶ
1596 1758 1666 1784 πότε
1677 1755 1719 1783 οὖ.
1739 1754 1791 1782 Kal.
1803 1751 1860 1779 ἀνά-

1070 1804 1156 1839 γνωθι
1183 1804 1229 1830 τὸν
1251 1803 1374 1830 τοιοῦτον
1393 1803 1479 1839 τόμον
1499 1802 1734 1841 καταστρωθέντα
1754 1800 1792 1831 είς
1815 1797 1858 1832 τὴν

1071 1851 1220 1887 ἑρμηνείαν
1235 1849 1282 1877 τοῦ
1300 1848 1321 1876 δ’
1336 1850 1448 1882 κανόνος
1460 1849 1507 1876 τοῦ
1523 1850 1604 1884 ἁγίου
1633 1847 1785 1875 Βασιλείου.
1804 1844 1859 1870 Ἐπ-

1072 1896 1166 1925 ἐκεινα
1180 1897 1208 1924 δὲ
1222 1897 1269 1924 τοῦ
1284 1898 1307 1931 γ’
1325 1897 1417 1932 γάμου
1432 1897 1469 1932 μὴ
1482 1897 1546 1932 εἴπῃ
1559 1895 1686 1931 γίνεσθαί
1697 1902 1761 1921 ποτε
1777 1892 1859 1925 ἕτερον

1071 1943 1172 1979 γάμον,
1189 1943 1230 1970 ὅτι
1246 1944 1294 1970 καὶ
1308 1945 1322 1970 6
1337 1943 1361 1977 γ“
1375 1943 1464 1978 γάμος
1481 1943 1558 1978 παρᾶ
1569 1944 1628 1974 τοῖς
1641 1941 1765 1971 παλαιοῖς
1777 1938 1860 1972 νόμοις

1071 1988 1232 2024 πολυγαμία
1254 1988 1375 2022 ἐλέγετο*
1399 1988 1464 2023 περὶ
1484 1988 1512 2014 δὲ
1544 1986 1748 2023 κεκωλυμένων
1773 1983 1859 2018 γάμων

1072 2035 1210 2070 ἀνάγνωθι
1227 2035 1258 2062 τὺ
1272 2034 1297 2062 α’
1311 2036 1359 2062 καὶ
1372 2034 1395 2071 β’
1408 2035 1557 2070 κεφάλαιον
1572 2034 1621 2062 τοῦ
1635 2033 1656 2060 ε’
1667 2033 1757 2060 τίτλου
1767 2029 1810 2057 τοῦ
1824 2025 1860 2061 κη’

1074 2081 1195 2118 βιϐλίου.
1220 2081 1363 2117 Διαιροῦσι
1378 2081 1432 2117 γὰρ
1447 2082 1497 2116 τὴν
1514 2081 1681 2116 συγγένειαν
1695 2080 1734 2110 είς
1745 2077 1814 2113 τρία,
1827 2074 1860 2105 εἰς

1072 2129 1208 2162 ἀνιόντας,
1223 2129 1379 2161 κατιόντας,
1391 2128 1439 2155 καὶ
1450 2129 1512 2160 τοὺς
1524 2129 1556 2155 ὲκ
1571 2127 1701 2162 πλαγίου.
1713 2125 1767 2153 Καὶ
1782 2121 1861 2150 ἀνιόν-

1073 2184 1119 2207 τες
1136 2176 1186 2211 μὲν
1215 2176 1285 2203 εἰσιν
1313 2177 1338 2202 οί
1365 2177 1466 2210 γονεῖς,
1493 2175 1518 2201 οι
1534 2174 1658 2207 πάπποι,
1686 2173 1735 2200 καῖ
1749 2171 1782 2198 τὰ
1795 2168 1860 2203 ἑξῆς·

1074 2221 1217 2254 κατιόντες
1238 2223 1262 2249 οί
1280 2223 1385 2253 παῖδες,
1401 2223 1424 2248 οἱ
1439 2221 1557 2256 ἔγγονοι,
1574 2222 1600 2248 ot
1610 2220 1755 2255 διέγγονοι,
1767 2215 1811 2244 καὶ
1825 2213 1863 2248 ἐφ’

1074 2267 1149 2302 ἑξῆς.
1173 2268 1220 2295 Ἐκ
1233 2268 1350 2302 πλαγίου
1366 2268 1393 2295 δὲ
1404 2269 1429 2295 οἱ
1445 2268 1568 2302 ἀδελφοὶ,
1581 2268 1608 2294 οἱ
1619 2266 1736 2301 ἀνεψιοὶ,
1752 2264 1776 2290 οἱ
1793 2261 1862 2290 θεῖοι.

1074 2313 1099 2340 οἱ
1112 2314 1219 2349 πρῶτοι
1232 2313 1384 2349 ἐξάδελφοι,
1409 2314 1456 2340 καὶ
1481 2313 1592 2348 ἐφεξῆς.
1620 2310 1689 2340 Εἶτα
1702 2311 1807 2344 λέγουσι
1822 2305 1863 2333 καὶ

1074 2359 1173 2393 ἑτέραν
1184 2359 1415 2396 καταχρηστικῶς
1425 2360 1589 2394 συγγένειαν
1598 2359 1650 2395 τὴν
1661 2358 1692 2390 ἐξ
1703 2353 1862 2392 ἁγχιπείας,

1074 2407 1135 2443 ἢτοι
1151 2405 1365 2442 τυμπενθερίας.
1392 2407 1447 2433 Καὶ
1476 2407 1547 2443 μετὰ
1562 2406 1596 2433 τὺ
1620 2406 1736 2441 ποιῆσαι
1748 2402 1793 2429 τὸν
1806 2398 1864 2434 περὶ

1073 2453 1170 2480 τούτου
1186 2453 1266 2487 λόγον
1279 2452 1327 2479 καὶ
1341 2452 1447 2486 διδάξαι
1470 2453 1535 2484 τοὺς
1551 2451 1680 2487 βαθμοὺς
1695 2450 1744 2486 τῆς
1755 2446 1864 2478 ἑκάστης

1075 2499 1237 2535 συγγενείας
1259 2499 1420 2537 διορίζονται
1444 2499 1560 2535 τῶνῐμὲν
1577 2499 1722 2544 ἀνιόντων,
1742 2494 1788 2544 καὶ
1804 2498 1864 2544 καδ-

1076 2547 1171 2573 ιόντων
1198 2546 1262 2578 τοὺς
1278 2547 1387 2582 γάμους
1402 2547 1442 2579 εἰς
1456 2546 1614 2582 ἀπέραντον
1631 2542 1795 2573 κωλύεσθαι,
1816 2542 1864 2565 κᾶν

1077 2593 1115 2630 μὴ
1130 2593 1159 2626 ἐξ
1175 2593 1302 2628 εὐνόμων
1315 2590 1365 2620 ὦσι
1381 2593 1479 2629 γάμων
1490 2601 1496 2608 ·
1514 2593 1571 2619 τῶν
1582 2592 1612 2619 δὲ
1629 2592 1663 2618 ὲκ
1674 2587 1863 2633 πλαγίουσυῖ-

1076 2640 1165 2674 γενῶν
1181 2639 1329 2666 ἀπολύουσι
1344 2639 1394 2675 τὴν
1412 2639 1563 2674 συνάφειαν
1579 2637 1636 2665 ἀπὸ
1656 2635 1705 2664 τοῦ
1715 2633 1742 2670 η’
1757 2631 1863 2669 βαθμοῦ·

1075 2687 1123 2713 καὶ
1137 2686 1193 2718 τῶν
1212 2685 1241 2720 ἐξ
1255 2686 1417 2721 ἀγχιστείας
1432 2687 1497 2718 τοὺς
1511 2685 1624 2721 γάμους
1635 2682 1809 2729 ὲμπόδιζογσι
1823 2677 1865 2729 μέν’

1076 2742 1138 2771 χρις
1156 2732 1183 2766 ς’
1199 2733 1305 2769 βαθμοῦ
1320 2733 1367 2760 καὶ
1380 2733 1474 2761 αὑτοῦ.
1498 2732 1577 2759 Ἐπεὶ
1591 2732 1619 2759 δὲ
1635 2731 1683 2758 ἐπὶ

1074 2781 1122 2808 τοῦ
1147 2781 1303 2816 ἁγιωτάτου
1317 2781 1422 2807 ἐκείνου
1442 2780 1618 2816 πατριάρχου
1640 2776 1736 2814 κυρίου
1755 2771 1865 2803 Ἀλεξίου

1075 2830 1188 2864 γέγονεν
1202 2827 1353 2864 ἀμφιϐολία
1367 2828 1448 2863 χάριν
1464 2827 1511 2854 τοῦ
1529 2826 1545 2859 ζ
1564 2825 1674 2862 βαθμοῦ
1689 2822 1737 2850 τοῦ
1750 2821 1778 2853 ἐξ
1790 2818 1865 2853 αἷμα·

1075 2884 1131 2909 τος.
1141 2875 1230 2909 (Τινὲς
1250 2874 1300 2909 μὲν
1314 2874 1368 2911 γὰρ
1387 2874 1481 2909 ἔλεγον
1494 2871 1530 2909 μὴ
1545 2870 1679 2899 δύνασθαι
1693 2869 1738 2896 τὸν
1748 2865 1865 2911 δεύτερον

1078 2922 1225 2957 ὲξάδελφον
1239 2921 1391 2957 λαμϐάνειν
1406 2920 1456 2957 τὴν
1467 2919 1608 2955 θυγατέρα
1624 2917 1671 2945 τοῦ
1682 2910 1863 2946 δισεξαδέλφθπ
