1948 3070
131 170 200 205 1173

129 231 212 259 αὑτοῦ
226 232 266 264 είς
275 232 395 267 γυναῖκα
408 230 453 258 διὰ
467 231 499 258 τὺ
510 230 696 268 ἐπιτραπῆναι
707 229 761 257 ὑπὸ
771 229 826 256 τῶν
835 229 925 264 νόμων
940 237 962 266 Α

129 277 192 309 τοὺς
207 277 314 312 γάμους
331 277 386 304 τῶν
411 277 440 310 ἐξ
465 276 583 312 αἵματος
606 275 747 311 συγγενῶν
773 275 821 302 ἀπ’
835 273 924 310 ἀρχῆς

130 323 178 350 τοῦ
192 322 217 359 η’
233 322 350 359 βαθμοῦ.
365 323 475 358 Ἐτεροι
489 323 518 349 δὲ
534 321 705 349 ἀντετίθεντο
717 321 763 348 τὸν
779 321 812 347 ὲκ
825 328 925 355 συγγε-

129 369 205 401 νείας
221 370 247 403 ς’
260 369 364 406 βαθμὸν
377 368 536 404 κωλυθῆναι
550 369 641 404 μόνον,
652 367 699 395 καὶ
712 367 831 403 ὀφείλειν
844 367 891 393 τὸν
903 365 925 398 ζ¹

131 412 201 442 εἶναι
218 414 369 448 ἀκώλυτον,
383 416 421 447 ὡς
433 415 503 451 μηδὲ
515 414 683 449 κωλυθέντα)
696 413 794 447 διέγνω
808 413 822 439 ό
831 411 926 448 ῥηθεὶς

135 461 310 498 πατριάρχης
326 462 396 497 μετὰ
408 463 458 498 τῆς
472 460 622 496 τηνικαῦτα
631 459 849 496 παρευρεθείσης
861 465 925 484 συν-

130 507 192 534 όδου
208 507 296 534 ταῦτα
315 508 416 544 ῥητῶς.
435 508 513 535 Ἐπεὶ
526 507 573 534 οῦν
586 508 600 534 ὁ
614 506 663 542 μὲν
673 505 813 537 Βασίλειος
833 503 855 536 ζ“
876 503 926 539 βα-

131 554 199 589 θμοῦ
214 555 247 590 τῇ
275 553 419 590 θεοκτίστῃ
433 554 613 589 καθέστηκεν,
630 553 645 580 ό
668 552 697 579 δὲ
712 552 795 587 νόμος
811 550 924 585 ἐπιτρέ-

131 607 177 626 πει
190 600 247 632 τοῖς
260 599 284 634 η¹
303 599 410 635 βαθμοῦ
427 599 496 635 πρὸς
513 599 646 635 ἀλλήλους
664 597 725 624 οῦσι
746 596 793 624 τδν
819 596 924 631 γάμον·

131 646 300 682 ἀπαγορεύει
317 646 346 673 δὲ
359 647 416 678 τοῖς
432 644 458 680 ς’
473 646 531 678 τοῖς
548 654 581 680 γε
595 645 644 681 μὲν
656 644 678 676 ζ’
693 643 814 679 οὐδαμοῦ
822 642 925 678 ᾡκονό·

133 700 219 727 μηται
230 691 277 718 τὸν
291 691 416 719 τοιοῦτον
427 691 518 726 γάμον
530 690 584 726 πρὸ
597 689 646 726 μὲν
660 688 708 716 τοῦ
724 688 873 724 προϐῆναι,
888 687 927 723 μὴ

96 741 99 745 ‘
133 737 346 773 ἐπιτρέπεσθαι,
363 738 434 773 μετὰ
454 737 483 764 δὲ
500 737 531 764 τὸ
551 735 688 772 προϐῆναι
709 735 747 770 μὴ
759 733 927 761 διασπᾶσθαι

134 783 195 819 μὲν.
211 784 360 819 ἐπιτιμίοις
374 783 402 811 δὲ
414 782 680 811 καθυποὸάλλεσθαι.
703 781 828 816 Ἐκράτει
839 777 886 807 οὖν
896 779 928 806 τὸ

131 829 253 857 τοιοῦτον
268 829 410 857 συνοδικὸν
433 829 576 864 θέσπισμα
602 828 685 864 μέχρι
703 827 755 862 τῆς
772 825 927 862 ὲῳημερίας

130 876 178 903 τοῦ
200 877 355 911 άγιωτάτου
379 876 485 903 ἐκείνου
501 875 675 911 πατριάρχου
702 873 798 910 κυρίου
823 873 925 900 Λουκᾶ-

135 923 294 958 Τηνικαῦτα
313 923 342 950 δὲ
357 923 418 959 ἢτοι
435 921 506 950 κατὰ
519 922 565 948 τὸν
573 920 814 957 Ἀπρίλλιονξμῆνα
830 919 882 955 τῆς
896 918 924 945 ιδ’
940 920 964 950 Β

134 969 291 1001 ίνδικτιὸνος
313 969 361 996 τοῦ
393 968 475 1005 ςχος¹
514 968 592 1001 ἔτους
624 967 819 1002 ἀνενεγκόντος
848 975 928 993 συνο-

133 1014 217 1047 δικῶς
243 1014 292 1041 τοῦ
319 1014 503 1050 ἀποιχομένου
541 1013 690 1050 ίερωτάτου
724 1011 925 1048 μητροπολίτου

140 1061 270 1097 Ἀθηνῶν,
284 1062 332 1089 καὶ
345 1061 498 1097 ὑπερτίμου
510 1060 608 1096 κυρίου
621 1059 757 1087 Νικολάου
773 1057 821 1085 τοῦ
839 1058 929 1092 ’Δγιο-

133 1107 303 1143 θεοδωρήτου
318 1107 441 1143 μεγάλην
453 1106 580 1134 ἐντεῦθεν
590 1105 712 1141 ψυχικὴν
730 1103 834 1140 βλάϐην
851 1103 929 1138 γίνε-

134 1154 196 1181 σθαι
206 1154 247 1186 είς
262 1153 340 1185 τινὰς
356 1153 411 1182 τῶν
432 1153 485 1180 ὑπὸ
499 1153 549 1189 τὴν
565 1152 673 1188 ὲνορίαν
684 1151 767 1179 αὑτοῦ
788 1150 929 1187 κρυφογά-

136 1209 204 1235 μους
233 1200 255 1232 ζ’
282 1200 387 1236 βαθμοῦ
413 1200 601 1236 πεποιηκότας
628 1199 674 1226 διὰ
705 1198 751 1226 τὸν
772 1198 856 1233 φόϐον
875 1197 930 1224 τῶν

135 1247 293 1282 ἐπιτιμίων,
309 1247 458 1282 διάγνωσις
472 1247 569 1282 γέγονε
582 1245 709 1282 συνοδικὴ
719 1245 805 1273 ταῦτα
816 1245 932 1281 διαλαμ-

137 1292 268 1321 δάνουσα.
286 1294 336 1320 Διά
355 1293 422 1328 γοῦν
443 1293 531 1321 ταῦτα
548 1294 566 1330 ἡ
581 1293 726 1329 μετριότης
755 1291 835 1329 ἡμῶν
862 1291 932 1327 μετὰ

136 1339 186 1374 τῆς
198 1339 273 1375 ἱερᾶς
282 1339 465 1375 ἀδελφότητος
478 1339 527 1375 τὴν
538 1340 684 1374 γεγονυῖαν
697 1338 774 1374 παρὰ
785 1338 834 1365 τοῦ
847 1338 932 1372 ἁγιω-

136 1387 218 1413 τάτου
233 1385 339 1412 ἐκείνου
354 1386 525 1423 πατριάρχου
540 1385 636 1421 κυρίου
657 1385 776 1417 Ἀλεξίου
790 1384 933 1419 συνοδικὴν

137 1432 296 1468 οἰκονομίαν
313 1431 361 1459 ἐπὶ
377 1432 417 1468 τῷ
433 1431 524 1468 ῥητῶς
538 1432 599 1467 ,ὑπὸ
622 1431 670 1459 τοῦ
685 1430 827 1458 πολιτικοῦ
849 1431 932 1466 νόμου

139 1479 178 1514 μὴ
193 1478 346 1506 κωλυθέντι
361 1479 409 1506 ἐπὶ
420 1478 475 1506 τῶν
485 1478 515 1511 ἐξ
529 1478 645 1515 αἵματος
661 1477 683 1510 ζ’
698 1477 805 1514 βαθμοῦ
822 1478 932 1513 γάμων,

139 1525 208 1560 μήτε
223 1524 353 1561 καθαρῶς
378 1524 556 1560 ἑπιτραπέντι
576 1525 760 1561 κρατύνουσα,
775 1525 823 1552 καὶ
839 1524 934 1560 στηρί-

138 1570 235 1604 ζουσα,
256 1571 304 1598 καὶ
327 1567 384 1598 οἷον
400 1571 640 1606 ὲφερμηνεύουσα,
658 1571 706 1598 καὶ
733 1570 933 1606 σαφηνίξουσα,

139 1616 199 1651 ἅμα
218 1615 247 1642 δὲ
262 1615 310 1642 καὶ
325 1616 357 1643 τὸ
372 1615 429 1643 τῶν
456 1616 563 1643 πολλῶν
599 1616 755 1652 κακοῦργόν
777 1625 807 1643 τε
826 1616 873 1643 καὶ
887 1623 935 1642 πε-

140 1661 251 1697 ρίεργον
268 1662 486 1697 περικόπτουσα,
502 1663 550 1689 καὶ
560 1660 616 1690 οἷον
632 1663 665 1690 ἐκ
677 1661 756 1699 ῥίζης
767 1663 856 1697 αὐτῆς
869 1663 936 1689 ἀνα-

139 1707 247 1740 σπιῖισα,
263 1707 308 1735 ἴνα
324 1707 363 1744 μὴ
378 1709 426 1736 καὶ
440 1708 482 1736 ἐτι
498 1709 673 1745 παρανομίας
693 1709 853 1745 έξανατείλῃ
870 1709 936 1745 βλα-

139 1754 279 1790 στήματα,
291 1754 337 1781 καὶ
350 1755 435 1782 τέκνα
450 1756 569 1792 μωμητὰ
581 1755 736 1792 πληθυνθῇ,
751 1757 798 1783 καὶ
811 1756 865 1784 plot
881 1755 935 1783 τῶν

139 1798 220 1825 θείων
238 1798 330 1833 νόμων
353 1799 510 1833 αὐξηθῶσιν
532 1801 674 1837 ἀλλότριον
690 1802 737 1828 τὸν
753 1802 787 1829 ὲκ
811 1800 859 1830 τοῦ
878 1809 935 1828 τοι.

138 1843 219 1871 ούτου
235 1843 341 1880 βαθμοῦ
357 1844 448 1882 γάμον
463 1845 494 1872 ού
515 1845 596 1880 μόνον
624 1846 803 1881 ἐρωτώμενον
819 1845 936 1881 προϐαι-

139 1897 196 1915 νειν
210 1889 321 1924 κωλύει,
336 1889 405 1918 ἀλλὰ
424 1890 473 1919 καὶ
487 1890 556 1925 πρὸς
571 1890 734 1925 ἐρωτήσεως
749 1891 936 1926 γεγενημένον

137 1935 305 1966 διασπᾶσθαι
324 1935 511 1965 διακελεύεται
540 1936 660 1972 παντελῆ
682 1936 730 1963 τοῦ
744 1936 867 1963 τοιούτου
883 1937 936 1971 γάο

141 1991 193 2019 μου
207 1982 308 2018 ἀργίαν
329 1982 580 2019 καταψηφιζομένη
599 1983 654 2009 ἀπὸ
672 1983 722 2017 τῆς
747 1983 868 2019 σήμερον
882 1983 937 2009 τῶν

140 2028 305 2064 φθασάντων
321 2030 450 2065 γενέσθαι
467 2029 597 2058 τοιούτων
611 2030 710 2065 γάμων
733 2029 809 2065 μένει
826 2029 937 2056 πάντων

139 2075 305 2111 ὀφειλόντων
318 2076 524 2105 ἁδιασπάστων.
540 2077 577 2103 Τὸ
595 2076 660 2111 γοῦν
673 2076 728 2103 ἀπὸ
746 2076 824 2103 τοῦδε
842 2077 866 2104 οἱ
881 2085 937 2104 τοι-

141 2124 220 2151 οὗτον
233 2124 323 2160 γάμον
348 2124 483 2159 συστῆσαι
502 2124 696 2160 τολμήσαντες,
721 2123 753 2150 οὐ
781 2124 862 2159 μόνον
887 2123 936 2150 τοῦ

140 2169 242 2199 οἰκείου
256 2168 359 2196 σκοποῦ
371 2168 498 2204 οὐδαμῶς
512 2168 707 2201 ἀπολαύσουσι,
723 2168 792 2196 ἀλλὰ
805 2169 852 2195 καὶ
867 2168 937 2204 μετὰ

141 2214 194 2249 τῆς
208 2212 257 2240 τοῦ
282 2214 405 2242 τοιούτου
434 2214 658 2250 συναλλάγματος
682 2214 867 2248 διασπάσεως,
889 2214 937 2241 καὶ

947 1596 970 1628 C

651 170 898 202 NOMOCANON.
917 171 992 203 TlT.
1013 170 1100 209 XIII,
1121 171 1202 202 CAP.
1223 171 1262 202 Ιῐ.

979 234 1086 258 sextum
1109 229 1224 265 gradum
1252 228 1392 265 prohiberi
1416 228 1560 262 duntaxat,
1586 224 1770 263 ae[proinde]

977 275 1124 310 septimum
1142 275 1256 311 gradum
1271 275 1468 311 impedimento
1486 281 1584 302 vacare
1601 273 1710 305 debere,
1726 276 1770 299 ut-

977 325 1040 355 pote
1054 320 1101 356 qui
1113 321 1270 356 prohibitus
1295 329 1350 349 non
1365 321 1412 356 sit)
1432 320 1529 349 statuit
1542 320 1632 348 dictus
1653 317 1772 347 sanctis-

976 367 1065 396 simus
1090 368 1248 404 patriarcha
1259 376 1323 396 cum
1340 367 1447 403 synodo
1464 371 1531 395 tunc
1549 370 1645 394 coacta
1661 365 1720 393 haec
1737 363 1772 392 ad

976 414 1090 443 verbum
1109 424 1116 443 :
1131 414 1358 450 Quandoquidem
1370 414 1453 450 igitur
1466 413 1584 441 Basilius
1595 411 1773 440 Theoctisten

977 460 1095 495 septimo
1111 461 1197 496 gradu
1216 460 1361 495 contingit,
1378 464 1406 488 et
1416 460 1460 487 lex
1474 463 1573 487 octavo
1583 457 1670 494 gradu
1685 464 1715 484 se.
1729 456 1773 484 in-

976 505 1065 534 vicem
1081 506 1306 542 contingentibus
1334 504 1543 533 matrimonium
1563 502 1723 539 permittit,’
1738 508 1772 529 ac

981 559 1049 580 vero
1061 557 1141 581 sexto
1158 552 1383 588 contingentibus
1395 550 1544 583 interdicit,
1556 549 1672 584 septimo
1681 552 1773 575 autem

978 606 1165 634 nequaquam,
1181 598 1340 626 ordinatum
1354 603 1397 626 est
1411 601 1442 625 ut
1462 595 1619 625 istiusmodi
1630 594 1773 622 matrimo—

979 645 1069 679 nium,
1084 646 1249 680 priusquam
1258 644 1398 680 procedat,
1410 651 1464 672 non
1480 642 1655 679 permittatur
1671 648 1678 667 :
1697 643 1774 675 post-

978 700 1062 728 quam
1083 696 1173 720 autem
1191 691 1367 727 processerit,
1389 697 1445 718 non
1470 689 1618 717 divellatur
1632 695 1638 714 :
1652 687 1700 715 sed
1725 685 1774 721 qui

979 739 1016 766 ita
1029 738 1169 773 conjuncti
1180 737 1293 771 fuerint,
1306 737 1401 773 pcenis,
1419 735 1613 771 Subjiciantur.
1645 733 1775 761 Obtinuit

978 783 1072 819 itaque
1080 784 1242 820 synodicum
1257 784 1310 811 hoc
1339 782 1588 816 oraculumjusque
1602 780 1636 807 ad
1650 784 1774 814 tempora

978 831 1148 860 sanctissimi
1176 830 1250 859 illius
1282 830 1445 866 patriarchae
1463 827 1557 856 domui
1578 826 1669 855 Lucae.
1697 825 1776 853 Tunc

978 883 1082 910 autem,
1103 878 1161 905 sive
1180 885 1274 904 mense
1285 876 1383 912 Aprili,
1395 875 1547 904 indictione
1566 873 1610 906 lt,
1635 879 1709 900 anno
1728 871 1776 907 [ab

978 927 1044 955 orbe
1069 924 1193 961 condito]
1218 924 1299 958 6676,
1327 924 1375 951 ubi
1397 922 1538 958 quondam
1569 919 1775 948 sacratissimus

979 972 1208 1008 metropolitanus
1227 970 1402 999 Atheniensis
1426 974 1453 996 et
1469 967 1632 996 venerabilis
1656 967 1776 994 domnus

979 1019 1122 1048 Nicotlans
1134 1017 1418 1055 ;Hagiollte0doritus,
1435 1022 1561 1051 magnam
1581 1014 1646 1043 inde
1669 1013 1776 1040 anima-

980 1074 1041 1094 rum
1063 1065 1201 1100 jacturam
1226 1064 1374 1098 aliquibus,
1391 1063 1439 1097 qui
1457 1062 1484 1089 in
1502 1060 1696 1097 jurisdictioue
1725 1065 1776 1086 sua

984 1119 1128 1148 poenarum
1156 1115 1229 1139 metu
1245 1111 1317 1138 clam
1334 1110 1367 1145 in
1384 1109 1503 1145 septimo
1521 1108 1607 1144 gradu
1633 1105 1776 1134 matrimo-

984 1159 1062 1186 nium
1093 1157 1309 1190 contraxissent,
1325 1156 1455 1184 obvenire
1473 1156 1500 1182 in
1523 1153 1640 1182 concilio
1667 1151 1777 1180 retulis-

982 1210 1043 1233 sent
1064 1213 1072 1236 ;
1088 1203 1190 1232 factum
1212 1208 1256 1232 est
1285 1202 1447 1239 synodieum
1463 1205 1609 1232 statutum,
1626 1199 1700 1234 quod
1719 1198 1778 1225 haec

982 1251 1185 1286 complectitur.
1199 1249 1315 1284 Propter
1330 1249 1389 1276 haec
1403 1248 1486 1284 igitur
1500 1245 1668 1284 [moderatio
1684 1248 1777 1272 nostra

983 1305 1046 1325 cum
1062 1294 1235 1331 sanctorum]
1254 1294 1369 1322 fratrum
1385 1298 1470 1326 coetu,
1487 1293 1587 1320 factam
1600 1299 1615 1319 a
1632 1289 1776 1319 sanctissi-

983 1351 1029 1371 mo
1057 1343 1103 1370 illo
1127 1341 1285 1377 patriarcha
1304 1341 1406 1368 domno
1437 1339 1532 1366 Alexio
1554 1338 1588 1365 de
1610 1334 1778 1370 consangui-

984 1397 1100 1418 neorum
1115 1389 1142 1415 in
1153 1386 1369 1427 septimogradu
1390 1385 1579 1415 matrimonio,
1596 1391 1611 1410 ιι
1629 1382 1705 1410 civili
1721 1382 1779 1417 lege

985 1443 1075 1471 neque
1082 1441 1213 1469 expresse
1226 1432 1374 1468 prohibito,
1383 1438 1472 1466 neque
1484 1430 1623 1458 evidenter
1630 1428 1778 1464 permisso.

986 1481 1146 1518 synodicam
1172 1479 1373 1508 ordinationem
1409 1477 1593 1505 corroborans
1621 1479 1649 1503 et
1677 1473 1779 1502 contir-

987 1536 1076 1561 mans,
1095 1535 1128 1556 ac
1157 1526 1242 1554 veluti
1255 1526 1450 1560 ~interpretans
1464 1528 1492 1552 et
1515 1522 1677 1559 explanans,
1696 1519 1779 1549 simul

986 1583 1052 1603 vero
1066 1573 1139 1610 quod
1166 1572 1261 1600 multis
1289 1571 1404 1599 noxium
1430 1574 1472 1598 est
1496 1574 1523 1597 et
1543 1573 1777 1604 supervacaneum

987 1628 1126 1653 resecans,
1142 1618 1275 1655 quasique
1287 1617 1321 1645 ab
1340 1617 1400 1652 ipsa
1418 1615 1511 1644 radice
1526 1613 1660 1641 revellens
1676 1621 1683 1640 :
1706 1616 1780 1639 utne

987 1667 1105 1703 amplius
1118 1665 1260 1701 illegitima
1276 1663 1463 1699 suppullulent
1480 1660 1616 1696 germina,
1632 1666 1721 1693 neque
1738 1657 1780 1685 νί-

987 1710 1154 1747 tuperabiles
1172 1709 1386 1745 multiplicentur
1405 1706 1494 1740 liberi,
1523 1713 1613 1741 neque
1632 1703 1751 1731 ﬁliorum
1765 1710 1779 1729 a

986 1758 1087 1787 divinis
1105 1757 1212 1793 legibus
1235 1756 1387 1783 alienorum
1408 1754 1567 1788 inaugescat
1593 1748 1751 1787 [numerus]
1771 1757 1778 1776 :

987 1805 1069 1833 istius
1093 1804 1195 1840 gradus
1220 1801 1428 1831 matrimonium
1457 1808 1511 1827 non
1538 1798 1619 1826 modo
1633 1805 1695 1825 cum
1719 1796 1780 1831 ejus

987 1849 1193 1889 [contrahendi]
1221 1849 1337 1877 facultas
1366 1848 1478 1883 petitur,
1501 1845 1650 1882 prohibet:
1672 1851 1783 1872 verum-

986 1898 1068 1926 etiam
1084 1901 1148 1924 ante
1160 1895 1317 1931 petitionem
1331 1897 1501 1922 contractum
1518 1890 1634 1919 distrahi
1644 1889 1740 1925 jubet:
1754 1893 1784 1916 ut

987 1943 1023 1970 ab
1040 1942 1174 1970 hodierno
1188 1940 1234 1969 die
1246 1939 1404 1974 huiusmodi
1429 1937 1637 1966 matrimonium
1667 1943 1783 1969 prorsus

988 1994 1087 2021 cesset,
1103 1995 1220 2015 censeris
1235 1996 1242 2014 :
1257 1991 1348 2014 tamen
1361 1991 1391 2013 ut
1401 1985 1457 2021 jam
1471 1988 1612 2014 contracta
1626 1982 1784 2011 istiusmodi

988 2034 1166 2063 matrimonia
1185 2034 1276 2062 modis
1300 2033 1428 2061 omnibus
1454 2032 1590 2061 indivulsa
1611 2038 1723 2058 manere
1735 2030 1783 2057 de-

988 2083 1082 2111 beant.
1095 2081 1149 2114 Qui
1166 2081 1260 2116 itaque
1276 2079 1437 2115 hujusmodi
1457 2078 1663 2107 matrimonium
1679 2077 1713 2105 de
1728 2084 1782 2105 ca:-

989 2131 1048 2155 tero
1075 2126 1240 2155 contrahere
1268 2125 1421 2157 audebunt,
1437 2132 1493 2152 non
1520 2124 1609 2152 solum
1637 2123 1780 2159 proposito

988 2173 1041 2204 sibi
1056 2172 1135 2209 [line]
1155 2171 1269 2201 omnino
1281 2179 1336 2199 non
1352 2170 1478 2198 fruentur
1495 2179 1503 2203 ;
1519 2177 1615 2198 verum
1632 2172 1695 2204 post
1719 2168 1780 2203 ejus

988 2224 1147 2248 contractus
1167 2218 1385 2252 distractionem,
1410 2222 1539 2252 tanquam
1568 2215 1712 2251 prmscntis
1736 2222 1784 2250 sy-

142 2259 290 2295 ἀῳορισμῷ
305 2260 605 2296 καθυποσληθὴσονται,
616 2260 654 2292 ὡς
667 2260 715 2288 τοῦ
729 2260 862 2296 παρόντος
875 2269 932 2287 συν·

989 2267 1098 2295 nodalis
1127 2266 1222 2294 statuti
1254 2269 1480 2300 contemptores,
1513 2263 1616 2298 quique
1635 2265 1783 2298 cognatum

140 2306 232 2334 οόικοῦ
257 2307 374 2343 ὁρισμοῦ
400 2308 617 2343 καταφρονηταὶ,
639 2307 687 2335 καὶ
720 2307 758 2339 ὡς
784 2307 935 2342 συγγενικά

142 2352 304 2388 συγχέοντες
332 2353 453 2389 αἵματα,
473 2354 530 2381 οῖτε
549 2354 606 2387 τοῖς
628 2353 700 2381 οὕτω
723 2353 935 2381 συναλλάττουσι

144 2399 352 2432 συναινέσοντες
367 2400 520 2436 αὐστηρίας
541 2401 690 2436 κανονικῆς
707 2399 935 2436 πειραθήσονται,

142 2447 189 2475 καὶ
206 2447 232 2473 ot
246 2447 420 2483 ίερολογῆσαι
436 2447 619 2482 τολμήσοντες
635 2447 795 2482 καθαιρέσει
816 2447 936 2483 ῦποὸλη·

143 2492 284 2528 θήσονται.
303 2492 402 2527 Γέγονε
419 2492 447 2519 δὲ
461 2493 508 2519 ἐπὶ
519 2492 626 2525 τούτοις
644 2493 690 2520 καὶ
705 2493 874 2529 πρόσταγμα
888 2491 935 2519 τοῦ

142 2538 274 2573 κραταιοῦ
291 2539 338 2566 καὶ
359 2538 441 2573 ἁγίου
459 2539 538 2574 ἡμῶν
563 2538 696 2574 βασιλέως
716 2538 851 2566 ἁπολυθὲν
865 2538 937 2566 κατὰ

141 2584 189 2611 τὸν
205 2585 294 2613 Μάϊον
310 2585 384 2621 μῆνα
403 2587 454 2622 τῆς
468 2586 552 2620 αὐτῆς
572 2586 727 2618 ίνδικτιόνος
751 2585 937 2623 διοριζόμενον

142 2631 173 2658 ὲν
197 2630 276 2667 μέρει
291 2631 389 2665 ταῦτα,
407 2632 548 2667 τοιγάρτοι
562 2632 610 2659 καὶ
624 2633 641 2667 ἡ
659 2632 780 2668 βασιλεία
792 2631 872 2668 ἡμῶν
886 2631 936 2668 τὴν

143 2676 287 2713 συνοδικὴν
302 2676 405 2713 ταύτην
424 2679 471 2705 ἐπὶ
492 2677 532 2714 τῷ
552 2678 698 2714 ζητηθέντι
713 2679 860 2715 ἀπόκρισιν
890 2679 935 2714 ἦτ’

142 2722 242 2758 ἀληθὲς
258 2724 347 2750 εἰπεῖν
369 2723 541 2760 ὁροθέτησιν,
558 2724 595 2756 ὡς
613 2723 756 2759 ἑπομένως
776 2726 832 2758 τοῖς
853 2725 936 2757 θείοις

143 2768 238 2797 κανόσι
251 2789 259 2801 ,
276 2770 324 2797 καὶ
340 2770 396 2802 τοῖς
416 2771 565 2804 πολιτικοῖς
587 2771 745 2801 ἐκτεθεῖσαν
765 2773 857 2809 νόμοις
888 2773 937 2800 ἐπ-

145 2816 237 2851 έκρινε
251 2817 299 2843 καὶ
312 2818 432 2854 ,κρατεῖν
458 2819 497 2849 είς
513 2818 545 2844 τδ
563 2818 637 2854 ἑξῆς,
651 2819 697 2846 καὶ
718 2819 936 2855 ἀμετατρέπτως

144 2863 218 2898 ἔχειν
232 2863 272 2895 είς
286 2863 317 2890 τὸ
331 2864 458 2899 διηνεκὲς
479 2864 639 2901 διορίζεται,
664 2865 714 2900 τῆς
731 2865 817 2902 αὐτῆς
839 2875 934 2894 κοινω-

144 2909 228 2938 νοῦσα
242 2910 356 2947 γνώμης
371 2912 419 2938 ἐπὶ
437 2914 469 2948 τῇ
483 2912 558 2940 λύσει
582 2911 628 2940 τοῦ
651 2913 833 2949 προκειμένου
853 2912 936 2951 ζητή-

988 2313 1151 2348 sanguinem
1177 2311 1363 2343 confundunt,
1382 2307 1674 2343 excommunicationi
1700 2307 1784 2336 etiam

987 2360 1178 2395 subjicientur.
1202 2357 1255 2392 Qui
1270 2365 1335 2385 vero
1350 2357 1388 2386 ita
1412 2353 1644 2394 [matrimonium]
1671 2358 1783 2383 contra-

987 2407 1115 2436 hentibus
1125 2413 1270 2434 assensum
1285 2403 1464 2440 praebuerint,
1473 2402 1633 2432 austeritate
1649 2400 1785 2429 canonica

988 2453 1177 2482 tentabuntur.
1199 2451 1233 2479 Et
1245 2451 1291 2487 qui
1305 2450 1372 2488 [tale
1388 2448 1608 2485 matrimonium]
1620 2455 1784 2477 consecrare

987 2500 1049 2528 ausi
1063 2499 1179 2531 fuerint,
1189 2497 1334 2533 dejectioni
1349 2496 1394 2534 [de
1407 2495 1575 2532 sacerdotio]
1589 2495 1783 2531 subjicientur.

988 2543 1066 2572 Edita
1079 2547 1121 2571 est
1146 2542 1228 2573 etiam
1247 2546 1378 2577 praeterea
1394 2549 1489 2570 mense
1505 2540 1578 2569 Maio
1591 2541 1713 2576 ejusdem
1741 2540 1785 2571 in-

987 2590 1117 2621 dictionis
1142 2589 1263 2626 potentis
1278 2593 1361 2624 atque
1382 2588 1470 2616 sancti
1495 2588 1582 2616 nostri
1609 2586 1784 2623 imperatoris

985 2635 1087 2672 jussio,
1115 2642 1176 2670 qua:
1196 2633 1297 2670 partim
1325 2633 1384 2660 haec
1409 2631 1527 2660 statuit:
1548 2630 1683 2665 Quocirca
1699 2631 1783 2658 etimit

989 2681 1169 2718 imperatoria
1189 2685 1283 2708 nostra
1296 2679 1440 2715 majestas,
1461 2678 1586 2707 eamdem
1602 2678 1636 2706 de
1647 2678 1784 2706 solutione

988 2728 1136 2764 propositae
1159 2726 1319 2763 quaestionis
1339 2725 1503 2754 sententiam
1519 2732 1581 2753 cum
1599 2723 1777 2752 sanctissimo

987 2775 1100 2802 domino
1115 2781 1177 2802 meo
1198 2772 1376 2801 mcumenico
1391 2771 1548 2807 patriarcha
1561 2775 1588 2798 et
1603 2773 1696 2798 sancta
1711 2769 1782 2797 divi-

988 2829 1079 2857 naque
1091 2820 1196 2857 synodo
1211 2820 1365 2852 sustinens,
1382 2817 1513 2854 synodale
1530 2817 1584 2844 hoc
1603 2816 1640 2845 ad
1652 2816 1779 2845 eamdem

989 2867 1167 2904 quaestionem
1180 2873 1354 2901 responsum,
1368 2868 1415 2892 aut
1430 2868 1461 2891 ut
1475 2863 1547 2899 quod
1562 2870 1606 2891 res
1623 2868 1665 2891 est
1680 2863 1781 2897 dicam,

990 2919 1133 2948 statutum,
1151 2914 1190 2942 uti
1212 2913 1284 2951 quod
1302 2912 1454 2942 secundum
1470 2911 1578 2940 divinos
1604 2917 1722 2940 canones
1740 2910 1781 2938 ci-
