1948 3070
179 180 250 215 1175

763 181 898 213 ΡΗΟΤΙΙ
918 181 1175 212 PATRIARCHIE
1191 181 1246 213 GP.

1755 180 1827 215 1l76

178 239 304 274 vilesque
331 228 414 276 leges
428 239 533 269 editum
564 240 611 274 sit,
631 240 659 268 in
682 242 823 276 posterum
849 239 976 266 obtinere

1036 248 1113 272 ,ιατος
1127 240 1167 275 τῷ
1184 248 1213 266 τε
1229 239 1374 274 ἁγιωτάτῳ
1388 248 1439 274 μου
1450 239 1568 276 δεσπότῃ
1581 239 1628 267 καὶ
1640 240 1826 276 οίκουμενικῷ

179 285 329 323 [oportere]
342 286 487 322 judicavit,
509 293 538 316 et
556 291 586 315 ut
600 287 676 315 nullo
702 293 825 322 unquam
854 289 977 320 tempore

177 332 356 360 subvertatur
375 333 483 361 statuit.
506 333 596 368 Atque
608 333 660 360 hoc
676 332 789 368 quidem
818 332 902 359 modo
919 331 977 359 haec

178 380 240 406 acta
256 384 329 413 sunt,
344 384 428 416 atque
444 380 578 408 obtinent.
594 379 673 408 Scias
691 384 784 407 tamen
799 379 886 415 quod,
912 378 978 406 licet

177 425 323 462 synodalis
343 426 401 454 haec
417 426 531 459 decisio,
548 431 576 454 et
591 427 680 462 ipsam
696 426 866 454 conﬁrmans
886 425 975 460 impe-

177 471 282 499 ratoria
303 472 402 507 jussio,
416 472 686 508 consanguineorum
704 472 731 500 in
747 472 866 506 septimo
890 471 976 507 gradu

179 517 387 546 matrimonium
398 518 537 546 minanter
557 518 712 554 prohibeat,
726 518 875 545 indictione
884 521 977 545 tamen

179 565 209 600 4,
222 572 295 592 anno
309 565 356 601 [ab
373 566 440 593 orbe
451 565 572 602 condito]
591 564 673 598 6694,
687 572 750 592 cum
761 564 879 592 domnus
899 562 978 591 Basi-

179 611 236 640 lius
254 611 432 643 tCamaterus
457 612 613 647 patriarcha
636 614 721 646 esset,
750 611 786 638 ab
811 609 980 645 imperatore

180 661 277 686 nostro
291 662 387 685 sancto
395 658 496 685 domno
513 656 727 692 lsaacioAngelo
740 655 830 691 iussio
845 655 917 683 faeta
931 655 978 688 sit,

181 711 241 739 qua:
254 704 362 737 statuit,
377 711 411 731 ne
426 712 460 731 ex
474 703 555 732 dictis
572 704 641 731 actis
655 703 833 730 matrimonio
857 706 920 738 post
933 703 978 731 illa

182 749 254 778 inter
270 750 350 786 longe
361 750 539 778 felicissimos
551 749 685 782 Ctesares,
701 749 833 777 domuum
844 748 979 776 Joannem

183 795 406 823 Cantacuzenum
417 795 556 828 videlicet,
578 800 660 831 atque
668 803 825 831 germanam
834 795 982 830 imperato-

183 841 224 868 ris
231 848 353 868 sororem
367 841 506 869 dominam
517 841 612 869 lrencn
622 845 777 875 contracto,
785 841 982 876 quanquamin

187 887 336 922 septimum
352 888 599 923 consanguinitatis
616 888 730 924 gradum
745 887 891 921 referatur,
910 896 982 923 pra:-

186 934 329 970 judicetur
346 942 354 961 :
368 935 415 962 sed
430 939 563 969 quantum
578 935 611 963 ad
622 935 695 968 illos,
711 940 738 962 et
747 934 884 972 [quidem]
898 934 982 968 solos,

184 988 247 1016 qua:
270 988 286 1008 a
307 981 412 1017 synodo
429 986 512 1016 atque
526 981 705 1017 {imperatore
731 982 833 1009 domno
858 981 983 1009 Manuele

185 1028 220 1056 de
236 1027 391 1056 istiusmodi
411 1028 514 1065 nuptiis
531 1028 712 1057 determinata
735 1033 813 1061 sunt,
829 1027 982 1056 ineliicacia

186 1076 254 1104 sint.
274 1075 352 1109 Quod
366 1076 450 1104 etiam
465 1084 480 1103 a
494 1076 600 1112 synodo
617 1076 801 1111 approbatum
824 1080 877 1103 est.
893 1075 982 1110 Atque

189 1122 224 1150 de
255 1122 366 1158 septimi
397 1123 506 1157 quidem
531 1123 633 1157 gradus
659 1122 764 1157 nuptiis
790 1120 982 1150 controversia

187 1168 264 1197 hunc
283 1168 310 1195 in
334 1168 446 1196 modmn
474 1168 648 1196 concilietur.
677 1168 814 1195 Caeterum
844 1167 981 1203 quoniam

185 1214 365 1242 matrimonio
379 1213 501 1242 amnium
514 1213 540 1241 in
563 1219 640 1242 sexto
665 1214 751 1250 gradu
768 1213 983 1249 coniunctorum

188 1261 231 1293 (ut
245 1260 376 1296 diximus)
397 1260 545 1296 prohibito,
570 1261 740 1296 temporibus
754 1259 922 1288 sanctissimi
947 1259 982 1286 il-

186 1306 244 1335 lius
264 1306 429 1342 patriarcha:
441 1306 533 1334 domni
562 1306 677 1334 Sisinnii
695 1307 750 1334 duo
774 1305 984 1341 patrueles(uti

189 1352 308 1388 videtur)
325 1352 394 1380 duas
410 1360 521 1380 sorores
536 1361 636 1381 uxores
648 1352 787 1380 ducebant
802 1361 809 1380 :
839 1352 983 1388 proposita

191 1407 206 1426 a
222 1399 377 1434 patriarcha
394 1399 498 1427 decisio
512 1404 566 1428 est.
582 1407 643 1434 qum
656 1399 729 1427 circa
745 1399 826 1426 linem
837 1399 896 1426 haec
909 1406 984 1427 com-

189 1445 319 1481 plectitur
335 1454 341 1472 :
357 1445 508 1473 moderatio
524 1451 618 1474 nostra
633 1446 764 1478 decrevit,
778 1453 812 1473 ne
827 1445 985 1473 istiusmodi

190 1491 370 1519 matrimonia
393 1492 467 1520 inter
491 1492 667 1520 Christianas
690 1493 723 1520 de
741 1492 847 1527 reliquo
867 1491 986 1527 amplius

188 1539 281 1566 locum
299 1539 429 1571 habeant,
445 1547 533 1574 neque
547 1539 603 1567 ullo
621 1547 743 1574 unquam
766 1543 890 1574 tempore
917 1546 985 1567 con-

190 1585 346 1612 trahantur.
363 1585 402 1613 Ac
413 1585 512 1613 suadet
532 1585 603 1621 [ipse
616 1585 702 1622 illam]
715 1586 742 1612 in
758 1586 986 1620 universumiom-

191 1632 283 1665 nibus,
311 1637 339 1660 et
360 1636 494 1668 potestate
524 1632 695 1660 sacrosancti
712 1631 826 1667 spiritus
849 1632 877 1659 in
898 1632 985 1668 patris

191 1677 352 1713 dominique
367 1686 472 1706 morem
496 1678 602 1711 statuit,
620 1685 655 1705 ne
673 1678 706 1705 de
721 1682 822 1705 caetero
838 1677 985 1713 quisquam

191 1724 486 1760 omnium,quanquant
496 1732 528 1752 ex
539 1724 723 1760 potestatibus
734 1724 833 1759 aliquis
841 1724 887 1758 sit,
897 1731 987 1759 quan-

192 1777 275 1804 quam
293 1769 469 1798 facultatibus
482 1778 514 1797 ae
521 1770 624 1797 divitiis
637 1769 777 1804 superbiat
786 1777 943 1805 quanquam
953 1777 987 1797 ex

192 1817 287 1844 multis
297 1816 392 1853 [unus]
405 1821 432 1844 et
443 1824 476 1844 ex
486 1817 563 1851 plebe
574 1817 619 1849 sit,
631 1816 663 1843 ad
676 1816 831 1844 istiusmodi
842 1816 987 1843 matrimo-

192 1863 270 1891 nium
301 1862 438 1890 deveniat.
451 1863 528 1896 Quod
545 1863 566 1891 si
583 1863 645 1898 quis
660 1863 788 1898 deinceps
808 1862 920 1899 [inquit]
935 1863 988 1891 hoc

191 1913 324 1937 statutum
335 1909 558 1943 lloccilaciens,in
570 1909 622 1937 tale
635 1910 841 1937 matrimonium
854 1917 883 1938 se
892 1910 988 1945 praeci-

191 1958 270 1993 pitet,
278 1957 413 1984 liherosve
421 1956 536 1984 collocet
545 1966 552 1984 ς
563 1957 608 1985 hic
615 1957 743 1985 omnibus
754 1957 851 1985 diebus
860 1957 921 1984 vita:
931 1964 988 1985 sua:

191 2004 227 2031 ab
245 2003 367 2031 Ecclesia
388 2003 520 2038 pelletur:
543 2011 632 2040 neque
651 2005 727 2039 prius
750 2005 783 2031 ad
798 2004 987 2039 pmnitentiam

191 2050 347 2085 recipietur,
355 2058 437 2085 quam
447 2050 602 2078 distraxerit
611 2050 828 2082 matrimonium,
836 2050 944 2077 tametsi
954 2057 989 2078 ex

192 2097 238 2125 illa
251 2097 352 2126 liberos
366 2097 526 2132 susceperit.
539 2097 701 2132 Quicunque
716 2104 778 2124 vero
794 2098 923 2125 sacerdos
942 2097 988 2125 tali

193 2146 371 2174 matrimonio
387 2153 483 2181 preces
498 2144 665 2177 adhibuerit,
678 2144 764 2179 plenae
778 2142 805 2180 [θ
821 2143 988 2182 sacerdotio]

192 2192 319 2228 ejectioni
336 2191 507 2226 succumbet.
527 2191 595 2219 Cum
611 2191 701 2226 itaque
722 2191 774 2218 hoc
788 2191 871 2218 modo
887 2191 946 2218 haec
961 2198 990 2219 se

191 2238 426 2274 haberent,atque
442 2237 475 2266 de
490 2237 644 2266 istiusmodi
655 2242 796 2265 contractu
813 2237 884 2272 apud
905 2237 991 2272 impe-

1027 285 1199 322 πατριάρχῃ,
1216 285 1265 312 καὶ
1290 287 1323 320 τῇ
1343 285 1404 320 θείᾳ
1432 287 1481 312 καὶ
1511 286 1572 322 ἱερᾷ
1588 286 1701 322 συνόδῳ.
1722 287 1777 314 Καὶ
1789 287 1827 314 τὰ

1028 331 1079 366 μὲν
1092 332 1157 367 περὶ
1171 331 1259 366 τοῦ,ζ’
1271 331 1361 367 γάμου
1374 331 1446 358 οὕτω
1457 331 1724 368 διευλυτητὼθησαν.
1747 333 1828 359 Ἐπεὶ

1027 379 1056 406 δὲ
1070 379 1117 406 τοῦ
1133 379 1225 414 γάμου
1247 380 1301 407 ἀπὸ
1315 379 1473 415 ἀγχιστείας
1493 379 1573 406 ἕκτου
1594 379 1700 415 βαθμοῦ
1716 389 1826 415 συνημ-

1030 424 1121 460 μένων
1137 425 1312 461 κωλυομένου
1334 425 1373 457 ὡς
1391 425 1505 460 εἴπομεν
1515 425 1563 452 ὲπὶ
1581 424 1638 452 τῶν
1649 425 1763 461 ἡμερῶν
1776 425 1827 452 τοῦ

1034 471 1190 506 ἀγιωτάτου
1205 471 1311 498 ἐκείνου
1338 471 1436 507 κυρίου
1464 471 1594 504 Σισινίου,
1606 471 1772 506 ἐλάμϐανον,
1786 471 1827 503 ὡς

1029 517 1114 551 ἔοικε,
1126 517 1174 544 δύο
1203 517 1308 554 πρῶτοι
1327 517 1469 553 ἐξάδελφος
1495 517 1543 544 δύο
1557 517 1686 552 ἀδελφὰς,
1713 517 1827 552 ἐξετέθη

1028 564 1111 599 τόμος
1121 563 1197 600 παρὰ
1211 564 1258 591 τοῦ
1274 563 1356 591 αὑτοῦ
1370 564 1541 601 πατριάρχου
1551 564 1744 600 διαλαμϐάνων
1760 564 1828 599 περὶ

1029 610 1060 637 τὸ
1077 611 1153 643 τέλος
1166 610 1264 643 ταῦτα,
1282 611 1299 647 ἡ
1313 611 1459 647 μετριότης
1470 611 1548 647 ἡμῶν
1561 611 1712 648 διωρίσατο
1726 611 1827 647 μηκέτι

1028 658 1092 689 τοὺς
1107 657 1243 690 τοιούτους
1256 658 1362 693 γάμους
1376 657 1470 694 χώραν
1484 659 1513 686 ὲν
1523 659 1581 691 τοῖς
1592 659 1765 695 Χριπιανοῖς
1778 658 1827 686 τοῦ

1030 702 1126 730 λοιποῦ
1141 702 1225 738 ἔχειν,
1241 702 1309 738 μηδὲ
1335 704 1411 738 παρά
1426 712 1500 736 τινος
1523 704 1659 739 μηδέποτε
1680 712 1828 739 καταπρα-

1031 749 1141 786 χθῆναι.
1159 749 1317 785 Είσηγεῖται
1333 749 1362 777 δὲ
1378 751 1447 777 πᾶσι
1461 750 1561 782 κοινῶς
1584 750 1632 777 καὶ
1652 751 1687 785 τῇ
1709 750 1765 777 ἀπὸ
1779 749 1828 776 τοῦ

1032 795 1189 830 πνεύματος
1205 796 1316 832 ἐξουσίᾳ
1331 796 1473 832 πατρικῶς
1498 797 1546 823 καὶ
1566 796 1734 828 δεσποτικῶς
1743 796 1829 832 διορί-

1033 842 1109 875 ζεται
1126 842 1196 869 ὥστε
1212 842 1316 878 μηδένα
1330 843 1385 870 τῶν
1402 843 1530 870 ἁπάντων
1543 842 1598 870 άπό
1611 851 1643 877 γε
1654 843 1701 870 τοῦ
1717 843 1765 869 νῦν
1774 843 1829 869 κᾶν

1035 888 1091 914 τῶν
1105 888 1134 914 ὲν
1150 888 1323 920 δυναστείαις
1337 886 1354 926 ᾗ
1371 897 1414 921 τις
1427 889 1475 916 καὶ
1493 889 1639 923 ἐξουσίαις,
1651 888 1705 916 κᾶν
1718 888 1830 924 πλούτῳ

999 931 1020 959 Β
1034 935 1118 970 κομᾷ,
1133 934 1186 962 κᾶν
1200 934 1254 961 τῶν
1268 934 1376 962 πολλῶν
1393 935 1440 962 καὶ
1455 935 1503 962 τοῦ
1518 935 1604 971 δήμου
1622 935 1691 971 πρὸς
1706 935 1831 962 τοιοῦτον

1031 981 1121 1015 γάμον
1138 980 1235 1007 ἐλθεῖν.
1258 981 1290 1008 Et
1304 980 1332 1008 δέ
1347 990 1374 1008 τι
1393 981 1448 1008 ἀπὸ
1472 981 1520 1008 τοῦ
1544 982 1680 1017 παρόντος
1693 981 1728 1009 τὰ
1746 981 1832 1016 διορι-

1035 1026 1144 1061 σάμενα
1170 1026 1259 1053 ταῦτα
1288 1027 1403 1062 θέμενος
1423 1028 1490 1064 παρ’
1518 1027 1596 1054 οὐδὲν
1615 1027 1684 1063 πρὸς
1707 1027 1833 1055 τοιοῦτον

1033 1072 1131 1099 ἑαυτὸν
1148 1073 1290 1111 semelest
1303 1074 1403 1109 γάμον,
1433 1074 1450 1110 ἦ
1470 1073 1556 1110 ἐπιδῷ
1570 1074 1655 1102 τέκνα
1669 1075 1719 1109 τῆς
1731 1074 1835 1106 ὲκκληι

1034 1118 1094 1150 σίας
1105 1117 1182 1151 οὗτος
1201 1120 1372 1155 ὲκκήρυκτος
1387 1120 1464 1146 ἔσται
1479 1120 1569 1152 πάσας
1585 1120 1693 1156 ἡμέρας
1710 1119 1758 1146 τοῦ
1772 1120 1834 1155 βίου

1033 1165 1127 1198 αὐτοῦ,
1141 1166 1187 1193 καὶ
1197 1166 1227 1193 οὐ
1239 1167 1371 1204 πρότερον
1380 1166 1541 1203 δεχθήσεται
1552 1167 1593 1198 είς
1605 1167 1752 1202 μετάνοιαν
1765 1167 1832 1202 πρὶν

1035 1211 1067 1239 ἂν
1080 1212 1201 1248 διαπάσῃ
1218 1212 1265 1239 τὸν
1288 1213 1388 1248 γάμον,
1398 1213 1450 1240 κᾶν
1460 1212 1551 1250 φθάσῃ
1562 1213 1660 1245 παῖδας
1673 1214 1834 1240 ἀποτεκεῖν.

1041 1257 1071 1284 ⁸0
1083 1257 1112 1284 δὲ
1127 1257 1166 1293 τῷ
1178 1257 1292 1293 τοιούτῳ
1308 1258 1392 1294 γάμῳ
1405 1258 1489 1294 εὐχὴν
1501 1258 1612 1290 ἐπιδοὺς
1631 1259 1722 1294 ἱερεὺς
1737 1258 1836 1285 καθαι-

1037 1304 1110 1340 ρέσει
1121 1304 1214 1340 τελείᾳ
1224 1304 1415 1333 ὑποπεσεῖτσι.
1427 1304 1537 1332 Τούτων
1545 1303 1592 1332 οὖν
1604 1304 1692 1336 οὕτως
1702 1305 1834 1340 ἑχόντων,

1035 1351 1083 1378 καὶ
1102 1350 1269 1386 ἀμφιϐολίας
1283 1351 1432 1387 γινομένης
1455 1352 1520 1387 περὶ
1532 1352 1657 1379 τοιούτου
1680 1352 1836 1387 συναλλάγ-

1037 1406 1124 1433 ματος
1161 1397 1237 1433 παρὰ
1261 1397 1301 1432 τῷ
1327 1397 1460 1433 βασιλικῷ
1487 1399 1553 1434 θείῳ
1581 1398 1684 1434 βήματι
1709 1398 1835 1433 ἀπελύθη

1036 1443 1177 1480 θέσπισμα
1189 1444 1286 1480 νεαρὸν
1300 1444 1348 1471 τοῦ
1365 1445 1498 1480 κραταιοῦ
1512 1446 1560 1472 καὶ
1569 1445 1648 1480 ἁγίου
1662 1445 1741 1482 ἡμῶν
1754 1445 1835 1482 βασι-

1036 1490 1107 1522 λέως
1120 1491 1192 1517 κατὰ
1208 1491 1282 1526 μῆνα
1304 1491 1414 1518 Ἰούνιον
1430 1491 1589 1522 ίνδικτιόνος
1606 1495 1641 1527 η’.
1657 1491 1751 1519 Ταῦτα
1769 1493 1836 1527 περὶ

1036 1538 1068 1565 τὸ
1084 1538 1160 1570 τέλος
1171 1537 1269 1571 διεξιὸν
1282 1537 1321 1570 ὡς
1337 1537 1386 1565 Ἂν
1398 1537 1443 1565 οὖν
1457 1538 1505 1565 καὶ
1520 1538 1666 1573 ἀμφότερα
1683 1538 1774 1571 καλῶς
1786 1547 1837 1565 πε-

1039 1584 1228 1620 ριφυλαχθῶσι
1252 1584 1300 1610 καὶ
1321 1583 1504 1617 σεϐασθῶσιν,
1518 1584 1568 1619 ἥτε
1582 1584 1764 1620 μεγαλειότης
1781 1585 1836 1611 τῶν

1038 1631 1193 1658 Βασιλικῶν
1215 1630 1265 1658 καὶ
1286 1630 1492 1666 ἀρχιερατικῶν
1516 1630 1723 1666 διαταγμάτων,
1753 1632 1801 1658 καὶ
1819 1633 1836 1667 ἡ

1036 1678 1092 1704 τῶν
1108 1678 1197 1712 νόμων
1212 1677 1260 1704 καὶ
1278 1677 1333 1704 τῶν
1354 1676 1479 1704 κανόνων
1499 1677 1628 1714 ἀκρίϐεια
1650 1678 1719 1713 μήτε
1736 1686 1838 1704 παντε-

1037 1724 1092 1756 λῶς
1108 1723 1199 1751 δοτέον
1216 1723 1254 1759 τῷ
1273 1724 1350 1759 τόμῳ
1363 1724 1452 1760 τούτῳ
1465 1723 1514 1759 τὴν
1528 1723 1615 1756 λύσιν,
1638 1724 1708 1760 μήτε
1725 1724 1838 1756 πάντως

1038 1771 1217 1807 ἐπιτρεπτέον
1232 1771 1308 1807 αὐτῷ
1333 1771 1379 1798 καὶ
1396 1770 1475 1803 αὖθις
1497 1772 1528 1797 τὸ
1549 1770 1673 1806 ἐνεργὸν,
1700 1770 1771 1797 ἀλλὰ
1786 1771 1838 1807 τὴν

1039 1817 1127 1854 μέσην
1156 1818 1298 1853 βαδιστέον
1321 1817 1335 1844 ὅ
1352 1826 1419 1853 φασι
1445 1817 1493 1844 καὶ
1516 1816 1659 1853 βασιλικὴν
1683 1817 1731 1844 καὶ
1751 1817 1839 1852 ἄμφω

1041 1864 1242 1899 συντηρητέον.
1270 1864 1340 1891 Τότε
1363 1863 1428 1899 περὶ
1456 1863 1502 1890 τὸν
1531 1863 1708 1899 τομογράφον
1732 1864 1839 1890 ἐκεῖνον

1038 1910 1172 1946 ἀρχιερέα
1189 1911 1274 1943 σέϐας
1298 1910 1345 1938 καὶ
1370 1911 1434 1942 τοὺς
1451 1910 1668 1946 ἑπιμνησθέντας
1686 1909 1732 1937 τοῦ
1749 1911 1838 1945 τόμοι)

1039 1956 1122 1984 αὐτοῦ
1150 1957 1271 1992 βασιλεῖς
1290 1957 1337 1983 καί¹
1360 1957 1390 1984 τὸ
1414 1957 1519 1992 μηδένα
1534 1957 1591 1989 τοῖς
1611 1957 1706 1992 νόμοις
1731 1957 1838 1993 άπᾲδον

1039 2005 1155 2035 καὶτοῖς
1171 2004 1266 2031 κανόσι
1280 2002 1489 2039 προτρέψασθαι
1501 2003 1569 2039 ὅπερ
1584 2004 1598 2030 ὁ
1614 2002 1737 2035 τοιοῦτος
1752 2003 1838 2038 τόμος

1040 2050 1194 2086 εἰσήνεγκε.
1209 2049 1270 2085 Χρὴ
1286 2048 1341 2084 γὰρ
1363 2049 1395 2075 τὺ
1411 2048 1465 2075 ἀπὺ
1478 2048 1524 2076 τοῦ
1538 2048 1659 2075 τοιούτου
1676 2048 1761 2084 τόμου
1782 2050 1839 2075 εἰσ-

1039 2095 1388 2131 ηνεγμένονισυνάλλαγμα
1398 2094 1448 2130 ἤδη
1462 2094 1512 2130 μὲν
1529 2094 1705 2122 συντελεσθὲν
1719 2095 1767 2121 καὶ
1784 2095 1839 2130 πρὸ

1040 2142 1203 2178 ἐρωτήσεως
1214 2140 1251 2176 μὴ
1267 2140 1446 2173 διασπᾶσθαι,
1456 2140 1607 2175 ἐπιτιμίοις
1622 2139 1651 2167 δὲ
1670 2140 1734 2171 τοὺς
1750 2139 1838 2172 οὕτως

1040 2189 1081 2219 εἰς
1101 2188 1190 2223 γάμον
1206 2187 1394 2223 άρμοσθὲντας
1408 2186 1574 2222 βαρύνεσθαι
1589 2186 1661 2213 κατὰ
1682 2186 1733 2222 τὴν
1744 2185 1839 2221 κρίσιν

1041 2236 1089 2264 καὶ
1104 2235 1267 2271 δοκιμασίαν
1282 2235 1329 2262 τοῦ
1353 2234 1426 2261 κατὰ
1443 2234 1525 2261 τόπον
1543 2234 1696 2269 ἀρχιερέως
1717 2232 1755 2264 ὡς
1773 2241 1840 2260 συν-

193 2286 325 2312 ratorium
334 2285 456 2313 divinum
465 2285 581 2312 tribunal
589 2283 739 2320 [quaedam]
747 2283 911 2319 ambiguitas
920 2284 984 2311 inci-

1043 2283 1185 2319 τηρεῖσθαι
1197 2282 1303 2313 τούτοις
1327 2281 1358 2307 τὸ
1375 2280 1553 2312 συνοικέσιον,
1576 2279 1683 2314 φθάσαν
1697 2278 1725 2305 δὲ
1741 2280 1839 2306 πεσεῖν

192 2331 390 2364 disset,emissa
398 2337 440 2360 est
448 2339 540 2360 mense
547 2330 619 2359 Julio
627 2331 774 2359 indictione
780 2330 844 2364 8,ab
851 2330 954 2365 optimo
963 2334 990 2358 et

194 2382 291 2405 sancto
303 2383 397 2405 nostro
410 2378 578 2412 imperatore
594 2377 701 2405 novella
715 2377 833 2408 sanctio,
846 2384 907 2412 quae
915 2375 990 2404 circa

193 2424 276 2452 ﬁnem
291 2424 349 2452 haec
366 2429 478 2452 narrat:
493 2423 529 2453 Ut
541 2425 633 2460 itaque
648 2429 808 2460 utrumque,
826 2428 854 2451 et
869 2423 990 2459 impera-

194 2471 293 2499 toriam
307 2471 563 2507 pontiﬁcaliumque
578 2471 785 2499 ordinationum
805 2470 949 2503 majestas,
963 2475 991 2498 et

195 2518 287 2552 legum
300 2526 494 2554 canonumqne
507 2518 599 2545 cantio
616 2522 688 2545 recte
707 2522 894 2550 conservetur,
908 2522 991 2552 atque

195 2565 375 2593 veneratione
392 2565 526 2592 aﬂiciatur
544 2574 550 2591 :
569 2573 658 2600 neque
673 2564 787 2592 omnino
804 2565 860 2591 lucc
886 2564 991 2592 decisio

195 2611 380 2642 dissolvenda,
394 2619 483 2646 neque
502 2618 599 2638 rursus
614 2611 727 2638 omnino
741 2610 779 2637 illi
791 2609 910 2638 elﬁcacia
926 2618 990 2637 con-

193 2659 314 2687 ccdenda
330 2663 382 2686 est.
403 2657 455 2686 Sed
483 2657 549 2695 [via]
575 2657 665 2686 media
691 2658 773 2693 (quod
795 2657 882 2693 aiunt)
910 2662 991 2692 atque

193 2706 268 2742 regia
295 2706 417 2733 eundum
442 2710 493 2738 est,
523 2711 550 2733 et
579 2709 729 2740 utrumque
760 2703 989 2734 conservandum,

196 2761 261 2788 erga
283 2752 433 2781 decisionis
451 2752 614 2788 scriptorem
645 2752 723 2779 illum
737 2750 933 2787 patriarcham,
959 2756 991 2776 ac

195 2799 376 2834 imperatores
392 2800 440 2835 qui
459 2791 703 2828 istius‘decisionis
729 2797 896 2824 mentionem
914 2795 987 2823 fece-

194 2850 269 2879 runt,
288 2848 442 2875 reverentia
459 2854 566 2882 nempe,
583 2851 610 2873 et
623 2853 656 2873 ne
669 2845 732 2880 quis
748 2844 854 2879 legibus
877 2842 991 2871 cationi-

197 2893 306 2927 busquc
338 2895 450 2923 dissona
470 2893 623 2929 prmcipiat,
643 2891 724 2927 quale
750 2889 905 2927 [quiddam]
932 2890 991 2917 haec

199 2938 303 2966 decisio
317 2940 500 2978 [inmedium]
515 2938 760 2974 adduxit.0portet
780 2943 871 2966 autem
888 2937 923 2965 ab
939 2936 991 2965 hac

1042 2331 1081 2361 είς
1099 2329 1235 2365 ἐρώτησιν
1259 2328 1297 2364 μὴ
1318 2327 1468 2354 ἐνδίδοσθαι
1493 2326 1579 2362 χωρὶς
1602 2325 1658 2352 τῶν
1680 2325 1840 2361 ἀνηκόντων

1042 2375 1188 2411 ἐπιτιμίων
1202 2370 1249 2402 καὶ
1276 2373 1402 2402 ἐντολῶν.
1428 2374 1473 2400 Διὺ
1492 2373 1577 2405 σέῦας
1599 2371 1703 2399 ἄνωθεν
1730 2372 1841 2407 εἴρηται

1043 2422 1112 2458 μηδὲ
1127 2422 1213 2454 ἀδεῶς
1226 2421 1273 2448 καὶ
1287 2420 1449 2452 ἁνυπούλως
1463 2420 1511 2446 καὶ
1523 2419 1653 2450 ἐναντίως
1664 2419 1721 2450 τοῖς
1732 2419 1842 2453 ὲρωτή‹

1043 2477 1122 2496 σασιν
1135 2468 1333 2504 ἐπιτρέπεσθαι
1345 2467 1412 2494 ἀλλὰ
1428 2466 1498 2502 μετὰ
1512 2465 1624 2500 ὲντολῆς
1639 2465 1739 2500 μᾶλλον
1752 2464 1781 2491 δὲ
1792 2465 1843 2492 καὶ

1042 2517 1196 2552 ἀνάμνησιν
1211 2514 1258 2541 τοῦ
1278 2513 1410 2550 ῥηθέντος
1429 2513 1513 2548 τόμου
1529 2513 1606 2548 παρὰ
1627 2511 1677 2547 τῆς
1689 2511 1843 2546 ἐκκλησίας

1042 2563 1192 2599 λαμϐάνειν
1207 2561 1306 2592 αὐτοὺς
1325 2561 1372 2587 καὶ
1385 2559 1440 2586 τῶν
1457 2560 1485 2587 ἐν
1501 2558 1576 2594 αὑτῷ
1590 2557 1779 2592 διαπτομένων
1792 2558 1843 2585 καὶ

1043 2611 1067 2637 εἰ
1085 2610 1135 2645 μὲν
1154 2609 1183 2635 τὸ
1201 2608 1341 2643 θέσπισμα
1361 2607 1445 2642 τιμᾷν
1461 2605 1677 2641 προαιρούμενοι
1699 2604 1746 2630 καὶ
1761 2604 1796 2630 τὰ
1812 2605 1842 2629 ὲν

1043 2655 1117 2692 αύτῷ
1144 2654 1327 2690 διειλημμένα
1350 2652 1497 2688 φυλάττειν
1534 2651 1749 2687 ὰπαρασάλευτα
1779 2650 1844 2685 βού-

1042 2704 1130 2731 λοιντο
1142 2703 1295 2730 ὲπαινετέοι
1311 2701 1420 2732 πάντως
1434 2699 1513 2727 εἰσίν.
1532 2700 1564 2726 El
1583 2698 1611 2726 δὲ
1625 2699 1654 2725 τὸ
1669 2698 1737 2734 παρ’
1756 2697 1841 2724 αὑτοῦ

1044 2750 1236 2786 κεκωλυμένον
1260 2747 1477 2784 διαπράττεσθαι
1511 2746 1684 2782 πρωιροῖντο
1712 2746 1843 2780 ὲκχωρη-

1044 2794 1173 2830 θήσονται
1187 2794 1236 2830 μὲν
1255 2793 1336 2820 τοῦτο
1360 2793 1457 2820 ποιεῖν.
1474 2791 1549 2828 Πλὴν
1580 2791 1655 2826 ὅμως
1677 2790 1735 2822 τοῖς
1753 2798 1842 2825 προσ-

1046 2842 1160 2877 ήκουσιν
1175 2841 1326 2876 ἐπιτιμίοις
1337 2839 1561 2875 καθυπαγόμενοι
1584 2836 1672 2865 ταῦτα
1689 2836 1738 2864 τοῦ
1757 2837 1843 2872 τόμου

1044 2890 1092 2918 τοῦ
1109 2890 1280 2926 πατριάρχου
1307 2889 1404 2925 κυρίου
1431 2887 1567 2915 Σισινίου·
1592 2886 1661 2922 πρὸς
1685 2885 1715 2912 δὲ
1729 2884 1842 2913 καὶτοῦ

1046 2937 1190 2966 Βασιλικοῦ
1220 2936 1435 2972 προστάγματος
1463 2933 1657 2971 διοριζομένων
1685 2932 1723 2970 μὴ
1758 2931 1842 2967 εἴπῃς
