1951 3048
136 163 206 198 1177

663 165 908 198 NOMOCANON.
928 166 1003 197 TIT.
1025 167 1112 205 XIII,
1134 168 1214 198 CAP.
1233 168 1275 201 II.

1718 168 1789 202 1178

135 225 227 252 πάντα
243 223 278 251 τὰ
288 223 319 257 ἐξ
330 222 490 258 ἀγχιστείας
502 222 584 250 ἕκτου
598 221 704 258 βαθμοῦ
715 223 825 259 γαμικά
837 223 930 251 συναλ-

986 223 1127 252 decisione
1159 224 1355 253 introductum
1385 225 1579 262 [matrimonii]
1603 228 1788 259 contractum,

134 270 265 306 λάγματα
292 269 345 296 ὑπὸ
365 269 469 296 τούτων
488 268 668 296 ἁλίσκεσθαι·
690 269 855 305 πρόσταγμα
879 270 934 306 γάρ

135 317 194 343 ἐστι
210 315 258 342 τοῦ
270 315 396 351 ἀοιδίμου
411 315 547 350 βασιλέως
561 315 658 350 κυρίου
682 315 800 348 Ἀλεξίου
818 315 867 343 τοῦ
881 316 936 343 Κο-

137 363 241 399 μνηνοῦ
253 362 397 398 ἐξενεχθὲν
415 362 462 389 ἐπὶ
483 362 636 398 ὑπομνήσει
649 362 698 390 τοῦ
713 362 845 399 προέδρου
859 362 934 389 ὲκεί-

135 418 182 437 νου
202 409 294 445 Βάρδα
318 410 365 436 καὶ
389 409 567 444 ἑταιριάρχου
590 409 638 436 τοῦ
658 408 742 444 ξηροῦ
765 408 838 436 κατὰ
859 408 933 444 μῆνα

134 456 258 492 Μάρτιον
286 455 447 488 ίνδικτιόνος
464 459 505 483 ιε’.
523 455 730 490 Καταπεμφθὲν
751 456 791 487 είς
803 455 849 482 τὸν
869 455 932 483 τότε

134 501 289 538 ἁγιώτατον
305 503 481 538 πατριάρχην
499 502 595 538 κύριον
610 502 744 530 Νικόλαον
763 502 811 529 καὶ
828 502 879 538 τὴν
895 502 934 529 ie-

132 540 189 584 ρὰν
207 549 256 576 καὶ⁹
271 548 348 576 θείαν
362 549 474 576 συνόδον
494 548 680 584 διοριζόμενον
697 547 846 580 ἀκωλύτως
868 557 932 575 συν-

135 595 273 624 άπτεσθαι
308 594 380 622 θεῖον
403 595 451 622 καὶ
476 595 598 630 ἀνεψιὸν,
612 595 672 622 θεῖα
684 595 732 622 καὶ
753 594 853 630 ἀνεψιὰ
877 594 932 622 κᾶν

134 641 215 669 ἕκτου
231 641 338 677 βαθμοῦ
351 642 513 676 συγγένειαν
529 641 559 674 ἐξ
574 642 735 677 ἀγχιστείας
755 642 850 677 ἔχωσι.
876 641 933 670 Καὶ

133 685 272 721 ἀνάγνωθι
286 686 318 713 τὸ
338 686 460 713 τοιοῦτον
477 687 648 722 πρόσταγμα
673 686 869 722 καταστρωθὲν
890 687 933 718 είς

136 733 285 769 σημείωμα
301 733 441 760 συνοδικὺν
465 733 664 769 εὑρισκόμενον
694 733 735 766 είς
757 733 793 760 τὰ
814 733 932 761 κωδίκια

132 779 182 806 τοῦ
199 778 393 814 διαληφθέντος
409 780 583 815 πατριάρχου
597 779 692 815 κυρίου
710 779 856 807 Νικολάου.
870 780 933 807 Ὀτι

133 825 163 852 δὲ
187 825 269 860 λόγος
288 825 385 861 γέγονέ
404 835 472 853 ποτε
491 826 569 862 παρὰ
589 825 629 861 τῷ
663 826 802 861 Βασιλικῷ
827 825 931 862 βήματι

134 872 201 909 περὶ
221 872 268 899 τοῦ
292 873 318 900 εί
336 872 448 900 δύναται
471 873 485 900 ὁ
505 873 587 904 αὐτὸς
607 872 656 900 καὶ
671 870 712 905 είς
732 872 780 900 δύο
801 872 931 908 δευτέρας

990 269 1015 298 si
1025 270 1082 305 jam
1107 276 1319 300 consummatus
1337 272 1383 305 sit,
1399 272 1509 300 etiamsi
1525 272 1586 307 ejus
1609 271 1726 300 faciendi
1743 272 1785 300 fa,

992 315 1081 343 cultas
1092 316 1176 351 petita
1194 325 1249 344 non
1262 316 1356 352 fuerit,
1381 326 1436 346 non
1450 318 1565 346 distrahi
1582 327 1589 346 :
1605 318 1652 346 sed
1679 317 1786 355 judicio

986 367 1073 396 atque
1090 363 1286 398 approbatione
1310 363 1364 392 loci
1381 364 1514 393 antistitis
1535 364 1573 392 ita
1591 364 1619 392 in
1637 364 1782 393 matrimo-

972 408 1067 440 .niu.m
1081 409 1236 444 conjunctis
1247 410 1337 445 pinnis
1346 411 1454 446 gravari
1466 410 1617 446 iisdemque
1628 410 1787 446 conjugiunt

988 456 1158 485 conservari.
1176 456 1254 489 Quod
1283 465 1348 485 vero
1373 456 1540 493 [istiusmodi
1564 455 1786 492 matrimonium]

991 502 1103 537 petitur,
1120 509 1176 529 non
1196 503 1256 530 sine
1268 503 1498 531 convenientibus
1516 503 1607 538 penis
1621 508 1649 531 et
1665 511 1787 539 praecep-

985 547 1036 580 tis,
1062 547 1144 583 cujus
1170 554 1256 576 causa
1281 549 1409 583 superius
1425 547 1609 585 [reverentia]
1634 548 1708 576 dicta
1732 553 1785 582 est,

988 593 1104 622 concedi
1123 603 1130 621 :
1160 601 1249 629 neque
1265 593 1316 631 [id]
1332 595 1488 629 petentibus
1508 602 1558 630 pro
1574 593 1722 630 [ipsorum]
1738 601 1786 622 ar-

989 640 1084 673 bitrio.
1098 644 1146 668 aut
1156 645 1293 676 prompte,
1308 645 1356 669 aut
1380 641 1449 669 citra
1475 641 1709 674 criminationem,
1737 640 1787 672 sed

991 687 1116 716 adhibita
1131 687 1403 716 commonefactione
1418 689 1552 724 permitti,
1568 688 1692 724 quinimo
1705 687 1786 716 dicta:

986 732 1151 767 decisionis,
1171 741 1288 769 qumque
1311 733 1338 762 in
1363 741 1396 761 ea
1421 734 1586 763 ordinantur
1601 734 1636 762 ab
1661 733 1787 762 Ecclesia

989 778 1065 813 ipsos
1078 779 1283 814 suggestionem
1303 779 1429 815 accipere
1445 788 1452 807 :
1472 784 1501 807 et
1514 779 1539 807 si
1556 779 1667 815 quidem
1683 786 1785 806 oracu-

989 824 1046 853 lum
1076 823 1170 861 [iliud]
1200 825 1327 853 venerari
1354 825 1566 858 constituentes,
1594 833 1656 860 quae
1685 825 1715 852 in
1737 824 1786 854 illo

988 871 1282 906 comprehenduntur,
1308 871 1473 900 inconcussa
1508 871 1649 900 custodire
1667 876 1674 899 :‘
1689 871 1785 904 velint,

134 917 287 952 ὲξαδέλφας
307 917 459 953 λαμὸἀνειν
488 919 560 946 κατὰ
576 917 656 953 λόγον
673 919 775 954 γάμου,
793 919 832 952 ὡς
850 919 930 955 δῆθεν

985 917 1117 945 omnibus
1149 918 1238 946 modis
1266 917 1395 946 laudandi
1419 923 1485 945 sunt
1503 927 1511 946 :
1526 918 1569 946 sin
1599 917 1673 953 quod
1686 918 1721 945 ab
1739 917 1786 945 illo

134 965 176 997 είς
191 964 279 998 ζ’.Ἐξ
302 965 463 1001 ἀγχιστείας
479 964 585 1000 βαθμὸν
610 965 785 1002 ἀγαγομένου
800 965 848 992 τοῦ
871 972 934 992 συν-

139 1010 315 1047 αλλάγματος
331 1010 455 1046 ἀπελύθη
470 1010 636 1046 πρόσταγμα
651 1011 699 1038 τοῦ
735 1010 867 1048 κραταιοῦ
884 1011 934 1039 καὶ

134 1057 215 1090 ἁγίου
227 1057 308 1092 ἡμῶν
321 1056 456 1092 βασιλέως
473 1057 511 1092 μὴ
525 1057 651 1092 γίνεσθαί
674 1066 741 1084 ποτε
756 1057 837 1085 τοῦτο
850 1058 934 1094 διορι-

135 1103 251 1138 ζόμενον
279 1103 324 1129 διὰ
343 1103 373 1130 τὺ
390 1104 451 1135 ἐνὸς
474 1103 581 1139 βαθμοῦ
599 1102 756 1137 λογίζεσθαι
776 1104 822 1131 τὸν
847 1104 934 1140 ἀνδρα

137 1150 208 1185 μετά
229 1150 280 1186 τῆς
295 1151 426 1185 γυναικὸς
437 1150 488 1177 καὶ
501 1151 642 1186 καταντᾷν
656 1151 687 1178 τὺ
704 1151 883 1186 συνάλλαγμα
892 1151 934 1183 εἱς

134 1195 216 1222 ἒκτον
241 1195 347 1231 βαθμὸν
363 1195 394 1228 ἐξ
413 1195 584 1231 ἀγχιστείας.
607 1195 685 1222 'Ensl.
707 1195 736 1222 δὲ
757 1196 789 1223 τὸ
810 1195 933 1223 τοιοῦτον

136 1241 305 1276 πρόσταγμα
320 1241 371 1268 οὐκ
386 1241 488 1276 ἔφθασε
505 1240 732 1277 καταπρωθῆναι
746 1242 788 1273 είς
799 1242 834 1269 τὰ
846 1242 934 1278 πρόσ-

135 1295 207 1322 φορα
230 1286 353 1322 σέκρητα
365 1295 371 1302 ·
386 1287 442 1321 ἐγὼ
457 1287 507 1322 μὲν
517 1287 569 1314 οὐκ
585 1287 639 1322 ἔχω
655 1296 681 1314 τι
706 1288 812 1323 γράψαι
837 1288 932 1316 πλέον.

141 1333 176 1359 Ἦ
186 1333 215 1360 δὲ
232 1333 382 1368 Ἐκκλησία
397 1333 498 1361 κωλύει
532 1333 578 1360 τὸν
591 1333 713 1360 τοιοῦτον
724 1333 831 1369 γάμον.
852 1334 933 1361 Ἀνά-

136 1379 221 1414 γνωθι
237 1379 285 1407 καὶ
299 1380 345 1406 τὸν
362 1379 400 1412 ξζ*
415 1380 518 1407 κανόνα
544 1380 592 1407 τοῦ
610 1380 689 1415 ἁγίου
705 1380 859 1414 Βασιλείου,
885 1381 934 1408 καὶ

135 1426 171 1453 τὰ
183 1428 224 1459 είς
237 1427 286 1461 τὴν
304 1426 456 1462 ἑρμηνείαν
476 1426 559 1454 αὑτοῦ
579 1427 732 1462 γραφέντα.
750 1428 812 1454 Ἐπὶ
828 1427 934 1460 τούτοις

135 1473 254 1507 γίνωσκε
264 1473 306 1500 ὃτι
320 1473 374 1508 πρὸ
388 1473 439 1509 μὲν
449 1474 499 1509 τῆς
519 1473 660 1509 βασιλείας
680 1473 728 1500 τοῦ
744 1474 866 1509 ἀοιδίμου
885 1474 933 1509 βα-

138 1519 236 1551 σιλέως
249 1519 344 1555 κυρίου
365 1519 485 1552 Ἀλεξίου
497 1519 545 1546 τοῦ
555 1519 699 1555 Κομνηνοῦ
711 1520 798 1552 ἀλλως
811 1520 933 1555 ἐγίνοντο

136 1567 165 1594 αἱ
189 1567 333 1602 μνηστεῖαι
359 1566 430 1593 κατὰ
445 1565 474 1593 δὲ
489 1566 535 1592 τὸν
552 1566 662 1593 Ἰούλιον
687 1566 761 1602 μῆνα
779 1566 829 1602 τῆς
852 1565 875 1598 ζ’
894 1567 933 1593 lv-

134 1613 268 1644 6tx'rt6vo;
286 1612 334 1640 τοῦ
350 1612 436 1648 ςφιιβ¹
452 1612 530 1645 ἔτους
549 1613 670 1648 ἀπελύθη
686 1613 772 1649 νεαρὰ
786 1613 933 1648 νομοθεσία

134 1659 183 1686 τοῦ
195 1660 277 1686 αὑτοῦ
292 1659 426 1695 βασιλέως
439 1658 527 1692 οὕτως
538 1659 650 1695 ἔχουσα.
659 1659 691 1687 'H
707 1659 756 1695 μὲν
768 1659 874 1687 παλαιά
885 1660 933 1686 xci.

136 1704 314 1740 πρεσϐυτέρα
327 1704 474 1739 νομοθεσία
494 1704 590 1740 πόρρω
602 1704 637 1731 τὰ
655 1704 802 1740 μνηστείας
817 1704 865 1732 καὶ
881 1704 932 1737 γά-

136 1761 188 1788 μου
209 1751 349 1787 ὁρίσματα
372 1751 460 1778 ἐθετο.
478 1750 533 1778 Καὶ
552 1751 654 1787 μᾶλλον
677 1751 783 1778 τούτων
796 1751 827 1778 τὸ
847 1751 932 1787 μέρος

134 1798 208 1833 ἥπερ
220 1797 256 1824 τὰ
269 1796 384 1833 Φρυγῶν
406 1797 454 1824 καὶ
478 1796 581 1824 Μυσῶν
596 1797 613 1833 ὴ
628 1797 765 1834 παροιμία
786 1796 929 1833 ἐγνώρισε.

138 1843 174 1870 ‘II
190 1843 219 1870 δὲ
235 1843 283 1870 ἐπὶ
297 1842 345 1869 τοῦ
364 1842 518 1878 μακαρίτου
533 1842 707 1877 πατριάρχου
723 1843 819 1878 κυρίου
837 1842 932 1870 Ἰωάν-

133 1899 180 1917 νου
191 1890 240 1917 τοῦ
253 1888 393 1924 Ξιφιλίνου
410 1888 538 1924 συνοδικῇ
551 1888 694 1923 διασκέψει
721 1888 930 1916 συντελεσθεῖσα

135 1935 296 1971 σημείωσις,
358 1935 407 1961 καὶ
435 1935 450 1961 ὀ
467 1935 497 1961 ἐν
519 1933 679 1969 βασιλεῦσιν
693 1934 818 1969 ἀοίδιμος
834 1933 930 1970 κύριος

133 1983 292 2019 Νικηφόρος
306 1983 320 2008 ὁ
338 1981 522 2016 Βοτανειάτης
539 1981 584 2008 διὰ
597 1981 796 2017 χρυσοὸούλλου
820 1982 930 2017 γραφῆς

132 2030 164 2056 τὸ
179 2029 263 2064 κῦρος
277 2029 435 2064 εὑρίσκεται
445 2028 632 2064 χαρισάμενος
653 2029 688 2055 τὰ
701 2028 834 2055 διεστῶτα
844 2028 930 2063 χωρὶς

133 2077 257 2112 ἀλλήλων
270 2077 311 2108 είς
324 2076 354 2103 ἒν
369 2075 546 2103 συνάπτουσα
561 2075 687 2110 φαίνεται
701 2074 849 2103 κάντεῦθεν
860 2076 930 2111 ὅπερ

133 2125 180 2153 ἐπὶ
194 2125 249 2153 τῶν
268 2125 366 2160 γάμων
390 2125 404 2152 ὁ
432 2123 572 2156 συνοδικὸς
599 2123 727 2150 ἐθέσπισε
743 2123 827 2158 τόμος
850 2122 930 2150 τοῦτο

132 2171 180 2198 ἐπὶ
194 2172 245 2207 τῆς
259 2170 409 2206 μνηστείας
426 2169 576 2206 διαρρήδην
590 2170 660 2205 αὐτὴ
675 2170 869 2204 ἀποφαίνεται,
882 2169 929 2197 δύο

131 2218 258 2253 ἀδελφοῖς
288 2217 438 2251 ὲξαδέλφας
460 2216 508 2243 δύο
534 2216 572 2252 μὴ
590 2217 698 2251 ὲφιεῖσα
714 2215 926 2251 μνηστεύεσθαι,

987 965 1103 993 vetitum
1119 968 1171 999 est,
1195 973 1328 1002 peragere
1343 966 1451 999 malint,
1478 965 1652 1001 permittetur
1671 965 1784 1000 quidem

985 1010 1011 1038 id
1030 1010 1085 1037 illis
1111 1009 1214 1043 facere,
1237 1011 1284 1038 sed
1309 1010 1421 1038 nonnisi
1448 1010 1669 1045 competentibus
1691 1010 1782 1045 poenis

982 1057 1118 1085 subactis.
1142 1056 1223 1091 Nota,
1236 1057 1309 1092 quod
1331 1065 1393 1092 quae
1406 1056 1433 1084 in
1453 1057 1583 1092 praesenti
1608 1055 1785 1091 imperatoria

982 1101 1108 1137 iussione
1116 1102 1150 1131 ad
1163 1102 1349 1137 abrogandam
1371 1101 1486 1130 Sisinnii
1503 1101 1674 1129 decisionem
1692 1100 1784 1129 conti-

988 1153 1101 1182 nentur,
1119 1149 1224 1177 interea
1246 1148 1350 1176 nostris
1366 1148 1539 1184 temporibus
1555 1148 1659 1175 nullatn
1679 1147 1785 1175 habue-

984 1196 1041 1223 rint
1057 1195 1219 1224 ellicaciatn.
1230 1195 1321 1231 Atque
1336 1203 1435 1231 precor
1447 1195 1587 1230 equidem,
1613 1201 1648 1222 ne
1659 1201 1783 1229 unquam

985 1240 1068 1268 ullam
1085 1240 1203 1268 habeant
1218 1250 1224 1269 :
1242 1249 1305 1269 cum
1320 1248 1432 1270 causam
1449 1241 1484 1268 ob
1497 1248 1580 1276 quam
1591 1244 1783 1274 statutagsnnt,

985 1285 1098 1313 innuda
1111 1287 1254 1315 voluntate
1283 1286 1366 1314 sitam
1391 1293 1464 1320 esse,
1479 1294 1513 1314 ac
1540 1289 1686 1322 propterea
1709 1286 1783 1313 nihil

984 1334 1048 1362 boni
1062 1333 1265 1370 all'erreﬁsciam.
1280 1335 1344 1363 Haec
1358 1334 1476 1371 lactem]
1487 1342 1644 1370 quanquam
1660 1334 1782 1362 sanctis-

984 1381 1047 1409 simi
1064 1382 1226 1417 patriarchte
1247 1381 1361 1410 Sisinnii
1378 1382 1493 1415 decisio,
1512 1381 1679 1416 insuperque
1694 1381 1782 1416 impe-

985 1427 1088 1455 ratoria
1102 1428 1194 1462 jussio
1211 1428 1384 1459 constituant
1402 1437 1408 1455 :
1424 1436 1459 1457 ne
1477 1426 1595 1463 [tamen]
1607 1434 1703 1454 omnes
1713 1434 1782 1454 con-

984 1475 1199 1509 sanguineurum
1213 1475 1284 1502 sexti
1306 1475 1408 1510 gradus
1425 1474 1562 1509 nuptiales
1574 1477 1734 1502 contractus
1746 1473 1782 1502 ab

985 1521 1001 1548 h
1009 1521 1033 1548 is
1051 1520 1147 1556 perimi
1163 1520 1278 1548 dixeris.
1292 1520 1389 1548 Exstat
1408 1521 1481 1548 cuitu
1495 1520 1585 1561 iussio
1607 1527 1717 1555 semper
1736 1527 1783 1547 ce—

988 1566 1111 1594 lebrandi
1141 1566 1317 1602 imperatoris
1343 1566 1439 1594 domui
1466 1566 1555 1594 Alexii
1584 1565 1730 1600 Comneni,
1745 1565 1781 1594 ad

983 1613 1186 1649 suggestionem
1207 1612 1318 1648 proedri
1344 1613 1418 1641 illius
1442 1617 1470 1641 et
1482 1612 1659 1643 itetaariarcbi
1684 1612 1781 1646 Bal-dae

984 1659 1060 1693 Zeri,
1074 1667 1169 1688 mense
1182 1660 1282 1696 Martio
1294 1659 1446 1688 indictione
1463 1659 1569 1687 decima
1583 1659 1680 1694 quinta
1694 1659 1780 1692 edita,

982 1711 1011 1735 et
1039 1707 1072 1734 ad
1105 1707 1178 1734 illitts
1204 1707 1337 1742 temporis
1361 1706 1571 1734 sanctissimum
1592 1706 1780 1741 patriarcham

982 1754 1115 1783 domuum
1140 1753 1282 1782 Nicolaum
1302 1761 1334 1781 ac
1359 1758 1483 1782 sanctam
1500 1753 1679 1787 divinamque
1696 1759 1780 1788 syuo-

982 1799 1047 1829 dum
1064 1800 1160 1834 missa,
1183 1807 1245 1836 qua:
1259 1799 1373 1826 amitam
1390 1803 1417 1826 et
1435 1806 1468 1826 ex
1486 1797 1570 1825 fratre
1588 1801 1696 1832 neptem
1715 1804 1778 1824 cum

982 1852 1082 1880 patruo
1098 1850 1127 1873 et
1145 1853 1189 1873 rex
1209 1845 1295 1874 fratre
1319 1848 1429 1880 nepote,
1454 1843 1564 1872 tametsi
1579 1843 1651 1872 sexti
1673 1843 1776 1878 gradus

982 1892 1174 1928 cognationem
1192 1899 1225 1919 ex
1245 1890 1376 1919 aﬂinitate
1389 1890 1542 1923 obtineant,
1564 1890 1633 1918 citra
1658 1889 1778 1924 impedi-

982 1943 1106 1968 mentqu
1129 1937 1338 1974 jungiﬁtatuit.
1364 1937 1454 1970 Quam
1470 1937 1625 1972 jussionem
1651 1935 1778 1972 synodali

981 1985 1203 2018 commentario,
1224 1984 1271 2019 qui
1291 1984 1318 2010 in
1335 1983 1479 2010 memorati
1499 1982 1665 2017 patriarchae
1674 1981 1779 2009 domini

983 2031 1089 2059 Nicolai
1112 2030 1209 2059 codice
1223 2030 1375 2065 reperitur,
1391 2029 1525 2057 insertam
1545 2028 1631 2063 legas.
1658 2027 1777 2056 Proinde

980 2078 1113 2114 quoniam
1135 2077 1206 2112 apud
1233 2076 1442 2112 imperatorium
1473 2075 1594 2103 tribunal
1614 2082 1707 2102 sermo
1728 2074 1779 2101 ali-

981 2125 1094 2160 quando
1111 2124 1219 2156 incidit,
1247 2131 1282 2151 an
1298 2131 1371 2151 unus
1385 2128 1467 2158 atque
1497 2122 1567 2150 idem
1584 2122 1702 2149 duormn
1717 2120 1776 2148 fra-

980 2175 1166 2206 trum,neptes
1181 2171 1207 2199 in
1233 2169 1445 2197 matrimonium
1462 2176 1574 2197 sutuere
1585 2167 1685 2203 possit,
1702 2167 1776 2202 quod

980 2217 1110 2244 videlicet
1127 2217 1154 2244 in
1166 2217 1313 2251 septimum
1325 2214 1465 2243 allinitatis
1484 2214 1599 2250 gradum
1616 2217 1776 2242 contractus

131 2264 180 2291 καὶ
198 2266 212 2290 ὁ
229 2263 279 2299 μὲν
301 2263 386 2294 πολὺς
410 2262 556 2298 ἄνθρωπος
573 2262 760 2295 ἀνεξετάστως
775 2261 826 2297 τῷ’
838 2263 927 2298 πράγ-

983 2263 1130 2296 rel‘eratur,
1154 2263 1257 2290 emissa
1277 2266 1321 2290 est
1337 2261 1426 2297 jussio
1439 2260 1559 2296 potentis
1576 2264 1661 2294 atque
1686 2259 1775 2286 sancti

133 2318 199 2344 ματι
216 2309 372 2336 ἐπιϐάλλων
387 2309 435 2336 καὶ
457 2309 570 2344 βάπτειν
585 2308 654 2341 ὅλως
679 2309 717 2345 μὴ
735 2308 930 2344 ὲξικνούμενος

131 2359 172 2390 είς
183 2357 231 2384 τὸν
244 2357 309 2385 νοῦν
325 2358 375 2393 τῆς
391 2357 534 2391 συνοδικῆς
545 2357 719 2391 διαγνώσεως
727 2356 929 2391 ἀσυλλογίστως

131 2404 292 2437 ὲπελὰζετο,
308 2404 350 2431 ὅτι
365 2404 431 2430 πότε
448 2403 583 2439 μνηστεία
596 2404 656 2430 ἐστὶ
669 2403 716 2430 καὶ
738 2403 812 2434 ὅπως
826 2403 884 2438 ἔχει
898 2403 929 2430 τὸ

131 2451 254 2485 ἀσφαλὲς
279 2451 379 2486 μᾶλλον
408 2450 541 2485 ἀκριϐοῦν
563 2451 600 2486 μὴ
617 2450 781 2485 δυνάμενος,
809 2450 858 2477 καί
874 2458 926 2476 που

130 2498 202 2534 τάχα
218 2498 250 2524 τὸ
265 2497 315 2532 τῆς
331 2497 400 2529 ἰδίας
429 2496 632 2524 ἀνεπίσκεπτον
649 2497 772 2529 διανοίας
793 2496 865 2523 κατά
878 2496 927 2531 τῆς

130 2543 366 2579 ὲκκλησιαστικῆς
390 2544 565 2579 ἐπεγράφετο
587 2543 741 2578 ἀκριϐείας.
772 2543 805 2570 Ἥ
828 2542 857 2569 δὲ
878 2542 928 2578 τῆς

131 2591 270 2625 ἡμετέρας
297 2589 441 2625 βασιλείας
456 2589 584 2616 εὐσέϐεια
602 2588 853 2624 ὲπιστατικώτερον
866 2589 925 2615 ἐπι-

130 2636 251 2664 ϐαλοῦσα
264 2639 298 2673 τῇ
313 2636 453 2672 διασκέψει
472 2636 520 2663 καὶ
543 2637 577 2671 τῇ
604 2635 812 2670 ὲναντιοφανείξι
836 2634 927 2666 καλῶς

129 2683 297 2719 διαστήσασα
311 2683 427 2718 ἀρίστην
453 2684 504 2718 τὴν
522 2682 685 2717 συμφωνίαν
697 2682 742 2709 διὰ
753 2682 802 2717 τῆς
820 2681 926 2717 παρού-

130 2739 181 2765 σης
199 2731 363 2766 νομοθεσίας
378 2729 537 2766 ὲξεύρηκεν.
563 2729 673 2764 Ἐπειδὴ
699 2731 754 2765 γὰρ
779 2731 793 2755 ὁ
811 2729 927 2760 παλαιὸς

129 2777 211 2812 νόμος
227 2777 276 2812 τὴν
293 2776 441 2811 μνηστείαν
454 2777 483 2803 ὲν
496 2776 563 2812 μόνῃ
574 2778 608 2811 τῇ
619 2775 674 2803 τῶν
688 2775 926 2802 συναλλαττόντων

127 2821 217 2857 ὁρίζει
235 2822 375 2858 βουλήσει,
391 2823 439 2849 καὶ
460 2822 542 2848 πλέον
560 2822 637 2848 οὐδὲν
659 2822 851 2854 συναινέσεως,
877 2821 926 2848 καὶ

129 2869 298 2905 συμῦολαίου
311 2888 318 2900 ,
336 2869 385 2895 καὶ
402 2869 547 2904 μνήστρων
562 2867 778 2904 παρεργάζεται.
804 2868 886 2904 Ἡμῖν
896 2867 925 2894 δὲ

129 2915 222 2951 χάριτι
237 2914 307 2942 Θεοῦ
326 2915 395 2950 πρὸς
406 2915 597 2952 κοσμιωτέραν
609 2915 700 2951 πολλῷ
717 2915 763 2943 καὶ
775 2914 925 2950 ίερωτέραν

981 2309 1069 2337 nostri
1086 2308 1274 2343 imperatoris,
1288 2315 1349 2342 qua:
1360 2314 1394 2335 ne
1411 2307 1436 2334 id
1452 2313 1572 2341 unquam
1594 2305 1642 2333 ﬁat
1659 2304 1773 2332 statuit:

981 2360 1129 2391 prepterea
1146 2354 1219 2389 quod
1237 2354 1352 2381 maritus
1363 2357 1390 2380 et
1404 2360 1473 2380 uxor
1485 2350 1657 2387 uuiuslesse]
1674 2350 1775 2387 gradus

979 2401 1189 2432 existimentur.
1199 2403 1226 2428 et
1237 2397 1431 2436 [matrimonii]
1449 2400 1608 2426 contractus
1622 2397 1648 2424 in
1667 2400 1775 2424 sextum

980 2447 1121 2475 allinitatis
1145 2447 1258 2482 gradum
1275 2446 1407 2473 incurrat.
1430 2443 1531 2472 Verum
1541 2443 1605 2479 quia
1621 2442 1774 2478 Itmcjussio

979 2494 1009 2521 in
1028 2497 1230 2528 competentetn
1258 2492 1358 2520 librum
1377 2491 1462 2519 relata
1476 2498 1531 2518 nott
1544 2493 1597 2523 est,
1616 2497 1671 2517 non
1687 2489 1776 2516 habeo

978 2541 1106 2576 equidem
1123 2540 1196 2575 quod
1221 2539 1340 2574 amplius
1360 2538 1491 2566 scribam.
1510 2536 1633 2565 Ecclesia
1661 2536 1771 2564 iutcritn

979 2588 1135 2616 istiusmodi
1148 2587 1355 2615 matrimonium
1365 2586 1504 2622 prohibet.
1519 2585 1605 2621 Legas
1618 2592 1681 2612 vero
1693 2583 1776 2611 etiam

978 2635 1182 2670 sexagesimum
1197 2634 1350 2670 septimum
1380 2640 1514 2661 eanonem
1540 2631 1630 2660 sancti
1664 2629 1773 2660 Basilii.

978 2688 1095 2715 quaeque
1113 2680 1139 2707 in
1163 2679 1236 2707 illius
1252 2678 1481 2714 interpretatione
1509 2678 1611 2712 scripta
1643 2681 1716 2704 sunt.
1734 2675 1776 2703 Ad

978 2725 1038 2753 haec
1064 2726 1136 2753 scias
1152 2727 1224 2760 quod
1239 2733 1303 2753 cum
1328 2730 1392 2752 ante
1412 2724 1556 2759 imperium
1572 2729 1680 2757 seraper
1702 2721 1776 2749 cele—

978 2771 1076 2799 brandi
1093 2772 1269 2806 imperatoris
1296 2770 1391 2799 domui
1417 2770 1505 2798 Alexii
1528 2768 1663 2796 Conttteni
1695 2768 1775 2796 aliter

978 2820 1037 2847 licri
1054 2819 1197 2854 sponsalia
1226 2815 1389 2854 [solerentz]
1411 2815 1592 2844 menseJulio
1612 2814 1772 2842 iudietiouis

977 2867 1101 2902 septimae
1125 2866 1191 2894 anni
1221 2864 1269 2901 [ab
1290 2865 1356 2893 orbe
1378 2862 1502 2899 condito]
1522 2862 1594 2890 6592
1616 2861 1718 2890 emissa
1734 2862 1772 2889 sit

976 2911 1101 2948 ejusdem
1118 2910 1291 2947 imperatoris
1316 2909 1422 2939 novella
1437 2908 1480 2937 lex
1498 2915 1560 2944 qua:
1577 2907 1652 2936 hunc
1666 2906 1694 2934 in
1706 2914 1766 2934 mu-
