1948 3070
177 143 247 178 1179

778 146 911 178 ΡΗΟΤΙῙ
930 146 1187 179 PATRIARCHE
1206 148 1260 179 ΟΡ.

1750 149 1817 182 1180

174 203 241 230 dum
265 201 371 230 habet:
394 201 570 238 Sponsalium
596 202 810 238 nuptiarumque
837 204 970 231 terminos

1026 204 1148 232 ἐπίδοσιν
1161 204 1196 232 τὰ
1209 204 1258 232 τοῦ
1272 204 1333 240 βίου
1352 204 1557 242 περεληλύθασι
1577 205 1741 242 πράγματα,
1756 207 1820 232 κάν-

175 254 281 278 vetusta
289 249 495 285 superiorisque
510 250 598 278 artatis
608 250 743 286 legislatio
761 258 866 286 susque
880 250 970 285 deque

175 295 282 324 habuit.
309 295 412 323 Eorum
450 301 543 324 autem
569 296 717 325 efficientes
757 304 857 325 causas
883 297 972 332 magis

175 349 258 377 quam
270 341 408 378 Mysorum
427 347 454 370 et
477 341 616 378 Phrygum
631 342 778 379 [terminos
792 342 834 379 ut]
859 350 972 378 prover-

173 388 249 416 bium
263 387 368 424 [habet]
386 388 526 416 indicavit.
543 388 646 416 Verum
666 389 711 424 qui
730 390 782 417 sub
804 389 892 417 felicis
914 397 972 416 me-

174 433 270 460 muriae
286 433 442 468 patriarcha
458 433 561 461 donmo
582 434 689 462 Joanne
711 434 853 470 Xipliilino
874 435 971 472 synodi

175 487 258 514 opera
275 479 418 508 confectus
435 483 477 508 est
491 481 720 515 commentarius,
742 482 787 509 cui
814 482 896 509 etiam
910 489 973 517 per-

175 525 338 560 petuointer
349 526 528 562 imperatores
540 527 734 555 celebrandum
752 528 883 556 domnum
896 528 972 557 Nice-

176 569 294 605 phorum
303 570 474 599 Botaniatam
484 579 533 607 per
549 580 639 601 aurea:
646 573 730 600 bullm
747 575 912 608 scripturam
920 581 971 602 au-

176 616 334 644 ctoritatem
345 617 473 652 largitum
481 625 542 646 esse
548 623 720 654 compertum
727 625 778 652 est,
786 627 847 654 quae
854 620 971 647 multum

176 661 248 690 inter
262 670 292 691 se
317 663 467 698 distabant,
494 664 522 692 in
550 672 635 692 unum
651 665 825 694 contraxisse
837 666 971 695 cernitur.

176 709 236 743 Qua
251 710 357 738 ratione
379 710 452 746 quod
471 712 602 746 synodica
619 712 725 741 decisiu
743 713 777 740 de
792 713 895 748 nuptiis
909 720 973 749 pro-

178 755 361 791 mulgaverat,
390 756 442 785 hoc
460 757 506 785 ille
521 757 631 786 disertis
646 759 737 787 verbis
752 760 786 787 de
798 759 973 795 sponsalibus

176 806 284 834 censet,
309 802 420 830 duobus
446 802 578 831 fratribus
590 803 659 832 duas
687 804 825 840 patrueles
840 812 974 840 sponsare

178 855 235 876 non
261 848 434 883 permittens.
471 849 561 884 Atque
581 850 738 885 promiscua
768 851 879 886 quidem
897 851 973 886 plebs

1021 249 1120 277 τεῦθεν
1131 250 1181 286 οὐχ
1195 251 1209 276 6
1223 251 1311 286 γάμος
1326 251 1407 286 μόνον
1418 251 1488 278 ἀλλὰ
1501 251 1549 279 καὶ
1565 251 1634 286 αὐτὴ
1652 252 1669 287 ἡ
1685 252 1819 287 μνηστεία

1024 296 1101 332 ἱερὰν
1113 296 1241 331 εὐλογίαν
1257 297 1473 333 ἐπιτελουμένην
1494 297 1552 334 ἔχει
1568 298 1633 334 παρ’
1646 298 1729 333 ἑαυτῇ
1742 298 1790 324 καὶ
1805 298 1819 324 ό

1023 341 1119 376 καιρὸς
1132 341 1285 377 ὡρισμένος
1297 341 1344 368 διὰ
1366 342 1539 378 νεαρωτέρου
1555 342 1745 377 θεσπίσματο;
1771 341 1818 369 τοῦ

1023 387 1246 422 φιλοσοφωτάτου
1276 387 1411 423 βασιλέως
1441 388 1539 424 κυρίου
1568 387 1683 419 Λέοντος
1708 386 1756 413 ἐπὶ
1785 388 1818 422 τῇ

1023 434 1120 471 πρώτῃ
1135 433 1190 461 τῶν
1219 433 1383 469 ξυμϐάντων
1413 435 1575 470 συναρμογῇ
1595 433 1707 468 ἐξετέθη
1733 433 1817 468 ἧγουν

1023 480 1069 506 ἐπὶ
1089 480 1139 515 μὲν
1168 479 1303 516 ἀρρένων,
1318 481 1332 506 ὁ
1349 479 1430 507 πέντε
1454 480 1501 506 καὶ
1515 479 1627 511 δέκατος
1648 478 1699 514 τῆς
1711 478 1819 514 ἡλικίας

1023 525 1156 557 ἐνιαυτὸς,
1169 524 1216 552 ἐπὶ
1237 524 1265 552 δὲ
1279 524 1395 561 θηλειῶν
1408 525 1422 551 6
1441 525 1668 560 τρισκαιδέκατος
1684 524 1714 551 ὃν
1731 524 1817 559 δήπου

1022 571 1119 607 χρόνον
1146 571 1194 597 καὶ
1219 570 1288 606 πρὸς
1309 571 1434 606 γαμικὴν
1459 570 1605 598 συναυλίαν
1620 570 1726 597 τελείαν
1750 570 1817 597 ἀπο-

1023 618 1154 653 χρώντως
1175 617 1248 652 ἔχειν
1262 618 1277 644 6
1294 617 1410 649 παλαιὸς
1426 617 1509 653 νόμος
1520 617 1656 652 ὲπέσκεψε
1669 617 1737 649 δεῖν,
1749 615 1819 650 ἔγνω

1022 663 1067 691 διὰ
1078 663 1126 690 τοῦ
1143 663 1279 698 παρόντος
1298 662 1486 699 θεσπίσματος
1507 664 1538 691 τὸ
1558 664 1695 700 ἡμέτερον
1718 662 1820 697 κράτος

1027 706 1158 742 ἀσφαλῶς
1183 707 1377 743 ἀποφήνασθαι
1403 708 1511 741 ὲκείνας
1542 706 1613 735 εἶναι
1636 708 1738 744 κυρίως
1754 716 1823 743 μνη-

1031 754 1126 786 στείας
1148 754 1195 780 καὶ
1212 753 1426 789 ίσοδυναμούσας
1452 755 1493 791 τῷ
1506 755 1589 791 γάμῳ
1602 755 1674 782 κατὰ
1693 754 1742 790 τὴν
1757 762 1821 780 συν-

1023 800 1117 836 οδικῆς
1133 800 1278 836 ἀκριϐείας
1299 800 1442 837 διάσκεψιν
1459 802 1521 828 ὅσαι
1533 801 1641 828 καὶτὸν
1651 801 1746 836 χρόνον
1760 800 1794 827 ὃν
1804 801 1822 835 ἡ

1025 846 1159 883 βασιλέως
1173 847 1273 884 κυρίου
1296 848 1413 880 Λέοντος
1432 847 1600 884 θεσμοθεσία
1620 848 1740 884 ὡρίσατο
1759 847 1824 876 ἀκέ-

176 893 419 922 indiscriminatim
445 902 502 923 rem
519 896 693 931 aggrediens,
721 901 749 925 et
776 897 828 934 [se]
846 898 872 925 in
890 905 970 934 syno-

1027 902 1104 930 ραιον
1121 895 1200 930 ἔσχον
1226 894 1289 921 καθ’
1314 894 1426 928 ἑαυτὰς,
1455 895 1504 922 καὶ
1518 894 1568 930 τὴν
1598 895 1675 931 ἱερὰν
1698 895 1823 929 εὐλογίαν

177 939 248 968 dalis
282 941 506 972 statutivsensum
528 949 654 978 mergere
680 950 792 979 prorsus
823 944 973 978 nequiens,

177 986 238 1014 sine
271 987 378 1015 ratione
400 988 532 1023 quidnam
555 989 694 1025 sponsalia
715 994 809 1019 essent
833 990 973 1026 ﬁngebat,

175 1039 267 1068 neque
288 1041 344 1068 quo
372 1040 451 1069 pacto
465 1035 573 1062 cautius
602 1035 779 1064 ﬁrmarentur
793 1041 889 1064 exacte
909 1044 976 1064 con-

176 1079 292 1107 stituere
306 1080 423 1108 valebat.
440 1080 536 1117 [Quin]
554 1081 691 1109 interdum
712 1082 794 1109 etiam
807 1083 908 1111 mentis
919 1090 976 1111 sua:

177 1125 438 1155 inconsiderantiam
460 1129 593 1156 adversus
606 1129 759 1157 absolutam
775 1129 896 1158 ecclssiae
911 1138 976 1158 nor-

176 1179 250 1198 mam
264 1173 432 1202 venditabat.
465 1173 567 1202 Vernm
593 1175 777 1210 imperatorize
797 1171 900 1204 nostrae
919 1185 976 1204 ma-

175 1216 285 1252 jestatis
320 1218 407 1253 pietas
437 1219 571 1249 scientius
596 1222 846 1250 considerationem
875 1221 975 1259 [illam]

177 1264 331 1298 auspicata,
361 1264 407 1292 ubi
440 1271 618 1301 apparentem
650 1267 871 1296 contrarietatem
901 1273 977 1296 recte

176 1309 366 1344 dijudicasset,
392 1319 440 1346 per
454 1317 615 1347 praesentem
629 1313 829 1348 legislationem
840 1315 972 1350 optimam

176 1355 317 1384 adinvenit
340 1358 566 1387 consonantiam.
588 1358 774 1395 Posteaquam
801 1361 875 1388 enim
891 1366 972 1389 vetus

176 1401 220 1429 lex
250 1403 390 1438 sponsalia
413 1404 440 1431 in
467 1405 526 1432 sola
571 1406 796 1434 contrahentium
831 1407 972 1435 voluntate

176 1447 336 1482 constituit,
359 1449 482 1485 nihilque
512 1451 631 1486 amplius
647 1451 800 1488 [quamde]
821 1460 972 1485 consensu.

177 1494 382 1528 instrumentis,
404 1502 488 1532 atque
516 1497 686 1532 sponsalitiis
703 1498 792 1526 arrhis
821 1499 946 1527 elaborat
967 1508 974 1527 :

176 1541 280 1569 nostris
294 1545 386 1570 autem
402 1541 587 1579 [temporibus
598 1544 764 1581 communis]
779 1545 841 1573 vitae
868 1545 975 1581 negotia

177 1588 213 1616 ad
244 1589 324 1625 longe
339 1590 466 1619 ornatius
476 1591 620 1627 magisque
643 1580 762 1620 sacrum,
778 1592 871 1620 divina
885 1580 974 1628 gratia
988 1580 1009 1610 ο

176 1635 347 1664 devenerunt
371 1636 583 1671 incrementum,
601 1643 684 1673 atque
712 1639 776 1667 hinc
792 1647 846 1667 non
871 1640 974 1675 nuptiae

179 1681 293 1716 solum,
319 1690 413 1710 verum
438 1683 521 1711 etiam
553 1685 692 1720 sponsalia
718 1685 899 1721 peragendam
930 1694 975 1714 sa-

175 1737 252 1757 cram
283 1729 501 1758 benedictionem
517 1730 570 1758 sibi
601 1731 778 1766 conjunctam
794 1732 918 1762 habent:
943 1740 976 1761 ac

177 1774 266 1811 [vero]
291 1779 398 1803 certum
438 1779 548 1811 tempus
569 1776 665 1811 prima:
682 1785 697 1805 c
713 1778 844 1813 onjugum
859 1778 975 1812 coniun-

175 1820 262 1848 cﬁoni
279 1827 330 1855 per
353 1821 535 1849 recentiorem
577 1822 776 1858 sapientissimi
801 1823 974 1858 imperatoris

176 1865 271 1893 domui
300 1866 401 1894 Leonis
429 1867 600 1895 sanctionem
627 1872 669 1896 est
698 1869 900 1904 promulgatum
927 1869 974 1906 (in

175 1911 301 1940 maribus
313 1919 421 1948 nempe,
438 1920 527 1941 annus
552 1913 642 1942 aetatis
654 1914 779 1943 decimus
794 1915 909 1950 quintus
923 1925 930 1943 :
946 1915 974 1943 in

175 1955 299 1989 feminis,
328 1957 453 1986 decimus
474 1958 589 1987 tertius:
609 1959 683 1994 quod
713 1959 836 1994 prefecto
863 1965 972 1996 tempus

176 2003 210 2032 ad
226 2003 376 2039 perfectam
398 2005 547 2041 conjugum
576 2006 808 2034 cohabitationem
833 2007 974 2035 vetuslex

175 2050 315 2078 sulliciens
332 2054 394 2078 esse
422 2050 522 2086 jussit)
551 2051 739 2079 necessarium
767 2059 829 2079 esse
850 2053 972 2087 potentia

176 2102 272 2124 nostra
297 2096 441 2132 judicavit,
452 2101 483 2124 ut
499 2104 549 2132 per
565 2104 688 2131 praesens
701 2097 842 2125 oraculum
856 2098 972 2126 ﬁrmiter

178 2142 302 2176 deﬁniat,
320 2143 428 2178 proprie
446 2143 492 2171 illa
516 2150 577 2170 esse
600 2143 750 2178 sponsalia,
772 2148 799 2170 et
813 2151 908 2172 revera
933 2152 976 2172 se-

175 2189 296 2217 cundum
312 2193 426 2216 ‘exactae
444 2189 583 2224 synodalis
606 2197 712 2217 norma),
726 2189 974 2230 considerationem

176 2241 240 2262 cum
265 2235 368 2270 nuptiis
390 2235 579 2270 aaquipollere,
593 2243 766 2271 quaecunque
781 2240 890 2272 tempus
902 2237 975 2272 quod

176 2279 349 2316 imperatoris
379 2281 473 2309 domui
500 2281 602 2309 Leonis
632 2282 740 2310 sanctio
770 2283 972 2315 determinavit,

177 2325 314 2362 integrum
340 2327 393 2354 sibi
424 2326 614 2363 [conjunctum
647 2327 813 2362 habuerunt,
833 2333 861 2356 et
887 2327 974 2366 [quae]

177 2379 255 2400 sacra
282 2372 419 2410 [insuper]
435 2374 587 2402 benedictio
599 2380 746 2403 consecuta
768 2379 811 2403 est
827 2385 834 2403 :
852 2376 975 2412 atquein

179 2420 234 2448 illis
252 2420 393 2456 synodalis
409 2421 555 2450 decisionis
566 2421 783 2450 observationem
793 2423 882 2450 valere
898 2423 977 2451 debe-

177 2474 218 2494 re.
235 2466 265 2494 Si
281 2475 398 2503 namqne
410 2466 576 2504 [sponsalia]
604 2469 829 2497 contraltentium
856 2470 974 2498 alteram

178 2517 283 2548 partem
296 2513 366 2550 [aut]
384 2519 472 2542 morte
496 2514 568 2543 forte
591 2515 681 2543 aliove
693 2514 811 2543 fortume
825 2523 904 2550 casu,
928 2522 977 2545 aut

180 2562 325 2588 sententiae
343 2560 495 2589 mutatione
527 2562 674 2594 recedere,
704 2561 739 2588 ad
755 2562 884 2598 aliudque
914 2564 977 2591 vitae

180 2607 351 2635 consortium
384 2607 528 2636 transferri
566 2609 708 2644 contingat
734 2618 741 2636 :
768 2617 823 2637 non
860 2610 977 2646 exiguus

181 2652 327 2689 [profecto]
353 2653 397 2680 hic
423 2654 601 2682 absurditatis
619 2659 724 2683 tractus
764 2655 894 2687 exsistet,
930 2655 977 2693 [si]

181 2700 356 2734 praaambulze
374 2701 532 2735 nuptiarum
563 2708 658 2736 preces
671 2701 699 2729 in
731 2701 904 2737 sponsalibus
915 2709 977 2738 ριν-ο

181 2750 270 2778 actae,
301 2750 437 2780 tanquam
464 2754 564 2774 vanum
594 2747 697 2782 aliquid
722 2746 849 2784 [temere]
865 2756 918 2783 que
931 2756 978 2775 ac-

180 2792 362 2826 cumulatum,
384 2797 554 2828 reputentur,
573 2799 601 2820 et
627 2794 872 2823 indiscriminatim
885 2803 916 2823 ea
934 2802 979 2823 res

187 2839 367 2874 intelligatur,
394 2842 474 2876 quasi
513 2842 535 2869 si
565 2843 635 2869 Deus
663 2850 711 2876 per
736 2843 873 2877 sponsalia
907 2843 979 2870 inter

182 2883 390 2920 wnjungendas
410 2894 542 2921 personas
557 2888 730 2916 introductus
751 2897 804 2917 non
822 2893 903 2918 essut.
921 2887 978 2917 Hoc

1025 940 1264 968 ἐπακολουθοῦσαν
1279 940 1446 977 ἐγνώρισαν,
1462 940 1511 967 καὶ
1531 941 1574 968 ἐπ’
1587 941 1700 968 ἐκείνων
1714 941 1764 976 τὴν
1774 940 1823 968 τοῦ

1027 986 1169 1013 συνοδικοῦ
1190 987 1275 1022 τόμου
1292 988 1405 1022 κρατεῖν
1423 987 1543 1022 ὀφείλειν
1566 989 1769 1024 παρατήρησιν.
1791 987 1824 1016 Εἰ

1025 1033 1081 1068 γὰρ
1109 1033 1158 1060 καὶ
1182 1033 1297 1068 θάτερον
1321 1034 1387 1066 ἴσως
1416 1033 1471 1061 τῶν
1495 1033 1706 1069 συμϐαλλόντων
1732 1034 1825 1071 μερῶν

1026 1079 1163 1116 θανάτῳῆ
1180 1080 1342 1115 περιστάσει
1364 1080 1452 1117 τύχης
1478 1081 1560 1117 ἑτέρᾳ.
1574 1081 1590 1118 ἢ
1606 1081 1720 1118 γνώμης
1739 1090 1824 1118 μετα-

1026 1125 1092 1161 ϐολῇ
1116 1126 1316 1161 ὰποδιαστῆναι
1339 1127 1473 1163 συμϐαίη,
1498 1128 1546 1154 καὶ
1567 1128 1636 1164 πρὸς
1655 1128 1750 1163 ἑτέρου
1765 1128 1825 1163 βίου

1027 1173 1220 1208 συγκλήρωσιν
1246 1173 1450 1208 μετατάξασθαι
1480 1174 1531 1201 οὐκ
1547 1174 1641 1209 ὀλίγον
1656 1173 1776 1201 ἐνταῦθα
1794 1174 1826 1201 τὸ

1032 1219 1134 1246 ἄτοπον
1143 1219 1314 1255 ,ἐπισύρεται
1326 1220 1376 1252 τάς
1390 1221 1595 1256 προσεισοδίους
1609 1220 1663 1247 τῶν
1672 1221 1769 1256 γάμων
1780 1219 1826 1246 εὐ-

1028 1265 1079 1300 χὰς
1094 1265 1141 1291 ἐπὶ
1155 1265 1289 1301 μνηστείᾳ
1309 1265 1534 1298 συντελεσθείσας
1550 1265 1588 1298 ῶς
1600 1275 1627 1293 τι
1638 1266 1694 1293 τῶν
1711 1265 1825 1293 είκαίων

1029 1312 1078 1338 καὶ
1094 1312 1312 1348 συμφερομένων
1324 1312 1484 1346 λογίσασθαι
1497 1315 1546 1340 καὶ
1560 1313 1696 1349 διαφόρως
1709 1312 1825 1340 ὲκλαϐέ-

1036 1358 1099 1385 σθαι
1109 1358 1169 1385 τόδε
1181 1358 1212 1384 τὸ
1237 1360 1364 1395 πρᾶγμα,
1380 1358 1473 1395 ὥσπερ
1489 1359 1523 1386 ἂν
1548 1360 1573 1386 εί
1600 1359 1638 1395 μὴ
1657 1359 1722 1392 Θεὸς
1741 1360 1823 1395 μέσος

1028 1404 1087 1431 τῶν
1113 1405 1326 1440 συναπτομένων
1347 1405 1503 1440 προσώπων
1528 1405 1572 1432 διὰ
1595 1406 1647 1440 τῆς
1674 1406 1823 1441 μνηστείας

1028 1451 1165 1487 εἰσήγετο.
1183 1452 1277 1487 Τούτῳ
1293 1451 1348 1487 γὰρ
1363 1451 1412 1478 καὶ
1435 1452 1449 1478 6
1466 1452 1724 1488 προμνημονευθεὶς
1738 1452 1823 1479 ἀοίδι-

1029 1505 1079 1532 μος
1107 1498 1234 1532 βασιλεὺς
1264 1497 1439 1533 εὐεπηϐόλως
1463 1498 1686 1533 ἀνακολουοήσας
1711 1498 1757 1525 τὸν
1774 1498 1824 1534 τῆς

1029 1543 1110 1578 ἁγίας
1126 1543 1174 1570 καὶ
1188 1542 1338 1579 καθολικῆς
1354 1541 1380 1576 ς’
1400 1543 1509 1570 συνόδου
1529 1544 1630 1572 κανόνα
1645 1544 1675 1576 ὃς
1688 1544 1739 1580 τὴν
1755 1553 1824 1580 μνη-

1027 1589 1216 1625 στευσαμένην
1229 1589 1269 1616 ἔτι
1284 1590 1331 1617 τοῦ
1350 1590 1508 1625 μνηστῆρος
1526 1591 1555 1616 ἐν
1575 1590 1731 1626 ἀνθρώποις
1741 1590 1822 1622 ὐντος

1025 1637 1097 1673 πρὸς
1112 1637 1236 1673 γαμικὴν
1249 1637 1358 1673 ὁμιλίαν
1371 1637 1458 1673 ἑτέρῳ
1469 1637 1648 1674 συνέρχεσθαι
1659 1637 1824 1665 ἀπεκώλυσε

1028 1684 1154 1719 μοιχείαν
1171 1683 1201 1710 τὺ
1228 1684 1348 1719 πρᾶγμα
1369 1683 1565 1719 διορισαμένης
1582 1683 1675 1719 σαφῶς
1690 1685 1758 1720 πρὸς
1773 1684 1826 1720 τὴν

1026 1731 1233 1766 ἐμφαινομένην
1264 1730 1312 1757 τοῦ
1338 1729 1522 1764 παλαιγενοῦς
1548 1730 1706 1758 ἐναντίωσιν
1738 1730 1825 1766 νόμου

1026 1776 1119 1808 καλῶς
1142 1775 1322 1803 συνεϐίϐασεν
1347 1777 1389 1803 ὃτι
1411 1777 1485 1811 καὶὴ
1514 1776 1583 1811 μετὰ
1608 1776 1658 1813 τὴν
1681 1777 1739 1808 τοῖς
1755 1785 1827 1813 μνη-

1032 1822 1132 1858 στῆρσι
1161 1823 1311 1858 γινομένην
1341 1822 1467 1856 εὐλογίαν
1490 1822 1631 1854 διάστασις
1660 1822 1741 1849 τοῦτό
1766 1823 1826 1850 ἐστι

1029 1867 1100 1894 κατά
1115 1866 1165 1902 τὴν
1180 1867 1286 1894 ἐκείνου
1303 1867 1397 1903 φωνὴν
1423 1866 1572 1902 μνηστείας
1592 1866 1712 1902 ἀληθοῦς
1734 1867 1824 1899 λύσις.

1027 1913 1058 1940 Εἰ
1078 1913 1108 1940 δὲ
1124 1913 1269 1949 μνηστεῖαι
1297 1922 1371 1944 τινες
1395 1912 1468 1940 κατὰ
1483 1912 1533 1949 τὴν
1543 1913 1599 1940 τῶν
1616 1912 1724 1940 πολλῶν
1742 1914 1826 1949 συνή-

1027 1959 1104 1986 θειαν
1122 1959 1277 1991 ἀκολούθως
1295 1959 1346 1995 ἤδη
1380 1959 1508 1994 γεγόνασι
1530 1960 1579 1986 καὶ
1603 1958 1757 1995 συμϐόλαια
1774 1959 1826 1995 μὲν

1026 2005 1202 2040 ἐξετέθησαν,
1218 2004 1295 2032 οὔπω
1306 2005 1334 2032 δὲ
1345 2005 1359 2032 6
1372 2005 1473 2036 τακτὸς
1492 2005 1595 2041 ἐπέστη
1611 2005 1707 2042 καιρὸς
1720 2005 1782 2033 καθ’
1795 2005 1826 2033 ὃν

1025 2055 1042 2090 ή
1066 2056 1122 2086 τοῖς
1145 2055 1320 2090 Χριστιανοίς
1331 2053 1493 2089 ὀφειλομένη
1519 2054 1733 2089 εὐλογίαῖεῐωθε
1752 2055 1826 2090 γίνε-

1027 2100 1100 2133 σθαι,
1120 2101 1168 2128 καὶ
1178 2100 1240 2127 οὐδὲ
1255 2101 1284 2127 αἱ
1297 2099 1423 2135 συνήθεις
1441 2100 1488 2127 ἐπὶ
1498 2101 1556 2132 τοῖς
1571 2102 1825 2137 μνηστευσαμένοις

1025 2147 1106 2182 οὐχαὶ
1129 2147 1174 2174 διὰ
1199 2147 1247 2174 τοῦ
1264 2147 1359 2182 ίερέως
1383 2146 1595 2183 ὲξεφωνήθησαν
1621 2147 1723 2180 ταύτας
1754 2156 1826 2183 μνη-

1027 2193 1119 2225 στείας
1134 2193 1184 2228 μὲν
1199 2193 1310 2229 ἀληθεῖς
1332 2194 1394 2221 ὅσον
1419 2193 1490 2221 κατὰ
1514 2194 1564 2229 τὴν
1591 2194 1826 2230 ἔκκλησιαστικὴν

991 2260 1014 2288 D
1028 2239 1235 2274 ἀκριϐολογίαν,
1251 2239 1318 2275 μηδὲ
1344 2237 1426 2272 εἶναι,
1453 2240 1521 2276 μηδὲ
1545 2240 1738 2276 ὀνομάζεσθαι,
1755 2241 1826 2276 μήτε

1028 2286 1078 2322 μὲν
1096 2286 1147 2321 τὴν
1163 2285 1307 2322 συνοδικὴν
1323 2287 1475 2323 σημείωσιν
1497 2287 1569 2314 κατὰ
1582 2287 1686 2314 τούτων
1710 2287 1784 2322 ἔχειν
1794 2287 1827 2314 τδ

1026 2333 1147 2368 ἐνεργὸν,
1163 2332 1202 2364 ὼς
1220 2332 1315 2365 ἁπλῶς
1333 2333 1363 2360 δὲ
1391 2334 1539 2369 ἀρεσκείας
1556 2333 1709 2369 ἀνθρώπων
1725 2334 1759 2361 δι’
1775 2335 1827 2361 έπ-

1026 2379 1188 2414 ερωτήσεως
1198 2379 1460 2415 κατησφαλισμένας
1473 2379 1503 2406 τὸ
1518 2380 1628 2416 ἐνεργὸν
1638 2380 1828 2416 ἀποφέρεσθαι

1025 2425 1073 2452 καὶ
1099 2425 1148 2460 τὴν
1175 2424 1295 2452 παλαιὰν
1322 2425 1395 2461 ἔχειν
1414 2426 1575 2461 νομοθεσίαν
1594 2427 1641 2454 ὲπὶ
1666 2426 1771 2453 τούτων
1795 2427 1829 2453 τὸ

1026 2471 1136 2505 πάγιον.
1154 2471 1248 2507 Τούτῳ
1269 2472 1325 2507 γὰρ
1349 2472 1388 2508 τῷ
1406 2473 1500 2508 τρόπῳ
1526 2473 1573 2499 καὶ
1592 2474 1606 2500 ό
1635 2472 1829 2508 πρεσϐυγένης

1027 2518 1229 2554 φυλαχθήσεται
1244 2518 1327 2554 νόμος
1351 2519 1483 2554 ἀκέραιος
1503 2519 1540 2552 ὡς
1557 2520 1604 2547 ἐπὶ
1619 2519 1674 2546 τῶν
1690 2520 1828 2555 νηστειῶν

1027 2564 1058 2591 τὸ
1074 2564 1170 2600 πρώην
1185 2564 1357 2600 ἐξεφωνήθη.
1379 2565 1462 2601 Καὶη
1480 2565 1530 2600 τῆς
1552 2565 1664 2592 συνόδου
1677 2565 1828 2599 διάγνωσις

1026 2611 1125 2646 ἀθιγὴς
1148 2610 1263 2637 καθόλου
1290 2612 1338 2638 καὶ
1352 2611 1561 2647 ἀνεπιχείρητος
1585 2612 1828 2648 συντηρηθήσεται

1027 2657 1160 2693 νοουμένη
1177 2657 1224 2684 καὶ¹
1240 2657 1450 2694 ἑρμηνευομένη
1468 2658 1540 2685 κατά
1564 2657 1614 2694 τὴν
1630 2657 1750 2685 ἐνταῦθα
1770 2667 1827 2685 πα-

1029 2705 1190 2740 ρατήρησιν.
1211 2703 1290 2731 Ἐπεὶ
1302 2704 1330 2731 δὲ
1343 2705 1416 2732 οὕτω
1429 2704 1516 2732 ταῦτα
1534 2705 1582 2732 καὶ
1607 2705 1752 2740 μνηστείαι
1776 2705 1830 2740 μὲν

1027 2749 1138 2784 ἀληθεῖς
1157 2749 1338 2785 ἐτυπώθησαν
1362 2750 1424 2777 ὅσαι
1446 2750 1516 2786 μετὰ
1535 2751 1586 2786 τῆς
1607 2751 1684 2787 ἱερᾶς
1698 2750 1829 2784 εὐλογίας

1029 2795 1100 2823 κατά
1128 2795 1175 2823 τὸν
1206 2795 1360 2831 ὡρισμένον
1386 2796 1482 2832 καιρὸν
1505 2796 1829 2832 συντελεοεῖσαιγνωρί-

1029 2842 1132 2875 ζονται’
1149 2843 1178 2869 αι
1194 2842 1222 2869 δὲ
1240 2843 1312 2869 κατὰ
1327 2843 1377 2878 τὴν
1396 2842 1588 2878 πρεσϐυτέραν
1602 2841 1766 2877 νομοθεσίαν
1783 2850 1831 2875 για

1030 2888 1154 2924 νόμεναι,
1173 2888 1210 2921 ὡς
1227 2888 1377 2925 ἀνθρώπων
1392 2889 1503 2925 ἀρέσκει
1519 2887 1776 2924 κατησφαλισμέναι
1793 2887 1830 2914 δι’
