1951 3048
157 181 224 215 1181

652 184 898 217 NOMOCANON.
915 198 950 204 —
963 185 1044 220 ,TIT.
1065 186 1151 224 XIII,
1172 185 1251 217 CAP.
1272 187 1315 218 II.

1738 188 1806 223 1182

155 239 356 276 ὲπερωτήσεων
368 240 399 268 τὸ
410 240 522 277 ὲνεργὺν
537 240 610 277 ἔχειν
622 241 785 277 ἀφείθησαν.
801 242 856 268 Καὶ
872 240 943 277 μόνοι

1004 244 1095 268 autem
1133 245 1367 270 comtnemoratus
1398 243 1516 271 celebris
1551 243 1701 279 imperator
1731 250 1806 274 recte

153 286 169 312 ὁ
188 285 355 322 παλαιγενὴς
369 287 417 314 ὲπὶ
440 287 545 314 τούτων
571 287 672 322 ἀφείθη
686 287 770 322 νόμος
786 288 899 322 κρατεῖν
914 287 952 319 ὡς

154 331 297 367 ὡρισμένα
309 332 344 359 τὰ
357 333 539 368 κεκωλυμένα
561 333 608 360 ἐπὶ
618 333 669 369 τὴν
684 333 870 367 ἀποζυγεῖσαν
884 341 953 369 μνη-

154 378 222 413 στὴν
233 378 408 414 είσέρχεσθαι
420 379 555 415 πρόσωπα
570 379 712 412 διετάξατο
720 379 760 406 δεῖ
770 388 797 406 τι
810 378 952 415 προθεῖναι

153 423 203 450 καὶ
218 423 267 452 νῦν
289 425 330 460 τῷ
351 425 467 461 παρόντι
490 425 588 461 θέματι
609 426 660 461 τῆς
688 426 864 462 Χριστιανοϊς
883 435 952 460 πρε-

152 471 258 507 πῡύσης
272 473 422 509 εὐκοσμίας
445 474 584 509 ἐχόμενον·
607 474 669 501 ἐπεὶ
693 474 749 510 γὰρ
761 473 807 501 οὖν
820 473 892 502 κατὰ
905 475 952 502 τὸν

151 519 255 555 ἀκριϐῆ
271 520 318 546 καὶ
333 521 508 557 προσήκοντα
523 520 602 556 λόγον
616 521 650 548 τὰ
663 523 714 558 τῆς
730 522 847 553 παλαιᾶς
861 531 891 549 τε
904 522 952 550 καὶ

100 586 106 590 .
150 565 216 597 νέας
230 566 393 601 νομοθεσίας
407 567 570 602 ἐπράττετο.
593 568 664 594 Ἀλλ’
676 569 690 595 ὁ
706 568 756 603 μὲν
774 569 857 601 πολὺς
872 569 951 604 δχλος

149 611 200 646 τῆς
210 612 346 647 πρεσϐυτὲ
352 622 400 648 ρας
409 613 463 640 τῶν
473 614 563 648 νόμων
574 613 732 646 αὐθεντείας
742 614 869 650 ἐχόμενος
881 615 951 651 μετὰ

150 657 197 684 τὸν
213 658 333 694 ἑπταετῆ
349 659 445 694 χρόνον
459 659 658 695 τελεσιουργῶν
672 660 721 692 τὰς
735 660 881 696 μνηστείας
901 662 948 688 ἀν-

148 704 305 736 υποστόλως
314 705 446 740 ἐτύγχανε
458 706 505 732 καὶ
516 706 602 739 ἀδεῶς
616 707 661 733 ἐπὶ
670 706 719 740 τὰς
728 707 950 744 μνηστευομένας

149 750 312 786 είσήρχοντο
321 751 439 784 ἕκαστος
447 753 481 788 τῇ
497 754 606 789 συνεχεί
621 752 753 790 συνηθείᾳ
764 755 812 781 καὶ
824 755 862 791 τῷ
872 754 949 783 ἐλευ-

150 796 237 832 θερίῳ
261 797 311 832 τῆς
328 798 369 830 είς
387 798 497 833 ὁμιλίαν
512 798 622 826 συνόδου
642 799 672 826 τὺ
690 800 738 827 τοῦ
761 800 863 835 ἔρωτος
886 801 950 836 φλε-

145 843 263 877 γμαίνον
299 844 562 879 προσανακαίοντες.
586 845 617 872 'll
651 846 680 873 δὲ
706 846 840 882 ἱερωτέρα
869 847 949 883 μερὶς

1004 291 1127 321 secutus,
1144 287 1230 316 sancti
1255 288 1475 325 universalisque
1490 290 1560 318 sexti
1589 291 1697 319 consilii
1716 291 1803 329 [eum]

1003 340 1152 367 canonem,
1184 334 1232 369 qui
1256 343 1397 370 sponsam,
1421 336 1487 363 dum
1515 344 1633 371 sponsus
1657 338 1750 366 adhuc
1774 339 1804 367 in

1003 378 1075 407 vivis
1098 384 1150 412 est,
1179 387 1240 408 cum
1251 380 1305 408 alio
1332 381 1358 408 in
1374 381 1544 408 matrimonii
1576 383 1803 412 consuetudinem

1003 424 1077 452 coire
1093 426 1190 460 vetuit,
1217 426 1382 454 adulterium
1396 426 1480 464 [eam]
1496 435 1551 455 rem
1559 428 1645 466 [esse]
1659 431 1804 459 manifeste

1003 477 1151 500 statuens:
1181 481 1243 501 cum
1267 478 1361 509 aperta
1386 475 1486 503 veteris
1514 476 1804 513 legislcontrarietate

1001 518 1115 553 pulchre
1148 519 1316 547 conciliavit.
1345 520 1481 553 Quoniam
1506 521 1590 559 [quae]
1607 529 1667 558 post
1691 524 1804 552 benedi-

1002 563 1120 591 ctionem
1139 565 1250 599 sponsis
1276 565 1376 593 factam
1403 565 1570 604 [intervenit]
1599 569 1747 603 separatio,
1770 577 1802 597 ea

1003 608 1137 646 [demum]
1153 611 1305 638 secundum
1334 611 1394 646 ejus
1410 620 1505 640 vocem
1523 615 1663 648 justorum
1682 623 1800 650 sponsa-

1001 655 1101 684 liorum
1129 661 1171 684 est
1194 657 1306 685 solutio.
1338 657 1417 691 Quod
1440 659 1463 686 si
1489 661 1629 694 sponsalia
1668 662 1796 697 quaedam

1001 701 1152 730 secundum
1180 703 1329 731 multorum
1355 705 1581 733 consuetudinem
1621 713 1802 742 congruenter

998 748 1056 784 jam
1096 753 1236 777 contracta
1274 749 1387 783 fuerint,
1415 755 1443 778 et
1474 751 1656 781 instrumenta
1677 753 1800 781 conlecta

1001 794 1074 822 sint:
1091 795 1212 823 nondum
1238 801 1330 824 autem
1357 800 1489 824 statutum
1504 801 1621 831 tempus,
1638 806 1692 834 quo
1715 798 1796 827 Chri-

1000 840 1098 868 stianis
1113 841 1201 869 debita
1217 841 1373 870 benedictio
1396 842 1455 870 ﬁeri
1476 844 1630 876 consuevit,
1649 845 1799 879 advenerit,

145 888 197 923 τῆς
214 889 315 924 νεαρᾶς
338 889 387 916 τοῦ
411 890 545 925 βασιλέως
562 890 748 918 ἀκολουθοῦσα
759 892 873 928 διαταγῇ
891 892 943 920 δια-

1000 893 1089 921 neque
1116 887 1252 915 solemnes
1265 895 1347 923 super
1373 887 1554 924 desponsatas
1575 897 1670 924 preces
1685 898 1733 925 per
1756 898 1800 919 sa-

145 934 244 971 στολὴν
259 935 309 971 μὲν
327 937 478 971 μνηστείας
503 938 552 965 καὶ
575 938 666 977 γάμου
684 938 800 972 ἐτίθετο,
825 939 876 971 τὰς
898 939 946 967 ἐπὶ

144 981 203 1013 τοῖς
218 982 365 1018 μνήστροις
383 983 466 1018 εὐχὰς
481 984 602 1019 πρῶτον.
619 984 666 1010 καὶ
685 984 759 1012 οὕτω
779 985 827 1017 τὰς
845 986 892 1012 ἐπὶ
907 985 945 1022 τῷ

145 1026 229 1062 γάμῳ
244 1028 302 1058 τοῖς
318 1028 532 1064 συναπτομένοις
557 1029 714 1065 ἐπᾴδουσα,
732 1029 820 1058 ταῦτα
832 1030 861 1057 δὲ
876 1031 944 1058 ἐνω-

145 1072 236 1107 μένως
254 1072 312 1108 ἅμα
328 1074 374 1101 καὶ
390 1075 461 1102 κατά
476 1075 575 1102 ταυτὸν
593 1076 721 1109 ἐτελεῖτο,
745 1077 794 1103 καὶ
811 1077 945 1113 μνηστεία

145 1119 194 1145 καὶ
219 1119 316 1155 γάμοςὶ
330 1120 371 1148 ἑνὶ
384 1121 550 1157 διαστήματι
568 1123 778 1159 κατεπράττετο
798 1124 944 1159 ἀκαριαίου

143 1165 217 1198 τινὸς
245 1166 274 1193 έν
300 1166 340 1202 τῷ
366 1167 468 1202 μεταξὺ
499 1169 736 1204 συνεμπίπτοντος
765 1170 945 1207 διορθουμένη

143 1212 224 1239 τοῦτο
237 1212 276 1245 ὡς
291 1213 481 1247 ἀϐασανίστως
499 1215 652 1252 γινόμενον.
676 1216 851 1253 Ἰζὴμετέρα
868 1218 946 1244 εὐσέ-

144 1258 207 1285 ϐεια
218 1258 343 1292 θεσπίζει
354 1260 399 1287 διὰ
409 1260 457 1287 τοῦ
471 1261 604 1297 παρόντος
618 1262 730 1297 γενικοῦ
745 1263 944 1299 διατάγματος,

143 1304 178 1331 τὰ
194 1304 245 1339 μὲν
255 1305 326 1332 κατὰ
339 1307 385 1333 τὸν
399 1307 518 1343 ἑπταετῆ
533 1308 585 1335 τῶν
607 1308 820 1343 συμϐαλλόντων
837 1310 943 1346 χρόνον,

143 1351 193 1377 καὶ
205 1351 246 1382 είς
262 1351 308 1378 τὸν
323 1351 387 1387 ἑξῆς
400 1353 465 1389 ἄχρι
482 1353 530 1380 τοῦ
548 1354 578 1380 ιδ’
591 1354 607 1389 ἢ
627 1354 661 1390 ιβ’
674 1355 724 1390 τῆς
735 1355 843 1390 ἡλικίας
856 1357 944 1383 ἐνιαυ-

142 1395 191 1421 τοῦ
215 1396 346 1432 γινόμενα
361 1397 399 1429 ὡς
422 1399 452 1425 ὲν
470 1397 549 1434 τύπῳ
568 1399 717 1435 μνηστείας
741 1399 894 1435 συμϐόλαια
906 1400 944 1436 μὴ

143 1441 220 1474 τάξιν
235 1442 304 1474 ὅλως
327 1444 476 1479 μνηστείας
493 1445 608 1480 ἐννόμου
622 1445 668 1472 καὶ
682 1445 820 1481 ἀσφαλοῦς
835 1446 942 1481 ἀποφέ-

144 1487 241 1522 ρεσθαι
268 1487 329 1516 ἀλλ’
355 1489 394 1521 ὡς
418 1490 605 1527 ἑπερωτήσεις
632 1492 713 1527 μόνον
740 1492 944 1527 ὲσςραλισμένας

142 1534 286 1569 κρίνεσθαί
304 1544 335 1562 τε
352 1537 399 1564 καὶ
418 1538 541 1574 ἐνεργεῖν
558 1538 632 1566 κατὰ
652 1540 702 1575 τὴν
724 1539 806 1574 φύσιν
823 1540 878 1566 τῶν
894 1540 944 1567 ἄλ-

997 932 1135 960 eerdotem
1149 933 1333 968 pronuntiata:
1351 933 1470 961 fuerint:
1492 935 1548 962 haec
1559 935 1697 970 sponsalia
1708 944 1798 971 quan—

996 983 1057 1007 tum
1079 979 1113 1007 ad
1129 984 1254 1008 exactam
1280 981 1404 1009 ecclesiae
1425 982 1646 1010 dissertationcm
1665 982 1798 1019 [attinet],

995 1033 1085 1061 neque
1097 1034 1158 1054 esse
1170 1048 1177 1060 ,
1201 1035 1290 1063 neque
1304 1027 1357 1055 dici
1378 1028 1451 1064 justa
1480 1028 1621 1065 [possunt]
1631 1037 1719 1064 neque
1731 1038 1798 1058 vero

995 1072 1128 1100 adversus
1158 1072 1216 1100 haec
1243 1073 1382 1108 synodalis
1408 1075 1623 1102 commentarius
1644 1073 1794 1102 ellicaeiam

996 1119 1079 1147 habet
1097 1128 1104 1147 :
1136 1119 1183 1147 sed
1217 1125 1347 1155 tanquam
1365 1121 1506 1148 hominum
1521 1121 1618 1155 placita
1635 1122 1797 1156 simpliciter

999 1171 1048 1200 per
1074 1165 1266 1200 stipulationes
1293 1165 1465 1199 conﬁrmata,
1484 1167 1676 1194 auctoritatem
1691 1167 1796 1201 ferunt,

995 1216 1128 1246 vetusque
1145 1211 1278 1247 legislatio
1306 1212 1334 1239 in
1359 1212 1413 1240 illis
1435 1212 1592 1240 ﬁrmitatem
1603 1213 1717 1241 obtinet.
1736 1213 1795 1243 Hoc

994 1255 1068 1282 enim
1085 1261 1167 1291 pacto
1190 1265 1253 1284 cum
1269 1261 1378 1285 vetusta
1399 1257 1452 1291 lex,
1484 1266 1546 1293 quae
1559 1263 1639 1286 antea
1660 1259 1695 1286 de
1713 1267 1798 1295 spon-

994 1302 1098 1330 salibus
1138 1303 1310 1339 promulgata
1334 1308 1393 1338 est,
1433 1304 1536 1339 integra
1563 1306 1796 1334 conservabitur:

995 1351 1053 1375 tum
1069 1349 1168 1384 syuodi
1193 1349 1328 1384 judicium
1343 1351 1492 1378 secundum
1522 1351 1565 1379 hic
1584 1351 1725 1389 [positam]
1742 1353 1791 1380 ob-

994 1395 1177 1422 servationem
1195 1401 1221 1423 et
1242 1396 1408 1424 intellectum
1437 1401 1464 1424 et
1481 1397 1701 1432 interpretatum,
1721 1399 1797 1426 inta-

995 1445 1068 1468 ctum
1086 1445 1168 1474 atque
1177 1441 1341 1469 intentatum
1361 1442 1544 1470 custodietur.
1565 1443 1796 1479 Quandoquidem

994 1494 1060 1514 vero
1087 1487 1145 1515 haec
1171 1488 1204 1515 ad
1232 1488 1306 1516 hunc
1332 1489 1444 1517 modum
1476 1489 1659 1527 [constituta].
1682 1497 1709 1519 et
1739 1491 1798 1520 hac

994 1539 1059 1560 vera
1094 1531 1177 1569 [esse)
1208 1534 1347 1569 sponsalia
1376 1535 1518 1570 designata
1544 1540 1618 1570 sunt,
1642 1544 1705 1572 quae
1733 1545 1796 1566 cum

142 1578 455 1617 λωνέσυναλλαγμάτων,
474 1585 523 1611 καὶ
536 1584 622 1616 οὕτως
636 1585 706 1612 αὐτὰ
717 1585 795 1621 παρὰ
808 1587 875 1613 πᾶσι
889 1587 943 1619 τοῖς

996 1585 1076 1606 sacra
1103 1579 1302 1613 benedictione,
1336 1585 1498 1617 statutoque
1536 1586 1657 1618 tempOre
1686 1588 1797 1618 peracta

143 1625 189 1660 ὑφ’
200 1627 275 1662 ἡμᾶς
288 1628 479 1657 πολιτεύεσθαι
497 1629 543 1657 τοῦ
557 1631 674 1658 παλαιοῦ
688 1631 770 1666 νόμου
783 1631 820 1663 ὡς
831 1631 943 1659 ἐπὶτῶν

144 1674 299 1708 μνηστειῶν
312 1675 473 1712 ὲξεφωνήθη
487 1676 517 1704 τὸ
529 1677 641 1713 ἐνεργὸν
657 1678 697 1709 είς
711 1677 745 1705 τὰ
763 1678 943 1714 κεκωλυμένα

141 1721 190 1748 ἐπὶ
207 1721 258 1758 τὴν
282 1722 498 1757 ὰποζευχθείσαν
516 1724 640 1760 μνηστὴν
659 1725 833 1760 είσέρχεσθαι
857 1725 943 1761 πρόσ-

141 1775 205 1794 ωπα
243 1767 316 1803 ἔχειν
340 1768 495 1803 ὀφείλοντος
534 1770 626 1798 τέλεον
657 1771 701 1798 διὰ
730 1771 760 1798 τὸ
789 1772 944 1807 περιούσιον

142 1814 195 1849 τῆς
217 1815 295 1850 παρὰ
319 1815 492 1851 Χριπιανοῖς
517 1817 677 1852 πρεπούσης
714 1817 942 1854 ἐμπολιτεύεσθαι

141 1860 347 1893 καταστάσεως·
364 1862 389 1888 εί
412 1862 467 1898 γὰρ
490 1864 538 1890 καὶ
565 1865 603 1899 μὴ
628 1865 762 1899 μνηστεία
793 1864 853 1891 ἐστὶ
869 1864 942 1892 κατὰ

138 1905 170 1931 τὸ
199 1906 313 1942 ἀκριϐὲς
345 1908 455 1945 ἐντελὴς
479 1909 510 1936 τὸ
541 1910 685 1944 γινόμενον
725 1910 784 1937 ἀλλ’
804 1911 846 1937 ὄτι
879 1919 943 1937 axo-

139 1952 192 1977 ἐἴν
216 1950 288 1987 ἔχειν
303 1954 452 1988 μνηστείας
468 1954 543 1982 δοκεῖ
563 1956 594 1982 τὸ
616 1956 815 1992 πραττόμενον,
835 1957 882 1984 καὶ
897 1956 943 1984 θε-

143 1997 238 2032 μέλιον
255 1998 347 2034 γάμου
372 2001 650 2036 προκαταϐἀλλεσθσι
675 2002 790 2038 ἄρχεται
815 2002 882 2029 πολὺ
909 2003 942 2030 ἂν

140 2044 185 2078 εἴη
202 2044 315 2079 εὔλογον
329 2045 364 2072 τὰ
384 2046 566 2083 κεκωλυμένα
580 2048 621 2084 τῷ
641 2048 715 2084 νόμῳ
730 2048 876 2084 πρόσωπα,
893 2049 942 2076 καὶ

146 2090 225 2122 αὖθις
247 2090 320 2126 ἐχειν
334 2091 365 2118 τὸ
380 2092 506 2128 κώλυμα,
536 2094 585 2121 καὶ
613 2094 716 2130 μηδένα
741 2094 854 2130 θαρρεῖν
879 2103 942 2122 νεα-

139 2136 282 2171 νιεύεσθαι
306 2137 423 2170 ἀναιδῶς
447 2140 485 2172 ὡς
504 2139 544 2171 είς
560 2141 679 2175 γυναῖκα
705 2139 856 2176 λαμϐάνειν
872 2140 940 2167 ἁπο-

138 2183 244 2219 τολμᾷν
260 2183 295 2219 ἢν
318 2185 332 2211 ό
356 2184 472 2217 παλαιὸς
494 2185 577 2221 νόμος
596 2186 719 2222 μνηστήν
740 2194 815 2218 τινος
831 2186 941 2221 γινομέ-

139 2237 190 2264 νην
203 2229 254 2256 οὐκ
267 2230 373 2264 ἀφῆκεν
385 2230 471 2267 έτέρῳ
482 2231 621 2267 λυομένων
636 2232 689 2259 τῶν
704 2232 857 2268 μνηστείων
868 2231 941 2259 κατὰ

140 2276 232 2310 γάμον
254 2276 444 2312 συνέρχεσθαι.
475 2277 647 2313 Ἰκνουμένου
670 2278 764 2312 μέντοι
779 2278 827 2305 τοῦ
843 2279 938 2314 χρόνου

139 2321 169 2348 δν
184 2323 223 2354 εὶς
235 2323 384 2358 μνηστείαν
400 2324 520 2364 ἆμαικαὶ
534 2325 624 2360 γάμον
636 2324 770 2361 ἁρμόδιον
785 2323 856 2352 εἶναι
870 2334 940 2360 γνω-

139 2368 264 2404 ρίζομεν,
279 2369 364 2405 ἧγουν
388 2370 438 2405 τῆς
463 2370 514 2406 μὲν
538 2370 651 2406 θηλείας
669 2371 826 2406 δωδεκαετῆ
843 2370 940 2406 χρόνον

139 2415 348 2451 διατρεχούσης,
367 2416 414 2443 τοῦ
440 2416 555 2452 ἄρρενος
568 2417 596 2444 δὲ
608 2417 654 2444 τὸν
673 2417 940 2454 τεσσαρεσκαιδέκα-

138 2470 185 2489 τον
202 2462 415 2498 ὑπερϐαίνοντος
427 2483 436 2496 ,
456 2464 610 2500 τηνικαῦτα
626 2465 676 2500 τὴν
693 2465 844 2501 μνηστείαν
863 2464 940 2499 πρώ-

137 2515 192 2539 τως
206 2507 276 2542 μετὰ
291 2508 340 2542 τῆς
357 2509 434 2544 ίερᾶς
449 2509 504 2535 τῶν
529 2509 617 2545 εὐχῶν
642 2510 750 2546 ἐπῳδῆς
770 2510 939 2538 ἐκτελεῖσθαι

139 2553 187 2579 καὶ
215 2553 270 2580 τῶν
294 2555 418 2590 συνήθων
443 2555 531 2591 ταύτῃ
557 2557 779 2592 παρατηρήσεων
790 2556 875 2592 ἡγουν
891 2556 939 2583 τοῦ

138 2599 298 2634 ἁῤῥαϐὦνος
310 2600 356 2626 καὶ
371 2600 418 2627 τοῦ
428 2601 518 2635 φιλίου
531 2602 588 2632 τοῖς
604 2602 760 2637 μνηστῆρσι
772 2603 936 2638 φιλήματος,

139 2646 187 2673 καὶ
199 2645 270 2673 οὕτω
294 2646 418 2682 βραχέως
449 2648 465 2685 ἢ
495 2648 619 2680 πλείονος
636 2648 734 2684 καιροῦ
752 2649 939 2681 διαλείποντος

138 2692 230 2724 καθὼς
258 2692 292 2718 ἂν
317 2692 381 2730 δόξῃ
406 2695 463 2726 τοῖς
485 2695 715 2725 συναλλάττουσιν
737 2695 939 2730 ἁπαραιρὴτως

143 2739 191 2765 καὶ
202 2739 249 2765 τδν
266 2738 378 2775 ἔννομον
394 2740 483 2774 γάμον
494 2741 665 2777 προϐαίνειν,
675 2741 723 2767 καὶ
736 2742 774 2776 μὴ
789 2742 861 2768 κατὰ
874 2750 939 2768 ταυ-

137 2785 183 2810 τὸν
204 2785 363 2819 συμϐαίνειν
389 2786 418 2813 ὲν
445 2787 538 2823 ἡμέρᾳ
566 2788 616 2824 μιᾷ
645 2787 776 2819 πολλάκις
803 2788 851 2815 καὶ
877 2787 938 2823 ὥρᾳ

137 2833 311 2867 πραγμάτων
338 2832 511 2869 διῃρημένων
537 2835 570 2861 ἐκ
603 2834 724 2866 πλείονος
750 2835 934 2870 ἀποτέλεσμα.

138 2878 218 2905 Οὕτω
235 2878 289 2914 γὰρ
313 2879 362 2914 τῆς
377 2879 540 2911 ἀκολουθίας
557 2880 759 2917 προϐαινούσης
781 2881 810 2908 ὲν
835 2882 936 2916 γάμοις

137 2924 183 2951 ὅτε
199 2925 213 2951 ό
235 2925 348 2959 παλαιὸς
369 2927 451 2963 νόμος
468 2926 672 2964 φυλαχθήσεται
685 2928 723 2961 ὡς
735 2928 935 2964 κεκωλυμένων

994 1632 1056 1653 esse
1082 1630 1234 1653 noscuntur
1251 1634 1258 1653 :
1276 1634 1338 1661 qua:
1357 1635 1423 1654 vero
1443 1627 1595 1655 secundant
1608 1629 1794 1663 antiquiorem

993 1672 1194 1708 legislationem
1230 1671 1309 1705 ﬁunt,
1336 1672 1396 1710 [iis]
1425 1674 1498 1701 velut
1522 1674 1666 1702 hominum
1695 1675 1796 1709 placita

994 1718 1227 1753 stipulationibus
1244 1720 1419 1747 constabilita
1433 1720 1488 1747 vim
1509 1720 1621 1755 habt-rc,
1639 1727 1721 1757 atque
1740 1722 1796 1758 [in-

994 1763 1089 1801 super]
1115 1764 1166 1792 soli
1190 1765 1288 1800 priscae
1310 1765 1374 1801 legi,
1404 1773 1465 1801 quae
1491 1770 1581 1794 certas
1598 1774 1731 1801 personas
1760 1767 1795 1794 ad

993 1809 1147 1845 sejunctam
1172 1819 1304 1846 sponsam
1323 1811 1430 1847 ingredi
1449 1812 1603 1846 prohibitas
1629 1814 1793 1847 recensuit,

994 1857 1023 1885 in
1046 1857 1088 1885 his
1111 1857 1203 1885 valere
1225 1865 1388 1886 concessum
1399 1861 1462 1885 est:
1487 1858 1615 1893 quiddam
1642 1866 1704 1886 cum
1731 1867 1796 1887 con-

992 1904 1114 1932 venienti
1141 1904 1318 1937 Christianis,
1340 1905 1484 1933 honestate
1508 1905 1702 1941 coniunctum,
1726 1914 1795 1942 prae-

993 1951 1064 1979 senti
1083 1950 1196 1979 oraculo
1228 1958 1301 1979 nunc
1328 1951 1412 1978 etiam
1428 1951 1620 1986 addioportet.
1633 1951 1703 1985 Quia
1719 1953 1793 1980 enim

996 2005 1053 2025 non
1067 1998 1218 2025 secundum
1235 2002 1360 2026 exactam
1376 1999 1640 2035 convenientemque
1658 2001 1793 2028 rationem

993 2043 1092 2072 veteris
1108 2050 1240 2078 novteque
1250 2043 1427 2079 legislationis
1440 2043 1573 2081 [decreta]
1584 2046 1793 2081 peragebantur,

994 2091 1043 2118 sed
1069 2090 1260 2126 promiscuum
1281 2090 1379 2126 vulgus
1393 2091 1543 2126 antiquiori
1563 2092 1652 2128 legum
1669 2093 1791 2126 auctori-

994 2138 1044 2165 tati
1072 2137 1275 2169 adhatrescens,
1308 2142 1370 2171 post
1403 2138 1562 2172 septennale
1590 2142 1696 2173 tempus
1723 2139 1792 2167 citra

992 2184 1152 2212 dilationem
1194 2184 1334 2219 sponsalia
1357 2184 1524 2216 celebrabat,
1544 2192 1577 2212 ac
1607 2192 1657 2220 pro
1678 2185 1792 2213 arbitrio

991 2231 1109 2266 quisque
1135 2230 1169 2258 ad
1203 2230 1385 2266 desponsatas
1424 2230 1636 2266 ingrediebatur,
1659 2232 1790 2260 continua

992 2276 1190 2305 consuetudine
1207 2281 1292 2312 atque
1318 2276 1447 2304 libertate
1455 2277 1488 2304 ad
1503 2277 1641 2312 colloquia
1657 2284 1789 2313 congres-

992 2331 1041 2351 sus
1055 2323 1158 2352 amoris
1178 2323 1317 2350 ﬂammam
1345 2323 1498 2351 accendens
1516 2331 1523 2349 :
1538 2324 1674 2351 sacratior
1697 2328 1789 2352 autem

993 2377 1057 2405 pars
1076 2369 1210 2398 novellam
1242 2369 1416 2405 imperatoris
1429 2369 1581 2404 jussionem
1594 2375 1702 2404 secuta,
1717 2370 1790 2398 inter

993 2414 1134 2450 sponsalia
1154 2419 1182 2442 et
1197 2415 1308 2450 nuptias
1343 2415 1550 2443 distinctionem
1568 2415 1700 2450 ponebat,
1733 2415 1791 2450 pri-

992 2469 1067 2489 mum
1078 2469 1172 2497 preces
1197 2461 1385 2497 sponsalitias,
1409 2468 1443 2500 ac
1473 2461 1571 2489 deinde
1599 2461 1790 2489 matrimonia-

991 2507 1031 2535 les
1044 2508 1249 2543 coniungendas
1284 2506 1436 2535 accinens:
1469 2510 1552 2542 atque
1584 2506 1660 2543 [inde
1692 2506 1787 2543 etiam]

991 2553 1160 2588 conjunctim
1173 2552 1266 2581 .simul
1282 2556 1309 2580 et
1320 2551 1416 2580 eodem
1433 2550 1582 2588 [tempore]
1615 2551 1725 2586 quando
1747 2550 1788 2578 ἰη-

992 2604 1065 2628 terea
1081 2598 1147 2635 [vel]
1185 2598 1330 2626 minimum
1357 2597 1488 2633 quiddam
1515 2597 1659 2629 incideret,
1691 2597 1787 2625 isthatc

990 2645 1211 2681 perticiebantur,
1229 2650 1256 2673 ct
1285 2645 1424 2680 sponsalia
1453 2644 1611 2680 nuptizeque
1649 2651 1703 2671 uno
1729 2642 1788 2679 [co-

989 2692 1110 2727 demque
1134 2691 1277 2728 temporis]
1303 2691 1391 2727 spatio
1409 2691 1610 2726 peragebantur
1630 2699 1638 2718 :
1655 2689 1709 2717 hoc
1725 2694 1787 2717 tan-

989 2746 1072 2774 quam
1090 2738 1150 2767 sine
1164 2738 1358 2774 disquisitione
1377 2737 1434 2771 ﬁat,
1467 2741 1563 2765 nastra
1589 2736 1675 2771 pietas
1694 2735 1785 2763 corri-

989 2793 1067 2821 gens,
1082 2793 1131 2821 per
1153 2790 1316 2821 praesentem
1336 2782 1655 2820 generalemjussionem
1683 2782 1783 2813 sancit.

990 2833 1044 2870 [ut]
1061 2833 1109 2869 qui
1124 2833 1157 2861 ad
1177 2841 1278 2860 annutn
1294 2831 1516 2860 contralxentium
1529 2829 1688 2864 septimum,
1700 2828 1784 2856 etde-

988 2881 1083 2916 inceps
1094 2888 1181 2916 usque
1193 2879 1226 2908 ad
1238 2879 1374 2908 decimum
1387 2881 1514 2913 quartum
1533 2874 1781 2903 autduodecimum

988 2927 1062 2956 velut
1094 2926 1250 2962 imaginarii
1279 2925 1481 2962 sponsaliorum
1507 2927 1666 2952 contractus
1686 2923 1756 2950 ﬁunt
