1948 3070
157 185 227 220 1183

155 243 342 279 legitimorum
358 243 555 280 armorumque
568 242 771 279 sponsaliorum
794 244 884 272 vicem
898 252 951 272 non
966 245 992 275 Α

157 290 298 318 obtineant
315 298 322 317 :
337 290 383 318 sed
400 290 500 318 saltem
520 294 653 325 tanquam
683 290 852 318 conﬁrmata:
866 290 954 325 stipu-

158 335 276 364 lationes
286 336 538 371 liabeantnr,atque
552 335 701 363 secundum
713 336 830 363 aliorum
845 341 955 367 contra-

159 387 253 409 ctuum
282 387 410 410 naturam
430 386 581 417 operentur
592 402 601 410 .
618 381 653 408 Et
670 382 704 409 ad
718 383 790 410 hunc
816 381 954 419 [quidem]

158 427 271 456 modum
280 429 351 463 apud
361 436 456 456 omnes
466 428 593 456 subditos
608 432 717 456 nostros
732 428 777 456 illa
793 429 954 457 obtineant:

161 473 204 509 [ut
231 478 321 502 tamen
343 474 465 510 interim]
481 480 559 502 vetus
581 475 636 508 lex,
656 483 718 510 quae
746 475 957 511 desponsalibus

157 520 331 556 promulgata
353 525 405 554 est,
431 521 459 548 in
484 529 617 554 personas
644 523 677 550 ad
694 521 848 557 seiunctam
868 531 957 558 spon-

160 574 219 594 sam
236 567 341 602 ingredi
357 567 522 602 prohibitas,
557 569 665 602 plenam
691 569 839 597 efﬁcaciam
855 569 958 599 habere

159 611 363 648 debeatzidque
377 621 432 648 qun
440 613 489 650 [is]
500 619 586 642 status
601 622 682 650 quem
699 615 725 642 in
737 615 957 648 Christianorum

159 657 300 692 republica
326 658 420 694 vigere
447 659 598 691 convenit,
627 664 805 695 augmentum
830 660 957 695 accipiat.

159 703 228 731 Nam
248 705 356 733 tametsi
374 705 417 739 ea}
433 713 477 734 res
490 707 642 734 secundum
658 711 783 734 exactam
810 707 957 740 rationem,

162 753 284 787 perfecta
316 753 455 789 sponsalia
484 761 539 782 non
565 755 639 783 siut:
657 760 780 784 attamen
799 756 862 791 quia
880 755 957 791 quod

161 799 260 833 agitur,
278 799 480 834 sponsaliorum
506 801 674 836 propositum
708 802 810 833 habere
837 802 957 836 videtur,

164 849 248 880 atque
259 845 323 874 inde
350 846 509 881 nuptiarum
538 846 748 876 fundamentum
763 848 820 883 jaci
839 849 958 884 incipit:

162 898 261 927 magna
281 891 406 927 profecto
428 893 498 921 ratio
511 898 564 925 est,
590 894 770 928 quamobrem
790 902 806 921 a
820 895 880 930 lege
895 903 960 931 pro-

163 936 258 965 hibita:
280 945 406 972 personae
444 938 544 966 iterum
571 939 766 974 impediantur,
787 940 879 977 [adeo]
905 948 960 976 que
975 939 997 967 Β

165 989 247 1011 nemo
265 983 440 1018 impudenter
453 985 563 1019 procari
583 991 743 1020 przesumat,
766 992 797 1014 ut
809 987 835 1014 in
848 995 961 1016 uxorem

162 1035 306 1056 assumere
322 1029 432 1063 audeat,
447 1038 530 1065 quam
545 1036 621 1060 vetus
647 1032 690 1060 lex
701 1040 832 1067 sponsam
845 1033 961 1069 alicujus

163 1072 277 1105 (actam,
299 1074 443 1110 diremptis
473 1077 648 1111 sponsalibus
668 1078 696 1105 in
717 1078 832 1106 alterius
848 1087 960 1107 manum

163 1119 311 1147 convenire
349 1128 405 1149 non
440 1120 558 1149 sinebat.
601 1122 795 1151 Verumtamen
837 1125 884 1153 ubi
911 1124 961 1162 [id]

164 1169 274 1200 tempus
297 1167 449 1201 advenerit,
472 1169 545 1203 quod
556 1170 734 1204 sponsalibus
763 1170 846 1198 simul
861 1176 888 1199 et
910 1179 961 1199 uu—

166 1211 232 1246 ptiis
265 1213 412 1241 convenire
432 1214 618 1249 judicavimus
649 1215 733 1253 [ubi];
745 1224 841 1251 nempe
861 1218 963 1246 femina

166 1257 362 1286 duodecimum
400 1268 515 1294 annum,
547 1263 688 1291 masculus
726 1271 792 1293 vero
825 1265 962 1293 decimum

165 1309 296 1339 quartum
332 1306 506 1342 excesserit),
540 1313 607 1336 tunc
635 1309 662 1336 in
698 1310 803 1344 primus
826 1311 963 1346 sponsalia

168 1349 348 1379 decantandis
377 1354 465 1381 sacris
480 1355 619 1388 precibus,
649 1355 816 1392 illorumque
832 1344 969 1386 solemni-l

168 1397 221 1425 bus
252 1397 345 1433 (arrlta
372 1399 511 1434 videlicet,
526 1406 673 1437 igratnque
691 1403 864 1438 desponsatis
881 1413 963 1434 oscu-

168 1443 206 1478 lo)
229 1445 409 1473 observandis
424 1447 602 1481 perﬁciantur
617 1458 624 1476 :
645 1455 728 1485 atque
744 1451 843 1479 deinde
865 1451 964 1487 exiguo

170 1490 328 1525 longiorcve
377 1495 512 1528 tempore,
551 1495 690 1529 quomodo
735 1497 964 1526 contrahentibus

169 1537 263 1566 visum
292 1536 386 1572 fuerit,
402 1538 570 1573 intermisso,
586 1540 655 1569 citra
681 1543 882 1571 recusationem
899 1543 965 1579 legi-

170 1584 246 1612 timae
261 1585 344 1613 etiam
362 1586 465 1621 nuptis:
479 1587 628 1621 procedant
641 1597 648 1615 :
670 1596 724 1617 non
737 1595 831 1618 autem
848 1590 964 1618 multum

170 1631 257 1669 [inter
278 1633 320 1670 se]
361 1633 508 1670 disiunctae
531 1642 576 1663 res
601 1636 684 1664 simul
711 1645 767 1664 uno
789 1637 845 1670 die,
864 1642 893 1666 et
913 1637 1001 1674 [ut]C

170 1687 244 1715 saepe
262 1679 332 1717 [ﬁeri
355 1682 435 1716 solet,
457 1682 523 1719 una]
550 1682 618 1711 hora
642 1684 768 1712 etfectum
800 1684 962 1714 sortiantur.

170 1726 274 1756 Taliter
289 1729 362 1757 enim
378 1731 475 1759 ordine
496 1731 523 1761 in
537 1732 645 1766 nuptiis
658 1732 833 1767 procedente,
847 1740 909 1759 cum
922 1732 966 1760 lex

171 1778 260 1808 vetus,
275 1783 338 1810 qua:
372 1777 574 1812 probibitarum
597 1785 780 1813 personarum
811 1778 967 1813 catalogum

170 1820 246 1854 fecit,
269 1822 324 1850 illis
344 1831 401 1851 non
424 1826 586 1860 permittens
607 1825 643 1853 ad
658 1825 813 1860 sejunctam
842 1830 966 1860 cognatas

170 1874 296 1902 personae
311 1876 439 1904 sponsam
463 1871 580 1907 ingredi,
600 1871 816 1900 observabitur:
834 1876 891 1899 tum
920 1878 964 1899 sa-

175 1913 344 1948 pientisslmi
371 1915 547 1952 imperatoris
569 1918 676 1946 novella
696 1918 785 1956 jussio
816 1917 915 1946 decore
940 1917 968 1945 in

171 1961 302 1990 omnibus
322 1967 350 1991 et
378 1963 469 1992 valere
480 1970 508 1993 et
527 1965 556 1993 in
576 1965 716 2001 republica
751 1965 876 1994 obtinere
897 1973 967 1993 eon-

172 2008 334 2044 spicietur:
363 2011 455 2048 [quin]
483 2017 511 2041 et
550 2014 747 2043 contrahentes
779 2023 906 2050 personae
932 2015 968 2043 ab

173 2054 374 2091 intempestivis
401 2062 429 2086 et
439 2059 576 2088 indecoris
588 2060 795 2096 {congressibus
821 2061 968 2094 coercitas,

173 2106 276 2130 castam
308 2104 390 2132 vitam
405 2105 515 2139 ducent.
532 2112 688 2141 opportuno
709 2112 843 2142 tempore,
858 2108 969 2143 quando

174 2147 313 2180 sponsalia
335 2149 501 2185 nuptiasque
517 2151 584 2185 ipsis
606 2151 703 2186 perlici
722 2152 876 2185 conveniet,
906 2159 970 2179 cum

174 2199 254 2220 sacra
268 2193 442 2224 invocatione
457 2196 575 2224 invicem
587 2205 785 2233 congressum.
793 2198 870 2231 Quod
877 2199 900 2226 si
910 2198 972 2233 quis

174 2242 270 2266 contra
300 2244 385 2275 atque
411 2241 537 2275 praesenti
566 2242 695 2277 potentia
714 2247 816 2270 nostra:
836 2242 972 2270 constitu-

175 2283 253 2312 tione
265 2285 434 2320 probibitum
446 2291 498 2321 est,
516 2289 654 2323 sponsalia
665 2288 803 2318 conﬁtere
816 2295 970 2323 praasump-

174 2330 253 2363 serit,
292 2339 382 2368 neque
401 2333 459 2362 haec
483 2335 650 2370 generaliter
664 2338 701 2362 ret
722 2335 855 2362 adversus
874 2341 971 2362 omnes

177 2378 361 2414 promulgata,
388 2387 449 2415 qua:
465 2381 493 2408 in
518 2387 659 2417 posterum
674 2381 798 2409 obtinere
813 2381 924 2414 debent,
937 2382 972 2410 ab

178 2425 247 2460 ipsis
261 2424 393 2454 Kalendis
417 2427 539 2455 ineuntis
560 2427 663 2454 mensis
688 2425 765 2460 Julii,
800 2427 928 2455 instantis
956 2427 973 2454 7

178 2472 347 2506 indictiouis,
382 2473 522 2510 anniﬂab
555 2473 622 2501 orbe
635 2473 758 2509 condito]
783 2473 864 2507 6592,
894 2473 973 2508 sequi

179 2518 256 2546 visus
279 2519 373 2552 fuerit,
408 2523 437 2548 et
463 2524 526 2548 ante
551 2520 703 2556 legitimum
724 2525 831 2554 tempus
851 2527 974 2556 sacram:-

179 2573 234 2600 que
257 2565 475 2596 benedictionem
484 2555 588 2602 iarrbas
607 2567 707 2602 pacisci
717 2566 799 2594 fuerit
814 2555 976 2598 aususfau‘t

178 2613 261 2641 etiam
296 2614 324 2641 in
363 2619 492 2642 mutuum
534 2620 711 2650 coospectum
745 2613 973 2641 contrahentibus

179 2661 305 2696 personis
320 2662 479 2696 convenire,
502 2666 583 2697 atque
599 2662 671 2689 inter
685 2669 714 2689 se
730 2660 849 2697 [omnia]
869 2660 974 2695 promi-

182 2716 247 2737 scua
265 2709 366 2737 habere
388 2709 544 2745 permiserit
559 2709 688 2737 :tabellio
704 2709 749 2743 qui
763 2707 976 2736 arrhabonicum

180 2760 352 2784 contractum
361 2755 566 2791 conscripserit,
575 2763 589 2782 a
597 2764 646 2783 sua
654 2755 771 2783 statione
779 2754 975 2786 removebitur,

181 2803 227 2837 qui
238 2810 302 2830 vero
312 2807 375 2830 ante
389 2808 496 2838 tempus
506 2802 644 2838 sponsalia
655 2801 837 2834 confecerint,
850 2801 977 2829 humana:

184 2849 338 2884 divinaque
363 2850 412 2877 ira:
453 2857 484 2877 se
508 2849 644 2876 obnoxios
663 2848 852 2876 reddiderunt.
880 2846 977 2874 Fiscus

185 2902 305 2930 namque
331 2901 442 2931 propter
478 2896 622 2931 praesentis
635 2895 765 2930 jnssionis
789 2898 977 2929 contemptum

188 2947 235 2972 per
263 2948 354 2969 rerum
377 2942 592 2971 domesticarum
613 2941 789 2971 secretarium
805 2940 922 2977 positam
944 2946 978 2968 ex

765 186 898 217 PHOTII
918 186 1172 217 PATRIARCHE
1192 187 1246 218 CP-

1733 185 1805 217 1184:

1005 244 1160 281 προσώπων
1175 244 1367 281 ἀπαρίθμησιν
1379 244 1531 276 ἐποιήσατο
1555 245 1594 281 μὴ
1613 244 1700 280 ἐφιεὶς
1717 245 1806 272 ταῦτα

1006 292 1045 323 εἰς
1064 291 1113 326 τὴν
1125 290 1343 326 ἀποζευχθεῖσαν
1358 291 1482 326 μνηστὴν
1492 290 1540 317 τοῦ
1554 290 1711 325 ἐγγίζοντος
1722 299 1807 326 προσ.

1006 337 1082 364 ώπου
1100 337 1284 373 είσέρχεσθαι,
1297 337 1343 364 καὶ
1355 336 1386 363 τὸ
1403 336 1499 373 νεαρὸν
1520 336 1568 364 τοῦ
1581 336 1807 372 φιλοσοφωτάτου

1006 384 1077 412 διάτ.
1093 384 1217 420 κοσμίως
1228 385 1257 410 ὲν
1268 384 1355 411 ἅπασι
1372 383 1444 416 δόξει
1463 383 1584 419 κρατοῦν
1601 384 1648 411 καὶ
1663 383 1808 410 πολιτευό-

1009 439 1101 466 μενον,
1126 430 1222 458 καὶτὰ
1240 430 1431 466 συμϐάλλοντα
1456 429 1594 466 πρόσωπα
1623 430 1677 457 τῶν
1706 430 1808 465 ἀώρων

1009 477 1143 513 ἀπρεπῶν
1162 476 1325 511 κωλυόμενα
1344 476 1528 503 συνελεύσεων
1544 475 1711 510 ἀγνεύουσαν
1727 475 1808 510 ποιή-

1010 532 1102 550 σονται
1119 523 1169 559 τὴν
1184 522 1358 558 ἀναστροφὴν
1376 523 1405 550 ὲν
1427 522 1530 558 εὐθέτῳ
1543 521 1632 557 καιρῷ
1653 521 1713 557 μεθ’
1730 521 1808 556 ίερᾶς

1009 569 1182 605 ἐπικλήσεως
1195 570 1234 602 εἰς
1247 569 1350 605 ἄλληλα
1365 569 1564 604 συνερχόμενα.
1586 568 1720 603 Ὀπηνίκα
1736 567 1763 594 δὲ
1788 567 1807 602 ἦ

1010 617 1159 652 μνηστείαν
1185 616 1233 642 καὶ
1260 615 1349 650 γάμον
1370 615 1462 646 αὐτοῖς
1476 613 1701 650 καταρτίζεσθαι,
1718 612 1766 639 καὶ
1782 612 1810 638 εῐ

1008 671 1051 694 τις
1063 662 1139 698 παρὰ
1154 661 1190 689 τὰ
1203 661 1406 698 διηγορευμένα
1424 662 1458 697 τῇ
1477 660 1602 696 παρούσῃ
1627 659 1674 686 τοῦ
1690 660 1808 695 κράτους

1009 709 1089 746 ήμῶν
1110 709 1181 736 διάτ.
1200 708 1349 745 μνηστείας
1373 707 1506 745 τολμήσει
1527 706 1733 742 διαπράξασθαι
1758 705 1808 733 καὶ

1011 755 1049 792 μὴ
1078 755 1192 786 ταύταις
1215 754 1336 789 γενικῶς
1351 753 1422 781 κατὰ
1455 753 1565 780 πάντων
1589 751 1810 787 ὲκφωνηθείσαις

1010 805 1058 833 καὶ
1073 805 1113 837 εἰς
1129 804 1160 831 τὸ
1179 803 1245 839 ἑξῆς
1260 803 1435 838 ὀφειλούσαις
1449 803 1564 838 κρατεῖν
1582 802 1680 837 φανείη
1704 801 1810 836 ἑπόμε-

1009 861 1054 884 νος
1070 851 1119 879 ἀπ’
1133 851 1220 886 αὐτῆς
1230 850 1280 886 τῆς
1294 849 1319 877 α’
1344 849 1452 885 ἡμέρας
1466 849 1514 876 τοῦ
1533 849 1648 876 εἰσιέναι
1665 847 1811 883 μέλλοντος

1017 897 1127 925 Ἰουλίου
1161 897 1246 933 μηνὸς
1268 896 1318 932 τῆς
1335 895 1490 931 ἐνεστώσης
1511 894 1534 928 ζ’
1551 895 1740 930 ὲπινεμήσεως
1755 892 1810 927 ζτοῦ

1013 943 1100 981 ςφίιβ¹
1115 944 1193 976 ἔτους
1213 944 1263 970 καὶ⁴
1289 942 1454 979 ἀρραϐῶνας
1481 941 1535 977 πρὸ
1550 940 1598 969 τοῦ
1614 939 1813 975 νενομισμένου

1013 992 1061 1020 καὶ
1074 991 1124 1026 τῆς
1138 991 1214 1027 ἱερᾶς
1230 987 1357 1024 εὐλογίας
1371 988 1503 1024 τολμήσει
1514 986 1716 1023 διαπράξασθαι
1733 986 1750 1022 ἢ
1763 985 1813 1012 καὶ

1013 1038 1053 1071 εἰς
1074 1038 1139 1065 θέαν
1169 1036 1295 1072 ἀλλήλοις
1325 1036 1422 1070 ἐφήσει
1449 1034 1484 1061 τὰ
1512 1032 1731 1060 συναλλάσσοντα
1752 1039 1815 1058 συν-

1013 1085 1124 1121 έχεσθαι
1141 1083 1278 1120 πρόσωπα
1298 1083 1346 1110 καὶ
1361 1080 1523 1117 ἀδιαφορίαν
1539 1080 1612 1116 ἔχειν
1635 1081 1664 1107 ὲν
1677 1079 1783 1111 αὐτοῖς,
1799 1078 1815 1105 ό

1015 1131 1066 1166 μὲν
1085 1129 1345 1165 συμϐολαιογράφος
1361 1129 1375 1156 ὁ
1390 1127 1421 1154 τὸ
1434 1125 1627 1163 ἀρῥαόωνικδν
1645 1124 1814 1160 συμϐόλαιον

1013 1176 1192 1212 ἐκτιθέμενος
1210 1176 1261 1210 τῆς
1285 1175 1353 1207 ἰδίας
1376 1173 1524 1205 στατιῶνος
1549 1171 1814 1207 μετακινηθήσεται,

1013 1225 1039 1251 οἱ
1052 1223 1082 1251 δὲ
1099 1223 1149 1259 τὴν
1163 1224 1314 1259 μνηστείαν
1331 1220 1385 1256 πρὸ
1414 1219 1489 1256 ὥρας
1514 1217 1750 1254 κατεργαζόμενοι
1765 1218 1816 1244 ἀν-

1017 1269 1148 1306 θρωπίνῳ
1161 1269 1208 1296 καὶ
1221 1268 1288 1303 θείῳ
1310 1267 1430 1294 ἴστωσαν
1455 1265 1572 1297 ἑαυτοὺς
1589 1263 1815 1300 ἐνοχοποιοῦντας

1017 1317 1163 1353 μηνίματι.
1193 1315 1223 1343 '0
1251 1315 1302 1350 μὲν
1323 1314 1455 1350 δημόσιον
1472 1313 1517 1340 διὰ
1541 1311 1589 1339 τοῦ
1609 1311 1740 1347 σεκρέτου
1756 1309 1817 1336 τῶν

1015 1362 1161 1391 οἰκειανῶν
1173 1362 1205 1389 τὸ
1219 1363 1276 1394 τοῖς
1291 1360 1468 1396 συμϐολαίοις
1479 1358 1640 1394 ἐγκείμενον
1661 1356 1692 1390 ἐξ
1706 1357 1815 1392 ἐπερω-

1015 1411 1122 1446 τήσεως
1148 1410 1301 1444 πρόστιμον
1329 1407 1371 1442 ἐφ’
1388 1407 1496 1441 ἑκάστῳ
1522 1405 1613 1433 αὐτῶν
1633 1403 1815 1439 εἰσπράξεται

1020 1458 1078 1485 καθ’
1091 1456 1239 1491 ὁλόκληρον
1250 1455 1295 1482 διὰ
1305 1456 1355 1490 τὴν
1367 1453 1415 1481 τοῦ
1434 1452 1570 1488 παρόντος
1586 1451 1656 1480 διάτ.
1678 1450 1815 1486 περιφρό-

1018 1512 1095 1538 νησιν
1109 1500 1275 1536 πιστεύομεν
1285 1500 1379 1527 ﬁlim].
1394 1498 1476 1526 αὐτὸν
1489 1497 1534 1525 τδν
1547 1497 1615 1524 Θεὸν
1626 1496 1697 1524 κατὰ
1709 1496 1815 1523 τούτων

1017 1546 1307 1582 διαναστήσεσθαιότι
1328 1544 1463 1580 πονηρίαν
1485 1543 1557 1571 κατὰ
1582 1542 1744 1578 προαίρεσιν
1767 1541 1816 1569 ἄν·

1020 1604 1115 1632 τικρυς
1131 1594 1178 1621 ἐπὶ
1193 1593 1277 1629 μέσον
1293 1592 1348 1620 τῶν
1362 1591 1431 1618 νέων
1448 1590 1607 1624 εἰσαγαγεῖν
1625 1589 1676 1616 οὐκ
1691 1588 1815 1624 ὲνάρκη-

1019 1651 1080 1670 σαν.
1098 1641 1131 1668 Εἰ
1151 1639 1200 1676 μὲν
1223 1639 1277 1675 γὰρ
1292 1639 1307 1666 ὁ
1323 1637 1438 1669 παλαιὸς
1464 1636 1548 1671 νόμος
1566 1635 1597 1662 οὐ
1621 1635 1816 1669 κατήργηται,

1018 1689 1066 1717 καὶ
1083 1686 1231 1723 μνηστείας
1246 1685 1354 1716 τελείας
1379 1683 1410 1711 οὑ
1427 1683 1541 1710 δύναται
1569 1680 1815 1716 καταπράξασθαι.

1018 1735 1059 1762 Τὰ
1079 1734 1108 1762 δὲ
1124 1734 1174 1768 τῆς
1188 1732 1325 1767 νεωτέρας
1339 1729 1502 1766 νομοθεσίας
1516 1729 1556 1759 εἰς
1571 1727 1651 1763 ἔργον
1668 1726 1818 1761 ἐξαγαγεῖν

1019 1782 1045 1808 οἱ
1070 1778 1302 1809 συναλλάσσοντες
1319 1774 1500 1804 ἁπαναίνοντί
1525 1782 1551 1800 τι
1577 1773 1641 1800 ἄλλο
1658 1771 1782 1799 ποιοῦσιν
1798 1771 1817 1808 ἢ

1018 1826 1178 1863 ἀνθρώπους
1195 1825 1271 1852 οὐδὲν
1287 1823 1414 1858 ἀλλήλοις
1430 1821 1501 1849 κατὰ
1511 1821 1611 1856 νόμους
1623 1819 1818 1854 προσήκοντας

1019 1874 1126 1904 ἑαυτοῖς
1155 1869 1327 1906 συγχωροῦσι
1352 1869 1428 1904 παρὰ
1440 1869 1485 1895 τὸν
1499 1867 1581 1902 νόμον
1597 1863 1819 1901 συμφθείρεσθαι

1020 1920 1125 1956 ἔρωτας
1142 1918 1267 1953 ἀσελγεῖς
1282 1917 1342 1948 ταῖς
1355 1914 1410 1943 τῶν
1427 1914 1496 1942 νέων
1510 1913 1611 1949 ψυχαῖς
1622 1911 1667 1938 διὰ
1680 1911 1731 1946 τῆς
1743 1910 1822 1938 ἀνίε-

1021 1974 1068 2002 ρου
1091 1961 1325 1998 κατεργαζόμενοι
1343 1958 1578 1994 ωναναστροφῆς.
1597 1956 1736 1988 Ὡσαύτως
1763 1957 1821 1983 ἀπ-

1020 2011 1103 2048 ελύθη
1118 2011 1165 2037 καὶ
1177 2008 1259 2045 ἑτέρα
1272 2006 1420 2044 πρόσταξις
1433 2005 1481 2033 τοῦ
1499 2003 1580 2032 αὑτοῦ
1597 2003 1729 2039 βασιλέως
1738 2003 1822 2038 χάριν

1019 2059 1070 2095 τῆς
1082 2057 1169 2092 αὐτῆς
1182 2054 1346 2091 νομοθεσίας
1366 2052 1438 2080 οὕτω
1452 2051 1594 2085 δυνάμεως
1607 2049 1719 2084 ἔχουσα,
1734 2048 1817 2095 ἴσμεν

1021 2103 1094 2131 κατὰ
1109 2103 1178 2137 τὸν]
1185 2101 1295 2129 Ἰούλιον
1313 2100 1386 2136 μῆνα
1406 2099 1455 2134 τῆς
1469 2100 1488 2124 ε’
1506 2095 1663 2127 ινδικτιόνος
1674 2094 1720 2122 ταῖαὖ
1739 2103 1759 2127 ς
1762 2094 1822 2129 (Plx?

1022 2150 1099 2182 ἔτους
1114 2148 1348 2185 νομοθετήσαντες
1365 2144 1432 2182 περὶ
1444 2144 1536 2179 γάμου
1555 2151 1585 2169 τε
1601 2142 1649 2169 καὶ
1670 2141 1822 2177 μνηστείας

1021 2197 1073 2224 ὃσα
1089 2197 1123 2232 τῇ
1142 2204 1173 2222 τε
1194 2193 1307 2229 τοιαύτῃ
1332 2191 1480 2227 νομοθεσίᾳ
1505 2189 1553 2216 καὶ
1570 2189 1603 2224 τῇ
1627 2187 1755 2222 ἀναφορᾷ
1771 2194 1821 2212 πε-

1026 2242 1195 2279 ριείληπται,
1212 2239 1374 2267 καὶτούτων
1395 2238 1471 2265 οὐδὲν
1487 2235 1711 2272 παρακινηθῆναι
1727 2234 1824 2270 ἀνεχόο

1027 2289 1107 2324 μεθα,
1136 2287 1204 2315 ἀλλὰ
1230 2286 1321 2322 μένειν
1346 2283 1574 2320 ἀπαρεγχείρητα
1600 2281 1752 2318 βουλόμεθα
1774 2281 1824 2307 καὶ

1026 2333 1194 2363 ἀναλλοίωτα
1209 2334 1292 2369 μέχρι
1317 2332 1429 2364 παντὺς,
1448 2331 1496 2358 καὶ
1510 2330 1561 2366 τήν
1575 2338 1606 2356 τε
1629 2329 1758 2356 σύστασιν
1773 2328 1825 2362 τῆς

1028 2381 1176 2417 μνηστείας
1203 2379 1249 2407 καὶ
1273 2378 1320 2406 τοῦ
1337 2377 1427 2413 γάμου
1443 2377 1538 2412 ὥσπερ
1560 2376 1670 2411 εἴρηται
1687 2374 1824 2410 γίνεσθαι,

1026 2428 1072 2455 τόν
1095 2436 1125 2454 τε
1150 2428 1246 2462 χρόνον
1272 2425 1418 2461 τηρεῖσθαι
1448 2424 1677 2458 ἀκαινοτόμητον,
1704 2424 1753 2448 καὶ
1768 2421 1824 2449 τῶν

1028 2473 1276 2510 συναρμοζομένων
1292 2473 1348 2500 τῶν
1376 2472 1426 2507 μὲν
1448 2472 1503 2498 τῶν
1522 2471 1551 2498 ιδ’
1575 2470 1645 2497 ὲτῶν
1671 2468 1743 2496 εἶναι
1760 2469 1824 2504 μεί-

1027 2522 1102 2554 ζονα,
1115 2521 1163 2556 τὴν
1174 2521 1204 2548 δὲ
1215 2520 1270 2547 τῶν
1282 2519 1315 2555 ιβ’
1330 2519 1392 2546 ἐπεὶ
1403 2519 1431 2546 δὲ
1445 2518 1521 2545 οὐδὲν
1532 2518 1593 2544 τότε
1610 2515 1827 2547 διατετύπωται,

1028 2570 1083 2597 εἴτε
1118 2569 1249 2603 λυόμεναι
1276 2566 1436 2602 προστίμων
1472 2564 1579 2591 ἔσονται
1609 2562 1776 2594 καταϐολιῖς
1797 2563 1827 2588 αἱ

1028 2613 1247 2649 τοιουτοτρόπως
1273 2611 1468 2646 συνιστάμεναι
1498 2609 1662 2646 μνηστεῖαιξ,
1694 2607 1749 2634 είτε
1778 2607 1828 2634 καὶ

1029 2661 1167 2688 ἀδιάλυτοι
1187 2658 1299 2695 μενοῦσι
1323 2658 1354 2685 τὸ
1375 2657 1519 2692 παράπαν.
1537 2655 1593 2682 Καὶ
1611 2655 1655 2682 διὰ
1677 2654 1758 2681 τοῦτο
1779 2654 1829 2681 καὶ

1030 2708 1095 2743 περί
1110 2706 1206 2734 τούτου
1229 2705 1311 2737 αὐτὸς
1327 2704 1469 2741 ἐρωτήσας
1483 2702 1651 2736 θεσπίζομεν
1668 2701 1717 2733 τὰς
1733 2700 1829 2727 τοιαὺ·

1029 2763 1079 2786 τας
1093 2753 1240 2789 μνηστείας
1255 2752 1284 2779 αἲ
1296 2752 1399 2788 κυρίως
1420 2751 1563 2786 μνηστεῖαι
1579 2748 1745 2784 τυγχάνουσι
1760 2748 1830 2783 ἀμε-

1030 2801 1195 2836 τακινήτους
1225 2799 1317 2835 μένειν
1343 2798 1390 2826 καὶ
1420 2796 1635 2832 ἁμεταπτώτους
1656 2795 1704 2822 καὶ
1719 2795 1751 2821 τὸ
1767 2795 1830 2821 ὅλον

1031 2846 1146 2878 ἀλύτους
1157 2845 1189 2878 ἃς
1204 2854 1232 2872 τε
1246 2844 1314 2872 Θεοῦ
1330 2843 1412 2879 μέσον
1422 2842 1477 2870 τῶν
1489 2841 1702 2877 συναπτομένων
1718 2841 1831 2874 εἰσαγο-

1033 2893 1115 2928 μένου
1132 2892 1181 2920 καὶ
1203 2892 1254 2928 τὴν
1266 2891 1395 2928 τοιαύτην
1410 2890 1587 2927 συναρμογὴν
1606 2888 1652 2916 διὰ
1667 2888 1724 2916 τῶν
1740 2888 1831 2923 εὐχῶν

1034 2938 1230 2976 ίεροτελεστίας
1259 2937 1451 2974 κρατύνοντος,
1485 2937 1532 2965 καὶ
1561 2934 1696 2972 μηδέποτε
1726 2934 1832 2967 ταύτας
