1951 3048
134 160 205 195 1185

626 159 871 194 NOMOCANON.
891 146 1015 194 —:m.
1035 159 1123 200 xm,
1143 160 1223 192 CAP.
1244 158 1299 192 II.”

1711 164 1785 198 1186

133 218 279 255 προστέμῳ
294 219 462 248 ἁναλῦεσθαι
477 219 596 254 δόσεσιν,
616 219 661 247 ὅτε
676 220 738 247 οὐδὲ
752 221 809 252 τοῖς
825 218 930 255 συμϐο-

990 216 1163 252 ;tipulatione
1190 217 1217 245 in
1247 217 1443 247 instrumentis
1467 224 1578 256 pinnam
1605 219 1642 249 ab
1659 220 1784 256 ipsorum

133 265 220 297 λαίοις
235 265 267 292 τὸ
283 265 377 293 λοιπὸν
391 266 627 302 ἐγγραφήσονται,
642 267 685 293 ὅτι
709 266 778 302 μηδὲ
800 266 933 302 παρ’παὺ-

133 311 189 338 τῶν
205 312 233 338 αἱ
247 313 391 347 μνηστεῖαι
417 312 619 348 κρατύνονται,
645 312 715 340 ἀλλὰ
743 312 788 340 διὰ
808 312 859 347 τῆς
884 312 933 339 τοῦ

134 356 202 384 Θεοῦ
218 358 399 393 ἐπικλήσεως,
413 358 497 394 αἴπερ
511 359 560 386 καὶ
573 359 667 394 άμιτοι
687 358 719 385 τὸ
734 359 867 395 παράπαν
883 368 933 394 με-

135 402 210 430 νοῦσι
224 403 320 439 μόναις
334 404 466 440 λυόμεναι
484 406 547 438 ταῖς
560 405 662 437 αἰτίαις
686 402 731 437 αῖς
745 405 792 432 καὶ
805 406 830 432 οἱ
847 405 933 440 γάμοι

134 447 175 481 οἷς
190 449 366 485 ῐσοδυνάμους
382 448 568 483 εἷναιταύτας
585 451 810 488 νενομοθέτηται.
827 452 883 478 Καὶ
897 451 933 479 τὰ

135 495 313 531 κεκωλυμένα
327 497 356 523 δὲ
372 497 467 531 γενικά
489 497 627 533 πρόσωπα
640 498 708 533 πρὸς
728 498 845 535 γάμονῆ
866 506 935 534 μνη-

136 541 228 569 στείαν
241 543 313 569 κατὰ
333 543 364 569 τδ
379 543 458 577 δόξαν
472 543 531 577 ἔξει
552 543 602 578 τὴν
621 543 738 570 κώλυσιν
753 544 800 570 καὶ
814 544 889 580 παρὰ
901 545 933 580 τῇ

135 588 337 625 διηγορευμένῃ
349 589 383 625 τῇ
398 589 427 616 δε
445 590 478 625 τῇ
501 589 573 617 διάτ.
592 589 638 616 ὑπ’
655 589 762 621 οὐδενός
775 597 802 616 τι
816 589 934 625 διαπρα-

136 633 269 670 χθήσεται
288 634 313 661 εί
335 634 422 670 μήπω
442 633 570 669 βασιλεὺς
592 633 760 670 οἰκονομικῷ
786 642 841 660 τινι
861 633 935 669 λόγῳ

135 680 186 716 τήν
200 688 231 707 τε
244 679 394 715 μνηστείαν
411 679 460 706 καὶ
473 678 523 715 τὴν
546 679 576 713 ἐξ
590 679 743 715 ἱερολογίας
757 679 935 715 συναρμογὴν

135 725 212 758 ἐντὸς
225 725 280 752 τῶν
293 725 459 762 ὀρισθέντων
470 725 539 752 ἑτῶν
550 724 869 760 ὲπιτρέψειεΒασιλεῦσι
878 724 934 761 γὰρ

136 771 240 804 ἔξεστιν
253 770 412 807 ὑπερτέρως
426 771 444 806 ἢ
459 770 533 798 κατὰ
547 771 647 806 νόμους
660 771 825 806 οἰκονομεῖν,
838 770 934 806 ὥσπερ

101 848 103 850 η
135 818 150 844 ὁ
161 817 244 852 σοφός
260 825 291 843 τε
308 816 404 852 εῐρηκε
428 815 568 850 βασιλεὺς,
588 815 636 842 καὶ
650 814 706 841 τῶν
718 813 888 850 νομοθεσιῶν
904 814 932 841 αἱ

135 862 334 899 πρεσὸύτεραι.
347 862 403 890 Καὶ
416 861 496 889 αὐτοὶ
515 861 543 889 δὲ
558 860 605 888 τὸν
621 861 720 897 χρόνον
736 860 934 896 συντέμνοντες

134 909 196 945 οὐχ).
211 909 259 936 καὶ
275 909 325 944 τὴν
342 907 461 943 φυσικὴν
476 908 608 944 ὲφήσουσι
620 907 731 935 σύνοδον
751 907 805 940 ἕως
819 906 874 934 τῶν
885 907 936 943 ἁρ-

137 956 307 992 μοζομένων.
335 954 366 982 ⁸0
387 956 436 991 μὲν
454 955 500 982 τὸν
526 954 555 982 ιδ’
569 954 712 988 ἐνιαυτὸν,
738 955 755 990 ἡ
775 954 804 981 δὲ
826 954 874 981 τὸν
899 953 934 990 ιβ’

135 1001 244 1038 ὑπερϐῇ
261 1001 318 1029 τῶν
332 1002 434 1037 γονέων
448 1001 568 1038 ἐπιμελῆ
581 1000 706 1028 τίθεσθαι
720 1001 847 1036 φυλακὴν
857 1001 934 1034 ὀφει-

136 1049 238 1076 λόντων
255 1048 304 1075 τοῦ
320 1049 387 1084 μήτι
402 1048 456 1084 πρὸ
473 1047 521 1075 τοῦ
547 1047 677 1084 ῥηθέντος
698 1047 856 1084 πραχθῆναι
871 1047 936 1084 χρό-

138 1103 184 1122 νου
198 1093 236 1126 ὠς
249 1093 298 1120 τοῦ
319 1102 349 1120 τε
361 1092 584 1130 διαπραξαμένου
609 1092 658 1129 τὴν
681 1092 771 1129 ἄωρον
789 1092 871 1128 μίξιν,
888 1093 936 1120 καὶ

136 1139 192 1167 τῶν
206 1139 363 1175 γενητόρων
376 1138 459 1166 αὐτοῦ
475 1139 532 1171 τοῖς
543 1137 615 1166 κατὰ
626 1138 681 1165 τῶν
698 1138 822 1174 φθορέων
837 1137 935 1173 νόμοις

137 1187 364 1223 ὑποκεισομὲνου.
383 1186 439 1214 Καὶ
467 1186 513 1214 ὅτε
542 1186 572 1213 δὲ
600 1185 729 1222 βασιλεὺς
754 1185 935 1221 μνηστείαςῆ

138 1233 228 1269 γάμου
246 1232 422 1268 καινοτομοίη
441 1232 538 1268 καιρὸν
552 1231 682 1267 ἀθανάτῳ
696 1231 834 1258 διασταῖεν
844 1231 869 1258 οἱ
885 1230 936 1266 άρ-

140 1279 286 1315 μοζόμενοι
304 1281 357 1315 πρὸ
368 1279 415 1306 τοῦ
438 1278 595 1314 ὁρισθέντος
616 1278 656 1313 τῷ
678 1278 823 1314 πράγματι
837 1277 935 1314 χρόνου

138 1326 196 1359 ἔξει
212 1327 260 1354 καὶ
277 1325 349 1353 οὓτω
369 1326 418 1362 τὴν
435 1325 553 1352 κώλυσιν
569 1326 606 1352 τὰ
624 1325 784 1361 κωλυόμενα
801 1325 937 1361 πρόσωπα

140 1373 190 1400 καὶ
212 1372 264 1400 οὐκ
286 1372 363 1399 ἔσται
379 1372 487 1404 τούτοις
513 1371 670 1407 ὲνάφορμον
693 1371 762 1408 πρὸς
784 1371 815 1398 τδ
832 1371 937 1406 τολμᾷν

139 1419 175 1447 τὰ
189 1419 330 1455 άτόλμητα
350 1418 382 1445 τδ
400 1418 455 1454 προ
469 1417 516 1445 τοῦ
535 1418 679 1450 δοκοῦντος
706 1408 766 1450 ταῖς
786 1417 938 1453 ἡμετέραις

139 1463 280 1498 διατάεεσι
295 1464 394 1501 χρόνου
422 1464 472 1500 τὴν
504 1465 653 1501 μνηστείαν
677 1463 757 1500 ἦτον
781 1464 871 1499 γάμον
887 1462 938 1499 τὴν

140 1512 218 1540 λύσιν
233 1511 348 1539 θανάτου
357 1510 495 1544 δέξασθαι.
512 1510 550 1537 Τὸ
560 1510 615 1546 γὰρ
627 1510 751 1538 ἐλλεῖπον
767 1510 815 1537 τοῦ
831 1510 937 1537 τελείου

985 263 1101 299 singulis
1132 264 1267 300 integram
1300 265 1401 300 exiget.
1430 265 1575 295 Credimus
1600 275 1666 296 vero
1701 269 1784 297 etiam

985 309 1075 344 ipsum
1100 308 1186 337 Deum
1212 310 1346 338 adversus
1365 311 1416 339 hos
1449 311 1683 348 insurrectnrum,
1709 314 1784 350 quod

985 355 1190 390 interjnvenes
1208 357 1361 392 nequitiam
1387 357 1476 392 palam
1507 359 1614 397 [atque]
1647 361 1786 389 destinato
1828 392 1831 395 ,

986 403 1162 430 introducere
1185 411 1240 431 non
1265 405 1438 433 erubuerint.
1469 406 1573 434 Etenim
1594 408 1617 436 si
1634 414 1712 437 vetus
1741 409 1786 437 lex

985 449 1063 476 irrita
1090 449 1162 477 facta
1187 454 1239 484 est,
1266 455 1293 478 et
1309 451 1429 485 perfecta
1455 454 1594 488 sponsalia
1609 455 1708 483 conﬁci
1736 463 1787 484 ne-

985 500 1113 531 queunt:
1133 495 1190 533 [ac]
1223 505 1290 525 vero
1312 499 1476 527 recentioris
1498 500 1681 535 legislationis
1709 510 1784 537 prae-

986 542 1119 577 scriptum
1135 543 1169 570 ad
1184 542 1311 571 el‘l‘ectum
1327 545 1463 574 deducere
1492 547 1688 576 contrahentes
1704 556 1785 576 recu-

985 593 1071 616 sant:
1095 589 1162 624 quid
1196 589 1272 616 aliud
1302 589 1418 624 faciunt,
1460 600 1543 626 quam
1571 593 1700 622 homines
1732 594 1786 622 sibi

985 639 1082 663 mutuo
1108 635 1260 662 secundum
1290 635 1377 671 legem
1402 644 1458 664 non
1495 638 1663 672 obstrictos.
1690 643 1787 668 contra

985 681 1072 718 legem
1089 682 1160 710 inter
1185 690 1215 710 se
1242 683 1383 719 corrumpi
1411 685 1515 718 sinunt,
1537 685 1672 720 juvenum
1707 684 1787 722 [quc]

984 726 1085 754 animis
1102 727 1219 755 lascivos
1246 735 1355 756 amores
1372 736 1421 763 per
1451 729 1582 765 pollutam
1598 732 1787 760 conversatio-

984 779 1047 799 nem
1082 771 1347 807 ingenerantiNota
1364 782 1429 802 vero
1457 784 1490 803 ex
1521 777 1647 811 praesenti
1668 777 1788 811 novella,

984 817 1057 852 qttod
1075 817 1146 845 male
1158 818 1325 853 permissum
1341 818 1393 847 fuit
1408 820 1537 849 bellicoso
1550 822 1651 850 domno
1662 822 1789 851 Michaeli

986 861 1190 900 [matrimonio]
1213 864 1343 900 coniungi
1368 873 1431 893 cum
1456 867 1605 894 rarissima:
1625 868 1721 896 formae
1737 869 1788 897 do-

985 908 1060 936 mina
1074 908 1164 943 Anna,
1182 917 1244 945 qua:
1263 911 1394 946 patruelis
1411 917 1470 940 erat
1482 912 1573 940 Mariae
1588 912 1687 941 Serblii
1701 912 1787 952 [lilith

986 958 1067 982 antea
1107 955 1145 982 illi
1173 955 1327 991 desponsae.
1362 955 1431 984 Nam
1462 958 1571 986 tametsi
1606 959 1665 994 lege
1691 960 1790 988 mortis

985 1005 1050 1029 ante
1075 1002 1187 1037 nuptias
1200 1002 1234 1030 ab
1243 1010 1274 1030 ea
1291 1011 1391 1039 sponsa
1402 1010 1544 1040 separatus
1560 1010 1612 1038 est,
1628 1013 1717 1041 neque
1725 1013 1789 1034 cum

987 1047 1031 1074 illa
1064 1055 1094 1075 se
1126 1048 1324 1081 commiscuit,
1366 1054 1488 1077 attamen
1527 1050 1614 1086 ipsius
1635 1052 1789 1087 patruelem

987 1100 1102 1121 uxorem
1125 1094 1226 1122 ducere
1242 1102 1297 1122 non
1306 1095 1410 1123 debuit.
1425 1094 1519 1130 Neque
1530 1097 1604 1124 enim
1619 1097 1789 1133 conjunctio,

987 1139 1034 1168 sed
1049 1140 1239 1176 precationum
1260 1142 1447 1176 caeremoniis;
1457 1147 1488 1170 ut
1499 1142 1636 1177 sponsalia
1655 1147 1787 1180 tanquam

987 1186 1090 1221 nuptiae
1114 1192 1287 1222 reputentur,
1310 1187 1424 1215 faciunt.
1467 1188 1495 1215 Si
1528 1189 1612 1224 igitur
1626 1188 1714 1217 laicus
1735 1190 1789 1218 tale

987 1232 1128 1267 quidpiam
1157 1233 1246 1260 facere
1261 1234 1432 1268 prohibetur,
1448 1233 1595 1271 [proiecto]
1612 1240 1790 1264 consecratus

988 1279 1077 1306 multo
1106 1280 1205 1314 magis.
1217 1279 1276 1307 Tali
1295 1281 1601 1316 namque“!emporibus
1619 1282 1790 1310 sanctissimi

988 1324 1060 1353 illius
1073 1320 1247 1361 patriarchae
1264 1327 1357 1354 donmi
1374 1326 1518 1355 Michaelis
1532 1327 1658 1355 Anchiali
1681 1335 1730 1363 per
1742 1335 1789 1364 sy—

987 1373 1116 1400 nodaletn
1153 1373 1386 1400 commentarium
1428 1374 1542 1401 vetitum
1586 1379 1629 1402 est
1669 1374 1791 1410 legitime

988 1418 1118 1454 conjungi
1155 1426 1218 1446 cum
1257 1417 1312 1455 [ea]
1345 1418 1471 1452 muliere,
1502 1427 1564 1453 qua:
1588 1424 1703 1455 cognata
1731 1419 1792 1456 ejus

992 1463 1087 1498 fuerit,
1107 1472 1169 1500 qua:
1181 1465 1353 1501 obligatoriis
1379 1465 1491 1500 scriptis
1518 1466 1652 1493 duntaxat
1674 1465 1712 1494 illi
1741 1466 1792 1494 ob-

989 1511 1084 1539 stricta
1113 1511 1222 1544 fuisset,
1261 1519 1350 1548 neque
1377 1511 1579 1547 sponsaliorum
1609 1520 1702 1548 preces
1727 1519 1790 1540 eum

141 1558 237 1595 χρόνου
252 1558 301 1593 τῆς
319 1557 498 1594 μνηστείαςῆ
515 1557 563 1584 τοῦ
582 1557 674 1592 γάμου
697 1557 714 1590 ἡ
726 1556 781 1591 ζτοῦ
804 1556 937 1592 βασιλέως

992 1558 1053 1594 ipso
1077 1559 1240 1594 excepisset,
1252 1559 1325 1594 quod
1351 1564 1399 1587 aut
1412 1564 1531 1593 mortua,
1551 1563 1599 1587 aut
1620 1559 1792 1594 ptenitudine

139 1603 337 1639 ἀναπληροῦσα
351 1603 493 1639 οἰκονομία
507 1603 686 1638 ἀπαράϐατον
698 1603 814 1639 τηρήσει
829 1604 885 1634 τοῖς
895 1611 939 1630 κε-

141 1650 312 1687 κωλυμένοις
326 1650 376 1687 τὴν
393 1650 513 1677 κώλυσιν
528 1651 576 1677 καὶ
592 1650 721 1686 οὐδαμῶς
738 1650 852 1686 θήσουσι
875 1658 940 1676 συν-

141 1696 271 1731 άλλαγμα
284 1695 458 1731 κωλυόμενον
473 1695 531 1722 ἀλλ’
543 1696 593 1722 ὅσα
605 1695 635 1728 ἐξ
645 1695 778 1731 άκρισοῦς
793 1694 941 1730 μνηστείας

141 1740 159 1776 ἢ
175 1739 280 1767 τελείου
293 1739 384 1775 γάμου
401 1739 553 1767 κωλύονται
568 1740 775 1775 συναλλάγματι
791 1739 879 1767 ταῦτα
891 1740 941 1767 καὶ⁸

142 1786 196 1814 ὑπὸ
208 1786 263 1813 τῶν
278 1786 355 1818 ὲντὺς
365 1785 412 1813 τοῦ
426 1785 622 1822 νενομισμένου
637 1787 735 1822 χρόνου
747 1786 797 1823 τὴν
810 1786 941 1814 σύστασιν

141 1832 324 1869 οἰκονομικῶς
339 1833 387 1860 καὶ
407 1832 456 1869 τὴν
478 1832 555 1859 λύσιν
571 1833 695 1867 φυσικῶς
710 1833 866 1868 δεξαμένων
882 1834 940 1869 εἱρ-

143 1878 288 1915 χθήσεται.
308 1879 468 1915 Σημείωσαι
479 1879 528 1915 τὴν
546 1879 688 1915 παροῦσαν
701 1879 850 1915 ἑρμηνείαν
859 1878 942 1914 τοῦ⁴β’

142 1934 207 1962 κεφ.
221 1925 269 1953 τοῦ
291 1929 324 1960 ιγ’
343 1925 525 1953 διδάσκουσαν
538 1925 637 1960 ξπολλὰ
653 1926 778 1962 χρήσιμα
793 1925 875 1961 χάριν
891 1925 942 1960 γά-

145 1980 205 2008 μων
227 1972 430 2008 κεκωλυμένων
453 1973 501 1999 καὶ
526 1972 774 2008 ὲκκεχωρημένων.
804 1971 866 1999 Ἐτι
889 1980 942 2008 ση-

145 2017 261 2053 μείωσαι
295 2018 346 2054 τὴν
378 2018 494 2054 δύναμιν
530 2017 577 2045 τοῦ
612 2019 765 2055 γραφέντος
801 2017 941 2045 συνοδικοῦ

143 2064 229 2100 τόμον
255 2065 286 2091 ὲν
303 2066 364 2097 ταῖς
383 2064 503 2101 ἡμέραις
526 2064 572 2091 τοῦ
598 2065 753 2100 ὰγιωτάτου
770 2065 941 2100 πατριάρχου

144 2110 242 2146 κυρίου
262 2110 383 2144 Ἀλεξίου
401 2110 448 2138 καὶ
468 2109 595 2142 τεθέντος
610 2111 641 2137 ὲν
662 2112 694 2146 τῇ
713 2110 840 2147 παρούσῃ
856 2111 943 2147 ἑρμη-

144 2157 214 2193 νείᾳ.
231 2157 353 2185 Γίνωσκε
367 2158 408 2185 ὅτι
422 2158 474 2185 κᾶν
485 2158 499 2185 ὀ
510 2157 631 2188 τοιοῦτος
642 2157 736 2194 τόμος,
753 2158 801 2185 καὶ
813 2159 831 2194 ἡ
848 2158 942 2185 τοῦτον

145 2203 316 2240 ἑπικυροῦσα
344 2204 473 2240 βασιλικὴ
501 2203 660 2240 πρόσταξις,
691 2204 750 2239 μετ’
781 2204 943 2240 ὲμὸριθείας

994 1605 1078 1633 ducta
1093 1604 1172 1632 alteri
1198 1605 1259 1633 viro
1286 1605 1433 1640 conjuncta
1452 1609 1526 1633 esset
1544 1616 1550 1633 :
1568 1609 1646 1633 extra
1666 1613 1747 1641 quam
1766 1605 1791 1634 si

992 1657 1054 1677 eam
1083 1649 1200 1677 necdum
1227 1657 1376 1678 sexennem
1410 1658 1485 1678 mors
1514 1649 1676 1678 arrhabonis
1699 1649 1790 1678 instar

991 1695 1146 1723 abstulerit.
1167 1695 1264 1723 Visum
1283 1699 1325 1723 est
1343 1695 1417 1722 enim
1435 1695 1554 1723 concilio
1586 1696 1614 1723 in
1640 1703 1791 1728 sexennem

992 1740 1140 1769 mulierem
1178 1741 1284 1776 copulae
1311 1740 1564 1776 concupiscentiam
1592 1748 1647 1768 non
1670 1741 1790 1776 concipi.

991 1786 1094 1815 Verum
1126 1787 1217 1815 hocin
1235 1787 1314 1815 laieis
1337 1796 1391 1815 non
1411 1787 1556 1816 obtinebit.
1568 1787 1636 1815 Nam
1652 1790 1698 1824 qui
1710 1788 1792 1816 altari

994 1832 1173 1870 [deserviunt]
1187 1833 1236 1861 soli
1258 1833 1341 1860 unius
1361 1833 1465 1865 uxoris,
1484 1833 1664 1869 ejusdemque
1676 1834 1792 1869 virginis

991 1878 1043 1906 viri
1059 1878 1207 1910 nominari,
1235 1878 1342 1914 ipsique
1356 1878 1478 1914 ejusdem
1493 1883 1580 1906 status
1601 1886 1662 1906 esse
1681 1879 1791 1908 debent.

992 1925 1079 1952 Porro
1094 1933 1154 1960 qua:
1168 1923 1244 1961 [hac]
1261 1925 1366 1952 novella
1379 1925 1412 1952 de
1427 1925 1601 1960 sponsalibus
1612 1925 1793 1961 comprehen-

992 1971 1106 2003 duntur,
1122 1979 1154 1998 ex
1171 1971 1229 2006 ipsa
1240 1969 1385 1998 manifesta
1401 1974 1474 1998 sunt.
1491 1969 1568 1998 Scias
1584 1977 1649 1998 vero
1673 1971 1746 2005 qttod
1764 1970 1794 1998 in

992 2016 1208 2052 chartopltylacii
1237 2023 1315 2052 septo
1337 2017 1506 2044 sanctissimi
1530 2017 1603 2045 illius
1629 2017 1795 2052 patriarcha:

993 2063 1088 2091 domui
1115 2061 1217 2090 Nicolai
1234 2062 1370 2099 {quidam}
1401 2063 1617 2091 commentarius
1635 2068 1795 2091 asservatur

994 2108 1041 2144 qui
1056 2108 1114 2137 haec
1126 2108 1161 2137 ad
1175 2109 1288 2137 verbum
1300 2109 1492 2145 complectitur
1503 2118 1510 2136 :
1522 2110 1625 2137 mensis
1635 2107 1699 2136 Julii
1712 2109 1756 2136 die
1765 2110 1793 2142 4,

994 2154 1145 2183 indictione
1161 2155 1205 2183 l5.
1221 2154 1290 2183 Cum
1310 2155 1503 2184 sanctissimus
1517 2160 1611 2184 noster
1621 2156 1750 2184 dominus
1767 2160 1795 2183 et

994 2201 1182 2230 (econumicus
1201 2203 1358 2237 patriarcha
1377 2201 1506 2230 Nicolaus
1524 2203 1551 2230 in
1564 2201 1710 2230 Thomaita
1727 2210 1795 2237 pra:-

145 2251 239 2287 κωλύῃ
252 2252 299 2278 τὸν
314 2251 344 2284 ἐξ
362 2252 479 2287 αἶματος
491 2251 513 2284 ζ’
529 2251 635 2287 βαθμοῦ
651 2251 751 2286 γάμον.
772 2251 852 2278 Ἀλλὰ
870 2251 939 2278 κατὰ

994 2248 1105 2282 sideret,
1116 2255 1148 2276 ac
1164 2256 1226 2276 cum
1242 2249 1302 2284 ipso
1315 2249 1361 2276 Dei
1381 2249 1567 2276 amantissimi
1586 2249 1795 2284 metropolitani

145 2297 226 2334 τὴνδ’
244 2297 390 2324 ἰνδικτιόνα
416 2297 464 2324 τοῦ
489 2297 568 2332 ςχιιδ¹
588 2298 667 2328 ἔτους
683 2296 831 2332 πρόσταξις
846 2297 941 2331 γέγονε

146 2344 193 2371 τοῦ
208 2343 342 2380 κραταιοῦ
356 2344 405 2371 καὶ
417 2343 497 2379 ἁγίου
513 2343 592 2379 ἡμῶν
603 2343 737 2379 βασιλέως
745 2343 842 2379 κυρίου
859 2343 944 2370 ’Ῑσαα-

147 2390 209 2418 κίου
234 2389 282 2418 τοῦ
299 2390 417 2425 ἀγγέλου
439 2389 687 2426 πατριαρχεὺοντος
710 2389 759 2417 τοῦ
780 2389 943 2425 καματηροῦ

155 2437 250 2474 κυρίου
275 2436 417 2464 Βασιλείου
437 2435 609 2472 διοριζομένη
628 2436 666 2476 μὴ
677 2435 945 2472 προκριματίζεσθαι

154 2485 188 2512 ἐκ
214 2483 271 2510 τῶν
298 2482 433 2519 ρηθεισῶν
459 2482 586 2519 πράξεων
600 2483 646 2510 τὸν
675 2482 745 2518 μετὰ
767 2482 817 2519 τὴν
835 2483 944 2517 ποίησιν

146 2526 238 2555 αὐτῶν
253 2528 390 2556 συστάντα
407 2528 496 2563 γάμον
512 2528 593 2564 μέσον
610 2527 664 2555 τῶν
683 2527 945 2563 πανευτυχεστάτων

147 2575 293 2611 καισάρων
309 2575 395 2610 ἡγουν
412 2573 460 2601 τοῦ
477 2574 690 2610 Κατακουζηνοῦ
704 2575 800 2609 κυρίου
821 2574 945 2601 Ἰωάννου

147 2622 195 2649 καὶ
211 2622 262 2658 τῆς
275 2621 446 2657 αὐταδέλφης
468 2621 515 2648 τοῦ
537 2620 670 2656 βασιλέως
683 2622 732 2658 τῆς
748 2621 846 2657 κυρίας
861 2621 945 2656 Εἰρή-

150 2676 201 2703 νης
221 2668 268 2695 καὶ
292 2669 332 2700 εἰς
352 2666 375 2700 ζ’
392 2667 496 2703 βαθμὸν
511 2668 540 2701 ἐξ
562 2667 679 2703 αἵματος
692 2668 871 2703 ἀναγόμενον,
887 2667 945 2694 ἀλλ’

147 2713 211 2741 ὅσον
225 2713 257 2741 τδ
271 2715 311 2746 εἰς
323 2714 423 2744 αὐτοὺς
446 2713 492 2741 καὶ
508 2714 607 2750 μόνους
625 2713 802 2749 άπρακτῆσαι
817 2713 852 2740 τὰ
869 2712 947 2748 παρὰ

147 2763 200 2798 τῆς
217 2763 327 2790 συνόδου
346 2763 394 2790 καὶ⁸
408 2762 457 2789 τοῦ
480 2761 615 2794 βασιλέως
631 2761 727 2798 κυρίου
744 2762 875 2798 Μανουὴλ
891 2763 947 2790 διοο

151 2809 277 2845 ρισθέντα
294 2809 375 2844 χάριν
394 2802 447 2835 τοῦ
459 2808 582 2835 τοιούτου
597 2808 646 2835 καὶ
673 2807 781 2844 ἐδείχθη
802 2808 849 2834 καὶ
870 2807 947 2844 παρὰ

148 2856 200 2891 τῆς
214 2855 337 2883 συνόδου.
354 2855 415 2882 Ἔτι
431 2854 587 2890 σημείωσαι
609 2854 652 2881 ἃτι
667 2854 702 2881 τὰ
715 2855 744 2881 ἑν
757 2853 797 2890 τῷ
809 2852 947 2890 Βασιλικῷ

151 2902 345 2938 προστάγματι
362 2901 546 2937 περιεχόμενα
568 2901 608 2933 εἱς
628 2900 770 2937 ἀναίρεσιν
796 2899 877 2936 δῆθεν
897 2899 946 2928 τοῦ

994 2294 1040 2322 ille
1057 2298 1084 2322 ct
1100 2295 1155 2328 ille,
1177 2295 1224 2324 Dei
1243 2295 1451 2323 amantissimus
1462 2295 1689 2330 metropolitanus
1702 2294 1795 2330 (.‘yzicl

995 2340 1108 2368 Simeon
1130 2347 1192 2368 cum
1213 2345 1306 2368 nostra
1328 2341 1516 2368 moderatione
1534 2339 1692 2372 considens,
1714 2340 1793 2374 dixit,

994 2387 1135 2423 quomodo
1153 2386 1456 2423 [[quidamlimatricis
1482 2393 1540 2414 sua:
1571 2386 1647 2413 urbis
1676 2386 1797 2414 clericus

995 2426 1107 2462 nomine
1121 2433 1253 2468 Joannes]
1267 2434 1434 2461 Diabatenus
1456 2433 1596 2468 sponsalia
1612 2432 1712 2460 inierat
1731 2439 1795 2460 cum

995 2479 1115 2516 quadam
1136 2480 1221 2508 Maria
1252 2480 1398 2515 Theophili
1428 2480 1511 2513 dicta,
1537 2487 1599 2515 quae
1620 2484 1695 2508 esset
1717 2484 1798 2508 aetate

996 2527 1140 2563 septennis
1158 2537 1164 2555 :
1184 2532 1268 2562 atque
1293 2526 1451 2561 intellecto},
1478 2530 1590 2562 propter
1613 2533 1722 2561 sponsae
1746 2526 1797 2553 im-

996 2574 1168 2609 pubertatem
1190 2577 1289 2609 prteter
1306 2573 1352 2608 jus
1377 2573 1517 2608 sponsalia
1534 2579 1597 2600 esse
1612 2571 1715 2608 [inita].
1729 2576 1796 2599 tunc

997 2613 1032 2648 ab
1051 2621 1097 2649 illa
1124 2624 1286 2653 recesserat,
1325 2627 1358 2647 ac
1382 2623 1445 2655 pust
1473 2627 1561 2647 annos
1584 2623 1646 2647 octo
1675 2619 1797 2653 legitime

997 2668 1085 2704 ipsam
1105 2668 1132 2695 in
1158 2666 1365 2695 matrimonium
1393 2669 1591 2701 assumpserat.
1622 2664 1711 2700 Atque
1737 2664 1797 2692 haec

998 2722 1061 2742 cum
1077 2714 1201 2747 dixisset,
1218 2713 1283 2749 quid
1296 2713 1330 2741 de
1340 2713 1440 2741 clerico
1456 2712 1527 2751 [illo]
1541 2711 1697 2740 faciendum
1711 2716 1796 2745 esset,

998 2759 1104 2787 discere
1116 2758 1212 2786 voluit.
1241 2758 1355 2786 Audivit
1395 2757 1480 2793 igitur
1507 2764 1523 2784 a
1549 2761 1645 2784 nostra
1666 2756 1796 2784 modera-

999 2809 1086 2839 ttone,
1112 2805 1371 2840 considentiumqne
1393 2804 1511 2831 fratrum
1536 2807 1623 2836 cactu,
1643 2802 1716 2838 quod
1741 2809 1798 2830 non

998 2851 1087 2881 solum
1103 2852 1132 2880 in
1153 2852 1268 2888 nuptiali
1284 2855 1427 2880 contractu
1441 2850 1538 2878 arrbas
1568 2849 1629 2877 dari
1644 2853 1798 2884 ‘receptum

998 2898 1049 2928 sit:
1063 2905 1157 2927 verum
1192 2897 1274 2926 etiam
1292 2897 1326 2935 in
1346 2895 1477 2933 [caeteris]
1508 2895 1696 2925 contractibus
1710 2895 1800 2924 omni-
