1951 3048
183 131 252 164 1187

793 131 928 163 ΡΗΟΤΙΙ
947 131 1204 166 ΡᾹΤΒῙΑΒΟΗΕ
1221 135 1277 166 CP-

1755 141 1817 174 1188

181 191 250 218 bus:
275 192 358 225 atque
377 187 418 225 [id
435 187 558 226 quidem]
579 195 634 217 non
660 191 766 222 coacto.
791 190 840 218 sed
869 194 975 226 sponte.

1030 191 1115 226 τόμου
1129 191 1176 218 τοῦ
1195 191 1316 219 Σισινίου
1347 191 1398 220 οὒκ
1415 191 1610 229 ὲνηργήθησαν
1629 193 1694 227 τέως
1712 196 1755 224 ἐπὶ
1771 199 1817 225 τῶν

180 235 417 271 Quemadmodum
442 235 525 272 igitur
555 236 581 263 in
608 235 671 263 aliis
704 237 894 264 contractibus
925 245 981 265 non

179 283 296 311 dicimus
315 282 385 317 quod
396 286 487 309 actum
500 286 551 315 est,
570 281 593 309 si
606 282 697 309 arrhtc
713 282 784 309 datae
797 290 851 310 non
867 281 980 316 fuerint,

179 336 243 357 esse
267 328 394 355 irritum:
426 327 463 355 ita
499 335 609 362 quoque
631 327 658 354 in
683 331 826 355 contractu
854 327 980 362 nuptiali,

180 374 288 401 tametsi
301 373 381 400 arrha
392 373 449 400 sive
460 372 598 408 sponsalia
610 371 690 409 [non]
705 374 887 408 processerint
896 372 981 408 [quod

180 425 270 448 actum
288 419 391 456 fuerit].
415 419 525 447 ﬁrmum
535 423 616 454 atque
629 419 797 447 indivulsnm
812 421 873 448 erit.
887 420 982 456 itaque

180 465 362 502 [quanquam,
374 473 436 501 quae
454 466 526 493 inter
538 465 669 493 clericum
693 470 721 493 et
738 465 853 494 Mariam
878 466 920 501 (ut
939 467 982 494 ιιι.

178 517 252 540 ctum
272 513 325 549 est)
357 512 495 548 sponsalia
517 516 722 547 processerunt,
747 513 900 540 subsistere
930 520 980 540 ne-

178 562 281 593 queant
298 557 319 585 ε’
330 558 439 585 habebit
462 557 581 594 [tamen]
613 558 839 586 indissolubililer
864 558 980 586 clericus

178 610 292 631 uxorem
310 603 359 637 ipsi
379 610 427 638 per
452 603 538 630 solam
567 602 718 637 nuptialem
742 603 979 630 consecrationem

177 649 220 684 (ut
248 649 416 684 explicatum
445 649 498 684 est)
531 650 719 684 coniunctam.
763 648 801 677 De
830 649 980 676 donatione

175 699 272 722 tamen
298 700 410 730 propter
445 695 566 730 nuptias,
594 700 706 730 propter
722 703 805 730 quam
835 695 974 730 sponsalia

177 741 261 769 etiam
285 742 343 770 iieri
373 749 541 770 consuevere
570 742 641 770 inter
663 742 794 777 conjuch
821 741 979 776 ipsorumve

177 793 281 823 partes,
297 796 352 815 non
373 789 536 815 tractabitur
550 797 556 815 :
570 789 617 816 sed
632 789 745 824 perinde
756 793 840 823 atque
854 788 877 815 si
892 796 978 823 spon-

178 833 246 861 salia
263 841 317 860 non
329 834 542 868 processissent,
568 841 656 868 neque
668 838 731 861 ante
744 835 854 869 nuptias
865 834 977 861 donatio

177 880 326 907 subsecuta
350 884 434 912 esset,
458 879 568 906 ﬁrmum
593 880 646 907 erit
668 880 877 907 matrimonium
893 885 977 915 atque
994 869 1015 899 Β

176 926 373 960 indisruptum.
402 925 537 953 Similiter
560 927 611 953 alia
627 926 709 954 etiam
739 926 863 961 ejusdem
892 927 977 962 impe-

175 973 277 1001 ratoris
292 973 325 1000 de
352 973 447 1000 eadem
487 972 661 1007 legislalione
686 973 756 1000 edita
792 972 882 1008 jussio
913 977 976 1007 est,

176 1028 236 1056 quae
258 1021 329 1048 hanc
343 1019 398 1047 vim
417 1020 515 1047 habet:
534 1019 572 1047 De
587 1019 690 1055 nuptiis
705 1025 787 1054 atque
802 1020 977 1055 sponsalibus

175 1074 271 1094 mense
295 1065 368 1093 Julio
397 1065 558 1094 indictionis
578 1066 605 1099 5,
633 1065 698 1093 anni
721 1065 756 1093 ab
774 1066 842 1094 orbe
864 1066 977 1094 condito

175 1113 258 1145 6592,
286 1112 414 1140 statuisse
433 1111 506 1148 (nos]
522 1113 626 1140 scimus
638 1132 646 1146 ,
664 1119 727 1148 qua:
740 1112 766 1139 in
783 1112 830 1140 illa
863 1112 971 1148 legisla-

176 1159 251 1187 tione
276 1163 359 1194 atque
395 1158 528 1186 relatione
554 1158 754 1193 comprehensa
780 1162 856 1186 sunt.
886 1159 976 1194 Atque

177 1212 274 1233 eorum
304 1203 438 1240 [quidem]
455 1204 522 1232 nihil
550 1204 709 1232 labefactari
726 1205 906 1238 sustinemus,
925 1203 973 1232 sed

175 1250 204 1277 in
224 1253 358 1278 aeternum
374 1250 508 1277 intentata
533 1253 560 1277 et
590 1249 773 1277 immutabilia
795 1257 906 1277 manere
925 1258 975 1278 v0-

175 1295 278 1323 lumus.
312 1295 346 1323 Ut
363 1294 512 1331 [videlicet]
525 1295 666 1330 sponsalia
682 1293 731 1331 [et]
748 1295 850 1330 nuptiae
866 1294 975 1332 [quem-

174 1341 322 1369 admodum
341 1341 444 1368 dictum
472 1340 524 1376 est)
538 1345 787 1375 coagmententur:
806 1345 835 1367 ut
864 1341 890 1368 in
906 1340 974 1376 [sta-

175 1384 245 1420 tuto]
260 1390 382 1420 tempore
410 1384 478 1411 nihil
515 1385 671 1417 innovctur,
686 1389 713 1412 et
729 1392 761 1412 ex
773 1385 969 1414 consociandis

176 1439 236 1459 mas
262 1431 468 1466 quatuor-decim
493 1431 574 1458 annis
605 1431 693 1465 major
727 1431 775 1464 sit,
791 1430 891 1459 femina
907 1430 972 1460 vero

177 1478 335 1506 duodecim.
349 1477 490 1510 Queniam'
506 1485 570 1505 vero
593 1477 661 1504 nihil
683 1482 740 1505 tum
763 1482 897 1506 statutum
918 1483 969 1512 est,

175 1533 209 1552 an
235 1532 267 1552 eo
290 1524 372 1552 modo
394 1523 461 1550 inita
478 1523 629 1558 sponsalia,
644 1523 667 1550 si
680 1522 775 1559 [forte]
791 1523 971 1557 dirimantur,

175 1571 313 1600 solvendae
339 1578 427 1606 ptume
450 1570 592 1606 [obnoxia]
620 1570 732 1603 futura,
761 1578 795 1598 an
817 1579 882 1598 vero
909 1579 969 1598 om-

175 1619 242 1646 nino
257 1617 457 1646 indissolubilia
473 1625 603 1645 mansura
617 1617 675 1645 sint
711 1621 795 1652 atque
805 1617 865 1645 ideo
883 1617 967 1645 etiam

175 1674 208 1694 ea
225 1666 258 1693 de
275 1665 316 1702 [re
330 1664 390 1702 nos]
406 1665 464 1700 ipse
481 1665 673 1700 interrogasti:
686 1664 826 1692 sancimus
844 1670 874 1692 ut
890 1665 970 1692 istius

176 1711 251 1740 modi
264 1711 413 1747 sponsalia,
429 1718 490 1746 qua:
527 1710 637 1745 proprie
657 1709 702 1746 [ac
728 1709 803 1746 vere]
833 1711 972 1746 sponsalia

177 1763 254 1790 sunt,
285 1759 410 1790 immota,
441 1756 634 1788 imrnutabilia.
653 1760 680 1783 et
695 1756 809 1784 omnino
837 1757 972 1785 insolubi-

176 1805 213 1832 lia
245 1807 374 1832 maneant
394 1803 506 1839 (quippe
518 1801 605 1838 [quia]
623 1801 694 1830 Deus
711 1803 782 1830 inter
805 1803 970 1831 consocian-

177 1851 228 1879 dos
253 1850 410 1882 inducatur,
439 1856 556 1884 eamque
593 1847 814 1882 coniunctionem
839 1856 888 1883 per
910 1856 971 1884 pre-

177 1904 240 1925 cum
270 1894 449 1923 ceremonias
478 1892 671 1928 communiat)
697 1897 724 1920 et
756 1901 898 1929 nunquam
924 1893 968 1920 illa

176 1942 268 1978 ptenis
311 1941 412 1969 dandis
455 1940 607 1973 solvantur,
639 1947 700 1974 qua:
736 1938 849 1975 [ρωποι]
880 1947 970 1974 neque

177 1989 367 2018 contractibus
392 1987 523 2022 deinceps
548 1985 734 2014 inscribenlur
751 1994 758 2013 :
773 1986 837 2021 quia
854 1993 909 2014 non
938 1986 974 2013 ab

177 2036 243 2067 illis,
277 2034 323 2062 sed
338 2041 386 2069 per
407 2033 456 2060 Dei
487 2033 691 2060 invocationem
714 2032 853 2067 sponsalia
880 2039 974 2059 corro-

176 2083 321 2113 borantur,
342 2079 530 2116 cuiuscemodi
551 2077 727 2114 [sponsalia]
752 2078 865 2105 omnino
892 2077 974 2104 etiam

178 2128 336 2157 insolubilia
365 2126 514 2154 manebunt
531 2123 644 2161 [iisque]
669 2124 804 2151 duntaxat
826 2123 860 2150 de
881 2123 975 2151 causis

178 2177 330 2207 solventur,
378 2173 479 2208 quibus
511 2171 702 2204 matrimonia,
733 2171 834 2205 quibus
869 2169 915 2197 illa
946 2174 977 2197 ut

1034 237 1177 273 ἡμετέρων
1202 237 1324 273 ἡμερῶν.
1348 236 1473 273 Εὕχομαι
1494 236 1541 266 οὖν
1569 239 1637 274 μηδὲ
1653 241 1819 277 ἔνεργηθῆναί

1034 291 1100 310 ποτε
1115 283 1154 315 ὡς
1171 283 1250 315 εἰδὼς
1264 283 1315 319 τὴν
1333 283 1425 310 αἰτίαν
1440 283 1474 310 δι’
1495 285 1528 320 ἢν
1542 284 1724 321 διωρίσθησαν
1743 287 1816 323 θελη-

1035 329 1156 365 ματικὴν
1180 327 1265 356 οὖσαν
1279 329 1327 356 καὶ
1345 329 1391 356 διὰ
1411 329 1492 357 τοῦτο
1517 331 1585 366 μηδὲ
1600 331 1819 368 τελεσφορήσασιν

1032 375 1134 410 ἀγαθόν
1147 384 1184 402 τι.
1200 376 1261 402 Ἔτι
1292 375 1447 411 σημείωσαι
1469 377 1523 403 ἀπὸ
1541 377 1590 412 τῆς
1605 378 1703 413 νεαρᾶς
1718 378 1762 405 τοῦ
1776 379 1819 413 βα-

1034 420 1129 452 σιλέως
1158 420 1255 456 κυρίου
1278 417 1399 452 Ἀλεξίου
1427 416 1476 447 τοῦ
1503 420 1650 456 Κομνηνοῦ
1669 421 1709 447 ὃτι
1734 423 1819 454 κακῶς

1032 467 1191 502 ἐξεχωρήθη
1213 467 1228 493 ὁ
1245 466 1368 502 πλευρῇς
1388 467 1485 502 κυρίου
1510 467 1620 503 Μιχαὴλ
1635 467 1817 504 συζυγῆναιτῇ

1033 512 1240 548 σπανσπουλίνᾳ
1268 513 1352 548 κυρίᾳ
1375 513 1460 549 Ἀννῃ
1482 513 1579 548 πρώτῃ
1606 513 1673 550 οὔσῃ
1694 514 1818 551 ἑξαδέλφῃ

1031 558 1082 594 τῆς
1099 559 1374 594 προμνηστευθείσης
1401 557 1476 594 αὑτῷ
1493 556 1607 594 Μαρίας
1629 560 1679 594 τῆς
1693 559 1738 586 τοῦ
1757 560 1818 595 Σερ-

1031 604 1121 631 κλίου¹
1139 604 1192 631 κᾶν
1218 604 1273 640 γὰρ
1293 604 1369 640 νόμῳ
1391 603 1508 631 θανάτου
1526 601 1594 640 πρὸς
1616 605 1664 632 τοῦ
1685 605 1770 640 γάμου
1784 605 1819 633 διε

1031 649 1117 686 εζύγη
1134 651 1184 686 τῆς
1196 650 1326 686 τοιαύτης
1342 651 1464 686 μνηστῆς
1476 651 1523 678 καὶ
1541 651 1602 678 οὐδὲ
1619 651 1750 687 συνεμίγη
1761 648 1820 678 rati—

1030 705 1065 732 τῃ
1080 696 1137 724 ἀλλ’
1151 697 1202 723 οὐκ
1222 695 1338 732 ὤφειλεν
1362 697 1511 732 ὲξαδέλφην
1535 696 1622 733 αὐτῆς
1645 697 1754 733 πρώτην
1777 697 1821 724 λα-

1030 743 1099 770 ϐεῖν.
1115 743 1184 770 Οὐδὲ
1209 743 1264 778 γὰρ
1289 744 1306 777 ἡ
1328 743 1471 778 συνάφεια.
1490 742 1559 770 ἀλλὰ
1575 743 1593 778 ἡ
1610 742 1661 778 τῆς
1682 743 1762 778 εὐχῆς
1779 749 1820 769 τε-

1030 790 1095 826 λετὴ
1117 791 1191 817 ποιεῖ
1208 790 1258 826 τὴν
1275 790 1425 825 μνηστείαν
1449 789 1487 822 ὡς
1505 789 1593 825 γάμον
1615 786 1777 824 λογίζεσθαι.
1791 786 1821 816 Et

1029 837 1096 872 γοῦν
1126 837 1222 869 λαῖκὺς
1248 836 1370 864 τοιοῦτόν
1391 845 1418 863 τι
1438 837 1527 864 ποιεῖν
1550 836 1716 868 κεκώλυται,
1736 835 1821 872 πολλῷ

1033 884 1134 920 μᾶλλον
1161 883 1322 919 ἱερωμένος.
1349 882 1378 909 '0
1396 882 1518 913 τοιοῦτος
1545 881 1599 918 γὰρ
1630 881 1753 918 ἐκωλύθη
1781 881 1822 908 διὰ

1030 929 1228 966 σημειώματος
1246 928 1387 957 συνοδικοῦ
1404 929 1451 956 ἐπὶ
1466 929 1516 964 τῆς
1536 928 1693 964 ἐφημερίας
1710 927 1822 962 ἁγιωτά-

1027 985 1075 1003 του
1090 976 1198 1003 ἐκείνου
1216 975 1389 1011 πατριάρχου
1404 975 1500 1010 κυρίου
1516 975 1628 1010 Μιχαὴλ
1643 974 1690 1001 τοῦ
1712 973 1819 1009 ’Δγχιά-

1027 1021 1074 1049 λου
1090 1022 1276 1049 συνάπτεσθαι
1295 1021 1421 1057 νομίμως
1433 1021 1546 1055 γυναικὶ
1561 1022 1693 1056 συγγενεῖ
1708 1021 1773 1058 οΰπῃ
1787 1021 1821 1057 τῇ

1026 1068 1073 1095 διὰ
1104 1068 1283 1104 δεσμωτικῶν
1308 1068 1388 1103 μόνον
1423 1067 1573 1102 ἐγγράφων
1604 1067 1821 1102 κατεγγυηθείσῃ

1031 1114 1120 1149 τούτῳ
1133 1114 1182 1142 καὶ
1200 1115 1237 1150 μὴ
1253 1113 1382 1151 φθασάσῃ
1394 1113 1488 1141 λαϐεῖν
1504 1114 1656 1150 μνηστείας
1671 1113 1753 1149 εὐχὴν
1767 1112 1821 1148 μετ’

1025 1159 1110 1186 αὐτοῦ
1124 1180 1132 1193 ,
1157 1159 1173 1196 ἢ
1201 1159 1240 1192 ὡς
1268 1159 1406 1196 θανούσῃ,
1438 1159 1477 1192 ὡς
1495 1159 1582 1195 ἑτέρῳ
1605 1159 1773 1195 συναφθείσῃ
1792 1159 1823 1184 ἐκ

1027 1206 1184 1241 μεταμέλου
1200 1205 1278 1242 ἀνδρὶ
1296 1205 1321 1232 εί
1340 1205 1425 1242 μήπω
1454 1205 1558 1241 ταύτην
1588 1205 1688 1241 ἑξαετῆ
1711 1202 1791 1232 οὖσαν
1808 1205 1821 1230 ὀ

1025 1252 1142 1283 Θάνατος
1158 1251 1382 1287 ηρραϐωνίσατο.
1403 1251 1498 1285 Ἔδοξε
1513 1252 1569 1287 γὰρ
1583 1253 1618 1288 τῇ
1638 1251 1740 1287 συνόδῳ
1757 1250 1821 1286 μετὰ

1025 1297 1155 1330 ὲξαετοῢς
1169 1297 1299 1332 γυναικὸς
1316 1297 1468 1333 ἐπιθυμίαν
1483 1297 1586 1333 φθορᾶς
1603 1298 1643 1334 μὴ
1653 1296 1820 1333 μεσολαϐεῖν,

1022 1343 1105 1370 τοῦτο
1120 1344 1149 1369 δὲ
1169 1343 1216 1369 ἐπὶ
1233 1342 1335 1370 λαῖκῶν
1352 1343 1384 1369 οὗ
1400 1343 1545 1378 κρατήσει.
1557 1343 1645 1369 Movet
1662 1343 1717 1378 γὰρ
1737 1342 1762 1368 o!
1776 1338 1820 1368 τοῦ

1025 1389 1148 1425 βήματος
1169 1389 1235 1424 μιᾶς
1246 1389 1377 1423 γυναικὸς
1397 1389 1446 1415 καὶ
1461 1389 1512 1424 τῆς
1525 1389 1613 1424 αὐτῆς
1628 1387 1766 1424 παρθένου
1777 1387 1821 1414 ἆν-

1023 1433 1087 1470 δρες
1109 1433 1247 1469 ὀφείλουσι
1275 1432 1469 1469 ὀνομάζεσθαι,
1488 1431 1536 1459 καὶ
1563 1432 1645 1459 αὐτοὶ
1673 1431 1722 1466 τῆς
1741 1428 1822 1465 αὐτῆς

1024 1480 1095 1508 εἶναι
1118 1481 1326 1512 καταστάσεως.
1344 1479 1405 1506 Ἔτι
1424 1479 1577 1514 σημείωσαι
1602 1479 1647 1506 ὅτι
1673 1479 1708 1506 τὰ
1724 1477 1772 1513 μὲν
1786 1477 1818 1511 τῇ

1025 1527 1111 1562 νεαρᾷ
1131 1525 1308 1562 παρεχόμενα
1325 1524 1406 1560 χάριν
1427 1525 1476 1560 τῆς
1495 1523 1648 1560 μνηστείας
1660 1522 1821 1559 δῆλὰξείσιν

1026 1577 1059 1603 ἐκ
1081 1575 1130 1611 τῆς
1144 1574 1193 1602 τοῦ
1210 1573 1295 1601 αὑτοῦ
1320 1573 1441 1606 Ἀλεξίου
1468 1573 1564 1609 κυρίου
1583 1572 1720 1608 βασιλέως
1736 1570 1822 1598 δευτέι

1028 1630 1077 1658 ρας
1101 1620 1287 1656 προστάξεως.
1313 1619 1436 1646 Γίνωσκε
1455 1619 1483 1646 δὲ
1501 1620 1544 1646 ὅτι
1565 1619 1605 1654 τῷ
1637 1618 1759 1654 σεκρέτῳ
1777 1615 1822 1644 τοῦ

1027 1666 1248 1703 χαρτοφυλακίου
1273 1665 1422 1701 σημείωμα
1439 1665 1631 1701 κατέστρωται
1645 1665 1693 1692 τοῦ
1709 1662 1825 1699 ἁγιωτά-

1026 1722 1074 1741 του
1089 1713 1194 1740 ἐκείνου
1210 1712 1303 1747 κυρίου
1323 1711 1457 1738 Νικολάου
1471 1712 1659 1747 πατριάρχου.
1675 1711 1717 1738 Τὰ
1731 1710 1759 1736 δὲ
1773 1717 1823 1736 κα-

1026 1760 1061 1787 τὰ
1082 1760 1157 1796 ῥῆμα
1181 1758 1374 1794 διαλαμϐάνων
1397 1758 1464 1794 μηνὶ
1491 1757 1593 1793 Ἰουλίῳ
1618 1761 1675 1790 κα⁷,
1689 1757 1781 1793 ἡμέρᾳ
1804 1752 1824 1782 δ’

1033 1806 1202 1837 Ἰνδικτιόνος
1217 1804 1257 1838 ιε’,
1278 1805 1492 1840 προκαθημένου
1515 1803 1562 1830 τοῦ
1580 1803 1739 1838 ἀγιωτάτου
1750 1800 1825 1837 ἡμῶν

1026 1853 1158 1880 δεσπότου
1175 1853 1224 1880 καὶ
1243 1850 1434 1888 οἰκουμενικοῦ
1455 1851 1630 1887 πατριάρχου
1647 1850 1784 1878 Νικολάου
1797 1848 1826 1875 ὲν

1140 1898 1368 1934 συνεδριαζόντων
1392 1897 1467 1934 αὑτῷ
1489 1897 1704 1934 μητροπολιτῷν
1718 1895 1764 1923 τοῦ
1774 1895 1827 1921 δεῖ·

1026 1955 1071 1978 νος
1097 1945 1145 1973 καὶ
1169 1945 1266 1978 δεῖνος,
1287 1946 1301 1973 ὁ
1321 1945 1529 1980 θεοφιλέστατος
1555 1945 1765 1982 μητροπολίτης
1781 1939 1826 1969 τοῦ

1027 1993 1151 2025 Κυζίκου
1177 1991 1292 2027 Συμεὼν
1318 1991 1502 2027 συνεδριάζων
1517 1993 1550 2027 τῇ
1566 1992 1650 2027 ἡμῶν
1670 1990 1826 2027 μετριότητι

1027 2036 1116 2080 sit-rep,
1144 2038 1182 2070 ὡς
1209 2037 1342 2074 κληρικδς
1367 2038 1418 2072 τῆς
1442 2039 1502 2065 κατ’
1519 2037 1603 2065 αὐτὸν
1629 2036 1825 2074 μητροπόλεως

1033 2083 1160 2119 Ἰωάννης
1188 2083 1374 2119 Διαόακτηνδς
1386 2082 1589 2119 ὀνομαζόμενος
1615 2080 1827 2119 ἐμνηστεύσατο

1027 2130 1147 2164 γυναῖκά
1158 2138 1220 2158 τινα
1233 2129 1344 2166 Μαρίαν
1359 2128 1407 2156 τοῦ
1425 2129 1556 2164 Θεοφίλου
1573 2129 1750 2165 καλουμένην
1769 2127 1827 2163 ἡλι-

1028 2175 1091 2207 κίας
1117 2174 1200 2202 οὖσαν
1229 2174 1394 2207 ἑπταετοῦς,
1424 2173 1519 2210 μαθὼν
1547 2174 1576 2201 δὲ
1606 2174 1659 2210 τὴν
1696 2172 1828 2211 μνηστίαν

176 2221 282 2248 viribus
299 2219 415 2254 aequalia
444 2221 529 2250 sunt,
545 2221 679 2245 statutum
697 2220 749 2244 est.
764 2215 895 2251 Cognata:
909 2223 974 2243 vero

1028 2218 1098 2248 εἶναι
1113 2220 1273 2257 παράνομον
1297 2220 1341 2248 διὰ
1365 2219 1415 2256 τὴν
1439 2220 1489 2256 τῆς
1513 2221 1640 2257 μνηστῆς
1661 2220 1826 2257 ἀνηϐότητα,

177 2274 303 2303 personae
319 2267 345 2292 in
374 2263 594 2301 [contrahendis]
613 2262 717 2298 nuptiis
733 2262 776 2289 vel
791 2261 970 2297 sponsalibus

179 2317 262 2350 prout
278 2311 357 2348 [jam]
375 2311 507 2347 placitum
525 2314 578 2343 est,
593 2309 788 2344 impedientur,
803 2315 892 2342 neque
907 2315 974 2335 c0n-

179 2364 222 2387 tra
248 2365 331 2393 quam
346 2357 397 2384 hac
410 2356 605 2384 constitutione
625 2355 739 2382 vetitum
756 2358 808 2386 est,
825 2353 975 2389 quidquam

179 2413 196 2434 a
216 2412 355 2440 quoquam
372 2403 483 2436 contiet,
503 2403 556 2431 nisi
572 2402 594 2430 si
609 2401 721 2437 quando
744 2401 893 2436 imperator
904 2407 976 2435 quo-

179 2451 243 2480 dam
264 2450 478 2486 dispensationis
500 2450 582 2477 modo
611 2454 638 2477 et
656 2448 797 2483 sponsalia
829 2451 857 2475 et
877 2455 976 2476 conse-

174 2499 303 2532 cratione
327 2497 508 2533 peragendam
533 2496 759 2530 conjunctionem
782 2495 854 2523 intra
871 2494 978 2530 praesti-

181 2548 255 2571 tutos
268 2549 357 2569 annOS
374 2541 540 2576 permiserit.
562 2540 681 2568 Licilum
706 2544 749 2568 est
763 2539 838 2568 enim
855 2540 976 2575 impera-

180 2587 289 2615 toribus
305 2586 343 2613 uti
359 2586 438 2613 aliter
450 2593 532 2620 quam
546 2584 697 2613 secundum
715 2584 788 2620 leges
804 2584 975 2619 dispensent:

181 2632 414 2670 quemadmodum
445 2637 472 2659 ct
497 2631 610 2667 sapiens
631 2631 782 2666 imperator
795 2636 821 2658 et
843 2633 978 2660 vetustio-

183 2687 228 2708 res
245 2678 429 2715 legislationes
448 2677 552 2705 dixere.
581 2676 674 2712 Neque
686 2685 751 2704 vero
768 2677 818 2712 ipsi
833 2684 898 2705 cum
910 2682 980 2705 tem-

181 2734 234 2764 pus
257 2725 467 2758 abbreviabunt,
493 2724 653 2759 priusquam
693 2724 740 2759 qui
761 2723 979 2759 conjungentur,

184 2781 279 2802 eorum
309 2772 450 2800 masculus
481 2776 610 2808 quartum
626 2771 776 2805 decimum,
794 2770 897 2799 femina
914 2779 979 2799 vero

184 2819 377 2847 duodecimum
405 2826 509 2846 artuum
535 2818 697 2850 excesserit,
723 2818 878 2846 naturalem
915 2825 982 2846 con-

186 2873 311 2901 gressum
340 2865 508 2901 permittent.
538 2863 622 2901 [Quin
651 2863 861 2900 et]parentes,'.
878 2863 980 2900 nequid

945 2910 952 2921 1

1025 2267 1087 2295 τότε
1103 2266 1153 2303 μὲν
1169 2267 1276 2302 ἀπέστη
1298 2266 1412 2302 ταύτης.
1431 2266 1502 2302 μετά
1513 2266 1542 2293 δὲ
1565 2267 1684 2303 χρόνους
1700 2266 1773 2294 ὀκτὼ
1785 2274 1828 2292 νο-

1028 2312 1120 2348 μίμως
1141 2312 1245 2348 ταύτην
1259 2312 1419 2347 πρόσγαμον
1443 2312 1572 2348 ἠγάγετο,
1592 2313 1643 2340 καὶ
1676 2310 1766 2340 ταῦτα
1779 2310 1826 2338 λέ·

1026 2367 1083 2394 γων
1099 2358 1179 2397 ᾖθελε
1203 2358 1233 2386 τὸ
1254 2358 1383 2393 ποιητέον
1400 2358 1447 2385 ἐπὶ
1469 2358 1500 2385 τὺ
1526 2358 1707 2394 κληρωθῆναι
1722 2357 1828 2394 μαθεῖν,

1026 2405 1144 2441 ἤκουσεν
1172 2402 1220 2430 οὖν
1243 2403 1298 2430 ἀπὸ
1316 2403 1366 2438 τῆς
1390 2403 1470 2439 ἡμῶν
1496 2404 1698 2440 μετριότητος,
1717 2403 1766 2431 καὶ
1780 2401 1830 2437 τῆς

1028 2449 1260 2486 συνεδριαζούσης
1274 2444 1457 2485 ἀδελφότητος
1472 2449 1510 2481 ὡς
1526 2450 1577 2476 οὐκ
1599 2450 1651 2476 ἐπὶ
1675 2449 1759 2485 μόνου
1782 2446 1828 2474 τοῦ

1027 2496 1149 2533 γαμικοῦ
1174 2496 1399 2531 συναλλάγματος
1425 2495 1589 2532 ἀρραϐῶνας
1606 2496 1770 2531 νενόμισται
1794 2493 1831 2521 δί-

1027 2543 1133 2576 δοσθαι,
1147 2542 1216 2570 ἀλλὰ
1237 2542 1285 2569 καὶ
1300 2541 1347 2568 ὲπὶ
1367 2541 1476 2568 πάντων
1498 2541 1554 2568 τῶν
1569 2540 1830 2576 νσυναλλαγμάτων,

1029 2588 1099 2624 πλὴν
1122 2588 1173 2614 οὐκ
1197 2585 1417 2622 ὴναγκασμένως
1443 2585 1502 2612 ἀλλ’
1524 2585 1712 2621 αὐθαιρέτως,
1736 2585 1830 2619 ὥσπερ

1028 2633 1118 2662 τοίνυν
1133 2633 1179 2660 ἐπὶ
1204 2633 1259 2660 τῶν
1281 2631 1370 2660 ἄλλων
1386 2631 1619 2667 συναλλαγμάτων
1649 2632 1682 2658 οὒ
1711 2631 1827 2666 λέγομεν

1029 2681 1131 2714 ἄκυρον
1145 2677 1216 2707 εἶναι
1243 2679 1275 2706 τὸ
1299 2679 1412 2714 γεγονὸς
1433 2678 1470 2714 μὴ
1491 2677 1627 2704 δοθέντων
1647 2677 1829 2714 ἀρῤαϐὡνων.

1029 2725 1101 2753 οὕτω
1118 2726 1165 2752 καὶ
1180 2726 1227 2752 ὲπὶ
1241 2725 1288 2752 τοῦ
1303 2724 1426 2760 γαμικοῦ
1457 2723 1689 2759 συναλλάγματος
1704 2723 1758 2751 κᾶν
1782 2723 1832 2759 ἀρ-

1031 2771 1122 2809 ραϐὼν
1143 2771 1203 2808 ἢτοι
1229 2771 1364 2807 μνηστεία
1377 2771 1409 2798 οὐ
1428 2770 1530 2806 προϐῇ,
1556 2769 1669 2806 βέϐαιον
1685 2770 1764 2798 ἔσται
1785 2769 1832 2797 καὶ

1029 2819 1217 2846 ἀδιάσπαστον
1227 2826 1235 2834 ·
1255 2818 1305 2854 τῆς
1330 2817 1397 2853 γοῦν
1410 2817 1553 2852 προὸἀσης
1568 2817 1726 2852 μνηστείας
1741 2816 1781 2847 ὡς
1794 2815 1832 2842 ετ-

1033 2873 1113 2900 ρηται
1134 2863 1216 2900 μέσον
1229 2863 1277 2891 τοῦ
1292 2863 1425 2900 κληρικοῦ
1439 2863 1546 2900 καὶτῆς
1562 2862 1666 2898 μανίας
1684 2861 1770 2898 οὔσης
1785 2861 1832 2889 ἁν-
