1951 3048
132 157 201 191 1189
444 161 452 163 -
525 155 543 178 ε’
579 154 836 192 iNOMOCANON.
855 168 891 176 —
909 157 931 188 Τ

1004 155 1092 195 x111,
1113 156 1192 188 CAP.
1213 156 1273 196 III,
1291 154 1342 189 1V.
1712 157 1782 191 1190

132 223 285 251 υποστάτου
304 224 410 252 ἐσεῖται
421 224 578 260 ὀκληρικδς
594 224 665 259 ἔχων
684 223 865 255 ἁδιασείστως
881 222 930 259 τὴν

995 226 1046 249 inte
1073 221 1178 250 dictum
1209 226 1318 259 tempus
1329 222 1394 251 ﬁat.
1409 223 1568 259 diligentem
1594 230 1690 251 curam
1704 215 1782 251 adbi‘

131 268 175 295 διὰ
201 269 286 304 μόνης
313 270 436 306 γαμικῆς
462 269 615 305 ίερολογίας
641 269 829 305 ἁρμοσθεῖσαν
855 268 930 304 αὑτῷ

995 276 1046 296 ιρι-θ
1083 268 1232 297 debebunt.
1275 270 1385 306 Alioqui
1422 275 1450 298 et
1480 270 1529 306 qui
1559 271 1781 306 intempestivum

132 313 249 348 σύζυγον
270 315 308 347 ὡς
322 315 489 351 διείληπται·
511 315 659 351 προγάμου
679 315 711 350 δὴ
727 315 832 351 δωρεᾶς
848 315 882 342 δι’
897 315 931 350 ἣν

995 315 1086 342 ηοὶιιιηι
1119 316 1266 351 peregerit,
1300 321 1328 344 et
1364 320 1500 351 parentes
1528 317 1616 352 ipsius
1648 316 1781 352 legibus,

131 361 179 387 καὶ
208 360 258 396 τὴν
284 361 435 397 μνηστείαν
460 361 671 397 νενομοθέτηται
694 361 819 396 γίνεσθαι
850 360 931 396 μέσον

995 361 1114 389 ιὰνθτευε
1131 366 1302 396 stupratores
1322 362 1411 399 (latis]
1430 363 1543 390 obnoxii
1574 366 1666 390 erunt.
1695 362 1782 390 Porro

130 405 185 432 τῶν
201 405 357 441 ὁμοζύγων,
373 407 390 443 ἢ
406 407 461 434 τῶν
484 407 576 443 μερῶν
593 407 684 434 αὐτῶν
698 407 729 434 οὐ
749 406 931 443 τρακταισθή-

995 407 1008 434 ιί
1027 407 1140 442 quando
1172 407 1322 442 imperator
1352 408 1555 444 sponsaliorum
1587 408 1782 443 nuptiarnmve

133 460 221 484 σεται,
242 453 300 480 ἀλλ’
319 453 416 490 ὥσπερ
439 454 464 481 εἰ
490 453 559 490 μηδὲ
580 453 686 489 προέϐη
706 454 839 489 μνηστεία
862 453 931 490 μηδὲ

995 461 1095 488 .empus
1113 453 1266 488 innovavit,
1281 455 1466 491 conjungendi
1477 460 1540 482 ante
1555 455 1720 490 praeﬁnitum
1731 453 1781 491 [ei]

132 499 278 534 προγάμω
302 499 530 536 παρηκολούθησε
554 500 656 536 δωρεὰ,
683 499 794 535 βέϐαιος
810 500 825 526 ὸ
840 499 930 535 γάμος

995 499 1024 527 ei
1052 503 1160 534 tempus
1177 505 1267 528 morte
1291 500 1422 535 disiuncti
1451 500 1554 529 fuerint
1571 511 1578 529 :
1596 503 1782 539 impedientur

131 543 210 571 ἔσται
225 545 273 572 καὶ
285 545 480 582 άδιάρῥηκτος.

996 554 1050 574 unc
1073 546 1157 574 etiam
1190 547 1334 581 probibitae
1367 555 1506 582 personae,
1543 555 1634 583 neque
1665 548 1719 576 illis
1747 547 1783 575 ad

133 592 288 619 audendum
310 600 364 620 non
379 592 504 621 audenda
521 593 621 621 bonam
638 591 812 620 occasionem
827 592 1022 627 suppeditabit,
1055 593 1128 628 quod
1159 595 1298 628 sponsalia
1323 595 1460 630 nuptizeve
1497 600 1559 622 ante
1583 600 1691 631 tempus
1710 595 1784 631 quod

134 641 236 668 nostris
262 641 507 669 constitutionibus
525 641 646 677 placuit,
661 645 750 668 morte
773 640 908 668 dissoluta
928 640 994 668 sint.
1014 640 1093 674 Quod
1120 642 1193 669 enim
1222 641 1341 677 perfecto
1369 642 1570 677 sponsaliorum
1591 642 1784 681 nuptiarumve

136 689 253 723 tempori
274 689 360 722 deest,
387 688 437 725 [id)
461 689 595 725 supplens
642 688 818 723 imperatoris
842 688 1013 723 dispensatio
1042 692 1206 724 perpetuum
1241 689 1362 717 servabit
1389 690 1535 724 prohibitis
1549 689 1783 725 impedimentum

134 740 165 763 ut
193 734 256 772 [illi]
291 735 367 763 nullo
398 735 479 763 modo
519 734 636 763 vetitum
666 739 839 762 contractum
868 734 938 761 inire
976 734 1115 772 [possint].
1152 735 1243 769 Quare
1274 736 1432 771 quicunque
1457 741 1616 767 contractus
1638 747 1671 767 ex
1699 739 1784 774 justis

135 781 313 816 Sponsalibus
341 780 506 815 perfectisve
536 780 640 815 nuptiis
675 779 874 814 impediuntur,
908 779 935 806 hi
954 781 1038 808 etiam
1050 781 1086 809 ab
1115 781 1169 809 illis
1203 785 1272 816 ﬁquae
1313 782 1386 809 intra
1430 782 1583 818 legitimum
1610 789 1719 820 tempus
1737 791 1785 819 per

136 826 368 862 dispensationem
391 826 545 854 constituta
565 831 592 854 et
615 826 779 854 naturaliter
801 825 937 854 dissoluta
957 832 1034 860 sunt,
1047 827 1229 856 arcebantur.
1714 821 1783 831 “”’“’

169 883 295 910 ΚΕΦΑΛ.
308 883 346 910 I".
356 899 392 904 —
403 883 474 918 Περὶ
485 882 546 910 τῶν
556 883 758 912 ὑπονοουσῶν
767 883 931 912 ἀποθανεῖν

995 873 1094 910 'CAP.
1111 883 1156 911 lll.
1169 898 1205 904 —
1219 883 1259 911 De
1275 884 1450 919 mulieribus,
1466 894 1525 922 qm
1540 886 1660 914 absentes
1673 887 1784 914 maritos

134 929 206 962 τοὺς
219 928 333 963 ἄνδρας
343 928 455 961 αὐτῶν,
468 928 518 956 καὶ
534 928 709 964 γαμουσῶν.

995 936 1048 956 mos
1064 928 1161 956 abiisse
1183 929 1350 964 auspicantes
1368 930 1480 959 nubunt.

789 964 924 974 .-ηυγ-ο.

170 985 284 1013 Συνόδου
300 988 339 1020 ς’,
355 984 448 1013 κανὼν
468 987 512 1020 ια’
524 994 531 1001 ·
547 985 689 1013 Βασιλείου
704 986 795 1015 κανὼν
809 985 861 1019 λα’,
876 985 932 1020 λς’,

136 1030 198 1068 μςί

171 1078 329 1114 Κείμενον.
359 1077 392 1105 Ἦ
417 1078 483 1114 περὶ
508 1077 651 1114 ρεπουδίου
672 1077 854 1115 διαλεγομένη
880 1076 932 1114 ριζ¹

135 1124 232 1160 νεαρὰ,
245 1133 274 1151 κ.
295 1132 320 1150 τ.
337 1124 376 1156 λ..
392 1131 481 1159 usque
492 1124 527 1152 ad
542 1124 566 1151 εἰ
576 1123 606 1151 δὲ
624 1123 782 1162 φοιδεράτος
795 1124 872 1161 παρὰ
884 1124 932 1152 τοῦ

134 1170 275 1202 ὀπτίοντος
288 1169 382 1197 αὑτοῦ.

170 1216 312 1251 Σχόλιον,
332 1215 365 1242 Ἦ
381 1215 447 1252 περ).
466 1216 608 1255 διαζυγίου
627 1215 672 1252 ριζ
691 1216 778 1252 νεαρὰ
791 1215 838 1243 τοῦ
856 1215 933 1252 βασι-

135 1261 204 1293 λέως
218 1261 408 1289 Ἰουστινιανοῦ
420 1283 427 1296 ,
446 1261 504 1289 ἔστι
529 1262 590 1297 διειρ1
602 1261 626 1297 γ’
648 1262 695 1289 τοῦ
712 1262 735 1294 ζ’
754 1261 807 1289 τίτ.
827 1261 875 1289 τοῦ
889 1265 932 1297 κη’

136 1306 250 1342 βιβλίου,
273 1307 320 1334 καί
346 1315 415 1343 φησι
449 1307 504 1334 τῶν
523 1307 662 1342 γυναικῶν
681 1307 736 1334 τῶν
759 1306 933 1335 ὑπονοουσιῖω

134 1353 293 1388 τελευτῆσαι
318 1353 382 1385 τοὺς
408 1353 629 1389 ἀποδημοῦνταςι
643 1353 745 1388 ἄνδρας
761 1352 934 1388 στρατιώτας

135 1397 238 1430 αὐτῶν,
258 1398 309 1426 ὅσα
326 1398 537 1434 συνωψίσθησαν
553 1400 594 1431 είς
611 1399 642 1426 τὺ
655 1399 794 1435 κείμενον.

170 1455 296 1482 ΚΕΦΑΔ.
309 1454 346 1482 Δ’.
364 1471 400 1477 -
414 1455 485 1490 Περὶ
504 1455 564 1483 τῶν
575 1454 843 1491 διαζευγνυμένων.

177 1501 347 1529 Ἀποπόλων
365 1501 456 1529 κανὼν
472 1500 493 1529 ε’
512 1502 623 1530 συνόδου
640 1503 768 1539 Γάγγρας
784 1503 876 1531 κανὼν
888 1503 909 1530 δ’
924 1511 932 1519 °

1020 984 1134 1013 Concilii
1151 986 1221 1014 sexti
1242 994 1330 1014 canon
1341 987 1387 1020 95;
1416 987 1511 1016 Basilii
1538 995 1627 1016 canon
1656 988 1702 1022 51,
1736 988 1783 1022 36,

984 1030 1029 1058 46.
1147 1035 1150 1038 '

1021 1076 1130 1105 Toxlus.
1143 1077 1210 1112 Qua:
1223 1078 1257 1106 de
1269 1079 1392 1115 repudiis
1406 1080 1516 1108 disserit
1529 1080 1706 1114 novellall7,
1718 1085 1783 1115 etc.,

984 1130 1067 1159 usque
1084 1123 1119 1151 ad
1133 1124 1168 1152 ab
1180 1124 1268 1160 ipsius
1285 1126 1408 1161 optione,
1421 1131 1450 1153 ut
1467 1135 1528 1163 pag.
1544 1127 1608 1156 903.

1019 1213 1166 1244 Sc/iolium.
1181 1215 1217 1244 De
1233 1217 1354 1250 repudiis
1381 1217 1433 1245 117
1446 1218 1620 1253 imperatoris
1632 1217 1783 1247 Iustiniani

984 1262 1102 1294 novella,
1119 1267 1161 1290 est
1175 1269 1237 1296 cap.
1253 1264 1281 1294 3.
1297 1264 1339 1292 tit.
1356 1264 1382 1296 7,
1403 1264 1451 1292 lib.
1469 1272 1557 1292 xxviii
1574 1264 1657 1292 Basil.
1675 1270 1703 1293 et
1717 1265 1786 1294 dicit

984 1307 1019 1334 dc
1037 1308 1200 1336 mulieribus
1214 1309 1330 1338 maritos
1346 1317 1412 1338 suos
1423 1311 1525 1338 milites
1541 1311 1670 1340 absentes
1682 1312 1785 1341 obiisse

985 1354 1200 1388 suspicantibus,
1224 1363 1396 1391 quaecunque
1420 1357 1447 1384 in
1474 1361 1550 1385 textu
1589 1358 1785 1394 compendiose

987 1400 1130 1435 proposita
1151 1406 1227 1428 sunt.

1022 1456 1100 1484 CAP.
1119 1457 1166 1485 1V.
1178 1472 1214 1478 —
1229 1457 1269 1485 De
1294 1458 1328 1486 iis
1345 1459 1392 1494 qui
1414 1458 1559 1487 divortium
1580 1459 1695 1496 faciunt.

1020 1502 1214 1536 Apostolorum
1260 1511 1349 1532 canon
1379 1505 1420 1539 5;
1465 1506 1575 1534 concilii
1618 1505 1785 1542 Gangrensis

136 1548 245 1575 συνόδου
259 1548 455 1584 Καρθαγέννης
466 1548 556 1576 κανὼν
568 1547 609 1586 ρβ’
619 1557 626 1564 ·
643 1549 754 1577 συνόδου
778 1549 822 1583 ς’,
837 1550 929 1578 κανὼν

995 1556 1071 1577 :anon
1084 1550 1117 1577 M
1127 1558 1135 1584 ;
1145 1551 1243 1579 concili
1257 1550 1582 1588 Cartliaginensiszcanon
1600 1552 1652 1581 106
1664 1561 1672 1586 ;
1686 1561 1732 1581 cor
1740 1553 1785 1582 ciii

136 1593 179 1626 πζ¹
190 1602 196 1609 ·
212 1594 352 1621 Βασιλεὶου
368 1594 459 1621 κανὼν
468 1593 501 1627 θ’,
518 1593 566 1628 λε’,
586 1594 642 1631 μη’,
659 1595 709 1628 oC'.

170 1640 326 1674 Κείμενον.
353 1639 421 1675 Περὶ
448 1639 614 1674 διαζεύξεως
635 1640 726 1676 γάμου
759 1640 789 1667 ὲν
822 1640 931 1673 πολλοτς

134 1685 238 1718 τόποις,
254 1694 282 1713 κ.
293 1694 320 1712 τ.
335 1685 372 1719 λ.,
389 1693 477 1721 usque
490 1686 523 1714 ad
539 1687 668 1721 γυναικὸς
677 1687 823 1723 ὀρισθεῖσι.

170 1742 310 1777 Σχόνιιον.
330 1742 361 1769 ’0
376 1741 399 1778 β’
413 1742 468 1770 τίτ.
483 1742 531 1769 τοῦ
546 1745 586 1770 κε’
599 1742 702 1778 βιϐλίου
718 1744 771 1770 τῶν
787 1744 859 1772 διατ.
872 1745 931 1772 κετ-

134 1796 180 1815 ται
191 1789 232 1820 είς
246 1789 293 1815 τὸν
310 1787 354 1821 ια’,
367 1788 422 1829 ἰίτἔ
439 1788 487 1815 τοῦ
501 1788 543 1824 κη’
557 1789 662 1825 βιϐλίου
689 1789 744 1817 τῶν
761 1790 928 1823 Βασιλικῶν,

135 1834 182 1861 καὶ
198 1835 212 1861 ὁ
228 1833 260 1866 ιζ’
273 1833 327 1861 τίτ.
349 1834 397 1861 τοῦ
418 1833 439 1861 ε’
459 1834 563 1870 βιϐλίου
586 1835 635 1862 τοῦ
653 1836 769 1868 κώδικος
784 1837 865 1872 ἐτέθη
891 1838 931 1870 εις

135 1888 199 1915 κεφ.
222 1879 237 1906 ι’
252 1879 300 1907 τοῦ
318 1879 340 1912 ζ’
356 1880 410 1908 τίτ.
425 1880 473 1908 τοῦ
499 1880 542 1917 κη’
557 1880 661 1917 βιϐλίου
687 1882 743 1909 τῶν
763 1883 929 1917 Βασιλικῶν,

138 1927 186 1954 καὶ
207 1927 224 1962 ὴ
241 1927 293 1963 ριζ¹
314 1927 529 1960 Ὶουστινιάνειος
547 1928 634 1964 νεαρὰ
657 1928 738 1964 ἐτέθη
766 1929 805 1962 ὡς
829 1930 930 1957 πολλά-

135 1981 179 2005 κις
186 1973 298 2008 είπομεν
310 1973 350 2005 είς
357 1973 460 2009 βιϐλίον
474 1972 517 2010 κη’
527 1973 580 2001 τίτ.
592 1972 614 2006 ζ’
624 1982 688 2009 κεφ.
697 1973 722 2001 α’
732 1974 819 2007 οὕτως
829 1975 930 2010 ἔχουσα

135 2018 165 2045 ὲν
176 2018 255 2055 μέρει
268 2019 305 2051 ὡς
319 2019 476 2055 συνωψίσθη
494 2020 535 2050 είς
556 2019 586 2046 τὸ
601 2019 740 2055 κείμενον.
768 2020 801 2047 Ἦ
817 2020 845 2047 δὲ
863 2020 930 2056 περὶ

135 2064 233 2100 γάμων
249 2064 291 2092 κα¹
308 2066 394 2102 νεαρὰ
418 2065 498 2101 ἐτέθη
513 2066 552 2098 είς
571 2066 674 2102 βιϐλίον
690 2065 733 2102 κη’
751 2067 804 2094 τίτ.
830 2066 861 2094 ιδ’
882 2066 931 2094 καὶ

136 2110 189 2138 τίτ.
203 2110 223 2137 δ’
236 2111 267 2138 τὸ
283 2112 334 2146 τῆς
355 2110 413 2148 ρκζ¹
431 2113 532 2147 νεαρᾶς
552 2121 615 2146 κεφ.
637 2112 668 2139 τὸ
693 2113 758 2149 περὶ
784 2113 928 2148 ρεπουδίου

134 2156 327 2193 διαλεγόμενον
341 2156 392 2184 οὒκ
403 2157 483 2194 ἐτέθη
495 2159 535 2190 εἰς
551 2158 584 2186 τὰ
596 2158 741 2192 Βασιλικὰ,
756 2158 815 2185 ἀλλ’
831 2158 929 2195 ἐδέχθη

137 2202 238 2238 μᾶλλον
249 2203 280 2230 τὸ
295 2206 329 2237 ιγ’
346 2212 409 2238 κεφ.
425 2203 475 2239 τῆς
491 2203 546 2238 ρλδ¹
567 2205 667 2239 νεαρᾶς
681 2204 729 2231 καὶ
752 2203 810 2231 ἐστι
833 2213 897 2239 κεφ.
908 2203 929 2231 δ’

136 2249 184 2277 τοῦ
196 2249 218 2282 ζ’
234 2249 288 2277 τίτ.
305 2249 352 2276 τοῦ
366 2253 409 2286 κη’
429 2249 544 2285 βιϐλίου,
560 2249 608 2277 καὶ
622 2249 696 2284 λέγει
718 2250 780 2282 ἴσας
796 2249 867 2278 εἶναι
881 2251 932 2284 τὰς

136 2297 232 2329 ποινὰς
247 2296 301 2325 τῶν
318 2297 424 2332 ἀλόγων
442 2297 603 2332 ῥεπουδίων,
631 2297 681 2324 καὶ
700 2297 746 2324 ἐπ’
759 2298 931 2334 ἀμφοτέροις

135 2345 193 2375 τοῖς
208 2343 315 2379 μέρεσι.

171 2390 326 2425 Κείμενον.
347 2389 485 2425 Ἀζημίως
496 2388 525 2416 δὲ
539 2389 643 2422 λύεται,
660 2398 689 2417 κ.
701 2398 727 2418 τ.
739 2388 779 2422 λ.,
796 2397 884 2425 usque
897 2390 933 2418 ad

134 2435 282 2471 πενταετίᾳ
297 2435 388 2470 μεινη,
406 2435 430 2462 εἰ
444 2435 488 2470 ζῇ.

172 2483 311 2517 Σχόλιον.
328 2481 366 2508 Τὸ
377 2481 398 2508 δ’
415 2490 477 2516 κειρ.
496 2481 547 2517 τῆς
562 2480 605 2516 κβ’
630 2481 851 2510 ’1ουστινιανείου
869 2491 932 2510 νεα-

136 2529 188 2565 ρᾶς
213 2530 242 2555 ὲν
257 2528 297 2564 τῷ
323 2527 345 2561 ζ’
367 2528 421 2557 τίτ.
438 2527 543 2564 τοῦικῆ
572 2527 675 2563 βιϐλίου
688 2529 828 2565 [κείμενόν
845 2537 931 2565 φησι·

135 2575 202 2607 Ταῖς
217 2574 247 2601 δὲ
278 2575 441 2610 εἰρημέναις
461 2574 564 2606 αἰτίαις
591 2574 749 2610 συνείδομεν
773 2575 822 2602 καὶ
845 2575 934 2602 ταῦτα

135 2620 270 2656 ὀνομαστὶ
285 2620 446 2656 προσθεῖναι
463 2621 492 2654 ἐξ
507 2617 544 2647 ὧν
558 2621 622 2652 τοὺς
636 2621 745 2656 γάμους
758 2621 851 2655 ἔξεστι
868 2621 931 2658 δίχα

135 2667 234 2702 ποινῆς
249 2667 379 2694 διαλύειν.
395 2667 451 2694 Καὶ
463 2667 564 2694 αὐτίκα
576 2667 704 2703 ὲπιφέρει
715 2667 763 2694 καὶ
779 2668 828 2700 τὰς
843 2668 934 2701 αἰτίας

135 2712 185 2748 τὴν
199 2713 248 2748 τῆς
263 2712 408 2748 ἀσκήσεως
420 2711 533 2748 δηλαδὴ,
549 2711 599 2747 τὴν
614 2712 662 2739 ἐπὶ
686 2712 795 2749 τριετίᾳ
810 2713 934 2741 ἀσύναπ-

135 2765 183 2784 τον
196 2757 408 2793 ὀμοζωίαν,¹καὶ
422 2757 471 2793 τὴν
493 2757 544 2793 τῆς
565 2757 766 2793 αἰχμαλωσίας.
788 2758 862 2795 Πλὴν
878 2759 934 2786 ἀπὺ

139 2804 189 2838 μὲν
202 2804 255 2831 τῶν
267 2803 314 2831 δύο
328 2803 423 2831 αἰτιῶν
437 2803 524 2840 χωρὶς
538 2803 635 2839 ποινῆς
647 2804 695 2831 καὶ
708 2804 810 2837 δόσεως
824 2806 933 2842 οἱασδή-

137 2850 210 2881 τινός
219 2858 285 2885 φησι
300 2849 412 2876 λύεσθαι
423 2849 455 2876 τὸ
468 2849 647 2877 συνοικέσιον.
668 2850 734 2877 Ἀπὸ
746 2850 775 2877 δὲ
790 2850 837 2877 τοῦ
851 2851 934 2887 μονά-

138 2904 183 2922 σαι
199 2895 314 2930 θάτερον
339 2894 393 2923 τῶν
409 2894 553 2931 ὀμοζύγων
581 2894 650 2931 φησὶ
666 2895 764 2932 ταῦτα,
780 2897 934 2933 τηνικαῦτα

989 1596 1061 1624 sexti
1080 1604 1169 1625 canon
1185 1598 1218 1625 87
1229 1597 1350 1631 ;;Basilii
1364 1607 1454 1627 canon
1467 1598 1494 1632 9,
1511 1599 1557 1633 55,
1569 1599 1614 1633 48,
1632 1600 1676 1627 77.

1026 1642 1134 1671 Teztus.
1150 1643 1188 1672 De
1197 1645 1380 1680 disjunctione
1395 1645 1646 1680 matrimoniorum,
1657 1651 1724 1681 etc.,
1741 1655 1785 1675 us-

987 1698 1037 1726 que
1054 1691 1089 1718 ad
1103 1692 1253 1727 ignoretur,
1265 1697 1293 1718 ut
1308 1700 1375 1728 pag.
1393 1692 1459 1720 907.

1024 1748 1174 1776 Scliolium.
1192 1748 1246 1776 Tit.
1260 1749 1288 1783 2,
1301 1749 1349 1777 lib.
1362 1757 1417 1777 xxv
1436 1749 1496 1786 Dig.
1512 1753 1554 1777 est
1570 1749 1597 1777 in
1616 1750 1659 1778 tit.
1686 1751 1716 1778 11
1735 1751 1784 1778 lib.

989 1794 1073 1824 Basil.
1090 1804 1186 1824 xxvm.
1206 1796 1260 1823 Tit.
1276 1804 1340 1824 vero
1353 1796 1397 1828 17,
1417 1796 1465 1823 lib.
1491 1805 1518 1830 ν,
1530 1797 1592 1824 cod.
1619 1797 1728 1832 positus
1742 1801 1786 1825 est

987 1841 1015 1868 in
1031 1849 1091 1876 cap.
1102 1841 1146 1874 10,
1160 1842 1204 1870 tit.
1218 1842 1244 1875 7,
1260 1842 1308 1870 lib.
1322 1850 1418 1870 xxvnt.
1431 1842 1515 1870 Basil.
1530 1842 1682 1870 Justiniani
1693 1847 1786 1871 autem

988 1887 1094 1915 novella
1111 1887 1174 1921 117,
1190 1888 1279 1923 posita
1295 1893 1338 1916 est
1363 1889 1404 1924 (ut
1421 1889 1521 1923 saepius
1543 1889 1676 1925 diximus)
1694 1889 1722 1916 in
1735 1889 1784 1917 lib.

987 1941 1085 1966 xxvnt,
1104 1934 1146 1960 tit.
1160 1934 1186 1965 7,
1200 1942 1261 1969 imp.
1286 1943 1306 1968 ι,
1323 1943 1385 1970 quat
1408 1934 1448 1962 sic
1461 1942 1511 1969 pro
1537 1939 1617 1970 parte
1643 1935 1735 1968 habet,
1754 1939 1786 1963 ut

987 1978 1016 2006 in
1040 1983 1117 2006 textu
1133 1980 1331 2014 compendiOse
1357 1981 1529 2016 propositum
1544 1985 1597 2009 est.
1622 1980 1658 2008 De
1675 1981 1781 2016 nuptiis

988 2025 1095 2052 novella
1102 2025 1149 2057 22,
1160 2026 1248 2060 posita
1262 2031 1305 2054 est
1317 2026 1343 2053 in
1359 2026 1406 2053 lib.
1419 2034 1517 2059 xxvul,
1531 2026 1572 2053 tit.
1582 2026 1599 2053 4
1611 2030 1640 2053 et
1651 2026 1695 2053 14.
1706 2025 1786 2059 Quod

989 2071 1078 2108 [vero]
1088 2072 1204 2100 novellae
1221 2072 1283 2105 l27,
1295 2077 1378 2107 caput
1397 2073 1431 2100 de
1444 2072 1568 2108 repudiis
1587 2072 1710 2105 disserit,
1728 2080 1785 2100 non

988 2122 1031 2146 est
1042 2118 1161 2153 positum
1175 2118 1201 2145 in
1214 2118 1310 2152 Basil.,
1320 2119 1367 2146 sed
1383 2119 1471 2154 magis
1482 2117 1662 2154 approbatum
1675 2123 1784 2154 estcap.

989 2162 1023 2191 15
1041 2164 1153 2192 novellae
1162 2164 1213 2192 154
1223 2173 1231 2192 ι
1243 2165 1317 2200 quod
1328 2172 1390 2200 cap.
1404 2165 1433 2195 4.
1446 2164 1487 2192 tit.
1498 2164 1524 2197 7,
1535 2165 1584 2192 lib.
1596 2171 1680 2193 xvvm
1690 2169 1742 2197 est,
1752 2172 1786 2192 ac

988 2211 1197 2238 temerariorum
1216 2212 1392 2247 repudiorum
1402 2211 1430 2239 in
1442 2216 1558 2247 utraque
1572 2215 1651 2247 parte
1662 2211 1784 2247 aequales

985 2264 1046 2285 esse
1060 2265 1157 2293 poenas
1170 2258 1248 2287 dicit.
1478 2264 1496 2294 ﬂ

991 2431 999 2435 _
1022 2395 1132 2424 Textus.
1149 2396 1264 2432 Impune
1285 2401 1377 2425 autem
1400 2398 1529 2431 solvitur,
1545 2402 1611 2431 etc.,
1634 2406 1716 2434 usque
1735 2398 1783 2433 ad,

985 2441 1108 2477 quinque
1120 2450 1209 2470 annos
1222 2448 1343 2476 maneat,
1359 2444 1381 2472 si
1395 2445 1482 2472 vivat.
1499 2448 1529 2471 ut
1542 2453 1605 2480 pag.
1625 2444 1690 2472 910.

1021 2487 1167 2516 Scholium.
1198 2488 1319 2517 Novella:
1347 2489 1497 2518 Justiuiani
1530 2489 1586 2524 22,
1612 2491 1630 2518 il
1655 2497 1716 2526 cap.
1754 2489 1784 2518 in

985 2533 1027 2560 tit.
1047 2534 1073 2567 7,
1096 2534 1144 2562 lib.
1170 2542 1269 2568 xxvnt,
1287 2535 1419 2570 positum,
1440 2536 1478 2564 ait
1505 2545 1512 2564 :
1534 2536 1677 2565 Praedictis
1691 2537 1784 2565 causis

985 2580 1075 2607 visum
1093 2580 1172 2608 nobis
1196 2586 1240 2609 est
1263 2581 1427 2610 nominatim
1439 2587 1467 2610 et
1482 2583 1565 2611 hasce
1586 2590 1735 2619 apponere,
1748 2590 1784 2610 ex

985 2626 1086 2662 quibus
1095 2627 1271 2655 matrimonia
1282 2628 1433 2657 dissolvere
1447 2629 1490 2657 vel
1502 2629 1569 2658 citra
1582 2637 1693 2665 poenam
1704 2629 1782 2657 licet:

985 2676 1069 2708 atque
1084 2673 1216 2702 continuo
1229 2681 1328 2703 causas
1338 2675 1419 2703 etiam
1436 2675 1558 2708 adducit,
1570 2675 1634 2703 vitae
1649 2674 1784 2702 monasti—
1825 2671 1830 2708 j

986 2724 1025 2744 cae
1036 2725 1144 2753 nempe,
1153 2717 1192 2755 [et
1205 2719 1228 2746 si
1239 2719 1299 2756 qui]
1316 2720 1389 2748 intra
1404 2721 1557 2748 triennium
1570 2720 1715 2755 coniugem
1726 2726 1783 2748 non

989 2763 1116 2798 attingat,
1125 2769 1153 2792 et
1162 2765 1330 2801 captivitatis
1341 2766 1465 2803 [causam
1481 2766 1623 2802 denique.]
1635 2765 1783 2795 Verumta-

988 2817 1051 2838 men
1068 2818 1102 2838 ex
1116 2811 1224 2840 duabus
1239 2813 1331 2841 causis
1349 2813 1418 2841 citra
1435 2821 1544 2849 poenam
1560 2817 1643 2849 atque
1657 2813 1783 2848 qualem-

990 2863 1101 2892 cunque
1122 2856 1263 2886 dationem
1294 2859 1452 2895 conjugium
1483 2859 1563 2891 solvi,
1577 2859 1640 2887 ait:
1663 2857 1782 2893 Quando

955 2937 963 2941 _
985 2907 1055 2929 vero
1066 2901 1135 2930 alter
1158 2903 1308 2940 conjugum
1324 2904 1410 2933 vitam
1438 2905 1621 2935 monasticam
1652 2905 1781 2941 suscipit,
