1948 3070
179 165 245 203 1191

179 232 239 260 haec
260 231 348 261 dicit:
365 232 434 261 Nam
460 232 515 261 hoc
538 239 605 262 casu
620 233 762 269 iubemus,
787 236 819 262 ut
842 238 899 261 tam
919 233 980 261 viro

177 286 262 313 quam
275 279 395 312 mulieri,
407 280 441 307 ad
457 280 570 308 meliora
584 280 727 316 migranti,
743 279 868 308 solvendi
879 279 978 308 matri-

179 325 266 354 monii
284 325 369 354 simul
385 331 413 354 et
424 327 581 355 divertendi
611 331 734 362 potestas
749 327 803 355 sit:
820 326 910 363 [prius
934 332 978 354 ta-

179 371 255 408 men]
270 373 342 400 brevi
368 373 463 409 aliquo
482 373 599 401 deserta
610 373 682 409 parti
712 373 813 401 solatio
835 374 976 401 derelicto.

178 418 318 454 Quidquid
342 419 415 446 enim
439 419 639 448 contrahentes
655 420 727 455 pacti
759 424 834 453 sunt,
854 423 885 447 ut
917 424 979 455 post

178 468 297 492 mortem
312 465 424 493 alterius
439 465 517 493 lucro
525 465 646 499 cederet,
658 466 683 493 id
694 466 729 494 ab
751 466 839 494 altera
852 466 978 494 obtinere

177 511 259 538 debet
273 518 336 546 pars
351 510 470 545 deserta,
495 512 553 540 sive
565 512 608 539 vir
634 512 693 540 sive
707 513 806 540 mulier
834 514 951 550 exsistat
967 522 974 540 :

179 561 326 592 propterea
341 558 413 593 quod
427 562 454 585 et
465 558 518 586 iste
528 558 672 594 (quantum
684 559 717 586 ad
732 559 890 595 coujugem)
906 559 975 586 mori

177 605 316 637 videatur,
326 612 390 632 cum
408 605 525 633 alterum
538 606 600 633 vita:
616 606 667 633 iter
679 613 729 641 pro
744 606 833 634 altero
847 606 976 641 capessit.

178 650 233 678 Sed
252 655 280 678 et
305 651 411 679 novella
437 651 586 680 Justiniani
603 651 666 685 125,
683 652 740 680 sive
757 651 775 679 8
798 659 871 687 cap.,
890 652 902 680 l
934 652 976 680 tit.

176 696 225 725 lib.
240 696 321 725 Basil.
341 705 368 724 tv
389 697 479 733 jubet,
509 702 538 726 ut
560 703 622 725 uter
638 698 786 734 coniugum
820 699 847 726 in
872 699 977 726 mundo

177 744 292 772 relictus
305 749 358 777 est.
376 752 391 772 ιι
407 748 485 780 parte
500 752 562 780 quae
576 749 657 773 tonsa
671 745 822 780 estcapiat,
838 745 977 781 quidquid

176 798 210 818 ex
228 794 317 818 morte
335 790 396 826 ejus
406 791 514 818 ratione
529 791 601 826 pacti
627 791 779 828 [conventi]
792 793 845 827 ipsi
864 800 978 829 compe-

175 837 293 865 titurum
311 837 421 866 fuisset.
438 837 517 871 Quod
532 839 643 874 quidem
669 839 778 867 novella
801 839 847 873 2‘2,
861 840 977 868 omnino

176 883 211 911 ad
223 883 342 911 dandam
355 891 388 912 ex
403 883 466 912 aliis
492 885 584 913 causis
602 892 712 920 poenam
730 886 894 921 respiciens,
912 894 976 921 par-

175 937 241 957 vum
261 930 343 958 etiam
358 931 489 959 solatium
501 931 664 960 nominavit.
683 930 826 967 Siquidem
844 933 917 968 quod
935 941 969 961 ex

176 979 256 1010 pacto
265 974 369 1012 [datur]
386 983 466 1011 paena
479 985 533 1004 non
549 981 702 1012 reputatur.
726 978 817 1012 Atque
836 979 894 1007 haec
909 980 971 1014 qui-

175 1021 236 1050 dem
253 1022 285 1049 ad
299 1022 373 1049 hunc
391 1021 444 1058 [se]
466 1023 578 1050 modum
610 1024 720 1052 habent.
738 1024 838 1057 Quaero
867 1030 970 1060 autem,

176 1075 238 1095 cum
254 1067 362 1095 novella
385 1067 560 1103 imperatoris
576 1068 671 1096 domui
695 1068 795 1098 Leonis
809 1070 971 1106 Philosophi

177 1114 241 1147 H7,
258 1115 293 1141 ob
308 1119 450 1142 tonsuram
464 1113 556 1142 mariti
566 1115 645 1143 uxori
661 1115 841 1144 donationem
859 1122 972 1154 propter

177 1160 287 1195 nuptias
303 1168 357 1187 non
380 1160 439 1188 dari
455 1160 531 1188 dicat
553 1170 560 1187 :
577 1168 610 1188 ac
631 1160 718 1197 [vero]
734 1163 841 1190 novella
855 1163 971 1199 impera-

176 1205 246 1232 toris
261 1204 409 1233 Justiniaui
423 1205 468 1238 22,
485 1213 547 1241 quae
564 1206 694 1241 superius
711 1207 815 1243 scripta
830 1213 894 1236 sunt
913 1213 972 1236 sta-

176 1255 246 1281 tuat.
259 1255 432 1286 repeteturne
443 1258 459 1279 a
475 1251 593 1279 muliere
605 1252 748 1289 quidpiam
761 1253 872 1282 nomine
886 1254 972 1282 dona-

176 1296 260 1325 tionis
276 1303 390 1332 propter
406 1297 522 1332 nuptias
540 1306 555 1325 a
574 1298 673 1326 marito
701 1303 780 1327 tonso
806 1298 913 1337 [datam]
935 1308 968 1328 an

176 1342 252 1370 non?
264 1341 407 1375 Quondam
419 1343 483 1376 [non
498 1351 531 1370 ex
545 1344 640 1379 'pacto,
665 1345 713 1372 sed
733 1352 766 1372 ex
780 1345 839 1381 lege
857 1346 970 1375 donatio

176 1395 288 1424 propter
303 1389 414 1424 nuptias
423 1389 552 1417 dabatur.
567 1388 596 1416 Si
614 1390 680 1425 quid
696 1391 769 1418 enim
786 1391 886 1419 mulier
899 1391 970 1420 dotis

176 1435 288 1463 nomine
298 1435 391 1467 dabat,
405 1435 575 1463 tantumdem
590 1435 618 1463 in
643 1443 806 1465 communes
824 1437 970 1466 facultates

177 1481 294 1508 maritus
308 1481 429 1516 objieere
446 1481 600 1517 cogebatur
614 1491 621 1510 :
638 1483 710 1511 unde
733 1483 817 1511 etiam
839 1484 971 1512 ὑπόϐολον

176 1526 188 1564 [
206 1527 244 1563 (id
259 1528 449 1563 est,objectio,
466 1529 613 1564 oppositio,
628 1530 792 1565 suppositio,
804 1535 832 1558 et
842 1534 970 1566 tanquam

181 1573 327 1601 contraria
347 1574 489 1610 obligatio)
511 1574 574 1611 [est
598 1576 782 1604 nominatum.
798 1577 900 1605 Verum
921 1578 972 1605 hoc

176 1618 340 1654 abrogatum
349 1623 401 1652 est.
411 1624 494 1656 atque
504 1620 661 1650 istiusmodi
671 1622 849 1650 donationem
861 1628 974 1659 propter

176 1666 288 1702 nuptias
303 1667 419 1695 maritus
437 1667 518 1695 hodie
535 1672 590 1695 n‘on
612 1668 659 1695 dat
677 1678 684 1696 :
701 1668 747 1697 sed
761 1676 795 1696 ex
815 1673 894 1704 pacto
909 1678 972 1705 par-

178 1717 235 1742 tem
247 1713 368 1749 aliquam
381 1714 439 1748 dat,
456 1720 587 1750 quantam
607 1714 745 1751 [videlicet
765 1716 787 1744 si
804 1716 875 1753 ipse]
901 1724 973 1752 prae-

178 1759 324 1793 moriatur,
339 1760 420 1788 uxori
435 1765 516 1795 pacto
532 1762 698 1796 promiserit.
725 1762 802 1795 Quod
814 1762 837 1790 si
857 1763 926 1790 nihil
943 1771 974 1791 se

175 1807 334 1834 donationis
349 1812 461 1842 propter
484 1807 596 1842 nuptias
622 1808 734 1835 nomine
751 1808 880 1836 daturttm
907 1817 974 1844 pro-

177 1852 294 1885 miserit,
309 1859 398 1888 neque
413 1854 479 1880 dare
500 1854 653 1890 quidquam
665 1855 855 1890 compellatur.
873 1855 973 1884 Novel-

176 1896 231 1924 lam
250 1897 333 1932 igitur
348 1897 523 1933 imperatoris
539 1898 636 1926 domui
650 1898 751 1928 Leonis
765 1900 926 1936 Philosophi
940 1901 974 1929 de

179 1942 331 1971 donatione
341 1949 454 1978 propter
476 1945 605 1980 nuptias,
621 1953 682 1980 quae
698 1953 731 1973 ex
750 1947 834 1974 veteri
852 1947 911 1982 lege
924 1954 973 1975 co-

176 1989 252 2024 gnita
266 1994 317 2022 est,
331 1995 414 2025 atque
432 1992 591 2019 necessario
606 1992 686 2019 datur
700 2001 706 2020 :
725 1991 900 2028 imperatoris
923 2001 973 2020 au-

176 2040 232 2063 tem
242 2035 396 2064 Justiniaui
420 2037 453 2065 de
481 2037 559 2065 lucro
574 2039 692 2073 quodex
708 2044 799 2067 morte
821 2039 972 2068 secundum

175 2086 286 2117 pactum
306 2083 398 2116 datur,
421 2083 496 2119 loqui
512 2084 643 2113 arbitror.
651 2085 730 2119 Quod
744 2093 809 2120 ergo
834 2094 866 2114 ex
884 2092 973 2116 morte

175 2129 289 2158 alterius
304 2131 452 2166 coniugum
471 2132 614 2167 superstiti
637 2132 697 2159 dari
714 2133 855 2166 convenit,
880 2134 971 2170 exiget

174 2181 238 2213 post
251 2177 365 2205 alterius
381 2178 544 2213 tousionem.
553 2179 600 2212 qui
624 2179 651 2206 iu
669 2178 834 2216 [communi]
849 2180 904 2208 vita
928 2188 973 2209 re-

174 2222 257 2250 lictus
274 2226 326 2254 est,
349 2223 540 2259 qualecunque
559 2223 695 2260 [tandem]
716 2225 763 2257 sit,
778 2233 810 2253 ac
819 2226 973 2261 quomodo-

790 172 924 204 PHOTII
943 171 1200 205 PATRIABCH/E
1216 172 1271 207 ΟΡ.

1761 173 1824 210 ιιθῖ

994 235 1018 264 Α
1031 233 1085 269 γὰρ
1098 233 1247 270 κελεύομεν
1264 233 1425 270 παρρησίαν
1438 233 1510 263 εῖναι
1533 236 1583 264 καὶ
1609 236 1689 273 ἀνδρὶ
1706 238 1754 265 καὶ
1776 246 1823 272 γυ-

1035 280 1110 307 ναικὶ
1133 279 1204 315 πρὸς
1223 279 1260 307 τά
1291 280 1392 307 καλλίω
1407 281 1632 317 τμεθισταμὲνοις
1657 282 1778 310 διαλύειν
1794 283 1824 310 τὸ

1032 325 1214 359 συνοικέσιον,
1236 325 1284 353 καὶ
1306 326 1461 362 ἀναχωρεῖν
1494 328 1565 363 μετά
1592 336 1665 361 τινος
1693 328 1822 365 βραχείας

1031 372 1268 408 ὑπολελειμμένης
1294 372 1335 407 τῷ
1366 374 1628 410 καταλελειμμένων
1649 376 1823 412 παραμυθίας

1031 419 1122 455 Ὅπερ
1136 419 1191 454 γὰρ
1217 419 1251 447 ἂν
1280 421 1493 456 σνμφωνήσαιεν
1514 422 1539 448 ot
1558 421 1757 457 συμϐάλλοντες
1772 423 1823 450 ἀπὸ

1029 465 1159 500 τελευτῆς
1172 465 1295 500 γίνεσθαι
1306 466 1411 502 κέρδος,
1427 467 1506 494 τοῦτο
1518 467 1591 502 ἔχειν
1604 467 1646 494 δεῖ
1655 467 1702 495 τὸν
1712 469 1824 496 καταλε-

1030 510 1181 546 λειμμένον
1193 511 1270 546 παρά
1285 512 1401 548 θατέρου
1419 513 1475 540 εἴτε
1483 512 1564 548 ἀνὴρ,
1592 513 1647 540 εἴτε
1661 514 1731 550 γυνὴ
1744 514 1822 542 καθε-

1030 559 1138 593 στήκει.
1148 559 1220 585 Διότι
1228 559 1275 586 καὶ
1285 556 1363 591 οὗτος
1372 559 1402 586 τό
1410 568 1442 594 γε
1451 559 1499 586 ἐπὶ
1506 559 1745 596 τῴξσυνοικήσαντι
1752 561 1823 588 δοκεῖ

1027 605 1168 640 τελευτᾷν,
1183 604 1281 640 ἑτέραν
1295 604 1354 631 ἀνθ’
1367 605 1465 641 ἐτέρας
1478 605 1537 641 βίου
1551 607 1667 641 πορείαν
1681 606 1820 642 ἑλόμενος.

1035 650 1117 677 Ἀλλὰ
1131 651 1180 678 καὶ
1195 650 1256 686 ρκγ¹
1274 651 1491 683 Ἰουστινιάνειος
1504 652 1590 688 νεαρά
1604 652 1665 688 ἦτοι
1674 652 1705 680 τὸ
1721 656 1748 688 η’
1758 661 1820 688 κεφ.

1027 696 1076 723 ⁸τοῦ
1083 699 1106 723 α’
1117 697 1170 724 τίτ.
1184 697 1233 724 τοῦ
1246 695 1268 724 δ’
1283 696 1386 732 βιϐλίου
1396 698 1451 725 τῶν
1467 697 1623 725 Βασιλικῶν
1636 698 1822 734 παρακελεύσ-

1027 751 1072 771 ται
1082 743 1129 770 τὸν
1140 743 1220 779 ἐνιτῷ
1233 743 1330 780 κόσμῳ
1342 744 1554 780 περιλειφθέντα
1566 745 1599 772 ἐκ
1611 744 1666 772 τῶν
1679 745 1823 781 ὁμοζύγων

1027 789 1176 825 λαμϐάνειν
1192 790 1246 817 ἀπὸ
1262 790 1310 817 τοῦ
1325 791 1426 826 μέρους
1438 791 1485 817 τοῦ
1501 791 1699 826 ἀποκαρέντος,
1709 790 1776 817 εἴτι
1791 791 1823 818 ἐκ

1027 835 1078 870 τῆς
1085 835 1270 871 προτελευτῆς
1285 835 1381 862 τούτου
1396 835 1450 862 ἀπὺ
1464 835 1610 871 συμφώνου
1627 834 1724 870 ἔμελλε
1735 842 1822 870 προσ-

1028 881 1149 917 αρμόσαι
1162 880 1237 916 αὐτῷ
1250 889 1258 897 ·
1276 881 1346 916 ὅπερ
1361 881 1409 908 καὶ
1422 880 1553 916 βραχείαν
1565 880 1744 917 παραμυθίαν
1754 879 1819 907 ἐ.κά-

993 919 1013 946 B
1028 927 1116 956 λεσεν.
1140 927 1172 954 Ἦ
1184 927 1228 963 κβν
1238 928 1326 963 νεαρὰ
1342 927 1450 958 πάντως
1466 927 1535 963 πρδς
1549 927 1599 962 τὴν
1608 928 1641 954 ὲκ
1658 926 1712 954 τῶν
1723 926 1824 962 ἐτέρων

1027 972 1124 1000 αἰτιῶν
1140 972 1282 1009 διδομένην
1302 973 1399 1008 ποινὴν
1419 971 1609 1007 ἀποὸλέψασα.
1627 972 1665 998 Τὸ
1687 971 1745 1007 γάρ
1769 971 1824 998 ἀπὸ

1030 1019 1179 1056 συμφώνου
1188 1019 1249 1046 οὐδὲ
1264 1020 1344 1055 ποινὴ
1358 1020 1476 1054 λέγεται.
1487 1019 1541 1046 Καὶ
1549 1019 1637 1046 ταῦτα
1652 1018 1702 1054 μὲν
1717 1017 1824 1054 ἔχουσιν

1028 1063 1111 1091 οὕτω.
1133 1064 1244 1100 Ἐρωτῶ
1258 1064 1287 1091 δὲ
1301 1064 1351 1099 τῆς
1366 1062 1398 1097 ιζ’
1410 1064 1512 1099 νεαρᾶς
1519 1063 1567 1090 τοῦ
1583 1063 1717 1099 βασιλέως
1728 1062 1823 1097 κυρίου

1027 1110 1144 1143 Λέοντος
1160 1110 1208 1137 τοῦ
1226 1111 1373 1146 φιλοσόφου
1389 1110 1523 1147 λεγούσης
1537 1110 1566 1144 ἐξ
1583 1109 1765 1145 ἀποκάρσεως
1775 1107 1823 1135 τοῦ

1029 1156 1127 1191 ἀνδρὸς
1146 1156 1184 1193 μὴ
1198 1156 1318 1184 δίδοσθαι
1334 1156 1467 1184 ὑπὸϐολον
1494 1157 1527 1193 τῇ
1552 1155 1676 1190 γυναικί.
1700 1155 1756 1182 Kal
1772 1153 1824 1190 τῆς

1028 1203 1069 1240 ρβ¹
1083 1205 1185 1239 νεαρᾶς
1200 1203 1248 1231 τοῦ
1265 1203 1399 1240 βασιλέως
1420 1203 1612 1231 Ἰουστινιανοῦ
1633 1202 1824 1239 διοριζομένης

1026 1249 1061 1276 τά
1073 1249 1216 1285 γραφέντα
1238 1249 1353 1283 ἀνωθεν,
1382 1249 1607 1286 ἀπαιτηοησεταί
1626 1257 1652 1276 τι
1679 1248 1755 1285 παρά
1771 1248 1823 1282 τῆς

1027 1295 1158 1329 γυναικὸς
1184 1295 1276 1331 χάριν-
1290 1295 1423 1322 ὑποόόλου
1446 1296 1479 1322 ἐκ
1500 1294 1549 1322 τοῦ
1574 1295 1761 1331 ἀποκαρέντος
1777 1294 1823 1321 ἀν-

1026 1341 1100 1376 δρὸς,
1117 1341 1193 1376 ῆοῦ·
1221 1341 1252 1368 τὸ
1270 1342 1386 1370 παλαιὸν
1407 1342 1458 1369 οὐκ
1477 1342 1532 1369 ἀπὸ
1556 1340 1704 1378 συμφώνου
1720 1340 1823 1368 ἐδίδοτο

1026 1388 1058 1415 τὸ
1072 1388 1204 1416 ὑπόὸολον
1221 1389 1290 1416 ἀλλὰ
1303 1389 1357 1416 ἀπὸ
1370 1387 1417 1416 τοῦ
1434 1388 1530 1424 νόμου.
1547 1388 1583 1415 Εἴ
1605 1397 1632 1415 τι
1649 1387 1705 1422 γὰρ
1716 1387 1733 1422 ή
1751 1386 1822 1422 γυνὴ

1027 1435 1113 1462 ἐδίδου
1128 1435 1209 1471 χάριν
1226 1435 1351 1471 προικὸς,
1371 1435 1499 1463 τοσοῦτον
1513 1436 1560 1462 καὶ
1577 1435 1591 1461 ὁ
1613 1434 1683 1470 ἀνὴρ
1700 1433 1822 1460 61:06a-

1027 1481 1084 1508 λειν
1104 1483 1188 1508 ποσὸν
1201 1483 1241 1513 είς
1265 1484 1316 1517 τὴν
1337 1482 1431 1518 κοινὴν
1458 1481 1620 1518 περιουσίαν
1637 1481 1820 1516 ἠναγκάζετο,

1027 1527 1089 1555 ὃθεν
1100 1528 1148 1555 καὶ¹
1171 1527 1305 1556 ὑπὸὃολον
1322 1527 1510 1564 ὠνοματίσθη.
1534 1526 1620 1555 Τοῦτο
1640 1527 1670 1555 δὲ
1686 1526 1821 1563 ἀνῃρέθη.

986 1586 1009 1617 C
1029 1573 1084 1600 Kal
1099 1574 1220 1610 σήμερον
1245 1574 1368 1601 τοιοῦτον
1387 1573 1520 1601 ὑπόσολον
1534 1574 1549 1600 ὁ
1565 1573 1635 1609 ἀνὴρ
1647 1573 1678 1600 οὒ
1693 1573 1823 1605 ’δίδωσιν,

1026 1619 1095 1647 ἀλλὰ
1109 1619 1165 1647 ἀπὺ
1186 1620 1335 1655 συμφώνου
1360 1620 1452 1648 δίδωσι
1474 1629 1500 1647 τι
1523 1620 1606 1656 μέρος
1622 1620 1685 1647 ὅσον
1709 1628 1824 1654 συμφω-

1025 1668 1094 1704 νήσῃ
1109 1668 1142 1695 ἐκ
1156 1669 1342 1704 προτελευτῆς
1357 1670 1390 1705 τῇ
1412 1669 1535 1703 γυναικί.
1553 1669 1585 1695 Εἰ
1609 1668 1638 1695 δὲ
1654 1667 1692 1703 μὴ
1707 1675 1823 1702 συμφω-

1024 1715 1210 1752 νήσῃίδοῦναί
1235 1724 1262 1741 τι
1278 1715 1349 1751 ὑπὲρ
1364 1715 1496 1742 ὑποΰόλου
1513 1715 1564 1742 οὐκ
1581 1713 1823 1749 ἀναγκασθήσεται

1024 1759 1119 1787 δοῦναί
1136 1769 1172 1787 τι.
1188 1760 1302 1794 Νομίζω
1314 1760 1361 1787 οὖν
1376 1761 1416 1788 ὅτι
1429 1762 1446 1796 ἠ
1461 1761 1510 1796 μὲν
1525 1761 1610 1797 νεαρά
1623 1759 1671 1787 τοῦ
1688 1759 1824 1795 βασιλέως

1024 1807 1120 1843 κυρίου
1145 1807 1259 1840 Λέοντος
1284 1807 1332 1834 τοῦ
1346 1807 1503 1843 ,φιλοσόφου
1526 1807 1595 1843 περὶ*
1611 1806 1661 1834 τοῦ
1685 1806 1822 1833 ὕποὸόλου

1024 1853 1092 1888 φησὶ
1102 1853 1149 1880 τοῦ
1164 1855 1196 1880 ὲκ
1211 1854 1258 1880 τοῦ
1271 1853 1388 1888 παλαιοῆ
1396 1854 1479 1890 νόμου
1492 1853 1757 1889 ὲπιγινωσκομένου,
1774 1853 1824 1880 καὶ

1024 1899 1053 1932 ἐξ
1065 1899 1188 1935 ἀνάγκης
1208 1900 1361 1936 διδομένου.
1385 1899 1417 1927 Ἦ
1434 1901 1464 1927 δὲ
1479 1901 1527 1927 τοῦ
1555 1900 1689 1936 βασιλέως
1709 1900 1824 1927 ’1ουστι-

1023 1946 1116 1973 νιανοῦ
1130 1947 1194 1981 περὶ
1214 1947 1261 1973 τοῦ
1278 1946 1391 1982 κέρδους
1404 1946 1452 1974 τοῦ
1481 1947 1514 1974 ὲκ
1535 1946 1721 1983 προτελευτῆς
1748 1946 1824 1974 κατά

1022 1993 1054 2020 τὸ
1072 1993 1221 2029 σύμφωνον
1242 1993 1395 2029 διδομένου.
1425 1992 1462 2020 Τὸ
1487 1993 1554 2027 γοῦν
1576 1994 1609 2020 ὲκ
1632 1992 1821 2029 προτελευτῆς

1023 2039 1083 2071 ἐνὸς
1101 2039 1155 2066 τῶν
1168 2039 1313 2075 ὀμοζύγων
1325 2039 1508 2074 συμφωνηθὲν
1521 2038 1641 2066 δίδοσθαι
1655 2039 1740 2066 ποσὸν
1750 2038 1823 2074 πρὸς

1022 2084 1069 2111 τὸν
1081 2085 1299 2120 ὲναπομείναντα
1316 2084 1455 2119 ἀπατήσει
1470 2084 1540 2119 μετά
1550 2084 1601 2119 τὴν
1614 2084 1647 2111 ὲκ
1660 2084 1709 2110 τοῦ
1720 2083 1821 2119 ἑτέρου

1022 2130 1187 2166 ἀπόκαρσιν,
1201 2131 1215 2158 ὁ
1241 2131 1281 2162 είς
1306 2130 1353 2157 τὸν
1364 2130 1423 2166 βίον
1443 2129 1624 2167 περιληφθεὶς
1637 2127 1698 2157 οἷον
1720 2128 1754 2156 ἂν
1769 2129 1823 2156 καὶ

1022 2175 1092 2209 ἐστι,
1107 2176 1155 2202 καὶ
1167 2176 1241 2207 ὅπως
1255 2175 1288 2203 ἂν
1303 2175 1439 2209 καλεῖται,
1454 2175 1502 2202 καὶ
1524 2166 1671 2210 συμῖαίνει
1698 2173 1817 2209 τοιούτῳ

1021 2222 1117 2258 τρόπῳ
1131 2221 1178 2248 ἐὰν
1190 2222 1320 2258 ἀποκαρῇ
1336 2222 1353 2257 ὴ
1361 2222 1568 2258 γυνὴξὰπαιτεῖν
1580 2221 1626 2248 τὸν
1643 2221 1728 2256 ἀνδρα
1744 2220 1777 2247 τὸ
1788 2221 1822 2247 ὲκ

174 2276 283 2303 cunque
299 2274 484 2304 uuncupetur.
509 2270 599 2305 Atque
625 2270 652 2298 id
670 2272 804 2307 contingit
834 2272 970 2309 [quidem]

1026 2267 1208 2302 πρπελευτῆς
1219 2267 1316 2303 ἐκείνῳ
1328 2266 1510 2302 συμφωνηθὲν
1525 2266 1637 2302 δοθῆναι
1646 2265 1687 2301 τῷ
1695 2265 1824 2301 περιόντι

174 2314 229 2342 hoc
248 2315 340 2347 modo,
353 2320 384 2342 ut
396 2316 420 2343 si
432 2316 530 2343 mulier
541 2316 697 2350 tondeatur,
711 2319 827 2346 maritus
835 2326 868 2346 cx
885 2324 974 2347 morte

175 2360 235 2395 ejus
250 2360 327 2397 [sibi]
352 2362 496 2396 superstiti
515 2363 574 2391 dari
606 2364 771 2398 promissam
789 2366 972 2399 quantitatem

176 2408 283 2435 tametsi
302 2407 434 2436 ὑπόὸολον
446 2409 561 2436 abusive
573 2413 697 2442 vocetur,
713 2402 816 2445 erigat.

213 2453 323 2481 Textus.
339 2455 416 2488 Quod
438 2462 520 2490 porro
536 2462 683 2490 consensu,
693 2456 853 2492 etc.,!usque
867 2457 903 2484 ad
917 2464 972 2485 non

173 2505 215 2528 est
225 2499 356 2532 obnoxia.
375 2506 403 2528 ut
416 2509 480 2536 pag.
495 2501 560 2530 910.

210 2590 359 2620 Scholium.
373 2591 469 2620 Const.
481 2593 509 2625 9.
525 2594 568 2621 tit.
582 2594 627 2627 t7,
640 2594 689 2622 lib.
712 2602 739 2622 v.
755 2595 815 2623 cod.
833 2602 971 2624 consensu

173 2639 383 2667 matrimonium
401 2640 467 2667 solvi
482 2641 588 2673 statuit,
605 2649 667 2676 qua:
694 2641 721 2669 in
739 2641 824 2669 Basil.
841 2650 896 2669 nou
915 2647 968 2670 est.

161 2685 227 2713 ‘Sed
243 2692 331 2721 neque
341 2685 431 2722 [illud]
451 2686 502 2719 U1
528 2687 644 2714 novellae
663 2689 808 2723 cap.quod
832 2695 970 2717 consensu

177 2731 348 2769 [faciendas]
365 2734 533 2760 matrimonii
562 2733 761 2762 dissolutioues
785 2735 911 2770 abrogat,
941 2736 969 2763 iu

173 2776 257 2804 Basil.
269 2777 391 2812 positum
405 2783 457 2812 est,
474 2778 522 2806 sed
538 2786 588 2814 pro
605 2786 638 2807 eo
658 2780 778 2814 positum
798 2785 840 2808 est
855 2781 970 2809 novella:

175 2821 240 2854 154,
255 2829 317 2857 cap.
335 2822 379 2856 15,
391 2824 465 2858 quod
491 2828 534 2852 est
548 2832 609 2860 cap.
638 2826 666 2858 4,
693 2826 734 2853 tit.
760 2826 786 2859 7,
803 2827 854 2854 lib.
881 2827 968 2855 Basii.

174 2874 273 2900 xxvtu;
290 2869 363 2902 quod
373 2877 435 2896 cum
446 2870 620 2905 imperatoris
633 2871 780 2900 Justiniani
791 2873 851 2906 117,
863 2873 970 2909 legisla-

176 2910 249 2938 tione
262 2911 334 2940 idem
347 2914 428 2942 valet.
443 2914 491 2944 Est
505 2921 596 2945 autent
618 2917 726 2946 novella
742 2916 892 2947 Iustiniani
904 2919 968 2953 140,

1025 2313 1110 2340 ποσὸν
1123 2313 1176 2341 κᾶν
1187 2312 1319 2340 ὑπόὸολον
1334 2313 1457 2340 καλεῖται
1470 2311 1711 2349 καταχρηστικῶς.

1027 2442 1218 2488 σΚειμεγον.
1239 2453 1276 2480 Τὸ
1289 2453 1319 2480 δὲ
1335 2454 1407 2481 κατά
1428 2455 1582 2482 συναίνεσιν
1608 2455 1678 2492 πρὸς
1700 2456 1732 2483 τδ
1747 2464 1827 2492 συμ-
1847 2458 1860 2467 ⁸

1024 2500 1209 2536 φωνούμενον,
1227 2509 1255 2528 κ.
1271 2509 1297 2528 τ.
1313 2500 1356 2534 λ.,
1375 2509 1464 2536 usque
1481 2502 1515 2529 ad
1532 2502 1725 2539 ἀναχωροῦσα,
1746 2503 1788 2536 ὡς
1805 2504 1825 2539 ἡ

1024 2547 1094 2583 αὐτὴ
1107 2546 1158 2583 ριξ¹
1170 2547 1267 2583 νεαρά.

1059 2595 1197 2629 Σχόλιον.
1217 2595 1249 2622 'H
1273 2593 1296 2622 θ’
1319 2595 1391 2622 διάτ.
1416 2595 1464 2622 τοῦ
1479 2594 1511 2628 ιζ’
1535 2596 1588 2623 τίτ.
1607 2595 1656 2623 τοῦ
1676 2597 1696 2622 ε’
1714 2595 1826 2631 βιϐλίου

1024 2641 1072 2669 τοῦ
1088 2641 1205 2673 κώδικος
1221 2641 1370 2677 διορίζεται
1385 2642 1456 2669 κατὰ
1471 2643 1625 2670 συναίνεσιν
1639 2642 1753 2669 λύεσθαι
1773 2643 1826 2670 τὸν

1023 2687 1121 2722 γάμον,
1137 2687 1200 2723 ἣτις
1213 2688 1243 2714 οὺ
1259 2688 1348 2714 κεῖται
1367 2688 1407 2720 εἰς
1425 2688 1459 2715 τὰ
1472 2688 1616 2722 Βασιλικὰ,
1637 2688 1694 2716 ἀλλ’
1714 2689 1779 2716 οὐδὲ
1793 2689 1827 2717 τὸ

1022 2734 1071 2769 τῆς
1083 2733 1133 2770 ριζ¹
1147 2735 1248 2769 νεαρᾶς
1265 2743 1328 2770 κεφ.
1340 2735 1370 2762 τὸ
1383 2735 1516 2771 ἀναιροῦν
1535 2735 1584 2768 τὰς
1597 2735 1670 2762 κατά
1692 2736 1827 2763 συναινε-

1023 2788 1066 2807 σιν
1083 2780 1178 2812 λύσεις
1191 2781 1238 2807 τοῦ
1255 2781 1357 2816 γάμου,
1371 2782 1451 2818 ἐτέθη
1469 2783 1510 2814 εἰς
1525 2782 1560 2808 τὰ
1579 2781 1724 2811 Βασιλικά.
1747 2783 1827 2810 Ἀλλ’

1022 2826 1082 2854 ἀντὶ
1093 2827 1197 2854 τούτων
1215 2827 1296 2864 ἐτέθη
1321 2828 1355 2863 ιγ¹
1375 2836 1439 2864 κεφ.
1459 2829 1509 2864 τῆς
1525 2828 1579 2864 ρλδ¹
1593 2830 1707 2865 νεαρᾶς.
1726 2829 1826 2865 Ὅπερ

1022 2872 1080 2900 ἔστι
1095 2882 1159 2908 κεφ.
1173 2873 1194 2901 δ’
1203 2874 1251 2902 τοῦ
1262 2874 1285 2907 ζ’
1299 2875 1353 2902 τίτ.
1381 2875 1428 2902 τοῦ
1446 2875 1488 2912 κη¹
1511 2875 1615 2911 βιϐλίου
1640 2875 1828 2912 ἰσοδυναμοῦν

1021 2921 1054 2956 τῇ
1072 2920 1228 2958 ριξνεαρᾷ.
1251 2922 1284 2949 Ἦ
1298 2922 1444 2959 νομοθεσία
1458 2922 1505 2950 τοῦ
1520 2922 1654 2959 βασιλέως
1673 2923 1824 2950 Ἰουστίνου
