1948 3070
133 179 201 212 1193

629 180 872 212 NOMOCANON.
893 192 929 198 ·-
947 181 1022 212 ΤΙΤ.
1041 182 1126 219 XIII,
1148 184 1226 215 CAP.
1247 186 1271 216 V

1712 185 1778 218 1191

129 237 189 264 ἐστὶ
201 236 286 272 νεαρὰ
308 236 524 267 Ἰουστινιάνειος
534 237 589 272 pp‘,
604 236 665 272 ἥτις
682 236 743 262 οὐδὲ
757 230 830 268 ὅλωξ
840 236 922 271 ἐτέθη

988 246 1035 271 tua:
1050 238 1125 265 nullo
1141 239 1222 267 modo
1237 239 1265 268 in
1276 239 1369 275 ,Basil.
1389 241 1482 275 posita
1502 245 1555 268 est.
1584 240 1662 274 Quod
1686 247 1778 270 autem

129 283 169 314 εις
184 281 328 308 Βασιλικά.
342 282 396 308 Καὶ
414 281 445 308 τὸ
459 282 509 317 τὴν
526 281 662 315 ἄπροικον
677 282 802 317 γαμετὴν
817 281 924 317 λαμὸά-

130 337 186 355 νειν
201 328 231 354 τὸ
244 328 293 363 τῆς
316 328 441 363 ἀνδρώας
459 328 621 362 περιουσίας
634 329 666 355 ἐκ
682 328 730 355 τοῦ
750 328 855 362 ἀλόγως
877 330 923 363 ῥε-

131 375 322 401 πουδιατεῦσαι
341 375 419 406 αὐτὸ,
437 375 520 410 μέρος
535 375 594 401 ἐστὶ
617 376 668 410 τῆς
691 373 742 411 pii.“
758 375 859 410 νεαρᾶς
875 374 922 402 τοῦ

129 420 263 454 βασιλέως
284 421 485 448 ’1ουστινιανοῦ.
504 420 578 456 Πλὴν
596 421 658 448 οὐδὲ
678 421 760 448 τοῦτο
781 422 861 457 ἐτέθη
880 422 922 453 εις

129 466 162 493 τὰ
178 466 317 501 βασιλικά.

164 513 319 547 Κείμενον.
342 512 476 540 Τοσοῦτον
498 513 527 539 δὲ
551 513 692 540 ἀκώλυτόν
714 514 790 539 ἐστιν
818 514 834 548 ἡ
869 512 927 539 τῶν

129 558 225 593 γάμων
240 559 372 592 διάλυσις,
387 568 413 585 κ.
436 568 462 585 τ.
488 559 514 586 λ.
546 567 633 593 usque
658 561 692 586 ad
717 559 926 594 ἐπερωτηθεῖσα

979 284 1101 312 indotata
1133 293 1202 313 uxor
1228 294 1261 313 ex
1294 287 1466 314 maritalibns
1498 288 1587 319 bonis,
1633 296 1695 315 cum
1731 289 1778 316 illc

978 329 1088 366 [ipsam]
1105 330 1172 358 citra
1190 331 1324 359 rationem
1339 333 1473 367 repudiat,
1487 334 1670 368 quadrantem
1688 335 1773 369 capit,

976 380 1018 402 est
1031 383 1094 409 pars
1127 377 1240 404 novella;
1269 377 1443 413 imperatoris
1468 379 1617 406 Justiniaui
1646 380 1707 411 117,
1725 380 1777 408 sed

978 429 1067 456 neque
1082 422 1139 450 hate
1155 423 1182 449 in
1195 422 1280 452 Basil.
1298 425 1386 459 posita
1398 430 1451 452 est.

978 512 1085 540 Textus.
1099 512 1191 547 Usque
1207 514 1273 542 adeo
1290 519 1379 542 autem
1396 516 1645 548 matrimoniorum,
1659 521 1713 543 etc.
1731 525 1778 544 us-

976 566 1026 593 que
1043 560 1078 585 ad
1093 560 1169 586 irrita
1186 564 1238 591 est,
1255 566 1282 586 ut
1297 569 1356 596 pag.
1376 561 1448 588 910.

129 606 218 640 ποινή.

165 651 312 680 ScIIotium.
338 651 397 687 Dig.
428 652 471 683 18.
489 653 529 679 tit.
544 653 569 684 l,
592 652 639 680 lib.
661 651 719 686 Dig.
735 659 798 680 XLV.
813 656 855 678 est
869 657 930 685 cap.
943 649 986 682 l8.
1004 649 1047 677 tit.
1065 649 1090 683 l,
1102 650 1149 677 lib.
1166 658 1233 678 xmtt
1258 650 1343 678 Basil.
1359 651 1433 686 quod
1444 651 1485 679 sic
1501 651 1581 680 habet
1602 662 1608 680 :
1637 652 1715 680 Irrita
1732 657 1776 681 est

129 699 305 734 stipulatione
327 700 475 726 constituta
504 706 595 733 poena,
618 698 641 725 si
666 698 746 732 culpa
769 698 884 724 alterius
908 697 1056 732 conjugum
1082 697 1229 724 divortium
1252 696 1353 725 factum
1385 697 1481 730 fuerit,
1505 704 1581 726 utne
1605 700 1775 733 privatorum

130 746 270 774 hominum
293 745 380 780 pactis
401 751 481 779 poena
496 745 604 780 publica
619 745 778 779 perimatur.
802 743 915 776 Quaaras
933 743 981 770 lib.
998 751 1075 775 xxtx,
1089 744 1128 770 tit.
1138 743 1164 775 5,
1182 751 1242 778 cap.
1258 744 1286 776 5,
1307 750 1335 770 et
1360 744 1403 771 tit.
1417 745 1444 776 6,
1472 745 1519 771 lib.
1533 753 1608 776 thu.
1621 753 1681 779 cap.
1694 747 1722 777 ‘2,
1749 756 1778 777 (ιι

129 793 219 819 thema
247 792 275 824 5,
301 799 360 826 cap.
381 790 427 823 97,
447 790 486 818 tit.
503 791 529 822 l,
548 791 596 819 lib.
618 798 697 823 xuu,
723 795 750 817 et
774 791 863 817 thema
882 791 908 821 l,
926 797 987 824 cap.
1009 789 1061 817 154
1076 790 1197 824 ejusdem
1212 790 1260 816 lib.
1279 794 1306 817 et
1330 790 1383 823 tit.,
1398 796 1425 817 et
1442 791 1532 818 thema
1549 791 1577 823 2,
1594 799 1654 826 cap.
1672 793 1733 825 t2l,
1747 798 1777 819 et

129 839 197 867 lib."
214 857 222 869 ,
238 838 279 865 tit.
294 837 322 869 2,
339 845 400 872 cap.
413 836 477 868 245.
498 842 525 865 et
545 837 592 864 lib.
606 844 701 868 xxvut,
724 837 799 868 tit.7,
812 844 873 871 cap.
892 835 924 875 7,,

989 857 994 862 .
1009 835 1111 870 Digest.
1129 835 1191 867 151,
1205 836 1246 862 tit.
1264 835 1289 867 1,
1305 836 1352 863 lib.
1365 843 1427 862 ειν.
1446 835 1546 870 Digest.
1569 841 1611 863 est
1629 844 1690 872 cap.
1713 837 1776 876 154‘

130 886 171 914 tit.
190 884 271 916 l,lib.
289 891 365 911 thlt.
381 883 461 910 Basil.
479 883 551 918 quod
580 883 662 910 habet
684 883 915 917 quemadmodum
949 883 974 910 in
996 887 1069 910 textu
1101 883 1232 916 scriptum
1260 886 1312 909 est.
1333 882 1476 921 Clmmnus
1497 882 1524 908 in
1550 882 1672 917 margine
1698 885 1778 911 scho-

128 931 195 959 lium
223 932 368 966 aseripsit,
389 932 460 966 quod
486 931 582 965 paucis
600 930 693 968 [illud]
720 937 780 964 cap.
808 930 1024 964 interpretatur:
1049 929 1182 963 etdecet,
1208 930 1319 964 quando
1339 930 1372 956 de
1397 929 1490 958 futuro
1517 932 1692 958 matrimonio
1712 938 1778 958 con-

127 978 236 1012 scripta:
255 977 434 1013 obligationes
454 975 602 1003 efﬁcaciam
629 975 729 1002 habere
758 975 890 1005 debeant,
907 978 934 1000 et
958 973 1067 1008 quando
1079 981 1144 1000 non.
1168 973 1270 1000 Verum
1287 978 1315 1000 tu
1336 974 1374 1001 illi
1384 975 1490 1003 scholio
1507 983 1541 1002 ne
1556 976 1777 1011 auscultaveris;

127 1024 173 1051 sed
185 1028 262 1051 notes
275 1031 309 1050 ex
335 1023 387 1050 hoc
406 1031 466 1057 cap.
491 1023 563 1057 quod
588 1021 827 1048 matrimoniorum
844 1019 1006 1055 obligatoria
1027 1020 1219 1052 instrumenta,
1245 1021 1268 1047 si
1289 1021 1399 1056 quidem
1431 1030 1446 1048 a
1469 1022 1537 1049 solis
1559 1021 1658 1049 fulturis
1679 1024 1777 1056 conju-

127 1071 208 1105 gibus
231 1069 356 1097 conlecta
379 1068 493 1102 fuerint,
516 1072 650 1103 quantum
670 1067 703 1094 ad
731 1075 839 1102 poenam
860 1067 895 1094 ob
921 1066 1028 1094 illorum
1058 1067 1304 1102 transgressionem
1321 1068 1500 1102 exigendam,
1532 1068 1649 1095 invalida
1685 1074 1750 1095 sunt
1769 1074 1776 1091 :

127 1118 149 1144 ti
167 1124 230 1143 vero
245 1116 279 1143 ab
307 1116 361 1142 illis
375 1114 553 1150 quibuspiam
569 1114 719 1141 ettiraciam
742 1113 870 1145 habeant,
896 1118 924 1139 et
938 1113 959 1139 si
974 1113 1053 1147 culpa
1077 1114 1278 1147 utriuscunque
1310 1113 1464 1141 futurorum
1492 1115 1642 1150 conjugum
1680 1115 1778 1141 matri-

128 1164 248 1190 monium
270 1163 420 1197 pertectum
439 1169 493 1188 non
513 1160 606 1191 fuerit.
619 1160 692 1187 abeo
717 1159 764 1194 qui
791 1167 821 1186 se
839 1159 1011 1190 ell'ecturum,
1026 1164 1054 1186 ut
1086 1159 1132 1186 ille
1156 1160 1360 1187 matrimonium
1387 1160 1470 1192 ineat,
1498 1161 1665 1195 promiserit,
1696 1168 1778 1195 pinna

125 1209 261 1242 exigatur.
283 1208 397 1242 Quaeras
422 1208 504 1235 etiam
519 1207 640 1234 Palmum
656 1206 706 1243 [in]
718 1214 779 1241 cap.
795 1208 819 1239 l,
837 1206 912 1238 tit.l,
930 1207 975 1233 lib.
1000 1214 1084 1233 xxvm
1099 1228 1105 1239 ,
1120 1212 1146 1233 et
1164 1215 1224 1241 cap.
1242 1207 1309 1234 lict
1328 1207 1361 1234 l5
1384 1207 1563 1242 Ejustlt’llliil).
1581 1213 1607 1234 et
1622 1208 1662 1234 tit.
1683 1209 1776 1235 (,‘oost-

125 1259 153 1290 2,
172 1258 213 1284 tit.
227 1257 329 1288 58,1ib.
350 1264 396 1285 Vlll
410 1256 472 1283 cod.
488 1260 530 1282 est
545 1262 606 1289 cap.
618 1255 698 1287 ‘2,lil.
711 1255 738 1286 6,
752 1255 799 1281 lib.
819 1262 898 1288 mu,
914 1255 986 1289 quod
1005 1255 1085 1282 habet
1099 1260 1127 1281 ut
1139 1256 1164 1282 in
1181 1260 1255 1282 textu
1277 1256 1410 1291 set-iptum
1424 1261 1475 1283 est.
1491 1257 1580 1291 Atque
1602 1257 1628 1283 in
1643 1257 1685 1283 his
1701 1256 1778 1292 [qui-

128 1302 202 1338 dem]
217 1302 307 1329 civilis
333 1302 375 1329 lex
419 1300 574 1337 [vertitur.]
599 1299 678 1327 Scias
701 1308 765 1327 vero
777 1301 849 1334 quod
875 1307 1065 1334 saepenumero
1082 1300 1229 1334 qutesitom
1255 1301 1301 1333 sit,
1331 1309 1365 1328 an
1388 1302 1433 1336 qui
1458 1302 1613 1329 istiusmodi
1637 1302 1775 1336 obligato-

131 1340 172 1376 ria
193 1349 227 1376 de
246 1348 349 1382 nuptiis
374 1349 569 1379 instrumenta,
596 1352 643 1373 aut
657 1347 740 1374 etiam
757 1346 783 1373 in
811 1346 928 1373 infirmis
951 1346 1144 1380 sponsalibus,
1174 1347 1310 1380 nuptiales
1336 1348 1477 1381 pactiones
1499 1355 1561 1374 cum
1588 1349 1701 1374 muliere
1723 1348 1775 1374 ali-

130 1403 185 1430 qua
202 1394 375 1429 interposuit,
404 1398 548 1428 postquam
569 1393 730 1428 obligatoria
746 1392 938 1424 instrumenta,
962 1392 1003 1419 vel
1025 1397 1122 1426 praeter
1145 1391 1191 1426 jus
1216 1391 1307 1428 [inita]
1344 1393 1483 1427 sponsalia
1504 1394 1668 1428 reprobarit,
1693 1393 1773 1420 aliam

130 1447 242 1466 uxorem
265 1439 382 1470 ducere,
411 1442 458 1465 aut
486 1438 513 1464 in
540 1437 689 1472 presbyteri
715 1442 817 1463 statum
846 1436 924 1463 evehi
950 1437 1048 1470 possit.
1065 1437 1105 1463 'l‘u
1122 1437 1276 1472 igiturdic,
1303 1438 1375 1471 quod
1401 1439 1423 1465 si
1454 1447 1581 1473 persona,
1606 1448 1666 1473 ψηε
1686 1441 1709 1466 ci
1726 1441 1774 1473 qui

128 1485 258 1522 sacerdos
284 1485 341 1511 lit-ri
363 1485 431 1516 vult,
463 1484 599 1519 desponsa
625 1488 677 1516 est,
703 1488 828 1518 tempore
851 1484 1052 1519 rcprohationis
1078 1484 1324 1510 instrumentorum
1347 1489 1454 1512 sextum
1482 1494 1584 1512 annum
1613 1487 1774 1515 rxcc.~scrit.

130 1540 183 1559 non
200 1532 373 1566 prrmittetur
398 1532 422 1559 ei
439 1532 484 1567 qui
507 1532 690 1559 instrumenta
717 1531 759 1558 vel
780 1538 794 1557 a
821 1531 878 1565 lege
896 1539 950 1558 nou
975 1531 1136 1559 eontirmala
1161 1531 1300 1566 sponsalia
1319 1532 1494 1566 interposuit,
1514 1539 1543 1559 ut
1560 1533 1637 1559 alti-ri
1667 1533 1776 1560 mulieri

129 1579 327 1614 conjungalur,
353 1583 401 1606 aut
428 1579 468 1606 sic
492 1578 621 1605 sacerdos
642 1577 705 1610 fiat,
733 1581 863 1612 tauquam
898 1578 941 1604 bis
979 1577 1182 1604 matrimonium
1235 1578 1409 1605 contraxisse
1454 1583 1594 1612 reputetur
1637 1587 1643 1611 ;
1677 1578 1778 1614 [idtlttn

129 1630 241 1658 propter
263 1624 522 1659 concupiscentiam,
547 1627 574 1650 et
598 1623 670 1658 quod
697 1623 794 1649 mulier
817 1624 920 1649 ameris
951 1630 1036 1657 capax
1051 1623 1097 1650 sit.
1116 1622 1144 1649 Si
1161 1630 1302 1650 rerocum
1315 1627 1393 1658 pacta
1414 1624 1635 1656 reproharenlur,
1663 1633 1779 1660 persona

130 1672 176 1698 illa
207 1680 254 1699 sex
271 1673 349 1699 annis
365 1671 455 1698 minor
489 1669 593 1697 fuerit:
616 1669 732 1697 ﬁrmiter
756 1669 817 1696 talis
858 1669 936 1696 alteri
963 1669 1072 1696 mulieri
1097 1669 1299 1704 conjungatur,
1323 1673 1370 1695 aut
1394 1676 1426 1695 ex
1451 1678 1482 1695 co
1504 1675 1626 1705 tempore
1648 1675 1777 1699 sarci-des

130 1719 188 1747 ﬁat.
203 1719 318 1746 Astruas
334 1726 398 1745 vero
415 1717 472 1744 hate
487 1716 570 1744 etiam
587 1723 620 1743 ex
636 1715 742 1742 novella
769 1715 940 1749 lcgislatione
965 1715 1139 1750 imperatoris
1164 1715 1256 1743 domui
1285 1715 1373 1743 Alexii
1397 1716 1549 1748 Coatncni,
1574 1724 1635 1751 qua:
1656 1718 1778 1752 logitiua

131 1764 271 1800 sponsalia
297 1762 451 1790 insolubilia
465 1769 528 1789 esse
555 1761 652 1788 statuit
670 1770 677 1787 :
697 1764 725 1787 et
745 1759 835 1794 jubet,
860 1764 888 1786 ut
910 1761 932 1787 si
959 1760 1109 1794 sponsalia,
1128 1764 1258 1794 tanquam
1274 1753 1404 1794 legitimis
1427 1762 1596 1795 temporibus
1619 1770 1672 1789 non
1695 1763 1778 1791 facta.

132 1812 201 1839 solvi
220 1809 372 1843 contingat,
399 1807 556 1835 facultatem
576 1815 629 1834 non
645 1807 773 1834 :habeant
796 1812 918 1841 cognata:
945 1814 1040 1832 eorum
1052 1826 1059 1836 .
1086 1806 1133 1840 qui
1151 1806 1363 1834 adversantibus
1381 1807 1488 1841 legibus
1506 1808 1533 1834 in
1550 1808 1669 1843 conjugii
1691 1811 1780 1836 θοι-ἱε-

132 1862 216 1885 tatem
241 1855 381 1890 conjuncti
412 1853 539 1884 fuerant,
565 1853 708 1887 prohibita:
734 1860 868 1888 personui,
898 1858 927 1879 ut
952 1852 1026 1888 [cum
1043 1852 1108 1888 illis]
1127 1853 1340 1888 conjungantur.
1367 1852 1455 1886 Quam
1479 1853 1613 1890 [quidem]
1642 1855 1777 1882 nou-llam

132 1912 194 1938 cap.
205 1904 223 1930 2
234 1902 376 1936 praesentis
393 1899 462 1927 tituli
477 1899 608 1926 insertam
627 1900 708 1926 etiam
728 1899 810 1932 legas.

171 1949 299 1976 ΚΕΦΔΛ.
317 1946 356 1974 E'.
371 1961 406 1967 -—-
430 1948 499 1981 Περι
524 1947 676 1979 πορνείας,
704 1945 851 1978 μοιχείας,
881 1944 926 1971 κιιὲ

1019 1946 1096 1973 CAP.
1118 1945 1193 1972 V.-—
1209 1946 1248 1972 De
1262 1946 1451 1980 fornicatione,
1467 1946 1611 1977 adulterio,
1643 1953 1735 1983 stupro
1749 1955 1774 1976 et

133 1994 258 2031 φθορᾶς,
284 1994 332 2020 καὶ
362 1994 594 2027 ἁρῤενοκοιτ.¹ας.

988 1993 1167 2019 meditatione.

177 2042 347 2068 Ἀποστόλων
361 2040 451 2066 κανὼν
470 2040 524 2072 Ea"
552 2038 660 2065 συνόδου
685 2038 822 2073 Ἀγκύρας,
840 2037 929 2064 κανὼν

133 2092 175 2123 η’·
193 2088 303 2114 συνόδου
326 2085 544 2121 Νεοκαισαρείας
567 2084 658 2111 κανὼν
683 2083 725 2118 η”
753 2083 863 2110 συνόδου
886 2082 929 2114 ς’,

134 2134 226 2161 κανὼν
241 2133 303 2166 πς’,
327 2133 389 2165 ui“
418 2132 559 2159 Βασιλείου
585 2130 674 2157 κανὼν
702 2129 736 2162 ζ’,
750 2133 786 2164 η’,
807 2133 858 2162 καί,
877 2129 930 2164 κβ’,

1019 2039 1214 2073 Apostolorum
1230 2046 1320 2066 canon
1330 2039 1369 2073 6t
1380 2048 1388 2070 ;
1401 2039 1509 2066 concilii
1522 2039 1674 2074 Aurryrani
1687 2040 1776 2069 canon

983 2085 1016 2115 8:
1031 2085 1140 2119 concilii
1162 2084 1397 2120 Neoczcsaricnsis
1419 2093 1508 2112 canon
1521 2086 1554 2118 8;
1577 2087 1686 2113 (-onrilii
1706 2089 1777 2114 seni

983 2139 1070 2157 canon
1089 2130 1133 2162 86,
1153 2130 1204 2163 87;
1220 2129 1312 2156 Basilii
1331 2138 1419 2156 canon
1438 2132 1463 2161 7,
1486 2132 1527 2162 l8,
1543 2133 1590 2162 2|,
1607 2133 1653 2164 9.2,
1666 2134 1712 2163 ‘25,
1730 2133 1777 2164 ‘26,

135 2180 185 2212 κε’,
203 2180 260 2212 κεῖ,
274 2179 306 2210 λ’.
319 2179 365 2211 λδ’,
379 2179 427 2212 λζ’,
446 2179 501 2214 μθ’,
516 2181 569 2213 ν[,’,
581 2179 630 2209 vl)’.
651 2176 700 2212 248',
716 2177 763 2208 (ιζ’.
778 2176 931 2211 Γρηγορὶου

135 2227 246 2262 Nason;
258 2226 346 2253 κανὼν
361 2225 384 2259 γ’
395 2246 401 2253 .
862 2250 865 2254 ,

183 2273 339 2306 Ιὶείμενον.
352 2272 420 2306 Περὶ
432 2271 545 2307 φθορᾶς,
560 2270 694 2306 μοιχείας,
710 2270 756 2296 καὶ
773 2270 928 2304 ἀρῥενοκοι-

135 2319 196 2350 τίσις
215 2328 242 2346 κ.
257 2327 283 2344 τ.
302 2319 326 2345 λ.
347 2326 434 2353 u~que
448 2319 492 2350 ad,
508 2318 555 2344 καὶ
575 2317 735 2353 μνηστείας,
752 2318 800 2342 καὶ
824 2314 928 2342 παλλα-

136 2365 247 2400 κισμηῦ.
1776 2386 1778 2388 τ

173 2411 318 2438 Scito/ium.
340 2411 393 2438 ’l'it.
422 2411 449 2442 9,
466 2410 512 2436 lib.
539 2418 564 2437 ιι
583 2410 651 2438 Cod.
675 2409 781 2444 positus
804 2412 845 2435 cst
868 2407 895 2433 in
916 2413 975 2439 cap.
999 2404 1031 2431 47
1051 2403 1091 2430 tit.
1117 2402 1152 2429 5'1
1182 2402 1229 2428 lib.
1253 2400 1336 2428 Basil.
1360 2409 1403 2433 Lx,
1424 2406 1451 2428 et
1479 2401 1520 2428 tit.
1551 2402 1568 2429 5
1608 2402 1655 2428 lib.
1673 2401 1775 2437 Digest.

137 2467 220 2485 vaut
238 2459 343 2493 positus
376 2463 419 2486 est
454 2458 481 2484 in
508 2466 566 2492 cap.
600 2458 617 2484 5
641 2457 682 2485 tit.
709 2457 741 2484 37
769 2456 893 2490 ejusdem
917 2462 952 2481 ex
980 2452 1052 2480 libri.
1075 2450 1161 2484 Cuius
1183 2450 1224 2477 tit.
1253 2450 1361 2476 diversa
1387 2457 1460 2484 cap..
1483 2450 1576 2484 legas,
1603 2458 1664 2484 quae
1693 2451 1777 2478 multa

137 2506 291 2532 istiusmodi
321 2506 434 2537 dorent,
460 2504 614 2538 cuiusmodi
636 2504 829 2539 compendiose
855 2507 920 2529 sunt
951 2499 1098 2535 proposita.
1127 2496 1229 2524 Verum
1266 2497 1337 2531 quod
1366 2496 1500 2529 adulteri,
1529 2497 1700 2532 ριωιὶροηρδ,
1729 2503 1778 2524 aut

136 2557 306 2586 stupratores
323 2551 432 2586 capitali
455 2551 591 2586 supplicio
613 2551 781 2583 adiciantur,
809 2557 862 2576 non
884 2553 926 2576 est
948 2548 1066 2582 positum
1089 2545 1115 2571 in
1147 2543 1243 2577 Basil.,
1266 2542 1313 2569 sed
1341 2542 1374 2569 75
1398 2550 1458 2578 cap.
1487 2542 1551 2570 dicti
1583 2543 1617 2570 57
1648 2544 1689 2570 tit.
1713 2544 1774 2570 ait.

136 2597 260 2624 Adulteri
291 2597 423 2624 verberati
453 2602 480 2624 et
515 2596 585 2623 tonsi
609 2596 728 2623 naribus
753 2595 935 2622 mutilantor:
969 2592 1015 2627 qui
1048 2598 1112 2617 vero
1143 2587 1302 2615 internuntii
1329 2592 1410 2622 atque
1444 2588 1598 2614 administri
1632 2588 1658 2614 iu
1694 2589 1778 2623 impio

138 2645 185 2670 illo
221 2644 324 2671 scelere
357 2643 478 2674 fuerint.
510 2643 643 2670 verberati
677 2647 704 2670 et
731 2643 803 2669 tonsi
833 2643 859 2668 iu
890 2645 1048 2675 perpetutun
1069 2636 1194 2663 exsilium
1215 2635 1370 2661 mittuntor.
1395 2633 1504 2661 Novella
1535 2638 1626 2661 autem
1656 2634 1776 2668 impera-

138 2692 205 2718 toris
235 2690 381 2718 Justiniani
407 2689 469 2721 154,
488 2691 544 2717 sive
569 2690 628 2725 ejus
666 2689 701 2716 l‘l
727 2697 786 2724 Cap.
813 2688 886 2723 quod
912 2687 938 2714 iu
961 2686 1002 2713 tit.
1030 2685 1045 2711 7
1078 2683 1124 2710 lih.
1154 2690 1239 2709 xxvut
1272 2681 1390 2716 positum
1414 2685 1464 2712 est,
1491 2680 1562 2708 circa
1589 2680 1696 2707 initium
1722 2681 1780 2707 Ιιςυη

138 2739 204 2766 dicit
222 2746 229 2764 :
247 2737 276 2765 Si
289 2739 323 2765 de
346 2738 480 2764 adulterio
500 2737 614 2763 maritus
635 2739 710 2770 potet
725 2742 803 2761 suam
825 2733 950 2761 convinci
979 2738 1060 2766 posse
1081 2736 1210 2759 uxorem,
1233 2726 1423 2755 convenitfut
1445 2726 1558 2753 maritus
1583 2734 1599 2760 p
1618 2726 1660 2752 ius
1683 2731 1779 2753 contra

139 2793 269 2817 uxorem,
292 2789 339 2812 aut
361 2785 442 2811 etiam
471 2783 623 2810 adulterum
647 2783 672 2808 itt
695 2781 798 2808 crimen
827 2780 993 2807 subsertbat.
1017 2776 1049 2803 Et
1070 2775 1093 2802 si
1119 2774 1229 2809 quidem
1258 2773 1383 2799 adulterii
1411 2773 1514 2799 crimen
1547 2771 1692 2799 ιηιιιιιΐιιεῑε
1716 2781 1778 2807 pro-

140 2834 234 2860 batum
272 2831 370 2863 fuerit,
399 2835 464 2858 tunc
494 2829 656 2857 transmisso
680 2827 772 2854 libello
806 2825 926 2861 repudii,
955 2824 1095 2858 jubemus.
1113 2825 1143 2847 ut
1168 2820 1220 2846 ill:e
1254 2827 1340 2854 poetae
1368 2818 1591 2853 delinquentiluts
1623 2819 1778 2854 irrogentur

139 2886 209 2914 quas
237 2877 419 2913 praescribunt
444 2876 516 2910 leges
545 2884 551 2901 :
579 2875 631 2902 illis
655 2881 764 2909 quoque
798 2873 933 2908 legitimas
966 2867 1165 2896 sustinentibus
1186 2873 1297 2901 pinnas,
1329 2865 1375 2899 qui
1410 2865 1519 2914 quidem
1549 2865 1588 2891 \‘cl
1606 2865 1778 2914 >illit'l'lllllllii

141 2912 310 2954 velutinistri
329 2930 382 2952 tam
409 2923 491 2957 impio
517 2922 625 2949 crimini
651 2922 824 2948 ('Xsl'llt'llllll.
852 2915 1010 2954 [Prmtcreal
1035 2915 1067 2943 dc
1091 2913 1243 2943 substantia
1261 2913 1387 2945 adulleri.
1415 2912 1437 2938 εί
1465 2918 1577 2939 uxorm“
1604 2912 1712 2946 Μ”εῖιιν
1731 2914 1781 2943 dos

314 2975 446 3002 innot.
464 2972 522 3001 tiu.
544 2971 621 3001 (ΛΥ.
1567 2960 1605 2988 3‘5

983 2177 1028 2209 50,
1040 2177 1084 2208 54,
1099 2177 1142 2208 57,
1157 2177 1200 2208 59,
1219 2176 1263 2208 41,
1278 2176 1322 2208 58,
1333 2176 1378 2208 59,
1393 2176 1439 2207 6'2,
1456 2177 1501 2204 Π.
1519 2177 1644 2211 Gregorii
1659 2178 1775 2213 Nysscni

982 2233 1069 2252 canon
1086 2225 1113 2251 5.

1021 2270 1130 2298 Tenus.
1147 2270 1184 2297 De
1198 2275 1304 2305 stupro,
1325 2270 1459 2298 adulterio
1473 2275 1539 2304 etc.,
1553 2279 1633 2306 usque
1649 2271 1683 2298 ad
1700 2271 1777 2299 insti-

986 2323 1089 2349 tuatur,
1107 2324 1134 2344 ut
1151 2326 1212 2352 pag.
1228 2317 1292 2345 Silii.
