  <div class='ocr_page' id='page_1' title='image "/cluster/home/n/w/nwhite01/storage/ocr_20150623/104/njp.32101077772885/606.png"; bbox 0 0 1948 3070; ppageno 0'>
   <div class='ocr_carea' id='block_1_1' title="bbox 146 173 1347 210">
    <p class='ocr_par' dir='ltr' id='par_1_1' title="bbox 146 173 1347 210">
     <span class='ocr_line' id='line_1_1' title="bbox 146 173 1347 210; baseline -0.002 -3"><span class='ocrx_word' id='word_1_1' title='bbox 146 174 213 208; x_wconf 83' lang='grc'><strong>1197</strong></span> <span class='ocrx_word' id='word_1_2' title='bbox 588 173 834 205; x_wconf 88' lang='lat' dir='ltr'><strong>NOMOCANON.</strong></span> <span class='ocrx_word' id='word_1_3' title='bbox 851 185 887 191; x_wconf 86' lang='grc'><strong>-·</strong></span> <span class='ocrx_word' id='word_1_4' title='bbox 906 173 981 204; x_wconf 90' lang='lat' dir='ltr'><strong>TlT.</strong></span> <span class='ocrx_word' id='word_1_5' title='bbox 999 173 1086 210; x_wconf 85' lang='lat' dir='ltr'>XIII,</span> <span class='ocrx_word' id='word_1_6' title='bbox 1106 174 1186 204; x_wconf 85' lang='lat' dir='ltr'><strong>CAP.</strong></span> <span class='ocrx_word' id='word_1_7' title='bbox 1206 173 1347 205; x_wconf 85' lang='lat' dir='ltr'><strong>VI-VIII:</strong></span> 
     </span>
    </p>
   </div>
   <div class='ocr_carea' id='block_1_2' title="bbox 144 228 1782 264">
    <p class='ocr_par' dir='ltr' id='par_1_2' title="bbox 144 228 1782 264">
     <span class='ocr_line' id='line_1_2' title="bbox 144 228 1782 264; baseline -0.001 -6"><span class='ocrx_word' id='word_1_8' title='bbox 144 231 239 259; x_wconf 88' lang='lat' dir='ltr'><strong>Const.</strong></span> <span class='ocrx_word' id='word_1_9' title='bbox 258 231 275 260; x_wconf 84' lang='lat'><strong><em>5</em></strong></span> <span class='ocrx_word' id='word_1_10' title='bbox 298 231 339 260; x_wconf 90' lang='lat' dir='ltr'><strong>tit.</strong></span> <span class='ocrx_word' id='word_1_11' title='bbox 367 230 412 264; x_wconf 85' lang='lat'><strong>57,</strong></span> <span class='ocrx_word' id='word_1_12' title='bbox 436 230 483 258; x_wconf 90' lang='lat' dir='ltr'><strong>lib.</strong></span> <span class='ocrx_word' id='word_1_13' title='bbox 501 238 526 258; x_wconf 79' lang='lat' dir='ltr'><strong>v1</strong></span> <span class='ocrx_word' id='word_1_14' title='bbox 551 229 619 257; x_wconf 85' lang='lat' dir='ltr'><strong>Cod.</strong></span> <span class='ocrx_word' id='word_1_15' title='bbox 646 233 688 257; x_wconf 87' lang='lat' dir='ltr'><strong>est</strong></span> <span class='ocrx_word' id='word_1_16' title='bbox 708 236 769 264; x_wconf 87' lang='lat' dir='ltr'><strong>cap.</strong></span> <span class='ocrx_word' id='word_1_17' title='bbox 793 229 828 256; x_wconf 79' lang='grc'><strong>42</strong></span> <span class='ocrx_word' id='word_1_18' title='bbox 843 228 885 256; x_wconf 90' lang='lat' dir='ltr'><strong>tit.</strong></span> <span class='ocrx_word' id='word_1_19' title='bbox 906 230 919 256; x_wconf 98' lang='grc'><strong>1</strong></span> <span class='ocrx_word' id='word_1_20' title='bbox 949 229 997 256; x_wconf 90' lang='lat' dir='ltr'><strong>lib.</strong></span> <span class='ocrx_word' id='word_1_21' title='bbox 1025 228 1108 256; x_wconf 87' lang='lat' dir='ltr'><strong>Basil.</strong></span> <span class='ocrx_word' id='word_1_22' title='bbox 1134 237 1196 263; x_wconf 74' lang='grc' dir='ltr'>ην,</span> <span class='ocrx_word' id='word_1_23' title='bbox 1225 230 1299 264; x_wconf 90' lang='lat' dir='ltr'><strong>quod</strong></span> <span class='ocrx_word' id='word_1_24' title='bbox 1315 228 1383 257; x_wconf 85' lang='lat' dir='ltr'><strong>dicit</strong></span> <span class='ocrx_word' id='word_1_25' title='bbox 1401 238 1407 256; x_wconf 94' lang='lat'>:</span> <span class='ocrx_word' id='word_1_26' title='bbox 1424 228 1452 256; x_wconf 90' lang='lat' dir='ltr'><strong>Si</strong></span> <span class='ocrx_word' id='word_1_27' title='bbox 1467 236 1523 264; x_wconf 85' lang='lat' dir='ltr'><strong>qua</strong></span> <span class='ocrx_word' id='word_1_28' title='bbox 1551 228 1666 257; x_wconf 89' lang='lat' dir='ltr'><strong>illustris</strong></span> <span class='ocrx_word' id='word_1_29' title='bbox 1682 230 1782 257; x_wconf 83' lang='lat' dir='ltr'><strong>mulier</strong></span> 
     </span>
    </p>
   </div>
   <div class='ocr_carea' id='block_1_3' title="bbox 145 275 1782 314">
    <p class='ocr_par' dir='ltr' id='par_1_3' title="bbox 145 275 1782 314">
     <span class='ocr_line' id='line_1_3' title="bbox 145 275 1782 314; baseline -0.001 -11"><span class='ocrx_word' id='word_1_30' title='bbox 145 277 231 305; x_wconf 89' lang='lat' dir='ltr'><strong>lilium</strong></span> <span class='ocrx_word' id='word_1_31' title='bbox 254 285 286 305; x_wconf 79' lang='lat' dir='ltr'><strong>ex</strong></span> <span class='ocrx_word' id='word_1_32' title='bbox 307 277 388 312; x_wconf 87' lang='lat' dir='ltr'><strong>justis</strong></span> <span class='ocrx_word' id='word_1_33' title='bbox 407 276 511 314; x_wconf 78' lang='lat' dir='ltr'><strong>nuptiis</strong></span> <span class='ocrx_word' id='word_1_34' title='bbox 532 276 730 312; x_wconf 90' lang='lat' dir='ltr'><strong>procreaverit,</strong></span> <span class='ocrx_word' id='word_1_35' title='bbox 747 280 774 303; x_wconf 91' lang='lat' dir='ltr'><strong>et</strong></span> <span class='ocrx_word' id='word_1_36' title='bbox 795 276 911 303; x_wconf 95' lang='lat' dir='ltr'><strong>alterum</strong></span> <span class='ocrx_word' id='word_1_37' title='bbox 927 275 1050 311; x_wconf 84' lang='lat' dir='ltr'><strong>spurium</strong></span> <span class='ocrx_word' id='word_1_38' title='bbox 1068 276 1206 310; x_wconf 73' lang='lat' dir='ltr'><strong>habuerit,</strong></span> <span class='ocrx_word' id='word_1_39' title='bbox 1224 277 1267 303; x_wconf 85' lang='lat' dir='ltr'><strong>cui</strong></span> <span class='ocrx_word' id='word_1_40' title='bbox 1293 281 1371 312; x_wconf 81' lang='lat' dir='ltr'><strong>paler</strong></span> <span class='ocrx_word' id='word_1_41' title='bbox 1385 276 1508 304; x_wconf 89' lang='lat' dir='ltr'><strong>incertus</strong></span> <span class='ocrx_word' id='word_1_42' title='bbox 1528 276 1563 304; x_wconf 90' lang='lat' dir='ltr'><strong>sit</strong></span> <span class='ocrx_word' id='word_1_43' title='bbox 1578 285 1584 304; x_wconf 91' lang='lat'>:</span> <span class='ocrx_word' id='word_1_44' title='bbox 1601 277 1782 312; x_wconf 70' lang='lat' dir='ltr'><strong>quemadmo~</strong></span> 
     </span>
    </p>
   </div>
   <div class='ocr_carea' id='block_1_4' title="bbox 145 322 1780 359">
    <p class='ocr_par' dir='ltr' id='par_1_4' title="bbox 145 322 1780 359">
     <span class='ocr_line' id='line_1_4' title="bbox 145 322 1780 359; baseline 0 -9"><span class='ocrx_word' id='word_1_45' title='bbox 145 324 209 351; x_wconf 90' lang='lat' dir='ltr'><strong>dum</strong></span> <span class='ocrx_word' id='word_1_46' title='bbox 228 332 271 352; x_wconf 90' lang='lat' dir='ltr'><strong>res</strong></span> <span class='ocrx_word' id='word_1_47' title='bbox 292 329 421 352; x_wconf 61' lang='lat' dir='ltr'><strong>maternae</strong></span> <span class='ocrx_word' id='word_1_48' title='bbox 447 324 480 351; x_wconf 92' lang='lat' dir='ltr'><strong>ad</strong></span> <span class='ocrx_word' id='word_1_49' title='bbox 503 331 551 352; x_wconf 88' lang='lat' dir='ltr'><strong>eos</strong></span> <span class='ocrx_word' id='word_1_50' title='bbox 575 323 756 358; x_wconf 78' lang='lat' dir='ltr'><strong>perveniant.</strong></span> <span class='ocrx_word' id='word_1_51' title='bbox 789 322 846 350; x_wconf 84' lang='lat' dir='ltr'><strong>sive</strong></span> <span class='ocrx_word' id='word_1_52' title='bbox 879 324 1068 350; x_wconf 90' lang='lat' dir='ltr'><strong>tantummodo</strong></span> <span class='ocrx_word' id='word_1_53' title='bbox 1091 324 1124 350; x_wconf 90' lang='lat' dir='ltr'><strong>ad</strong></span> <span class='ocrx_word' id='word_1_54' title='bbox 1154 324 1256 351; x_wconf 89' lang='lat' dir='ltr'><strong>liberos</strong></span> <span class='ocrx_word' id='word_1_55' title='bbox 1286 323 1389 359; x_wconf 85' lang='lat' dir='ltr'><strong>juslos,</strong></span> <span class='ocrx_word' id='word_1_56' title='bbox 1420 324 1478 351; x_wconf 87' lang='lat' dir='ltr'><strong>sive</strong></span> <span class='ocrx_word' id='word_1_57' title='bbox 1503 324 1586 351; x_wconf 90' lang='lat' dir='ltr'><strong>etiam</strong></span> <span class='ocrx_word' id='word_1_58' title='bbox 1608 324 1640 350; x_wconf 90' lang='lat' dir='ltr'><strong>ad</strong></span> <span class='ocrx_word' id='word_1_59' title='bbox 1660 324 1780 359; x_wconf 87' lang='lat' dir='ltr'><strong>spurios,</strong></span> 
     </span>
    </p>
   </div>
   <div class='ocr_carea' id='block_1_5' title="bbox 145 370 1786 405">
    <p class='ocr_par' dir='ltr' id='par_1_5' title="bbox 145 370 1786 405">
     <span class='ocr_line' id='line_1_5' title="bbox 145 370 1786 405; baseline 0.001 -8"><span class='ocrx_word' id='word_1_60' title='bbox 145 370 294 397; x_wconf 81' lang='lat' dir='ltr'><strong>dubitatur.</strong></span> <span class='ocrx_word' id='word_1_61' title='bbox 312 370 459 398; x_wconf 78' lang='lat' dir='ltr'><strong>Sanciinus</strong></span> <span class='ocrx_word' id='word_1_62' title='bbox 473 370 581 405; x_wconf 87' lang='lat' dir='ltr'><strong>itaque,</strong></span> <span class='ocrx_word' id='word_1_63' title='bbox 600 375 629 396; x_wconf 91' lang='lat' dir='ltr'><strong>ut</strong></span> <span class='ocrx_word' id='word_1_64' title='bbox 644 376 733 404; x_wconf 86' lang='lat' dir='ltr'><strong>neque</strong></span> <span class='ocrx_word' id='word_1_65' title='bbox 749 377 781 396; x_wconf 85' lang='lat' dir='ltr'><strong>ex</strong></span> <span class='ocrx_word' id='word_1_66' title='bbox 796 374 969 402; x_wconf 86' lang='lat' dir='ltr'><strong>testamento,</strong></span> <span class='ocrx_word' id='word_1_67' title='bbox 992 377 1082 404; x_wconf 82' lang='lat' dir='ltr'><strong>neque</strong></span> <span class='ocrx_word' id='word_1_68' title='bbox 1096 370 1130 397; x_wconf 91' lang='lat' dir='ltr'><strong>ab</strong></span> <span class='ocrx_word' id='word_1_69' title='bbox 1140 370 1280 403; x_wconf 81' lang='lat' dir='ltr'><strong>intestato,</strong></span> <span class='ocrx_word' id='word_1_70' title='bbox 1296 378 1384 405; x_wconf 86' lang='lat' dir='ltr'><strong>neque</strong></span> <span class='ocrx_word' id='word_1_71' title='bbox 1398 378 1430 398; x_wconf 84' lang='lat' dir='ltr'><strong>ex</strong></span> <span class='ocrx_word' id='word_1_72' title='bbox 1445 370 1608 398; x_wconf 89' lang='lat' dir='ltr'><strong>liberalitate</strong></span> <span class='ocrx_word' id='word_1_73' title='bbox 1623 370 1694 397; x_wconf 87' lang='lat' dir='ltr'><strong>inter</strong></span> <span class='ocrx_word' id='word_1_74' title='bbox 1706 370 1786 398; x_wconf 49' lang='lat' dir='ltr'><strong>vivos.</strong></span> 
     </span>
    </p>
   </div>
   <div class='ocr_carea' id='block_1_6' title="bbox 147 416 1783 452">
    <p class='ocr_par' dir='ltr' id='par_1_6' title="bbox 147 416 1783 452">
     <span class='ocr_line' id='line_1_6' title="bbox 147 416 1783 452; baseline -0.001 -9"><span class='ocrx_word' id='word_1_75' title='bbox 147 417 248 448; x_wconf 87' lang='lat' dir='ltr'><strong>habita,</strong></span> <span class='ocrx_word' id='word_1_76' title='bbox 271 418 352 452; x_wconf 85' lang='lat' dir='ltr'><strong>justis</strong></span> <span class='ocrx_word' id='word_1_77' title='bbox 369 418 463 445; x_wconf 85' lang='lat' dir='ltr'><strong>liberis</strong></span> <span class='ocrx_word' id='word_1_78' title='bbox 475 416 689 448; x_wconf 81' lang='lat' dir='ltr'><strong>exsistentibus,</strong></span> <span class='ocrx_word' id='word_1_79' title='bbox 708 416 810 451; x_wconf 87' lang='lat' dir='ltr'><strong>aliquid</strong></span> <span class='ocrx_word' id='word_1_80' title='bbox 827 416 935 450; x_wconf 86' lang='lat' dir='ltr'><strong>penitus</strong></span> <span class='ocrx_word' id='word_1_81' title='bbox 959 416 995 444; x_wconf 91' lang='lat' dir='ltr'><strong>ab</strong></span> <span class='ocrx_word' id='word_1_82' title='bbox 1019 416 1173 444; x_wconf 86' lang='lat' dir='ltr'><strong>illustribus</strong></span> <span class='ocrx_word' id='word_1_83' title='bbox 1200 417 1334 444; x_wconf 85' lang='lat' dir='ltr'><strong>matribus</strong></span> <span class='ocrx_word' id='word_1_84' title='bbox 1357 417 1390 444; x_wconf 90' lang='lat' dir='ltr'><strong>ad</strong></span> <span class='ocrx_word' id='word_1_85' title='bbox 1407 417 1517 451; x_wconf 90' lang='lat' dir='ltr'><strong>spurios</strong></span> <span class='ocrx_word' id='word_1_86' title='bbox 1539 417 1679 451; x_wconf 76' lang='lat' dir='ltr'><strong>perveniat</strong></span> <span class='ocrx_word' id='word_1_87' title='bbox 1695 426 1702 443; x_wconf 85' lang='lat'><strong><em>:</em></strong></span> <span class='ocrx_word' id='word_1_88' title='bbox 1720 423 1783 443; x_wconf 89' lang='lat' dir='ltr'><strong>cum</strong></span> 
     </span>
    </p>
   </div>
   <div class='ocr_carea' id='block_1_7' title="bbox 146 461 1786 499">
    <p class='ocr_par' dir='ltr' id='par_1_7' title="bbox 146 461 1786 499">
     <span class='ocr_line' id='line_1_7' title="bbox 146 461 1786 499; baseline 0 -10"><span class='ocrx_word' id='word_1_89' title='bbox 146 462 173 489; x_wconf 93' lang='lat' dir='ltr'><strong>in</strong></span> <span class='ocrx_word' id='word_1_90' title='bbox 202 463 365 491; x_wconf 85' lang='lat' dir='ltr'><strong>mulieribus</strong></span> <span class='ocrx_word' id='word_1_91' title='bbox 390 464 514 499; x_wconf 77' lang='lat' dir='ltr'><strong>ingenuis</strong></span> <span class='ocrx_word' id='word_1_92' title='bbox 529 468 556 491; x_wconf 93' lang='lat' dir='ltr'><strong>et</strong></span> <span class='ocrx_word' id='word_1_93' title='bbox 574 463 746 495; x_wconf 76' lang='lat' dir='ltr'><strong>illustribus,</strong></span> <span class='ocrx_word' id='word_1_94' title='bbox 773 464 873 497; x_wconf 90' lang='lat' dir='ltr'><strong>quibus</strong></span> <span class='ocrx_word' id='word_1_95' title='bbox 897 463 1034 491; x_wconf 85' lang='lat' dir='ltr'><strong>castitatis</strong></span> <span class='ocrx_word' id='word_1_96' title='bbox 1061 463 1217 491; x_wconf 85' lang='lat' dir='ltr'><strong>observatio</strong></span> <span class='ocrx_word' id='word_1_97' title='bbox 1240 464 1407 498; x_wconf 77' lang='lat' dir='ltr'><strong>praecipuum</strong></span> <span class='ocrx_word' id='word_1_98' title='bbox 1431 463 1553 490; x_wconf 77' lang='lat' dir='ltr'><strong>debitum</strong></span> <span class='ocrx_word' id='word_1_99' title='bbox 1569 469 1628 496; x_wconf 91' lang='lat' dir='ltr'><strong>est,</strong></span> <span class='ocrx_word' id='word_1_100' title='bbox 1649 461 1786 490; x_wconf 83' lang='lat' dir='ltr'><strong>nominari</strong></span> 
     </span>
    </p>
   </div>
   <div class='ocr_carea' id='block_1_8' title="bbox 146 508 1786 544">
    <p class='ocr_par' dir='ltr' id='par_1_8' title="bbox 146 508 1786 544">
     <span class='ocr_line' id='line_1_8' title="bbox 146 508 1786 544; baseline -0.001 -8"><span class='ocrx_word' id='word_1_101' title='bbox 146 509 275 542; x_wconf 85' lang='lat' dir='ltr'><strong>spurios,</strong></span> <span class='ocrx_word' id='word_1_102' title='bbox 294 509 362 536; x_wconf 88' lang='lat' dir='ltr'><strong>satis</strong></span> <span class='ocrx_word' id='word_1_103' title='bbox 378 509 541 544; x_wconf 76' lang='lat' dir='ltr'><strong>inqu-iosum</strong></span> <span class='ocrx_word' id='word_1_104' title='bbox 555 529 562 541; x_wconf 89' lang='lat'><strong>,</strong></span> <span class='ocrx_word' id='word_1_105' title='bbox 593 509 716 543; x_wconf 86' lang='lat' dir='ltr'><strong>satisque</strong></span> <span class='ocrx_word' id='word_1_106' title='bbox 744 509 873 535; x_wconf 89' lang='lat' dir='ltr'><strong>acerbum</strong></span> <span class='ocrx_word' id='word_1_107' title='bbox 888 527 895 540; x_wconf 90' lang='lat'><strong>,</strong></span> <span class='ocrx_word' id='word_1_108' title='bbox 926 514 955 535; x_wconf 90' lang='lat' dir='ltr'><strong>et</strong></span> <span class='ocrx_word' id='word_1_109' title='bbox 982 508 1084 535; x_wconf 84' lang='lat' dir='ltr'><strong>nostris</strong></span> <span class='ocrx_word' id='word_1_110' title='bbox 1111 508 1278 542; x_wconf 83' lang='lat' dir='ltr'><strong>temporibus</strong></span> <span class='ocrx_word' id='word_1_111' title='bbox 1304 509 1446 544; x_wconf 79' lang='lat' dir='ltr'><strong>indignum</strong></span> <span class='ocrx_word' id='word_1_112' title='bbox 1469 508 1626 543; x_wconf 85' lang='lat' dir='ltr'><strong>judicemus</strong></span> <span class='ocrx_word' id='word_1_113' title='bbox 1642 518 1648 536; x_wconf 91' lang='lat'><strong>:</strong></span> <span class='ocrx_word' id='word_1_114' title='bbox 1664 513 1692 535; x_wconf 90' lang='lat' dir='ltr'><strong>et</strong></span> <span class='ocrx_word' id='word_1_115' title='bbox 1714 509 1786 535; x_wconf 86' lang='lat' dir='ltr'><strong>hanc</strong></span> 
     </span>
    </p>
   </div>
   <div class='ocr_carea' id='block_1_9' title="bbox 147 555 1787 591">
    <p class='ocr_par' dir='ltr' id='par_1_9' title="bbox 147 555 1787 591">
     <span class='ocr_line' id='line_1_9' title="bbox 147 555 1787 591; baseline 0.001 -9"><span class='ocrx_word' id='word_1_116' title='bbox 147 556 232 591; x_wconf 80' lang='lat' dir='ltr'><strong>legem</strong></span> <span class='ocrx_word' id='word_1_117' title='bbox 258 556 309 591; x_wconf 89' lang='lat' dir='ltr'><strong>ipsi</strong></span> <span class='ocrx_word' id='word_1_118' title='bbox 332 557 479 591; x_wconf 63' lang='lat' dir='ltr'><strong>pudicitim,</strong></span> <span class='ocrx_word' id='word_1_119' title='bbox 506 563 588 591; x_wconf 91' lang='lat' dir='ltr'><strong>quam</strong></span> <span class='ocrx_word' id='word_1_120' title='bbox 610 563 720 590; x_wconf 84' lang='lat' dir='ltr'><strong>semper</strong></span> <span class='ocrx_word' id='word_1_121' title='bbox 739 555 880 582; x_wconf 80' lang='lat' dir='ltr'><strong>colendam</strong></span> <span class='ocrx_word' id='word_1_122' title='bbox 911 563 1075 588; x_wconf 82' lang='lat' dir='ltr'><strong>censemus,</strong></span> <span class='ocrx_word' id='word_1_123' title='bbox 1105 556 1205 583; x_wconf 86' lang='lat' dir='ltr'><strong>merito</strong></span> <span class='ocrx_word' id='word_1_124' title='bbox 1233 556 1402 583; x_wconf 88' lang='lat' dir='ltr'><strong>dedicamns.</strong></span> <span class='ocrx_word' id='word_1_125' title='bbox 1433 556 1480 583; x_wconf 90' lang='lat' dir='ltr'><strong>Sin</strong></span> <span class='ocrx_word' id='word_1_126' title='bbox 1511 561 1602 584; x_wconf 85' lang='lat' dir='ltr'><strong>autem</strong></span> <span class='ocrx_word' id='word_1_127' title='bbox 1633 556 1787 584; x_wconf 75' lang='lat' dir='ltr'><strong>concubina</strong></span> 
     </span>
    </p>
   </div>
   <div class='ocr_carea' id='block_1_10' title="bbox 147 600 1789 638">
    <p class='ocr_par' dir='ltr' id='par_1_10' title="bbox 147 600 1789 638">
     <span class='ocr_line' id='line_1_10' title="bbox 147 600 1789 638; baseline 0.001 -10"><span class='ocrx_word' id='word_1_128' title='bbox 147 602 239 638; x_wconf 61' lang='lat' dir='ltr'><strong>liberae</strong></span> <span class='ocrx_word' id='word_1_129' title='bbox 265 601 430 629; x_wconf 79' lang='lat' dir='ltr'><strong>conditionis</strong></span> <span class='ocrx_word' id='word_1_130' title='bbox 458 602 623 633; x_wconf 86' lang='lat' dir='ltr'><strong>constituta,</strong></span> <span class='ocrx_word' id='word_1_131' title='bbox 653 601 736 628; x_wconf 82' lang='lat' dir='ltr'><strong>tilium</strong></span> <span class='ocrx_word' id='word_1_132' title='bbox 760 607 807 628; x_wconf 92' lang='lat' dir='ltr'><strong>aut</strong></span> <span class='ocrx_word' id='word_1_133' title='bbox 826 600 908 628; x_wconf 87' lang='lat' dir='ltr'><strong>liliam</strong></span> <span class='ocrx_word' id='word_1_134' title='bbox 932 609 964 628; x_wconf 80' lang='lat' dir='ltr'><strong>ex</strong></span> <span class='ocrx_word' id='word_1_135' title='bbox 982 601 1054 628; x_wconf 90' lang='lat' dir='ltr'><strong>licita</strong></span> <span class='ocrx_word' id='word_1_136' title='bbox 1080 601 1278 629; x_wconf 89' lang='lat' dir='ltr'><strong>consuetudine</strong></span> <span class='ocrx_word' id='word_1_137' title='bbox 1301 610 1363 629; x_wconf 91' lang='lat' dir='ltr'><strong>cum</strong></span> <span class='ocrx_word' id='word_1_138' title='bbox 1388 602 1499 629; x_wconf 89' lang='lat' dir='ltr'><strong>homine</strong></span> <span class='ocrx_word' id='word_1_139' title='bbox 1513 602 1600 630; x_wconf 92' lang='lat' dir='ltr'><strong>libero</strong></span> <span class='ocrx_word' id='word_1_140' title='bbox 1613 602 1705 630; x_wconf 89' lang='lat' dir='ltr'><strong>habita</strong></span> <span class='ocrx_word' id='word_1_141' title='bbox 1723 611 1789 638; x_wconf 89' lang='lat' dir='ltr'><strong>pro-</strong></span> 
     </span>
    </p>
   </div>
   <div class='ocr_carea' id='block_1_11' title="bbox 146 647 1787 684">
    <p class='ocr_par' dir='ltr' id='par_1_11' title="bbox 146 647 1787 684">
     <span class='ocr_line' id='line_1_11' title="bbox 146 647 1787 684; baseline 0.001 -9"><span class='ocrx_word' id='word_1_142' title='bbox 146 649 290 678; x_wconf 85' lang='lat' dir='ltr'><strong>creavcrit,</strong></span> <span class='ocrx_word' id='word_1_143' title='bbox 303 648 440 675; x_wconf 85' lang='lat' dir='ltr'><strong>eosetiam</strong></span> <span class='ocrx_word' id='word_1_144' title='bbox 453 655 515 674; x_wconf 80' lang='lat' dir='ltr'><strong>rum</strong></span> <span class='ocrx_word' id='word_1_145' title='bbox 526 647 654 682; x_wconf 80' lang='lat' dir='ltr'><strong>legitimis</strong></span> <span class='ocrx_word' id='word_1_146' title='bbox 666 647 758 674; x_wconf 84' lang='lat' dir='ltr'><strong>liberis</strong></span> <span class='ocrx_word' id='word_1_147' title='bbox 777 649 810 673; x_wconf 83' lang='lat' dir='ltr'><strong>ad</strong></span> <span class='ocrx_word' id='word_1_148' title='bbox 829 652 949 673; x_wconf 85' lang='lat' dir='ltr'><strong>materna</strong></span> <span class='ocrx_word' id='word_1_149' title='bbox 977 647 1071 674; x_wconf 89' lang='lat' dir='ltr'><strong>venire</strong></span> <span class='ocrx_word' id='word_1_150' title='bbox 1087 647 1168 678; x_wconf 88' lang='lat' dir='ltr'><strong>bona.</strong></span> <span class='ocrx_word' id='word_1_151' title='bbox 1181 655 1244 682; x_wconf 60' lang='lat' dir='ltr'><strong>qua;</strong></span> <span class='ocrx_word' id='word_1_152' title='bbox 1266 648 1311 674; x_wconf 93' lang='lat' dir='ltr'><strong>illa</strong></span> <span class='ocrx_word' id='word_1_153' title='bbox 1324 648 1386 681; x_wconf 85' lang='lat' dir='ltr'><strong>jure</strong></span> <span class='ocrx_word' id='word_1_154' title='bbox 1401 648 1523 683; x_wconf 77' lang='lat' dir='ltr'><strong>legitimo</strong></span> <span class='ocrx_word' id='word_1_155' title='bbox 1534 653 1561 676; x_wconf 91' lang='lat' dir='ltr'><strong>et</strong></span> <span class='ocrx_word' id='word_1_156' title='bbox 1577 649 1603 675; x_wconf 95' lang='lat' dir='ltr'><strong>in</strong></span> <span class='ocrx_word' id='word_1_157' title='bbox 1620 649 1787 684; x_wconf 88' lang='lat' dir='ltr'><strong>patrimonio</strong></span> 
     </span>
    </p>
   </div>
   <div class='ocr_carea' id='block_1_12' title="bbox 148 692 1786 730">
    <p class='ocr_par' dir='ltr' id='par_1_12' title="bbox 148 692 1786 730">
     <span class='ocr_line' id='line_1_12' title="bbox 148 692 1786 730; baseline 0.002 -8"><span class='ocrx_word' id='word_1_158' title='bbox 148 703 199 722; x_wconf 85' lang='lat' dir='ltr'><strong>suo</strong></span> <span class='ocrx_word' id='word_1_159' title='bbox 222 695 353 730; x_wconf 88' lang='lat' dir='ltr'><strong>possidet,</strong></span> <span class='ocrx_word' id='word_1_160' title='bbox 370 695 444 721; x_wconf 89' lang='lat' dir='ltr'><strong>nulla</strong></span> <span class='ocrx_word' id='word_1_161' title='bbox 461 694 562 721; x_wconf 88' lang='lat' dir='ltr'><strong>invidia</strong></span> <span class='ocrx_word' id='word_1_162' title='bbox 582 693 754 728; x_wconf 49' lang='lat' dir='ltr'><strong>est..‘-_Digest.</strong></span> <span class='ocrx_word' id='word_1_163' title='bbox 774 693 810 721; x_wconf 82' lang='grc'><strong>25</strong></span> <span class='ocrx_word' id='word_1_164' title='bbox 830 695 873 721; x_wconf 87' lang='lat' dir='ltr'><strong>tit.</strong></span> <span class='ocrx_word' id='word_1_165' title='bbox 893 693 910 720; x_wconf 82' lang='lat'><strong>5</strong></span> <span class='ocrx_word' id='word_1_166' title='bbox 940 693 988 721; x_wconf 91' lang='lat' dir='ltr'><strong>lib.</strong></span> <span class='ocrx_word' id='word_1_167' title='bbox 1015 702 1022 720; x_wconf 98' lang='lat' dir='ltr'><strong>I</strong></span> <span class='ocrx_word' id='word_1_168' title='bbox 1047 692 1107 729; x_wconf 79' lang='lat' dir='ltr'><strong>Dig.</strong></span> <span class='ocrx_word' id='word_1_169' title='bbox 1137 699 1180 722; x_wconf 89' lang='lat' dir='ltr'><strong>est</strong></span> <span class='ocrx_word' id='word_1_170' title='bbox 1203 702 1263 729; x_wconf 89' lang='lat' dir='ltr'><strong>cap.</strong></span> <span class='ocrx_word' id='word_1_171' title='bbox 1299 694 1334 721; x_wconf 86' lang='grc'><strong>19</strong></span> <span class='ocrx_word' id='word_1_172' title='bbox 1361 695 1403 721; x_wconf 89' lang='lat' dir='ltr'><strong>tit.</strong></span> <span class='ocrx_word' id='word_1_173' title='bbox 1433 694 1446 721; x_wconf 90' lang='grc'><strong>1</strong></span> <span class='ocrx_word' id='word_1_174' title='bbox 1473 695 1520 722; x_wconf 90' lang='lat' dir='ltr'><strong>lib.</strong></span> <span class='ocrx_word' id='word_1_175' title='bbox 1541 703 1615 728; x_wconf 80' lang='lat' dir='ltr'><strong>xLVI,</strong></span> <span class='ocrx_word' id='word_1_176' title='bbox 1631 696 1704 730; x_wconf 90' lang='lat' dir='ltr'><strong>quod</strong></span> <span class='ocrx_word' id='word_1_177' title='bbox 1723 696 1786 726; x_wconf 80' lang='lat' dir='ltr'><strong>ait:</strong></span> 
     </span>
    </p>
   </div>
   <div class='ocr_carea' id='block_1_13' title="bbox 147 740 1782 779">
    <p class='ocr_par' dir='ltr' id='par_1_13' title="bbox 147 740 1782 779">
     <span class='ocr_line' id='line_1_13' title="bbox 147 740 1782 779; baseline 0.002 -11"><span class='ocrx_word' id='word_1_178' title='bbox 147 741 200 774; x_wconf 81' lang='lat' dir='ltr'><strong>Qui</strong></span> <span class='ocrx_word' id='word_1_179' title='bbox 215 749 249 768; x_wconf 75' lang='lat' dir='ltr'><strong>ex</strong></span> <span class='ocrx_word' id='word_1_180' title='bbox 263 741 385 776; x_wconf 77' lang='lat' dir='ltr'><strong>legitimo</strong></span> <span class='ocrx_word' id='word_1_181' title='bbox 408 740 583 767; x_wconf 89' lang='lat' dir='ltr'><strong>matrimonio</strong></span> <span class='ocrx_word' id='word_1_182' title='bbox 610 745 691 767; x_wconf 89' lang='lat' dir='ltr'><strong>natus</strong></span> <span class='ocrx_word' id='word_1_183' title='bbox 716 745 767 770; x_wconf 86' lang='lat' dir='ltr'><strong>est.</strong></span> <span class='ocrx_word' id='word_1_184' title='bbox 784 744 889 775; x_wconf 89' lang='lat' dir='ltr'><strong>patrem</strong></span> <span class='ocrx_word' id='word_1_185' title='bbox 919 740 1061 774; x_wconf 86' lang='lat' dir='ltr'><strong>sequitur;</strong></span> <span class='ocrx_word' id='word_1_186' title='bbox 1080 741 1161 776; x_wconf 74' lang='lat' dir='ltr'><strong>vulgo</strong></span> <span class='ocrx_word' id='word_1_187' title='bbox 1183 741 1315 776; x_wconf 70' lang='lat' dir='ltr'><strong>quaesitus</strong></span> <span class='ocrx_word' id='word_1_188' title='bbox 1337 746 1445 774; x_wconf 81' lang='lat' dir='ltr'><strong>autem,</strong></span> <span class='ocrx_word' id='word_1_189' title='bbox 1472 747 1598 769; x_wconf 86' lang='lat' dir='ltr'><strong>matrem.</strong></span> <span class='ocrx_word' id='word_1_190' title='bbox 1616 742 1649 770; x_wconf 87' lang='lat' dir='ltr'><strong>Et</strong></span> <span class='ocrx_word' id='word_1_191' title='bbox 1672 743 1708 770; x_wconf 69' lang='grc'><strong>24</strong></span> <span class='ocrx_word' id='word_1_192' title='bbox 1720 751 1782 779; x_wconf 88' lang='lat' dir='ltr'><strong>cap.</strong></span> 
     </span>
    </p>
   </div>
   <div class='ocr_carea' id='block_1_14' title="bbox 146 786 1787 824">
    <p class='ocr_par' dir='ltr' id='par_1_14' title="bbox 146 786 1787 824">
     <span class='ocr_line' id='line_1_14' title="bbox 146 786 1787 824; baseline 0.001 -9"><span class='ocrx_word' id='word_1_193' title='bbox 146 788 268 823; x_wconf 86' lang='lat' dir='ltr'><strong>ejusdem</strong></span> <span class='ocrx_word' id='word_1_194' title='bbox 285 787 332 814; x_wconf 92' lang='lat' dir='ltr'><strong>lib.</strong></span> <span class='ocrx_word' id='word_1_195' title='bbox 346 791 373 814; x_wconf 86' lang='lat' dir='ltr'><strong>et</strong></span> <span class='ocrx_word' id='word_1_196' title='bbox 389 788 431 815; x_wconf 88' lang='lat' dir='ltr'><strong>tit.</strong></span> <span class='ocrx_word' id='word_1_197' title='bbox 450 795 458 813; x_wconf 89' lang='lat'><strong>:</strong></span> <span class='ocrx_word' id='word_1_198' title='bbox 473 786 525 820; x_wconf 87' lang='lat' dir='ltr'><strong>Qui</strong></span> <span class='ocrx_word' id='word_1_199' title='bbox 540 794 592 813; x_wconf 90' lang='lat' dir='ltr'><strong>non</strong></span> <span class='ocrx_word' id='word_1_200' title='bbox 607 786 770 821; x_wconf 79' lang='lat' dir='ltr'><strong>exlegitimo</strong></span> <span class='ocrx_word' id='word_1_201' title='bbox 785 786 961 814; x_wconf 88' lang='lat' dir='ltr'><strong>matrimonio</strong></span> <span class='ocrx_word' id='word_1_202' title='bbox 976 787 1110 819; x_wconf 83' lang='lat' dir='ltr'><strong>nascitur,</strong></span> <span class='ocrx_word' id='word_1_203' title='bbox 1126 793 1241 814; x_wconf 83' lang='lat' dir='ltr'><strong>matrem</strong></span> <span class='ocrx_word' id='word_1_204' title='bbox 1260 787 1385 823; x_wconf 81' lang='lat' dir='ltr'><strong>sequitur</strong></span> <span class='ocrx_word' id='word_1_205' title='bbox 1401 797 1408 814; x_wconf 92' lang='lat'><strong>:</strong></span> <span class='ocrx_word' id='word_1_206' title='bbox 1434 788 1486 815; x_wconf 75' lang='lat' dir='ltr'><strong>nisi</strong></span> <span class='ocrx_word' id='word_1_207' title='bbox 1505 789 1547 816; x_wconf 80' lang='lat' dir='ltr'><strong>lex</strong></span> <span class='ocrx_word' id='word_1_208' title='bbox 1561 789 1696 824; x_wconf 53' lang='lat' dir='ltr'><strong>,specialis</strong></span> <span class='ocrx_word' id='word_1_209' title='bbox 1711 791 1787 818; x_wconf 91' lang='lat' dir='ltr'><strong>aliud</strong></span> 
     </span>
    </p>
   </div>
   <div class='ocr_carea' id='block_1_15' title="bbox 148 834 1786 872">
    <p class='ocr_par' dir='ltr' id='par_1_15' title="bbox 148 834 1786 872">
     <span class='ocr_line' id='line_1_15' title="bbox 148 834 1786 872; baseline 0.002 -10"><span class='ocrx_word' id='word_1_210' title='bbox 148 837 288 872; x_wconf 86' lang='lat' dir='ltr'><strong>quidpiam</strong></span> <span class='ocrx_word' id='word_1_211' title='bbox 306 840 418 863; x_wconf 83' lang='lat' dir='ltr'><strong>statuat.</strong></span> <span class='ocrx_word' id='word_1_212' title='bbox 432 834 486 862; x_wconf 90' lang='lat' dir='ltr'><strong>Tit.</strong></span> <span class='ocrx_word' id='word_1_213' title='bbox 502 834 517 861; x_wconf 91' lang='lat'><strong>7</strong></span> <span class='ocrx_word' id='word_1_214' title='bbox 538 835 584 861; x_wconf 92' lang='lat' dir='ltr'><strong>lib.</strong></span> <span class='ocrx_word' id='word_1_215' title='bbox 598 842 650 862; x_wconf 77' lang='lat' dir='ltr'><strong>xxv</strong></span> <span class='ocrx_word' id='word_1_216' title='bbox 663 834 721 868; x_wconf 79' lang='lat' dir='ltr'><strong>Dig.</strong></span> <span class='ocrx_word' id='word_1_217' title='bbox 738 842 789 861; x_wconf 93' lang='lat' dir='ltr'><strong>non</strong></span> <span class='ocrx_word' id='word_1_218' title='bbox 806 838 848 861; x_wconf 89' lang='lat' dir='ltr'><strong>est</strong></span> <span class='ocrx_word' id='word_1_219' title='bbox 869 834 975 869; x_wconf 83' lang='lat' dir='ltr'><strong>positus</strong></span> <span class='ocrx_word' id='word_1_220' title='bbox 992 835 1018 861; x_wconf 91' lang='lat' dir='ltr'><strong>in</strong></span> <span class='ocrx_word' id='word_1_221' title='bbox 1044 835 1124 862; x_wconf 86' lang='lat' dir='ltr'><strong>Basil.</strong></span> <span class='ocrx_word' id='word_1_222' title='bbox 1141 834 1195 862; x_wconf 90' lang='lat' dir='ltr'><strong>Tit.</strong></span> <span class='ocrx_word' id='word_1_223' title='bbox 1213 834 1230 861; x_wconf 83' lang='lat'><strong>5</strong></span> <span class='ocrx_word' id='word_1_224' title='bbox 1248 834 1295 863; x_wconf 91' lang='lat' dir='ltr'><strong>lib.</strong></span> <span class='ocrx_word' id='word_1_225' title='bbox 1316 843 1399 862; x_wconf 76' lang='lat' dir='ltr'><strong>XLVI”</strong></span> <span class='ocrx_word' id='word_1_226' title='bbox 1421 835 1520 870; x_wconf 80' lang='lat' dir='ltr'><strong>Digest.</strong></span> <span class='ocrx_word' id='word_1_227' title='bbox 1537 841 1579 863; x_wconf 90' lang='lat' dir='ltr'><strong>est</strong></span> <span class='ocrx_word' id='word_1_228' title='bbox 1595 837 1622 863; x_wconf 94' lang='lat' dir='ltr'><strong>in</strong></span> <span class='ocrx_word' id='word_1_229' title='bbox 1639 836 1687 864; x_wconf 90' lang='lat' dir='ltr'><strong>lib.</strong></span> <span class='ocrx_word' id='word_1_230' title='bbox 1703 836 1786 865; x_wconf 84' lang='lat' dir='ltr'><strong>Basil.</strong></span> 
     </span>
    </p>
   </div>
   <div class='ocr_carea' id='block_1_16' title="bbox 148 882 1795 918">
    <p class='ocr_par' dir='ltr' id='par_1_16' title="bbox 148 882 1795 918">
     <span class='ocr_line' id='line_1_16' title="bbox 148 882 1795 918; baseline 0.001 -6"><span class='ocrx_word' id='word_1_231' title='bbox 148 893 183 912; x_wconf 72' lang='grc' dir='ltr'><strong>ιι</strong></span> <span class='ocrx_word' id='word_1_232' title='bbox 194 885 236 912; x_wconf 86' lang='lat' dir='ltr'><strong>tit.</strong></span> <span class='ocrx_word' id='word_1_233' title='bbox 257 886 303 912; x_wconf 82' lang='lat'><strong>57.</strong></span> <span class='ocrx_word' id='word_1_234' title='bbox 319 884 421 918; x_wconf 78' lang='lat' dir='ltr'><strong>Digest.</strong></span> <span class='ocrx_word' id='word_1_235' title='bbox 435 889 525 911; x_wconf 87' lang='lat' dir='ltr'><strong>autem</strong></span> <span class='ocrx_word' id='word_1_236' title='bbox 541 883 570 909; x_wconf 92' lang='grc'><strong>11</strong></span> <span class='ocrx_word' id='word_1_237' title='bbox 583 891 637 910; x_wconf 93' lang='lat' dir='ltr'><strong>non</strong></span> <span class='ocrx_word' id='word_1_238' title='bbox 653 888 694 909; x_wconf 88' lang='lat' dir='ltr'><strong>est</strong></span> <span class='ocrx_word' id='word_1_239' title='bbox 707 882 913 917; x_wconf 86' lang='lat' dir='ltr'><strong>transcriptum.</strong></span> <span class='ocrx_word' id='word_1_240' title='bbox 941 882 1042 910; x_wconf 88' lang='lat' dir='ltr'><strong>Verum</strong></span> <span class='ocrx_word' id='word_1_241' title='bbox 1074 883 1112 910; x_wconf 92' lang='lat' dir='ltr'><strong>ait</strong></span> <span class='ocrx_word' id='word_1_242' title='bbox 1143 883 1235 910; x_wconf 84' lang='lat' dir='ltr'><strong>thema</strong></span> <span class='ocrx_word' id='word_1_243' title='bbox 1257 883 1274 909; x_wconf 87' lang='grc'><strong>2</strong></span> <span class='ocrx_word' id='word_1_244' title='bbox 1293 890 1353 917; x_wconf 85' lang='lat' dir='ltr'><strong>cap.</strong></span> <span class='ocrx_word' id='word_1_245' title='bbox 1371 883 1382 909; x_wconf 95' lang='grc'><strong>1</strong></span> <span class='ocrx_word' id='word_1_246' title='bbox 1399 883 1440 911; x_wconf 79' lang='lat' dir='ltr'><strong>tit.</strong></span> <span class='ocrx_word' id='word_1_247' title='bbox 1458 883 1492 910; x_wconf 80' lang='lat'><strong>57</strong></span> <span class='ocrx_word' id='word_1_248' title='bbox 1519 883 1566 911; x_wconf 91' lang='lat' dir='ltr'><strong>lib.</strong></span> <span class='ocrx_word' id='word_1_249' title='bbox 1581 892 1615 911; x_wconf 61' lang='grc' dir='ltr'><strong>ιι</strong></span> <span class='ocrx_word' id='word_1_250' title='bbox 1633 885 1704 918; x_wconf 87' lang='lat' dir='ltr'><strong>:Qui</strong></span> <span class='ocrx_word' id='word_1_251' title='bbox 1728 894 1795 913; x_wconf 38' lang='lat' dir='ltr'><strong>mue</strong></span> 
     </span>
    </p>
   </div>
   <div class='ocr_carea' id='block_1_17' title="bbox 149 928 1790 965">
    <p class='ocr_par' dir='ltr' id='par_1_17' title="bbox 149 928 1790 965">
     <span class='ocr_line' id='line_1_17' title="bbox 149 928 1790 965; baseline 0.001 -7"><span class='ocrx_word' id='word_1_252' title='bbox 149 931 242 959; x_wconf 87' lang='lat' dir='ltr'><strong>lierem</strong></span> <span class='ocrx_word' id='word_1_253' title='bbox 257 931 396 957; x_wconf 84' lang='lat' dir='ltr'><strong>honestam</strong></span> <span class='ocrx_word' id='word_1_254' title='bbox 411 934 438 957; x_wconf 90' lang='lat' dir='ltr'><strong>et</strong></span> <span class='ocrx_word' id='word_1_255' title='bbox 453 930 597 964; x_wconf 76' lang='lat' dir='ltr'><strong>ingenuam</strong></span> <span class='ocrx_word' id='word_1_256' title='bbox 616 928 642 955; x_wconf 92' lang='lat' dir='ltr'><strong>in</strong></span> <span class='ocrx_word' id='word_1_257' title='bbox 658 929 963 961; x_wconf 77' lang='lat' dir='ltr'><strong>concubinatuhabet,</strong></span> <span class='ocrx_word' id='word_1_258' title='bbox 989 936 1078 964; x_wconf 91' lang='lat' dir='ltr'><strong>neque</strong></span> <span class='ocrx_word' id='word_1_259' title='bbox 1102 936 1150 963; x_wconf 86' lang='lat' dir='ltr'><strong>per</strong></span> <span class='ocrx_word' id='word_1_260' title='bbox 1173 930 1400 956; x_wconf 80' lang='lat' dir='ltr'><strong>contestationem</strong></span> <span class='ocrx_word' id='word_1_261' title='bbox 1425 930 1476 956; x_wconf 90' lang='lat' dir='ltr'><strong>hoc</strong></span> <span class='ocrx_word' id='word_1_262' title='bbox 1502 930 1678 958; x_wconf 81' lang='lat' dir='ltr'><strong>manifestum</strong></span> <span class='ocrx_word' id='word_1_263' title='bbox 1705 932 1790 965; x_wconf 77' lang='lat' dir='ltr'><strong>facit,</strong></span> 
     </span>
    </p>
   </div>
   <div class='ocr_carea' id='block_1_18' title="bbox 148 974 1789 1008">
    <p class='ocr_par' dir='ltr' id='par_1_18' title="bbox 148 974 1789 1008">
     <span class='ocr_line' id='line_1_18' title="bbox 148 974 1789 1008; baseline -0.001 -4"><span class='ocrx_word' id='word_1_264' title='bbox 148 979 191 1005; x_wconf 91' lang='lat' dir='ltr'><strong>vel</strong></span> <span class='ocrx_word' id='word_1_265' title='bbox 204 984 316 1004; x_wconf 80' lang='lat' dir='ltr'><strong>uxorem</strong></span> <span class='ocrx_word' id='word_1_266' title='bbox 330 984 390 1003; x_wconf 88' lang='lat' dir='ltr'><strong>eam</strong></span> <span class='ocrx_word' id='word_1_267' title='bbox 402 975 500 1003; x_wconf 86' lang='lat' dir='ltr'><strong>habet:</strong></span> <span class='ocrx_word' id='word_1_268' title='bbox 515 975 555 1001; x_wconf 82' lang='lat' dir='ltr'><strong>vel</strong></span> <span class='ocrx_word' id='word_1_269' title='bbox 573 975 595 1001; x_wconf 90' lang='lat' dir='ltr'><strong>si</strong></span> <span class='ocrx_word' id='word_1_270' title='bbox 613 974 665 1002; x_wconf 91' lang='lat' dir='ltr'><strong>hoc</strong></span> <span class='ocrx_word' id='word_1_271' title='bbox 680 979 803 1006; x_wconf 83' lang='lat' dir='ltr'><strong>recusat,</strong></span> <span class='ocrx_word' id='word_1_272' title='bbox 826 978 963 1008; x_wconf 87' lang='lat' dir='ltr'><strong>stuprum,</strong></span> <span class='ocrx_word' id='word_1_273' title='bbox 993 979 1075 1008; x_wconf 84' lang='lat' dir='ltr'><strong>atque</strong></span> <span class='ocrx_word' id='word_1_274' title='bbox 1100 974 1168 1001; x_wconf 89' lang='lat' dir='ltr'><strong>adeo</strong></span> <span class='ocrx_word' id='word_1_275' title='bbox 1192 974 1358 1001; x_wconf 82' lang='lat' dir='ltr'><strong>adulterium</strong></span> <span class='ocrx_word' id='word_1_276' title='bbox 1382 982 1446 1002; x_wconf 87' lang='lat' dir='ltr'><strong>cum</strong></span> <span class='ocrx_word' id='word_1_277' title='bbox 1472 982 1505 1002; x_wconf 89' lang='lat' dir='ltr'><strong>ca</strong></span> <span class='ocrx_word' id='word_1_278' title='bbox 1527 976 1674 1003; x_wconf 85' lang='lat' dir='ltr'><strong>committit</strong></span> <span class='ocrx_word' id='word_1_279' title='bbox 1695 986 1701 1004; x_wconf 90' lang='lat'><strong>:</strong></span> <span class='ocrx_word' id='word_1_280' title='bbox 1724 979 1789 1005; x_wconf 84' lang='lat' dir='ltr'><strong>dum</strong></span> 
     </span>
    </p>
   </div>
   <div class='ocr_carea' id='block_1_19' title="bbox 150 1021 1792 1059">
    <p class='ocr_par' dir='ltr' id='par_1_19' title="bbox 150 1021 1792 1059">
     <span class='ocr_line' id='line_1_19' title="bbox 150 1021 1792 1059; baseline 0 -7"><span class='ocrx_word' id='word_1_281' title='bbox 150 1024 276 1052; x_wconf 87' lang='lat' dir='ltr'><strong>videlicet</strong></span> <span class='ocrx_word' id='word_1_282' title='bbox 296 1031 409 1058; x_wconf 88' lang='lat' dir='ltr'><strong>corpore</strong></span> <span class='ocrx_word' id='word_1_283' title='bbox 430 1026 642 1057; x_wconf 58' lang='lat' dir='ltr'><strong>sququwstum</strong></span> <span class='ocrx_word' id='word_1_284' title='bbox 667 1021 746 1057; x_wconf 82' lang='lat' dir='ltr'><strong>[illa]</strong></span> <span class='ocrx_word' id='word_1_285' title='bbox 767 1030 822 1049; x_wconf 82' lang='lat' dir='ltr'><strong>non</strong></span> <span class='ocrx_word' id='word_1_286' title='bbox 837 1021 942 1049; x_wconf 79' lang='lat' dir='ltr'><strong>fecerit.</strong></span> <span class='ocrx_word' id='word_1_287' title='bbox 972 1021 1068 1051; x_wconf 85' lang='lat' dir='ltr'><strong>Const.</strong></span> <span class='ocrx_word' id='word_1_288' title='bbox 1084 1021 1100 1049; x_wconf 80' lang='lat'><strong>5</strong></span> <span class='ocrx_word' id='word_1_289' title='bbox 1126 1022 1167 1049; x_wconf 92' lang='lat' dir='ltr'><strong>tit.</strong></span> <span class='ocrx_word' id='word_1_290' title='bbox 1189 1022 1223 1049; x_wconf 83' lang='lat'><strong>57</strong></span> <span class='ocrx_word' id='word_1_291' title='bbox 1239 1022 1286 1049; x_wconf 91' lang='lat' dir='ltr'><strong>lib.</strong></span> <span class='ocrx_word' id='word_1_292' title='bbox 1317 1029 1343 1049; x_wconf 90' lang='lat' dir='ltr'><strong>vI</strong></span> <span class='ocrx_word' id='word_1_293' title='bbox 1365 1021 1434 1049; x_wconf 86' lang='lat' dir='ltr'><strong>Cod.</strong></span> <span class='ocrx_word' id='word_1_294' title='bbox 1467 1030 1521 1050; x_wconf 94' lang='lat' dir='ltr'><strong>non</strong></span> <span class='ocrx_word' id='word_1_295' title='bbox 1541 1027 1582 1050; x_wconf 87' lang='lat' dir='ltr'><strong>est</strong></span> <span class='ocrx_word' id='word_1_296' title='bbox 1598 1023 1702 1059; x_wconf 78' lang='lat' dir='ltr'><strong>integra</strong></span> <span class='ocrx_word' id='word_1_297' title='bbox 1719 1026 1792 1059; x_wconf 83' lang='lat' dir='ltr'><strong>posi-</strong></span> 
     </span>
    </p>
   </div>
   <div class='ocr_carea' id='block_1_20' title="bbox 149 1068 1790 1108">
    <p class='ocr_par' dir='ltr' id='par_1_20' title="bbox 149 1068 1790 1108">
     <span class='ocr_line' id='line_1_20' title="bbox 149 1068 1790 1108; baseline 0.001 -10"><span class='ocrx_word' id='word_1_298' title='bbox 149 1077 188 1103; x_wconf 85' lang='lat' dir='ltr'><strong>ta,</strong></span> <span class='ocrx_word' id='word_1_299' title='bbox 206 1071 284 1106; x_wconf 87' lang='lat' dir='ltr'><strong>eujus</strong></span> <span class='ocrx_word' id='word_1_300' title='bbox 297 1070 405 1096; x_wconf 92' lang='lat' dir='ltr'><strong>initium</strong></span> <span class='ocrx_word' id='word_1_301' title='bbox 420 1074 462 1096; x_wconf 91' lang='lat' dir='ltr'><strong>est</strong></span> <span class='ocrx_word' id='word_1_302' title='bbox 478 1076 539 1104; x_wconf 87' lang='lat' dir='ltr'><strong>cap.</strong></span> <span class='ocrx_word' id='word_1_303' title='bbox 563 1068 599 1095; x_wconf 73' lang='grc'><strong>42</strong></span> <span class='ocrx_word' id='word_1_304' title='bbox 624 1069 665 1095; x_wconf 90' lang='lat' dir='ltr'><strong>tit.</strong></span> <span class='ocrx_word' id='word_1_305' title='bbox 682 1068 695 1095; x_wconf 94' lang='grc'><strong>1</strong></span> <span class='ocrx_word' id='word_1_306' title='bbox 712 1069 760 1096; x_wconf 90' lang='lat' dir='ltr'><strong>lib.</strong></span> <span class='ocrx_word' id='word_1_307' title='bbox 790 1076 841 1095; x_wconf 65' lang='lat' dir='ltr'><strong>xcv</strong></span> <span class='ocrx_word' id='word_1_308' title='bbox 862 1068 945 1096; x_wconf 81' lang='lat' dir='ltr'><strong>Basil.</strong></span> <span class='ocrx_word' id='word_1_309' title='bbox 978 1068 1044 1103; x_wconf 81' lang='lat' dir='ltr'><strong>Cap.</strong></span> <span class='ocrx_word' id='word_1_310' title='bbox 1065 1069 1082 1095; x_wconf 84' lang='grc'><strong>2</strong></span> <span class='ocrx_word' id='word_1_311' title='bbox 1098 1069 1209 1096; x_wconf 82' lang='lat' dir='ltr'><strong>novellae</strong></span> <span class='ocrx_word' id='word_1_312' title='bbox 1235 1068 1380 1096; x_wconf 85' lang='lat' dir='ltr'><strong>Justiniani</strong></span> <span class='ocrx_word' id='word_1_313' title='bbox 1401 1069 1444 1102; x_wconf 88' lang='grc'><strong>12,</strong></span> <span class='ocrx_word' id='word_1_314' title='bbox 1462 1074 1490 1096; x_wconf 86' lang='lat' dir='ltr'><strong>et</strong></span> <span class='ocrx_word' id='word_1_315' title='bbox 1504 1077 1564 1104; x_wconf 91' lang='lat' dir='ltr'><strong>cap.</strong></span> <span class='ocrx_word' id='word_1_316' title='bbox 1591 1070 1627 1097; x_wconf 75' lang='lat'><strong>15</strong></span> <span class='ocrx_word' id='word_1_317' title='bbox 1654 1070 1790 1108; x_wconf 60' lang='lat' dir='ltr'><strong>[novellae]</strong></span> 
     </span>
    </p>
   </div>
   <div class='ocr_carea' id='block_1_21' title="bbox 151 1113 1795 1151">
    <p class='ocr_par' dir='ltr' id='par_1_21' title="bbox 151 1113 1795 1151">
     <span class='ocr_line' id='line_1_21' title="bbox 151 1113 1795 1151; baseline 0 -7"><span class='ocrx_word' id='word_1_318' title='bbox 151 1118 196 1150; x_wconf 83' lang='lat' dir='ltr'><strong>l8,</strong></span> <span class='ocrx_word' id='word_1_319' title='bbox 225 1121 252 1144; x_wconf 86' lang='lat' dir='ltr'><strong>et</strong></span> <span class='ocrx_word' id='word_1_320' title='bbox 276 1116 381 1143; x_wconf 87' lang='lat' dir='ltr'><strong>novella</strong></span> <span class='ocrx_word' id='word_1_321' title='bbox 411 1114 455 1147; x_wconf 84' lang='lat' dir='ltr'><strong>l9,</strong></span> <span class='ocrx_word' id='word_1_322' title='bbox 482 1120 510 1142; x_wconf 91' lang='lat' dir='ltr'><strong>et</strong></span> <span class='ocrx_word' id='word_1_323' title='bbox 522 1122 584 1149; x_wconf 89' lang='lat' dir='ltr'><strong>cap.</strong></span> <span class='ocrx_word' id='word_1_324' title='bbox 613 1114 640 1146; x_wconf 79' lang='lat'><strong>3,</strong></span> <span class='ocrx_word' id='word_1_325' title='bbox 657 1114 701 1148; x_wconf 84' lang='lat'><strong>78,</strong></span> <span class='ocrx_word' id='word_1_326' title='bbox 726 1120 754 1142; x_wconf 90' lang='lat' dir='ltr'><strong>et</strong></span> <span class='ocrx_word' id='word_1_327' title='bbox 770 1122 831 1150; x_wconf 88' lang='lat' dir='ltr'><strong>cap.</strong></span> <span class='ocrx_word' id='word_1_328' title='bbox 849 1115 881 1145; x_wconf 78' lang='lat'><strong>5,</strong></span> <span class='ocrx_word' id='word_1_329' title='bbox 904 1114 939 1142; x_wconf 78' lang='lat'><strong>89</strong></span> <span class='ocrx_word' id='word_1_330' title='bbox 965 1115 1134 1142; x_wconf 81' lang='lat' dir='ltr'><strong>novellarum</strong></span> <span class='ocrx_word' id='word_1_331' title='bbox 1159 1115 1329 1150; x_wconf 85' lang='lat' dir='ltr'><strong>imperatoris</strong></span> <span class='ocrx_word' id='word_1_332' title='bbox 1351 1113 1513 1148; x_wconf 69' lang='lat' dir='ltr'><strong>Iustiniani,</strong></span> <span class='ocrx_word' id='word_1_333' title='bbox 1535 1119 1562 1142; x_wconf 89' lang='lat' dir='ltr'><strong>et</strong></span> <span class='ocrx_word' id='word_1_334' title='bbox 1582 1115 1636 1143; x_wconf 84' lang='lat' dir='ltr'><strong>alia</strong></span> <span class='ocrx_word' id='word_1_335' title='bbox 1657 1123 1717 1151; x_wconf 85' lang='lat' dir='ltr'><strong>cap.</strong></span> <span class='ocrx_word' id='word_1_336' title='bbox 1734 1124 1795 1151; x_wconf 64' lang='lat' dir='ltr'><strong>quae</strong></span> 
     </span>
    </p>
   </div>
   <div class='ocr_carea' id='block_1_22' title="bbox 150 1160 1794 1199">
    <p class='ocr_par' dir='ltr' id='par_1_22' title="bbox 150 1160 1794 1199">
     <span class='ocr_line' id='line_1_22' title="bbox 150 1160 1794 1199; baseline 0 -8"><span class='ocrx_word' id='word_1_337' title='bbox 150 1163 228 1191; x_wconf 78' lang='lat' dir='ltr'><strong>deiis</strong></span> <span class='ocrx_word' id='word_1_338' title='bbox 241 1163 351 1195; x_wconf 83' lang='lat' dir='ltr'><strong>docent,</strong></span> <span class='ocrx_word' id='word_1_339' title='bbox 365 1162 412 1197; x_wconf 89' lang='lat' dir='ltr'><strong>qui</strong></span> <span class='ocrx_word' id='word_1_340' title='bbox 423 1169 457 1188; x_wconf 78' lang='lat' dir='ltr'><strong>ex</strong></span> <span class='ocrx_word' id='word_1_341' title='bbox 468 1160 790 1197; x_wconf 82' lang='lat' dir='ltr'><strong>legitimis[postmodum</strong></span> <span class='ocrx_word' id='word_1_342' title='bbox 804 1162 946 1192; x_wconf 86' lang='lat' dir='ltr'><strong>uxoribus,</strong></span> <span class='ocrx_word' id='word_1_343' title='bbox 977 1160 1035 1197; x_wconf 89' lang='lat' dir='ltr'><strong>aut]</strong></span> <span class='ocrx_word' id='word_1_344' title='bbox 1053 1162 1134 1189; x_wconf 86' lang='lat' dir='ltr'><strong>etiam</strong></span> <span class='ocrx_word' id='word_1_345' title='bbox 1157 1171 1190 1189; x_wconf 83' lang='lat' dir='ltr'><strong>ex</strong></span> <span class='ocrx_word' id='word_1_346' title='bbox 1208 1162 1371 1190; x_wconf 91' lang='lat' dir='ltr'><strong>concubinis</strong></span> <span class='ocrx_word' id='word_1_347' title='bbox 1385 1160 1478 1197; x_wconf 84' lang='lat' dir='ltr'><strong>[nati],</strong></span> <span class='ocrx_word' id='word_1_348' title='bbox 1512 1165 1540 1189; x_wconf 89' lang='lat' dir='ltr'><strong>et</strong></span> <span class='ocrx_word' id='word_1_349' title='bbox 1558 1169 1592 1190; x_wconf 81' lang='lat' dir='ltr'><strong>ex</strong></span> <span class='ocrx_word' id='word_1_350' title='bbox 1616 1163 1710 1191; x_wconf 90' lang='lat' dir='ltr'><strong>nothis</strong></span> <span class='ocrx_word' id='word_1_351' title='bbox 1725 1163 1794 1199; x_wconf 76' lang='lat' dir='ltr'><strong>legi-</strong></span> 
     </span>
    </p>
   </div>
   <div class='ocr_carea' id='block_1_23' title="bbox 152 1204 1242 1243">
    <p class='ocr_par' dir='ltr' id='par_1_23' title="bbox 152 1204 1242 1243">
     <span class='ocr_line' id='line_1_23' title="bbox 152 1204 1242 1243; baseline -0.003 -7"><span class='ocrx_word' id='word_1_352' title='bbox 152 1209 211 1237; x_wconf 81' lang='lat' dir='ltr'><strong>timi</strong></span> <span class='ocrx_word' id='word_1_353' title='bbox 228 1208 274 1235; x_wconf 91' lang='lat' dir='ltr'><strong>tllii</strong></span> <span class='ocrx_word' id='word_1_354' title='bbox 289 1207 383 1243; x_wconf 83' lang='lat' dir='ltr'><strong>[liuntz</strong></span> <span class='ocrx_word' id='word_1_355' title='bbox 400 1204 508 1242; x_wconf 84' lang='lat' dir='ltr'><strong>]posita</strong></span> <span class='ocrx_word' id='word_1_356' title='bbox 522 1210 587 1233; x_wconf 90' lang='lat' dir='ltr'><strong>sunt</strong></span> <span class='ocrx_word' id='word_1_357' title='bbox 606 1207 631 1232; x_wconf 85' lang='lat' dir='ltr'><strong>in</strong></span> <span class='ocrx_word' id='word_1_358' title='bbox 649 1207 689 1233; x_wconf 90' lang='lat' dir='ltr'><strong>tit.</strong></span> <span class='ocrx_word' id='word_1_359' title='bbox 706 1206 718 1232; x_wconf 92' lang='grc'><strong>1</strong></span> <span class='ocrx_word' id='word_1_360' title='bbox 734 1210 761 1233; x_wconf 90' lang='lat' dir='ltr'><strong>et</strong></span> <span class='ocrx_word' id='word_1_361' title='bbox 775 1206 793 1232; x_wconf 84' lang='grc'><strong>2</strong></span> <span class='ocrx_word' id='word_1_362' title='bbox 811 1205 858 1232; x_wconf 87' lang='lat' dir='ltr'><strong>lib.</strong></span> <span class='ocrx_word' id='word_1_363' title='bbox 876 1213 951 1232; x_wconf 74' lang='lat' dir='ltr'><strong>xxx“</strong></span> <span class='ocrx_word' id='word_1_364' title='bbox 970 1205 1053 1233; x_wconf 73' lang='lat' dir='ltr'><strong>Basil.</strong></span> <span class='ocrx_word' id='word_1_365' title='bbox 1071 1213 1142 1240; x_wconf 89' lang='lat' dir='ltr'><strong>quos</strong></span> <span class='ocrx_word' id='word_1_366' title='bbox 1157 1207 1242 1241; x_wconf 70' lang='lat' dir='ltr'><strong>legas.</strong></span> 
     </span>
    </p>
   </div>
   <div class='ocr_carea' id='block_1_24' title="bbox 189 1251 953 1290">
    <p class='ocr_par' dir='ltr' id='par_1_24' title="bbox 189 1251 947 1288">
     <span class='ocr_line' id='line_1_24' title="bbox 189 1251 947 1288; baseline -0.004 -7"><span class='ocrx_word' id='word_1_367' title='bbox 189 1255 345 1288; x_wconf 84' lang='grc' dir='ltr'><strong>Κειμενον.</strong></span> <span class='ocrx_word' id='word_1_368' title='bbox 361 1253 415 1280; x_wconf 76' lang='grc' dir='ltr'><strong>Καὶ</strong></span> <span class='ocrx_word' id='word_1_369' title='bbox 429 1252 525 1284; x_wconf 74' lang='grc' dir='ltr'>δούλας</span> <span class='ocrx_word' id='word_1_370' title='bbox 538 1251 566 1279; x_wconf 81' lang='grc' dir='ltr'>δὲ</span> <span class='ocrx_word' id='word_1_371' title='bbox 587 1252 654 1284; x_wconf 79' lang='grc' dir='ltr'>ἰδίας</span> <span class='ocrx_word' id='word_1_372' title='bbox 679 1252 818 1288; x_wconf 79' lang='grc' dir='ltr'>δυνάμεθα</span> <span class='ocrx_word' id='word_1_373' title='bbox 844 1252 947 1278; x_wconf 85' lang='grc' dir='ltr'>παλλα-</span> 
     </span>
    </p>
   </div>
   <div class='ocr_carea' id='block_1_25' title="bbox 1014 1251 1796 1290">
    <p class='ocr_par' dir='ltr' id='par_1_25' title="bbox 1037 1252 1796 1290">
     <span class='ocr_line' id='line_1_25' title="bbox 1037 1252 1796 1290; baseline 0.004 -11"><span class='ocrx_word' id='word_1_374' title='bbox 1037 1252 1144 1280; x_wconf 68' lang='lat' dir='ltr'><strong>Tenus.</strong></span> <span class='ocrx_word' id='word_1_375' title='bbox 1154 1252 1270 1281; x_wconf 84' lang='lat' dir='ltr'><strong>Proinde</strong></span> <span class='ocrx_word' id='word_1_376' title='bbox 1279 1259 1306 1280; x_wconf 85' lang='lat' dir='ltr'><strong>et</strong></span> <span class='ocrx_word' id='word_1_377' title='bbox 1316 1253 1429 1282; x_wconf 84' lang='lat' dir='ltr'><strong>ancillas</strong></span> <span class='ocrx_word' id='word_1_378' title='bbox 1440 1254 1587 1290; x_wconf 64' lang='lat' dir='ltr'><strong>nostrasjn</strong></span> <span class='ocrx_word' id='word_1_379' title='bbox 1598 1255 1796 1290; x_wconf 85' lang='lat' dir='ltr'><strong>concubinatn,</strong></span> 
     </span>
    </p>
   </div>
   <div class='ocr_carea' id='block_1_26' title="bbox 156 1297 946 1334">
    <p class='ocr_par' dir='ltr' id='par_1_26' title="bbox 156 1297 946 1334">
     <span class='ocr_line' id='line_1_26' title="bbox 156 1297 946 1334; baseline -0.005 -6"><span class='ocrx_word' id='word_1_380' title='bbox 156 1301 286 1329; x_wconf 82' lang='grc' dir='ltr'>κεύεσθαι</span> <span class='ocrx_word' id='word_1_381' title='bbox 299 1321 306 1332; x_wconf 86' lang='grc'>,</span> <span class='ocrx_word' id='word_1_382' title='bbox 322 1309 350 1327; x_wconf 87' lang='grc' dir='ltr'>κ.</span> <span class='ocrx_word' id='word_1_383' title='bbox 369 1309 394 1326; x_wconf 85' lang='grc' dir='ltr'>τ.</span> <span class='ocrx_word' id='word_1_384' title='bbox 408 1299 433 1325; x_wconf 88' lang='grc' dir='ltr'><strong>λ.</strong></span> <span class='ocrx_word' id='word_1_385' title='bbox 448 1307 535 1334; x_wconf 89' lang='lat' dir='ltr'><strong>usque</strong></span> <span class='ocrx_word' id='word_1_386' title='bbox 547 1299 580 1326; x_wconf 87' lang='lat' dir='ltr'><strong>ad</strong></span> <span class='ocrx_word' id='word_1_387' title='bbox 594 1299 717 1334; x_wconf 75' lang='grc' dir='ltr'>λέγεται,</span> <span class='ocrx_word' id='word_1_388' title='bbox 731 1298 769 1330; x_wconf 84' lang='grc' dir='ltr'>ὡς</span> <span class='ocrx_word' id='word_1_389' title='bbox 796 1298 898 1334; x_wconf 79' lang='grc' dir='ltr'>βιϐλίον</span> <span class='ocrx_word' id='word_1_390' title='bbox 915 1297 946 1332; x_wconf 85' lang='grc' dir='ltr'>ν’,</span> 
     </span>
    </p>
   </div>
   <div class='ocr_carea' id='block_1_27' title="bbox 155 1345 451 1382">
    <p class='ocr_par' dir='ltr' id='par_1_27' title="bbox 155 1345 451 1382">
     <span class='ocr_line' id='line_1_27' title="bbox 155 1345 451 1382; baseline -0.014 -6"><span class='ocrx_word' id='word_1_391' title='bbox 155 1349 207 1376; x_wconf 78' lang='grc' dir='ltr'>τίτ.</span> <span class='ocrx_word' id='word_1_392' title='bbox 222 1347 270 1381; x_wconf 85' lang='grc' dir='ltr'>ις’,</span> <span class='ocrx_word' id='word_1_393' title='bbox 287 1347 358 1374; x_wconf 83' lang='grc' dir='ltr'>διάτ.</span> <span class='ocrx_word' id='word_1_394' title='bbox 381 1345 451 1382; x_wconf 84' lang='grc' dir='ltr'>ρμδ’.</span> 
     </span>
    </p>
   </div>
   <div class='ocr_carea' id='block_1_28' title="bbox 192 1390 948 1428">
    <p class='ocr_par' dir='ltr' id='par_1_28' title="bbox 192 1390 948 1428">
     <span class='ocr_line' id='line_1_28' title="bbox 192 1390 948 1428; baseline -0.005 -6"><span class='ocrx_word' id='word_1_395' title='bbox 192 1394 332 1428; x_wconf 78' lang='grc' dir='ltr'>Σχόλιον.</span> <span class='ocrx_word' id='word_1_396' title='bbox 346 1393 383 1419; x_wconf 83' lang='grc' dir='ltr'>Τὸ</span> <span class='ocrx_word' id='word_1_397' title='bbox 400 1392 419 1418; x_wconf 85' lang='grc' dir='ltr'><strong>δ’</strong></span> <span class='ocrx_word' id='word_1_398' title='bbox 436 1391 507 1419; x_wconf 84' lang='grc' dir='ltr'>διὰτ.</span> <span class='ocrx_word' id='word_1_399' title='bbox 519 1390 566 1419; x_wconf 83' lang='grc' dir='ltr'>τοῦ</span> <span class='ocrx_word' id='word_1_400' title='bbox 581 1391 603 1417; x_wconf 84' lang='grc' dir='ltr'>δ’</span> <span class='ocrx_word' id='word_1_401' title='bbox 619 1392 673 1418; x_wconf 86' lang='grc' dir='ltr'>τίτ.</span> <span class='ocrx_word' id='word_1_402' title='bbox 686 1391 735 1418; x_wconf 82' lang='grc' dir='ltr'>τοῦ</span> <span class='ocrx_word' id='word_1_403' title='bbox 751 1391 778 1424; x_wconf 84' lang='grc' dir='ltr'><strong>ς’</strong></span> <span class='ocrx_word' id='word_1_404' title='bbox 789 1391 891 1427; x_wconf 77' lang='grc' dir='ltr'>βιϐλίου</span> <span class='ocrx_word' id='word_1_405' title='bbox 901 1390 948 1418; x_wconf 83' lang='grc' dir='ltr'>τοῦ</span> 
     </span>
    </p>
   </div>
   <div class='ocr_carea' id='block_1_29' title="bbox 157 1436 940 1474">
    <p class='ocr_par' dir='ltr' id='par_1_29' title="bbox 157 1436 940 1474">
     <span class='ocr_line' id='line_1_29' title="bbox 157 1436 940 1474; baseline -0.006 -6"><span class='ocrx_word' id='word_1_406' title='bbox 157 1440 283 1472; x_wconf 82' lang='grc' dir='ltr'>κώδικος,</span> <span class='ocrx_word' id='word_1_407' title='bbox 297 1439 355 1466; x_wconf 79' lang='grc' dir='ltr'>ἔστι</span> <span class='ocrx_word' id='word_1_408' title='bbox 366 1439 437 1474; x_wconf 74' lang='grc' dir='ltr'><strong>Οέμα</strong></span> <span class='ocrx_word' id='word_1_409' title='bbox 445 1438 492 1464; x_wconf 82' lang='grc' dir='ltr'>τοῦ</span> <span class='ocrx_word' id='word_1_410' title='bbox 510 1437 553 1473; x_wconf 90' lang='grc' dir='ltr'><strong>κη’</strong></span> <span class='ocrx_word' id='word_1_411' title='bbox 569 1446 633 1472; x_wconf 82' lang='grc' dir='ltr'>κεφ.</span> <span class='ocrx_word' id='word_1_412' title='bbox 644 1437 691 1464; x_wconf 83' lang='grc' dir='ltr'>τοῦ</span> <span class='ocrx_word' id='word_1_413' title='bbox 713 1436 736 1464; x_wconf 84' lang='grc' dir='ltr'>α’</span> <span class='ocrx_word' id='word_1_414' title='bbox 752 1438 806 1464; x_wconf 84' lang='grc' dir='ltr'>τίτ.</span> <span class='ocrx_word' id='word_1_415' title='bbox 826 1437 874 1464; x_wconf 81' lang='grc' dir='ltr'>τοῦ</span> <span class='ocrx_word' id='word_1_416' title='bbox 896 1436 940 1473; x_wconf 82' lang='lat' dir='ltr'><strong>p.0&#39;</strong></span> 
     </span>
    </p>
   </div>
   <div class='ocr_carea' id='block_1_30' title="bbox 158 1481 946 1521">
    <p class='ocr_par' dir='ltr' id='par_1_30' title="bbox 158 1481 946 1521">
     <span class='ocr_line' id='line_1_30' title="bbox 158 1481 946 1521; baseline -0.005 -9"><span class='ocrx_word' id='word_1_417' title='bbox 158 1485 261 1521; x_wconf 75' lang='grc' dir='ltr'>βιϐλίου</span> <span class='ocrx_word' id='word_1_418' title='bbox 273 1484 358 1516; x_wconf 75' lang='grc' dir='ltr'>οὕτως</span> <span class='ocrx_word' id='word_1_419' title='bbox 374 1483 436 1519; x_wconf 79' lang='grc' dir='ltr'>ἕχον</span> <span class='ocrx_word' id='word_1_420' title='bbox 452 1482 489 1514; x_wconf 77' lang='lat' dir='ltr'><strong>Lb;</strong></span> <span class='ocrx_word' id='word_1_421' title='bbox 504 1484 544 1514; x_wconf 82' lang='grc' dir='ltr'>εἰς</span> <span class='ocrx_word' id='word_1_422' title='bbox 568 1483 598 1508; x_wconf 78' lang='grc' dir='ltr'><strong>τὸ</strong></span> <span class='ocrx_word' id='word_1_423' title='bbox 625 1481 752 1516; x_wconf 83' lang='grc' dir='ltr'>κείμενον</span> <span class='ocrx_word' id='word_1_424' title='bbox 778 1482 946 1518; x_wconf 75' lang='grc' dir='ltr'>συνωψίσθη.</span> 
     </span>
    </p>
   </div>
   <div class='ocr_carea' id='block_1_31' title="bbox 163 1527 950 1566">
    <p class='ocr_par' dir='ltr' id='par_1_31' title="bbox 163 1527 950 1566">
     <span class='ocr_line' id='line_1_31' title="bbox 163 1527 950 1566; baseline -0.003 -8"><span class='ocrx_word' id='word_1_425' title='bbox 163 1531 197 1558; x_wconf 86' lang='grc' dir='ltr'><strong>Ἦ</strong></span> <span class='ocrx_word' id='word_1_426' title='bbox 211 1529 234 1566; x_wconf 79' lang='grc' dir='ltr'>γ’</span> <span class='ocrx_word' id='word_1_427' title='bbox 252 1528 376 1562; x_wconf 77' lang='grc' dir='ltr'><strong>διάταξις</strong></span> <span class='ocrx_word' id='word_1_428' title='bbox 395 1530 442 1556; x_wconf 84' lang='grc' dir='ltr'>τοῦ</span> <span class='ocrx_word' id='word_1_429' title='bbox 474 1530 504 1556; x_wconf 83' lang='grc' dir='ltr'>ιε’</span> <span class='ocrx_word' id='word_1_430' title='bbox 530 1528 621 1556; x_wconf 81' lang='grc' dir='ltr'>τίτλου</span> <span class='ocrx_word' id='word_1_431' title='bbox 649 1527 698 1555; x_wconf 78' lang='grc' dir='ltr'>τοῦ</span> <span class='ocrx_word' id='word_1_432' title='bbox 721 1528 744 1560; x_wconf 84' lang='grc' dir='ltr'>ζ’</span> <span class='ocrx_word' id='word_1_433' title='bbox 770 1529 874 1564; x_wconf 78' lang='grc' dir='ltr'>βιῦλίου</span> <span class='ocrx_word' id='word_1_434' title='bbox 901 1529 950 1556; x_wconf 83' lang='grc' dir='ltr'>τοῦ</span> 
     </span>
    </p>
   </div>
   <div class='ocr_carea' id='block_1_32' title="bbox 158 1574 951 1611">
    <p class='ocr_par' dir='ltr' id='par_1_32' title="bbox 158 1574 951 1611">
     <span class='ocr_line' id='line_1_32' title="bbox 158 1574 951 1611; baseline -0.008 -5"><span class='ocrx_word' id='word_1_435' title='bbox 158 1578 286 1610; x_wconf 78' lang='grc' dir='ltr'>κὼδικος,</span> <span class='ocrx_word' id='word_1_436' title='bbox 300 1577 357 1603; x_wconf 80' lang='grc' dir='ltr'>ἔστι</span> <span class='ocrx_word' id='word_1_437' title='bbox 370 1585 434 1611; x_wconf 78' lang='grc' dir='ltr'>κεφ.</span> <span class='ocrx_word' id='word_1_438' title='bbox 450 1574 475 1610; x_wconf 88' lang='grc' dir='ltr'>γ’</span> <span class='ocrx_word' id='word_1_439' title='bbox 489 1574 537 1602; x_wconf 78' lang='grc' dir='ltr'>τοῦ</span> <span class='ocrx_word' id='word_1_440' title='bbox 552 1575 583 1602; x_wconf 80' lang='grc' dir='ltr'><strong>ιθ¹</strong></span> <span class='ocrx_word' id='word_1_441' title='bbox 598 1575 650 1602; x_wconf 80' lang='grc' dir='ltr'>τίτ.</span> <span class='ocrx_word' id='word_1_442' title='bbox 667 1574 714 1602; x_wconf 76' lang='grc' dir='ltr'>τοῦ</span> <span class='ocrx_word' id='word_1_443' title='bbox 730 1578 775 1610; x_wconf 87' lang='grc' dir='ltr'>μη¹</span> <span class='ocrx_word' id='word_1_444' title='bbox 788 1574 890 1609; x_wconf 81' lang='grc' dir='ltr'>βιϐλίου</span> <span class='ocrx_word' id='word_1_445' title='bbox 906 1574 951 1600; x_wconf 77' lang='grc' dir='ltr'><strong>λέ-</strong></span> 
     </span>
    </p>
   </div>
   <div class='ocr_carea' id='block_1_33' title="bbox 158 1619 953 1659">
    <p class='ocr_par' dir='ltr' id='par_1_33' title="bbox 158 1619 953 1659">
     <span class='ocr_line' id='line_1_33' title="bbox 158 1619 953 1659; baseline -0.008 -8"><span class='ocrx_word' id='word_1_446' title='bbox 158 1633 205 1659; x_wconf 80' lang='grc' dir='ltr'>γον</span> <span class='ocrx_word' id='word_1_447' title='bbox 225 1623 322 1655; x_wconf 76' lang='grc' dir='ltr'>οὓτως,</span> <span class='ocrx_word' id='word_1_448' title='bbox 345 1622 408 1649; x_wconf 84' lang='grc' dir='ltr'><strong>Ἐάν</strong></span> <span class='ocrx_word' id='word_1_449' title='bbox 423 1630 464 1653; x_wconf 78' lang='grc' dir='ltr'><strong>τις</strong></span> <span class='ocrx_word' id='word_1_450' title='bbox 475 1620 571 1655; x_wconf 75' lang='grc' dir='ltr'>δούλην</span> <span class='ocrx_word' id='word_1_451' title='bbox 588 1620 638 1657; x_wconf 76' lang='grc' dir='ltr'><strong>ἔχῃ</strong></span> <span class='ocrx_word' id='word_1_452' title='bbox 652 1620 681 1646; x_wconf 85' lang='grc' dir='ltr'><strong>ὲν</strong></span> <span class='ocrx_word' id='word_1_453' title='bbox 698 1622 731 1654; x_wconf 84' lang='grc' dir='ltr'>τῇ</span> <span class='ocrx_word' id='word_1_454' title='bbox 749 1620 802 1654; x_wconf 78' lang='grc' dir='ltr'>ἰδίᾳ</span> <span class='ocrx_word' id='word_1_455' title='bbox 818 1619 953 1654; x_wconf 69' lang='grc' dir='ltr'>συναφείᾳ</span> 
     </span>
    </p>
   </div>
   <div class='ocr_carea' id='block_1_34' title="bbox 160 1666 951 1705">
    <p class='ocr_par' dir='ltr' id='par_1_34' title="bbox 160 1666 951 1705">
     <span class='ocr_line' id='line_1_34' title="bbox 160 1666 951 1705; baseline -0.005 -9"><span class='ocrx_word' id='word_1_456' title='bbox 160 1671 198 1705; x_wconf 85' lang='grc' dir='ltr'><strong>μὴ</strong></span> <span class='ocrx_word' id='word_1_457' title='bbox 214 1670 283 1705; x_wconf 74' lang='grc' dir='ltr'><strong>ἔχων</strong></span> <span class='ocrx_word' id='word_1_458' title='bbox 298 1668 431 1704; x_wconf 84' lang='grc' dir='ltr'><strong>γαμετὴν,</strong></span> <span class='ocrx_word' id='word_1_459' title='bbox 455 1668 502 1694; x_wconf 83' lang='grc' dir='ltr'><strong>καὶ</strong></span> <span class='ocrx_word' id='word_1_460' title='bbox 516 1667 596 1702; x_wconf 85' lang='grc' dir='ltr'>μείνῃ</span> <span class='ocrx_word' id='word_1_461' title='bbox 621 1667 680 1702; x_wconf 81' lang='grc' dir='ltr'>μετ’</span> <span class='ocrx_word' id='word_1_462' title='bbox 696 1666 782 1701; x_wconf 77' lang='grc' dir='ltr'>αὐτῆς</span> <span class='ocrx_word' id='word_1_463' title='bbox 809 1666 891 1701; x_wconf 83' lang='grc' dir='ltr'><strong>μέχρι</strong></span> <span class='ocrx_word' id='word_1_464' title='bbox 908 1674 951 1692; x_wconf 81' lang='grc' dir='ltr'>τε·</span> 
     </span>
    </p>
   </div>
   <div class='ocr_carea' id='block_1_35' title="bbox 158 1711 953 1749">
    <p class='ocr_par' dir='ltr' id='par_1_35' title="bbox 158 1711 953 1749">
     <span class='ocr_line' id='line_1_35' title="bbox 158 1711 953 1749; baseline -0.006 -8"><span class='ocrx_word' id='word_1_465' title='bbox 158 1713 339 1749; x_wconf 80' lang='grc' dir='ltr'>λευτῆς,εἴτε</span> <span class='ocrx_word' id='word_1_466' title='bbox 364 1713 434 1749; x_wconf 70' lang='grc' dir='ltr'>ἔχων</span> <span class='ocrx_word' id='word_1_467' title='bbox 459 1711 607 1748; x_wconf 67' lang='grc' dir='ltr'><strong>παῖδιςξὲξ</strong></span> <span class='ocrx_word' id='word_1_468' title='bbox 628 1711 723 1747; x_wconf 81' lang='grc' dir='ltr'><strong>αὐτῆς.</strong></span> <span class='ocrx_word' id='word_1_469' title='bbox 751 1711 806 1738; x_wconf 80' lang='grc' dir='ltr'>εῐτε</span> <span class='ocrx_word' id='word_1_470' title='bbox 825 1711 873 1746; x_wconf 85' lang='grc' dir='ltr'><strong>μὴ,</strong></span> <span class='ocrx_word' id='word_1_471' title='bbox 905 1711 953 1736; x_wconf 73' lang='grc' dir='ltr'><strong>καὶ</strong></span> 
     </span>
    </p>
   </div>
   <div class='ocr_carea' id='block_1_36' title="bbox 161 1756 952 1798">
    <p class='ocr_par' dir='ltr' id='par_1_36' title="bbox 161 1756 952 1798">
     <span class='ocr_line' id='line_1_36' title="bbox 161 1756 952 1798; baseline -0.008 -10"><span class='ocrx_word' id='word_1_472' title='bbox 161 1761 246 1798; x_wconf 75' lang='grc' dir='ltr'>μηδὲν</span> <span class='ocrx_word' id='word_1_473' title='bbox 259 1761 323 1795; x_wconf 73' lang='grc' dir='ltr'><strong>εἴπῃ</strong></span> <span class='ocrx_word' id='word_1_474' title='bbox 339 1760 403 1795; x_wconf 80' lang='grc' dir='ltr'><strong>περὶ</strong></span> <span class='ocrx_word' id='word_1_475' title='bbox 416 1758 500 1793; x_wconf 81' lang='grc' dir='ltr'>αὐτῆς</span> <span class='ocrx_word' id='word_1_476' title='bbox 515 1759 543 1784; x_wconf 76' lang='grc' dir='ltr'>ἐν</span> <span class='ocrx_word' id='word_1_477' title='bbox 558 1759 593 1794; x_wconf 84' lang='grc' dir='ltr'>τῇ</span> <span class='ocrx_word' id='word_1_478' title='bbox 610 1757 664 1793; x_wconf 70' lang='grc' dir='ltr'>ἰδίᾳ</span> <span class='ocrx_word' id='word_1_479' title='bbox 687 1756 816 1792; x_wconf 62' lang='grc' dir='ltr'><strong>διαθήκῃ,</strong></span> <span class='ocrx_word' id='word_1_480' title='bbox 845 1756 952 1790; x_wconf 80' lang='grc' dir='ltr'>γίνεται</span> 
     </span>
    </p>
   </div>
   <div class='ocr_carea' id='block_1_37' title="bbox 162 1802 952 1841">
    <p class='ocr_par' dir='ltr' id='par_1_37' title="bbox 162 1802 952 1841">
     <span class='ocr_line' id='line_1_37' title="bbox 162 1802 952 1841; baseline -0.008 -7"><span class='ocrx_word' id='word_1_481' title='bbox 162 1807 274 1841; x_wconf 81' lang='grc' dir='ltr'>κάκείνη</span> <span class='ocrx_word' id='word_1_482' title='bbox 299 1805 441 1840; x_wconf 74' lang='grc' dir='ltr'><strong>ἐλευθέρα.</strong></span> <span class='ocrx_word' id='word_1_483' title='bbox 471 1803 591 1830; x_wconf 80' lang='grc' dir='ltr'>Ἀκούων</span> <span class='ocrx_word' id='word_1_484' title='bbox 616 1803 645 1830; x_wconf 80' lang='grc' dir='ltr'>δὲ</span> <span class='ocrx_word' id='word_1_485' title='bbox 674 1803 728 1829; x_wconf 71' lang='grc' dir='ltr'><strong>ἀπὸ</strong></span> <span class='ocrx_word' id='word_1_486' title='bbox 747 1803 793 1830; x_wconf 80' lang='grc' dir='ltr'>τοῦ</span> <span class='ocrx_word' id='word_1_487' title='bbox 817 1802 952 1838; x_wconf 79' lang='grc' dir='ltr'><strong>παρόντος</strong></span> 
     </span>
    </p>
   </div>
   <div class='ocr_carea' id='block_1_38' title="bbox 161 1844 953 1884">
    <p class='ocr_par' dir='ltr' id='par_1_38' title="bbox 161 1844 953 1884">
     <span class='ocr_line' id='line_1_38' title="bbox 161 1844 953 1884; baseline -0.009 -5"><span class='ocrx_word' id='word_1_488' title='bbox 161 1852 286 1884; x_wconf 79' lang='grc' dir='ltr'>κακόνος,</span> <span class='ocrx_word' id='word_1_489' title='bbox 298 1850 339 1877; x_wconf 79' lang='grc' dir='ltr'>ὅτι</span> <span class='ocrx_word' id='word_1_490' title='bbox 352 1850 457 1884; x_wconf 75' lang='grc' dir='ltr'>γίνεται</span> <span class='ocrx_word' id='word_1_491' title='bbox 469 1848 560 1882; x_wconf 71' lang='grc' dir='ltr'>ἐκείνη</span> <span class='ocrx_word' id='word_1_492' title='bbox 571 1847 712 1882; x_wconf 73' lang='grc' dir='ltr'>ἐλευθέρα,</span> <span class='ocrx_word' id='word_1_493' title='bbox 730 1847 767 1883; x_wconf 83' lang='grc' dir='ltr'><strong>μὴ</strong></span> <span class='ocrx_word' id='word_1_494' title='bbox 781 1847 898 1883; x_wconf 73' lang='grc' dir='ltr'>νομίσῃς</span> <span class='ocrx_word' id='word_1_495' title='bbox 913 1844 953 1873; x_wconf 77' lang='grc' dir='ltr'>ὅτι</span> 
     </span>
    </p>
   </div>
   <div class='ocr_carea' id='block_1_39' title="bbox 161 1892 953 1930">
    <p class='ocr_par' dir='ltr' id='par_1_39' title="bbox 161 1892 953 1930">
     <span class='ocr_line' id='line_1_39' title="bbox 161 1892 953 1930; baseline -0.009 -5"><span class='ocrx_word' id='word_1_496' title='bbox 161 1898 187 1925; x_wconf 83' lang='grc' dir='ltr'><strong>οἱ</strong></span> <span class='ocrx_word' id='word_1_497' title='bbox 199 1897 293 1928; x_wconf 69' lang='grc' dir='ltr'>παῖδες</span> <span class='ocrx_word' id='word_1_498' title='bbox 306 1895 392 1930; x_wconf 83' lang='grc' dir='ltr'>αὐτῆς</span> <span class='ocrx_word' id='word_1_499' title='bbox 414 1892 523 1928; x_wconf 74' lang='grc' dir='ltr'>δουλείᾳ</span> <span class='ocrx_word' id='word_1_500' title='bbox 547 1893 715 1919; x_wconf 73' lang='grc' dir='ltr'><strong>ὑπόκεινται·</strong></span> <span class='ocrx_word' id='word_1_501' title='bbox 745 1893 953 1928; x_wconf 75' lang='grc' dir='ltr'>ἐλευθεροῦνται</span> 
     </span>
    </p>
   </div>
   <div class='ocr_carea' id='block_1_40' title="bbox 1000 1299 1738 1337">
    <p class='ocr_par' dir='ltr' id='par_1_40' title="bbox 1000 1299 1738 1337">
     <span class='ocr_line' id='line_1_40' title="bbox 1000 1299 1738 1337; baseline 0.003 -10"><span class='ocrx_word' id='word_1_502' title='bbox 1000 1303 1053 1327; x_wconf 85' lang='lat' dir='ltr'><strong>etc.</strong></span> <span class='ocrx_word' id='word_1_503' title='bbox 1070 1307 1151 1334; x_wconf 75' lang='lat' dir='ltr'><strong>usque</strong></span> <span class='ocrx_word' id='word_1_504' title='bbox 1168 1299 1203 1326; x_wconf 86' lang='lat' dir='ltr'><strong>ad</strong></span> <span class='ocrx_word' id='word_1_505' title='bbox 1219 1299 1317 1334; x_wconf 82' lang='lat' dir='ltr'><strong>digest.</strong></span> <span class='ocrx_word' id='word_1_506' title='bbox 1331 1300 1382 1327; x_wconf 69' lang='grc'><strong>144</strong></span> <span class='ocrx_word' id='word_1_507' title='bbox 1392 1299 1546 1336; x_wconf 87' lang='lat' dir='ltr'><strong>[traditur],</strong></span> <span class='ocrx_word' id='word_1_508' title='bbox 1560 1305 1589 1328; x_wconf 83' lang='grc' dir='ltr'><strong>ιιι</strong></span> <span class='ocrx_word' id='word_1_509' title='bbox 1598 1309 1659 1337; x_wconf 82' lang='lat' dir='ltr'><strong>pag.</strong></span> <span class='ocrx_word' id='word_1_510' title='bbox 1673 1301 1738 1330; x_wconf 82' lang='lat' dir='ltr'><strong>9l8.</strong></span> 
     </span>
    </p>
   </div>
   <div class='ocr_carea' id='block_1_41' title="bbox 1039 1380 1796 1412">
    <p class='ocr_par' dir='ltr' id='par_1_41' title="bbox 1039 1380 1796 1412">
     <span class='ocr_line' id='line_1_41' title="bbox 1039 1380 1796 1412; baseline 0.003 -3"><span class='ocrx_word' id='word_1_511' title='bbox 1039 1380 1185 1409; x_wconf 81' lang='lat' dir='ltr'><strong>Scholium.</strong></span> <span class='ocrx_word' id='word_1_512' title='bbox 1205 1382 1298 1409; x_wconf 89' lang='lat' dir='ltr'><strong>Const.</strong></span> <span class='ocrx_word' id='word_1_513' title='bbox 1315 1382 1331 1409; x_wconf 72' lang='grc'>4</span> <span class='ocrx_word' id='word_1_514' title='bbox 1347 1382 1389 1409; x_wconf 84' lang='grc' dir='ltr'><strong>ῑῑι.</strong></span> <span class='ocrx_word' id='word_1_515' title='bbox 1415 1382 1433 1409; x_wconf 73' lang='grc'><strong>4</strong></span> <span class='ocrx_word' id='word_1_516' title='bbox 1450 1382 1497 1409; x_wconf 92' lang='lat' dir='ltr'><strong>lib.</strong></span> <span class='ocrx_word' id='word_1_517' title='bbox 1515 1391 1540 1410; x_wconf 84' lang='grc' dir='ltr'><strong>νι</strong></span> <span class='ocrx_word' id='word_1_518' title='bbox 1555 1382 1623 1410; x_wconf 88' lang='lat' dir='ltr'><strong>Cod.</strong></span> <span class='ocrx_word' id='word_1_519' title='bbox 1641 1388 1683 1410; x_wconf 87' lang='lat' dir='ltr'><strong>est</strong></span> <span class='ocrx_word' id='word_1_520' title='bbox 1704 1384 1796 1412; x_wconf 85' lang='lat' dir='ltr'><strong>thema</strong></span> 
     </span>
    </p>
   </div>
   <div class='ocr_carea' id='block_1_42' title="bbox 1001 1426 1797 1464">
    <p class='ocr_par' dir='ltr' id='par_1_42' title="bbox 1001 1426 1797 1464">
     <span class='ocr_line' id='line_1_42' title="bbox 1001 1426 1797 1464; baseline 0.004 -9"><span class='ocrx_word' id='word_1_521' title='bbox 1001 1426 1018 1455; x_wconf 66' lang='grc'><strong>4</strong></span> <span class='ocrx_word' id='word_1_522' title='bbox 1042 1436 1103 1463; x_wconf 90' lang='lat' dir='ltr'><strong>cap.</strong></span> <span class='ocrx_word' id='word_1_523' title='bbox 1125 1426 1160 1455; x_wconf 88' lang='grc'><strong>28</strong></span> <span class='ocrx_word' id='word_1_524' title='bbox 1189 1429 1229 1458; x_wconf 90' lang='lat' dir='ltr'><strong>tit.</strong></span> <span class='ocrx_word' id='word_1_525' title='bbox 1249 1429 1260 1455; x_wconf 90' lang='grc'><strong>1</strong></span> <span class='ocrx_word' id='word_1_526' title='bbox 1287 1429 1334 1457; x_wconf 89' lang='lat' dir='ltr'><strong>lib.</strong></span> <span class='ocrx_word' id='word_1_527' title='bbox 1355 1437 1411 1461; x_wconf 80' lang='lat' dir='ltr'><strong>XLI,</strong></span> <span class='ocrx_word' id='word_1_528' title='bbox 1427 1429 1500 1464; x_wconf 88' lang='lat' dir='ltr'><strong>quod</strong></span> <span class='ocrx_word' id='word_1_529' title='bbox 1520 1429 1612 1462; x_wconf 85' lang='lat' dir='ltr'><strong>habet,</strong></span> <span class='ocrx_word' id='word_1_530' title='bbox 1629 1434 1658 1456; x_wconf 90' lang='lat' dir='ltr'><strong>ut</strong></span> <span class='ocrx_word' id='word_1_531' title='bbox 1676 1430 1702 1457; x_wconf 93' lang='lat' dir='ltr'><strong>in</strong></span> <span class='ocrx_word' id='word_1_532' title='bbox 1719 1438 1797 1458; x_wconf 83' lang='lat' dir='ltr'><strong>eom-</strong></span> 
     </span>
    </p>
   </div>
   <div class='ocr_carea' id='block_1_43' title="bbox 1003 1476 1792 1511">
    <p class='ocr_par' dir='ltr' id='par_1_43' title="bbox 1003 1476 1792 1511">
     <span class='ocr_line' id='line_1_43' title="bbox 1003 1476 1792 1511; baseline 0.003 -8"><span class='ocrx_word' id='word_1_533' title='bbox 1003 1476 1102 1510; x_wconf 92' lang='lat' dir='ltr'><strong>pendio</strong></span> <span class='ocrx_word' id='word_1_534' title='bbox 1126 1476 1296 1511; x_wconf 87' lang='lat' dir='ltr'><strong>propositum</strong></span> <span class='ocrx_word' id='word_1_535' title='bbox 1321 1481 1374 1503; x_wconf 88' lang='lat' dir='ltr'><strong>est.</strong></span> <span class='ocrx_word' id='word_1_536' title='bbox 1397 1476 1493 1503; x_wconf 77' lang='lat' dir='ltr'><strong>Const.</strong></span> <span class='ocrx_word' id='word_1_537' title='bbox 1512 1476 1539 1509; x_wconf 80' lang='grc'><strong>5,</strong></span> <span class='ocrx_word' id='word_1_538' title='bbox 1556 1477 1599 1503; x_wconf 90' lang='lat' dir='ltr'><strong>tit.</strong></span> <span class='ocrx_word' id='word_1_539' title='bbox 1621 1476 1666 1503; x_wconf 75' lang='lat' dir='ltr'><strong>M.</strong></span> <span class='ocrx_word' id='word_1_540' title='bbox 1683 1477 1730 1504; x_wconf 92' lang='lat' dir='ltr'><strong>lib.</strong></span> <span class='ocrx_word' id='word_1_541' title='bbox 1753 1486 1792 1506; x_wconf 88' lang='lat' dir='ltr'><strong>vu</strong></span> 
     </span>
    </p>
   </div>
   <div class='ocr_carea' id='block_1_44' title="bbox 1002 1520 1796 1556">
    <p class='ocr_par' dir='ltr' id='par_1_44' title="bbox 1002 1520 1796 1556">
     <span class='ocr_line' id='line_1_44' title="bbox 1002 1520 1796 1556; baseline 0.003 -8"><span class='ocrx_word' id='word_1_542' title='bbox 1002 1520 1070 1548; x_wconf 80' lang='lat' dir='ltr'><strong>Cod.</strong></span> <span class='ocrx_word' id='word_1_543' title='bbox 1087 1527 1129 1549; x_wconf 83' lang='lat' dir='ltr'><strong>est</strong></span> <span class='ocrx_word' id='word_1_544' title='bbox 1142 1529 1202 1556; x_wconf 90' lang='lat' dir='ltr'><strong>cap.</strong></span> <span class='ocrx_word' id='word_1_545' title='bbox 1219 1521 1236 1548; x_wconf 78' lang='grc'><strong>5</strong></span> <span class='ocrx_word' id='word_1_546' title='bbox 1253 1521 1294 1548; x_wconf 91' lang='lat' dir='ltr'><strong>lit.</strong></span> <span class='ocrx_word' id='word_1_547' title='bbox 1308 1521 1351 1554; x_wconf 87' lang='grc'><strong>19,</strong></span> <span class='ocrx_word' id='word_1_548' title='bbox 1376 1521 1423 1550; x_wconf 91' lang='lat' dir='ltr'><strong>lib.</strong></span> <span class='ocrx_word' id='word_1_549' title='bbox 1440 1529 1534 1554; x_wconf 71' lang='grc' dir='ltr'>ιιιινιιι,</span> <span class='ocrx_word' id='word_1_550' title='bbox 1551 1521 1624 1556; x_wconf 88' lang='lat' dir='ltr'><strong>quod</strong></span> <span class='ocrx_word' id='word_1_551' title='bbox 1641 1521 1682 1549; x_wconf 90' lang='lat' dir='ltr'><strong>sic</strong></span> <span class='ocrx_word' id='word_1_552' title='bbox 1704 1522 1772 1550; x_wconf 86' lang='lat' dir='ltr'><strong>dicit</strong></span> <span class='ocrx_word' id='word_1_553' title='bbox 1788 1532 1796 1550; x_wconf 87' lang='lat'><strong>:</strong></span> 
     </span>
    </p>
   </div>
   <div class='ocr_carea' id='block_1_45' title="bbox 1004 1568 1797 1605">
    <p class='ocr_par' dir='ltr' id='par_1_45' title="bbox 1004 1568 1797 1605">
     <span class='ocr_line' id='line_1_45' title="bbox 1004 1568 1797 1605; baseline -0.003 -9"><span class='ocrx_word' id='word_1_554' title='bbox 1004 1568 1034 1596; x_wconf 88' lang='lat' dir='ltr'><strong>Si</strong></span> <span class='ocrx_word' id='word_1_555' title='bbox 1058 1569 1120 1603; x_wconf 89' lang='lat' dir='ltr'><strong>quis</strong></span> <span class='ocrx_word' id='word_1_556' title='bbox 1146 1577 1257 1596; x_wconf 81' lang='lat' dir='ltr'><strong>uxorem</strong></span> <span class='ocrx_word' id='word_1_557' title='bbox 1283 1576 1337 1596; x_wconf 91' lang='lat' dir='ltr'><strong>non</strong></span> <span class='ocrx_word' id='word_1_558' title='bbox 1364 1568 1480 1601; x_wconf 88' lang='lat' dir='ltr'><strong>habens,</strong></span> <span class='ocrx_word' id='word_1_559' title='bbox 1507 1576 1570 1596; x_wconf 87' lang='lat' dir='ltr'><strong>cum</strong></span> <span class='ocrx_word' id='word_1_560' title='bbox 1597 1569 1695 1596; x_wconf 86' lang='lat' dir='ltr'><strong>ancilla</strong></span> <span class='ocrx_word' id='word_1_561' title='bbox 1723 1568 1797 1605; x_wconf 81' lang='lat' dir='ltr'><strong>[sua]</strong></span> 
     </span>
    </p>
   </div>
   <div class='ocr_carea' id='block_1_46' title="bbox 1003 1615 1798 1648">
    <p class='ocr_par' dir='ltr' id='par_1_46' title="bbox 1003 1615 1798 1648">
     <span class='ocr_line' id='line_1_46' title="bbox 1003 1615 1798 1648; baseline 0.001 -5"><span class='ocrx_word' id='word_1_562' title='bbox 1003 1615 1231 1643; x_wconf 82' lang='lat' dir='ltr'><strong>consuetudinem</strong></span> <span class='ocrx_word' id='word_1_563' title='bbox 1252 1615 1361 1648; x_wconf 88' lang='lat' dir='ltr'><strong>habeat,</strong></span> <span class='ocrx_word' id='word_1_564' title='bbox 1379 1623 1411 1642; x_wconf 83' lang='lat' dir='ltr'><strong>ac</strong></span> <span class='ocrx_word' id='word_1_565' title='bbox 1428 1623 1490 1642; x_wconf 86' lang='lat' dir='ltr'><strong>cum</strong></span> <span class='ocrx_word' id='word_1_566' title='bbox 1513 1615 1559 1642; x_wconf 92' lang='lat' dir='ltr'><strong>illa</strong></span> <span class='ocrx_word' id='word_1_567' title='bbox 1573 1615 1606 1642; x_wconf 90' lang='lat' dir='ltr'><strong>ad</strong></span> <span class='ocrx_word' id='word_1_568' title='bbox 1621 1621 1736 1643; x_wconf 86' lang='lat' dir='ltr'><strong>mortem</strong></span> <span class='ocrx_word' id='word_1_569' title='bbox 1751 1624 1798 1644; x_wconf 90' lang='lat' dir='ltr'><strong>us-</strong></span> 
     </span>
    </p>
   </div>
   <div class='ocr_carea' id='block_1_47' title="bbox 1004 1660 1800 1696">
    <p class='ocr_par' dir='ltr' id='par_1_47' title="bbox 1004 1660 1800 1696">
     <span class='ocr_line' id='line_1_47' title="bbox 1004 1660 1800 1696; baseline 0.001 -8"><span class='ocrx_word' id='word_1_570' title='bbox 1004 1669 1058 1695; x_wconf 86' lang='lat' dir='ltr'><strong>que</strong></span> <span class='ocrx_word' id='word_1_571' title='bbox 1078 1666 1244 1695; x_wconf 84' lang='lat' dir='ltr'><strong>permaneat,</strong></span> <span class='ocrx_word' id='word_1_572' title='bbox 1266 1669 1354 1696; x_wconf 87' lang='lat' dir='ltr'><strong>neque</strong></span> <span class='ocrx_word' id='word_1_573' title='bbox 1376 1660 1526 1696; x_wconf 87' lang='lat' dir='ltr'><strong>quidquam</strong></span> <span class='ocrx_word' id='word_1_574' title='bbox 1551 1663 1583 1688; x_wconf 85' lang='lat' dir='ltr'><strong>de</strong></span> <span class='ocrx_word' id='word_1_575' title='bbox 1604 1661 1650 1688; x_wconf 87' lang='lat' dir='ltr'><strong>illa</strong></span> <span class='ocrx_word' id='word_1_576' title='bbox 1672 1661 1700 1688; x_wconf 90' lang='lat' dir='ltr'><strong>in</strong></span> <span class='ocrx_word' id='word_1_577' title='bbox 1715 1667 1800 1689; x_wconf 85' lang='lat' dir='ltr'><strong>testa-</strong></span> 
     </span>
    </p>
   </div>
   <div class='ocr_carea' id='block_1_48' title="bbox 1005 1706 1801 1741">
    <p class='ocr_par' dir='ltr' id='par_1_48' title="bbox 1005 1706 1801 1741">
     <span class='ocr_line' id='line_1_48' title="bbox 1005 1706 1801 1741; baseline 0.001 -7"><span class='ocrx_word' id='word_1_578' title='bbox 1005 1712 1097 1734; x_wconf 87' lang='lat' dir='ltr'><strong>mento</strong></span> <span class='ocrx_word' id='word_1_579' title='bbox 1107 1714 1157 1734; x_wconf 91' lang='lat' dir='ltr'><strong>suo</strong></span> <span class='ocrx_word' id='word_1_580' title='bbox 1171 1706 1254 1740; x_wconf 88' lang='lat' dir='ltr'><strong>dicat,</strong></span> <span class='ocrx_word' id='word_1_581' title='bbox 1263 1707 1320 1734; x_wconf 79' lang='lat' dir='ltr'><strong>sive</strong></span> <span class='ocrx_word' id='word_1_582' title='bbox 1333 1707 1435 1734; x_wconf 86' lang='lat' dir='ltr'><strong>liberos</strong></span> <span class='ocrx_word' id='word_1_583' title='bbox 1443 1715 1476 1734; x_wconf 74' lang='lat' dir='ltr'><strong>ex</strong></span> <span class='ocrx_word' id='word_1_584' title='bbox 1487 1715 1520 1734; x_wconf 87' lang='lat' dir='ltr'><strong>ea</strong></span> <span class='ocrx_word' id='word_1_585' title='bbox 1532 1707 1642 1740; x_wconf 84' lang='lat' dir='ltr'><strong>habeat,</strong></span> <span class='ocrx_word' id='word_1_586' title='bbox 1658 1707 1716 1735; x_wconf 87' lang='lat' dir='ltr'><strong>sive</strong></span> <span class='ocrx_word' id='word_1_587' title='bbox 1731 1716 1801 1741; x_wconf 88' lang='lat' dir='ltr'><strong>non,</strong></span> 
     </span>
    </p>
   </div>
   <div class='ocr_carea' id='block_1_49' title="bbox 1006 1755 1800 1784">
    <p class='ocr_par' dir='ltr' id='par_1_49' title="bbox 1006 1755 1800 1784">
     <span class='ocr_line' id='line_1_49' title="bbox 1006 1755 1800 1784; baseline 0.004 -3"><span class='ocrx_word' id='word_1_588' title='bbox 1006 1755 1051 1782; x_wconf 88' lang='lat' dir='ltr'><strong>illa</strong></span> <span class='ocrx_word' id='word_1_589' title='bbox 1067 1755 1150 1782; x_wconf 81' lang='lat' dir='ltr'><strong>libera</strong></span> <span class='ocrx_word' id='word_1_590' title='bbox 1164 1755 1265 1783; x_wconf 90' lang='lat' dir='ltr'><strong>evadit.</strong></span> <span class='ocrx_word' id='word_1_591' title='bbox 1279 1755 1347 1782; x_wconf 89' lang='lat' dir='ltr'><strong>Cum</strong></span> <span class='ocrx_word' id='word_1_592' title='bbox 1362 1761 1452 1783; x_wconf 87' lang='lat' dir='ltr'><strong>autem</strong></span> <span class='ocrx_word' id='word_1_593' title='bbox 1468 1755 1582 1783; x_wconf 87' lang='lat' dir='ltr'><strong>liberam</strong></span> <span class='ocrx_word' id='word_1_594' title='bbox 1597 1755 1670 1782; x_wconf 89' lang='lat' dir='ltr'><strong>illam</strong></span> <span class='ocrx_word' id='word_1_595' title='bbox 1682 1755 1740 1783; x_wconf 85' lang='lat' dir='ltr'><strong>ﬁeri</strong></span> <span class='ocrx_word' id='word_1_596' title='bbox 1765 1763 1800 1784; x_wconf 77' lang='lat' dir='ltr'><strong>ex</strong></span> 
     </span>
    </p>
   </div>
   <div class='ocr_carea' id='block_1_50' title="bbox 1006 1801 1801 1836">
    <p class='ocr_par' dir='ltr' id='par_1_50' title="bbox 1006 1801 1801 1836">
     <span class='ocr_line' id='line_1_50' title="bbox 1006 1801 1801 1836; baseline 0.001 -8"><span class='ocrx_word' id='word_1_597' title='bbox 1006 1801 1133 1836; x_wconf 73' lang='lat' dir='ltr'><strong>praesenti</strong></span> <span class='ocrx_word' id='word_1_598' title='bbox 1150 1802 1239 1836; x_wconf 85' lang='lat' dir='ltr'><strong>capite</strong></span> <span class='ocrx_word' id='word_1_599' title='bbox 1252 1802 1331 1829; x_wconf 90' lang='lat' dir='ltr'><strong>audis</strong></span> <span class='ocrx_word' id='word_1_600' title='bbox 1348 1810 1355 1828; x_wconf 90' lang='lat'><strong>:</strong></span> <span class='ocrx_word' id='word_1_601' title='bbox 1372 1801 1474 1828; x_wconf 76' lang='lat' dir='ltr'><strong>liberos</strong></span> <span class='ocrx_word' id='word_1_602' title='bbox 1495 1801 1554 1836; x_wconf 76' lang='lat' dir='ltr'><strong>ejus</strong></span> <span class='ocrx_word' id='word_1_603' title='bbox 1567 1802 1692 1829; x_wconf 88' lang='lat' dir='ltr'><strong>servituti</strong></span> <span class='ocrx_word' id='word_1_604' title='bbox 1711 1802 1801 1830; x_wconf 88' lang='lat' dir='ltr'><strong>obno-</strong></span> 
     </span>
    </p>
   </div>
   <div class='ocr_carea' id='block_1_51' title="bbox 1007 1846 1800 1882">
    <p class='ocr_par' dir='ltr' id='par_1_51' title="bbox 1007 1846 1800 1882">
     <span class='ocr_line' id='line_1_51' title="bbox 1007 1846 1800 1882; baseline 0.003 -9"><span class='ocrx_word' id='word_1_605' title='bbox 1007 1846 1065 1874; x_wconf 84' lang='lat' dir='ltr'><strong>xios</strong></span> <span class='ocrx_word' id='word_1_606' title='bbox 1086 1855 1148 1874; x_wconf 63' lang='lat' dir='ltr'><strong>esse</strong></span> <span class='ocrx_word' id='word_1_607' title='bbox 1171 1855 1205 1874; x_wconf 89' lang='lat' dir='ltr'><strong>ne</strong></span> <span class='ocrx_word' id='word_1_608' title='bbox 1228 1847 1379 1874; x_wconf 75' lang='lat' dir='ltr'><strong>existimes.</strong></span> <span class='ocrx_word' id='word_1_609' title='bbox 1404 1846 1472 1874; x_wconf 85' lang='lat' dir='ltr'><strong>Nam</strong></span> <span class='ocrx_word' id='word_1_610' title='bbox 1492 1852 1519 1874; x_wconf 87' lang='lat' dir='ltr'><strong>et</strong></span> <span class='ocrx_word' id='word_1_611' title='bbox 1539 1847 1591 1882; x_wconf 88' lang='lat' dir='ltr'><strong>ipsi</strong></span> <span class='ocrx_word' id='word_1_612' title='bbox 1614 1847 1693 1875; x_wconf 90' lang='lat' dir='ltr'><strong>liberi</strong></span> <span class='ocrx_word' id='word_1_613' title='bbox 1721 1850 1800 1880; x_wconf 88' lang='lat' dir='ltr'><strong>liunt,</strong></span> 
     </span>
    </p>
   </div>
   <div class='ocr_carea' id='block_1_52' title="bbox 1006 1892 1800 1929">
    <p class='ocr_par' dir='ltr' id='par_1_52' title="bbox 1006 1892 1800 1929">
     <span class='ocr_line' id='line_1_52' title="bbox 1006 1892 1800 1929; baseline 0.003 -10"><span class='ocrx_word' id='word_1_614' title='bbox 1006 1893 1143 1927; x_wconf 86' lang='lat' dir='ltr'><strong>quomodo</strong></span> <span class='ocrx_word' id='word_1_615' title='bbox 1160 1893 1287 1928; x_wconf 83' lang='lat' dir='ltr'><strong>superius</strong></span> <span class='ocrx_word' id='word_1_616' title='bbox 1302 1901 1363 1928; x_wconf 87' lang='lat' dir='ltr'><strong>cap.</strong></span> <span class='ocrx_word' id='word_1_617' title='bbox 1377 1892 1435 1920; x_wconf 54' lang='lat' dir='ltr'><strong>lib.</strong></span> <span class='ocrx_word' id='word_1_618' title='bbox 1457 1901 1501 1920; x_wconf 80' lang='lat' dir='ltr'><strong>xu</strong></span> <span class='ocrx_word' id='word_1_619' title='bbox 1514 1914 1521 1926; x_wconf 96' lang='lat'><strong>,</strong></span> <span class='ocrx_word' id='word_1_620' title='bbox 1538 1898 1565 1920; x_wconf 90' lang='lat' dir='ltr'><strong>et</strong></span> <span class='ocrx_word' id='word_1_621' title='bbox 1580 1893 1723 1929; x_wconf 57' lang='lat' dir='ltr'><strong>praesentis</strong></span> <span class='ocrx_word' id='word_1_622' title='bbox 1738 1902 1800 1929; x_wconf 88' lang='lat' dir='ltr'><strong>cap.</strong></span> 
     </span>
    </p>
   </div>
   <div class='ocr_carea' id='block_1_53' title="bbox 162 1937 953 1979">
    <p class='ocr_par' dir='ltr' id='par_1_53' title="bbox 162 1937 952 1979">
     <span class='ocr_line' id='line_1_53' title="bbox 162 1937 952 1979; baseline -0.009 -9"><span class='ocrx_word' id='word_1_623' title='bbox 162 1944 217 1979; x_wconf 87' lang='grc' dir='ltr'><strong>γὰρ</strong></span> <span class='ocrx_word' id='word_1_624' title='bbox 232 1942 320 1976; x_wconf 75' lang='grc' dir='ltr'>αὐτοὶ,</span> <span class='ocrx_word' id='word_1_625' title='bbox 345 1941 382 1973; x_wconf 86' lang='grc' dir='ltr'><strong>ὡς</strong></span> <span class='ocrx_word' id='word_1_626' title='bbox 397 1940 428 1966; x_wconf 75' lang='grc' dir='ltr'><strong>τὸ</strong></span> <span class='ocrx_word' id='word_1_627' title='bbox 451 1939 587 1973; x_wconf 82' lang='grc' dir='ltr'>ἀνώτερον</span> <span class='ocrx_word' id='word_1_628' title='bbox 616 1947 678 1972; x_wconf 81' lang='grc' dir='ltr'>κεφ.</span> <span class='ocrx_word' id='word_1_629' title='bbox 704 1937 752 1964; x_wconf 79' lang='grc' dir='ltr'>τοῦ</span> <span class='ocrx_word' id='word_1_630' title='bbox 781 1937 822 1972; x_wconf 67' lang='grc' dir='ltr'><strong>μθ¹</strong></span> <span class='ocrx_word' id='word_1_631' title='bbox 850 1937 952 1973; x_wconf 72' lang='grc' dir='ltr'>βιϐλίου</span> 
     </span>
    </p>
   </div>
   <div class='ocr_carea' id='block_1_54' title="bbox 1014 1937 1800 1979">
    <p class='ocr_par' dir='ltr' id='par_1_54' title="bbox 1014 1938 1800 1976">
     <span class='ocr_line' id='line_1_54' title="bbox 1014 1938 1800 1976; baseline 0.001 -10"><span class='ocrx_word' id='word_1_632' title='bbox 1014 1944 1111 1966; x_wconf 74' lang='lat' dir='ltr'><strong>teteres</strong></span> <span class='ocrx_word' id='word_1_633' title='bbox 1131 1938 1227 1976; x_wconf 79' lang='lat' dir='ltr'><strong>[leges]</strong></span> <span class='ocrx_word' id='word_1_634' title='bbox 1245 1940 1331 1966; x_wconf 92' lang='lat' dir='ltr'><strong>aiunt.</strong></span> <span class='ocrx_word' id='word_1_635' title='bbox 1355 1940 1457 1975; x_wconf 72' lang='lat' dir='ltr'><strong>Digest.</strong></span> <span class='ocrx_word' id='word_1_636' title='bbox 1477 1940 1510 1966; x_wconf 82' lang='grc'><strong>12</strong></span> <span class='ocrx_word' id='word_1_637' title='bbox 1525 1946 1552 1967; x_wconf 87' lang='lat' dir='ltr'><strong>et</strong></span> <span class='ocrx_word' id='word_1_638' title='bbox 1575 1940 1609 1967; x_wconf 78' lang='grc'><strong>15</strong></span> <span class='ocrx_word' id='word_1_639' title='bbox 1633 1940 1674 1967; x_wconf 89' lang='lat' dir='ltr'><strong>tit.</strong></span> <span class='ocrx_word' id='word_1_640' title='bbox 1704 1938 1722 1967; x_wconf 86' lang='lat'><strong>5</strong></span> <span class='ocrx_word' id='word_1_641' title='bbox 1751 1940 1800 1968; x_wconf 91' lang='lat' dir='ltr'><strong>lib.</strong></span> 
     </span>
    </p>
   </div>
   <div class='ocr_carea' id='block_1_55' title="bbox 163 1982 952 2026">
    <p class='ocr_par' dir='ltr' id='par_1_55' title="bbox 163 1982 952 2026">
     <span class='ocr_line' id='line_1_55' title="bbox 163 1982 952 2026; baseline -0.009 -10"><span class='ocrx_word' id='word_1_642' title='bbox 163 1990 257 2026; x_wconf 75' lang='grc' dir='ltr'>φησὶν,</span> <span class='ocrx_word' id='word_1_643' title='bbox 273 1989 321 2015; x_wconf 78' lang='grc' dir='ltr'><strong>καὶ</strong></span> <span class='ocrx_word' id='word_1_644' title='bbox 337 1987 362 2014; x_wconf 79' lang='grc' dir='ltr'>οἱ</span> <span class='ocrx_word' id='word_1_645' title='bbox 377 1986 424 2013; x_wconf 84' lang='grc' dir='ltr'>τοῦ</span> <span class='ocrx_word' id='word_1_646' title='bbox 444 1985 578 2021; x_wconf 83' lang='grc' dir='ltr'>παρόντος</span> <span class='ocrx_word' id='word_1_647' title='bbox 591 1993 654 2018; x_wconf 81' lang='grc' dir='ltr'>κεφ.</span> <span class='ocrx_word' id='word_1_648' title='bbox 669 1983 841 2018; x_wconf 66' lang='grc' dir='ltr'>ππρὰτιτλοι.</span> <span class='ocrx_word' id='word_1_649' title='bbox 867 1982 904 2009; x_wconf 83' lang='grc' dir='ltr'>Τὸ</span> <span class='ocrx_word' id='word_1_650' title='bbox 919 1982 952 2018; x_wconf 86' lang='grc' dir='ltr'><strong>ιβ’</strong></span> 
     </span>
    </p>
   </div>
   <div class='ocr_carea' id='block_1_56' title="bbox 163 2027 957 2069">
    <p class='ocr_par' dir='ltr' id='par_1_56' title="bbox 163 2027 957 2069">
     <span class='ocr_line' id='line_1_56' title="bbox 163 2027 957 2069; baseline -0.013 -6"><span class='ocrx_word' id='word_1_651' title='bbox 163 2036 212 2064; x_wconf 68' lang='grc' dir='ltr'><strong>καὶ</strong></span> <span class='ocrx_word' id='word_1_652' title='bbox 226 2033 259 2069; x_wconf 89' lang='grc' dir='ltr'><strong>ιγ’</strong></span> <span class='ocrx_word' id='word_1_653' title='bbox 281 2034 351 2061; x_wconf 85' lang='grc' dir='ltr'>διάτ.</span> <span class='ocrx_word' id='word_1_654' title='bbox 369 2033 416 2060; x_wconf 75' lang='grc' dir='ltr'>τοῦ</span> <span class='ocrx_word' id='word_1_655' title='bbox 431 2031 452 2058; x_wconf 83' lang='grc' dir='ltr'><strong>ε’</strong></span> <span class='ocrx_word' id='word_1_656' title='bbox 472 2032 526 2058; x_wconf 83' lang='grc' dir='ltr'>τίτ.</span> <span class='ocrx_word' id='word_1_657' title='bbox 549 2027 596 2056; x_wconf 81' lang='grc' dir='ltr'>τοῦ</span> <span class='ocrx_word' id='word_1_658' title='bbox 617 2033 661 2065; x_wconf 84' lang='grc' dir='ltr'><strong>μη¹</strong></span> <span class='ocrx_word' id='word_1_659' title='bbox 682 2028 784 2065; x_wconf 73' lang='grc' dir='ltr'>βιῆλίου</span> <span class='ocrx_word' id='word_1_660' title='bbox 802 2029 852 2055; x_wconf 76' lang='grc' dir='ltr'><strong>οὐκ</strong></span> <span class='ocrx_word' id='word_1_661' title='bbox 878 2029 957 2063; x_wconf 77' lang='grc' dir='ltr'>ἐτέθη</span> 
     </span>
    </p>
   </div>
   <div class='ocr_carea' id='block_1_57' title="bbox 163 2071 957 2113">
    <p class='ocr_par' dir='ltr' id='par_1_57' title="bbox 163 2071 957 2113">
     <span class='ocr_line' id='line_1_57' title="bbox 163 2071 957 2113; baseline -0.011 -5"><span class='ocrx_word' id='word_1_662' title='bbox 163 2082 204 2113; x_wconf 86' lang='grc' dir='ltr'><strong>εἰς</strong></span> <span class='ocrx_word' id='word_1_663' title='bbox 226 2079 260 2106; x_wconf 85' lang='grc' dir='ltr'>τὰ</span> <span class='ocrx_word' id='word_1_664' title='bbox 274 2078 419 2106; x_wconf 82' lang='grc' dir='ltr'>Βασιλικά.</span> <span class='ocrx_word' id='word_1_665' title='bbox 438 2077 475 2103; x_wconf 84' lang='grc' dir='ltr'>Τὸ</span> <span class='ocrx_word' id='word_1_666' title='bbox 499 2074 558 2111; x_wconf 82' lang='grc' dir='ltr'>ρμδ¹</span> <span class='ocrx_word' id='word_1_667' title='bbox 584 2074 652 2101; x_wconf 86' lang='grc' dir='ltr'>διάτ.</span> <span class='ocrx_word' id='word_1_668' title='bbox 669 2074 716 2100; x_wconf 83' lang='grc' dir='ltr'>τοῦ</span> <span class='ocrx_word' id='word_1_669' title='bbox 741 2072 778 2105; x_wconf 79' lang='grc' dir='ltr'><strong>ις’</strong></span> <span class='ocrx_word' id='word_1_670' title='bbox 802 2075 855 2100; x_wconf 75' lang='grc' dir='ltr'><strong>τίτ.</strong></span> <span class='ocrx_word' id='word_1_671' title='bbox 872 2073 918 2100; x_wconf 81' lang='grc' dir='ltr'>τοῦ</span> <span class='ocrx_word' id='word_1_672' title='bbox 937 2071 957 2099; x_wconf 86' lang='grc' dir='ltr'><strong>ν’</strong></span> 
     </span>
    </p>
   </div>
   <div class='ocr_carea' id='block_1_58' title="bbox 165 2119 957 2162">
    <p class='ocr_par' dir='ltr' id='par_1_58' title="bbox 165 2119 957 2162">
     <span class='ocr_line' id='line_1_58' title="bbox 165 2119 957 2162; baseline -0.01 -8"><span class='ocrx_word' id='word_1_673' title='bbox 165 2126 268 2162; x_wconf 78' lang='grc' dir='ltr'>βιϐλίου</span> <span class='ocrx_word' id='word_1_674' title='bbox 283 2124 337 2152; x_wconf 85' lang='grc' dir='ltr'>τών</span> <span class='ocrx_word' id='word_1_675' title='bbox 348 2123 496 2156; x_wconf 77' lang='grc' dir='ltr'>διατάξεων</span> <span class='ocrx_word' id='word_1_676' title='bbox 511 2123 570 2149; x_wconf 75' lang='grc' dir='ltr'>ἐστι</span> <span class='ocrx_word' id='word_1_677' title='bbox 586 2129 648 2155; x_wconf 87' lang='grc' dir='ltr'>κεφ.</span> <span class='ocrx_word' id='word_1_678' title='bbox 666 2120 724 2156; x_wconf 83' lang='grc' dir='ltr'>ρμδ¹</span> <span class='ocrx_word' id='word_1_679' title='bbox 740 2119 788 2146; x_wconf 80' lang='grc' dir='ltr'>τοῦ</span> <span class='ocrx_word' id='word_1_680' title='bbox 806 2119 821 2155; x_wconf 86' lang='grc' dir='ltr'><strong>β</strong></span> <span class='ocrx_word' id='word_1_681' title='bbox 844 2119 897 2146; x_wconf 85' lang='grc' dir='ltr'>τίτ.</span> <span class='ocrx_word' id='word_1_682' title='bbox 909 2119 957 2146; x_wconf 81' lang='grc' dir='ltr'>τοῦ</span> 
     </span>
    </p>
   </div>
   <div class='ocr_carea' id='block_1_59' title="bbox 165 2166 958 2209">
    <p class='ocr_par' dir='ltr' id='par_1_59' title="bbox 165 2166 958 2209">
     <span class='ocr_line' id='line_1_59' title="bbox 165 2166 958 2209; baseline -0.01 -10"><span class='ocrx_word' id='word_1_683' title='bbox 165 2173 187 2209; x_wconf 87' lang='grc' dir='ltr'><strong>β’</strong></span> <span class='ocrx_word' id='word_1_684' title='bbox 199 2172 303 2208; x_wconf 81' lang='grc' dir='ltr'>βιὸλίου</span> <span class='ocrx_word' id='word_1_685' title='bbox 319 2171 372 2198; x_wconf 77' lang='grc' dir='ltr'><strong>τῶν</strong></span> <span class='ocrx_word' id='word_1_686' title='bbox 387 2168 540 2197; x_wconf 79' lang='grc' dir='ltr'>Βασιλικῶν</span> <span class='ocrx_word' id='word_1_687' title='bbox 555 2166 643 2198; x_wconf 77' lang='grc' dir='ltr'>οὕτως</span> <span class='ocrx_word' id='word_1_688' title='bbox 653 2167 724 2200; x_wconf 71' lang='grc' dir='ltr'>ἔχον,</span> <span class='ocrx_word' id='word_1_689' title='bbox 740 2166 868 2201; x_wconf 81' lang='grc' dir='ltr'>Παλλακή</span> <span class='ocrx_word' id='word_1_690' title='bbox 883 2166 958 2192; x_wconf 81' lang='grc' dir='ltr'>ἐστιν</span> 
     </span>
    </p>
   </div>
   <div class='ocr_carea' id='block_1_60' title="bbox 165 2212 958 2255">
    <p class='ocr_par' dir='ltr' id='par_1_60' title="bbox 165 2212 958 2255">
     <span class='ocr_line' id='line_1_60' title="bbox 165 2212 958 2255; baseline -0.011 -9"><span class='ocrx_word' id='word_1_691' title='bbox 165 2220 182 2255; x_wconf 81' lang='grc' dir='ltr'><strong>ἡ</strong></span> <span class='ocrx_word' id='word_1_692' title='bbox 198 2218 309 2250; x_wconf 79' lang='grc' dir='ltr'><strong>συζῶσά</strong></span> <span class='ocrx_word' id='word_1_693' title='bbox 333 2225 387 2243; x_wconf 77' lang='grc' dir='ltr'>τινι</span> <span class='ocrx_word' id='word_1_694' title='bbox 412 2217 441 2242; x_wconf 76' lang='grc' dir='ltr'>ὲν</span> <span class='ocrx_word' id='word_1_695' title='bbox 467 2214 506 2250; x_wconf 82' lang='grc' dir='ltr'>τῷ</span> <span class='ocrx_word' id='word_1_696' title='bbox 523 2214 590 2249; x_wconf 83' lang='grc' dir='ltr'>οἴκῳ</span> <span class='ocrx_word' id='word_1_697' title='bbox 621 2212 704 2240; x_wconf 81' lang='grc' dir='ltr'>αὑτοῦ</span> <span class='ocrx_word' id='word_1_698' title='bbox 730 2212 848 2247; x_wconf 71' lang='grc' dir='ltr'>νομίμου</span> <span class='ocrx_word' id='word_1_699' title='bbox 872 2212 958 2247; x_wconf 77' lang='grc' dir='ltr'>χωρὶς</span> 
     </span>
    </p>
   </div>
   <div class='ocr_carea' id='block_1_61' title="bbox 164 2259 829 2302">
    <p class='ocr_par' dir='ltr' id='par_1_61' title="bbox 164 2259 829 2302">
     <span class='ocr_line' id='line_1_61' title="bbox 164 2259 829 2302; baseline -0.014 -9"><span class='ocrx_word' id='word_1_700' title='bbox 164 2266 271 2302; x_wconf 77' lang='grc' dir='ltr'>γάμου’</span> <span class='ocrx_word' id='word_1_701' title='bbox 290 2265 307 2299; x_wconf 82' lang='grc' dir='ltr'>ἡ</span> <span class='ocrx_word' id='word_1_702' title='bbox 320 2263 348 2290; x_wconf 78' lang='grc' dir='ltr'>δὲ</span> <span class='ocrx_word' id='word_1_703' title='bbox 361 2261 443 2299; x_wconf 86' lang='grc' dir='ltr'>ἦττον</span> <span class='ocrx_word' id='word_1_704' title='bbox 457 2260 609 2297; x_wconf 67' lang='grc' dir='ltr'>τιμιωτέρα</span> <span class='ocrx_word' id='word_1_705' title='bbox 626 2259 692 2294; x_wconf 81' lang='grc' dir='ltr'>φίλη</span> <span class='ocrx_word' id='word_1_706' title='bbox 709 2259 829 2293; x_wconf 77' lang='grc' dir='ltr'>λέγεται.</span> 
     </span>
    </p>
   </div>
   <div class='ocr_carea' id='block_1_62' title="bbox 202 2315 911 2354">
    <p class='ocr_par' dir='ltr' id='par_1_62' title="bbox 202 2315 911 2354">
     <span class='ocr_line' id='line_1_62' title="bbox 202 2315 911 2354; baseline -0.008 -6"><span class='ocrx_word' id='word_1_707' title='bbox 202 2321 327 2348; x_wconf 80' lang='grc' dir='ltr'><strong>ΚΕΦᾹΛ.</strong></span> <span class='ocrx_word' id='word_1_708' title='bbox 340 2319 385 2354; x_wconf 71' lang='grc' dir='ltr'><strong>ς’.</strong></span> <span class='ocrx_word' id='word_1_709' title='bbox 400 2335 433 2340; x_wconf 93' lang='grc'><strong><em>-</em></strong></span> <span class='ocrx_word' id='word_1_710' title='bbox 457 2318 525 2345; x_wconf 79' lang='grc' dir='ltr'><strong>Ἐὰν</strong></span> <span class='ocrx_word' id='word_1_711' title='bbox 535 2316 614 2352; x_wconf 76' lang='grc' dir='ltr'>γυνὴ</span> <span class='ocrx_word' id='word_1_712' title='bbox 629 2316 740 2344; x_wconf 57' lang='lat' dir='ltr'><strong>latino?)</strong></span> <span class='ocrx_word' id='word_1_713' title='bbox 751 2315 911 2351; x_wconf 74' lang='grc' dir='ltr'>μοιχευθῆ.</span> 
     </span>
    </p>
   </div>
   <div class='ocr_carea' id='block_1_63' title="bbox 199 2361 959 2400">
    <p class='ocr_par' dir='ltr' id='par_1_63' title="bbox 199 2361 959 2400">
     <span class='ocr_line' id='line_1_63' title="bbox 199 2361 959 2400; baseline -0.009 -6"><span class='ocrx_word' id='word_1_714' title='bbox 199 2367 313 2395; x_wconf 74' lang='grc' dir='ltr'>Συνὸδου</span> <span class='ocrx_word' id='word_1_715' title='bbox 339 2365 476 2400; x_wconf 72' lang='grc' dir='ltr'>’Δγκὺρας</span> <span class='ocrx_word' id='word_1_716' title='bbox 494 2363 585 2390; x_wconf 83' lang='grc' dir='ltr'>κανὼν</span> <span class='ocrx_word' id='word_1_717' title='bbox 611 2361 651 2389; x_wconf 83' lang='grc' dir='ltr'>κ”</span> <span class='ocrx_word' id='word_1_718' title='bbox 674 2362 784 2389; x_wconf 83' lang='grc' dir='ltr'>συνόδου</span> <span class='ocrx_word' id='word_1_719' title='bbox 805 2362 959 2389; x_wconf 76' lang='grc' dir='ltr'>Νεοκαισα-</span> 
     </span>
    </p>
   </div>
   <div class='ocr_carea' id='block_1_64' title="bbox 166 2407 957 2451">
    <p class='ocr_par' dir='ltr' id='par_1_64' title="bbox 166 2407 957 2451">
     <span class='ocr_line' id='line_1_64' title="bbox 166 2407 957 2451; baseline -0.01 -10"><span class='ocrx_word' id='word_1_720' title='bbox 166 2414 244 2451; x_wconf 69' lang='lat' dir='ltr'><strong>pitag</strong></span> <span class='ocrx_word' id='word_1_721' title='bbox 268 2412 359 2440; x_wconf 77' lang='grc' dir='ltr'>κανὼν</span> <span class='ocrx_word' id='word_1_722' title='bbox 378 2410 419 2447; x_wconf 81' lang='grc' dir='ltr'>η’·</span> <span class='ocrx_word' id='word_1_723' title='bbox 436 2409 574 2444; x_wconf 78' lang='grc' dir='ltr'>ἀνάγνωθι</span> <span class='ocrx_word' id='word_1_724' title='bbox 601 2409 634 2435; x_wconf 80' lang='grc' dir='ltr'>τὰ</span> <span class='ocrx_word' id='word_1_725' title='bbox 650 2407 909 2443; x_wconf 74' lang='grc' dir='ltr'><strong>παραγεγραμμένα</strong></span> <span class='ocrx_word' id='word_1_726' title='bbox 928 2409 957 2434; x_wconf 80' lang='grc' dir='ltr'><strong>ἒν</strong></span> 
     </span>
    </p>
   </div>
   <div class='ocr_carea' id='block_1_65' title="bbox 166 2454 939 2496">
    <p class='ocr_par' dir='ltr' id='par_1_65' title="bbox 166 2454 939 2496">
     <span class='ocr_line' id='line_1_65' title="bbox 166 2454 939 2496; baseline -0.01 -9"><span class='ocrx_word' id='word_1_727' title='bbox 166 2460 206 2496; x_wconf 83' lang='grc' dir='ltr'>τῷ</span> <span class='ocrx_word' id='word_1_728' title='bbox 220 2459 260 2495; x_wconf 79' lang='grc' dir='ltr'>λβ¹</span> <span class='ocrx_word' id='word_1_729' title='bbox 275 2467 337 2493; x_wconf 80' lang='grc' dir='ltr'>κεφ.</span> <span class='ocrx_word' id='word_1_730' title='bbox 353 2457 401 2484; x_wconf 83' lang='grc' dir='ltr'>τοῦ</span> <span class='ocrx_word' id='word_1_731' title='bbox 414 2455 438 2484; x_wconf 78' lang='grc' dir='ltr'>α’</span> <span class='ocrx_word' id='word_1_732' title='bbox 459 2454 511 2482; x_wconf 80' lang='grc' dir='ltr'>τίτ.</span> <span class='ocrx_word' id='word_1_733' title='bbox 526 2455 572 2481; x_wconf 85' lang='grc' dir='ltr'>τοῦ</span> <span class='ocrx_word' id='word_1_734' title='bbox 585 2455 721 2490; x_wconf 81' lang='grc' dir='ltr'>παρόντος</span> <span class='ocrx_word' id='word_1_735' title='bbox 735 2454 939 2489; x_wconf 81' lang='grc' dir='ltr'>συντάγματος.</span> 
     </span>
    </p>
   </div>
   <div class='ocr_carea' id='block_1_66' title="bbox 204 2509 955 2546">
    <p class='ocr_par' dir='ltr' id='par_1_66' title="bbox 204 2509 955 2546">
     <span class='ocr_line' id='line_1_66' title="bbox 204 2509 955 2546; baseline -0.009 -3"><span class='ocrx_word' id='word_1_736' title='bbox 204 2515 329 2543; x_wconf 78' lang='grc' dir='ltr'><strong>ΚΕΦΑΛ.</strong></span> <span class='ocrx_word' id='word_1_737' title='bbox 343 2513 380 2541; x_wconf 93' lang='lat' dir='ltr'><strong>Z&#39;.</strong></span> <span class='ocrx_word' id='word_1_738' title='bbox 396 2527 431 2534; x_wconf 84' lang='lat'><strong>—-</strong></span> <span class='ocrx_word' id='word_1_739' title='bbox 445 2512 513 2546; x_wconf 75' lang='grc' dir='ltr'><strong>Περὶ</strong></span> <span class='ocrx_word' id='word_1_740' title='bbox 533 2510 658 2546; x_wconf 74' lang='grc' dir='ltr'><strong>φθορᾶς.</strong></span> <span class='ocrx_word' id='word_1_741' title='bbox 676 2509 727 2537; x_wconf 76' lang='grc' dir='ltr'><strong>καὶ</strong></span> <span class='ocrx_word' id='word_1_742' title='bbox 738 2509 834 2546; x_wconf 72' lang='grc' dir='ltr'>γάμου</span> <span class='ocrx_word' id='word_1_743' title='bbox 849 2510 955 2545; x_wconf 80' lang='grc' dir='ltr'><strong>χήρας,</strong></span> 
     </span>
    </p>
   </div>
   <div class='ocr_carea' id='block_1_67' title="bbox 167 2560 512 2597">
    <p class='ocr_par' dir='ltr' id='par_1_67' title="bbox 167 2560 512 2597">
     <span class='ocr_line' id='line_1_67' title="bbox 167 2560 512 2597; baseline -0.017 -5"><span class='ocrx_word' id='word_1_744' title='bbox 167 2564 217 2592; x_wconf 73' lang='grc' dir='ltr'><strong>καὶ</strong></span> <span class='ocrx_word' id='word_1_745' title='bbox 230 2563 275 2596; x_wconf 84' lang='grc' dir='ltr'><strong>τις</strong></span> <span class='ocrx_word' id='word_1_746' title='bbox 288 2562 409 2597; x_wconf 72' lang='grc' dir='ltr'><strong>λέγεται</strong></span> <span class='ocrx_word' id='word_1_747' title='bbox 424 2560 512 2595; x_wconf 81' lang='grc' dir='ltr'><strong>χήρα.</strong></span> 
     </span>
    </p>
   </div>
   <div class='ocr_carea' id='block_1_68' title="bbox 202 2604 784 2641">
    <p class='ocr_par' dir='ltr' id='par_1_68' title="bbox 202 2604 784 2641">
     <span class='ocr_line' id='line_1_68' title="bbox 202 2604 784 2641; baseline -0.012 -5"><span class='ocrx_word' id='word_1_748' title='bbox 202 2608 344 2637; x_wconf 70' lang='grc' dir='ltr'>Βασιλειου</span> <span class='ocrx_word' id='word_1_749' title='bbox 360 2606 450 2634; x_wconf 85' lang='grc' dir='ltr'>κανὼν</span> <span class='ocrx_word' id='word_1_750' title='bbox 465 2604 509 2641; x_wconf 81' lang='grc' dir='ltr'>ιη’,</span> <span class='ocrx_word' id='word_1_751' title='bbox 526 2605 577 2632; x_wconf 85' lang='grc' dir='ltr'>κδ’.</span> <span class='ocrx_word' id='word_1_752' title='bbox 770 2609 784 2633; x_wconf 64' lang='lat' dir='ltr'><strong>ﬁ</strong></span> 
     </span>
    </p>
   </div>
   <div class='ocr_carea' id='block_1_69' title="bbox 204 2661 960 2697">
    <p class='ocr_par' dir='ltr' id='par_1_69' title="bbox 204 2661 960 2697">
     <span class='ocr_line' id='line_1_69' title="bbox 204 2661 960 2697; baseline -0.007 -2"><span class='ocrx_word' id='word_1_753' title='bbox 204 2666 331 2695; x_wconf 79' lang='grc' dir='ltr'><strong>ΚΕΦΑΛ.</strong></span> <span class='ocrx_word' id='word_1_754' title='bbox 349 2663 390 2691; x_wconf 78' lang='lat' dir='ltr'><strong>H’.</strong></span> <span class='ocrx_word' id='word_1_755' title='bbox 407 2679 441 2684; x_wconf 92' lang='lat'><strong>——</strong></span> <span class='ocrx_word' id='word_1_756' title='bbox 459 2663 529 2696; x_wconf 81' lang='grc' dir='ltr'><strong>Περὶ</strong></span> <span class='ocrx_word' id='word_1_757' title='bbox 554 2661 614 2689; x_wconf 85' lang='grc' dir='ltr'>τῶν</span> <span class='ocrx_word' id='word_1_758' title='bbox 636 2662 685 2689; x_wconf 78' lang='grc' dir='ltr'><strong>ἐπὶ</strong></span> <span class='ocrx_word' id='word_1_759' title='bbox 710 2661 793 2697; x_wconf 78' lang='grc' dir='ltr'><strong>γάμῳ</strong></span> <span class='ocrx_word' id='word_1_760' title='bbox 814 2662 960 2697; x_wconf 74' lang='grc' dir='ltr'>γυναῖκας</span> 
     </span>
    </p>
   </div>
   <div class='ocr_carea' id='block_1_70' title="bbox 168 2708 963 2750">
    <p class='ocr_par' dir='ltr' id='par_1_70' title="bbox 168 2708 963 2750">
     <span class='ocr_line' id='line_1_70' title="bbox 168 2708 963 2750; baseline -0.005 -10"><span class='ocrx_word' id='word_1_761' title='bbox 168 2712 370 2750; x_wconf 77' lang='grc' dir='ltr'><strong>ἁρπαζόντων,</strong></span> <span class='ocrx_word' id='word_1_762' title='bbox 387 2710 406 2745; x_wconf 85' lang='grc' dir='ltr'>ἢ</span> <span class='ocrx_word' id='word_1_763' title='bbox 441 2708 629 2743; x_wconf 77' lang='grc' dir='ltr'>βιαζομένων</span> <span class='ocrx_word' id='word_1_764' title='bbox 652 2708 671 2742; x_wconf 82' lang='grc' dir='ltr'><em>ἢ</em></span> <span class='ocrx_word' id='word_1_765' title='bbox 690 2709 873 2743; x_wconf 76' lang='grc' dir='ltr'><strong>φθειρόντων</strong></span> <span class='ocrx_word' id='word_1_766' title='bbox 888 2716 963 2744; x_wconf 76' lang='grc' dir='ltr'><strong>παρ-</strong></span> 
     </span>
    </p>
   </div>
   <div class='ocr_carea' id='block_1_71' title="bbox 169 2754 775 2793">
    <p class='ocr_par' dir='ltr' id='par_1_71' title="bbox 169 2754 775 2793">
     <span class='ocr_line' id='line_1_71' title="bbox 169 2754 775 2793; baseline -0.012 -5"><span class='ocrx_word' id='word_1_767' title='bbox 169 2760 288 2793; x_wconf 78' lang='grc' dir='ltr'>θένους,</span> <span class='ocrx_word' id='word_1_768' title='bbox 312 2759 362 2787; x_wconf 74' lang='grc' dir='ltr'><strong>καὶ</strong></span> <span class='ocrx_word' id='word_1_769' title='bbox 377 2757 444 2791; x_wconf 77' lang='grc' dir='ltr'><strong>περὶ</strong></span> <span class='ocrx_word' id='word_1_770' title='bbox 457 2756 650 2789; x_wconf 84' lang='grc' dir='ltr'>συνιστόρων</span> <span class='ocrx_word' id='word_1_771' title='bbox 665 2754 775 2782; x_wconf 81' lang='grc' dir='ltr'><strong>αὐτῶν.</strong></span> 
     </span>
    </p>
   </div>
   <div class='ocr_carea' id='block_1_72' title="bbox 211 2800 962 2836">
    <p class='ocr_par' dir='ltr' id='par_1_72' title="bbox 211 2800 962 2836">
     <span class='ocr_line' id='line_1_72' title="bbox 211 2800 962 2836; baseline -0.008 -3"><span class='ocrx_word' id='word_1_772' title='bbox 211 2805 381 2833; x_wconf 80' lang='grc' dir='ltr'>’Δποστόλων</span> <span class='ocrx_word' id='word_1_773' title='bbox 395 2803 487 2831; x_wconf 80' lang='grc' dir='ltr'>κανὼν</span> <span class='ocrx_word' id='word_1_774' title='bbox 504 2800 558 2835; x_wconf 64' lang='lat' dir='ltr'><strong>EC&quot;</strong></span> <span class='ocrx_word' id='word_1_775' title='bbox 578 2801 687 2828; x_wconf 84' lang='grc' dir='ltr'>συνόδου</span> <span class='ocrx_word' id='word_1_776' title='bbox 710 2801 848 2836; x_wconf 77' lang='grc' dir='ltr'>Ἀγκύρας</span> <span class='ocrx_word' id='word_1_777' title='bbox 872 2800 962 2828; x_wconf 68' lang='grc' dir='ltr'>κανὼν</span> 
     </span>
    </p>
   </div>
   <div class='ocr_carea' id='block_1_73' title="bbox 171 2847 962 2886">
    <p class='ocr_par' dir='ltr' id='par_1_73' title="bbox 171 2847 962 2886">
     <span class='ocr_line' id='line_1_73' title="bbox 171 2847 962 2886; baseline -0.01 -5"><span class='ocrx_word' id='word_1_778' title='bbox 171 2854 217 2886; x_wconf 80' lang='grc' dir='ltr'>ια’,</span> <span class='ocrx_word' id='word_1_779' title='bbox 229 2852 269 2880; x_wconf 80' lang='grc' dir='ltr'><strong>κε’</strong></span> <span class='ocrx_word' id='word_1_780' title='bbox 280 2861 287 2868; x_wconf 76' lang='grc'><strong><em>⁸</em></strong></span> <span class='ocrx_word' id='word_1_781' title='bbox 305 2851 415 2879; x_wconf 81' lang='grc' dir='ltr'>συνόδου</span> <span class='ocrx_word' id='word_1_782' title='bbox 429 2849 602 2884; x_wconf 81' lang='grc' dir='ltr'>Χαλκηδόνος</span> <span class='ocrx_word' id='word_1_783' title='bbox 623 2847 714 2874; x_wconf 78' lang='grc' dir='ltr'>χανὼν</span> <span class='ocrx_word' id='word_1_784' title='bbox 726 2847 782 2879; x_wconf 80' lang='grc' dir='ltr'><strong>κζ’·</strong></span> <span class='ocrx_word' id='word_1_785' title='bbox 805 2847 916 2874; x_wconf 84' lang='grc' dir='ltr'>συνόδου</span> <span class='ocrx_word' id='word_1_786' title='bbox 935 2849 962 2879; x_wconf 84' lang='grc' dir='ltr'>ς’</span> 
     </span>
    </p>
   </div>
   <div class='ocr_carea' id='block_1_74' title="bbox 172 2893 955 2933">
    <p class='ocr_par' dir='ltr' id='par_1_74' title="bbox 172 2893 955 2933">
     <span class='ocr_line' id='line_1_74' title="bbox 172 2893 955 2933; baseline -0.011 -4"><span class='ocrx_word' id='word_1_787' title='bbox 172 2899 264 2929; x_wconf 81' lang='grc' dir='ltr'>κανὼν</span> <span class='ocrx_word' id='word_1_788' title='bbox 277 2898 334 2933; x_wconf 64' lang='grc' dir='ltr'>ιβ’·</span> <span class='ocrx_word' id='word_1_789' title='bbox 350 2896 490 2926; x_wconf 69' lang='grc' dir='ltr'>Βασιλειου</span> <span class='ocrx_word' id='word_1_790' title='bbox 506 2895 596 2924; x_wconf 81' lang='grc' dir='ltr'>κανὼν</span> <span class='ocrx_word' id='word_1_791' title='bbox 609 2894 662 2931; x_wconf 87' lang='grc' dir='ltr'>κβ’,</span> <span class='ocrx_word' id='word_1_792' title='bbox 677 2893 712 2929; x_wconf 82' lang='grc' dir='ltr'>λ’,</span> <span class='ocrx_word' id='word_1_793' title='bbox 738 2894 790 2930; x_wconf 59' lang='grc' dir='ltr'><strong>λγ,</strong></span> <span class='ocrx_word' id='word_1_794' title='bbox 814 2894 866 2930; x_wconf 84' lang='grc' dir='ltr'>λη’,</span> <span class='ocrx_word' id='word_1_795' title='bbox 893 2897 933 2929; x_wconf 86' lang='grc' dir='ltr'><strong>νγ¹</strong></span> <span class='ocrx_word' id='word_1_796' title='bbox 948 2902 955 2910; x_wconf 89' lang='grc'><strong>·</strong></span> 
     </span>
    </p>
   </div>
   <div class='ocr_carea' id='block_1_75' title="bbox 976 2603 1366 2640">
    <p class='ocr_par' dir='ltr' id='par_1_75' title="bbox 976 2603 1366 2640">
     <span class='ocr_line' id='line_1_75' title="bbox 976 2603 1366 2640; baseline -0.003 -9"><span class='ocrx_word' id='word_1_797' title='bbox 976 2611 997 2640; x_wconf 79' lang='lat' dir='ltr'><strong>c</strong></span> <span class='ocrx_word' id='word_1_798' title='bbox 1049 2604 1143 2632; x_wconf 87' lang='lat' dir='ltr'><strong>Basilii</strong></span> <span class='ocrx_word' id='word_1_799' title='bbox 1156 2611 1244 2631; x_wconf 91' lang='lat' dir='ltr'><strong>canon</strong></span> <span class='ocrx_word' id='word_1_800' title='bbox 1257 2603 1302 2637; x_wconf 88' lang='grc'><strong>10,</strong></span> <span class='ocrx_word' id='word_1_801' title='bbox 1321 2603 1366 2631; x_wconf 71' lang='grc'><strong>24.</strong></span> 
     </span>
    </p>
   </div>
   <div class='ocr_carea' id='block_1_76' title="bbox 1010 1985 1801 2021">
    <p class='ocr_par' dir='ltr' id='par_1_76' title="bbox 1010 1985 1801 2021">
     <span class='ocr_line' id='line_1_76' title="bbox 1010 1985 1801 2021; baseline 0.004 -10"><span class='ocrx_word' id='word_1_802' title='bbox 1010 1993 1093 2012; x_wconf 76' lang='lat' dir='ltr'><strong>XLVIII</strong></span> <span class='ocrx_word' id='word_1_803' title='bbox 1113 1994 1167 2012; x_wconf 91' lang='lat' dir='ltr'><strong>non</strong></span> <span class='ocrx_word' id='word_1_804' title='bbox 1194 1991 1257 2013; x_wconf 91' lang='lat' dir='ltr'><strong>sunt</strong></span> <span class='ocrx_word' id='word_1_805' title='bbox 1281 1987 1370 2021; x_wconf 89' lang='lat' dir='ltr'><strong>posita</strong></span> <span class='ocrx_word' id='word_1_806' title='bbox 1390 1986 1418 2012; x_wconf 89' lang='lat' dir='ltr'><strong>in</strong></span> <span class='ocrx_word' id='word_1_807' title='bbox 1441 1985 1521 2013; x_wconf 80' lang='lat' dir='ltr'><strong>Basil.</strong></span> <span class='ocrx_word' id='word_1_808' title='bbox 1544 1986 1648 2020; x_wconf 82' lang='lat' dir='ltr'><strong>Digest.</strong></span> <span class='ocrx_word' id='word_1_809' title='bbox 1672 1986 1724 2013; x_wconf 68' lang='grc'><strong>144</strong></span> <span class='ocrx_word' id='word_1_810' title='bbox 1759 1987 1801 2014; x_wconf 91' lang='lat' dir='ltr'><strong>lil.</strong></span> 
     </span>
    </p>
   </div>
   <div class='ocr_carea' id='block_1_77' title="bbox 1010 2031 1800 2066">
    <p class='ocr_par' dir='ltr' id='par_1_77' title="bbox 1010 2031 1800 2066">
     <span class='ocr_line' id='line_1_77' title="bbox 1010 2031 1800 2066; baseline 0 -8"><span class='ocrx_word' id='word_1_811' title='bbox 1010 2031 1043 2058; x_wconf 84' lang='grc'><strong>16</strong></span> <span class='ocrx_word' id='word_1_812' title='bbox 1056 2031 1103 2058; x_wconf 91' lang='lat' dir='ltr'><strong>lib.</strong></span> <span class='ocrx_word' id='word_1_813' title='bbox 1119 2038 1134 2058; x_wconf 89' lang='grc' dir='ltr'>ι.</span> <span class='ocrx_word' id='word_1_814' title='bbox 1156 2031 1258 2066; x_wconf 76' lang='lat' dir='ltr'><strong>Digest.</strong></span> <span class='ocrx_word' id='word_1_815' title='bbox 1278 2036 1320 2059; x_wconf 85' lang='lat' dir='ltr'><strong>est</strong></span> <span class='ocrx_word' id='word_1_816' title='bbox 1344 2039 1405 2066; x_wconf 88' lang='lat' dir='ltr'><strong>cap.</strong></span> <span class='ocrx_word' id='word_1_817' title='bbox 1424 2031 1492 2058; x_wconf 70' lang='lat' dir='ltr'><strong>HM</strong></span> <span class='ocrx_word' id='word_1_818' title='bbox 1510 2031 1552 2058; x_wconf 89' lang='lat' dir='ltr'><strong>Iit.</strong></span> <span class='ocrx_word' id='word_1_819' title='bbox 1568 2031 1586 2057; x_wconf 79' lang='grc'><strong>2</strong></span> <span class='ocrx_word' id='word_1_820' title='bbox 1600 2031 1645 2058; x_wconf 91' lang='lat' dir='ltr'><strong>lib.</strong></span> <span class='ocrx_word' id='word_1_821' title='bbox 1667 2039 1683 2058; x_wconf 95' lang='lat' dir='ltr'><strong>II</strong></span> <span class='ocrx_word' id='word_1_822' title='bbox 1704 2031 1800 2063; x_wconf 82' lang='lat' dir='ltr'><strong>Basil.,</strong></span> 
     </span>
    </p>
   </div>
   <div class='ocr_carea' id='block_1_78' title="bbox 1009 2075 1803 2111">
    <p class='ocr_par' dir='ltr' id='par_1_78' title="bbox 1009 2075 1803 2111">
     <span class='ocr_line' id='line_1_78' title="bbox 1009 2075 1803 2111; baseline 0.001 -9"><span class='ocrx_word' id='word_1_823' title='bbox 1009 2076 1082 2110; x_wconf 90' lang='lat' dir='ltr'><strong>quod</strong></span> <span class='ocrx_word' id='word_1_824' title='bbox 1106 2076 1146 2103; x_wconf 88' lang='lat' dir='ltr'><strong>sic</strong></span> <span class='ocrx_word' id='word_1_825' title='bbox 1168 2075 1248 2102; x_wconf 89' lang='lat' dir='ltr'><strong>habet</strong></span> <span class='ocrx_word' id='word_1_826' title='bbox 1265 2085 1271 2102; x_wconf 74' lang='grc' dir='ltr'>ε</span> <span class='ocrx_word' id='word_1_827' title='bbox 1297 2076 1455 2103; x_wconf 81' lang='lat' dir='ltr'><strong>Concubina</strong></span> <span class='ocrx_word' id='word_1_828' title='bbox 1475 2080 1528 2108; x_wconf 88' lang='lat' dir='ltr'><strong>est,</strong></span> <span class='ocrx_word' id='word_1_829' title='bbox 1549 2083 1611 2110; x_wconf 71' lang='lat' dir='ltr'><strong>qua:</strong></span> <span class='ocrx_word' id='word_1_830' title='bbox 1627 2083 1690 2103; x_wconf 92' lang='lat' dir='ltr'><strong>cum</strong></span> <span class='ocrx_word' id='word_1_831' title='bbox 1710 2076 1803 2111; x_wconf 85' lang='lat' dir='ltr'><strong>aliquo</strong></span> 
     </span>
    </p>
   </div>
   <div class='ocr_carea' id='block_1_79' title="bbox 1010 2121 1802 2156">
    <p class='ocr_par' dir='ltr' id='par_1_79' title="bbox 1010 2121 1802 2156">
     <span class='ocr_line' id='line_1_79' title="bbox 1010 2121 1802 2156; baseline 0.001 -8"><span class='ocrx_word' id='word_1_832' title='bbox 1010 2122 1036 2148; x_wconf 94' lang='lat' dir='ltr'><strong>in</strong></span> <span class='ocrx_word' id='word_1_833' title='bbox 1056 2122 1138 2149; x_wconf 90' lang='lat' dir='ltr'><strong>domo</strong></span> <span class='ocrx_word' id='word_1_834' title='bbox 1155 2121 1215 2156; x_wconf 87' lang='lat' dir='ltr'><strong>ejus</strong></span> <span class='ocrx_word' id='word_1_835' title='bbox 1235 2126 1312 2149; x_wconf 72' lang='lat' dir='ltr'><strong>extra</strong></span> <span class='ocrx_word' id='word_1_836' title='bbox 1333 2122 1467 2156; x_wconf 74' lang='lat' dir='ltr'><strong>legitimas</strong></span> <span class='ocrx_word' id='word_1_837' title='bbox 1490 2123 1599 2155; x_wconf 87' lang='lat' dir='ltr'><strong>nuptias</strong></span> <span class='ocrx_word' id='word_1_838' title='bbox 1618 2121 1695 2149; x_wconf 86' lang='lat' dir='ltr'><strong>vivit.</strong></span> <span class='ocrx_word' id='word_1_839' title='bbox 1713 2121 1802 2149; x_wconf 76' lang='lat' dir='ltr'><strong>Minus</strong></span> 
     </span>
    </p>
   </div>
   <div class='ocr_carea' id='block_1_80' title="bbox 1010 2167 1524 2202">
    <p class='ocr_par' dir='ltr' id='par_1_80' title="bbox 1010 2167 1524 2202">
     <span class='ocr_line' id='line_1_80' title="bbox 1010 2167 1524 2202; baseline -0.002 -7"><span class='ocrx_word' id='word_1_840' title='bbox 1010 2173 1100 2195; x_wconf 88' lang='lat' dir='ltr'><strong>autem</strong></span> <span class='ocrx_word' id='word_1_841' title='bbox 1114 2169 1239 2201; x_wconf 88' lang='lat' dir='ltr'><strong>honesta,</strong></span> <span class='ocrx_word' id='word_1_842' title='bbox 1256 2167 1344 2195; x_wconf 82' lang='lat' dir='ltr'><strong>amica</strong></span> <span class='ocrx_word' id='word_1_843' title='bbox 1363 2167 1524 2202; x_wconf 86' lang='lat' dir='ltr'><strong>appellatur.</strong></span> 
     </span>
    </p>
   </div>
   <div class='ocr_carea' id='block_1_81' title="bbox 1042 2317 1765 2353">
    <p class='ocr_par' dir='ltr' id='par_1_81' title="bbox 1042 2317 1765 2353">
     <span class='ocr_line' id='line_1_81' title="bbox 1042 2317 1765 2353; baseline -0.001 -6"><span class='ocrx_word' id='word_1_844' title='bbox 1042 2319 1119 2348; x_wconf 78' lang='lat' dir='ltr'><strong>CAP.</strong></span> <span class='ocrx_word' id='word_1_845' title='bbox 1141 2318 1185 2346; x_wconf 76' lang='lat' dir='ltr'><strong>Vl.</strong></span> <span class='ocrx_word' id='word_1_846' title='bbox 1198 2334 1234 2340; x_wconf 97' lang='lat'><strong>—</strong></span> <span class='ocrx_word' id='word_1_847' title='bbox 1245 2319 1276 2346; x_wconf 81' lang='lat' dir='ltr'><strong>Si</strong></span> <span class='ocrx_word' id='word_1_848' title='bbox 1290 2318 1353 2346; x_wconf 82' lang='lat' dir='ltr'><strong>laici</strong></span> <span class='ocrx_word' id='word_1_849' title='bbox 1367 2326 1435 2345; x_wconf 71' lang='lat' dir='ltr'><strong>uxor</strong></span> <span class='ocrx_word' id='word_1_850' title='bbox 1446 2317 1609 2345; x_wconf 74' lang='lat' dir='ltr'><strong>adulterium</strong></span> <span class='ocrx_word' id='word_1_851' title='bbox 1627 2326 1708 2353; x_wconf 68' lang='lat' dir='ltr'><strong>pasta</strong></span> <span class='ocrx_word' id='word_1_852' title='bbox 1718 2319 1765 2346; x_wconf 69' lang='lat' dir='ltr'><strong>sit.</strong></span> 
     </span>
    </p>
   </div>
   <div class='ocr_carea' id='block_1_82' title="bbox 1043 2363 1804 2399">
    <p class='ocr_par' dir='ltr' id='par_1_82' title="bbox 1043 2363 1804 2399">
     <span class='ocr_line' id='line_1_82' title="bbox 1043 2363 1804 2399; baseline 0 -7"><span class='ocrx_word' id='word_1_853' title='bbox 1043 2365 1158 2392; x_wconf 73' lang='lat' dir='ltr'><strong>Concilii</strong></span> <span class='ocrx_word' id='word_1_854' title='bbox 1171 2364 1306 2399; x_wconf 80' lang='lat' dir='ltr'><strong>Ancyrani</strong></span> <span class='ocrx_word' id='word_1_855' title='bbox 1320 2371 1407 2391; x_wconf 91' lang='lat' dir='ltr'><strong>canon</strong></span> <span class='ocrx_word' id='word_1_856' title='bbox 1423 2363 1469 2395; x_wconf 73' lang='lat'><strong>20;</strong></span> <span class='ocrx_word' id='word_1_857' title='bbox 1483 2364 1590 2391; x_wconf 89' lang='lat' dir='ltr'><strong>concilii</strong></span> <span class='ocrx_word' id='word_1_858' title='bbox 1603 2363 1804 2392; x_wconf 71' lang='lat' dir='ltr'><strong>Neocresarien-</strong></span> 
     </span>
    </p>
   </div>
   <div class='ocr_carea' id='block_1_83' title="bbox 1010 2409 1803 2447">
    <p class='ocr_par' dir='ltr' id='par_1_83' title="bbox 1010 2409 1803 2447">
     <span class='ocr_line' id='line_1_83' title="bbox 1010 2409 1803 2447; baseline 0.001 -9"><span class='ocrx_word' id='word_1_859' title='bbox 1010 2411 1049 2439; x_wconf 86' lang='lat' dir='ltr'><strong>sis</strong></span> <span class='ocrx_word' id='word_1_860' title='bbox 1073 2418 1161 2438; x_wconf 89' lang='lat' dir='ltr'><strong>canon</strong></span> <span class='ocrx_word' id='word_1_861' title='bbox 1177 2410 1203 2438; x_wconf 87' lang='lat'><strong>8.</strong></span> <span class='ocrx_word' id='word_1_862' title='bbox 1221 2409 1291 2445; x_wconf 78' lang='lat' dir='ltr'><strong>Lege</strong></span> <span class='ocrx_word' id='word_1_863' title='bbox 1308 2418 1369 2445; x_wconf 60' lang='lat' dir='ltr'><strong>qua;</strong></span> <span class='ocrx_word' id='word_1_864' title='bbox 1385 2409 1516 2438; x_wconf 84' lang='lat' dir='ltr'><strong>adnotata</strong></span> <span class='ocrx_word' id='word_1_865' title='bbox 1545 2415 1610 2438; x_wconf 90' lang='lat' dir='ltr'><strong>sunt</strong></span> <span class='ocrx_word' id='word_1_866' title='bbox 1626 2411 1655 2438; x_wconf 94' lang='lat' dir='ltr'><strong>in</strong></span> <span class='ocrx_word' id='word_1_867' title='bbox 1674 2419 1734 2447; x_wconf 90' lang='lat' dir='ltr'><strong>cap.</strong></span> <span class='ocrx_word' id='word_1_868' title='bbox 1751 2411 1803 2444; x_wconf 78' lang='grc'><strong>52,</strong></span> 
     </span>
    </p>
   </div>
   <div class='ocr_carea' id='block_1_84' title="bbox 1011 2455 1364 2492">
    <p class='ocr_par' dir='ltr' id='par_1_84' title="bbox 1011 2455 1364 2492">
     <span class='ocr_line' id='line_1_84' title="bbox 1011 2455 1364 2492; baseline -0.003 -8"><span class='ocrx_word' id='word_1_869' title='bbox 1011 2456 1052 2484; x_wconf 90' lang='lat' dir='ltr'><strong>tit.</strong></span> <span class='ocrx_word' id='word_1_870' title='bbox 1069 2457 1079 2483; x_wconf 87' lang='lat' dir='ltr'><strong>l</strong></span> <span class='ocrx_word' id='word_1_871' title='bbox 1102 2456 1246 2492; x_wconf 64' lang='lat' dir='ltr'><strong>praesentis</strong></span> <span class='ocrx_word' id='word_1_872' title='bbox 1262 2455 1364 2491; x_wconf 84' lang='lat' dir='ltr'><strong>operis.</strong></span> 
     </span>
    </p>
   </div>
   <div class='ocr_carea' id='block_1_85' title="bbox 1043 2512 1805 2548">
    <p class='ocr_par' dir='ltr' id='par_1_85' title="bbox 1043 2512 1805 2548">
     <span class='ocr_line' id='line_1_85' title="bbox 1043 2512 1805 2548; baseline 0.001 -9"><span class='ocrx_word' id='word_1_873' title='bbox 1043 2512 1120 2540; x_wconf 79' lang='lat' dir='ltr'><strong>CAP.</strong></span> <span class='ocrx_word' id='word_1_874' title='bbox 1133 2512 1234 2540; x_wconf 82' lang='lat' dir='ltr'><strong>Vll.—-</strong></span> <span class='ocrx_word' id='word_1_875' title='bbox 1250 2512 1288 2539; x_wconf 83' lang='lat' dir='ltr'><strong>De</strong></span> <span class='ocrx_word' id='word_1_876' title='bbox 1311 2517 1402 2547; x_wconf 73' lang='lat' dir='ltr'><strong>stupra</strong></span> <span class='ocrx_word' id='word_1_877' title='bbox 1425 2517 1449 2540; x_wconf 84' lang='lat' dir='ltr'><strong>et</strong></span> <span class='ocrx_word' id='word_1_878' title='bbox 1470 2513 1570 2548; x_wconf 74' lang='lat' dir='ltr'><strong>nuptiis</strong></span> <span class='ocrx_word' id='word_1_879' title='bbox 1584 2512 1683 2546; x_wconf 73' lang='lat' dir='ltr'><strong>vidutt,</strong></span> <span class='ocrx_word' id='word_1_880' title='bbox 1705 2517 1730 2540; x_wconf 81' lang='lat' dir='ltr'><strong>et</strong></span> <span class='ocrx_word' id='word_1_881' title='bbox 1746 2519 1805 2548; x_wconf 74' lang='lat' dir='ltr'><strong>quae</strong></span> 
     </span>
    </p>
   </div>
   <div class='ocr_carea' id='block_1_86' title="bbox 1009 2559 1223 2586">
    <p class='ocr_par' dir='ltr' id='par_1_86' title="bbox 1009 2559 1223 2586">
     <span class='ocr_line' id='line_1_86' title="bbox 1009 2559 1223 2586; baseline 0 0"><span class='ocrx_word' id='word_1_882' title='bbox 1009 2559 1091 2586; x_wconf 76' lang='lat' dir='ltr'><strong>vidua</strong></span> <span class='ocrx_word' id='word_1_883' title='bbox 1107 2559 1223 2586; x_wconf 75' lang='lat' dir='ltr'><strong>dicatur.</strong></span> 
     </span>
    </p>
   </div>
   <div class='ocr_carea' id='block_1_87' title="bbox 1045 2660 1806 2697">
    <p class='ocr_par' dir='ltr' id='par_1_87' title="bbox 1045 2660 1806 2697">
     <span class='ocr_line' id='line_1_87' title="bbox 1045 2660 1806 2697; baseline -0.003 -8"><span class='ocrx_word' id='word_1_884' title='bbox 1045 2661 1123 2690; x_wconf 84' lang='lat' dir='ltr'><strong>CAP.</strong></span> <span class='ocrx_word' id='word_1_885' title='bbox 1138 2660 1206 2689; x_wconf 83' lang='lat' dir='ltr'><strong>Vlll.</strong></span> <span class='ocrx_word' id='word_1_886' title='bbox 1219 2673 1255 2682; x_wconf 59' lang='grc' dir='ltr'><strong>-ιι</strong></span> <span class='ocrx_word' id='word_1_887' title='bbox 1271 2661 1308 2689; x_wconf 81' lang='lat' dir='ltr'><strong>De</strong></span> <span class='ocrx_word' id='word_1_888' title='bbox 1322 2661 1355 2689; x_wconf 78' lang='lat' dir='ltr'><strong>iis</strong></span> <span class='ocrx_word' id='word_1_889' title='bbox 1369 2661 1415 2697; x_wconf 84' lang='lat' dir='ltr'><strong>qui</strong></span> <span class='ocrx_word' id='word_1_890' title='bbox 1427 2661 1591 2690; x_wconf 70' lang='lat' dir='ltr'><strong>matrimonii</strong></span> <span class='ocrx_word' id='word_1_891' title='bbox 1609 2669 1690 2689; x_wconf 77' lang='lat' dir='ltr'><strong>causa</strong></span> <span class='ocrx_word' id='word_1_892' title='bbox 1709 2660 1806 2688; x_wconf 84' lang='lat' dir='ltr'><strong>mulie-</strong></span> 
     </span>
    </p>
   </div>
   <div class='ocr_carea' id='block_1_88' title="bbox 1012 2708 1804 2745">
    <p class='ocr_par' dir='ltr' id='par_1_88' title="bbox 1012 2708 1804 2745">
     <span class='ocr_line' id='line_1_88' title="bbox 1012 2708 1804 2745; baseline -0.003 -9"><span class='ocrx_word' id='word_1_893' title='bbox 1012 2717 1052 2736; x_wconf 76' lang='lat' dir='ltr'><strong>res</strong></span> <span class='ocrx_word' id='word_1_894' title='bbox 1069 2709 1189 2743; x_wconf 83' lang='lat' dir='ltr'><strong>rapiunt,</strong></span> <span class='ocrx_word' id='word_1_895' title='bbox 1208 2713 1254 2736; x_wconf 84' lang='lat' dir='ltr'><strong>aut</strong></span> <span class='ocrx_word' id='word_1_896' title='bbox 1268 2708 1386 2742; x_wconf 77' lang='lat' dir='ltr'><strong>violant,</strong></span> <span class='ocrx_word' id='word_1_897' title='bbox 1413 2715 1459 2736; x_wconf 86' lang='lat' dir='ltr'><strong>aut</strong></span> <span class='ocrx_word' id='word_1_898' title='bbox 1480 2710 1593 2745; x_wconf 74' lang='lat' dir='ltr'><strong>virginea</strong></span> <span class='ocrx_word' id='word_1_899' title='bbox 1616 2712 1804 2742; x_wconf 76' lang='lat' dir='ltr'><strong>constuprant,</strong></span> 
     </span>
    </p>
   </div>
   <div class='ocr_carea' id='block_1_89' title="bbox 1012 2755 1455 2790">
    <p class='ocr_par' dir='ltr' id='par_1_89' title="bbox 1012 2755 1455 2790">
     <span class='ocr_line' id='line_1_89' title="bbox 1012 2755 1455 2790; baseline 0.002 -8"><span class='ocrx_word' id='word_1_900' title='bbox 1012 2761 1035 2782; x_wconf 80' lang='lat' dir='ltr'><strong>ct</strong></span> <span class='ocrx_word' id='word_1_901' title='bbox 1051 2756 1082 2782; x_wconf 80' lang='lat' dir='ltr'><strong>de</strong></span> <span class='ocrx_word' id='word_1_902' title='bbox 1098 2756 1131 2782; x_wconf 70' lang='lat' dir='ltr'><strong>iis</strong></span> <span class='ocrx_word' id='word_1_903' title='bbox 1142 2756 1186 2790; x_wconf 85' lang='lat' dir='ltr'><strong>qui</strong></span> <span class='ocrx_word' id='word_1_904' title='bbox 1197 2755 1251 2782; x_wconf 75' lang='lat' dir='ltr'><strong>illis</strong></span> <span class='ocrx_word' id='word_1_905' title='bbox 1266 2756 1367 2782; x_wconf 74' lang='lat' dir='ltr'><strong>conscii</strong></span> <span class='ocrx_word' id='word_1_906' title='bbox 1383 2760 1455 2783; x_wconf 83' lang='lat' dir='ltr'><strong>sunt.</strong></span> 
     </span>
    </p>
   </div>
   <div class='ocr_carea' id='block_1_90' title="bbox 1049 2800 1807 2837">
    <p class='ocr_par' dir='ltr' id='par_1_90' title="bbox 1049 2800 1807 2837">
     <span class='ocr_line' id='line_1_90' title="bbox 1049 2800 1807 2837; baseline -0.001 -8"><span class='ocrx_word' id='word_1_907' title='bbox 1049 2802 1242 2837; x_wconf 84' lang='lat' dir='ltr'><strong>Apostolorum</strong></span> <span class='ocrx_word' id='word_1_908' title='bbox 1266 2810 1354 2829; x_wconf 81' lang='lat' dir='ltr'><strong>canon</strong></span> <span class='ocrx_word' id='word_1_909' title='bbox 1377 2803 1430 2835; x_wconf 87' lang='lat'><strong>67;</strong></span> <span class='ocrx_word' id='word_1_910' title='bbox 1460 2802 1570 2830; x_wconf 85' lang='lat' dir='ltr'><strong>concilii</strong></span> <span class='ocrx_word' id='word_1_911' title='bbox 1596 2800 1732 2837; x_wconf 83' lang='lat' dir='ltr'><strong>Ancyrani</strong></span> <span class='ocrx_word' id='word_1_912' title='bbox 1760 2808 1807 2828; x_wconf 78' lang='lat' dir='ltr'><strong>ca-</strong></span> 
     </span>
    </p>
   </div>
   <div class='ocr_carea' id='block_1_91' title="bbox 1014 2846 1806 2880">
    <p class='ocr_par' dir='ltr' id='par_1_91' title="bbox 1014 2846 1806 2880">
     <span class='ocr_line' id='line_1_91' title="bbox 1014 2846 1806 2880; baseline -0.003 -4"><span class='ocrx_word' id='word_1_913' title='bbox 1014 2854 1068 2876; x_wconf 88' lang='lat' dir='ltr'><strong>non</strong></span> <span class='ocrx_word' id='word_1_914' title='bbox 1080 2846 1124 2880; x_wconf 82' lang='lat' dir='ltr'><strong>tl,</strong></span> <span class='ocrx_word' id='word_1_915' title='bbox 1136 2846 1188 2880; x_wconf 71' lang='lat'><strong>25;</strong></span> <span class='ocrx_word' id='word_1_916' title='bbox 1203 2847 1310 2874; x_wconf 87' lang='lat' dir='ltr'><strong>concilii</strong></span> <span class='ocrx_word' id='word_1_917' title='bbox 1324 2847 1556 2875; x_wconf 82' lang='lat' dir='ltr'><strong>Chalcedonensis</strong></span> <span class='ocrx_word' id='word_1_918' title='bbox 1569 2854 1658 2874; x_wconf 88' lang='lat' dir='ltr'><strong>canon</strong></span> <span class='ocrx_word' id='word_1_919' title='bbox 1675 2846 1726 2880; x_wconf 64' lang='lat'><strong>27;</strong></span> <span class='ocrx_word' id='word_1_920' title='bbox 1740 2854 1806 2874; x_wconf 90' lang='lat' dir='ltr'><strong>con-</strong></span> 
     </span>
    </p>
   </div>
   <div class='ocr_carea' id='block_1_92' title="bbox 1013 2892 1808 2930">
    <p class='ocr_par' dir='ltr' id='par_1_92' title="bbox 1013 2892 1808 2930">
     <span class='ocr_line' id='line_1_92' title="bbox 1013 2892 1808 2930; baseline -0.001 -8"><span class='ocrx_word' id='word_1_921' title='bbox 1013 2893 1149 2930; x_wconf 75' lang='lat' dir='ltr'><strong>ciliisexti</strong></span> <span class='ocrx_word' id='word_1_922' title='bbox 1157 2901 1245 2922; x_wconf 90' lang='lat' dir='ltr'><strong>canon</strong></span> <span class='ocrx_word' id='word_1_923' title='bbox 1258 2893 1309 2928; x_wconf 77' lang='lat'><strong>92;</strong></span> <span class='ocrx_word' id='word_1_924' title='bbox 1324 2894 1417 2922; x_wconf 84' lang='lat' dir='ltr'><strong>Basilii</strong></span> <span class='ocrx_word' id='word_1_925' title='bbox 1428 2901 1516 2923; x_wconf 87' lang='lat' dir='ltr'><strong>canon</strong></span> <span class='ocrx_word' id='word_1_926' title='bbox 1526 2893 1573 2928; x_wconf 70' lang='grc'><strong>22,</strong></span> <span class='ocrx_word' id='word_1_927' title='bbox 1590 2894 1635 2927; x_wconf 75' lang='lat'><strong>50,</strong></span> <span class='ocrx_word' id='word_1_928' title='bbox 1647 2893 1691 2928; x_wconf 74' lang='lat'><strong>53,</strong></span> <span class='ocrx_word' id='word_1_929' title='bbox 1704 2892 1750 2928; x_wconf 79' lang='lat'><strong>38,</strong></span> <span class='ocrx_word' id='word_1_930' title='bbox 1763 2893 1808 2921; x_wconf 78' lang='grc'><strong>55.</strong></span> 
     </span>
    </p>
   </div>
  </div>
