1948 3070
159 159 228 193 119)

738 163 828 194 ΡΗοΊ
839 164 869 193 II
885 164 1139 194 ΡΛΤΗΙΛΠΕΗΑΞ
1158 165 1212 195 CP.

1732 166 1798 199 1200

191 217 280 249 chzis
296 225 356 252 quae
371 219 499 245 adnotata
514 223 578 247 sunt
599 219 626 246 in
640 227 701 255 cap.
725 220 770 252 50,
789 221 829 247 tit.
844 220 860 247 9
879 228 948 255 prae-

1024 221 1139 254 νάγνωθι
1152 222 1188 247 τὰ
1204 229 1370 257 παραγεγρι
1378 222 1469 258 μμένα
1491 223 1519 248 ὲν
1531 222 1570 258 τῷ
1583 222 1605 248 λ’
1627 231 1691 258 κεφ.
1712 223 1759 250 τοῦ
1776 223 1798 250 0'

157 264 244 292 semis
257 265 358 300 operis.

156 320 161 322 ’
192 322 269 350 CAP.
287 322 333 350 lX.
349 338 387 344 —
405 322 444 350 De
462 323 504 350 liis
525 331 585 358 quae
606 327 704 358 prater
724 323 885 351 voluntatem
899 332 949 359 pa-

156 374 261 397 rentum
274 374 321 396 aut
337 369 504 397 dominorum
521 370 634 397 nubunt.

171 446 174 450 _
191 416 285 445 Basilii
303 424 389 444 canon
404 417 450 450 58,
466 417 511 449 41,
529 417 575 445 42,

192 462 302 490 Τεπιιω.
316 463 368 496 Qui
381 471 476 498 quaeve
488 463 515 490 in
531 465 644 492 alterius
657 469 791 499 potestate
805 470 880 497 sunt,
897 473 951 494 non
977 499 980 501 Δ

154 512 273 543 possunt
284 509 405 544 legitime
416 509 622 537 matrimonium
635 511 808 544 contrahere,
822 518 876 538 non
888 519 952 538 con-

155 554 291 582 sentiente
308 562 341 581 eo
359 555 405 589 qui
421 555 483 582 illos
505 556 530 582 in
551 562 685 590 potestate
703 558 806 585 habet:
821 563 852 584 ut
873 557 921 585 lib.
935 565 952 584 v

155 598 234 631 Cod,
250 599 291 626 tit.
308 599 335 632 ι,
347 604 375 627 et
389 600 435 627 lib.
446 608 509 632 xxv,
521 601 563 628 tit.
576 601 593 627 2
607 601 745 638 [traditur]
760 611 766 630 :
779 607 854 630 extra
868 611 951 638 quam

1005 267 1057 294 τίτ.
1073 267 1170 294 τούτου
1186 268 1388 303 συντάγματος.

1039 324 1166 351 ΚΕΦΑΛ.
1184 323 1223 353 ϐ’.
1250 340 1286 345 --
1314 325 1384 359 Περὶ
1404 325 1465 352 τῶν
1488 325 1567 360 παρὰ
1587 325 1707 360 γνώμην
1733 326 1794 353 τῶν·

1005 371 1124 398 οἰκείων
1140 371 1254 406 γονέων
1268 372 1287 407 ἢ
1304 372 1464 400 δεσποτῶν
1476 372 1650 408 ταμουσῶν.

1040 417 1185 444 Βασιλείου
1204 417 1296 445 κανὼν
1309 418 1363 454 λη’,
1385 423 1440 454 μα’,
1458 420 1511 454 μβ¹.

1039 464 1197 498 Ife/pavor.
1213 464 1389 498 ’Υπεξουσία,
1404 466 1421 501 ἣ
1433 465 1448 492 6
1465 465 1625 499 ὑπεξούσιος
1641 465 1671 492 οὑ
1685 464 1800 495 δύναται

1004 510 1130 545 νομίμως
1145 511 1245 546 γαμεῖν
1259 511 1297 546 μὴ
1313 511 1503 543 συναινοῦντος
1515 511 1562 538 τοῦ
1576 512 1684 547 ἔχοντος
1699 513 1799 544 αὐτοὺς

1004 556 1185 589 ὑπεξουσίως,
1201 557 1239 588 ὡς
1250 556 1352 592 βιϐλίον
1377 561 1397 584 ε’
1423 557 1469 585 τοῦ
1496 558 1612 590 κώδικος
1627 559 1680 586 τίτ.
1699 559 1734 585 δ”
1752 559 1799 585 καὶ

1005 601 1107 636 βιϐλίον
1121 605 1174 636 κγ’,
1188 604 1242 629 τίτ.
1256 603 1289 638 β’,
1313 603 1338 630 εἰ
1354 603 1392 639 μὴ
1417 605 1562 638 γεγονυῖαν
1584 604 1634 640 τὴν
1659 604 1800 639 θυγατέρα

155 647 177 673 si
189 645 273 682 [quis]
289 646 370 673 filiatn
387 647 481 682 viginti
494 647 615 682 quinque
631 655 718 676 annos
733 654 823 676 natam
839 649 876 685 [in
894 657 952 677 ma-

155 692 329 729 trimonium]
346 693 452 720 eloeare
463 693 580 722 differat.
594 693 672 721 Tunc
688 695 761 721 enim
776 694 847 731 [illa]
861 695 952 723 libera:

155 737 322 765 conditionis
343 738 447 766 homini
468 739 587 773 seipsam
613 738 813 775 [matrimonio]
835 739 952 775 jungere

155 787 265 817 potest:
281 783 513 818 quemadmodum
527 792 588 819 qua:
606 784 640 812 de
651 784 848 820 ingratitudine
864 786 952 814 luere-

155 829 220 856 dum
237 828 359 865 [tractat]
376 830 483 857 novella
501 830 552 857 115
568 829 682 866 [docet].

192 875 336 903 Sc/tolz'um.
352 875 597 906 Tit.4lib.vCod.
609 877 714 912 positus
725 881 767 905 est
790 877 818 904 in
844 884 905 913 cap.
916 879 951 905 27
975 879 1016 907 tit.
1030 879 1048 907 4
1066 880 1114 908 lib.
1137 881 1221 909 Basil.
1240 889 1336 909 xxvtn.
1351 881 1438 916 Quale
1453 887 1543 910 tamen
1576 890 1635 918 cap.
1667 881 1694 909 in
1724 886 1799 908 textu

155 923 287 958 scriptum
306 928 359 955 est,
381 923 485 950 nullum
508 924 534 951 in
559 928 615 951 toto
641 923 716 960 [illo]
733 924 773 951 tit.
795 929 847 952 est.
868 925 946 958 Quod
975 933 1066 954 autem
1085 928 1131 963 qui
1160 937 1255 964 qtneve
1281 930 1307 956 in
1324 934 1458 964 potestate
1480 934 1562 962 sunt,
1584 931 1658 956 circa
1680 935 1800 956 consen-

155 976 215 996 sum
230 969 290 1001 ejus
300 970 346 1004 qui
359 977 407 997 eos
419 970 445 996 in
459 975 594 1005 potestate
613 971 709 1004 habet,
735 971 855 1006 legitime
882 972 1089 1000 matrimonium
1113 975 1277 1002 contrahere
1297 983 1351 1002 non
1379 975 1505 1010 possint:
1529 975 1568 1011 [id
1582 973 1658 1010 vero]
1677 981 1710 1001 cx
1732 973 1802 1000 tnui-

155 1013 191 1040 tis
217 1022 278 1049 cap.
309 1015 486 1055 manifestum
504 1021 556 1044 est.
577 1016 630 1044 Tit.
647 1017 665 1043 ‘2
685 1017 732 1044 lib.
755 1025 823 1045 χχιιι
841 1017 900 1053 Dig.
920 1023 962 1046 est
984 1019 1010 1046 in
1025 1027 1086 1054 cap.
1111 1021 1123 1048 1
1150 1021 1212 1048 tibi
1236 1021 1282 1050 lib.
1305 1029 1412 1054 xxvtn;
1438 1027 1520 1057 atque
1534 1021 1658 1056 ejusdem
1676 1020 1718 1048 tit.
1735 1027 1800 1054 cap.

157 1060 176 1086 2
202 1061 239 1089 ait
270 1070 277 1087 :
305 1061 364 1088 Non
391 1063 548 1090 consistunt
580 1063 698 1098 nuptiae,
729 1064 782 1091 nisi
800 1065 847 1099 qui
873 1065 1092 1101 conjungantur,
1120 1067 1224 1102 quique
1250 1075 1298 1096 eos
1327 1068 1354 1095 in
1383 1071 1516 1103 potestate
1538 1067 1651 1099 habent,
1682 1074 1801 1094 consen-

155 1108 235 1135 tiant.
263 1107 375 1136 Novella
393 1109 446 1136 115
469 1114 510 1136 est
531 1109 558 1136 in
581 1117 642 1145 cap.
667 1110 701 1137 58
717 1110 758 1138 tit.
785 1110 801 1138 8
816 1111 862 1138 lib.
879 1119 945 1142 xxv.
973 1112 1069 1145 Basil.,
1082 1118 1163 1148 atque
1179 1114 1212 1140 12
1227 1114 1287 1149 ejus
1310 1122 1372 1149 cap.
1386 1114 1444 1141 lucc
1468 1114 1535 1141 dicit
1552 1122 1559 1141 :
1577 1113 1605 1141 Si
1620 1113 1664 1141 cui
1682 1121 1715 1143 ex
1731 1120 1802 1147 prte-

154 1154 235 1182 dictis
260 1155 420 1189 parentibus
446 1155 507 1184 filiae
532 1156 641 1191 neptive
665 1163 722 1184 suae
743 1156 871 1184 maritum
888 1158 971 1189 dare,
1002 1162 1029 1186 et
1058 1159 1211 1186 secundum
1239 1159 1312 1187 vires
1338 1159 1497 1194 patrimonii
1525 1159 1567 1186 sui
1583 1166 1633 1194 pro
1653 1166 1685 1186 ea
1710 1160 1801 1188 dotem

155 1201 254 1229 oll'erre
282 1202 394 1234 volenti,
421 1201 466 1229 illa
490 1209 543 1229 non
569 1202 752 1236 consenserit,
773 1203 821 1231 sed,
840 1207 948 1238 turpem
975 1204 1058 1232 vitam
1081 1205 1210 1240 delegerit
1227 1215 1234 1232 :
1251 1206 1298 1233 sed
1317 1206 1340 1233 si
1370 1206 1423 1233 ﬁlia
1445 1206 1480 1233 ad
1501 1213 1601 1233 annum
1625 1205 1714 1232 :elatis
1727 1205 1801 1232 vice-

154 1248 256 1277 sitnum
285 1248 410 1283 quintum
437 1249 601 1283 pervenerit,
620 1252 648 1276 et
674 1253 800 1283 parentes
821 1249 948 1277 differant
977 1251 1078 1279 marito
1100 1256 1161 1279 eam
1189 1252 1367 1286 conjungere,
1393 1257 1420 1280 et
1442 1260 1475 1279 ex
1493 1252 1546 1280 hoc
1570 1252 1712 1287 contingat
1723 1257 1754 1278 ut
1767 1251 1798 1278 in

155 1301 256 1329 corpus
279 1294 349 1322 forte
371 1301 452 1322 suum
470 1299 580 1329 peccet,
607 1294 660 1322 hoc
684 1295 717 1322 ad
743 1295 965 1331 ingratitudinem
994 1298 1124 1333 imputari
1149 1297 1212 1325 [Iliae
1239 1298 1394 1326 nolumus:
1417 1298 1640 1333 quandoquidem
1655 1305 1709 1324 non
1737 1304 1800 1332 sua,

155 1339 204 1366 sed
232 1344 377 1374 parentum
410 1339 490 1374 culpa
503 1340 555 1367 hoc
583 1340 734 1375 deliquisse
765 1341 946 1377 dignoscitur.
972 1343 1063 1377 Atque
1085 1343 1144 1370 haec
1165 1343 1277 1378 quidem
1306 1342 1412 1379 [habet]
1439 1342 1523 1370 Basil.
1553 1342 1655 1370 inserta
1680 1341 1799 1369 novella.

156 1383 196 1413 Tu
222 1393 286 1414 vero
304 1386 517 1419 animadvertas,
541 1386 614 1420 quod
640 1386 695 1413 ﬁlia
722 1390 783 1421 post
795 1387 956 1416 vicesimum
979 1388 1105 1423 qttintum
1146 1396 1248 1415 annum
1276 1396 1306 1415 se
1330 1393 1428 1423 praeter
1455 1388 1624 1416 voluntatem
1649 1388 1736 1422 patris
1757 1387 1801 1415 sui

155 1433 248 1461 liberat
275 1433 442 1460 conditionis
469 1432 573 1460 homini
597 1432 726 1460 connubii
748 1433 811 1468 jure
840 1433 955 1470 jungere
981 1434 1079 1470 possit,
1092 1433 1142 1471 [id]
1167 1435 1193 1462 in
1216 1434 1300 1462 Basil.
1318 1443 1372 1462 non
1392 1443 1454 1462 esse
1477 1440 1663 1470 assumptum,
1683 1435 1800 1470 ideoque

155 1479 305 1508 efﬁcaciam
331 1487 387 1506 non
419 1478 531 1506 habere.
544 1478 624 1505 Aliud
649 1479 796 1506 Scholium.
819 1478 888 1507 Nota
907 1488 968 1515 quae
998 1481 1025 1507 in
1044 1481 1173 1516 praesenti
1200 1480 1217 1508 9
1233 1489 1293 1516 cap.
1313 1480 1346 1508 dc
1361 1480 1471 1509 ﬁliabus
1495 1481 1523 1508 in
1543 1486 1679 1516 potestate
1694 1482 1801 1509 constia

155 1526 223 1556 tutis
250 1526 351 1560 scripta
385 1527 460 1551 sunt.
487 1522 623 1556 Quoniam
639 1530 704 1550 vero
734 1524 859 1551 nonnulli
900 1524 1040 1558 dixerunt,
1057 1525 1141 1552 ﬁliam
1169 1532 1230 1559 quae
1259 1525 1514 1560 post'vicesimum
1547 1526 1674 1561 quintum
1697 1535 1801 1554 annum

155 1571 318 1604 fornicatur,
344 1570 495 1599 secundum
526 1569 561 1597 l2
593 1577 654 1604 cap.
678 1569 720 1596 tit.
744 1568 761 1596 8
790 1569 838 1597 lib.
864 1577 936 1597 xxxv
963 1569 1059 1602 Basil.,
1088 1571 1158 1606 quod
1203 1570 1248 1598 hic
1279 1571 1362 1598 etiam
1391 1571 1524 1599 insertunt
1552 1577 1610 1603 est.
1636 1579 1690 1599 non
1721 1580 1803 1607 posse

155 1618 323 1648 exhatredari
342 1626 350 1651 ;
374 1624 435 1652 qua:
452 1623 517 1644 vero
538 1616 625 1648 nubit,
645 1623 727 1650 posse
745 1626 752 1643 :
770 1617 842 1651 quod
865 1617 949 1644 filiam
983 1622 1042 1651 post
1057 1617 1218 1645 vicesimum
1241 1617 1372 1652 quintum
1387 1625 1490 1645 annum
1516 1625 1616 1654 prmter
1632 1621 1801 1647 voluntatem

154 1666 241 1702 patris
257 1665 300 1693 sui
314 1672 344 1692 se
358 1663 487 1692 connubii
505 1662 567 1697 jure
578 1662 764 1697 virojnngere
776 1669 866 1697 posse,
884 1671 938 1690 nott
965 1663 1001 1690 sit
1025 1663 1158 1691 insertum
1186 1662 1282 1695 Basil.,
1309 1663 1382 1695 dico,
1413 1664 1486 1698 quod
1514 1672 1576 1692 cum
1608 1666 1720 1697 cadent,
1741 1673 1804 1701 quae

157 1720 257 1743 causas
272 1712 308 1739 ob
316 1718 385 1746 quas
397 1714 526 1746 parentes
541 1709 644 1736 liberos
662 1708 837 1736 exh-.rredare
848 1713 966 1743 possunt
979 1713 1133 1741 enumerat,
1160 1708 1331 1736 Justinianea
1357 1711 1463 1738 now-lla
1489 1715 1602 1744 statuat,
1618 1716 1647 1738 ut
1664 1711 1710 1747 qui
1727 1712 1801 1742 tilius

156 1764 256 1796 praeter
282 1755 471 1795 [consensum]
490 1756 575 1791 patris
590 1763 652 1783 cum
679 1755 771 1783 mimis
797 1760 845 1783 aut
875 1756 1009 1784 arenariis
1033 1756 1212 1784 venatoribus
1241 1761 1441 1789 conversatur,
1468 1758 1675 1789 ethredetur.
1699 1759 1803 1786 debea-

157 1814 220 1835 mus
231 1806 330 1837 dicere,
344 1803 553 1838 fornicationem
566 1805 648 1837 atque
661 1801 770 1836 nuptias
782 1802 851 1829 alias
865 1802 945 1829 venia
974 1802 1127 1837 dignandas
1141 1822 1148 1835 ,
1179 1803 1248 1830 alias
1267 1810 1334 1830 non.
1361 1801 1501 1838 Siquidem
1519 1803 1542 1831 si
1569 1804 1634 1836 lilia,
1661 1804 1718 1832 sive
1738 1811 1804 1834 ante

158 1853 306 1892 perfectam
326 1853 432 1877 aetatem
454 1837 511 1876 sive
527 1840 597 1882 post,
622 1847 790 1874 matrimonii
811 1847 870 1882 lego
885 1855 946 1874 cum
978 1849 1037 1876 viro
1057 1848 1124 1884 [non
1148 1847 1274 1885 omnino]
1291 1837 1466 1884 vituperabili
1490 1849 1638 1884 conjuncta
1667 1851 1805 1884 fuerit.ut

158 1908 214 1929 non
244 1904 352 1934 gravem
375 1899 453 1931 pater
477 1901 512 1921 ex
535 1893 637 1927 nuptiis
664 1893 792 1928 injuriam
822 1894 949 1929 accipiat,
978 1895 1183 1923 matrimonium
1205 1895 1316 1930 quidem
1341 1900 1470 1930 tanquam
1485 1897 1559 1931 quod
1586 1897 1738 1926 consistere
1752 1906 1802 1925 ne-

159 1950 252 1983 queat,
275 1952 309 1972 ex
331 1942 452 1971 aditione
466 1940 551 1976 patris
569 1939 615 1976 [ad
637 1939 769 1976 judicem]
790 1940 966 1973 dissolvetur,
991 1941 1039 1969 sed
1062 1941 1117 1969 ﬁlia
1131 1949 1186 1969 non
1200 1942 1430 1969 exhaeredabitur.
1446 1942 1525 1975 Quod
1542 1943 1630 1978 ipsum
1650 1951 1716 1971 sane
1728 1943 1804 1974 futu-

158 2002 220 2024 rum
237 1993 319 2021 etiam
335 1995 387 2024 cst,
408 1990 431 2018 si
448 1989 531 2017 simili
549 1988 630 2015 modo
650 1987 784 2016 fornicata
807 1988 948 2016 fuerit.At
973 1988 1031 2016 sive
1052 1996 1100 2024 per
1125 1989 1254 2024 nuptias,
1279 1989 1337 2017 sive
1367 1997 1415 2024 per
1433 1990 1643 2019 fornicationem
1665 1991 1804 2028 [omnino]

159 2050 270 2080 gravem
279 2040 349 2076 patri
359 2037 487 2074 injuriam
499 2036 631 2070 intulerit,
639 2036 867 2064 exhzeredabitur.
880 2036 951 2064 idem
986 2044 1051 2064 vero
1064 2041 1091 2064 et
1110 2037 1138 2064 in
1152 2037 1208 2065 lilio
1225 2037 1281 2065 ﬁet.
1306 2036 1344 2064 De
1366 2037 1546 2065 fornicatione
1570 2043 1661 2066 autem
1677 2039 1803 2067 adhibito

160 2088 321 2119 discriminc
336 2089 484 2122 quaeretur.
497 2083 556 2110 Alia
569 2083 642 2110 enim
656 2082 800 2116 diuturna,
816 2082 869 2110 alia
883 2083 1048 2118 temporaria
1061 2088 1114 2111 est.

1004 651 1044 674 κε’
1071 648 1204 675 ἐνιαυτῶν
1231 649 1380 684 ὑπερέθετο
1410 650 1521 684 ζεῦξαι·
1545 651 1608 677 τότε
1627 651 1681 686 γὰρ
1699 651 1799 687 ἑαυτὴν

1004 693 1157 730 ἐλευθέρως
1173 694 1268 729 ζεῦξαι
1287 695 1398 724 δύναται
1410 696 1448 729 ὡς
1461 698 1479 732 ἡ
1505 697 1568 732 περὶ
1585 697 1639 725 τῶν
1661 698 1690 724 ἐν
1705 697 1800 734 κλήρῳ

1003 739 1189 776 εὐχαριστιῶν
1206 750 1221 777 ρ
1231 745 1260 768 ιε’
1271 742 1368 778 νεαρὰ.

198 2156 275 2185 CAP.
301 2154 338 2183 Χ.
354 2169 386 2175 -
400 2152 439 2190 De
462 2150 617 2178 mulieribus
640 2150 850 2185 fornicantibus,
869 2150 952 2185 fetum

1040 2153 1167 2181 ΚΕΦΑΛ.
1181 2153 1208 2180 I'.
1217 2152 1331 2186 -Περί
1350 2152 1410 2179 τῶν
1419 2153 1646 2187 πορνευουσῶν,
1657 2155 1705 2182 καὶ
1719 2155 1805 2183 dnuo

160 2201 359 2239 perimentibus,
384 2200 422 2227 vel
451 2199 486 2225 ad
509 2199 639 2224 necandos
665 2197 734 2231 fetus
762 2197 955 2224 medicamenta

1024 2199 1130 2227 ovo’t‘br
1147 2200 1183 2227 τὰ
1196 2201 1364 2235 τικτόμενα,
1380 2199 1398 2234 ἣ
1411 2200 1566 2228 ποιουσῶν
1581 2201 1698 2235 φθόρία.

162 2248 372 2284 conﬁcienlibus.

198 2304 312 2334 Concilii
328 2301 466 2337 Aneyraui
481 2308 569 2329 canon
585 2300 617 2327 2|
636 2307 643 2333 ;
659 2299 768 2328 concilii
783 2299 853 2329 sexti
865 2306 954 2326 canon

163 2353 194 2380 91
216 2361 224 2385 ;
241 2350 332 2379 Basilii
350 2356 439 2377 canon
452 2348 480 2380 2,
493 2349 520 2380 8,
537 2347 582 2375 52.

201 2409 310 2437 Toxlus.
330 2407 437 2434 Dicitur
457 2405 505 2433 lib.
534 2411 606 2432 ιινιι
622 2425 630 2437 ,
643 2404 683 2431 tit.
699 2404 743 2437 ll,
772 2403 831 2439 Dig.
859 2403 885 2435 ι.
902 2407 955 2430 etc.

163 2464 244 2492 usque
257 2457 292 2482 ad
304 2454 397 2481 datutn
410 2454 455 2485 sit,
471 2457 499 2478 ut
513 2459 576 2486 pag.
589 2450 651 2478 9‘23.

1045 2302 1160 2329 Συνόδου
1182 2301 1320 2336 Ἀγκύρας
1345 2301 1436 2328 κανὼν
1451 2300 1509 2327 ita"
1534 2301 1645 2328 συνόδου
1657 2305 1685 2334 ς’
1707 2302 1801 2330 κανὼν

1010 2351 1054 2383 ιμ’
1065 2357 1071 2364 ·
1090 2348 1233 2375 Βασιλείου
1250 2346 1341 2374 κανὼν
1356 2347 1389 2382 β’,
1402 2350 1440 2382 η’,
1453 2346 1503 2381 νβ’.

1047 2406 1210 2440 Ife/pavor.
1225 2403 1343 2439 Εἴρηται
1357 2402 1453 2438 βιϐλίῳ
1470 2401 1514 2437 μζ¹
1525 2423 1532 2435 ,
1550 2403 1604 2430 τιτ.
1622 2402 1666 2435 ια’,
1683 2403 1755 2430 διάτ.
1771 2404 1806 2438 δ’,

1012 2451 1079 2486 ὃτιὴ
1096 2450 1234 2486 ἐπιτηδὲς,
1247 2458 1275 2477 κ.
1291 2459 1318 2477 τ.
1333 2450 1359 2477 λ.
1386 2457 1474 2484 usque
1491 2450 1536 2481 ad,
1552 2449 1606 2476 κᾶν
1622 2450 1707 2485 χωρὶς
1723 2450 1804 2477 δόλου

1010 2498 1040 2524 τὸ
1056 2497 1132 2532 πόμα
1146 2496 1273 2523 δέδωκεν.

164 2539 172 2550 ⁸
200 2549 347 2578 Scholium.
373 2547 474 2582 Digest.
492 2546 509 2573 4
526 2546 567 2573 tit.
583 2546 614 2573 11
638 2546 688 2573 lib.
703 2553 776 2573 ιιινιι
807 2545 866 2580 Dig.
887 2549 929 2572 est
958 2552 1018 2580 eap.
1047 2545 1082 2571 24
1105 2545 1146 2572 tit.
1175 2543 1212 2570 22
1237 2544 1285 2571 lib.
1312 2551 1346 2570 1.x
1379 2543 1474 2575 Basil.,
1490 2543 1563 2578 quod
1582 2543 1659 2576 dicit,
1684 2549 1715 2570 ut
1734 2545 1806 2571 scri-

161 2601 237 2632 ptum
253 2599 304 2622 est.
322 2592 380 2627 Dig.
395 2590 493 2619 8tit.8
509 2591 555 2618 lib.
571 2598 721 2620 vantnon
746 2592 863 2626 positum
879 2596 922 2618 est
954 2589 981 2616 in
1008 2590 1092 2617 BJSll.
1119 2589 1179 2624 Dig.
1209 2589 1245 2616 59
1281 2589 1323 2615 tit.
1347 2588 1379 2615 19
1413 2588 1460 2615 lib.
1481 2596 1564 2616 xum
1590 2589 1650 2624 Dig.
1673 2595 1716 2617 est
1738 2598 1803 2626 cap.

161 2631 196 2671 99
221 2642 262 2669 tit.
285 2641 315 2668 51
335 2639 383 2666 lib.
413 2646 445 2666 ιι
468 2637 563 2669 Basi|..
585 2645 617 2665 ac
644 2638 710 2665 dicit
738 2631 908 2674 quaecunque
930 2638 1032 2672 scripta
1065 2641 1138 2665 sunt.
1163 2637 1221 2673 Dig.
1240 2636 1275 2664 '58
1290 2635 1414 2671 ejusdem
1435 2636 1483 2663 lib.
1506 2641 1533 2664 et
1561 2636 1602 2664 tit.
1614 2641 1656 2664 est
1675 2638 1768 2666 thema
1789 2640 1807 2666 6

162 2696 221 2723 cap.
237 2686 272 2714 58
288 2686 329 2713 tit.
350 2684 381 2711 51
397 2681 446 2712 lib.
473 2691 508 2710 ιιι
536 2682 630 2716 B.isi|.,
652 2684 734 2716 quod,
750 2691 811 2719 quae
830 2684 1023 2718 compendiose
1036 2685 1179 2719 proposita
1190 2687 1264 2715 sunt,
1282 2686 1386 2710 narrat.

1044 2741 1170 2769 ΚΕΦΑΛ.
1188 2740 1239 2768 lA"
1255 2755 1288 2761 —-
1306 2740 1376 2775 Περὶ
1389 2739 1449 2767 τῶν
1461 2741 1724 2776 ,βδελυσσομένων
1751 2744 1809 2770 τὸν

1007 2788 1113 2824 γάμον,
1131 2788 1181 2815 καὶ
1195 2788 1278 2822 κρέα,
1293 2787 1342 2815 καὶ
1355 2785 1449 2815 οἶνον.

184 2747 262 2776 CAP.
288 2745 336 2773 XI.
357 2755 394 2763 -
411 2744 449 2772 De
474 2745 507 2771 iis
522 2744 567 2780 qui
609 2743 797 2771 abominantur
819 2743 957 2770 matrima-

162 2795 245 2826 nium,
262 2801 367 2821 carnem
385 2797 410 2819 et
426 2792 526 2819 vinum.

199 2849 392 2884 Apostolorum
411 2854 500 2875 canon
521 2847 551 2874 51
572 2856 579 2879 ς
597 2847 706 2874 concilii
726 2846 895 2883 Gangrensm
908 2854 956 2874 cas
970 2848 992 2877 C

163 2901 216 2921 non
233 2895 258 2925 1,
270 2895 297 2926 ‘2,
309 2895 335 2927 4,
352 2894 368 2921 0
382 2902 389 2927 ;
407 2893 494 2922 Dasil.
511 2901 599 2921 canon
611 2893 656 2926 28,
671 2893 714 2920 85.

1051 2845 1223 2871 ’Λποστόλων
1241 2845 1331 2871 κανὼν
1346 2848 1386 2871 vet’
1403 2852 1409 2859 '
1430 2845 1540 2871 συνόδου
1558 2844 1688 2881 Γάγγρας
1715 2847 1808 2874 κανὼν

1017 2895 1051 2924 α’,
1065 2891 1097 2927 β’,
1112 2892 1144 2925 δ’,
1158 2891 1180 2918 0'
1191 2900 1197 2906 ·
1217 2891 1358 2918 Βασιλείῡυ
1377 2891 1467 2919 κανὼν
1485 2895 1537 2926 κη’,
1556 2895 1606 2919 πε’.
