1948 3070
141 169 207 202 1201

546 148 556 152 ’
568 172 812 205 NOMOCANON.
832 186 866 191 —
885 173 958 204 TIT.
980 174 1054 204 XIII
1085 148 1164 205 οᾉΡ.
1186 173 1355 207 IX-XVIII.

1710 175 1781 208 1202
1813 212 1819 215 _

172 229 299 256 ΚΕΦΑΔ.
315 228 365 256 iB’.
378 243 413 249 —
426 230 497 265 Περὶ
516 231 632 259 ,πατριῶν
644 232 771 265 ἑαυτοὺς
796 233 930 268 ἀκρωτη-

1020 231 1097 260 CAP.
1113 231 1173 259 XII.
1194 247 1229 252 —
1243 231 1281 260 De
1295 232 1372 259 laici:
1385 232 1437 259 sibi
1461 232 1550 260 virilia
1567 234 1778 268 amputantibus.

133 274 250 310 ριαζόνῑ
255 284 306 302 ων.

182 321 352 349 Ἀποστόλων
365 321 457 350 κανὼν
471 322 526 358 κβ’,
541 323 580 350 κδ’
591 332 598 340 ’
627 325 737 352 συνόδου
752 325 870 357 Νικαίας
884 334 933 352 κατ

139 365 193 393 νὼν
215 370 260 393 σ.”
279 368 417 402 ἀνάγνωθι
441 369 476 397 τὰ
504 371 763 406 παραγεγραμμένα
789 372 818 398 ὲν
835 371 874 406 τῷ
901 371 932 398 ιδ’

139 421 202 447 κεφ.
217 413 265 440 τοῦ
278 417 303 440 a’
315 413 369 441 τίτ.
384 414 432 442 τοῦ
447 415 582 451 παρόντος
598 417 799 452 συντάγματος.

175 482 302 509 ΚΕΦΑΛ.
321 483 418 510 ῙΓ¹.--
440 482 512 518 Περὶ
524 483 640 511 λαῖκῶν
663 484 829 511 ἐσθιόντων
847 484 931 511 εἰδω-

137 528 261 560 λόθυτα,
269 528 288 563 ἣ
302 529 374 563 κρέα
383 529 418 556 ἐν
429 530 540 565 αἵματι,
550 530 569 566 ἣ
583 530 704 564 πνικτὰ,
716 530 736 566 ἣ
745 530 928 565 θηριάλωτιι,

136 572 157 607 ἣ
173 574 345 609 θνησιμαῖιι.

181 620 350 648 Ἀποστόλων
365 622 456 650 κανὼν
468 622 532 656 Eg”.
550 624 661 651 συνόδου
683 624 823 661 Ἀγκύρας
839 625 932 652 κανὼν

140 668 170 691 ι’·
190 666 300 693 συνόδου
327 668 455 704 Γάγγρας
480 669 571 697 κανὼν
595 670 633 705 β’·
660 671 770 698 συνόδου
793 674 820 703 ςα
840 671 931 698 κανὼν

139 710 178 743 ξζ¹
189 720 195 727 ·
212 712 364 749 Γρηγορίου
395 715 442 742 τοῦ
458 715 674 752 Θαυματουργοῦ
699 718 732 744 ὲκ
750 718 800 752 τῆς
825 718 933 744 ἐπιστο-

138 759 187 795 λῆς
203 761 252 796 τῆς
271 763 335 798 περὶ
355 763 409 790 τῶν
430 764 464 791 τὰ
480 765 647 792 εἰδωλόθυτα
665 765 818 800 φαγόντων,
845 765 928 793 Βασι-

137 806 209 834 λείου
222 809 313 837 κανὼν
328 810 385 837 πα’.

174 865 300 893 ΚΕΦΑΔ.
319 866 367 896 ΙΔ’.
386 867 584 902 -Περὶλαοῦ
599 869 770 904 ὑϐρίζοντος
782 870 928 903 βασιλέα.

180 957 349 984 ’Λποστόλων
359 957 451 985 κανὼν
464 959 516 985 πδ”
525 960 663 994 ἀνάγνωθι
674 961 709 988 τὰ
723 970 928 998 παραγεγραμ-

139 1003 208 1038 μένα
221 1005 251 1030 ὲν
266 1003 305 1039 τῷ
319 1005 364 1037 λς’
377 1014 440 1040 κεφ.
454 1005 501 1032 τοῦ
517 1005 540 1033 θ’
564 1007 616 1035 ult.
634 1007 682 1034 τοῦ
707 1009 841 1043 παρόντος
865 1018 930 1036 συν-

137 1051 288 1085 τάγματος.

174 1105 300 1133 ΚΕΦΑΛ.
313 1107 363 1136 lE’.
377 1123 410 1128 —
431 1110 501 1143 Περὶ
522 1110 690 1145 ὀρσοδόξων
702 1101 931 1146 ’λαμϐανόνξὼῖ

138 1153 279 1187 εὐλογίας
297 1153 356 1180 ἀπὸ
372 1154 537 1188 αΙρει-ικῶν,
553 1155 572 1190 ἢ
597 1155 756 1188 Ἰουδαίων,
769 1156 788 1191 ἢ
805 1165 932 1191 συνεορ-

138 1197 302 1231 ταζόντων,
321 1199 340 1234 ἢ
367 1201 638 1240 σρννηστευόντων
675 1202 830 1236 Ἰουδαίοις
845 1224 852 1236 ,
883 1203 934 1230 καὶ

139 1244 183 1270 ὅτι
196 1245 232 1271 οὑ
244 1244 292 1271 δεῖ
305 1244 345 1278 τῷ
355 1246 493 1279 σαϐϐάτῳ
507 1247 678 1282 σχολάζειν,
695 1249 776 1276 ἀλλὰ
800 1249 876 1276 κατὰ
899 1249 933 1276 τὸ

139 1289 273 1316 δυνατὸν
284 1291 341 1324 τὴν
358 1291 517 1326 κυριακὴν,
534 1293 594 1326 ικαὶ
617 1294 684 1328 περὶ
710 1294 883 1330 εὐχομένων
895 1295 931 1322 ἐν

137 1337 342 1370 μοναστηρίῳ,
357 1336 376 1371 ἢ
390 1337 570 1372 ἐκκλησίαις
589 1339 753 1373 αζρετικῶν.

183 1382 354 1410 ’Λποστόλων
382 1384 472 1411 κανὼν
493 1384 539 1417 ξεί,
567 1389 609 1412 ο¹ο
637 1387 747 1413 συνόδου
771 1387 932 1419 Λοοδικείας

141 1429 233 1455 κανὼν
245 1429 278 1462 θ’,
293 1429 345 1461 κο¹,
357 1429 408 1465 λβ¹,
425 1431 473 1463 λδ’,
491 1430 541 1463 λζ’,
559 1431 611 1466 λη’,
628 1433 667 1458 λθ¹
681 1440 687 1447 ·
722 1432 831 1459 συνόδου
856 1433 934 1468 Καρ-

141 1473 259 1508 θαγένης
273 1474 363 1502 κανὼν
381 1476 412 1509 ξ’,
428 1476 479 1511 λη’,
507 1476 546 1503 λθ’
559 1485 565 1493 ι
579 1477 717 1512 ἀνάγνωθι
735 1477 770 1504 τὰ
783 1486 930 1514 παραγρα-

141 1520 226 1554 φὲντα
246 1521 275 1547 ὲν
288 1521 325 1556 τῷ
337 1521 373 1548 vs’
388 1531 450 1558 κεφ.
469 1522 516 1550 τοῦ
533 1527 557 1558 γ’
573 1524 626 1551 τίτ.
647 1524 695 1551 τοῦ
712 1524 847 1560 παρόντος
868 1533 932 1551 συν-

141 1566 292 1601 τάγματος,
310 1568 357 1594 καὶ
370 1567 391 1595 δ’
406 1576 468 1603 κεφ.
483 1568 531 1595 τοῦ
548 1569 570 1602 ζ’
583 1570 634 1596 τιτ.

179 1621 302 1650 ΚΕΦΑΛ.
317 1622 373 1656 lq".
399 1639 433 1644 -—
448 1625 519 1659 Περὶ
541 1624 656 1652 λαὶκῶν
685 1626 875 1661 πειρωμένων
888 1626 932 1661 μὴ
949 1603 972 1634 C

141 1664 218 1694 εἶναι
233 1667 303 1700 τοὺς
314 1669 477 1703 κληρικοὺς
489 1669 778 1706 τῶνμοναστηρίων,
794 1673 844 1698 καὶ
854 1678 932 1698 πτω-

142 1713 240 1747 κείων,
270 1715 318 1741 καὶ
340 1717 512 1751 μαρτυρίων
536 1716 597 1744 ὑπὸ
616 1717 674 1751 τὴν
702 1717 849 1750 ἐξουσίαν
874 1717 934 1746 τῶν

140 1759 326 1788 ἐπισκόπων.
928 1760 930 1763 ’

179 1804 291 1831 Συνόδου
312 1805 483 1842 Χαλκηδόνος
495 1809 584 1836 κανὼν
598 1813 635 1845 η’.

179 1860 305 1888 ΚΕΦΛΛ.
328 1863 376 1891 iZ'.
400 1879 436 1884 -—
460 1866 531 1899 Περὶ
555 1866 668 1894 ,λαῐκῶν
692 1869 934 1903 προστιθεμένων

142 1906 205 1940 τοῖς
220 1908 452 1944 ἁφοριζομένοις,
462 1911 481 1946 ἢ
495 1911 698 1947 ἀποσχίζουσι
709 1914 934 1949 πρεσϐυτέροις,

143 1953 192 1980 καὶ
219 1954 309 1988 χωρὶς
332 1955 393 1983 τῶν
413 1956 589 1985 ἐπισκόπων
613 1958 712 1985 αὐτῶν
731 1960 935 1994 θυσιαστήρια

144 2001 353 2034 πηγνυόντων.

186 2046 355 2076 ’Λποστόλων
380 2049 470 2075 κανὼν
501 2048 551 2076 λα’·
583 2050 723 2084 ἀνάγνωθι
741 2050 776 2077 τὰ
805 2058 931 2086 παραγε-

144 2094 294 2129 γραμμένα
319 2095 347 2121 ἐν
376 2095 415 2131 τῷ
435 2095 467 2122 ιδ’
487 2104 549 2130 κεφ.
577 2095 624 2123 τοῦ
657 2095 792 2131 παρόντος
818 2096 935 2130 συντάγ-

146 2148 241 2174 ματος.

181 2198 306 2226 ΚΕΦΔΑ.
322 2199 376 2228 lH‘.
393 2215 428 2220 —
442 2200 514 2235 Περὶ
529 2200 688 2233 ἐπιόρκων,
705 2200 755 2227 καὶ
773 2200 809 2226 ἐν
837 2199 936 2233 ποίοις

145 2243 193 2271 δεῖ
205 2245 275 2278 τοὺς
291 2245 459 2280 ὀμνύοντας
468 2247 511 2281 μὴ
524 2246 671 2281 εὐορκεῖν.

182 2299 324 2326 Βισιλείου
343 2301 433 2328 κανὼν
445 2305 471 2333 ι’,
490 2300 532 2334 ιζ’,
548 2301 600 2335 κδ’,
613 2302 649 2336 ξδ’
666 2302 722 2338 np’.

182 2347 335 2380 Κείιιενον.
354 2348 423 2383 Περὶ
438 2348 575 2384 ἐπιόρκων
589 2349 698 2384 εἴρηται
711 2349 806 2385 βιὸλίῳ
817 2349 861 2385 ιβ’,
882 2349 936 2376 τιτ.

149 2392 182 2426 β’,
198 2392 246 2419 καὶ
261 2392 368 2428 βιϐλίῳ,
383 2402 445 2421 κ.τ.
457 2393 484 2420 λ.
504 2402 590 2430 usque
601 2395 647 2428 ad,
660 2395 710 2422 οὐκ
725 2395 936 2430 ὰναψη).αφᾶται

148 2440 164 2474 ὴ
177 2439 315 2471 ὑπόθεσις.

185 2487 330 2515 Selmlium.
361 2488 415 2516 Tit.
435 2489 453 2515 2
471 2489 516 2516 lib.
540 2498 579 2517 xu
605 2489 675 2525 οἱς..

1021 323 1216 358 Apostolorum
1243 331 1330 351 canon
1350 323 1462 357 22,24;
1489 324 1599 352 concilii
1612 324 1714 352 Nicasni
1734 335 1779 352 ca-

987 376 1041 395 non
1067 369 1093 395 1.
1111 368 1182 404 Lege
1197 376 1258 404 quae
1283 369 1413 397 adnotata
1434 370 1539 398 suntin
1554 377 1616 406 cap.
1639 371 1673 398 M
1700 371 1740 398 tit.
1764 371 1777 397 1

991 415 1134 452 praesentis
1151 416 1252 450 operis.

1017 483 1095 511 CAP.
1112 481 1182 510 XIII.
1199 498 1234 504 —
1244 482 1369 510 Delaict‘s
1382 483 1427 517 qui
1441 483 1581 510 comedunt
1592 483 1671 510 idolis
1686 483 1782 510 immo~

983 530 1053 561 lata,
1081 529 1121 556 vel
1149 537 1243 556 carnes
1266 529 1295 556 in
1320 529 1459 564 sanguine,
1484 528 1524 556 uel
1543 529 1687 564 stt/focula,
1703 529 1749 560 pel
1764 537 1781 556 ιι

984 568 1073 602 bestiis
1087 579 1176 610 capta,
1195 575 1236 602 vel
1251 575 1404 602 morticina.
1727 570 1730 572 ’

1019 621 1216 656 ApostoIm-um
1232 628 1319 648 canon
1335 620 1389 654 66;
1415 621 1527 649 concilii
1539 620 1677 657 Ancyrani
1691 627 1781 648 canon

982 668 1000 695 5
1018 676 1025 700 ;
1043 667 1155 695 concilii
1174 667 1344 702 Gangrensis
1357 675 1446 694 canon
1463 667 1500 701 2;
1522 667 1632 695 concilii
1649 668 1719 695 sexti
1733 675 1781 694 ca-

984 721 1038 742 non
1066 714 1100 742 67
1121 723 1129 748 ;
1155 713 1280 749 Gregorii
1299 714 1444 741 miraculis
1465 713 1533 742 clari
1552 721 1585 742 ex
1610 713 1726 748 epistola
1748 713 1782 740 de

984 760 1194 788 comedentiiins
1216 760 1297 788 idolis
1318 759 1479 792 immolata;
1503 758 1596 787 Basilii
1618 765 1707 787 canon
1736 758 1780 787 81.

1020 862 1097 891 CAP.
1122 861 1194 892 XIV.
1215 877 1250 882 —
1263 861 1302 890 De
1322 862 1392 889 laico
1414 863 1602 897 imperatorem
1620 862 1782 889 contumelia

949 925 970 953 Β
985 909 1120 944 efﬁciente.

1024 955 1216 990 Apostolorum
1232 962 1319 982 canon
1334 953 1378 981 Si.
1405 953 1476 989 Lege
1497 961 1558 988 quae
1571 953 1700 982 adnotata
1719 957 1784 982 sunt

988 1001 1015 1028 in
1032 1009 1092 1036 cap.
1123 1001 1158 1029 56
1180 1001 1222 1028 tit.
1248 999 1264 1028 9
1290 1000 1434 1036 praesentis
1449 999 1552 1036 operis.

1024 1100 1100 1129 CAP.
1117 1100 1176 1129 XV.
1191 1116 1226 1122 —
1243 1101 1281 1128 De
1294 1101 1459 1136 artlwdoxis,
1478 1102 1523 1136 qui
1545 1102 1578 1128 ab
1595 1101 1726 1128 hwreticis
1737 1106 1784 1128 aut

988 1146 1091 1175 Iudaeis
1119 1147 1312 1175 benedictione:
1333 1148 1477 1182 accipiunt,
1499 1148 1536 1175 vel
1556 1156 1616 1175 cum
1630 1148 1685 1175 illis
1703 1148 1784 1182 festos

989 1194 1045 1221 dies
1055 1199 1148 1229 agunt,
1163 1194 1202 1221 vel
1213 1194 1384 1229 cuntiJudwis
1395 1195 1531 1230 jejunanl,
1547 1199 1582 1225 et.
1594 1194 1663 1229 quod
1675 1193 1785 1221 Sabbati

988 1241 1031 1267 die
1057 1239 1211 1274 feriundum
1234 1249 1286 1267 non
1301 1241 1347 1272 sit,
1368 1241 1412 1267 sed
1432 1240 1520 1275 quoad
1536 1240 1592 1275 ejus
1613 1240 1671 1275 ﬁeri
1687 1244 1784 1275 potest,

990 1286 1145 1318 Dunu'm'ea,
1160 1291 1196 1319 et,
1212 1286 1244 1313 (le
1257 1287 1290 1314 iis
1311 1287 1357 1322 qui
1373 1287 1398 1313 in
1419 1286 1590 1314 monasteriis
1605 1290 1652 1313 aut
1667 1286 1786 1314 ecclesiis

989 1332 1175 1359 Iiwretieorum
1195 1337 1285 1359 orant.

1026 1378 1218 1412 Apostolorum
1245 1385 1334 1405 canon
1356 1376 1401 1410 65,
1428 1377 1482 1410 70;
1507 1376 1617 1404 concilii
1636 1375 1785 1404 Laodiceni

991 1431 1080 1451 eanou
1101 1423 1128 1456 9,
1146 1423 1192 1456 29,
1208 1423 1254 1454 52,
1271 1423 1318 1456 54,
1332 1423 1377 1455 57,
1400 1423 1444 1455 58,
1462 1423 1496 1450 ’59
1512 1431 1520 1456 ;
1541 1422 1651 1450 concilii
1671 1422 1787 1450 Cartha-

991 1470 1113 1506 ginensis
1125 1478 1212 1497 canon
1229 1469 1274 1502 60,
1290 1469 1335 1502 58,
1352 1469 1397 1497 59.
1421 1469 1491 1504 Lege
1504 1477 1565 1504 quae
1580 1468 1708 1496 adnotata
1724 1472 1787 1496 sunt

989 1517 1018 1544 in
1035 1523 1096 1551 cap.
1118 1516 1161 1550 15,
1178 1516 1218 1543 tit.
1237 1516 1254 1543 5
1271 1516 1414 1551 praesentis
1434 1516 1535 1551 operis.

1025 1619 1100 1647 CAP.
1120 1619 1190 1648 XVI.
1204 1636 1238 1642 —
1254 1620 1290 1647 De
1302 1620 1394 1652 laicis,
1413 1621 1459 1655 qui
1474 1621 1585 1648 clerico:
1610 1621 1789 1648 monasterio—

989 1675 1059 1698 rum,
1085 1667 1260 1700 ptoc/tiarum,
1292 1672 1340 1694 aut
1356 1667 1548 1703 martyriorum
1571 1667 1736 1702 sollicitant,
1754 1675 1787 1695 ne

993 1716 1039 1742 sub
1058 1719 1187 1749 potestate
1204 1716 1388 1750 episcoporum
1400 1720 1536 1743 maneant.

1028 1808 1144 1836 Concilii
1156 1807 1390 1837 Chalcedonensis
1403 1816 1490 1836 canon
1504 1809 1532 1836 8.

1027 1863 1106 1890 CAP.
1124 1862 1208 1890 XVII.
1233 1881 1270 1888 -
1294 1864 1332 1891 De
1364 1864 1453 1897 laicis,
1475 1865 1520 1900 qui
1549 1866 1786 1892 exeommunicatis

991 1909 1030 1936 uel
1057 1909 1171 1937 seltisma
1209 1910 1366 1945 facientibul
1394 1910 1553 1945 presbyteris
1586 1911 1734 1945 adhaerent,
1762 1918 1787 1939 et

992 1956 1048 1982 sine
1077 1955 1231 1991 [consensu]
1257 1956 1441 1991 episcoporum
1466 1965 1575 1984 suorum
1607 1958 1708 1984 altaria
1734 1959 1788 1985 eri-

991 2005 1066 2036 gum.

1028 2048 1220 2083 Apostolorum
1236 2056 1322 2076 canon
1337 2050 1381 2077 51.
1400 2049 1471 2085 Lege
1484 2057 1546 2085 qua:
1568 2050 1697 2078 adnotata
1723 2056 1788 2080 sunt

993 2095 1020 2122 in
1041 2102 1101 2130 cap.
1118 2095 1207 2131 iitit.
1225 2095 1242 2122 9
1256 2097 1398 2130 praesentis
1416 2097 1516 2132 operis.

1031 2198 1109 2227 CAP.
1129 2199 1224 2228 XVII].
1239 2218 1275 2223 —
1290 2202 1329 2230 De
1341 2202 1465 2236 perjuris,
1481 2207 1505 2229 et
1524 2204 1550 2229 in
1562 2202 1711 2238 tujusmodi
1727 2203 1786 2240 [ea-

994 2246 1077 2282 sibus]
1095 2255 1138 2275 eos
1154 2249 1199 2283 qui
1213 2249 1319 2283 jurant,
1336 2257 1388 2276 non
1404 2254 1472 2276 recte
1485 2249 1579 2284 jurare
1593 2253 1723 2284 oporteat.
1771 2242 1784 2250 ’

903 2296 906 2298 ’
955 2294 977 2322 D
1029 2301 1122 2330 Basilii
1143 2309 1231 2331 canon
1247 2304 1351 2338 10,17,
1367 2304 1414 2335 εις),
1433 2304 1477 2337 ct,
1493 2304 1537 2332 se.

1030 2349 1139 2378 Tutus.
1155 2350 1193 2378 De
1209 2351 1328 2386 pcrjuris
1342 2351 1454 2384 dicitur,
1469 2357 1521 2379 etc.
1538 2359 1619 2387 usque
1627 2351 1662 2379 ad
1675 2357 1787 2381 contro-

994 2397 1092 2428 versia,
1106 2400 1135 2423 ut
1150 2403 1211 2431 pag.
1228 2396 1290 2424 951.

700 2491 745 2524 qni
769 2490 803 2517 de
820 2489 1011 2524 jurejurando,
1042 2488 1100 2516 sive
1126 2488 1291 2521 voluntario,
1327 2489 1379 2516 hoc
1401 2493 1444 2517 est
1472 2489 1573 2522 delato,
1601 2490 1658 2516 sive
1688 2496 1787 2516 neces-

146 2535 230 2567 surio,
249 2535 307 2562 sive
326 2535 450 2570 judiciali
471 2536 559 2568 docet,
585 2541 627 2564 est
647 2537 674 2564 in
699 2536 831 2572 principio
848 2537 888 2563 tit.
907 2537 923 2562 5
949 2536 996 2563 lib.
1016 2542 1072 2563 χχιι
1101 2535 1195 2568 Basil.,
1219 2541 1246 2563 et
1262 2536 1301 2563 ait
1329 2535 1346 2562 4
1371 2536 1462 2564 thema
1485 2544 1547 2571 cap.
1568 2537 1584 2563 5
1603 2535 1718 2564 :Mulier
1744 2537 1788 2571 ju-

149 2590 214 2609 rans
241 2590 271 2609 se
301 2587 485 2618 praegnantem
508 2590 580 2616 esse,
605 2583 722 2610 mittitur
752 2583 778 2610 in
809 2583 1011 2618 possessionem
1030 2592 1036 2609 :
1059 2589 1146 2617 neque
1165 2587 1227 2618 post
1249 2581 1440 2619 [prmstilum]
1463 2583 1659 2618 jusjurandum
1688 2591 1788 2612 conve-

148 2628 242 2659 nitur,
277 2627 355 2663 quasi
384 2628 528 2655 calumnia:
557 2635 639 2656 causa
676 2629 702 2655 in
733 2629 935 2664 possessionem
969 2630 1052 2656 missa
1069 2630 1126 2656 sit:
1156 2636 1244 2663 neque
1271 2629 1298 2656 in
1322 2630 1498 2663 possessione
1517 2629 1570 2656 vim
1597 2629 1709 2664 patitur.
1734 2629 1788 2657 Sed

149 2675 171 2702 si
189 2674 363 2702 adversarius
388 2674 475 2709 ipsam
500 2682 554 2702 non
579 2679 766 2710 praegnantem
798 2683 858 2703 esse
890 2675 1032 2711 iuraverit,
1064 2683 1117 2702 non
1146 2675 1274 2703 mittitur.
1292 2674 1406 2704 tVerum
1435 2684 1467 2703 ex
1499 2675 1656 2711 hujusmodi
1680 2675 1788 2710 jureju—

149 2721 234 2747 rando
261 2729 314 2748 non
346 2721 540 2756 przejudicatur
565 2721 710 2756 quaestioni
746 2722 780 2748 de
805 2727 893 2756 partu.
924 2722 1046 2750 Alterius
1074 2729 1193 2757 namque
1223 2722 1418 2758 jusjurandum
1449 2723 1527 2750 alteri
1560 2729 1649 2758 neque
1676 2722 1788 2756 prodest

150 2775 238 2801 neque
263 2768 349 2796 obest.
379 2767 412 2795 Et
431 2768 471 2795 tit.
491 2768 502 2794 1
525 2768 573 2797 lib.
599 2776 624 2796 Iv
650 2767 717 2796 Cod.
743 2773 784 2796 cst
812 2777 872 2803 cap.
893 2768 928 2796 »15
957 2769 1078 2804 ejusdem
1093 2768 1110 2796 5
1129 2769 1171 2796 tit.
1188 2769 1237 2797 lib.
1263 2777 1319 2797 xm
1343 2768 1443 2802 Basil.,
1462 2773 1490 2796 ct
1513 2769 1576 2796 ait:
1601 2768 1690 2796 Causa
1711 2768 1788 2804 jure-

148 2815 267 2850 jurando
296 2823 329 2843 ex
360 2822 497 2843 consensu
525 2815 670 2849 utriusque
688 2814 785 2850 partis,
805 2815 848 2842 vel
869 2815 1029 2843 adversario
1053 2814 1196 2848 inierente,
1224 2815 1354 2850 praestita,
1370 2815 1413 2843 vel
1437 2815 1564 2847 remisso,
1591 2815 1702 2843 decisa:
1736 2822 1788 2843 nec

151 2862 262 2898 periurii
288 2867 419 2899 praetextu
440 2862 582 2890 retractari
605 2867 713 2897 potest,
741 2861 794 2890 nisi
823 2861 978 2897 specialiter
1007 2864 1059 2890 hoc
1086 2862 1143 2898 lege
1170 2862 1334 2898 excipiatur.
1368 2862 1469 2898 Digest.
1499 2862 1530 2889 51
1551 2861 1592 2890 tit.
1619 2863 1636 2890 ‘2.
1671 2862 1719 2890 lib.
1746 2870 1790 2890 xu,

152 2910 210 2945 Dig.
228 2913 338 2944 estcap.
363 2910 394 2937 51
420 2909 541 2945 r-juSdcm
560 2909 576 2936 5
597 2911 639 2937 tit.
655 2909 703 2937 lib.
725 2917 781 2937 xxn
796 2908 893 2941 Basil,
915 2915 947 2936 ac
967 2907 1042 2941 dicit,
1059 2915 1232 2944 qumcunque
1246 2907 1438 2943 compendiose
1453 2909 1593 2944 proposita
1611 2915 1685 2937 sunt.
