1951 3048
159 155 228 189 1203
754 157 887 187 ΡΠΟΤΙΙ
906 157 950 187 ΡΑ

1013 158 1162 189 ΙΑΒΟῙΙᾸΞ
1172 159 1227 190 CP.
1731 157 1800 190 12M

193 210 302 239 Talus.
318 210 366 238 Est
377 216 468 239 tamen
482 211 528 238 lib.
541 219 578 244 tv,
590 217 643 239 etc.
661 219 744 246 usque
757 211 793 238 ad
809 211 909 245 reddit,
925 217 950 240 ut

1041 215 1196 250 Κείμενον.
1215 217 1294 244 Ἐστι
1307 217 1336 244 δὲ
1355 217 1449 252 εὑρεῖν
1469 215 1573 251 βιϐλίον
1587 214 1608 242 δ’
1622 215 1669 242 τοῦ
1684 214 1801 247 κώδικος

154 265 216 292 pag.
233 257 297 285 95L

1013 260 1058 287 ιίτ.
1076 264 1112 293 α’,
1130 262 1201 296 διάτ,
1217 271 1245 290 κ.
1259 272 1285 291 τ.
1301 264 1326 290 λ.
1343 271 1431 298 usque
1447 263 1492 295 ad,
1506 262 1550 289 διὰ
1575 261 1622 289 τὸν
1646 262 1799 299 φαλκίδιον,

1005 307 1149 335 ἀναδίδωσι
1154 330 1160 336 .

191 359 339 387 Scholium.
364 359 538 387 Meminimus
568 359 695 394 superius
721 359 788 393 legis
818 359 1012 394 jusjurandum
1041 362 1192 395 priestitnm
1232 372 1286 392 non
1326 364 1469 392 retractari
1503 363 1638 392 docentis.
1679 363 1745 390 ltetu
1772 367 1803 390 et

156 405 269 433 alterius
294 405 362 440 legis
383 405 570 435 meminimus,
597 412 694 438 nempe
727 412 788 439 cap.
813 404 845 431 5i
873 405 914 432 tit.
947 405 964 432 5
993 406 1041 433 lib.
1077 415 1132 434 xxn
1161 407 1312 446 [similiter]
1339 410 1491 445 praestitum
1516 408 1710 445 jusjurandum
1743 416 1797 435 non

152 453 310 484 retractari.
325 453 458 480 docentis.
482 453 516 479 At
542 453 628 480 sancti
659 452 751 479 Basilii
774 452 902 487 permulti
926 460 1045 482 canones
1076 455 1201 489 perjuros
1228 457 1307 484 valde
1335 457 1424 492 puniri
1452 460 1588 484 statuunt.
1614 454 1797 487 Quaerendum

154 503 197 526 est
226 499 317 534 igitur,
341 499 452 533 quando
477 499 627 534 praastitum
654 498 847 533 jusjurandum
872 504 1057 532 retractetur,
1087 505 1117 528 ut
1142 503 1274 530 adversus
1301 504 1456 538 pejerantes
1483 502 1624 530 canonica!
1647 508 1734 536 pwuzr.
1760 500 1800 527 lo-

155 551 218 571 cum
247 544 386 571 habeant:
412 550 439 571 et
465 544 576 578 quando
606 550 673 570 non.
701 542 824 570 Dicimus
857 544 948 578 itaque
971 546 1082 579 proprie
1103 547 1273 582 quadruplex
1298 556 1360 576 esse
1375 548 1569 583 jusjurandum
1587 545 1794 574 :volunlarium

156 589 290 626 [nempe],
305 590 379 626 quod
393 590 520 617 videlicet
532 590 565 617 de
578 589 720 617 voluntate
734 589 851 624 partium
880 594 957 617 extra
984 591 1120 626 judicium
1149 598 1297 629 praestatur
1313 604 1320 622 :
1340 595 1539 626 necessarium,
1564 593 1637 628 quod
1658 592 1800 620 deferente

156 641 260 668 actore,
274 641 301 663 et
316 645 348 664 ex
367 636 579 665 interlocutione
591 636 694 670 judicis
710 636 790 663 datur
804 635 966 671 :judiciale,
992 638 1064 672 quod
1087 646 1118 665 ex
1150 640 1287 667 Sententia
1315 640 1417 675 judicia
1437 640 1477 667 vel
1504 639 1596 666 imilis
1619 638 1802 674 litigatoribus

154 684 373 711 controversiam
387 682 505 714 decidit;
522 687 550 709 et
575 681 792 717 [jusjurandum]
816 682 842 709 in
859 682 946 714 litem,
972 683 1045 717 quod
1063 683 1188 718 litigiosa;
1211 685 1249 712 rei
1271 685 1388 720 pretium
1402 706 1410 718 ,
1426 684 1538 720 quando
1564 684 1610 711 illa
1625 684 1688 711 dolo
1701 689 1800 711 contu-

154 727 279 755 maciave
301 727 340 755 rei
368 735 420 754 non
439 726 531 758 datur,
558 726 705 754 incertam
738 726 920 761 quantitatem
953 727 1061 761 redigit.
1089 727 1138 755 Est
1171 727 1303 766 [tamen]
1336 730 1420 757 etiam
1457 729 1666 765 jusjurandum,
1701 728 1801 765 [quod]

154 779 268 809 propter
294 773 461 801 calumniam
491 772 607 809 [datur.]
633 772 673 799 Ac
697 772 882 799 voluntarium
922 773 1034 807 quidem
1076 781 1217 809 nunquam
1250 780 1423 804 retractatur.
1457 775 1650 804 Necessarium
1679 783 1746 803 vero
1772 775 1800 802 in

154 827 212 847 uno
236 826 324 853 eoque
349 819 407 846 solo
434 826 499 846 casu
527 821 702 848 retractatur.
729 825 827 852 nempe
857 817 944 846 ultimi
979 826 1040 853 cap.
1053 819 1095 846 tit.
1114 819 1130 846 5
1160 820 1206 848 lib.
1222 829 1277 848 χχιι
1305 821 1388 849 Basil.
1410 821 1476 849 Nam
1505 822 1613 850 tametsi
1634 821 1754 849 Gobidas
1774 826 1801 849 et

155 865 321 900 Stephanus,
343 872 406 892 cum
426 864 639 899 interpretantur
672 872 733 899 cap.
747 864 779 891 51
806 864 848 891 tit.
883 864 900 891 5
924 864 972 891 lib.
988 873 1056 897 χχιι,
1073 866 1162 894 solum
1180 867 1365 896 voluntarium
1385 877 1439 896 non
1464 870 1608 897 retractari
1627 870 1743 897 dicant:
1767 874 1796 897 tu

154 917 246 943 tamen
277 911 314 938 illi
338 911 396 946 Dig.
426 910 552 944 ascripta
587 910 805 945 interpretationi
841 917 875 939 ne
904 911 1050 938 auscultes.
1082 911 1189 940 Etenim
1227 914 1262 941 45
1305 923 1366 950 cap.
1397 915 1439 943 tit.
1458 916 1539 944 51th.
1565 923 1633 948 xm,
1661 916 1733 951 quod
1758 921 1802 944 est

154 962 244 985 const.
261 957 272 984 t
291 957 332 984 tit.
358 957 370 984 ί
401 956 448 983 lib.
475 963 501 982 tv
516 956 595 989 Cod.,
619 956 651 984 ad
682 956 755 985 hunc
786 956 897 984 modum
920 957 984 985 ait:
1018 958 1107 986 Causa
1125 959 1307 994 jurejurando
1326 970 1359 989 ex
1385 970 1521 989 consensu
1546 963 1690 997 utriusque
1714 961 1802 997 partis

153 1005 196 1032 vel
212 1005 371 1032 adversario
398 1003 542 1035 inl'erente,
569 1004 659 1030 delato
687 1008 716 1031 et
746 1004 889 1039 praastito,
918 1004 960 1031 vel
993 1005 1112 1033 remisso
1136 1007 1239 1039 decisa,
1269 1015 1320 1035 nec
1349 1009 1463 1043 perjurii
1495 1012 1629 1044 praetextu
1655 1009 1801 1035 retractari

155 1058 254 1086 potest,
281 1052 334 1079 nisi
362 1052 516 1086 specialiter
546 1052 596 1079 hac
623 1051 682 1086 lege
695 1052 872 1086 excipiatur:
898 1052 1009 1080 sustulit
1024 1053 1136 1080 GObldiP.
1163 1058 1191 1081 et
1218 1053 1349 1089 Stephani
1376 1055 1410 1082 ad
1432 1054 1491 1090 Dig.
1514 1054 1699 1090 conscriptam
1715 1054 1802 1081 inter-

153 1100 346 1135 pretationem.
376 1098 498 1133 Reliqtue
521 1102 613 1125 autem
635 1097 964 1134 jurisjurandi[spccies].
990 1099 1222 1133 quemadmodum
1245 1101 1269 1128 id
1285 1106 1466 1128 memoratum
1491 1101 1524 1128 51
1544 1108 1605 1136 cap.
1632 1101 1690 1136 ait,
1720 1101 1801 1128 novis

156 1145 350 1173 instrumentis
371 1144 488 1180 repertis
504 1148 700 1171 retractantur.
717 1141 780 1170 Haec
811 1143 894 1178 igitur
916 1150 978 1170 cum
1011 1144 1048 1170 ita
1077 1143 1160 1180 [sese]
1184 1145 1313 1178 habeant,
1332 1146 1516 1180 quodcunque
1537 1146 1730 1181 jusjurandum
1756 1154 1801 1173 re-

156 1191 278 1223 tractari,
300 1199 355 1226 quo
378 1191 400 1217 sl
428 1190 475 1224 qui
507 1189 578 1216 forte
606 1189 709 1225 perjuri
747 1189 939 1220 inveniantur,
971 1190 1112 1218 canontcis
1138 1192 1228 1226 poenis
1257 1191 1423 1226 plectantur,
1452 1199 1486 1219 ne
1517 1192 1629 1219 dixeris.
1656 1191 1709 1219 Sed
1738 1192 1802 1220 illos

154 1238 306 1266 secundum
346 1238 436 1273 legum
465 1242 606 1270 tenorem,
638 1242 768 1271 tanquatn
794 1237 918 1271 periuros
942 1236 1108 1274 [canonicis]
1142 1239 1231 1273 poenis
1260 1238 1334 1268 feriri
1365 1239 1459 1272 dicas,
1489 1239 1536 1275 qui
1556 1247 1588 1266 ex
1617 1238 1799 1273 jurisjurandi

155 1287 349 1313 retractatione
369 1285 597 1313 condemnamur.
627 1285 716 1319 Atque
740 1284 773 1311 ad
804 1284 877 1311 hunc
892 1283 1041 1321 [quidem]
1070 1285 1181 1312 modum
1206 1294 1326 1314 canones
1342 1286 1416 1324 [cum
1439 1285 1558 1321 legibus]
1577 1285 1705 1314 concilia.
1728 1284 1797 1312 Nam

154 1340 244 1367 neque
269 1338 382 1360 sanctus
413 1331 531 1359 Basilius
562 1331 588 1358 in
615 1330 797 1366 jurejurando
824 1330 898 1365 quod
930 1338 963 1357 ex
995 1338 1132 1359 consensu
1161 1333 1251 1364 datur,
1279 1333 1313 1360 de
1338 1333 1460 1368 perjurio
1480 1337 1597 1362 tractat:
1618 1333 1665 1360 sed
1681 1340 1729 1360 eos
1750 1332 1797 1366 qui

151 1380 281 1414 jurarint,
310 1379 395 1408 Deum
415 1380 549 1407 vindicem
569 1379 669 1406 habere
693 1379 803 1410 asserit,
833 1383 916 1413 atque
939 1378 965 1405 in
998 1379 1114 1417 reliquis
1131 1379 1265 1416 [casibus]
1280 1381 1462 1415 quaestionem
1478 1380 1513 1407 de
1530 1376 1797 1414 perjurioinstituit,

153 1433 181 1456 et
196 1436 293 1466 ptenas
306 1428 445 1463 proponit.
472 1426 618 1463 [Caeterum
635 1426 711 1463 hinc]
733 1427 798 1454 mihi
813 1426 944 1461 excipias.
974 1427 1048 1461 quod
1069 1435 1083 1454 a
1108 1427 1248 1456 nonnullis
1271 1435 1318 1463 per
1345 1426 1619 1463 pusillanimitatcm,
1652 1433 1706 1452 non
1737 1423 1798 1460 [au-

155 1474 221 1512 tem]
239 1475 271 1502 ad
289 1474 454 1502 delationem
466 1473 631 1505 adversarii,
648 1481 738 1508 neque
752 1481 783 1500 ex
797 1472 944 1508 judiciaria
975 1475 1140 1501 necessitate
1171 1480 1316 1509 praestatur
1343 1473 1540 1509 jusjurandum
1555 1481 1562 1499 :
1587 1476 1663 1507 puta,
1687 1471 1800 1505 quando

154 1521 218 1556 quis
235 1522 276 1556 (se
290 1519 348 1555 aut)
365 1527 419 1547 non
441 1527 554 1547 esurum
577 1527 687 1551 carnes,
701 1522 765 1552 {aut
785 1519 975 1555 Hierosolyma
1002 1520 1202 1554 profecturum.
1223 1527 1269 1548 aut
1292 1521 1366 1548 aliud
1397 1519 1461 1548 boni
1488 1518 1632 1553 quidpiam
1660 1517 1797 1544 facturum

152 1568 239 1603 jurat,
267 1575 317 1594 nec
346 1566 372 1594 id
395 1566 482 1593 facit:
508 1565 635 1592 similiter
650 1566 731 1592 etiam
758 1565 870 1599 quando
894 1565 957 1600 quis
985 1564 1037 1591 hoc
1052 1570 1099 1592 aut
1129 1565 1195 1593 illud
1222 1566 1325 1593 malum
1354 1565 1406 1601 (se)
1435 1564 1573 1591 facturum
1604 1571 1667 1590 cum
1692 1562 1801 1598 jureju-

155 1614 242 1643 rando
272 1619 362 1648 negat,
394 1618 421 1640 et
451 1611 515 1639 facit
545 1611 826 1639 nihilominus.’l‘unc
855 1611 929 1638 enim
953 1615 1083 1646 tanquam
1108 1613 1236 1648 perjurns
1274 1620 1328 1639 non
1360 1610 1529 1647 puniendus,
1559 1609 1607 1637 sed
1645 1609 1801 1645 quomodo-

153 1668 262 1696 cunque
286 1667 302 1687 a
325 1659 377 1686 loci
398 1659 527 1694 episcopo
556 1658 640 1694 (velut
670 1658 794 1686 adhibita
822 1659 967 1694 medicina)
992 1659 1133 1688 curandus
1157 1660 1221 1687 erit.

189 1709 285 1735 Const.
311 1707 342 1734 l5
363 1706 405 1733 tit.
425 1707 439 1732 1
466 1706 514 1734 lib.
535 1713 560 1732 IV
583 1705 651 1732 Cod.
672 1710 714 1733 est
740 1713 800 1739 cap.
826 1706 876 1733 ult.
911 1706 950 1733 tit.

1042 1707 1184 1741 Σχόλιον.
1206 1707 1238 1732 'H
1255 1705 1288 1740 ιγ’
1299 1705 1420 1739 διάταξις
1427 1704 1475 1732 τοῦ
1491 1708 1516 1732 α’
1530 1704 1584 1731 τίτ.
1600 1703 1647 1730 τοῦ
1658 1703 1678 1730 δ’
1697 1701 1801 1738 βιϐλίου

155 1755 173 1783 5
192 1755 240 1782 lib.
256 1761 315 1781 nu
330 1752 428 1786 Basil.,
449 1758 532 1787 atque
549 1752 683 1787 explicata
706 1757 748 1779 est
775 1752 913 1786 superius.

196 1892 307 1920 Τεπιιιδ.
321 1891 387 1919 llem
396 1899 457 1926 quae
467 1891 501 1919 de
514 1891 661 1927 jndicialis,
675 1895 728 1918 etc.
742 1899 824 1926 usque
833 1890 868 1917 ad
881 1889 951 1917 facta

155 1939 249 1967 fuerit.
265 1942 294 1964 ut
310 1946 371 1970 pag.
387 1937 451 1965 951.

194 2033 341 2061 δσΙιοΙὶιιιη.
368 2030 480 2058 Novella
504 2029 677 2057 Justinianea
702 2029 754 2057 124
778 2033 820 2057 est
849 2029 876 2056 in
902 2029 950 2057 lib.

157 2081 240 2108 Basil.
267 2081 292 2111 7,
316 2079 356 2106 tit.
374 2079 404 2109 4,
427 2085 488 2112 cap.
507 2076 535 2109 6,
560 2077 632 2112 quod
650 2077 782 2103 insertum
799 2081 841 2103 est
864 2077 951 2103 inter-

158 2126 304 2159 pretationi
330 2134 392 2153 can.
414 2125 448 2164 l5
473 2131 552 2151 conc.
585 2123 798 2158 Carthaginens.
825 2123 897 2157 quod
920 2123 953 2150 de

157 2173 280 2209 judiciali
296 2171 461 2207 jusjurando
478 2170 542 2198 hinc
562 2169 735 2197 retractando
759 2176 852 2203 agens,
869 2169 953 2203 legas.

160 2220 264 2254 Digest.
306 2219 340 2253 15
366 2219 408 2251 tit.
433 2218 452 2245 ‘2
478 2218 528 2246 lib.
559 2226 597 2246 xu
623 2218 704 2245 habet
727 2217 840 2252 perinde
873 2222 954 2252 atque

160 2266 292 2301 scriptum
323 2269 374 2293 est.
409 2265 505 2292 Const.
529 2264 560 2291 ll
589 2265 631 2292 tit.
656 2264 673 2290 4
697 2263 747 2290 lib.
773 2272 792 2290 ιι
810 2263 878 2291 Cod.
912 2268 954 2291 est

162 2319 223 2346 cap.
248 2311 283 2338 58
309 2310 365 2340 ἰιῑῑ.
405 2309 423 2337 2
451 2310 497 2337 lib.
527 2318 546 2341 ιι
576 2309 648 2344 quod
676 2309 752 2340 dicit.
783 2316 956 2343 qumcunque

162 2349 359 2392 compendiose
380 2356 519 2391 proposita
541 2360 615 2383 sunt.
633 2355 769 2387 Cancrum
791 2355 856 2383 illud
871 2355 953 2382 etiam

1005 1751 1054 1779 τοῦ
1075 1751 1202 1783 κὼδικος,
1218 1751 1276 1778 ἔστι
1298 1751 1456 1777 τελευταῖον
1472 1759 1536 1784 κεφ.
1566 1749 1613 1776 τοῦ
1631 1752 1651 1775 ε’
1673 1748 1727 1775 sic.
1753 1745 1802 1773 τοῦ

1006 1797 1050 1832 κβ¹
1067 1797 1122 1824 τῶν
1142 1797 1302 1832 βασιλικῶν,
1317 1798 1366 1824 καὶ
1383 1796 1559 1833 ὲδηλώθησαν
1571 1795 1607 1822 τὰ
1620 1795 1686 1829 περὶ
1701 1794 1801 1820 τούτου

1007 1845 1047 1876 είς
1063 1844 1095 1870 τὸ
1110 1844 1246 1880 προλαϐὸν
1261 1845 1378 1880 σκόλιον.

1007 1894 1022 1921 ι
1047 1891 1202 1925 Κείμενον.
1221 1891 1254 1918 'H
1269 1891 1298 1918 δὲ
1323 1891 1389 1927 περὶ
1404 1891 1454 1926 τῆς
1471 1890 1660 1926 καθαρότητος
1691 1889 1745 1915 τῶν
1759 1888 1805 1923 δρ-

1009 1944 1066 1962 κων
1080 1936 1135 1963 τῶν
1147 1936 1243 1970 δικῶν,
1257 1945 1285 1963 κ.
1298 1945 1324 1964 τ.
1337 1937 1363 1964 λ.
1373 1945 1461 1972 usque
1474 1937 1517 1968 ad,
1529 1937 1554 1963 ει
1564 1936 1602 1972 μὴ
1616 1936 1663 1962 καὶ
1672 1934 1715 1962 ἐπ’
1729 1933 1806 1969 αὺτῷ

1009 1982 1106 2016 γέγονε
1121 1982 1252 2014 διάλυσις.

1008 2032 1025 2061 ιλ
1045 2030 1186 2063 Σχόλιον.
1204 2031 1238 2057 Ἦ
1250 2030 1307 2064 ρκδ⁹
1344 2030 1558 2060 ’1ουστινιάνειος
1573 2029 1660 2064 νεαρὰ
1674 2029 1764 2055 κεῖται
1775 2027 1807 2053 ὲν

1011 2076 1107 2112 βιϐλίῳ
1120 2075 1154 2110 ζ’,
1169 2077 1222 2104 τίτ.
1236 2077 1268 2110 δ’,
1294 2086 1359 2112 κεφ,
1381 2076 1420 2110 ς’,
1437 2075 1659 2111 καταπρωοέντι
1690 2075 1728 2106 είς
1755 2072 1807 2109 τὴν

1011 2123 1160 2158 ἑρμηνείαν
1182 2123 1230 2150 τοῦ
1251 2122 1282 2150 ιε’
1301 2124 1414 2155 κανόνος
1428 2123 1478 2156 τῆς
1495 2123 1524 2149 ὲν
1542 2121 1725 2156 Καροαγέννῃ
1742 2128 1807 2146 συν-

1011 2170 1083 2201 όδου,
1100 2171 1147 2197 καὶ
1160 2170 1297 2205 ἀνάγνωθι
1309 2171 1355 2197 καὶ
1369 2169 1448 2196 τοῦτο
1461 2169 1526 2204 περὶ
1547 2167 1711 2194 εουδικαλίου
1724 2166 1808 2201 ὅρκου

1011 2214 1195 2250 διαλαμϐάνον
1220 2215 1367 2243 χὰντεῦοιν
1406 2214 1670 2249 ἀναψηλαφωμένου.
1697 2211 1733 2238 Τὸ
1774 2209 1808 2245 ιγ’

1011 2260 1080 2288 διάτ,
1097 2261 1144 2287 τοῦ
1158 2261 1172 2296 β
1206 2261 1259 2288 τίτ.
1275 2260 1322 2287 τοῦ
1340 2260 1362 2295 β’
1389 2260 1492 2295 βιϐλίου
1508 2261 1564 2286 τῶν
1578 2257 1735 2291 διατάξεων,
1749 2256 1809 2282 ἔστι

1013 2307 1085 2340 θέμα
1109 2308 1263 2335 τελευταῖον
1285 2308 1331 2335 τοῦ
1347 2306 1380 2342 ιγ’
1392 2307 1462 2339 διᾴτ.
1490 2306 1537 2333 τοῦ
1551 2305 1571 2333 ε’
1608 2305 1662 2332 sit.
1687 2303 1735 2330 τοῦ
1763 2301 1806 2338 ιβ’

1013 2354 1118 2389 βιϐλίου
1134 2354 1221 2387 οὕτως
1244 2355 1305 2390 ἕχον
1319 2354 1357 2386 ὡς
1377 2355 1416 2384 εἰς
1442 2353 1472 2380 τὸ
1495 2354 1620 2388 κείμενον
1633 2351 1753 2388 ἐγράφη.
1775 2349 1810 2375 'll

161 2403 357 2440 jusjurandum
372 2402 502 2437 judiciale
519 2401 604 2438 [esse]
621 2401 699 2429 dixit.
722 2400 870 2436 Propterea
884 2401 947 2428 enin

1015 2401 1070 2437 μα’,
1087 2403 1157 2429 διὰτ.
1188 2402 1236 2429 τοῦ
1249 2401 1283 2434 α’,
1309 2402 1362 2430 τίτ.
1384 2401 1432 2427 τοῦ
1459 2400 1480 2435 β’
1499 2399 1602 2435 βιϐλίου
1616 2398 1663 2425 τοῦ
1681 2396 1808 2428 κώόικος,

164 2459 198 2478 ex
224 2450 417 2485 reprobatione
444 2449 507 2484 ejus
523 2448 600 2485 [una]
629 2456 691 2476 cum
720 2447 822 2476 damno
849 2447 950 2474 infanti:

1013 2448 1070 2474 ἐστι
1084 2457 1146 2483 κεφ.
1164 2447 1203 2484 νη¹
1232 2448 1278 2475 τοῦ
1298 2447 1320 2483 β’
1342 2448 1396 2475 τίτ.
1413 2446 1461 2475 τοῦ
1479 2445 1512 2472 ια’
1533 2444 1636 2480 βιϐλίου
1662 2443 1742 2477 λέγον
1759 2442 1810 2468 ὅσα

165 2495 247 2524 etiam
273 2495 463 2530 consequitur.
484 2495 579 2526 Const.
598 2494 632 2520 42
655 2494 779 2528 ejusdem
805 2493 854 2520 lib.
871 2498 899 2520 et
919 2494 950 2522 tit

1013 2494 1053 2526 εἰς
1070 2494 1100 2520 τὸ
1120 2494 1247 2528 κείμενον
1264 2494 1438 2530 ἐγράφησαν.
1457 2491 1530 2526 Πλὴν
1549 2491 1595 2518 καὶ
1618 2490 1664 2516 τὸν
1687 2487 1810 2515 τοιοῦτον

165 2546 206 2568 est
221 2549 282 2576 cap.
300 2541 333 2567 59
352 2541 392 2567 tit.
412 2541 429 2567 2
457 2541 505 2575 lib.
530 2549 568 2574 ιι,
598 2541 671 2576 quod
690 2541 803 2576 perinde
820 2541 901 2568 habet
920 2545 948 2568 at

1013 2541 1093 2576 ὅρκον
1105 2540 1266 2567 ἰουδιχάλιον
1282 2540 1344 2567 ειπὲ
1356 2548 1362 2555 ·
1378 2539 1424 2566 διὰ
1437 2539 1492 2574 γὰρ
1508 2537 1587 2564 τοῦτο
1608 2536 1657 2562 καὶ
1671 2535 1702 2567 ἐξ
1712 2533 1810 2568 ἀθετή-

166 2595 220 2616 nne
234 2587 367 2620 scriptum
392 2591 444 2614 est.

1013 2596 1082 2619 σεως
1100 2587 1182 2615 αὐτοῦ
1204 2589 1252 2614 σὺν
1272 2589 1304 2623 τῇ
1321 2587 1409 2623 ζημίᾳ
1431 2586 1479 2614 καὶ
1503 2584 1602 2620 ἀτιμίᾳ
1617 2581 1810 2610 ἐπακολουθεῖ.

172 2635 204 2662 'll
221 2633 264 2670 μβ¹
294 2634 364 2661 διάτ.
380 2634 427 2660 τοῦ
457 2633 541 2661 αὑτοῦ
564 2633 668 2668 βιϐλίου
692 2632 740 2660 καὶ⁸
755 2631 809 2659 τίτ.
833 2631 891 2659 ἐστι
925 2640 987 2667 κεφ.
1009 2632 1047 2659 vlt’
1081 2633 1129 2660 τοῦ
1155 2633 1170 2668 β
1210 2634 1263 2660 τίτ.
1286 2632 1333 2659 τοῦ
1360 2631 1394 2659 ια’
1441 2630 1545 2667 βιϐλίου
1574 2628 1662 2660 οὕτως
1686 2626 1748 2662 ἕχον
1772 2625 1812 2656 ὡς

164 2683 284 2719 ἐγράφη-

206 2729 316 2757 Textus.
337 2728 370 2756 Et
387 2728 434 2755 lib.
447 2736 474 2756 ιγ
492 2727 571 2760 Cod.,
588 2727 630 2754 tit.
646 2728 672 2759 ί,
691 2731 782 2756 const.
797 2727 824 2754 2.
839 2726 959 2755 Tametsi

167 2780 221 2804 etc.
238 2783 321 2810 usque
339 2774 374 2801 ad
386 2778 524 2809 oportere,
539 2777 568 2799 ut
583 2781 644 2810 pag.
659 2772 722 2805 931.

204 2867 351 2898 Scholium.
370 2867 466 2896 Const.
483 2867 502 2894 2
517 2867 558 2895 tit.
582 2866 594 2893 l
619 2865 667 2894 lib.
687 2873 714 2893 tv
735 2864 802 2893 Cod.
832 2868 875 2892 est
902 2871 962 2900 cap.

1051 2724 1204 2757 Κείμενον.
1219 2723 1274 2750 Καὶ
1287 2722 1388 2758 βιϐλίον
1403 2721 1424 2748 δ’
1443 2720 1491 2747 τοῦ
1500 2719 1616 2751 κὼδικος
1625 2719 1678 2746 τίτ.
1691 2718 1725 2752 α’,
1738 2719 1812 2749 διάτ.

1015 2769 1049 2806 β’,
1073 2770 1113 2796 ὅτι
1143 2770 1168 2796 εἰ
1193 2771 1240 2796 καὶ
1266 2769 1348 2802 κατὰ,
1363 2777 1389 2796 κ.
1408 2777 1435 2796 τ.
1458 2768 1496 2800 λ..
1516 2774 1603 2803 usque
1617 2766 1651 2794 ad
1666 2766 1697 2793 οὐ
1712 2766 1752 2793 δεῖ
1765 2767 1813 2794 τὸν

1013 2818 1094 2854 ὅρκον
1110 2816 1264 2850 φυλάττειν.

1013 2868 1030 2897 ᾗ
1050 2863 1187 2898 Σχόλιον.
1210 2863 1242 2891 Ἠ
1261 2863 1282 2899 β’
1295 2862 1422 2891 Min-toi}
1435 2862 1522 2891 α’τίτ.
1543 2861 1591 2893 τοῦ
1613 2861 1633 2888 δ’
1650 2860 1754 2891 βιϐλίου
1766 2860 1813 2885 τοῦ
