1951 3048
141 143 152 175 1
158 143 213 175 205

570 136 815 170 NOMOCANON.
834 148 871 154 —
887 135 963 166 TlT.
982 133 1070 172 XIII,
1090 132 1170 163 CAP.
1190 131 1274 169 XIX,
1293 130 1360 162 XX.

1716 126 1786 158 1206

141 201 268 232 κώδικος,
288 199 347 226 ἐστι
366 207 430 233 κεφ.
450 196 504 234 με,
523 196 573 224 τοῦ
591 199 613 223 ε’
634 196 689 224 τίτ.
704 194 752 222 τοῦ
766 193 807 230 κβ¹
832 193 935 229 βιϐλίου

998 191 1024 219 L4
1039 191 1080 219 tit.
1102 190 1119 218 5
1134 189 1181 217 lib.
1205 196 1264 216 χχιι
1288 187 1385 220 Basil.,
1414 185 1488 221 quod
1514 184 1555 213 sic
1577 183 1659 212 habet
1675 192 1682 211 :
1697 182 1786 209 Nemo

139 248 195 275 τῶν
210 245 364 273 Βασιλικῶν
379 243 466 275 οὕτως
482 242 554 278 ἔχον,
569 241 665 273 οὐδεὶς
689 240 762 268 κατὰ
780 239 848 266 Θεοῦ
864 239 930 274 ὀμό-

141 302 203 325 σας,
231 290 403 318 κινδυνεύεισ
432 290 524 321 ἱκανὸς
546 288 601 324 γὰρ
618 289 632 315 ο
644 288 725 322 ὅρκος
735 286 793 321 ἔχει
811 284 932 320 τιμωρὸν

140 339 171 366 τὸ
183 339 271 371 Θεῖον,
288 338 312 364 εί
329 336 426 371 γέγονε
443 335 513 363 κατὰ
523 333 602 361 Θεοῦ.
617 334 649 360 El
667 332 696 360 θέ
710 332 780 359 κατὰ
799 330 932 367 βασιλέως

141 384 214 412 κατά
226 392 288 411 τινα
302 382 458 418 θερμότητα
477 381 570 416 ὤμοσέ
594 389 649 413 τις,
670 378 853 414 συγχωρεῖται
878 377 933 412 ἄρα

140 427 188 456 οὖν
200 429 242 455 ὅτι
254 428 307 455 κᾶν
337 428 368 454 τὸ
378 436 441 462 κεφ.
465 425 629 461 διελάμϐανε
652 425 786 460 πρότερον
803 422 850 450 τὸν
863 421 935 449 κατὰ

141 475 298 511 θερμότητα
308 474 448 509 ὀμόσαντα
462 473 534 500 κατὰ
548 471 681 507 βασιλέως
699 471 758 506 ἢτοι
781 470 821 502 εἰς
848 469 933 504 ὕνομα

143 520 276 558 βασιλέως
295 521 332 556 μὴ
349 519 510 547 ὑπόκεισθαι
530 517 703 549 καθοσιώσει,
723 515 791 552 μηδὲ
807 514 934 550 βασιλικὰ

141 567 289 602 ἐκθέμενος
302 566 414 598 τελείως
438 564 639 601 συγχωρεῖσθαι
649 562 743 590 τοῦτον
762 559 834 594 εἷπε,
846 561 892 588 τὸν
906 560 935 587 δέ

143 613 182 648 μὴ
205 613 250 640 διὰ
279 613 437 648 θερμότητα
464 611 668 646 ἐπιορκήσαντα
682 609 756 643 λέγει
772 607 935 640 παλίξεσθαι

141 659 213 686 κατὰ
219 659 250 686 τὸ
257 659 410 686 τελευταῖον
420 658 491 693 θὲμα
499 657 546 684 τοῦ
555 655 595 691 if]
601 665 664 691 καφ.
673 656 721 682 τοῦ
731 654 813 682 αὐτοῦ
819 654 872 681 τίτ.
885 653 935 681 καὶ

142 705 245 741 βιϐλίου
257 705 344 737 οὕτως
350 705 411 741 ἔχον
421 712 428 720 ·
444 705 475 731 '0
485 704 531 731 ἐπὶ
541 704 665 739 χρήμασι
675 702 746 729 κατὰ
758 701 892 737 βασιλέως
904 700 933 726 ὀ-

142 751 229 786 μόσας
243 751 291 778 καὶ
304 751 473 786 ἐπιορκήσας
499 751 540 777 ὅτι
558 750 589 777 οὐ
611 750 744 785 χρεωστεί
757 749 774 783 ἢ
789 749 935 784 χρεωστεῖ-

140 805 197 830 ται,
208 797 224 832 ἢ
235 797 276 824 ὅτι
287 796 378 824 δίδωσι
391 796 457 823 εεσω
470 795 650 832 προθεσμίας,
661 793 848 831 ῥοπαλίζεται.
858 793 899 821 Τὰ
906 793 934 820 δὲ

141 843 207 879 περὶ
223 842 270 870 τοῦ
288 842 361 878 ἔχειν
379 843 410 869 τὺ
425 843 497 869 θεῖον
513 842 634 878 τιμωρὸν
652 841 698 868 τὸν
714 841 842 877 ἐπίορκον
866 849 935 875 γρα-

140 887 228 923 φέντα
256 888 296 920 είς
321 887 352 914 τδ
379 887 461 923 ῥηθὲν
487 886 527 923 μδ¹
547 895 610 922 amp.
629 886 797 922 ἐρμήνευσον
820 886 891 913 κατὰ
907 885 937 912 τὸ
952 880 973 908 Β

140 934 253 962 ὄπισθεν
268 933 391 970 γραφοὲν
404 933 470 969 παρ’
490 933 569 968 ήμῶν
585 933 657 967 μέγα
673 932 789 968 σκόλιον,
813 932 862 959 καὶ
877 932 938 958 εἰπέ

139 980 181 1006 ὅτι
196 979 316 1012 τοιοῦτος
327 981 408 1016 ὅρκος
423 979 641 1015 βουμλυπτάριος
657 976 727 1014 imi]
743 979 919 1014 νεκεσσάριος
930 986 937 993 ·

141 1028 156 1054 ὁ
169 1027 224 1063 γὰρ
237 1026 405 1062 μὴτοιούτου
420 1027 504 1062 ὅρκου
528 1026 695 1060 ἐπιορκήσας
716 1025 842 1061 μεγάλως
861 1025 941 1053 κολά-

143 1073 230 1106 ζεται.
248 1074 303 1100 Καὶ
317 1073 395 1107 ζήτει
407 1073 453 1099 τδν
469 1071 513 1099 πα¹
526 1071 627 1099 κανόνα
641 1071 688 1098 τοῦ
706 1072 785 1105 ἁγίου
797 1071 939 1099 Βασιλείου

144 1120 191 1146 καὶ
210 1119 405 1146 τὸτελευταῖον
431 1127 495 1153 κεφ.
509 1117 557 1144 τοῦ
581 1117 621 1153 λη’
637 1119 689 1144 τίτ.
717 1117 764 1144 τοῦ
782 1118 803 1151 ξ’
823 1118 938 1153 βιϐλίου,

144 1167 193 1193 καὶ
206 1166 236 1192 τὺ
249 1164 270 1192 δ’
287 1174 351 1199 κεφ.
366 1164 414 1191 τοῦ
423 1164 444 1190 λ’
462 1164 516 1192 τίτ.
531 1163 579 1190 τοῦ
592 1163 675 1191 αὑτοῦ
694 1163 811 1199 βιϐλίου,
825 1165 873 1191 καὶ
895 1164 941 1200 ἐρ-

148 1212 283 1247 μήνευσον
297 1210 389 1242 καθὼς
412 1210 527 1244 είπομεν
554 1209 602 1236 καὶ
618 1206 658 1241 είς
674 1209 705 1236 τὸ
724 1209 806 1244 ῥηθὲν
835 1209 941 1244 σχόλιον

147 1258 235 1289 ἄλλως
264 1258 312 1284 καὶ
340 1257 429 1289 ἄλλως
452 1256 616 1289 κολάζεσθαι
638 1256 701 1288 τοὺς
718 1256 764 1283 διὰ
785 1256 942 1292 θερμότητα

148 1304 369 1340 ἐπιορκήσαντας
388 1303 437 1331 καὶ
458 1304 521 1334 τοὺς
548 1303 585 1338 μὴ
610 1301 760 1334 τοιούτους.
784 1302 815 1328 Ἦ
831 1301 853 1337 β’
869 1301 940 1329 διάτ.

148 1349 196 1377 τοῦ
207 1349 231 1385 η’
242 1349 294 1376 τίτ.
307 1349 354 1376 τοῦ
370 1348 393 1376 θ’
420 1348 524 1384 βιϐλίου
546 1348 594 1374 τοῦ
611 1347 737 1380 κώδικος,
756 1347 813 1374 ἐστι
832 1356 895 1381 κεφ.
912 1346 942 1374 ιε’

148 1397 196 1423 τοῦ
214 1395 259 1430 λς’
273 1396 327 1423 τίτ.
341 1395 389 1422 τοῦ
403 1395 425 1429 ξ’
436 1395 538 1430 βιϐλίου
560 1394 645 1426 οὕτως
659 1394 719 1429 ἔχον
733 1394 771 1426 ὡς
785 1395 826 1426 είς
837 1395 943 1430 ’κείμε-

150 1451 195 1469 νον
204 1442 321 1478 ἐγράφη.
338 1441 405 1468 Εἰπὲ
418 1441 447 1468 δὲ
459 1441 506 1467 καὶ
519 1441 583 1476 περὶ
601 1440 699 1467 τούτου
713 1440 755 1467 ὅτι
769 1441 794 1467 εί
811 1441 861 1475 μὲν
873 1441 945 1468 κατὰ

150 1488 307 1524 θερμότητα
324 1487 431 1522 ὤμοσεν
447 1486 496 1521 οὐχ
510 1486 665 1518 ὑπόκειται,
675 1486 738 1513 είδέ
751 1486 788 1522 μὴ
802 1486 944 1514 ὑπόκειται

150 1534 187 1566 ὡς
205 1534 308 1561 ἀνωθεν
325 1534 444 1569 εἴρηται.
458 1534 495 1560 Τὸ
507 1534 529 1565 ζ’
547 1533 618 1560 διάτ.
635 1533 682 1560 τοῦ
700 1532 721 1559 δ’
732 1533 785 1561 τίτ.
800 1533 847 1560 τοῦ
863 1533 886 1568 β’
902 1533 944 1568 βι-

151 1580 226 1607 6λῖου
243 1580 296 1606 τῶν
309 1579 378 1607 διάτ.
393 1579 451 1606 ἐστι
465 1578 535 1613 θέμα
553 1577 586 1613 ιγ’
605 1578 653 1606 τοῦ
669 1577 693 1606 α’
710 1578 764 1605 τίτ.
780 1578 828 1605 τοῦ
843 1577 877 1605 ια’
889 1579 945 1605 τῶν

151 1625 305 1652 Βασιλικῶν
316 1625 402 1657 οὕτως
425 1625 486 1660 ἔχον
502 1624 541 1656 ὡς
557 1625 597 1656 είς
616 1624 648 1651 τὸ
669 1624 796 1659 κείμενον
810 1623 944 1659 ἐδηλώθη.

152 1672 220 1699 Elite
233 1672 323 1699 τοίνυν
343 1672 397 1699 ἀπὸ
419 1672 543 1698 τοιούτου
559 1671 641 1706 ὅρκου
662 1670 764 1706 μηδένα
783 1670 947 1702 κολάξεσθαι

153 1719 191 1750 ὡς
218 1719 357 1752 ἐπίορκον,
382 1719 427 1745 διὰ
446 1718 478 1745 τὸ
495 1717 643 1753 προφανῶς
657 1716 727 1744 εἶναι
745 1717 841 1744 τοῦτον
859 1717 948 1753 παρά-

152 1773 235 1799 νομον
246 1765 293 1791 καὶ
309 1765 509 1798 ἀνυπόστατον,
529 1765 577 1791 καὶ
595 1764 633 1795 ὡς
661 1764 729 1799 μηδέ
745 1764 892 1800 γενόμενον
905 1764 949 1791 λο-

151 1811 287 1846 γίζεσθαι.
310 1811 342 1837 Ἦ
360 1809 399 1838 va.’
421 1811 507 1846 νεαρὰ
534 1811 582 1838 τοῦ
611 1810 742 1846 βασιλέως
759 1809 951 1837 Ἰουστινιανοῦ

153 1857 234 1892 ἐτέθη
249 1858 288 1889 είς
302 1857 353 1884 τίτ.
373 1855 413 1892 λη’
428 1856 476 1883 τοῦ
495 1857 517 1889 ξ’
533 1857 636 1892 βιϐλίου
659 1856 714 1882 τῶν
725 1856 881 1883 Βασιλικῶν
892 1865 949 1883 κω-

153 1903 254 1930 λύουσα
270 1904 360 1930 πᾶσαν
376 1903 639 1938 πορνοϐοσκίαν.Ἑν
652 1903 680 1929 δέ
696 1902 735 1938 τῷ
749 1902 820 1929 τέλει
831 1903 878 1929 τοῦ
894 1902 949 1929 τίτ.

153 1949 286 1984 ἕστικεφ.
301 1949 389 1981 οὕτως
414 1949 485 1984 ἔχον,
505 1948 584 1976 Ἠὲπὶ
606 1949 709 1984 σκηνῆς
727 1947 794 1975 οὖσα
810 1949 878 1984 γυνὴ
899 1948 955 1975 κᾶν

153 1996 240 2031 ὀμόσῃ
256 1996 304 2022 καὶ
323 1995 426 2029 ἐγγύας
439 1995 512 2031 δώσῃ
529 1996 567 2030 μὴ
583 1995 736 2030 ἀναχωρεῖν
746 1995 795 2030 τῆς
809 1995 950 2030 πορνείας,

154 2041 305 2073 ἀκινδύνως
337 2042 506 2076 ἀφίσταται,
527 2041 576 2068 καὶ
610 2042 635 2067 εἰ
664 2041 813 2076 ἀπαιτήσει
836 2049 879 2072 τις
902 2040 952 2072 τὰς

153 2089 282 2120 τοιαύτας
294 2088 406 2123 ἐγγύας,
419 2088 561 2115 ὑπόκειται
572 2087 611 2122 τῷ
622 2088 671 2122 τῆς
681 2087 837 2122 ἐπιορκείας
851 2087 952 2121 mm-

156 2143 233 2169 ματι.
252 2133 464 2169 Σημείωσαιοῦν
477 2134 508 2159 τὸ
522 2141 585 2167 κεφ.
594 2132 721 2159 διδάσκον
732 2131 781 2167 τὴν
798 2132 847 2167 μὲν
859 2133 954 2166 ἐπιορ-

156 2181 282 2215 κήσασαν
304 2179 342 2214 μὴ
356 2178 552 2215 τιμωρεῖσθαι,
567 2179 613 2205 τὸν
625 2179 655 2205 δὲ
678 2177 853 2214 τιμωροῦντα
868 2178 953 2214 αὐτὴν

959 1560 981 1590 C

989 238 1035 273 qui
1056 244 1105 272 per
1120 235 1206 264 Deum
1222 233 1308 268 jurat.
1335 232 1516 268 periclitatur.
1539 230 1612 258 Satis
1628 229 1701 257 enim
1722 228 1784 263 jus-

987 282 1135 318 jurandum
1152 281 1237 309 Deum
1258 280 1377 307 ultorem
1400 278 1493 309 habet,
1514 277 1537 305 si
1553 283 1601 309 per
1620 275 1697 302 illum
1714 282 1785 309 prae-

989 331 1084 358 stitum
1103 330 1149 357 sit.
1172 327 1250 361 Quod
1267 327 1290 355 si
1312 325 1399 363 [quis]
1417 333 1466 361 per
1493 323 1645 360 principem
1663 322 1783 357 quodam

990 376 1082 404 calore
1104 375 1248 409 iuraverit,
1267 374 1441 401 connivetur.
1466 369 1661 397 Animadverte
1686 367 1781 403 igitur,

990 423 1062 458 quod
1088 421 1196 450 tametsi
1215 428 1276 456 cap.
1294 418 1386 457 [illud]
1411 417 1489 453 prius
1513 416 1639 444 haberet.
1655 421 1718 442 eum
1734 413 1782 448 qui

990 470 1082 498 cal0re
1096 468 1216 504 quodam
1233 475 1282 503 per
1305 466 1468 502 principem,
1494 463 1552 492 sive
1575 469 1624 497 per
1648 460 1783 496 principis

991 524 1091 544 nomen
1115 516 1247 552 iurasset,
1280 521 1335 542 non
1362 511 1448 540 teneri
1475 509 1627 546 maiestatis
1655 507 1783 537 crimine.

992 570 1079 597 neque
1092 551 1182 597 puniri
1201 570 1207 589 :
1224 560 1308 588 Basil.
1324 558 1490 586 architectus
1511 555 1626 584 omnino
1640 551 1785 581 eonuiveri

991 609 1100 637 dixerit.
1116 608 1169 641 Qui
1184 615 1249 635 vero
1270 613 1324 633 non
1352 604 1442 633 calore
1464 601 1608 639 [quodam]
1633 598 1783 635 peierarit,

993 655 1090 692 [hunc]
1106 654 1230 690 fustigari
1256 653 1354 680 dicas:
1379 649 1486 687 [idque]
1511 647 1664 676 secundum
1691 646 1783 672 thema

993 690 1093 730 ultnli’)
1110 709 1171 736 cap.
1185 699 1312 735 ejusdem
1335 697 1377 725 tit.
1395 701 1422 724 et
1439 696 1500 728 lib.,
1526 694 1598 730 quod
1620 693 1661 721 sic
1681 690 1782 719 habet:

991 749 1043 783 Qui
1057 749 1084 776 in
1103 755 1132 776 re
1154 746 1313 782 pecuniaria
1338 743 1392 781 [se]
1417 750 1471 770 non
1495 741 1605 772 debere,
1633 743 1682 766 aut
1705 736 1783 774 [sibi]

990 795 1083 824 deberi
1099 801 1145 829 per
1161 792 1313 829 principem
1332 788 1479 826 iuraverit,
1495 791 1523 815 et
1537 785 1702 822 pejeraverit
1716 793 1723 811 :
1741 784 1785 810 vel

995 842 1065 869 intra
1079 845 1185 868 certum
1200 843 1308 873 tempus
1325 835 1378 873 [se]
1394 836 1533 866 daturum,
1556 832 1624 870 [nec
1647 831 1743 859 fecerit
1759 829 1784 866 :]

992 888 1148 923 instigatur.
1173 885 1259 914 Porro
1273 892 1334 920 qua:
1355 886 1389 912 de
1408 890 1441 910 eo
1464 881 1537 918 quod
1552 880 1679 916 periurus
1696 878 1785 905 Deum

993 936 1111 963 ultorem
1128 933 1237 964 habeat,
1253 932 1282 959 in
1299 931 1370 959 dicto
1394 929 1429 956 Η
1450 936 1510 963 cap.
1532 927 1634 962 scripta
1650 929 1724 956 sunt,
1743 925 1786 951 in-

991 980 1177 1015 tcrpretabere
1201 977 1352 1006 secundum
1374 975 1503 1011 superius
1519 981 1534 1001 a
1554 972 1635 1000 nobis
1652 971 1786 1006 scriptum

991 1033 1122 1061 magnum
1136 1024 1285 1055 scholium,
1302 1029 1335 1050 ac
1350 1021 1435 1053 dices,
1454 1019 1528 1055 quod
1551 1016 1707 1046 istiusmodi
1725 1016 1787 1051 jus-

990 1060 1139 1106 jurandum
1155 1068 1189 1095 sit
1206 1066 1277 1103 [aut]
1296 1064 1495 1094 voluntarium,
1523 1066 1571 1090 aut
1585 1060 1784 1088 necessarium.

990 1116 1058 1144 Nam
1079 1115 1126 1151 qui
1142 1115 1169 1142 in
1190 1112 1353 1149 jusjurando
1376 1118 1431 1138 non
1458 1110 1504 1137 tali
1529 1109 1643 1145 peierat,
1668 1107 1787 1142 graviter

991 1162 1114 1198 punitur.
1161 1160 1299 1193 Quorsum
1328 1164 1436 1192 quaeras
1466 1155 1497 1182 81
1534 1161 1666 1182 canonem
1693 1151 1786 1179 Basilii

992 1197 1093 1241 Magni,
1125 1210 1154 1233 et
1180 1213 1240 1240 cap.
1258 1204 1308 1231 ult.
1332 1203 1374 1230 tit.
1393 1202 1428 1229 as
1446 1201 1491 1228 lib.
1512 1208 1564 1232 1.x;
1579 1204 1607 1227 et
1630 1206 1690 1233 cap.
1708 1197 1725 1224 ι
1744 1198 1785 1224 in.

992 1252 1027 1280 5O
1041 1251 1163 1286 ejusdem
1175 1249 1236 1280 lib..
1252 1256 1284 1276 ac
1296 1246 1491 1282 interpreteris,
1508 1243 1741 1279 quemadmodum
1758 1242 1786 1268 in

992 1299 1067 1326 dicto
1089 1297 1194 1325 scholio
1214 1295 1347 1327 diximus,
1371 1301 1419 1321 eos
1441 1292 1489 1326 qui
1509 1292 1601 1319 calore
1624 1287 1787 1325 [quodam].

993 1350 1020 1372 et
1038 1344 1084 1379 qui
1104 1343 1180 1370 nullo
1196 1341 1329 1376 pejerant,
1350 1339 1403 1366 alio
1417 1342 1500 1373 atque
1518 1337 1572 1364 alio
1587 1335 1677 1370 puniri
1693 1334 1786 1361 modo.

992 1392 1088 1420 Const.
1117 1390 1135 1417 2
1157 1390 1197 1416 tit.
1226 1388 1243 1415 8
1262 1388 1310 1414 lib.
1332 1395 1359 1414 ix
1385 1385 1510 1413 Cod.est
1530 1391 1590 1418 cap.
1617 1383 1651 1410 15
1685 1382 1726 1409 tit.
1753 1381 1788 1408 56

994 1439 1040 1465 lib.
1058 1445 1102 1469 ex.
1118 1436 1190 1471 quod
1205 1435 1297 1465 habet.
1310 1439 1340 1461 ut
1355 1433 1382 1460 in
1399 1436 1473 1460 textu
1488 1432 1622 1465 scriptum
1640 1432 1693 1457 est.
1709 1428 1790 1455 Dicas

995 1485 1086 1519 itaque
1099 1483 1133 1511 de
1149 1483 1213 1514 hoc,
1229 1481 1302 1517 quod
1320 1481 1343 1508 si
1366 1480 1458 1507 calore
1480 1476 1625 1515 [quodam]
1642 1474 1788 1511 iuraverit,

997 1539 1051 1558 non
1073 1532 1197 1556 teneatur
1215 1537 1221 1554 :
1245 1527 1268 1555 si
1294 1526 1368 1553 nullo
1394 1529 1530 1556 teneatur,
1557 1527 1587 1550 ut
1603 1520 1731 1556 superius
1748 1519 1796 1546 di~

997 1583 1070 1606 ctum
1085 1579 1137 1603 est.
1154 1575 1255 1610 Digest.
1279 1573 1295 1599 7
1318 1573 1360 1600 tit.
1390 1571 1423 1598 H
1453 1570 1502 1598 lib.
1529 1577 1549 1596 ιι
1568 1568 1628 1603 Dig.
1644 1572 1687 1595 est
1699 1567 1791 1593 thema

998 1623 1032 1650 15
1051 1622 1118 1650 ιὶι.1
1136 1621 1182 1648 lib.
1209 1628 1237 1648 χι
1262 1619 1358 1651 Basil.,
1371 1618 1444 1653 quod
1458 1617 1500 1644 sic
1519 1616 1611 1648 habet,
1631 1619 1662 1641 ut
1675 1614 1702 1640 in
1716 1618 1792 1640 textu

999 1668 1131 1702 scriptum
1145 1671 1196 1694 est.
1214 1666 1295 1693 Dicas
1313 1665 1396 1699 igitur
1418 1663 1454 1690 ob
1472 1661 1626 1689 istiusmodi
1648 1659 1793 1694 jusjuran-

1000 1716 1064 1742 dum
1087 1714 1225 1741 neminem
1251 1711 1356 1747 puniri,
1388 1715 1419 1737 ut
1445 1708 1587 1744 perjurum
1613 1716 1620 1734 :
1648 1709 1794 1740 propterea

1000 1759 1073 1796 quod
1089 1759 1115 1786 id
1133 1758 1265 1786 adversus
1285 1757 1357 1791 leges
1376 1755 1528 1790 praestitum
1541 1759 1613 1785 esse,
1635 1759 1686 1779 nec
1705 1749 1795 1778 subsi-

1001 1811 1084 1838 stere,
1097 1804 1275 1832 manifestum
1298 1803 1333 1830 sit
1350 1812 1356 1830 :
1381 1806 1464 1836 atque
1485 1806 1617 1834 tanquam
1643 1798 1795 1834 praestitum

1001 1861 1054 1880 non
1077 1855 1161 1884 esset,
1180 1853 1333 1885 reputetur.
1354 1846 1468 1875 Novella
1510 1844 1683 1880 imperatoris
1709 1843 1796 1871 Justi-

1001 1898 1077 1926 niani
1096 1898 1143 1930 5i,
1159 1904 1221 1931 qua
1245 1903 1328 1923 omne
1352 1894 1518 1922 lenocinium
1544 1891 1681 1927 prohibet,
1705 1889 1796 1925 posita

1002 1951 1043 1973 est
1061 1945 1088 1972 in
1102 1945 1144 1972 tit.
1160 1945 1195 1971 58
1217 1943 1264 1970 lib.
1284 1942 1367 1970 Basil.
1384 1949 1430 1968 LX.
1445 1940 1494 1967 Est
1520 1944 1610 1966 autent
1628 1938 1656 1965 in
1672 1937 1726 1964 ﬁne
1753 1936 1795 1964 tit.

1003 2000 1063 2026 cap.
1082 1990 1154 2025 quod
1165 1990 1205 2017 sic
1224 1993 1325 2017 sonat:
1346 1989 1375 2014 ln
1395 1986 1516 2014 tabernis
1530 1985 1674 2020 prostituta
1697 1982 1798 2009 mulier

1004 2037 1111 2065 tametsi
1130 2036 1182 2073 [se]
1196 2044 1211 2063 a
1227 2034 1408 2063 fornicatione
1421 2040 1475 2060 non
1494 2037 1665 2059 recessuram
1686 2029 1797 2064 jurarit,

1003 2084 1131 2119 datisque
1156 2081 1364 2118 tidejussoribus
1388 2077 1531 2115 [caverit]:
1557 2078 1626 2104 citra
1645 2075 1797 2111 periculum

1003 2130 1122 2158 desistit.
1144 2128 1200 2162 Qui
1215 2136 1280 2156 vero
1301 2125 1456 2164 istiusmodi
1484 2123 1677 2160 ﬁtiejussiones
1698 2129 1799 2156 exege-

1007 2177 1052 2208 rit,
1074 2175 1186 2212 perjurii
1207 2175 1323 2203 crimine
1340 2177 1461 2203 tenetur,
1485 2177 1512 2199 et
1541 2170 1619 2197 denis
1634 2168 1725 2204 pondo
1740 2167 1800 2194 auri

155 2226 200 2252 διᾶι
215 2225 264 2261 τὴν
281 2225 428 2261 ἐπιορκίαν
442 2224 479 2256 ὡς
507 2224 637 2259 ἐπίορκον
662 2223 843 2259 τιμωρεῖσθαι
859 2231 866 2238 ·
883 2212 951 2258 ὅπερ

1007 2221 1148 2248 multatur.
1163 2219 1232 2247 Nota
1251 2219 1333 2252 igitur
1346 2225 1410 2252 cap.
1427 2214 1531 2252 [illud];
1542 2213 1614 2248 quod
1630 2212 1799 2248 pcjerantem

156 2271 213 2298 ἐστι
240 2272 345 2299 καινόν.
361 2272 422 2298 Ἔτι
449 2271 661 2307 σημείωσαιότι
687 2270 815 2305 ἔγκλημά
840 2270 917 2297 ἐστιν
932 2270 950 2305 ὴ

157 2318 298 2354 ἐπιορκία,
313 2318 361 2345 καὶ
374 2317 466 2354 οἴομαι
486 2318 546 2345 τόδε
562 2316 742 2345 πεκουλάτον.

193 2471 320 2497 ΚΕΦΑΛ.
334 2470 385 2498 ιδ’.
404 2486 435 2491 —
455 2469 526 2503 Περὶ
562 2468 622 2496 τῶν
648 2467 822 2503 ὀμνυόντων
845 2468 954 2502 ὅρκους

164 2517 373 2550 Ἑλληνικούς.
392 2523 395 2551 ς
462 2546 464 2548 τ

193 2564 309 2590 Συνόδου
339 2563 424 2598 ἕκτης
448 2562 538 2590 κανὼν
566 2561 617 2596 ιβ’
635 2562 776 2589 Βασιλείου
793 2561 884 2589 κανὼν
896 2561 952 2589 ποῖ.

194 2609 354 2645 Κσίμενον.
373 2610 418 2636 Ἐν
441 2609 482 2644 τῷ
498 2608 517 2635 ε’
545 2608 711 2644 διατάγματι
735 2608 782 2635 τοῦ
800 2607 822 2643 β’
838 2608 891 2635 τίτ.
906 2607 953 2635 τοῦ

160 2655 193 2690 ιβ’
223 2656 326 2691 βιϐλίου
344 2655 437 2690 φησὶν,
451 2664 479 2682 κ.
494 2664 520 2682 τ.
537 2654 575 2688 λ.,
593 2662 679 2689 usque
691 2654 725 2681 ad
737 2653 847 2690 ὀμοθεὶς
872 2654 954 2689 ὅρκος

158 2703 189 2729 οὐ
208 2703 381 2737 φυλάττεται.
400 2702 489 2738 Supra
504 2709 566 2737 pag.
585 2701 648 2734 Ml,
664 2701 727 2729 442.

1006 2266 1147 2293 mulierem
1165 2273 1218 2292 non
1238 2263 1340 2299 puniri,
1360 2263 1407 2291 sed
1435 2269 1498 2289 eum
1513 2260 1560 2296 qui
1585 2259 1659 2286 illam
1688 2262 1800 2294 propter

1004 2313 1156 2348 perjurium
1181 2312 1302 2344 alilictat,
1319 2316 1448 2345 tanquam
1470 2307 1612 2343 periurum
1633 2306 1722 2341 puniri
1748 2305 1800 2332 do-

1005 2364 1065 2387 cet.
1083 2359 1157 2394 quod
1183 2366 1283 2386 novum
1307 2361 1358 2385 est.
1376 2357 1442 2383 item
1459 2360 1534 2388 nota,
1551 2353 1625 2389 quod
1648 2353 1801 2388 perjuriuut
1852 2373 1858 2378 .

1005 2406 1111 2433 crimen
1128 2405 1174 2438 sit,
1190 2408 1216 2432 et
1232 2403 1366 2441 [quidem,
1383 2401 1424 2438 ut]
1441 2401 1572 2434 arbitror,
1589 2399 1743 2436 peculatus.

1042 2469 1118 2498 CAP.
1145 2469 1262 2497 XIX.——
1284 2469 1323 2497 De
1343 2469 1377 2496 iis
1403 2469 1449 2503 qui
1468 2467 1588 2503 profana:
1607 2465 1802 2501 superstitionis

1007 2517 1196 2551 1nxjurandum
1212 2516 1319 2552 jurant.

1041 2563 1156 2591 Concilii
1177 2571 1203 2591 vx
1235 2570 1322 2591 canon
1348 2562 1401 2595 θὶς
1418 2561 1500 2589 Basil.
1518 2568 1607 2589 canon
1622 2560 1668 2588 8l.

1044 2608 1152 2636 Textus.
1166 2607 1195 2635 in
1214 2609 1312 2644 digest.
1327 2607 1344 2636 5
1357 2609 1400 2634 tit.
1415 2607 1433 2634 2
1451 2607 1498 2635 lib.
1516 2615 1565 2639 xtl,
1593 2611 1645 2634 etc.
1671 2614 1754 2641 usque
1768 2607 1803 2633 ad

1007 2662 1061 2682 non
1073 2658 1208 2685 servatur,
1221 2658 1250 2680 tu
1263 2660 1326 2690 pag.
1341 2652 1404 2685 Ml,
1416 2651 1481 2679 442.

196 2759 342 2787 Sclwlium.
369 2759 471 2796 Digest.
502 2759 520 2786 5
555 2758 596 2785 tit.
632 2757 650 2784 2
679 2757 727 2785 lib.
764 2766 801 2785 ιιι
828 2758 886 2794 Dig.
911 2762 953 2786 est
977 2764 1038 2792 cap.
1057 2757 1084 2789 5,
1105 2757 1135 2784 il
1157 2761 1184 2785 et
1204 2757 1225 2784 5
1246 2756 1287 2784 tit.
1304 2757 1322 2784 5
1344 2756 1391 2784 lib.
1409 2764 1470 2783 xxu,
1495 2755 1591 2787 Basil.,
1617 2754 1690 2790 quod
1708 2754 1804 2783 eadem

161 2808 237 2835 dicit.

200 2864 325 2892 ΚΕΦΑΑ.
342 2863 383 2893 κ’.
400 2879 434 2884 -—
449 2863 517 2898 Περὶ
546 2862 743 2896 ἀποστατῶν,
770 2863 818 2890 καὶ
845 2862 954 2894 θυτῶν,

1047 2862 1124 2892 CAP.
1141 2861 1199 2890 XX.
1214 2862 1296 2890 —Dc
1312 2861 1453 2897 apostolis,
1469 2860 1690 2893 inmmlatoribus,
1708 2862 1804 2896 plagis,
