1951 3048
120 154 188 187 1209

529 154 773 185 NOMOCANUN.
794 166 824 171 -
848 153 924 183 TIT.
944 153 1030 189 XIII,
1050 153 1131 183 CAP.
1150 151 1342 184 ΧΧιινΧΧν.

1696 151 1766 184 1210

117 211 150 243 ζ’,
167 211 236 237 διάτ.
255 209 288 245 β’,
299 210 353 237 τῶν
373 209 402 237 δὲ
412 209 567 251 Βασιλικῶν
580 209 728 244 βιϐλίονκδ
738 209 791 235 τίτ.
806 207 840 243 β.¹
851 217 904 242 κεφ

972 215 1084 235 uxorem
1116 215 1196 236 suam
1217 208 1347 236 fornicari
1373 207 1464 236 sciens
1488 212 1571 242 tacet,
1599 208 1764 238 lenocinium

119 256 249 288 ιδ’,οΰτως
262 256 484 292 ἔχοντικατὰτὰς
494 256 629 292 ἀρχὰς,”0
641 255 718 287 εἰδὼς
733 254 914 290 πορνεύεσθαι

116 303 164 338 τὴν
182 302 265 329 αὑτοῦ
285 303 412 336 γυναῖκα,
433 302 481 329 καὶ
496 302 607 329 σιωπῶν
622 300 819 337 πορνοϐοσκίαν
830 301 912 327 ποιεῖ.

151 349 277 375 ΚΕΦΑᾹ.
295 349 359 375 KB’.
378 363 413 368 ——
436 348 506 382 Περὶ
533 346 661 382 θεωριῶν
677 346 727 374 καὶ
753 346 911 380 παιγνίων.

151 395 264 421 Συνόδου
289 394 486 430 Καροαγέννης
512 393 605 421 κανὼν
634 396 675 425 ιε’,
699 391 731 424 ξ’,
761 391 819 425 Ea."
847 400 912 418 συν-

115 441 174 468 όδου
190 439 217 473 ς’
234 440 325 467 κανὼν
339 439 390 474 ναί,
409 441 460 476 νβ’,
481 440 531 474 ξβ¹,
549 439 597 473 ξε’,
615 443 666 472 οα⁹,
685 438 743 473 ις’,
756 437 789 474 ρ’.

150 487 304 522 Κείμενον.
319 486 382 518 Πῶς
413 486 448 512 τὰ
463 485 581 521 ϐεώρεια
609 484 761 515 τελοῦνται,
782 483 829 510 καὶ
852 483 912 514 πῶς

114 533 218 567 γίνεται
231 533 248 568 ἡ
262 533 370 567 δαπάνη
383 531 484 565 αὐτῶν,
502 541 529 558 κ.
545 541 571 559 τ.
583 531 620 563 λ..
637 538 725 565 usque
737 530 771 558 ad
785 529 835 565 τὴν
847 528 912 556 θέαν

114 579 167 604 τῶν
187 578 360 613 μονομάχιον.

148 625 287 659 Σχόλιον.
306 625 335 651 '0
351 623 396 659 μα’
408 623 496 655 τίτλος
517 623 564 650 τοῦ
581 622 615 650 ια’
633 622 737 658 βιϐλίου
753 622 802 649 τοῦ
828 621 911 649 κώδι-

113 680 170 701 κος.
184 671 241 697 ἐστι
254 671 344 701 τίτλος
370 671 408 703 λζ’
430 671 477 697 τοῦ
497 670 534 697 νδ⁴
557 669 660 705 βιϐλίου
674 670 727 696 τῶν
744 667 909 700 Βασιλικῶν,

113 719 159 743 καὶ
177 717 299 753 ἐδηλώθη
325 718 360 744 τὰ
388 718 454 752 περὶ
473 716 569 743 τούτου
593 715 716 743 ὄπισθεν.
741 715 770 742 'U
785 716 841 755 μὲν
856 715 909 743 τίτ.

113 763 159 789 τοῦ
182 762 264 789 αὑτοῦ
282 762 385 797 βιϐλίου
401 764 490 789 κεῖται
511 763 552 793 είς
567 764 619 789 τίτ.
635 761 677 797 λη’
705 761 752 788 τοῦ
780 761 910 796 ῥηθέντος

112 808 146 834 νδ’
160 808 263 842 βιϐλίου
279 808 333 834 τῶν
351 808 520 835 Βασιλικῶν·
536 808 607 843 πλὴν
627 808 662 834 τὰ
680 807 776 834 τούτου
793 816 857 841 κεφ.
869 809 910 839 είς

112 855 144 881 τὰ
157 854 285 890 βκσιλικὰ
298 855 347 880 οὐκ
358 855 501 889 ἐτέθησαν.
517 854 585 881 Οὐδὲ
602 855 616 880 ὁ
632 853 672 888 μδ¹
683 854 736 881 τὶτ.
752 854 813 880 οὐδὲ
833 855 847 880 ὁ
866 857 907 888 με’

967 253 1042 281 facit.

983 346 1060 373 CAP.
1080 345 1259 375 XXII.—De
1278 348 1452 382 spectaculis,
1472 346 1500 375 el
1520 350 1597 377 rebus
1620 349 1742 378 ludicris.

999 392 1115 420 Ceiwilii
1135 393 1362 428 Carthaginiensis
1386 401 1475 421 canon
1500 395 1543 425 I5.
1560 395 1604 427 60,
1620 395 1671 430 (il;
1696 403 1764 424 con-

964 437 1020 465 cilii
1033 446 1058 465 VI
1077 446 1165 466 canon
1181 439 1225 471 Si,
1242 440 1287 473 5‘2,
1301 440 1346 472 6?,
1361 439 1406 471 65,
1421 439 1467 471 71,
1481 439 1526 468 96.
1543 440 1606 468 105,

1001 484 1110 512 Tutus.
1119 485 1262 518 Quomodo
1275 487 1444 521 spectacula,
1457 490 1508 514 etc.
1521 495 1603 522 usque
1615 488 1650 515 ad
1660 488 1763 524 gladia-

964 535 1065 564 torum,
1081 537 1108 558 ut
1121 540 1184 567 pag.
1203 531 1266 559 958.
1757 539 1760 543 ‘

997 623 1143 651 Scholium.
1164 625 1219 653 Tit.
1237 625 1269 652 41
1286 625 1333 652 lib;
1346 633 1365 653 ιι
1385 625 1451 654 Cod.
1464 631 1504 654 est
1520 627 1562 654 tit.
1585 626 1621 654 57
1643 627 1690 655 lib.
1716 636 1760 656 Liv

962 669 1045 698 Basil.
1064 679 1097 698 ac
1111 671 1269 699 declaratus
1286 676 1329 699 est
1344 672 1483 707 superius.
1500 672 1558 700 Tit.
1574 672 1620 706 42,
1636 673 1760 708 ejusdem

962 716 999 743 lib
1027 720 1068 743 est
1083 716 1110 743 in
1135 716 1177 744 tit.
1194 717 1239 750 58,
1257 717 1324 745 dicti
1343 717 1388 750 54,
1404 717 1452 745 lib.
1467 717 1562 750 Basil.;
1579 726 1674 746 verum
1701 718 1761 754 ejus

960 769 1020 797 cap.
1040 770 1093 789 non
1111 767 1177 790 sunt
1188 762 1279 797 posita
1294 764 1321 789 in
1338 762 1422 790 Basil.
1440 762 1533 798 Neque
1552 762 1644 799 [vero]
1656 763 1700 790 tit.
1713 763 1759 796 Μ,

960 816 1051 842 neque
1064 809 1110 841 45,
1126 816 1216 843 neque
1234 809 1278 836 46.
1294 808 1349 836 Tit.
1370 814 1461 836 autem
1479 809 1510 836 4i
1543 809 1560 836 5
1586 809 1677 844 priora
1693 816 1754 844 cap.

962 853 1049 888 posita
1061 859 1125 881 sunt
1141 855 1183 889 (ut
1200 855 1304 882 dictum
1321 855 1373 890 est)
1389 856 1416 882 in
1430 857 1473 883 tit.
1490 856 1524 883 57
1556 857 1603 884 lib.
1621 864 1679 889 LIV;
1697 856 1761 883 reli-

111 900 157 926 τοῦ
170 900 199 926 δὲ
217 903 272 935 μα’,
287 900 321 926 τὰ
338 900 387 935 μὲν
406 903 426 925 ε’
447 908 509 933 κεφ.
533 900 568 926 τὰ
592 899 688 935 πρῶτα
719 899 853 935 ἐτέθησαν
869 900 904 930 ὼς

965 907 1015 934 qua
1038 900 1064 926 in
1081 900 1122 927 tit.
1140 900 1175 928 '58
1200 901 1249 928 lib.
1268 909 1303 928 ιχ
1322 901 1405 929 Basil.
1421 910 1484 937 quae
1499 902 1533 930 de
1548 902 1695 930 lenonibus
1710 903 1760 930 do-

109 946 216 979 εἴρηται
228 946 269 976 εἰς
284 945 331 971 τὸν
361 945 400 977 λζ’
411 946 465 973 τίτ,
483 946 530 972 τοῦ
543 945 577 972 νδ¹
596 945 711 980 βιϐλίου.
729 946 770 972 Τὰ
783 946 812 972 δὲ
823 945 906 972 λοιπὰ

110 991 244 1025 ἐτέθησαν
256 991 295 1022 εἰς
322 991 367 1017 τὸν
380 991 422 1026 λη’
439 991 486 1018 τοῦ
512 991 534 1024 ξ’
568 991 672 1026 βιϐλίου
688 991 742 1018 τῶν
754 992 907 1018 Βασιλικῶν

109 1037 174 1070 περὶ
190 1037 385 1072 πορνοϐοσκῶν
412 1037 574 1064 διδάσκοντα
591 1038 638 1065 καὶ
659 1038 906 1074 παρακελευόμενα

108 1081 316 1116 ὲλευοεροῦσΘαι
345 1083 388 1109 διὰ
415 1082 464 1109 τοῦ
488 1083 558 1110 κατὰ
571 1083 664 1118 χώραν
677 1083 829 1110 ἐπισκόπου
842 1085 908 1116 τοὺς

108 1127 348 1162 ἀναγκαζομένους
375 1129 485 1160 δούλους
513 1129 626 1163 ποιῆσαί
655 1137 682 1155 τι
709 1129 833 1164 αίσχρόν.
850 1131 905 1157 Καὶ

960 952 1033 977 cent.
1060 954 1092 973 ac
1108 946 1217 982 iubent,
1235 951 1265 974 ut
1278 948 1325 982 qui
1350 948 1421 975 servi
1443 953 1522 983 turpe
1544 949 1647 983 aliquid
1668 948 1761 976 facere

960 996 1105 1026 coguntur,
1133 1000 1147 1020 a
1175 993 1295 1028 regionis
1322 994 1451 1029 episcopo
1480 995 1640 1022 liberentur.
1670 994 1758 1028 Quem

963 1040 1006 1066 tit.
1025 1044 1110 1066 totum
1127 1040 1195 1074 lege.
1210 1045 1237 1067 et
1255 1039 1391 1076 [insuper]
1406 1048 1467 1074 qua:
1483 1041 1509 1068 in
1525 1048 1557 1068 c0
1569 1046 1610 1068 est
1625 1040 1758 1068 Justinia-

963 1094 1012 1112 nea
1037 1086 1155 1117 novella,
1179 1094 1240 1121 quzc
1266 1087 1394 1114 lenocinii
1422 1087 1584 1114 exercitium
1610 1091 1638 1114 et
1660 1095 1757 1122 quem-

958 1139 1069 1165 cunque
1082 1131 1209 1159 lenonem
1226 1133 1345 1167 graviter
1360 1133 1448 1168 punit.

107 1175 243 1209 ἀνάγνωθι
257 1176 304 1202 τὸν
332 1176 392 1203 ὅλον
405 1177 505 1209 τετλον,
518 1177 564 1203 καὶ
583 1177 633 1210 τὴν
653 1179 682 1203 ὲν
696 1178 771 1213 αὐτῷ
793 1177 1008 1206 Ὶουστινιανείου
1043 1180 1145 1215 νεαρᾶς
1172 1180 1342 1212 κολάζουσαν
1373 1180 1501 1216 μεγάλως
1523 1180 1555 1206 τδ
1566 1180 1617 1216 τῆς
1628 1180 1757 1215 πορνείας

109 1222 288 1257 ἐπιτήδευμα,
301 1223 348 1249 καὶ
361 1223 449 1250 πάντα
464 1223 658 1258 πορνοϐοσκόν.

145 1268 268 1294 ΚΕΦΑΛ.
292 1269 355 1295 Kl".
371 1283 406 1288 —
424 1269 492 1303 Περὶ
509 1269 659 1300 κλεπτῶν.
678 1269 728 1296 καὶ
749 1271 907 1305 τυμϐωρύο

107 1322 178 1348 χων,
193 1314 243 1339 καὶ.
255 1313 380 1347 λῃστῶν
397 1315 445 1341 καὶ
466 1316 642 1347 ἱεροσύλων.

143 1361 282 1386 Βασιλεὶου
295 1361 387 1387 κανὼν
412 1359 461 1392 ξα¹,
477 1361 519 1393 ξς¹
531 1368 538 1376 '
555 1361 706 1396 Γρηγορίου
725 1361 837 1395 Νύσσης
852 1370 904 1388 κα-

107 1406 159 1432 νὼν
174 1406 207 1438 ζ’,
223 1409 258 1441 η’,
275 1406 313 1432 θ’·
333 1407 470 1440 ἀνάγνωθι
481 1408 516 1433 τὰ
527 1408 746 1442 παραγραφέντα
765 1408 794 1434 ὲν
809 1407 849 1442 τῷ
862 1408 904 1440 κζ’

107 1461 168 1486 κεφ.
182 1451 229 1478 τοῦ
241 1451 263 1478 θ’
275 1452 326 1479 τίτ.
342 1453 390 1479 τοῦ
406 1453 540 1488 παρόντος
553 1453 753 1488 συντάγματος.

143 1498 295 1532 Κείμενον.
308 1499 375 1533 Περὶ
388 1499 417 1525 δὲ
429 1499 536 1535 λῃστῶν
545 1499 652 1534 εἴρηται
664 1500 761 1536 βιϐλίῳ
770 1500 827 1536 μη’,
844 1502 899 1529 τίτ.

107 1544 149 1575 tO',
165 1545 235 1570 διὰτ.
254 1547 307 1580 κη’,
325 1553 353 1571 κ.
369 1553 394 1573 τ.
411 1545 436 1572 λ.
451 1553 541 1581 usque
556 1547 601 1577 ad,
617 1546 721 1578 δούλοις
745 1548 900 1584 ἀναιρεῖται
916 1563 938 1593 c

106 1591 121 1626 ἡ
135 1590 286 1626 ἐλευθερία.

141 1637 283 1671 Σχόλιον.
300 1637 337 1664 Τὸ
353 1637 395 1672 κη’
407 1638 478 1666 διάτ.
490 1639 536 1665 τοῦ
555 1638 588 1666 ιϐ’
599 1640 651 1668 τίτ.
667 1641 715 1667 τοῦ
734 1640 780 1677 μη¹
795 1641 901 1676 βιϐλίου

103 1683 157 1708 τῦν
172 1683 242 1710 διάτ.
256 1683 314 1710 ἐστι
325 1684 397 1719 θέμα
417 1688 444 1717 ι’,
461 1685 508 1712 τοῦ
526 1685 569 1722 κη’
587 1695 650 1722 κεφ.
663 1687 711 1714 τοῦ
735 1687 776 1715 va.’
788 1688 841 1715 τίτ.
854 1687 903 1715 τοῦ

106 1729 126 1761 ξ’
142 1729 259 1763 βιϐλίου,
278 1731 312 1757 τὰ
332 1731 404 1757 αὐτὰ
417 1731 497 1766 λέγον
512 1733 562 1759 ὅσα
574 1735 614 1765 εἰς
627 1733 657 1760 τὺ
674 1735 800 1769 κείμενον
817 1735 902 1771 ἐγρά-

104 1785 203 1810 φησαν.
227 1777 259 1804 Ἦ
280 1778 302 1813 β’
317 1778 388 1806 διάτ.
419 1779 468 1806 τοῦ
493 1783 528 1812 ιη’
546 1780 599 1807 τίτ.
624 1780 671 1808 τοῦ
696 1780 720 1814 ζ’
740 1781 843 1816 βιϐλίου
855 1782 901 1809 τοῦ

101 1822 230 1855 κῦδικος,
258 1824 317 1851 ἔστι
334 1834 397 1860 κεφ.
419 1829 447 1860 γ’
475 1826 559 1853 τοῦθ’
584 1827 638 1854 τίτ.
654 1827 701 1854 τοῦ
729 1827 774 1864 μη¹
798 1828 902 1864 βιϐλίου

102 1867 158 1892 τῶν
175 1867 329 1896 Βασιλικῶν
345 1870 433 1901 οὕτως
447 1871 520 1906 ἔχον,
535 1871 573 1902 ὡς
587 1873 628 1904 είς
647 1872 679 1899 τὸ
694 1873 821 1908 κείμενον
837 1883 901 1901 συν-

102 1913 221 1948 ωῷίαθη.
241 1914 310 1950 Περὶ
339 1915 367 1941 δὲ
393 1916 449 1942 τῶν
462 1916 653 1951 ψηλαφώντων
674 1918 762 1953 θήκας
773 1919 901 1954 τελευτη-

103 1959 211 1985 σάντων
221 1959 300 1995 χάριν
315 1959 363 1986 τοῦ
389 1961 592 1997 ἐναποωλῆσαι
605 1962 639 1989 τὰ
657 1964 689 1989 ἐν
699 1963 816 1995 τούτοις,
834 1964 902 1991 ἀνά-

101 2005 188 2038 γνωθι
207 2007 257 2041 τὴν
274 2008 323 2040 Lg,"
337 2007 438 2043 νεαρὰν
453 2007 500 2034 τοῦ
516 2008 649 2044 βασιλέως
667 2010 763 2045 κυρίου
785 2010 901 2043 Λέοντος

101 2051 186 2077 αὑτοῦ
205 2052 288 2087 σοφοῦ
316 2053 503 2089 διοριζομένου
517 2056 582 2086 τοὺς
604 2055 679 2088 ἅπαξ
698 2056 748 2090 μὲν
769 2057 810 2086 εἷς
820 2056 901 2084 τοῦτο

102 2097 218 2128 ἁλόντας
235 2099 402 2135 συγγνώμης
432 2101 589 2136 τυγχάνειν,
613 2103 677 2133 τοὺς
700 2101 728 2128 δὲ
742 2101 901 2137 τολμῶντας

101 2144 152 2170 καὶ.
163 2141 242 2175 αὖθις
258 2144 288 2170 τὸ
301 2146 386 2172 κακὸν
415 2147 632 2182 σωφρονίζεσθαι
655 2147 699 2174 διὰ
720 2147 900 2182 μαγκλαϐίων

100 2191 151 2217 καὶ
162 2192 274 2226 κουρᾶς.
304 2192 403 2226 Οίομαι
427 2192 455 2219 δὲ
475 2193 513 2220 τὰ
536 2194 586 2228 τῆς
605 2194 734 2229 τοιαύτης
749 2195 850 2230 νεαρᾶς
862 2194 899 2230 μὴ

992 1273 1070 1301 CAP.
1093 1274 1188 1302 XXIII.
1205 1290 1241 1295 —
1256 1275 1292 1302 De
1309 1275 1424 1310 furibus,
1443 1275 1625 1311 sepulcrorum
1643 1275 1757 1302 violato-

956 1319 1040 1350 ribus,
1058 1320 1206 1349 latronibus
1222 1327 1247 1348 et
1262 1322 1409 1357 sacrilegis.

993 1365 1084 1393 Basilii
1120 1374 1207 1394 canon
1237 1369 1289 1400 61,
1320 1368 1374 1400 66;
1403 1368 1527 1404 Gregorii
1560 1368 1676 1404 Nysseni
1703 1375 1750 1394 ca«

955 1419 1009 1438 non
1024 1413 1052 1442 7.
1071 1415 1097 1445 8,
1115 1413 1138 1440 9.
1167 1413 1238 1449 Lege
1252 1422 1313 1449 qua:
1343 1415 1472 1442 adnotata
1508 1420 1571 1442 sunt
1590 1416 1615 1441 in
1634 1422 1694 1450 cap.
1708 1413 1754 1444 ‘27,

955 1457 996 1484 tit.
1016 1458 1032 1485 9
1050 1460 1193 1493 praesentis
1210 1461 1309 1495 operis.

992 1503 1102 1531 Talus.
1119 1505 1154 1532 De
1170 1507 1323 1534 latronibus
1337 1507 1450 1540 dicitur,
1465 1512 1518 1534 etc.
1535 1516 1617 1543 usque
1630 1506 1756 1534 adliber-

955 1553 1049 1582 latent,
1065 1556 1092 1578 ut
1107 1560 1169 1586 pag.
1183 1552 1248 1580 959.

955 1642 973 1675 ε
994 1643 1141 1671 Scltolium.
1162 1643 1267 1680 Digest.
1285 1644 1320 1672 τ’ὶὸ
1344 1645 1386 1673 tit.
1416 1645 1449 1673 l9
1471 1645 1519 1673 lib.
1537 1653 1622 1673 XLVIII
1651 1645 1754 1681 Digest.

955 1694 998 1718 est
1015 1691 1105 1717 thema
1121 1690 1153 1717 10
1170 1699 1230 1725 cap.
1250 1690 1295 1723 28,
1314 1691 1354 1718 Iit-
1368 1692 1399 1719 51
1421 1691 1466 1719 lib.
1487 1700 1532 1723 ως,
1562 1692 1634 1727 quod
1656 1692 1751 1720 eadem

955 1736 1033 1768 dicit,
1050 1744 1111 1770 qua:
1139 1737 1166 1763 in
1190 1741 1264 1763 textu
1295 1737 1398 1771 scripta
1420 1743 1494 1765 sunt.
1512 1736 1605 1765 Const.
1621 1737 1639 1764 9.
1656 1738 1696 1764 tit.
1719 1737 1754 1764 l8

955 1781 1003 1809 lib.
1028 1790 1064 1809 vn
1084 1782 1152 1810 Cod.
1186 1788 1229 1810 est
1266 1791 1326 1817 cap.
1350 1783 1367 1810 5
1386 1783 1426 1810 tit.
1443 1783 1459 1810 9
1484 1783 1532 1811 lib.
1559 1791 1643 1810 XLVIII
1666 1782 1752 1810 Basil.

955 1829 1026 1863 quod
1041 1829 1081 1856 sic
1100 1830 1191 1861 liabet,
1209 1835 1239 1856 nt
1253 1830 1278 1856 in
1295 1835 1369 1857 textu
1383 1829 1582 1864 compendiose
1594 1834 1636 1857 est
1652 1837 1750 1864 propo-

955 1875 1050 1902 situm.
1069 1875 1106 1902 De
1126 1876 1160 1903 iis
1177 1884 1241 1903 vero
1258 1876 1303 1909 qui
1322 1882 1493 1904 mortuorum
1515 1883 1614 1911 capsas
1636 1875 1751 1903 investi-

955 1926 1031 1955 gant,
1048 1926 1078 1948 ut
1091 1929 1153 1956 quin
1176 1922 1202 1948 in
1226 1921 1279 1950 illis
1303 1927 1368 1949 sunt
1381 1922 1537 1957 praedentur
1553 1931 1559 1948 :
1577 1921 1635 1956 lege
1656 1920 1750 1948 novel-

956 1966 1010 1993 lam
1031 1967 1205 2001 imperatoris
1229 1968 1323 1994 domni
1344 1968 1444 1995 Leonis
1469 1967 1608 2002 Sapientis
1623 1966 1668 2000 96,
1689 1975 1751 2002 qua:

955 2013 1062 2044 statuit.
1090 2018 1119 2040 ut
1142 2013 1187 2047 qui
1211 2014 1296 2041 semel
1320 2014 1347 2040 in
1377 2014 1429 2040 hoc
1446 2013 1610 2047 deprehensi
1633 2012 1749 2044 fuerint,

954 2058 1062 2085 veniam
1088 2063 1295 2092 consequantur
1319 2066 1326 2084 :
1347 2058 1394 2092 qui
1418 2057 1518 2085 iterum
1543 2057 1570 2084 id
1596 2057 1660 2083 mali
1690 2056 1750 2083 ausi

954 2103 1019 2136 sint,
1039 2103 1115 2130 dorsi
1143 2103 1333 2131 verberatione
1356 2104 1540 2138 tonsioneque
1568 2104 1749 2138 castigentur.

955 2146 1092 2174 Existimo
1120 2153 1210 2175 autem
1240 2148 1312 2176 banc
1341 2148 1476 2176 novellam
1510 2149 1537 2175 in
1560 2148 1750 2183 sepulcrorum

952 2192 1134 2221 violatoribus
1152 2201 1205 2220 non
1225 2194 1328 2221 habere
1342 2195 1447 2221 locum.
1464 2194 1544 2221 Aliud
1561 2194 1634 2221 enim
1649 2198 1691 2220 est
1705 2202 1750 2221 re-

100 2237 173 2271 ἕχειν
190 2238 282 2273 χώραν
295 2240 336 2271 εἰς
346 2239 410 2271 τοὺς
435 2240 654 2275 τυμϐωρύχουςο
675 2240 740 2268 ἄλλο
764 2241 820 2277 γάρ
841 2242 898 2268 ἐστι

965 2239 1052 2273 iquias
1084 2244 1257 2267 mortuorum
1285 2241 1446 2273 transferre,
1476 2244 1502 2267 et
1532 2240 1606 2267 aliud
1637 2239 1748 2267 iurandi

99 2283 131 2309 τὸ
155 2283 313 2317 μεταθεῖναι
336 2285 454 2320 λείψανα
474 2286 649 2320 τεθνεώτων,
679 2287 727 2314 καὶ
752 2286 847 2322 ἕτερον
868 2288 899 2314 τὸ

99 2329 236 2365 κλεπτικῇ
252 2330 370 2358 διαθέσει
385 2332 530 2366 ὑφελέσθαι
546 2342 572 2360 τι
588 2334 620 2359 ὲκ
629 2333 684 2360 τῶν
703 2334 733 2359 ὲν
744 2333 838 2365 αὐτοῖς
852 2333 899 2360 δν-

97 2383 165 2408 των,
181 2376 233 2403 κᾶν
246 2379 474 2414 καταχρηστικῶς
493 2379 540 2405 καὶ
562 2379 641 2406 τοῦτο
656 2379 836 2416 τυμϐωρυχία
852 2380 898 2406 λέ-

97 2430 190 2455 γεται.
209 2423 264 2449 Καὶ
286 2425 424 2458 ἀνάγνωθι
444 2425 474 2451 τὸ
495 2424 536 2457 κζ’
555 2434 619 2460 κεφ.
644 2425 690 2452 τοῦ
707 2424 729 2452 θ’
743 2425 835 2452 τίτλον
850 2425 900 2452 τοῦ

96 2467 234 2501 παρόντος
251 2469 443 2504 συντάγματος
469 2470 535 2506 περὶ
556 2470 587 2496 τὺ
607 2471 684 2502 τέλος
697 2470 824 2498 διδάσκον
834 2471 898 2506 περὶ

98 2515 152 2546 τῆς
166 2514 270 2549 κυρίως
281 2515 487 2552 τυμϐωρυχίας.

135 2559 262 2587 nam.
277 2561 341 2590 KA’.
357 2577 392 2582 —
408 2563 479 2598 Περι
491 2563 604 2599 meam:
626 2564 786 2596 βαλλίᾶ-ἒιν
803 2564 824 2599 ἢ
848 2565 897 2599 ὀρ-

95 2605 218 2640 χεῖσθαι
233 2608 268 2634 ἐν
283 2608 400 2643 γάμοις.

135 2652 251 2681 Συνὸδου
268 2655 429 2688 Λαοδικείας
444 2657 535 2683 κανὼν
552 2661 603 2691 v3".

135 2699 260 2727 ΚΕΦΛᾹ.
276 2701 340 2728 KE’.
353 2717 388 2722 —-
404 2703 473 2737 Περὶ
486 2703 539 2730 τοῦ
557 2703 598 2738 μὴ
618 2705 826 2732 συλλούεσθαι
846 2714 898 2739 τυ-

95 2746 203 2777 ναιεὶν
220 2746 342 2781 ἄνδρας.

136 2791 252 2818 Συνόδου
271 2793 432 2826 Λαοδικείας
449 2794 540 2822 κανὼν
561 2795 583 2821 λ’
596 2804 603 2811 ·
619 2796 728 2822 συνόδου
753 2799 787 2831 ς’.
806 2797 898 2824 κανὼν

95 2837 135 2869 o‘,’
146 2848 152 2853 -
167 2839 303 2873 ἀνάγνωθι
313 2841 346 2867 τὰ
358 2842 574 2877 παραγραφέντα
588 2843 616 2869 ὲν
626 2842 664 2878 τῷ
675 2842 718 2870 λα’
735 2852 797 2878 κεφ.
813 2843 859 2871 τοῦ
875 2842 896 2871 θ’

95 2884 151 2912 τίς.
167 2883 214 2910 τοῦ
230 2885 364 2920 παρόντος
380 2887 579 2922 συντάγματος.

951 2286 1045 2313 animo
1069 2286 1171 2321 aliquid
1196 2294 1290 2314 eorum
1309 2295 1370 2322 qua:
1387 2287 1459 2314 inter
1474 2286 1548 2321 ipsas
1573 2291 1637 2313 sunt
1659 2285 1750 2314 subri-

950 2340 1035 2368 pere:
1052 2333 1162 2360 tametsi
1188 2334 1254 2361 illud
1283 2342 1397 2369 quoque
1421 2334 1611 2369 sepulcrorum
1637 2333 1749 2360 violatio

950 2379 1064 2406 abusive
1087 2379 1204 2406 dicatur.
1225 2379 1311 2414 Lt-gas
1334 2380 1415 2406 etiam
1436 2380 1471 2406 ‘27
1497 2387 1557 2414 cap.
1585 2379 1625 2405 tit.
1642 2378 1659 2406 9
1679 2386 1748 2413 prte-

950 2425 1036 2452 sentis
1064 2426 1168 2460 operis,
1191 2426 1263 2460 quod
1289 2427 1362 2453 circa
1389 2426 1470 2453 linem
1497 2426 1530 2453 de
1557 2425 1746 2460 sepulcrorum

950 2471 1098 2499 violatione
1113 2473 1222 2508 proprie
1237 2473 1327 2501 docet.

985 2565 1062 2592 CAP.
1092 2564 1186 2593 XXIV.
1204 2566 1294 2593 —Ne
1319 2567 1346 2593 in
1375 2566 1474 2600 nuptiis
1503 2566 1538 2592 ad
1568 2566 1746 2592 instrumenta

950 2613 1052 2639 musica
1068 2612 1192 2644 saltatur,
1212 2618 1260 2639 aut
1275 2614 1445 2648 tripudietur.

986 2659 1102 2687 Concilii
1120 2659 1264 2687 Laudiceni
1280 2667 1368 2686 canon
1384 2659 1429 2686 53.

986 2706 1062 2734 CAP.
1085 2705 1169 2733 XXV.
1185 2722 1219 2728 —
1235 2706 1276 2734 Ne
1289 2707 1338 2733 viri
1354 2715 1414 2733 cum
1427 2706 1583 2733 mulieribus
1603 2713 1630 2732 se
1644 2703 1743 2730 lavent.

985 2797 1101 2825 Concilii
1120 2797 1268 2826 Laodiceni
1293 2807 1381 2826 canon
1405 2798 1450 2828 ⁸50,
1474 2795 1582 2824 concilii
1610 2794 1678 2822 sexti
1699 2801 1744 2822 ca-

950 2852 1004 2871 non
1019 2845 1062 2871 73.
1077 2843 1146 2879 Lege
1163 2853 1224 2880 qua:
1243 2846 1372 2874 adnotata
1394 2849 1458 2873 sunt
1481 2843 1507 2871 in
1531 2850 1589 2879 cap.
1606 2841 1651 2876 51,
1668 2841 1709 2869 tit.
1726 2842 1744 2869 9

950 2891 1092 2926 praesentis
1107 2891 1207 2926 operis.
