1951 3048
187 127 254 161 1211

223 185 303 214 CAP.
324 185 420 214 XXVI.
437 202 472 208 -—
488 185 525 214 De
539 186 685 215 imbecillos
699 187 893 215 subsannante.

223 279 416 312 Apostolorum
433 286 521 306 canon
535 279 580 307 57.

223 324 300 352 CAP.
322 324 431 352 XXVII.
444 340 478 345 —-
492 324 534 352 Ne
549 325 673 353 mulieres
688 325 723 352 ad
739 325 824 352 altare
837 325 981 357 introeant,

188 375 214 398 et
238 371 309 405 quod
322 371 385 398 solis
404 372 474 398 sacri
489 371 591 399 ordinis
605 372 756 399 hominibus
771 373 798 399 in
814 372 897 400 altari
909 381 984 400 com-

188 417 325 443 municare
338 416 427 443 liceat.

223 459 340 487 Concilii
358 460 504 488 Laodicenl
522 469 609 489 canon
631 461 678 495 19,
699 461 752 496 44;
779 462 889 490 concilii
909 462 981 490 sexti

188 513 276 533 canon
294 505 337 533 69.

222 550 299 578 CAP.
328 550 449 579 XXVIII.
464 567 500 572 -—
518 552 558 580 Ne
585 561 618 580 ea:
641 553 835 581 contributione
861 554 982 582 convivia

189 597 377 623 instituantur.

225 642 338 669 Coneilii
359 642 507 670 Laudiceni
527 651 615 671 canon
633 644 677 672 55.

224 687 301 715 CAP.
322 687 420 716 XXIX.
433 704 469 709 —
484 689 523 716 De
538 690 570 716 iis
585 690 630 724 qui
647 690 706 718 alea
722 690 827 723 ludunt,
856 696 903 719 aut
928 691 985 718 ine-

192 733 325 761 briantur.

225 777 418 813 Apostolorum
437 787 524 807 canon
542 781 597 813 43;
616 781 724 808 concilii
745 783 814 809 sexti
831 791 919 810 canon
938 783 983 812 50.

226 823 334 852 Textus.
349 824 444 852 Const.
462 826 474 852 1
508 826 550 855 tit.
567 826 603 854 45
629 827 676 854 Itb.
689 835 720 854 ιιι
735 827 792 855 Cod
814 830 869 856 ait:
890 829 941 862 Qui
957 831 984 857 in

190 874 264 897 collo
282 875 336 899 etc.
356 879 437 906 usque
454 872 489 898 ad
505 873 689 907 applicantur.
710 879 740 900 ut
760 882 821 910 pag.
839 875 903 909 962,
919 875 984 903 965.

225 959 370 989 Scholium.
398 962 492 991 Const.
525 964 538 991 1
556 964 608 999 ξιίι.
638 965 674 993 45
706 965 753 994 lib.
784 975 814 995 ιιι
849 968 918 995 Cod.
945 973 988 996 est

191 1013 252 1041 cap.
283 1007 300 1034 5
328 1007 369 1034 tit.
399 1008 416 1036 8
440 1009 488 1037 lib.
513 1009 596 1038 Basil.
616 1019 661 1045 Ls,
682 1013 754 1046 quod
776 1013 817 1041 sic
839 1013 986 1049 loquitur:

190 1052 359 1081 Constitutio
376 1054 454 1082 lusus
472 1056 601 1090 prohibet
625 1067 632 1084 :
654 1065 687 1085 ac
707 1059 830 1094 quinque
852 1061 986 1094 exceptis,

190 1098 322 1132 quasdam
333 1100 415 1127 etiam
429 1108 524 1135 poenas
536 1103 670 1131 adversus
681 1111 729 1131 eos
741 1106 787 1139 qui
803 1104 862 1132 alea
877 1105 986 1138 ludunt,

189 1144 336 1172 constituit
358 1154 365 1172 :
395 1146 523 1181 ιιι-πείθοιο
546 1149 636 1182 urbis,
662 1150 867 1185 provinciarum
894 1151 989 1186 praesi-

190 1188 272 1216 dibus
287 1194 315 1216 et
332 1190 469 1227 episcopis
483 1191 534 1228 [uti
551 1193 620 1230 haec]
635 1194 775 1229 inquirant
789 1200 815 1223 et
828 1196 988 1232 quicunque

189 1235 224 1261 de
244 1235 278 1263 iis
301 1242 460 1266 contractus
494 1239 553 1267 initi
577 1240 643 1274 sint,
667 1245 800 1274 evertant,
829 1242 986 1278 injungcns.

192 1279 232 1306 Ex
248 1282 390 1315 permissis
415 1289 506 1312 autem
525 1285 632 1314 lusibus
657 1288 805 1319 actimtem,
828 1296 988 1324 eorumque

188 1334 250 1360 qute
265 1327 328 1356 inde
353 1326 496 1363 debentur:
514 1332 684 1359 exactionem
705 1333 750 1361 dat
779 1333 830 1370 [Ac
858 1335 987 1371 denique]

193 1374 329 1401 adversus
349 1382 397 1402 eos
413 1377 458 1410 qui
477 1378 702 1406 constitutionem
717 1381 844 1407 temerari
871 1381 989 1415 permit-

188 1424 260 1450 tunt,
272 1420 365 1448 decem
383 1421 513 1450 librarum
526 1425 646 1451 multam
661 1426 817 1453 constituit.
840 1426 958 1454 Constit.
972 1428 989 1454 2

190 1465 232 1491 tit.
261 1465 296 1493 45
316 1466 362 1493 lib.
379 1475 407 1494 Ill
427 1468 493 1496 Cod.
522 1474 564 1497 est
581 1478 641 1505 cap.
656 1471 671 1498 (ὶ
686 1472 728 1499 tit.
748 1471 764 1498 8
782 1472 830 1499 lib.
846 1472 929 1501 Basil.
942 1481 987 1506 ιιι,

772 129 905 161 ΡΗΟΤῙΙ
924 129 1178 161 PATRIARCH/E
1197 131 1253 161 (ΣΡ.

1761 127 1826 162 1212

998 190 1023 218 Α
1075 187 1202 214 ΚΕΦΔΔ.
1221 188 1295 221 KG’.
1312 186 1426 222 -Περὶ
1460 186 1515 215 τοῦ
1540 185 1740 221 χλευάζοντος
1758 186 1827 219 τοὺς

1035 233 1186 266 ἀσθενεῖς.

1077 279 1247 306 ’Λποστόλων
1267 278 1359 306 κανὼν
1370 277 1420 311 νζ¹.

1073 325 1198 352 ΚΕΦΑΛ.
1213 325 1277 352 KZ'.
1289 340 1324 345 —
1337 325 1406 359 Περὶ
1427 324 1482 352 τοῦ
1494 324 1538 359 μὴ
1560 324 1686 352 εἰσιέναι
1702 322 1829 358 γυναῖκα

1034 373 1078 404 εις
1087 372 1316 407 θυσιαστήριον,
1337 372 1388 400 καὶ
1403 372 1447 399 ὅτι
1467 373 1571 406 μόνοις
1591 371 1654 404 τοῖς
1674 369 1827 406 ιερατικοῖς

1034 416 1135 449 ἔξεστι
1151 417 1308 444 κοινωνεῖν
1321 418 1357 445 ἐν
1374 416 1415 450 τῷ
1431 416 1650 450 θυσιαστηρίῳ.

1070 462 1187 488 Συνόδου
1210 463 1374 494 Λαοδικείας
1406 461 1498 490 κανὼν
1527 460 1571 494 ιϐ’,
1590 460 1630 496 μδ¹
1643 469 1650 476 ·
1667 460 1776 487 συνόδου
1800 457 1825 491 ς’

1035 507 1126 534 κανὼν
1143 507 1191 540 ἔθ’.

1072 555 1199 582 ΚΕΦΔΔ.
1216 555 1283 582 κη’.
1294 569 1330 576 --
1343 554 1413 588 Περὶ
1430 553 1483 581 τοῦ
1495 553 1539 589 μὴ
1560 552 1660 580 ποιεῖν
1673 552 1732 580 ἀπὸ
1753 559 1829 586 συμ-

1035 598 1114 634 ϐολῆ
1119 609 1131 632 ς
1145 601 1314 634 συμπόσια.

1070 645 1184 672 Συνόδου
1199 646 1361 678 Λαοδικείας
1378 644 1470 672 κανὼν
1488 644 1536 672 vs’.

1071 693 1198 720 ΚΕΦΔΛ.
1216 693 1280 720 ΚΘ¹.
1295 708 1331 713 --
1347 691 1419 726 Περὶ
1433 692 1624 719 κυϐευόντων
1642 690 1662 725 ἢ
1681 690 1830 725 μεθυσκο-

1033 738 1144 773 μένων.

1078 785 1248 812 Ἀποστόλων
1262 785 1352 813 κανὼν
1365 785 1411 822 μγ¹
1423 794 1430 801 ·
1448 784 1558 812 συνόδου
1571 783 1599 816 ς’
1624 782 1714 810 κανὼν
1734 781 1767 808 ν’.

1072 832 1227 866 Κείμενον.
1259 832 1291 858 'H
1309 836 1334 858 α’
1366 832 1438 859 διάτ.
1467 831 1514 858 τοῦ
1550 829 1595 865 μγ¹
1613 830 1665 856 τίτ.
1682 828 1729 855 τοῦ
1741 827 1764 862 γ’
1777 827 1832 863 βιὸ.

1037 878 1086 904 τοῦ
1109 877 1236 910 κώδικος,
1265 877 1359 912 φησὶν.
1381 885 1410 905 κ.
1430 886 1456 904 τ.
1475 876 1501 904 λ.
1525 882 1615 910 usque
1631 873 1665 901 ad
1688 874 1735 900 καὶ
1751 881 1833 908 προσ-

1041 924 1191 959 κυροῦνται
1218 924 1274 956 τοῖς
1302 923 1394 959 ἔργοις
1423 923 1478 949 τῶν
1506 922 1624 949 πόλεων.

1075 969 1216 1004 Σχόλιον.
1240 968 1275 995 'H
1286 967 1310 995 α’
1331 969 1401 996 διάτ.
1427 968 1477 995 τοῦ
1500 966 1609 1003 μγ¹τίτ.
1628 966 1675 993 τοῦ
1691 965 1714 993 α’
1732 965 1835 1001 βιϐλίου

1039 1015 1085 1042 τοῦ
1102 1016 1228 1047 κώδικος,
1247 1014 1305 1042 ἐστι
1320 1023 1384 1048 κεφ.
1415 1014 1436 1041 ε’
1447 1014 1496 1041 τοῦ
1520 1013 1545 1049 η’
1562 1013 1615 1041 τίτ.
1629 1014 1678 1046 τοῦ
1699 1012 1719 1045 ξ’
1732 1013 1835 1048 βιϐλίου

1038 1062 1093 1089 τῶν
1108 1061 1260 1089 Βασιλικῶν
1277 1061 1348 1088 οὕτω
1357 1061 1446 1096 λέγον,
1468 1061 1500 1087 Ἦ
1513 1060 1584 1087 διάτ.
1602 1059 1703 1087 κωλύει
1716 1059 1757 1092 ζτὰ
1774 1059 1837 1086 παί-

1039 1117 1112 1143 γνια,
1136 1108 1183 1135 καὶ
1200 1107 1220 1134 ε’
1247 1107 1487 1143 ύπεξαιρουμένων
1505 1106 1590 1142 ὁρίζει
1604 1106 1651 1133 καί
1662 1114 1725 1133 τινα
1750 1105 1837 1132 ἐπιτί-

1042 1162 1090 1189 μια
1103 1153 1175 1180 κατὰ
1190 1153 1244 1180 τῶν
1256 1152 1439 1185 κυὸευόντων,
1460 1152 1649 1187 ἐπιτρέπουσα
1662 1151 1701 1186 τῷ
1724 1151 1837 1186 ἐπάρχῳ

1039 1199 1090 1234 τῆς
1107 1199 1212 1231 πόλεως
1227 1200 1274 1226 καὶ
1284 1199 1341 1230 τοῖς
1356 1198 1470 1234 ἄρχουσι
1482 1198 1538 1225 τῶν
1549 1196 1700 1233 ἐπαρχιῶν,
1718 1197 1766 1223 καὶ
1781 1197 1838 1228 τοῖς

1040 1245 1201 1277 ἐπισκόποις
1220 1245 1311 1280 ζητεῖν
1325 1245 1374 1272 καὶ
1397 1244 1514 1271 κωλύειν
1525 1244 1572 1271 καὶ¹
1591 1243 1681 1270 πάντα
1698 1242 1734 1270 τὰ
1745 1244 1775 1270 ὲν
1788 1243 1838 1269 αὐ-

1039 1293 1097 1324 τοῖς
1113 1291 1247 1326 γινόμενα
1264 1291 1480 1326 συναλλάγματα
1500 1290 1680 1326 ἀποτρέπειν.
1693 1290 1791 1316 Δίδωσι
1807 1289 1837 1315 δὲ

1041 1337 1154 1372 ἀγωγὰς
1171 1337 1204 1363 ὲκ
1215 1336 1269 1363 τῶν
1281 1336 1526 1372 ὲπιτετραμμένων
1535 1335 1679 1370 παιγνίων.
1693 1335 1740 1362 καὶ
1753 1334 1837 1362 ἀπαί-

1040 1392 1119 1417 τησιν
1139 1383 1194 1409 τῶν
1224 1383 1352 1410 ἐντεῦθεν
1381 1382 1610 1418 χρεωστηθεισῶν
1639 1382 1705 1408 δέκα
1736 1381 1838 1416 λιτρῶν

1041 1429 1176 1463 ἐπιτίμιον
1193 1429 1322 1464 ὁρίζουσα
1349 1429 1420 1456 κατὰ
1435 1429 1489 1456 τῶν
1514 1427 1732 1463 συγχωρούντων
1746 1436 1838 1463 παρα-

1041 1474 1123 1509 ϐῆναι
1156 1473 1206 1509 τὴν
1228 1474 1299 1502 διάτ.
1326 1474 1358 1500 'H
1372 1474 1401 1500 δὲ
1431 1473 1501 1500 διάτ.
1533 1472 1555 1508 β’
1593 1473 1641 1499 τοῦ
1661 1472 1704 1507 μγ¹
1721 1472 1773 1499 τίτ.
1789 1471 1839 1498 τοῦ

193 1512 267 1545 quod
298 1513 335 1540 ita
359 1515 392 1541 ad
421 1515 533 1543 verbum
557 1517 595 1544 ait
617 1526 624 1544 :
647 1518 816 1546 Coustilutio
835 1519 988 1554 ligneorum

1045 1519 1064 1554 γ’
1091 1519 1194 1555 βιϐλίου
1215 1519 1263 1546 τοῦ
1284 1519 1411 1551 κώδικος,
1437 1519 1496 1545 ἐστι
1521 1527 1583 1553 κεφ.
1618 1517 1645 1551 ς’
1678 1518 1724 1545 τοῦ
1740 1517 1765 1552 η’
1782 1518 1838 1546 τίτ.

191 1559 361 1592 equestrium
383 1560 455 1596 (quae
476 1566 621 1598 vocantur)
645 1564 807 1601 [lusiouem]
825 1565 987 1593 interdicit:

189 1604 342 1638 periculum
366 1606 503 1635 adversus
524 1608 644 1641 lusores.
669 1615 751 1644 atque
776 1610 989 1644 publicationem

189 1649 322 1677 adversus
338 1650 444 1685 domos,
470 1652 497 1678 in
515 1653 621 1687 quibus
649 1653 808 1687 bujusntodi
836 1655 912 1682 lusus
927 1663 991 1690 per-

191 1694 245 1722 acti
263 1699 337 1727 sunt,
371 1696 533 1731 deposcens.
561 1697 642 1726 Victo
663 1706 755 1727 autem
780 1700 827 1735 qui
852 1701 934 1728 solvit
952 1700 990 1736 [id

193 1740 267 1774 quod
279 1740 376 1777 dedit].
390 1743 555 1771 restituitur.
568 1745 678 1780 Alioqui
694 1746 716 1773 si
730 1754 896 1781 recuperare
911 1747 989 1778 nolit.

190 1785 216 1812 id
236 1785 262 1812 in
286 1787 346 1820 eius
373 1788 498 1817 civitatis
523 1790 633 1824 publica
661 1799 745 1827 opera
765 1793 883 1828 expendi
902 1792 989 1828 jubet.

191 1831 270 1859 Unde
285 1839 360 1866 nota,
377 1834 404 1860 in
421 1834 502 1863 Basil.
519 1844 572 1863 non
586 1845 648 1865 esse
658 1839 791 1872 positum,
805 1839 878 1874 qttod
893 1847 990 1867 eorum

192 1885 254 1912 quae
273 1886 305 1905 cx
323 1880 461 1914 prohibito
476 1881 537 1909 lusu
553 1883 616 1910 data
631 1889 705 1916 sunt,
718 1886 826 1913 exactio
841 1886 990 1913 triennium

191 1925 323 1952 excedat.
350 1925 483 1954 Similiter
506 1936 595 1964 neqtte
621 1930 694 1965 quod
721 1931 821 1959 divites
841 1932 875 1958 ad
903 1939 989 1959 unum

194 1977 282 2004 usque
311 1972 429 1999 solidum
458 1973 484 2001 in
510 1974 604 2003 ludutn
634 1977 822 2009 constituant.
848 1977 991 2013 multaque

191 2017 256 2044 alia.
271 2017 337 2050 Qua:
353 2019 397 2046 ubi
414 2020 450 2047 ita
474 2029 534 2049 sese
571 2022 682 2056 habent,
704 2024 796 2051 dicere
814 2023 897 2052 debes
917 2025 990 2058 quod

192 2071 253 2098 quae
281 2072 312 2091 ex
343 2065 499 2100 huiusmodi
530 2068 636 2096 lusibus
661 2070 784 2098 actiones
817 2069 990 2106 [exsistunt].

192 2113 424 2145 quemadmodum
454 2116 544 2143 omnis
578 2118 731 2151 personalis
756 2118 840 2151 actio,
872 2119 991 2152 triennio

193 2157 385 2192 terminentur,
418 2164 500 2195 atque
528 2161 556 2188 in
573 2163 694 2198 quinque
717 2164 859 2191 concessis
886 2164 991 2192 lusibus

1040 1566 1088 1592 τοῦ
1106 1565 1126 1598 ξ’
1143 1565 1246 1601 βιϐλίου
1259 1565 1315 1592 τῶν
1336 1564 1490 1592 Βασιλικῶν
1504 1565 1584 1599 λέγον
1593 1565 1666 1591 οὕτω
1684 1564 1785 1600 ῥητῶς⁸
1805 1563 1840 1591 Ἦ

1040 1612 1109 1640 διάτ.
1121 1612 1222 1639 κωλύει
1237 1612 1272 1638 τὰ
1283 1611 1417 1647 λεγόμενα
1433 1611 1530 1644 ςυλικὰ
1552 1611 1664 1643 ἱππικὰ,
1683 1611 1840 1638 ἀπαιτοῦσα

1042 1660 1165 1686 κίνδυνον
1179 1659 1234 1686 ἀπὸ
1246 1658 1301 1686 τῶν
1316 1658 1481 1691 παιζόντων,
1497 1658 1545 1685 καὶ
1556 1658 1688 1693 δήμευσιν
1699 1657 1770 1684 κατὰ
1783 1657 1841 1683 τῶν

1040 1705 1123 1732 οἴκων
1134 1706 1163 1731 ὲν
1177 1702 1218 1736 οἷς
1234 1705 1269 1732 τὰ
1282 1704 1396 1732 τοιαῦτα
1423 1704 1537 1739 γένηται
1553 1704 1678 1738 παίγνια.
1689 1702 1797 1729 Δῑδοται
1811 1703 1843 1729 δὲ

1041 1752 1090 1778 καὶ
1109 1751 1235 1783 ἀνάδοσις
1254 1751 1293 1787 τῷ
1307 1750 1452 1786 ἡττηθέντι
1465 1750 1512 1777 καὶ
1533 1749 1731 1777 καταϐάλλοντι
1741 1757 1747 1764 ·
1762 1749 1778 1784 ἢ
1792 1748 1845 1775 ἐὰν

1043 1797 1081 1833 μὴ
1091 1797 1217 1833 βούληται
1227 1796 1372 1824 ἀναλαϐεῖν
1382 1817 1389 1827 ,
1403 1796 1511 1823 κελεύει
1523 1796 1612 1823 ταῦτα
1622 1796 1661 1827 εἰς
1674 1795 1742 1831 ἔργα
1755 1794 1843 1829 δημό-

1043 1853 1094 1871 σια
1106 1844 1155 1879 τῆς
1172 1844 1276 1875 πόλεως
1287 1843 1470 1871 δαπανᾶσθαι.
1481 1843 1563 1869 Ὥστε
1579 1842 1733 1878 σημείωσαι
1750 1843 1792 1868 ὅτι
1812 1842 1844 1868 ἐν

1041 1890 1080 1926 τῷ
1096 1890 1234 1925 Βασιλικῷ
1251 1890 1302 1917 οὐκ
1320 1889 1401 1926 ἐτέθη
1416 1890 1447 1916 τδ
1459 1889 1636 1924 ὑπερϐαίνειν
1649 1889 1700 1923 τὴν
1711 1897 1845 1922 τριακονο

1041 1936 1151 1964 ταετίαν
1163 1937 1213 1970 τὴν
1227 1936 1377 1972 ἀπαίτησιν
1405 1936 1462 1963 τῶν
1488 1936 1569 1971 χάριν
1587 1935 1715 1969 παιγνίου
1735 1935 1846 1961 κωλυο-

1043 1983 1124 2018 μένου
1139 1983 1280 2009 δοθέντων.
1305 1982 1444 2014 Ὡσαύτως
1457 1982 1518 2008 οὐδὲ
1535 1982 1565 2008 τὸ
1586 1980 1760 2015 συνθηκῐζειν
1776 1981 1845 2012 τοὺς

1043 2028 1189 2060 πλουσίους
1206 2028 1304 2064 μέχρις
1317 2028 1376 2060 tu;
1395 2028 1565 2062 νομίσματος
1591 2028 1639 2054 καὶ
1653 2027 1722 2054 ἄλλα
1742 2026 1843 2053 πολλὰ.

1043 2075 1100 2102 Καὶ
1127 2075 1190 2101 ἐπεὶ
1212 2074 1299 2101 ταῦτα
1319 2074 1407 2106 οὕτως
1423 2073 1532 2108 ἔχουσιν
1551 2073 1669 2108 ὀφείλεις
1695 2073 1783 2098 εἰπεῖν
1801 2073 1846 2099 ὃτι

1043 2122 1090 2148 καὶ
1106 2121 1134 2147 αἱ
1154 2121 1219 2156 περὶ
1235 2120 1364 2147 τοιούτων
1389 2120 1524 2154 παιγνίων
1537 2119 1646 2154 ἀγωγαὶ
1663 2121 1696 2155 τῇ
1711 2127 1846 2155 τριακον-

1043 2167 1138 2202 ταετίᾳ
1146 2166 1293 2200 κλείονται,
1309 2166 1401 2198 καθὼς
1409 2166 1457 2193 καὶ
1471 2167 1547 2194 πᾶσα
1557 2165 1721 2201 προσωπικὴ
1732 2164 1848 2200 ἀγωγὴ,

193 2202 331 2237 deponere
357 2205 383 2231 in
399 2211 539 2234 certamen
556 2207 648 2240 liceat,
669 2210 902 2243 quemadmodum
926 2218 988 2245 par-

1045 2213 1092 2240 καὶ
1121 2214 1167 2239 ἐπὶ
1188 2213 1228 2246 τῷ
1254 2211 1274 2240 ε’
1315 2212 1342 2239 δὲ
1368 2212 1486 2248 παιγνίῳ
1510 2212 1566 2238 τῶν
1584 2210 1847 2246 ὲπιτετραμμένων,

192 2249 267 2277 tibus
299 2250 437 2284 videatur,
468 2261 523 2280 non
551 2259 643 2281 autem
689 2256 841 2283 secundum
870 2261 989 2284 veterem

192 2292 392 2328 legislationem
410 2305 498 2332 usque
510 2298 543 2326 ad
564 2307 650 2326 unum
677 2299 836 2337 [duntaxat]
860 2301 991 2329 solidum.

148 2379 153 2382 ι
193 2338 272 2367 Scias
289 2348 372 2376 porro
389 2344 461 2377 quod
478 2345 622 2379 μονόὸολον
636 2346 746 2374 dicatur
763 2355 862 2375 cursus
879 2357 885 2374 :
899 2356 992 2374 κοντο-

194 2385 351 2421 μονόὸολον,
387 2389 475 2417 saltus
501 2399 507 2417 :
537 2391 668 2423 κυντανὺς
695 2393 794 2426 κόνταξ
817 2393 877 2420 sine
898 2393 990 2427 libula,

190 2430 323 2465 jaculatio
349 2433 409 2461 sine
425 2435 518 2468 ﬁbula,
540 2437 598 2464 sive
625 2436 710 2471 ferro,
725 2446 740 2465 a
755 2438 874 2472 quodam
889 2437 992 2471 Quinto

192 2477 229 2505 ita
248 2479 399 2512 nominata,
416 2482 562 2518 περιχυτὴ,
581 2483 654 2511 lucta
670 2493 676 2512 :
691 2488 719 2512 et
736 2485 847 2519 ἱππικὴ,
861 2486 991 2512 circenses

193 2523 261 2551 ludi.
277 2524 413 2553 Caeterum
429 2527 462 2554 dc
477 2530 597 2563 equestri
621 2530 711 2565 ligneo
728 2530 877 2566 aliquando
896 2539 990 2558 coram

193 2570 373 2605 imperatorio
386 2573 516 2602 tribunali
534 2575 684 2614 [quaedam]
702 2578 793 2605 incidit
812 2578 989 2614 ambiguitas.

191 2615 323 2644 Nonnulli
344 2618 419 2645 enim
447 2619 473 2646 id
499 2628 560 2648 esse
583 2622 712 2650 dicebant
735 2623 928 2656 lusutn'illum,
944 2625 991 2660 qui

192 2661 353 2697 frequenter
365 2671 381 2691 a
396 2666 491 2700 pueris
504 2672 580 2694 extra
595 2668 699 2696 circum
714 2670 865 2705 peragitur.
879 2678 941 2698 cum
962 2670 989 2697 in

193 2709 368 2744 aurigatione
382 2719 517 2747 equorutu
533 2714 594 2742 vice
612 2715 771 2743 hominibus
789 2721 917 2743 utuntttr.
933 2715 988 2742 Alii

193 2759 285 2783 autem
313 2757 338 2784 id
367 2757 486 2793 ligneam
509 2761 658 2795 quamdam
682 2770 743 2790 esse
766 2761 912 2796 iabricam,
929 2771 990 2798 qua:

194 2810 242 2836 per
263 2803 367 2838 ligneos
386 2806 517 2841 gradulos
533 2807 619 2834 multa
640 2816 688 2843 per
711 2809 832 2836 medium
854 2809 989 2836 foramina

193 2847 338 2884 habentes,
362 2853 543 2886 protendatur
560 2853 587 2881 in
610 2854 706 2882 altum.
724 2855 775 2888 Qui
798 2855 869 2883 eniut
888 2856 916 2883 in
937 2856 988 2884 ltoc

1043 2258 1132 2291 ἔξεστι
1149 2258 1324 2294 συνθηκίςειν
1337 2257 1430 2290 καθὼς
1447 2258 1505 2290 τοῖς
1523 2257 1621 2294 μέρεσι
1642 2257 1725 2289 δόξει.
1746 2257 1796 2283 καὶ
1811 2257 1846 2283 οὐ

1045 2306 1125 2340 μέχρι
1136 2305 1304 2340 νομίσματος
1316 2304 1376 2336 ἑνὸς
1391 2304 1464 2331 κατὰ
1470 2304 1520 2339 τὴν
1532 2303 1651 2331 παλαιὰν
1660 2302 1846 2337 νομοθεσίαν.

1044 2350 1164 2377 Γίνωσκε
1179 2351 1207 2378 δὲ
1224 2351 1265 2377 ὅτι
1288 2350 1433 2385 μονόϐολον
1461 2350 1570 2385 λέγεται
1585 2351 1599 2376 ὁ
1611 2349 1711 2385 δρόμος
1724 2356 1731 2364 ·
1752 2357 1850 2376 κοντο-

1044 2396 1169 2430 μόϐολον,
1205 2396 1334 2431 πήδημα·
1374 2396 1505 2428 κυντανὺς
1537 2395 1635 2429 κόνταξ
1668 2395 1755 2430 χωρὶς
1791 2395 1848 2430 τῆς

1043 2442 1166 2476 πόρπης,
1181 2441 1211 2468 θό
1220 2441 1385 2476 ἀκοντισμὸς
1395 2441 1461 2468 ἄνευ
1470 2441 1587 2477 περόνης
1595 2441 1655 2476 ἦτοι
1667 2441 1779 2476 σιδήρου
1789 2441 1854 2467 ἀπὸ

1044 2486 1155 2513 κυτντου
1168 2486 1239 2518 τινος
1252 2486 1323 2513 οὕτω
1344 2486 1466 2522 κληθεὶς,
1491 2487 1626 2522 περιχυτὴ
1648 2486 1665 2520 ἢ
1685 2486 1770 2521 πάλη.
1787 2485 1852 2512 Καὶ

1043 2532 1155 2559 ἰππικδν
1171 2532 1203 2559 τὸ
1230 2532 1422 2567 ἱπποδρόμιον.
1439 2531 1507 2566 Περὶ
1531 2532 1559 2558 δὲ
1578 2530 1625 2558 τοῦ
1642 2530 1748 2564 ξυλίνου
1763 2532 1850 2558 ἱππι-

1042 2577 1090 2604 κοῦ
1115 2585 1180 2603 ποτε
1201 2577 1314 2612 γέγονεν
1328 2576 1478 2612 ἀμφιϐολία
1501 2578 1579 2612 παρὰ
1591 2576 1630 2611 τῷ
1643 2576 1777 2611 βασιλικῷ
1797 2577 1851 2612 βή-

1044 2632 1120 2659 ματι.
1142 2623 1198 2650 Καὶ
1220 2623 1295 2655 τινὲς
1326 2621 1377 2657 μὲν
1391 2619 1469 2648 εἷπον
1486 2618 1558 2648 εἶναι
1572 2621 1654 2648 τοῦτο
1671 2622 1701 2647 τὸ
1717 2620 1850 2656 συνήθως

1042 2668 1119 2704 παρὰ
1132 2668 1186 2695 τῶν
1220 2668 1323 2694 παίδων
1344 2668 1488 2703 γινόμενον
1514 2667 1640 2702 παίγνιον
1665 2667 1766 2700 ἔξωθεν
1795 2667 1850 2694 τοῦ

1042 2714 1167 2746 ἱππικοῦ,
1190 2715 1251 2742 ἀντὶ
1270 2714 1361 2741 ἵππων
1384 2714 1535 2749 χρωμένων
1564 2714 1722 2750 ἀνορεῖιποις
1747 2714 1790 2745 εἰς
1802 2714 1848 2741 δι-

1043 2761 1206 2797 φρηὶασίαν,
1231 2761 1309 2792 Τινὲς
1327 2761 1356 2787 δὲ
1384 2759 1462 2787 εἶτον
1488 2759 1558 2787 εἶναι
1588 2760 1668 2787 τοῦτο
1686 2760 1796 2793 ξύλινόν
1822 2769 1852 2786 τι

1041 2807 1257 2843 κατασκεύασμα
1274 2807 1318 2834 διὰ
1332 2807 1475 2842 κλιμάκων
1492 2806 1634 2839 ξυλοειθῶν
1653 2806 1852 2841 ὁνυψούμενον

1041 2854 1160 2890 ἐχουσῶν
1172 2854 1215 2881 διὰ
1230 2854 1314 2890 μέσου
1338 2854 1406 2886 ὀπὰς
1419 2853 1578 2889 διαφόρους.
1596 2854 1625 2881 Οἱ
1640 2853 1694 2889 γὰρ
1712 2852 1851 2887 συνθηκξ-
