1951 3048
105 156 172 189 1213

530 146 776 179 NOMOCANON.
790 157 826 163 -“
840 144 915 175 ΤΙΤ.
934 142 1024 180 XIII,
1044 141 1124 172 CAP.
1144 137 1379 170 XXVI-XXXII.

1678 131 1748 165 12M

103 215 193 248 ζοντες
209 212 256 240 ἐπὶ
283 211 323 246 τῷ
350 207 465 243 τοιούτῳ
496 206 616 241 παιγνίῳ
643 205 745 240 βώλους
764 203 902 238 τέσσαρας

966 208 1016 228 usu
1033 188 1159 233 deposito
1176 197 1291 232 pignore
1309 198 1427 226 certant,
1450 197 1571 228 quatuor
1590 191 1744 219 diversico-

1068 245 1073 248 Α
1097 245 1102 248 .
1134 244 1140 248 .
1360 241 1367 248 ι
1389 241 1425 248 -νν
1453 243 1584 248 ,,.,,,.A_
1608 236 1680 248 l’..,...1
1698 244 1744 248 ...ι--

103 259 277 297 ὲτεροϐαφεῖς
292 256 396 284 ἄνωθεν
409 254 464 281 τῶν
477 253 621 289 κλιμάκων
636 250 774 285 τιθέμενοι
788 248 857 284 πρὸς
868 248 899 274 τὸ

103 308 235 337 κάταντες
248 303 414 339 ἀπομύουσι.
432 300 487 327 Καὶ
500 301 514 326 ὸ
529 298 645 334 πρώτως
660 296 714 323 ἀπὸ
734 295 789 322 τῶν
807 294 899 329 βώλων

103 353 280 388 ἐξερχόμενος
294 350 339 376 διὰ
370 348 425 375 τῶν
450 346 525 374 ὀπῶν
538 347 571 372 ὲκ
583 345 632 379 τῆς
653 341 814 372 τελευταίας
828 340 900 374 ὀπῆς

103 401 151 435 τὴν
164 398 284 426 νικῶσαν
315 396 410 423 δίδωσι
437 393 476 429 τῷ
499 393 587 427 ἔχοντι
612 390 704 417 αὐτόν.
724 389 833 415 Ἔοικεν
852 385 899 413 οὖν

103 445 186 480 κάμοὶ
199 443 278 471 τοῦτο
306 443 337 469 τὸ
367 440 494 476 δεύτερον
517 438 645 472 παίγνιον
664 435 740 470 παρὰ
754 433 802 460 τοῦ
815 433 899 468 νόμου

106 479 310 525 ὰτιοτρέπεσθαι
330 487 369 519 ὠς
394 487 456 522 ἔχον
469 485 559 512 αἰτίαν
584 484 695 511 κόττονσ
718 481 786 516 Περὶ
804 479 832 505 δὲ
851 487 900 505 κυ-

104 523 238 564 ϐευόντων
264 533 404 570 κληρικῶν
425 529 563 566 ἀνάγνωθι
593 529 640 556 καὶ
666 527 718 562 τὴν
741 524 785 558 ’κζ’
798 523 899 560 νεαρὰν

103 583 149 610 τοῦ
167 581 300 618 βασιλέως
310 579 406 616 κυρίου
424 578 539 608 Λέοντος
553 574 711 611 φιλοσόφου.

137 661 266 691 ΚΕΦΔΛ.
284 660 324 686 Λ¹.
341 672 376 678 —-
388 656 458 691 Περὶ
469 652 730 687 δαιμονιζομένων.

146 727 315 756 ’Λποστόλων
338 725 430 753 κανὼν
461 724 516 752 οθ¹⁸
547 722 658 750 συνόδου
680 720 708 753 ς’
730 718 822 747 κανὼν
843 716 898 751 ᾖς’,

105 774 141 809 ξς¹
152 784 157 790 ’
170 773 304 809 Τιμοθέου
320 771 412 799 κανὼν
421 770 453 806 β’,
468 769 503 804 Υ,
519 769 560 801 ιδ’,
575 768 616 795 ιε’.

139 808 294 856 Κειίίενον,
317 819 431 854 Εἴρηται
452 816 547 852 βιϐλίῳ
574 818 594 841 ε’
607 813 654 841 τοῦ
671 812 787 844 κώδικος
798 811 851 837 τίτ.
865 808 898 842 0',

104 867 172 895 διάτ.
198 865 229 899 δ’,
255 874 283 893 κ.
309 873 335 892 τ.
362 864 405 896 λ.,
434 870 524 898 usque
549 861 582 889 ad
615 860 663 887 καὶ
695 858 784 889 ἄλλοις
812 857 899 883 ἐπιτι-

107 913 188 948 μίοις.
866 909 868 919 "

140 979 281 1012 Σχόλιον.
299 975 404 1003 Διέσιόν
420 976 477 1002 ὲστι
491 974 610 1009 φθόγγος
622 972 751 1008 μουσικὸς
765 969 837 997 οὕτω
855 968 902 995 λε-

106 1024 220 1059 γόμενος
235 1023 310 1058 παρὰ
326 1022 480 1057 φιλοσόφοις
492 1021 539 1049 καὶ
550 1019 676 1056 χωρίζων
686 1018 735 1054 τὴν
746 1017 790 1044 διὰ
806 1017 901 1043 πασῶν

107 1070 239 1104 ἁρμονίαν
255 1069 285 1101 ἐξ
305 1065 336 1097 οὗ
353 1069 402 1097 καὶ
413 1068 497 1103 διέχει
511 1067 529 1094 ἃ
541 1067 659 1102 εἴρηται,
680 1067 736 1092 τῶν
748 1063 902 1099 ὸμωζύγων

109 1117 172 1152 μιᾶς
186 1116 318 1151 ἁρμονίας
333 1115 416 1142 τόπον
424 1114 589 1149 ἐπεχόντων·
602 1113 709 1139 ἔσονται
723 1111 791 1145 γὰρ,
805 1109 900 1145 φησιν,

107 1164 146 1194 εἰς
164 1163 253 1198 σάρκα
269 1162 333 1197 μίαν
361 1163 410 1188 ἐὰν
427 1160 456 1193 ἐξ
485 1160 595 1194 εὐλόγου
616 1159 706 1190 αἰτίας
723 1157 903 1192 ὁπωσδήποτε

108 1208 245 1239 διάστασις
256 1208 304 1234 καὶ
318 1207 458 1242 χωρισμὸς
474 1206 590 1241 γένηται
612 1205 693 1240 μέσον
715 1203 804 1231 αὐτῶν
825 1201 899 1235 λέγο-

111 1263 160 1289 μεν
185 1253 308 1288 γίνεσθαι
327 1253 425 1279 διέσιον
448 1252 517 1286 ὅπερ
533 1251 580 1277 ἐπὶ
603 1251 656 1277 τῶν
670 1249 835 1285 μνηστήρων
849 1247 903 1282 χώ-

111 1309 160 1336 ραν
173 1300 223 1326 οὺκ
235 1299 291 1334 ἔχει
311 1299 425 1334 κυρίως,
442 1298 510 1327 ἀλλὰ
522 1297 672 1330 διαζύγιον,
690 1296 776 1331 μήπω
792 1295 847 1329 γὰρ
859 1302 906 1328 γε-

110 1347 224 1381 νομένου
237 1346 328 1380 γάμου
343 1345 391 1372 καὶ
404 1343 564 1378 συναφείας,
581 1342 631 1369 κᾶν
650 1341 750 1368 δοκῶσι
768 1339 906 1374 συναφθῇ-

110 1399 154 1417 ναι
174 1390 199 1416 οἱ
214 1389 380 1425 μνηστῆρες.
400 1388 468 1415 ἀλλὰ
493 1389 550 1418 τοῖς
567 1386 674 1421 σώμασι
702 1384 905 1420 κεχωρισμένοι

111 1436 181 1465 εἰσιν
200 1436 238 1467 ὼς
252 1435 287 1462 τὰ
303 1435 355 1462 ὑπὸ
382 1435 428 1461 τὸν
457 1434 538 1467 ζυγὸν
563 1433 627 1459 ὂντα
651 1432 724 1463 ζῶν
741 1431 810 1466 πλὴν
824 1430 907 1466 ἠρεσε

111 1483 167 1513 τοῖς
185 1481 347 1516 νομοθέταις
362 1480 519 1513 ἀδιαφόρως
535 1479 582 1505 καὶ
595 1478 641 1504 ἐπὶ
652 1477 706 1503 τῶν
719 1476 862 1511 ὁμοζύγων
877 1474 906 1501 τὸ

951 247 1024 274 iores
1050 244 1176 280 globulos
1196 249 1278 277 supra
1301 241 1431 277 gradnlos
1452 243 1594 274 ponentes,
1608 236 1681 274 [eos]
1698 244 1747 272 per

952 293 1060 321 declive
1079 291 1229 319 demittunt
1251 299 1258 316 :
1275 293 1302 316 et
1317 288 1362 323 qui
1380 286 1554 322 globulorum
1575 283 1682 319 primus
1699 290 1748 318 per

949 339 1085 367 foramina
1099 346 1131 365 ex
1145 337 1241 364 ultimo
1255 335 1391 362 foramine
1404 332 1552 367 egreditur.
1564 330 1588 357 ei
1605 329 1652 365 qui
1667 329 1746 356 illum

952 385 1047 417 habet,
1061 383 1207 410 victoriam
1219 381 1316 407 defert.
1327 379 1440 406 Videtur
1453 378 1537 412 igitur
1549 376 1747 411 mihiquoque,

951 431 1068 458 alterum
1093 429 1169 456 hunc
1193 427 1288 454 ludum
1305 433 1320 453 a
1341 425 1401 460 lege
1418 422 1609 450 aversabunde
1623 422 1704 449 vitari
1719 425 1748 449 et

950 477 1041 514 puniri
1056 487 1063 504 :
1082 481 1177 511 utpote
1191 475 1237 510 qui
1255 478 1360 501 Cottum
1375 471 1531 498 conﬁrmet.
1545 470 1631 497 Porro
1644 469 1678 496 de
1691 469 1747 496 cle-

951 524 1016 551 ricis
1030 523 1078 558 qui
1090 523 1150 549 alea
1166 521 1273 552 ludunt,
1290 519 1350 553 lege
1360 517 1395 545 8'1
1417 517 1552 544 novellam
1568 515 1746 550 imperatoris

951 568 1049 597 domui
1064 567 1165 596 Leonis
1178 565 1349 602 philosophi.

985 650 1062 679 CAP.
1082 648 1169 677 XXX.
1183 664 1219 670 ——
1231 647 1270 675 De
1284 646 1398 674 obsessis
1411 653 1428 672 a
1439 645 1567 672 dwmone.

988 720 1181 756 Apostolorum
1190 725 1278 746 canon
1291 716 1344 750 79;
1357 714 1468 743 concilii
1479 713 1549 742 sexti
1560 719 1681 741 canones
1695 711 1741 745 66,

950 769 996 803 67;
1009 767 1148 796 Timothei
1162 773 1283 793 canones
1296 764 1325 796 2,
1338 765 1365 796 5,
1381 762 1426 795 N,
1439 762 1484 790 15.

988 815 1097 842 Textus.
1115 813 1219 840 Dicitur
1231 811 1280 838 lib.
1295 810 1312 838 5
1326 809 1405 842 Cod.,
1424 808 1466 836 tit.
1487 806 1534 840 70,
1550 810 1639 834 const.
1653 805 1680 838 4,
1695 809 1748 832 etc.

951 870 1033 898 usque
1047 861 1082 888 ad
1095 858 1232 894 subjiciat,
1250 861 1279 884 ιιι
1290 864 1352 892 pag.
1371 854 1435 883 966.

988 977 1094 1004 Διέσιον
1114 979 1206 1002 autem
1229 976 1272 1000 est
1295 978 1381 999 sonus
1404 968 1528 996 musicus
1545 967 1584 994 ita
1600 974 1616 994 a
1631 965 1752 1000 philoso-

955 1023 1018 1059 phis
1028 1026 1214 1056 nuncupatus.
1223 1018 1269 1053 qui
1283 1016 1407 1044 omnium
1419 1012 1572 1050 [tonorum]
1584 1016 1749 1039 concentum

954 1057 1064 1105 separat
1078 1077 1085 1095 :
1099 1067 1169 1094 unde
1197 1070 1224 1092 et
1235 1063 1338 1099 διέχεια
1354 1061 1393 1098 [id
1415 1066 1457 1088 est
1479 1057 1620 1093 distantia]
1638 1057 1750 1085 dicitur.

955 1116 1024 1144 Cum
1042 1116 1135 1149 itaque
1160 1113 1291 1146 coniuges
1307 1109 1389 1136 unius
1407 1111 1557 1135 concentus
1575 1106 1662 1132 vicem
1682 1102 1753 1130 obti-

955 1169 1039 1193 neant
1049 1164 1137 1198 (erunt
1150 1161 1233 1192 enim,
1252 1159 1341 1193 inquit
1352 1157 1442 1194 [sacra
1455 1152 1621 1190 Scriptura],
1636 1153 1662 1179 in
1672 1160 1752 1179 carne

956 1211 1034 1244 una),
1096 1215 1129 1235 ex
1153 1206 1228 1241 justa
1250 1211 1334 1232 causa
1359 1201 1459 1230 divisio
1479 1205 1506 1228 et
1522 1198 1658 1234 separatio
1682 1197 1753 1224 inter

957 1256 1020 1283 illos
1059 1252 1310 1289 quomodocunque
1348 1247 1530 1279 interveniat,
1561 1245 1661 1272 διέσιον
1693 1243 1752 1270 ﬁeri

958 1301 1087 1330 dicimus.
1103 1298 1174 1334 quod
1203 1298 1230 1324 in
1243 1295 1352 1331 sponsis
1363 1293 1473 1329 proprie
1485 1293 1576 1319 locum
1589 1299 1643 1318 non
1659 1290 1752 1322 habet,

958 1349 1005 1378 sed
1032 1347 1096 1383 [pro
1119 1344 1165 1381 eo]
1191 1344 1347 1378 repudium.
1371 1340 1438 1368 Nam
1467 1338 1576 1366 tametsi
1603 1337 1687 1373 [inter
1710 1334 1752 1370 se]

958 1382 1110 1427 desponsi,
1143 1389 1321 1417 matrimonio
1349 1385 1599 1421 c0ujunctioneque
1631 1382 1753 1410 nomium

961 1439 1048 1470 initis,
1065 1436 1203 1472 cenjuncti
1217 1442 1278 1463 esse
1291 1433 1436 1460 videantur
1454 1441 1461 1459 :
1485 1436 1608 1458 attamen
1630 1427 1751 1463 corpori-

960 1486 1012 1512 bus
1033 1489 1098 1512 sunt
1123 1481 1265 1517 separati,
1281 1477 1514 1515 quemadmodum
1531 1483 1592 1510 quae
1613 1475 1665 1502 sub
1688 1474 1755 1508 iugo

111 1527 249 1561 διαζύγιον
264 1526 391 1560 λέγεσθαι
413 1526 482 1559 ὅπερ
509 1524 666 1559 ὠνόμασται
686 1522 761 1557 παρὰ
777 1521 905 1552 Λατίνοις

965 1529 1048 1567 sunt]
1073 1527 1233 1556 animantia.
1264 1524 1375 1553 Interim
1402 1529 1493 1550 tamen
1516 1522 1550 1549 de
1588 1520 1753 1554 coniugibus

114 1573 264 1610 ρεποὺδιον.
274 1573 330 1600 Καὶ
340 1571 478 1607 ἀνάγνωθι
491 1570 596 1606 βιϐλίου
616 1569 639 1605 β’
656 1569 710 1597 τίτ.
727 1567 760 1604 β’,
775 1576 827 1602 κεφ
852 1565 903 1603 ρβ’.

119 1714 152 1741 'll
174 1713 195 1741 δ’
236 1713 307 1741 διάτ.
336 1712 382 1740 τοῦ
396 1715 417 1739 o'
432 1712 484 1739 τίτ.
496 1711 544 1738 τοῦ
563 1714 583 1737 ε’
600 1709 759 1746 βιϐλίουτοῦ
780 1708 907 1742 κώδικος,

113 1761 172 1788 ἔστι
193 1769 257 1796 κεφ.
278 1759 320 1787 κα¹
348 1759 397 1786 τοῦ
418 1758 433 1785 ι’
457 1759 511 1785 τίτ.
526 1757 574 1784 τοῦ
589 1756 629 1792 λη’
645 1756 748 1793 βιϐλίου
769 1755 817 1788 τὰ,
838 1755 909 1781 αὐτὰ

114 1807 193 1842 λέγον
206 1807 257 1834 ὅσα
271 1807 311 1838 είς
328 1805 455 1841 κείμενον
481 1804 651 1839 ἐγράφησαν.
667 1804 704 1830 Τὺ
718 1802 758 1838 κβ¹
770 1803 840 1830 διάτ.
860 1800 908 1828 τοῦ

115 1852 138 1888 Υ
156 1853 208 1880 τίτ.
227 1851 274 1879 τοῦ
306 1851 345 1879 κδ’
375 1851 479 1887 βιϐλίου
494 1849 551 1876 τῶν
574 1849 643 1876 διάτ.
657 1848 715 1875 ἔστι
732 1848 803 1883 θέμα
813 1847 846 1880 θ’,
867 1846 909 1883 κβ¹

115 1910 168 1935 κεφ
178 1900 225 1927 τοῦ
238 1903 275 1935 η’,
292 1899 345 1926 τίτ.
353 1898 401 1925 τοῦ
413 1896 455 1932 κη’
466 1896 568 1932 βιϐλίου
583 1895 636 1922 τῶν
648 1894 812 1926 Βασιλικῶν,
823 1892 911 1924 οὓτως

114 1947 177 1981 ἕχον
188 1945 226 1977 ὡς
241 1946 282 1976 εἰς
304 1944 334 1971 τὸ
352 1943 480 1979 κείμενον
512 1941 685 1976 ἐγράφησαν.
702 1939 776 1974 Πλὴν
792 1939 910 1973 γίνωσκε

114 1995 157 2020 ὅτι
170 1993 201 2020 τὸ
215 1991 334 2019 τοιοῦτον
350 2000 413 2026 κεφ.
429 1989 550 2026 ἀνῃρέθη
571 1988 624 2015 ὑπὸ
648 1987 700 2022 τῆς
721 1984 771 2021 ριζ¹
802 1986 910 2013 Ἰουστι-

115 2039 235 2067 νιανείου
250 2039 351 2074 νεαρᾶς
363 2037 414 2071 τῆς
428 2036 559 2071 κειμένης
578 2036 607 2062 ὲν
622 2033 718 2070 βιϐλίῳ
737 2031 779 2068 κη’
790 2031 844 2059 τῶν
857 2032 912 2059 Ba-

116 2085 229 2114 σιλικῶν
241 2085 294 2112 τίτ.
316 2083 349 2116 ζ’,
365 2084 413 2110 καὶ
439 2081 573 2116 λεγούσης
598 2081 647 2111 τὰς
664 2080 753 2110 αἰτίας
771 2078 804 2104 δι’
820 2077 853 2108 ἃς
865 2078 910 2111 ῥε-

115 2131 224 2158 ποὺδιον
231 2130 380 2164 πέμπεται,
393 2128 442 2163 τῆς
450 2128 478 2154 δὲ
488 2127 586 2162 μανίας
599 2125 668 2156 ὅλως
683 2125 720 2160 μὴ
732 2122 910 2158 ἐπιμνησθεί-

117 2186 179 2213 σης.
200 2177 232 2203 Ἦ
249 2177 340 2211 μέντοι
358 2173 381 2210 ρ’
397 2175 444 2201 καὶ
457 2176 498 2209 ρα¹
512 2172 598 2208 νεαρὰ
605 2171 653 2197 τοῦ
668 2170 799 2205 βασιλέως
815 2169 911 2204 κυρίου

959 1565 1042 1604 etiam
1060 1575 1113 1602 dici
1130 1573 1279 1606 διαζύγιον,
1295 1570 1370 1606 quod
1390 1569 1461 1604 apud
1476 1567 1589 1594 Latinos
1607 1565 1751 1600 repudium

959 1626 1130 1656 nominatur,
1145 1620 1349 1657 legislatoribus
1364 1617 1476 1653 placuit.
1494 1615 1565 1652 [Qua
1580 1614 1614 1641 de
1625 1612 1666 1649 re]
1680 1612 1755 1648 legas

959 1673 1007 1700 lih.
1025 1680 1056 1702 ιι.
1076 1678 1138 1706 cap.
1153 1669 1214 1697 102.

996 1704 1142 1746 δεηοιίιιῖη.
1171 1713 1292 1742 Constit.
1326 1712 1343 1740 ι
1368 1711 1410 1739 tit.
1435 1709 1469 1737 7o
1499 1707 1548 1735 lib.
1572 1714 1589 1732 ν
1620 1704 1688 1733 Cod.
1713 1708 1756 1732 est

961 1771 1020 1798 cap.
1045 1762 1091 1794 τι,
1113 1762 1155 1788 tit.
1177 1760 1221 1792 10,
1246 1759 1293 1786 lib.
1328 1764 1432 1785 xxxvm
1452 1753 1526 1789 quod
1555 1751 1651 1780 eadem
1687 1749 1755 1777 dicit

961 1789 1022 1845 quin
1055 1789 1091 1836 in.
1110 1811 1183 1834 textu
1216 1789 1329 1839 'scripta
1358 1805 1434 1830 sunt.
1463 1799 1566 1835 Digest.
1601 1797 1637 1824 2‘2
1668 1796 1710 1822 Iit.
1738 1795 1756 1822 '5
1789 1789 1795 1793 ’

960 1841 1009 1884 lib.
1027 1862 1089 1882 xxxv
1106 1853 1209 1887 Digest.
1226 1855 1269 1878 est
1291 1850 1382 1877 thema
1404 1847 1431 1880 9,
1452 1853 1514 1879 cap.
1529 1843 1576 1876 ‘22,
1597 1842 1641 1871 tit.
1659 1842 1688 1875 8,
1704 1841 1753 1869 lib.

961 1902 1047 1930 Basil.
1061 1908 1160 1931 xxvm,
1175 1898 1248 1934 quod
1270 1897 1364 1927 habet,
1377 1893 1518 1929 quomodo
1540 1891 1567 1919 in
1586 1893 1664 1918 textu
1689 1888 1757 1916 scri-

961 1955 1038 1985 ptum
1066 1952 1117 1975 est.
1142 1945 1336 1973 Verumtamen
1362 1941 1446 1972 scias,
1477 1939 1551 1974 quod
1581 1937 1647 1965 illud
1674 1938 1758 1970 caput

962 1979 1123 2027 abrogatum
1141 1990 1177 2017 sit
1202 1997 1217 2016 a
1246 1987 1355 2015 novella
1378 1984 1526 2012 Iustiniani
1553 1981 1617 2014 H7,
1643 1988 1705 2015 qua:
1729 1979 1757 2006 in

962 2039 1010 2066 lib.
1027 2025 1112 2066 Dasil.
1128 2042 1225 2066 xxvm,
1237 2034 1281 2061 tit.
1299 2032 1325 2065 7,
1340 2031 1430 2067 posita
1445 2035 1498 2062 est,
1514 2032 1542 2056 et
1557 2025 1644 2064 [cum]
1657 2032 1757 2053 causas

963 2086 998 2112 ob
1015 2091 1083 2119 quas
1099 2081 1213 2116 repudia
1232 2079 1380 2107 mittuntur
1403 2079 1555 2106 recenseat,
1578 2073 1680 2100 nullam
1697 2071 1759 2108 ἀμο-

965 2115 1039 2165 men]
1055 2115 1169 2156 omnino
1178 2125 1281 2153 furoris
1298 2123 1465 2151 mentionem
1483 2119 1558 2147 facit.
1575 2118 1611 2145 At
1626 2124 1689 2144 vero
1704 2115 1758 2142 100

965 2182 993 2204 et
1019 2162 1065 2203 illi
1088 2172 1263 2208 imperatoris
1286 2169 1380 2198 domni
1402 2167 1500 2195 Leonis
1523 2163 1680 2200 philosophi
1704 2162 1760 2189 Νο-

114 2200 232 2254 Λέϐντος
246 2200 293 2248 τοῦ
312 2200 395 2254 σοιέοῦ
406 2200 570 2254 διορίζονταί
583 2217 629 2244 τὸν
650 2200 699 2251 μεν
711 2200 796 2250 ἄνδρα
814 2200 905 2249 καρτε-

966 2222 1043 2249 veila:
1060 2224 1194 2251 statuunt,
1208 2222 1239 2245 ut
1254 2217 1296 2244 vir
1313 2214 1461 2244 triennium
1477 2213 1568 2244 duret,
1585 2217 1673 2246 neque
1687 2209 1760 2236 intra

118 2270 176 2305 ρείν
194 2268 239 2294 ἐπὶ
263 2267 371 2302 τριετίᾳ
386 2266 435 2292 καὶ
455 2265 531 2296 ὲντδς
557 2263 660 2298 ταύτης
676 2262 714 2298 μὴ
732 2260 852 2288 διαλύειν
864 2260 914 2296 τὴν

117 2314 189 2350 μετὰ
216 2313 347 2348 γυναικὸς
375 2311 458 2339 αὐτοῦ
490 2310 623 2346 μανείσης
641 2308 784 2342 συζυγίαν,
813 2307 864 2342 τὴν
885 2306 915 2333 δὲ

115 2361 237 2396 γυναῖκα
247 2360 285 2395 μὴ
294 2357 505 2392 διαζεύγνυσθαι
519 2356 566 2383 τοῦ
580 2355 711 2392 μανέντος
722 2354 818 2389 ἀνδρὸς
828 2353 915 2388 αὐτῆς

115 2408 142 2434 εί
161 2406 199 2442 μὴ
213 2405 338 2441 παρέλθῃ
347 2403 505 2431 πενταετία.
526 2400 678 2436 Ἀνάγνωθι
690 2401 735 2427 καὶ
750 2400 800 2436 τὴν
815 2399 914 2435 νεαρὰν

115 2453 166 2480 τοῦ
186 2453 320 2489 βασιλέως
337 2452 433 2487 κυρίου
449 2449 607 2485 Νικηφόρου
621 2448 812 2476 Βοτανειάτου.

157 2555 283 2593 ΚΕΦΑΛᾹ.
299 2555 362 2581 AA'.
377 2568 410 2576 -—-
421 2553 490 2588 Περὶ
505 2551 614 2580 ,ιατκοῦ
623 2550 851 2586 ἀφορισθέντος,
864 2549 914 2576 καὶ

117 2603 279 2639 ὄεχθένντος
300 2602 335 2635 ἐξ
359 2601 461 2636 ἑτέρου
481 2601 562 2635 παρὰ
590 2599 712 2635 γνώμην
734 2598 787 2625 τοῦ
812 2597 916 2632 ἀφορί-

117 2660 242 2684 σαντος.

162 2708 333 2736 Ἀποστόλων
357 2707 447 2734 κανὼν
474 2706 518 2742 ιβ’,
538 2708 588 2740 ιγ”
612 2704 723 2732 συνόδου
749 2703 916 2739 Ἀντιοχείας

119 2756 210 2784 κανὼν
220 2755 257 2788 ς’.

156 2815 283 2842 ΚΕΦΑΛ.
299 2813 362 2840 AB’.
378 2828 412 2833 —-
425 2812 495 2849 Περὶ
522 2811 581 2839 τῶν
596 2811 632 2838 ἐν
649 2808 787 2845 Κυριακῇ
801 2809 820 2845 ἢ
841 2808 916 2837 Σαϐ-

122 2864 201 2897 ζιὶτῳ
216 2864 437 2898 νηστευόντων.
889 2854 894 2857 ’

967 2269 1046 2299 illud.
1075 2271 1220 2303 postquam
1248 2271 1318 2291 uxor
1340 2262 1433 2290 furere
1458 2258 1572 2294 ceperit
1599 2255 1758 2291 coniugium

966 2315 1093 2346 dirimat;
1111 2313 1208 2340 mulier
1225 2315 1328 2341 autem,
1346 2308 1396 2335 nisi
1408 2303 1628 2342 quinquennium
1642 2306 1760 2337 praeter-

966 2360 1038 2393 ierit,
1066 2367 1082 2387 a
1098 2358 1206 2386 furente
1223 2355 1322 2383 marito
1344 2361 1399 2380 non
1418 2355 1571 2386 separetur.
1587 2347 1673 2383 Legas
1687 2354 1760 2381 quo-

966 2404 1020 2443 que
1039 2406 1173 2433 novellam
1191 2401 1364 2438 imperatoris
1382 2397 1477 2426 domui
1500 2393 1648 2430 Nicephori
1674 2393 1758 2421 Bola-

974 2438 1068 2484 niatxe,
1084 2458 1145 2486 quae
1168 2450 1202 2477 de
1224 2446 1380 2475 furentibus
1402 2441 1564 2478 coniugibus
1585 2441 1681 2468 eadem
1704 2438 1761 2467 dis-

967 2498 1045 2527 serit.

1002 2555 1080 2583 CAP.
1100 2552 1198 2581 XXXI.
1218 2567 1255 2573 —
1271 2551 1308 2578 De
1329 2550 1397 2577 laico
1418 2547 1657 2577 excommunicato,
1679 2548 1704 2572 et
1726 2543 1759 2570 ab

967 2602 1052 2629 altero
1074 2606 1170 2635 prwler
1186 2599 1348 2627 voluntatem
1372 2596 1428 2631 ejus
1447 2596 1492 2632 qui
1511 2590 1759 2623 excommunicauit,

967 2652 1080 2682 recepto.
1447 2653 1450 2656 ν

1002 2705 1197 2740 Apostolorum
1217 2711 1307 2731 canon
1331 2702 1374 2736 l2,
1395 2702 1445 2735 l5;
1467 2699 1574 2729 colicilii
1595 2695 1757 2725 Antiocheni

967 2759 1054 2780 canon
1072 2751 1100 2778 6.

1002 2808 1079 2837 CAP.
1098 2807 1208 2836 XXXII.
1221 2823 1255 2830 ——
1269 2807 1307 2835 De
1327 2806 1362 2834 iis
1385 2806 1429 2841 qui
1456 2803 1592 2832 Dominico
1621 2799 1760 2829 Sabbulit'e

968 2857 1010 2884 die
1025 2856 1157 2891 jejunum.
