1951 3048
122 160 192 194 1221

716 156 1081 188 INTERROGATIONES
1099 157 1189 188 Ι-[Π.

1704 155 1773 189 ῙΕΞ

120 221 169 257 τὴν
183 220 237 247 τῶν
249 218 446 255 Μονοθελητῶν
461 217 658 254 ἀσπασάμενος
671 217 789 253 αἰρεσιν,
801 217 851 252 τῆς
863 216 916 243 τῶν

973 220 1026 244 tem
1041 216 1152 248 habere,
1168 215 1286 242 Nicacme
1299 214 1398 250 synodi
1410 221 1471 243 esse
1484 214 1660 250 impudenter
1674 215 1770 243 decla-

120 266 272 303 ἀρχιερέων
286 267 371 302 τιμῆς
381 286 388 298 ,
402 266 512 300 καὶτῆς
527 264 583 291 τῶν
598 265 703 291 πιστῶν
719 263 918 298 ἀποϐέϐληται.

126 314 208 341 Ἀλλὰ
233 313 281 341 καὶ
294 314 311 349 ἡ
329 315 358 340 ὲν
371 314 492 349 Σαρδικῇ
518 313 629 345 σύνοδος
643 313 737 340 Ὀσιον
751 312 853 348 ἔχουσα
871 311 919 338 τὸν

119 360 202 388 τύπον
228 359 362 395 ἐπέχοντα
384 358 495 395 Ῥώμης
509 380 517 393 ,
537 359 585 386 τὸν
610 358 749 395 αἱρετικὸν
773 357 919 385 ἐδικαίωσε

120 406 294 442 Μάρκελλον.

401 517 572 545 ΕΡΩΤΗΣΙΣ
601 517 638 544 Β’.

121 575 242 608 Πόσους
267 574 317 602 καὶ
346 574 453 608 ποίους
480 575 537 601 οὐκ
564 573 709 605 ἐδέξαντο
731 574 760 599 ol
786 572 920 606 Ῥωμαῖοι

157 610 251 644 ὀρθῶς
265 610 452 644 πατριάρχας
464 618 471 625 ·
489 609 581 636 οὐδὲν
595 609 630 635 δὲ
649 609 668 642 ἡ
696 608 920 642 ἀπερίσκεπτος

157 643 258 673 αὐτῶν
269 643 532 680 ἐόλὰψὲκναύτοὺς
551 643 730 678 ἀποστροφή
747 652 756 675 ;

405 710 605 738 ΔΠΟΚΡΙΣΙΣ.

155 768 306 796 Φλαυιανδν
334 768 381 795 τὸν
400 767 567 802 Ἀντιοχείας
597 767 673 802 τρεῖς
703 767 746 802 ἐφ’
775 767 840 802 ἑξῆς
870 767 920 803 τῆς

126 815 238 850 Ῥώμης
262 815 313 841 οὐκ
333 813 470 846 ἐδέξαντο,
486 812 545 840 ἀλλ’
573 812 635 839 οὐδὲ
659 813 835 848 Ἀλέξανδρος
854 813 920 840 Θεό-

121 861 199 896 φιλος
213 861 274 888 κατ’
290 860 393 896 ἀρχάς·
422 859 537 894 ὕστερον
550 859 579 886 δὲ
595 859 687 886 αὐτῶν
703 860 717 886 ὁ
730 859 823 895 τρίτος
841 860 918 896 μόλις

972 267 1059 290 ratur.
1083 262 1137 291 Sed
1149 268 1177 289 et
1193 261 1331 289 Honorius
1358 269 1428 296 papa
1444 261 1685 289 Mouolhelitarum
1710 270 1771 289 am-

972 307 1070 343 plexus
1087 308 1214 335 haeresim
1232 314 1247 334 a
1274 306 1413 342 pontificia
1441 306 1573 342 dignitate
1597 312 1626 335 et
1648 308 1769 336 ﬁdelium

971 353 1169 381 communione
1184 352 1308 385 deiectus
1324 351 1385 379 fuit.
1405 351 1578 379 Sardicensis
1593 359 1705 387 quoque
1722 361 1770 388 sy-

972 399 1062 427 nodus
1077 398 1191 426 Hosium
1207 398 1297 426 locum
1311 397 1431 425 Romani
1449 397 1571 433 episcopi
1597 397 1770 426 obtinentem

973 445 1088 478 habens,
1099 444 1258 473 haereticum
1275 444 1395 472 absolvit
1407 442 1564 471 Marcellum
1581 443 1770 480 Aucyranttm.

1203 509 1465 538 INTERROGATIO
1491 509 1524 537 II.

973 567 1046 601 Quot
1057 575 1152 601 quosve
1170 566 1302 602 legitimos
1328 567 1497 601 patriarchas
1510 565 1623 594 Romani
1637 574 1688 593 non
1700 575 1773 594 rece-

971 641 991 673 ἱ
1007 604 1103 644 perint.
1118 603 1236 638 nihilque
1254 603 1318 637 ipsis
1334 602 1451 629 nocuerit
1466 609 1558 629 eorum
1570 602 1770 630 inconsiderata

1007 644 1126 673 νέμοιτο.

1015 647 1126 674 'ejectto.

1251 701 1454 730 RESPONSIO.

1006 760 1165 789 Flavianum
1181 760 1384 788 Autiochenum
1399 765 1454 787 tres
1468 760 1521 788 sibi
1548 760 1645 788 ordine
1672 768 1768 788 suere-

970 808 1068 836 dentes
1085 808 1217 836 Romanae
1232 807 1305 835 sedis
1331 806 1456 842 episcopi
1486 807 1514 834 in
1545 807 1768 834 communionem

971 862 1025 881 nou
1042 857 1216 889 receperunt,
1234 861 1312 888 aeque
1329 861 1361 880 ac
1375 853 1455 880 initio
1467 852 1771 880 Alexandrinus'l‘heo-

120 906 242 940 ἐδέξατο,
258 907 307 934 καὶ
324 908 338 934 ὁ
356 905 545 941 Ἀλέξανδρος.
564 901 650 937 οὗτος
667 905 697 932 δέ
710 906 785 932 ἐστιν
797 907 811 932 ὁ
826 914 916 942 χειρο-

971 899 1083 935 philus;
1097 899 1196 926 deinde
1212 906 1277 927 vero
1295 898 1405 925 illorum
1426 899 1533 930 tertius,
1550 901 1577 925 et
1600 897 1769 933 Theophilus

119 953 238 988 τονήσας
252 952 299 979 τὸν
327 953 357 979 ὲν
376 952 467 986 ἁγίοις
483 951 531 978 καὶ
553 951 730 987 ἀρχιερεῦσιν
749 951 917 987 ἀσύγκριτον

120 999 192 1026 θεῖον
219 997 426 1034 Χρυσόστομον,
450 997 649 1034 πρεσϐύτερον.
676 998 734 1025 Οὐκ
761 998 871 1030 ἐδέξατο
889 998 918 1025 δὲ

119 1042 269 1078 Φραυίταν,
284 1043 346 1070 οὐδὲ
358 1043 405 1069 τὸν
425 1044 454 1069 έν
469 1042 558 1076 ἁγίοις
577 1043 731 1078 Εὑφήμιον,
747 1042 809 1070 οὐδὲ
825 1043 919 1070 Μακε-

119 1090 215 1121 δόνιον,
232 1088 300 1115 διότι
313 1088 359 1115 τὸν
379 1088 507 1115 ’Δκάκιον
531 1085 605 1115 οὗτοι
632 1089 687 1115 τῶν
711 1088 849 1123 διπτύχων
867 1089 919 1115 οὐκ

119 1135 276 1169 ἐξέϐαλλον.
298 1134 369 1161 Ἀλλ’
381 1135 444 1162 οὐδὲ
464 1135 511 1161 τὸν
524 1136 558 1170 τῇ
578 1134 644 1170 ἁγίᾳ
661 1134 758 1170 Τριάδι
774 1135 918 1170 ἀγαπητὸν

119 1183 251 1218 πανίερον
266 1182 475 1217 Χρυσόπομον,
495 1182 557 1208 κατ’
582 1182 671 1216 ἀρχὰς
698 1181 837 1214 ἐδέξαντο,
864 1182 915 1214 ὅτι,

120 1229 214 1264 φασὶν,
228 1229 284 1255 ἀπὸ
304 1228 471 1263 Ἀντιοχείας
487 1228 569 1255 αὑτὸν
583 1228 636 1254 οὑκ
651 1227 705 1255 ἔδει
720 1229 761 1260 εἰς
772 1229 918 1255 Κωνσταν-

119 1277 275 1304 τινούπολιν
296 1275 542 1312 χειροτονηθῆναι·
571 1274 686 1312 ὕστερον
703 1275 732 1302 δὲ
755 1275 803 1302 καὶ
829 1276 917 1311 ὑπερ-

120 1324 250 1359 ήσπισαν.
269 1323 326 1350 Οὐκ
341 1321 400 1350 οἶδα
421 1323 451 1350 δὲ
474 1323 499 1349 εί
528 1322 576 1349 καὶ
587 1321 718 1349 Μελέτιον
731 1321 856 1354 ἐδέξαντο
872 1321 917 1349 τὸν

125 1369 310 1404 ’Δντιοχείας·
338 1369 446 1405 μήποτε
470 1368 526 1404 γὰρ
554 1369 660 1395 ἐκεῖνον
689 1369 918 1404 ἀποστρέφωνται

120 1415 165 1442 διὰ
183 1415 316 1442 Παυλῖνον
331 1415 377 1442 τὸν
399 1415 453 1441 ὑπὸ
466 1415 522 1441 τῶν
539 1414 656 1442 δυτικῶν
675 1415 915 1450 χειροτονηθέντα·

121 1461 170 1488 καὶ
186 1461 240 1497 γὰρ
259 1461 308 1488 καὶ
322 1461 469 1496 ἐπιστολὴν
486 1459 546 1488 οἶδα
559 1461 607 1487 τοῦ
628 1461 746 1496 μεγάλου
770 1461 915 1489 Βασιλείου

121 1507 191 1543 πρὸς
218 1507 362 1542 Τερέντιον
385 1506 505 1541 κόμητα,
523 1503 582 1542 ὲνῇ
611 1506 750 1533 διαϐάλλει
765 1507 829 1538 τοὺς
843 1507 916 1534 δυτι-

121 1554 186 1586 κοὺς
209 1553 254 1580 διὰ
269 1553 319 1588 τὴν
343 1552 415 1580 κατὰ
436 1552 575 1580 Μελετίου
598 1553 785 1588 ἀποστροφὴν,
810 1554 848 1585 ὡς
867 1555 917 1590 οὐχ

120 1598 205 1633 ὑγιῶς
218 1598 358 1634 κρίνοντες
373 1597 408 1624 τὰ
425 1597 674 1633 πράγματα.”1σως
685 1597 715 1623 δὲ
728 1597 811 1624 αὐτὸν
828 1597 873 1624 διὰ
886 1598 917 1624 τὸ

121 1647 150 1672 ὲν
180 1647 213 1681 τῇ
241 1645 357 1681 δευτέρᾳ
383 1644 554 1681 καθεσθῆναι
577 1644 680 1680 συνόδῳ
704 1645 754 1671 οὐκ
779 1644 918 1678 ἀποστρέ-

121 1700 228 1727 φονται.

404 1847 574 1876 ΕΡΩΤΗΣΙΣ
600 1847 638 1874 Ι“’.

119 1909 219 1937 Ποίων
248 1906 454 1941 ἐκϐληθέντων
474 1904 666 1941 πατριαρχῶν
678 1924 685 1935 ,
705 1902 744 1941 (ᾗ
763 1902 824 1941 (inf
844 1912 917 1941 κραέ

156 1945 290 1971 τούντων·
305 1938 381 1975 πρὸς
407 1941 518 1974 αὐτοὺς
532 1938 682 1974 ’ἀπεχθείᾳ
704 1938 872 1975 βασιλέων,
890 1939 918 1966 οι

154 1980 219 2014 μετ’
234 1974 345 2012 αὐτοὺς
359 1974 514 2012 ὀρθόδοξοι
530 1976 617 2007 ὄντες
635 1974 837 2009 ἀποδέχονται
854 1983 864 2007 ;

406 2042 606 2071 ΑΠΟΚΡΙΣΙΣ.

161 2112 340 2141 Ἀναστασίου
361 2109 542 2146 ἐκϐληθέντος
555 2108 603 2136 τοῦ
620 2107 796 2144 θαυμαστοῦ,
810 2109 823 2134 ὁ
843 2106 915 2134 Θαυ-

121 2159 278 2196 ματουργὺς
302 2158 453 2193 Γρηγόριος
481 2156 636 2192 ἐκράτησεν
665 2155 715 2190 τὴν
750 2153 917 2189 Ἀντιοχείας

124 2206 295 2240 Ἐκκλησίαν
314 2204 362 2240 ἐτη
378 2203 428 2231 κδ’.
444 2203 500 2229 Καὶ
523 2201 660 2236 ἀπεδέχθη
672 2222 678 2233 ,
702 2200 751 2227 καὶ
778 2199 849 2235 μετὰ
866 2198 916 2234 τὴν

970 945 1015 972 vix
1033 943 1286 979 susceperunt.Hic
1301 944 1346 971 ille
1362 943 1509 971 Flavianus
1520 947 1564 971 est
1578 943 1625 978 qui
1638 948 1764 971 sanctum

971 990 1206 1026 archiepiscopum
1220 989 1465 1024 incomparabilem
1473 993 1500 1016 et
1511 989 1635 1016 divinum
1647 988 1770 1024 Chryso-

969 1042 1090 1065 stomum
1118 1035 1255 1063 ordinavit
1271 1035 1472 1070 presbyterum.
1500 1033 1636 1062 Praeterea
1651 1033 1770 1060 Romani

969 1082 1114 1119 pontiﬁces
1128 1090 1180 1110 nec
1195 1081 1333 1109 Fravitam
1352 1088 1492 1116 recepere,
1511 1088 1561 1107 nec
1572 1084 1698 1108 sanctum
1713 1079 1770 1106 Eu-

969 1129 1125 1164 phemium,
1143 1136 1195 1156 nec
1217 1127 1408 1155 Macedonium
1421 1135 1454 1154 eo
1467 1127 1532 1161 quia
1550 1126 1682 1153 Acacium
1696 1133 1711 1153 e
1727 1126 1770 1152 tli-

971 1175 1080 1211 ptychis
1108 1182 1162 1202 non
1188 1173 1330 1209 ejecerint.
1350 1172 1403 1200 Sed
1429 1180 1480 1200 nec
1510 1176 1614 1200 sancta:
1639 1171 1786 1208 Trinita‘i‘

969 1221 1101 1252 charum,
1131 1220 1263 1255 omnique
1295 1219 1459 1247 sacerdotali
1487 1218 1588 1246 virtute
1616 1217 1768 1252 praeditum

968 1266 1197 1302 Chrysostomum
1221 1266 1299 1293 initio
1310 1265 1419 1301 quidem
1437 1268 1629 1299 susceperunt,
1644 1264 1770 1291 dicentes

968 1312 1046 1340 illum
1073 1312 1245 1340 Antiochena
1274 1312 1388 1343 relicta.
1414 1318 1470 1338 non
1497 1305 1626 1338 debuisse
1645 1310 1678 1337 ad
1696 1310 1770 1337 Con-

970 1359 1246 1393 stantinopolitanam
1261 1358 1354 1386 sedem
1372 1356 1527 1393 promoveri
1543 1366 1551 1390 ;
1581 1356 1680 1384 deinde
1703 1363 1769 1383 τοι-ο

967 1403 1029 1438 ejus
1044 1411 1155 1438 quoque
1188 1404 1301 1430 tutelam
1327 1410 1446 1439 gessere.
1476 1402 1575 1430 Nescio
1596 1409 1664 1429 vero
1688 1409 1722 1428 an
1742 1406 1772 1428 et

968 1448 1105 1476 Meletium
1120 1449 1323 1476 Autiocbenum
1339 1449 1457 1476 aversati
1472 1448 1526 1476 sint
1539 1457 1546 1475 :
1565 1448 1622 1475 ﬁeri
1634 1448 1706 1475 enim
1720 1455 1771 1482 po-

969 1496 1023 1523 tuit
1037 1500 1066 1522 ut
1085 1495 1162 1522 illum
1190 1503 1244 1522 non
1268 1494 1421 1530 receperint
1439 1494 1547 1521 Paulini
1573 1501 1638 1528 ergo
1651 1514 1658 1526 ,
1685 1501 1768 1528 qut-ut

969 1540 1161 1569 Occidentales
1176 1540 1350 1567 ordinarunt.
1374 1538 1441 1566 Nam
1460 1543 1489 1566 et
1510 1538 1654 1573 epistolam
1675 1537 1769 1573 magni

976 1587 1071 1614 Basilii
1086 1595 1147 1614 esse
1157 1586 1219 1614 novi
1230 1586 1264 1613 ad
1278 1586 1437 1613 Terentium
1453 1585 1593 1618 comitem,
1610 1585 1637 1612 in
1653 1591 1707 1619 qua
1733 1585 1769 1612 ob

969 1639 1095 1659 aversum
1112 1639 1126 1657 a
1144 1631 1253 1658 Meletio
1268 1631 1392 1658 animum
1412 1630 1602 1658 Occidentales
1616 1629 1769 1664 exagitant,

968 1680 1009 1707 vel
1025 1687 1057 1706 ac
1068 1679 1102 1706 de
1117 1679 1202 1706 rebus
1214 1678 1307 1705 minus
1319 1681 1392 1704 recte
1405 1677 1572 1712 judicarent.
1583 1675 1684 1703 Verum
1696 1675 1767 1703 forte

968 1725 1124 1757 Meletium,
1141 1724 1215 1759 quod
1233 1724 1260 1751 in
1275 1724 1395 1751 secunda
1415 1723 1572 1751 consederit
1588 1722 1704 1758 synodo,
1718 1729 1769 1750 sua

970 1771 1095 1807 ipsorum
1112 1769 1307 1797 communione
1322 1776 1378 1796 non
1390 1773 1560 1796 censuerunt
1576 1767 1732 1803 indignum.

1197 1846 1459 1876 INTERROGATIO
1483 1846 1530 1875 Ill.

969 1906 1085 1940 Quinam
1101 1906 1265 1941 patriarchw
1279 1906 1471 1941 imperatorum
1485 1905 1546 1941 odio
1558 1913 1574 1931 α
1587 1911 1637 1932 sua
1650 1906 1768 1940 ipsorum

1003 1943 1063 1969 sede
1086 1940 1231 1974 deturbati,
1250 1941 1345 1968 deinde
1371 1940 1403 1967 ab
1423 1940 1587 1968 Ott/todoxis
1602 1942 1768 1977 principibus

1004 1978 1100 2004 recenti
1113 1977 1195 2004 sunt?

1061 1985 1099 2012 pu
1113 1985 1188 2004 sunt:

1265 2040 1470 2069 RESPONSIO.

1003 2110 1166 2138 Admirabili
1179 2109 1324 2138 Anastasio
1341 2108 1429 2144 ejecto
1453 2108 1677 2143 Thaumaturgus
1697 2107 1767 2136 Gre-

968 2157 1064 2192 gorius
1086 2156 1285 2184 Antiochenam
1304 2154 1456 2182 Ecclesium
1474 2154 1510 2181 24
1537 2153 1617 2181 annis
1645 2153 1768 2180 obtinut

969 2202 1098 2229 omnibus
1115 2205 1257 2236 acceptus,
1288 2207 1384 2226 verum
1402 2204 1465 2234 post
1487 2198 1549 2233 ejus
1567 2198 1600 2225 atl
1618 2197 1765 2224 Dominum

117 2251 203 2280 αὐτοῦ
221 2252 288 2286 πρὸς
304 2249 406 2285 Κύριον
422 2248 591 2284 μετάστασιν
606 2246 685 2278 αὖθις
698 2245 825 2280 εἰσῆλθεν
833 2245 914 2271 Ἀνα-

971 2247 1174 2283 migrationem.
1192 2245 1293 2273 iterum
1304 2244 1478 2272 Antiochiam
1495 2251 1624 2271 reversus
1637 2247 1680 2270 est
1692 2243 1767 2269 Ana-

117 2298 240 2328 στάσιος.
268 2296 343 2322 Ἀντὶ
371 2293 419 2321 τοῦ
453 2293 577 2328 σωτῆρος
607 2291 655 2318 τοῦ
687 2291 791 2326 κόσμου
821 2290 914 2325 τιμίου

117 2343 316 2379 Χρυσοστόμου
328 2342 343 2368 ὁ
362 2340 519 2376 Ἀρσάκιος,
535 2339 549 2366 ὁ
564 2338 697 2370 Ἀττικὸς,
713 2338 760 2364 καί
776 2346 817 2364 τοι
831 2337 916 2372 ἄμφω

117 2392 159 2422 εἰς
172 2390 222 2425 τὴν
239 2388 322 2415 αὐτοῦ
348 2387 509 2422 καθαίρεσιν
524 2385 688 2421 εὐδόκησαν,
703 2384 751 2411 καὶ
768 2383 824 2410 τῶν
840 2382 916 2418 αὐτῷ

116 2433 382 2464 ἐπιϐουλευσάντων,
411 2429 482 2467 ἦσαν
510 2431 648 2466 ἑκάτεροι.
682 2429 758 2456 Ἀντὶ
782 2429 915 2464 Εὑτυχίου

116 2478 434 2510 Κωνσταντινουπόλεως
457 2477 588 2512 Ἰωάννης
608 2475 746 2511 ἀπεδέχθη
759 2495 766 2507 ,
782 2475 830 2502 xui.
847 2474 916 2510 μετὰ

117 2527 256 2558 θάνατον,
287 2524 420 2560 Εὑτύχιος
457 2523 549 2550 πάλιν.
588 2522 662 2548 Ἀντὶ
683 2522 762 2548 Ἠλία
799 2521 915 2556 Ἱεροσο-

114 2573 211 2607 λύμων
231 2572 370 2607 Ἰωάννης.
388 2570 478 2597 καίτοι
505 2569 539 2596 δι’
556 2568 699 2595 εὐσέϐειαν
722 2567 800 2594 Ἠλία
830 2566 912 2602 διωχ-

118 2619 222 2650 θέντος.
242 2618 300 2644 υὺκ
331 2615 389 2644 οἶδα
413 2618 437 2643 εἰ
464 2615 505 2642 δεῖ
528 2615 709 2650 καταριθμεῖν
748 2615 777 2640 ὲν
809 2613 916 2645 τούτοις

117 2666 166 2693 καὶ
179 2665 225 2692 τὸν
241 2665 310 2699 μετὰ
325 2663 489 2690 Καλλίνικον
499 2662 546 2689 τὸν
562 2663 638 2698 παρὰ
658 2661 849 2688 Ἰουστινιανοῦ
866 2660 914 2688 τοῦ

117 2712 207 2740 κακοῦ
222 2712 409 2747 τυφλωθέντα,
436 2711 480 2737 ὅτε
506 2709 554 2736 καὶ
576 2709 606 2736 τὸ
621 2707 748 2742 δεύτερον
764 2708 814 2742 τῆς
837 2707 916 2742 βασι-

116 2760 193 2792 λείας
209 2760 380 2796 ὲκράτησεν.,
400 2756 588 2793 προϐληθέντα
603 2756 696 2791 Κῦρον
711 2755 758 2782 τὸν
777 2754 807 2787 ἐξ
827 2755 915 2790 Ἀμά-

119 2807 237 2844 στριδος,
254 2806 283 2838 ὃς
298 2807 346 2833 καὶ
362 2804 519 2839 ἔγκλειστος
532 2803 571 2830 ὢν
586 2804 644 2829 ἐκεῖ
658 2823 666 2835 ,
680 2802 811 2837 προεῖπεν
828 2800 913 2835 αὐτῷ,

117 2854 157 2885 ὡς
184 2853 267 2880 πάλιν
296 2852 335 2884 εἰς
363 2851 413 2886 τὴν
439 2850 544 2877 οἰκείαν
567 2848 657 2884 ἀρχὴν
684 2846 912 2881 ὲπανελεύσηται.

125 2900 307 2934 Ἐκϐέϐληται
329 2898 358 2926 δὲ
383 2897 431 2927 καὶ
446 2896 523 2933 παρὰ
545 2894 720 2930 Βελλιταρίου
745 2893 783 2926 ὼς
800 2892 911 2920 ἐπιϐου-

968 2293 1082 2320 slasius.
1099 2291 1172 2319 Loco
1182 2290 1342 2323 venerandi,
1357 2297 1390 2317 ac
1406 2288 1500 2316 mundi
1518 2288 1636 2316 salutem
1651 2295 1766 2321 operan-

968 2337 1003 2366 tis
1016 2336 1217 2373 Chrysostomi,
1233 2335 1363 2363 ArSacius
1382 2338 1407 2362 el
1424 2334 1529 2361 Atticus
1538 2333 1658 2368 suscepti
1675 2333 1763 2366 luere,

967 2382 1094 2418 quamvis
1113 2382 1195 2408 ambo
1215 2380 1275 2416 ejus
1292 2379 1492 2415 depositionem
1516 2377 1713 2414 probaverim,
1739 2383 1767 2406 et

966 2434 1000 2454 ex
1019 2426 1106 2461 ipsius
1120 2424 1295 2452 inimicorum
1309 2430 1425 2450 numero
1436 2426 1540 2450 essent.
1560 2421 1613 2449 Pro
1634 2421 1768 2458 Eutychio

967 2471 1274 2506 Constantinopolitano
1295 2468 1356 2504 pari
1381 2469 1464 2496 modo
1481 2468 1602 2496 Joannes
1618 2472 1766 2502 susceptus

967 2521 1021 2549 est,
1034 2519 1133 2551 etpost
1147 2515 1209 2550 ejus
1220 2513 1323 2541 obitum
1337 2520 1435 2540 rursus
1451 2511 1611 2548 Eutychius.
1626 2512 1678 2539 l’ro
1689 2511 1765 2539 Helia

968 2563 1218 2600 Hierosolymitano
1233 2562 1375 2594 Joannes,
1407 2559 1535 2596 quamvis
1562 2560 1673 2595 pietatis
1698 2567 1764 2595 ergo

968 2611 1044 2639 Elias
1054 2609 1274 2645 persecutionem
1288 2607 1427 2634 toleraret.
1443 2606 1542 2634 Nescio
1553 2613 1587 2633 an
1596 2609 1723 2641 oporteat
1736 2610 1765 2633 et

968 2657 1012 2686 his
1025 2656 1164 2685 accenseri
1177 2655 1278 2690 Cyrum
1293 2654 1328 2681 ab
1341 2653 1509 2684 Amastride.
1523 2652 1569 2688 qui
1581 2657 1644 2687 post
1652 2651 1766 2679 Callini-

967 2711 1030 2732 cum
1046 2711 1061 2730 a
1075 2702 1234 2730 Iustiniano
1251 2700 1325 2727 malo
1336 2721 1344 2732 ,
1376 2707 1439 2727 cttm
1468 2697 1590 2726 secundo
1617 2695 1764 2731 imperium

967 2749 1081 2785 recepit,
1093 2752 1259 2780 excmcatus,
1282 2746 1310 2773 in
1333 2745 1519 2781 patriarcham
1535 2742 1765 2776 Constantinopo-

967 2797 1083 2824 lilanum
1100 2799 1142 2822 est
1163 2794 1277 2826 electus,
1293 2799 1327 2819 eo
1342 2791 1426 2826 quod,
1442 2790 1506 2817 dum
1525 2788 1571 2816 illa
1589 2787 1657 2815 urbe
1675 2786 1764 2822 pomi-

968 2842 1059 2870 tentiae
1076 2847 1160 2869 causa
1176 2839 1300 2866 inclusus
1310 2833 1599 2872 degerctJustiniano
1615 2831 1658 2860 sui
1675 2831 1764 2867 ipsius

968 2886 1078 2925 imperii
1106 2884 1343 2921 recuperationem
1361 2880 1545 2918 prredixissct.
1563 2878 1699 2915 Expulsus
1722 2881 1766 2906 est
