1948 3070
184 150 254 182 1223

180 211 263 238 etiam
278 217 293 237 a
310 209 444 239 Belisario
458 208 602 241 Silverius,
621 209 710 243 quasi,
731 213 761 236 ut
773 209 840 236 mihi
857 208 975 239 videinr,
994 214 1013 238 Λ

182 255 316 283 adversus
330 255 518 281 Romanorum
532 262 576 282 res
589 254 804 287 machinaretur,
817 257 899 289 atque
910 255 981 282 alter

182 301 211 329 in
227 301 290 337 ejus
304 301 395 329 locum
411 300 544 328 sutTectus
556 305 608 327 est.

413 343 672 372 INTERROGATIO
689 343 735 372 IV.

187 385 198 390 ’ν
217 393 384 426 Quibusnam
399 390 535 427 damnatis
546 391 686 424 episcopis,
700 391 819 418 ordinati
839 392 871 419 ab
886 393 952 427 ipsis

377 426 443 454 nihil
455 426 608 453 detrimenti
620 428 694 460 passi
707 428 786 454 sunt?

486 473 690 501 ltESl’ONSIO.

219 520 353 547 Damnan
372 518 460 561 Paulo
477 518 658 547 Samosateno
672 541 679 552 ,
709 527 791 547 nemo
815 528 910 549 eorum
932 523 978 557 qui

182 567 236 594 sub
252 566 313 600 ipso
334 570 423 598 erant,
439 565 580 601 dignitatis
601 567 806 600 sumjacturam
821 567 896 598 fecit.
918 570 980 596 licet

181 613 444 640 eorum-criminum
461 612 608 647 participes
626 617 730 645 essent,
751 615 852 648 quibus
877 614 979 644 Paulus

182 657 283 693 deponi
303 658 413 684 meruit.
431 656 559 684 Nestorio
572 657 697 691 deposito
713 667 793 686 nemo
806 667 838 686 ex
855 660 918 692 illis,
930 661 977 695 qui

184 704 218 730 ab
234 703 294 738 ipso
305 703 424 730 ordinati
442 702 530 734 fuere,
550 702 584 729 ah
598 703 775 731 ordinatione
789 705 914 732 descivit.
929 706 979 734 Pe-

184 753 244 776 trus
257 748 372 784 Mongus
386 748 477 775 adhuc
497 748 639 782 presbyter
652 756 666 775 ιι
681 753 777 777 sancto
794 750 916 779 Protcrio
930 753 978 780 de-

183 795 310 829 positus,
339 801 404 821 mox
431 794 460 821 in
484 794 606 829 ejusdem
628 802 722 823 necem
747 804 809 824 cum
832 796 978 827 Timotheo

182 839 350 874 conspiravit
365 839 499 871 occisore,
528 839 625 867 deinde
643 839 856 869 Alexandrinam
883 843 976 871 sedem

767 149 901 180 PHOTII
920 149 1174 179 PATRIARCHE
1188 149 1243 179 (ΞΡ.

1759 150 1828 182 1224

1030 209 1116 236 λεύων
1134 210 1191 241 τοῖς
1210 209 1377 244 Ῥωμαϊκοϊς
1391 208 1536 243 πράγμασι
1548 229 1556 240 ,
1573 209 1721 245 Σιλδέριος,
1739 209 1828 246 οἶμαιθ

1035 255 1082 282 καὶ
1098 255 1276 290 ἀντεισῆκται
1290 255 1350 281 ἀντ’
1365 255 1451 282 αὑτοῦ
1470 255 1575 291 ἔτερος.

1320 348 1490 376 ΕΡΩἸἸΙΣΙΣ
1508 348 1546 375 Δ¹.
1564 349 1581 370 ⁵³

1036 396 1132 423 Τίνων
1155 396 1394 428 κατακριθέντων
1418 397 1446 422 al
1466 395 1516 422 ὑπ’
1540 395 1641 422 αὐτῶν
1657 403 1827 431 χειροτονη-

1224 432 1327 464 θέντες
1341 431 1434 458 οὐδὲν
1451 430 1628 466 ἐϐλάϐησαν
1640 440 1650 463 ;

1332 477 1529 505 ΑΠΟΚΙῚΣΙΣ.

1068 525 1177 553 Παύλου
1193 525 1240 552 τοῦ
1258 526 1290 552 ὲκ
1301 525 1484 560 Σαμοσατέων
1499 524 1726 560 κατακριθέντος,
1740 525 1827 557 οὐδεὶς

1032 573 1087 600 τῶν
1104 572 1150 600 ὑπ’
1172 573 1255 599 αὐτοῦ
1281 572 1447 608 καθῄρηται,
1471 572 1561 598 καίτοι
1591 572 1827 608 συμπεπραχότων

1033 618 1109 654 αὐτῷ
1126 619 1231 649 ἐκεῖνα,
1243 617 1277 645 δι’
1294 617 1312 644 ἃ
1323 618 1427 649 ἐκεῖνος
1443 617 1597 654 καθῃρέθη.
1611 618 1665 645 Teii
1677 618 1825 653 Νεστορίου

1033 665 1258 699 καθαιρεθέντος,
1273 664 1363 695 οὐδεὶς¹
1374 664 1429 690 τῶν
1451 665 1497 691 ὑπ’
1520 665 1603 691 αὑτοῦ
1622 665 1826 701 χειροτονηθέν-

1033 718 1087 736 των
1098 709 1262 745 καθῄρηται.
1279 710 1385 745 Πέτρου
1401 709 1449 735 τοῦ
1461 709 1574 744 Μόγγου
1586 710 1626 736 ἔτι
1637 710 1825 745 πρεσϐυτέρου

1032 755 1120 788 ὄντος,
1137 755 1185 782 καὶ
1201 755 1415 791 καθαιρεθέντος
1431 756 1486 782 ὑπὸ
1502 756 1548 783 τοῦ
1567 756 1646 790 ἁγίου
1663 757 1825 792 Προτερίου,

1032 800 1092 829 εἶτα
1111 802 1151 833 είς
1165 802 1212 828 τδν
1228 802 1312 829 αὑτὸν
1326 801 1408 829 αὐτοῦ
1427 802 1542 829 θάνατον
1555 803 1684 838 Τιμοθέῳ
1696 803 1734 837 τῷ
1750 804 1828 837 φονεῖ

1033 848 1296 883 συνδεδραμηκότος,
1321 849 1369 876 καὶ
1386 848 1457 883 μετὰ
1479 848 1566 875 ταῦτα
1590 849 1637 875 τὸν
1654 848 1750 883 θρόνον
1775 849 1826 884 τῆς

182 886 293 917 invasit,
304 891 329 912 et
338 885 589 913 Chalcedonensem
598 887 733 921 synodum
741 887 768 914 in
781 888 908 916 omnibus
919 897 977 916 aua-

1040 895 1245 930 Ἀλεξανδρείας
1273 897 1342 930 μετὰ
1370 895 1485 922 θάνατον
1509 895 1614 923 ἐκείνου
1638 896 1825 930 ἁρπάσαντος,

182 931 296 958 themati
314 930 449 965 subjecit,
478 936 507 958 et
529 931 713 960 nihilominus
732 933 851 961 ordinati
868 934 903 962 ab
918 935 978 970 ipso

182 976 247 1004 licet
271 976 406 1012 deposito,
426 976 551 1005 occisore
564 996 572 1009 ,
596 982 623 1004 et
640 979 787 1011 haeretica,
804 985 934 1015 praeterea
950 987 979 1009 et

182 1022 234 1057 ipsi
246 1022 370 1050 haeresim
383 1022 559 1058 proﬁtentes,
568 1030 631 1050 cum
643 1025 832 1058 paenitentiam
846 1027 977 1062 egissent.

181 1068 209 1095 in
228 1068 452 1095 communionem
470 1069 572 1103 recepti
589 1068 676 1097 fuere.
695 1069 771 1099 Felix
794 1080 905 1107 quoque
918 1072 977 1100 Ro-

181 1121 233 1140 mae
250 1113 397 1148 cpiscopus
410 1113 443 1140 ad
457 1113 595 1141 Zenonem
622 1115 816 1149 imperatorem
843 1117 976 1149 scribens.

181 1159 407 1187 constitutionem
425 1159 496 1194 ejus,
520 1167 574 1194 qua
599 1160 711 1188 Petrum
729 1162 840 1196 quidem
857 1163 978 1192 Ecclesia

181 1206 273 1241 eiecit,
291 1205 434 1234 ordinatos
451 1213 517 1232 vero
529 1207 564 1234 ah
584 1214 629 1236 eo.
645 1208 807 1242 pteuitentia
822 1214 895 1242 acta,
913 1218 976 1238 sns-

181 1250 263 1284 cepit,
283 1250 407 1277 divinum
426 1255 520 1285 typum
535 1255 615 1278 vocat
631 1260 638 1278 :
655 1260 716 1280 cum
741 1253 801 1287 ipso
835 1260 926 1283 autem
950 1256 976 1284 in

182 1295 241 1322 suis
258 1295 356 1322 litteris
374 1295 530 1329 expOstulat
553 1296 635 1331 cujus
663 1298 699 1326 rei
718 1299 807 1333 gratia
823 1299 932 1329 Petrum
950 1303 977 1330 in

183 1341 331 1368 Ecclesiam
349 1341 498 1374 iniluxcrit,
512 1350 526 1369 a
541 1350 594 1378 qua
608 1345 734 1372 eumdem
750 1351 814 1374 ante
824 1348 976 1384 pepulerat,

180 1394 208 1416 et
221 1388 353 1417 Joannem
373 1395 597 1425 persequeretur.
611 1391 735 1420 Meletius
746 1393 935 1423 Antiochenus
950 1396 975 1423 in

181 1434 318 1462 Eustathii
342 1434 486 1462 Sehasteni
520 1435 641 1470 episcopi
663 1437 753 1465 locum
776 1439 811 1466 ab
843 1439 977 1468 haereticis

182 1478 340 1509 ordinatus.
371 1478 488 1514 indeque
510 1478 670 1508 Berrbmatu
687 1481 851 1514 translatus,
878 1484 977 1512 deinde

182 1524 281 1552 iterum
294 1524 329 1550 ah
344 1524 410 1558 ipsis
425 1525 579 1552 Antiochiae
592 1525 739 1560 episcopus
749 1533 790 1555 est
797 1530 974 1563 constitutus,

181 1569 291 1604 illisque
308 1570 404 1598 heresi
421 1570 523 1597 notatis
552 1571 625 1598 hunc
641 1571 763 1601 Ecclesia
781 1575 912 1610 suscepit.
923 1575 976 1609 Qui
989 1569 1012 1600 (Ζ

182 1622 198 1641 a
216 1613 324 1649 Sergio,
342 1614 447 1650 Pyrrho
458 1619 485 1641 et
502 1614 621 1643 Macario
643 1617 680 1644 ob
696 1618 821 1646 haeresim
840 1620 874 1647 ab
885 1620 978 1648 Eccle-

181 1660 222 1688 sia
239 1661 329 1696 pulsis
352 1660 552 1688 ordinationem
573 1663 715 1690 consecuti
739 1663 867 1698 fuerant,
891 1667 979 1701 pteni-

186 1706 270 1733 tentia
286 1710 406 1741 peracta,
420 1706 446 1733 in
461 1706 582 1734 Ecclesia
597 1715 768 1737 manserunt.
783 1709 856 1738 ldcm
871 1721 938 1740 sane
951 1719 978 1742 et

181 1753 357 1780 observatum
376 1751 430 1787 fuit
445 1760 510 1788 erga
524 1761 572 1781 eos
583 1754 685 1788 quibus
697 1755 876 1786 Macedonius
888 1758 979 1787 Pneu-

182 1798 374 1825 matomachus
393 1806 490 1825 manus
507 1799 649 1834 imposuit.
668 1801 802 1829 Acacium
817 1804 887 1831 inter
900 1806 978 1834 vivos

183 1845 274 1872 adhuc
287 1844 404 1871 Romani
421 1845 595 1878 depositione
619 1852 702 1882 atque
720 1849 894 1878 anathemate
918 1860 979 1887 per-

185 1889 335 1924 culerunt,
357 1895 419 1925 post
444 1891 549 1918 obitum
577 1899 661 1926 vero,
692 1894 843 1928 imperante
871 1896 978 1926 Justino

183 1936 322 1964 Anastasii
338 1944 511 1971 successore,
532 1942 559 1965 et
577 1938 683 1967 Joanne
698 1940 978 1979 Constantinopolita-

184 1990 248 2010 nam
265 1983 356 2010 sedem
375 1983 526 2017 obtinente,
540 1985 668 2012 eumdem
687 1986 830 2021 Acacium,
845 1989 978 2024 legatione

183 2028 218 2056 ad
229 2029 422 2064 imperatorem
436 2029 534 2062 missa,
549 2039 564 2057 ο
579 2030 717 2066 diptychis
730 2032 787 2059 tolli
800 2035 976 2068 mandarunt,

183 2074 230 2102 sed
245 2074 387 2101 ordinatos
401 2074 435 2101 ab
451 2074 497 2101 illo
510 2074 681 2102 conlratrum
697 2076 755 2104 loco
770 2077 936 2112 habuerunt,
952 2084 979 2107 et

182 2127 244 2147 cum
252 2120 285 2147 iis
293 2119 542 2147 communicarunt.
551 2120 604 2147 Eos
612 2126 742 2156 praeterea
750 2123 850 2156 quibus
860 2124 978 2152 Anasta-

183 2166 242 2193 sius
256 2170 283 2192 et
297 2165 392 2193 Niccta
410 2165 531 2192 haeretici
549 2171 755 2194 sacramentum
771 2168 878 2196 ordinis
894 2170 976 2197 mini-

183 2215 349 2244 straverant,
366 2211 482 2246 septima
498 2212 618 2247 synodus
643 2213 831 2242 ecclesiastica
853 2223 978 2243 commu-

183 2258 266 2284 nione
274 2265 448 2292 nequaquam
460 2258 566 2284 censuit
578 2258 715 2293 indignos.
726 2259 848 2295 Denique
858 2261 979 2291 ltlelctius

182 2303 391 2330 innumerorum
428 2311 492 2330 reus
524 2304 631 2331 exstitit
662 2305 834 2340 criminum,
875 2307 981 2336 alienos

181 2350 298 2376 thronos
324 2349 437 2382 invasit,
462 2356 597 2386 martyres
614 2359 731 2379 maerore
749 2352 849 2385 allecit,
884 2359 981 2382 contra

182 2403 264 2423 suum
277 2396 463 2430 patriarcham
477 2397 629 2430 rebellavit,
642 2398 723 2433 eique
735 2399 864 2426 thronum
877 2402 977 2436 rapuit,

184 2454 247 2474 cum
263 2446 327 2475 Ario
342 2446 501 2474 societatem
526 2447 609 2479 iniit,
637 2448 693 2476 imo
724 2454 752 2476 ct
778 2452 979 2484 persecutionis

183 2500 326 2531 tempore,
356 2501 386 2524 ut
412 2496 504 2532 inquit
531 2496 672 2529 Socrates,
701 2498 783 2526 idolis
812 2499 975 2536 immolavit,

181 2553 283 2580 easque
297 2545 332 2573 ob
350 2553 394 2573 res
411 2553 426 2572 a
442 2545 525 2574 Petro
541 2546 684 2581 depositus
699 2547 761 2581 fuit;
780 2544 867 2578 nihilo
885 2555 976 2581 tamen

1031 942 1081 968 καὶ
1093 942 1143 977 τὴν
1157 942 1186 968 ὲν
1204 941 1362 977 Καλχηδόνι
1375 941 1484 968 σύνοδον
1497 941 1560 968 καθ’
1573 942 1691 977 ἑκάστην
1704 944 1743 977 τῷ
1759 942 1827 969 ἁνα-

1030 988 1129 1023 θέματι
1145 987 1356 1020 ὑποϐάλλοντος,
1374 989 1398 1014 oi
1416 987 1463 1014 ὑπ’
1480 987 1565 1014 αὑτοῦ
1577 987 1827 1023 χειροτονηθέντες,

1030 1034 1131 1070 καίπερ
1146 1034 1344 1070 καθῃρημένου
1365 1034 1414 1060 καὶ
1426 1034 1529 1068 φονέως
1545 1034 1593 1060 καὶ
1609 1033 1763 1069 αίρετικοῦ,
1780 1035 1826 1061 al—

1030 1081 1134 1116 ρετικοὶ
1145 1081 1222 1112 ὄντες
1235 1081 1282 1107 καὶ
1299 1081 1379 1107 αὐτοὶ
1387 1080 1438 1112 ἔτι,
1458 1080 1652 1116 μετανοοῦντες
1664 1080 1825 1115 ἐδέχθησαν.

1029 1127 1084 1153 Καὶ
1102 1127 1187 1161 Φῆλιξ
1205 1127 1220 1153 ό
1242 1126 1355 1162 Ῥώμης
1373 1126 1489 1161 γράφων
1505 1126 1574 1160 πρὸς
1589 1126 1701 1160 Ζήνωνα
1718 1125 1764 1152 τὸν
1779 1126 1828 1160 βα-

1030 1172 1119 1204 σιλέα,
1133 1171 1182 1207 τὴν
1200 1171 1324 1203 διάταξιν
1337 1171 1432 1203 αὐτοῦ,
1449 1172 1510 1206 ἥτις
1523 1171 1626 1207 Πέτρον
1642 1171 1692 1205 μὲν
1705 1171 1826 1205 τῆςῈκ-

1029 1219 1143 1254 κλησίας
1169 1217 1331 1252 ὲξέῦαλλεν,
1353 1218 1474 1249 ἐκείνους
1500 1218 1529 1244 δὲ
1553 1217 1753 1253 μετανοοῦντας
1769 1217 1827 1244 ἐδέ-

1030 1266 1106 1298 ξατο,
1125 1265 1196 1292 θεῖον
1220 1265 1355 1292 ἀποκαλεῖ
1377 1263 1474 1292 τύπον.
1499 1264 1627 1298 Ἐγκαλεῖ
1647 1264 1676 1290 δὲ
1697 1263 1772 1298 αὐτῷ
1790 1263 1826 1290 δι’

1028 1308 1066 1338 ὧν
1089 1311 1222 1346 γέγραφέ,
1241 1311 1313 1343 τίνος
1334 1311 1416 1346 χάριν
1442 1311 1487 1338 τὸν
1502 1311 1607 1346 Πέτρον
1635 1309 1759 1337 ὲκΰαλὼν
1774 1310 1825 1344 τῆς

1035 1359 1210 1393 Ἐκκλησίας,
1225 1357 1304 1390 αὖθις
1319 1358 1401 1385 αὑτὸν
1416 1358 1559 1393 εἰσήγαγε,
1575 1358 1622 1383 καὶ
1634 1357 1680 1383 τὸν
1696 1356 1825 1390 Ἰωάννην

1029 1395 1134 1437 ἐδίωξε,
1151 1405 1282 1437 Μελέτιος
1297 1406 1311 1431 ὁ
1330 1404 1485 1439 ’Λντιοχεῦς
1505 1403 1558 1430 ὑπὸ
1572 1402 1719 1438 αἱρετικῶν
1731 1410 1824 1437 χειρο-

1028 1450 1153 1485 τονηθεὶς
1180 1451 1242 1478 ἀντὶ
1267 1450 1433 1477 Εὑσταθείου
1460 1449 1626 1480 Σεὸαστείας
1658 1448 1823 1477 ἐπισκόπου.

1028 1497 1158 1524 κακείθεν
1180 1498 1355 1532 μετενεχθεὶς
1372 1498 1413 1528 εἰς
1432 1497 1576 1532 Βέρῤοιαν,
1597 1493 1658 1523 εἶτα
1678 1495 1758 1522 πάλιν
1776 1494 1824 1521 ὑπ’

1028 1542 1121 1569 αὐτῶν
1134 1543 1277 1574 καταστὰς
1290 1542 1458 1577 Ἀντιοχείας
1475 1541 1639 1573 ἐπίσκοπος,
1657 1541 1771 1568 ἐκείνων
1784 1541 1824 1572 ὡς

1028 1589 1175 1624 αἱρετικῶν
1191 1588 1440 1624 δυσφημουμένων,
1456 1585 1533 1620 οὗτος
1545 1589 1623 1623 παρὰ
1635 1588 1685 1622 τῆς
1707 1587 1826 1621 Ἐκκλη-

1029 1635 1090 1668 σίας
1117 1635 1264 1670 ἀπεδέχθη.
1283 1635 1316 1662 Οί
1331 1635 1384 1661 ὑπὸ
1399 1635 1515 1670 Σεργίου
1534 1635 1581 1661 καὶ
1594 1634 1705 1670 Πύρρου
1729 1642 1826 1668 χειρο-

1028 1680 1187 1715 τονηθέντες
1204 1681 1251 1707 καὶ
1264 1680 1420 1716 Μακαρίου,
1435 1680 1540 1707 τούτων
1556 1680 1594 1712 ὡς
1610 1680 1757 1714 αίρετικῶν
1773 1679 1825 1714 τῆς

1035 1727 1200 1762 Ἐκκλησίας
1225 1727 1427 1762 ἐκδιωχθέντων
1448 1727 1667 1762 μετανοήσαντες
1689 1726 1825 1760 προσεδέ-

1029 1772 1144 1808 χθησαν.
1161 1772 1217 1798 Καὶ
1233 1772 1259 1799 οἱ
1271 1773 1325 1799 ὑπὸ
1338 1772 1507 1799 Μακεδονῑου
1529 1772 1577 1798 τοῦ
1591 1772 1825 1806 πνευματομάχου

1029 1817 1267 1854 χειροτονηθέντες
1282 1817 1424 1849 ὡσαύτως.
1439 1818 1491 1844 Τδν
1507 1818 1635 1845 ’Λκὰκιον
1652 1819 1676 1844 οἱ
1691 1817 1825 1852 Ῥωμαῖοι

1029 1864 1070 1890 έτι
1093 1864 1144 1898 μὲν
1160 1865 1289 1899 περιόντα
1307 1863 1469 1899 καθαιρέσει
1488 1864 1639 1891 ὑπέϐαλλον
1660 1865 1707 1890 καὶ
1724 1864 1827 1890 ἀναθέ-

1031 1917 1113 1945 ματι·
1129 1909 1199 1944 μετὰ
1227 1910 1358 1945 τελευτὴν
1374 1909 1413 1943 δὲ,
1435 1909 1579 1936 Ὶουστίνου
1598 1910 1668 1945 μετά
1682 1910 1728 1936 τὸν
1747 1910 1828 1936 Ἀνα-

1030 1956 1141 1982 στάσιον
1156 1956 1379 1991 βασιλεύσαντος,
1394 1957 1632 1993 πρεσόευσάμενοι
1647 1957 1715 1990 πρὸς
1730 1956 1826 1987 αὑτὸν.
1851 1978 1854 1980 .

1029 2002 1077 2029 καὶ
1091 2003 1146 2028 τῶν
1171 2002 1309 2038 διπτύχων
1339 2003 1510 2035 ὲκὸαλόντες,
1533 2003 1658 2030 Ἰωάννου
1672 2003 1827 2038 τηνικαῦτα

1028 2048 1075 2074 τὸν
1088 2048 1183 2084 θρόνον
1198 2049 1337 2081 διέποντος
1351 2050 1678 2081 Κωνσταντινουπόλεως,
1699 2051 1763 2080 τοὺς
1778 2049 1826 2075 ὑπ’

1029 2095 1112 2122 αὐτοῦ
1143 2095 1384 2132 χειροτονηθέντας
1408 2096 1633 2131 συλλειτουργοίις
1660 2094 1754 2130 εἶχον,
1779 2096 1827 2122 καὶ

1030 2141 1193 2169 ἐκοινώνουν
1207 2143 1311 2174 αὐτοῖς.
1328 2143 1362 2171 Οί
1380 2143 1432 2170 ὑπὸ
1452 2144 1630 2170 Ἀναστασίου
1649 2144 1696 2170 καὶ
1715 2143 1829 2178 Νικήτα

1029 2189 1084 2215 τῶν
1098 2190 1247 2224 αίρετικῶν
1264 2190 1500 2226 χειροτονηθέντες
1528 2191 1604 2225 παρὰ
1629 2191 1679 2225 τῆς
1705 2190 1828 2225 ἑϐδόμης

996 2247 1018 2275 D
1032 2235 1181 2270 ἐδέχθησαν
1197 2236 1317 2263 συνόδου.
1336 2236 1391 2262 Καὶ
1415 2236 1545 2267 Μελέτιος
1565 2236 1594 2263 δὲ
1613 2237 1719 2272 μυρίων
1733 2236 1829 2271 ἔνοχος

1032 2282 1155 2316 γέγονεν,
1180 2283 1338 2318 ἐπεπήδησε
1363 2282 1470 2318 θρόνοις
1505 2283 1670 2318 ἀλλοτρίοις,
1703 2282 1828 2317 ἐλύπησε

1032 2328 1187 2363 μάρτυρας,
1204 2329 1341 2364 ἐπανέστη
1355 2329 1394 2364 τῷ
1409 2329 1504 2364 οἰκείῳ
1522 2329 1691 2365 πατριάρχῃ,
1715 2328 1764 2355 καὶ
1781 2329 1830 2354 τὸν

1030 2373 1112 2400 αὐτοῦ
1131 2375 1225 2410 θρόνον
1241 2375 1362 2410 ἥρπασε,
1378 2375 1542 2415 συναπήχθη
1555 2375 1668 2410 Ἀρείῳ·
1686 2375 1724 2405 ὡς
1737 2375 1764 2400 δὲ
1782 2375 1830 2400 λέ-

1030 2427 1073 2453 γει
1086 2419 1246 2455 Σωκράτης,
1264 2421 1312 2447 καὶ
1328 2421 1367 2453 εἰς
1380 2421 1426 2448 τὸν
1442 2421 1562 2456 διωγμὸν
1574 2420 1700 2447 ὲπέθυσε.
1712 2420 1768 2446 Καὶ
1783 2421 1832 2445 διὰ

1031 2465 1119 2492 ταῦτα
1137 2466 1189 2492 ὑπὸ
1206 2466 1253 2493 τοῦ
1271 2467 1376 2502 Πέτρου
1398 2467 1539 2502 καθῃρέθη
1550 2475 1557 2482 ”
1574 2467 1631 2493 ἀλλ’
1647 2467 1722 2500 ὅμως
1739 2466 1764 2491 εἰ
1781 2465 1830 2491 καὶ

1032 2511 1172 2548 καθῃρέθη
1198 2512 1340 2545 πολλάκις,
1361 2513 1475 2548 ὕστερον
1491 2515 1515 2540 εἰ
1531 2513 1578 2539 καὶ
1595 2513 1631 2548 μὴ
1645 2512 1692 2546 τὴν
1709 2511 1830 2547 ἱερωσύ-

1032 2565 1092 2592 νην,
1110 2557 1178 2584 ἀλλὰ
1190 2559 1220 2585 τὸ
1237 2559 1324 2594 δνομα
1339 2559 1385 2586 τοῦ
1398 2560 1551 2586 ἐπισκόπου
1564 2560 1727 2594 ἀπείληφεν.

182 2591 284 2623 minus,
302 2591 430 2626 quamvis
442 2591 503 2639 ejus
517 2592 652 2626 depositio
662 2593 801 2622 multoties
815 2596 978 2626 conﬁrmata
998 2599 1090 2636 fuerit,
1109 2604 1130 2630 si
1146 2611 1199 2631 non
1213 2591 1358 2632 ordinandi
1374 2605 1545 2637 facultatem,
1565 2591 1684 2632 attamen
1698 2604 1832 2639 episcopi

179 2645 281 2665 nomen
300 2638 484 2673 recuperavit.

423 2683 687 2714 lN'l‘ERRUGATlO
710 2687 740 2715 ν.

183 2730 298 2764 Quando
319 2730 441 2757 nonnulli
458 2731 597 2759 simultate
614 2733 715 2765 adacti.
733 2736 802 2763 alter
817 2738 844 2764 in
862 2739 979 2766 alterum

217 2766 376 2792 sententiam
392 2766 464 2806 tulit,
489 2774 581 2794 neuter
593 2777 652 2795 raro
667 2770 784 2803 ipsorum
801 2773 864 2806 quid
886 2774 979 2802 damni

216 2808 310 2834 passus
324 2806 374 2833 est,
390 2809 436 2828 nec
448 2801 590 2835 lacessens.
611 2812 656 2831 nec
671 2801 831 2834 lacessitus?

491 2881 691 2910 ιιεδροιςδιο.

221 2920 333 2950 Diviuus
349 2923 469 2953 Joannes
485 2932 581 2955 contra
603 2929 735 2964 Cyrillum
762 2932 815 2968 egit
830 2954 838 2967 ,
867 2934 972 2969 placide

1320 2696 1489 2722 ΕΡΩΤΗΣΙΣ
1502 2697 1538 2723 Ε’.

1034 2742 1110 2779 Πότε
1126 2741 1299 2779 κινηθέντες
1309 2744 1351 2775 είς
1365 2742 1477 2779 ἔχθραν
1493 2744 1556 2770 κατ’
1571 2743 1730 2779 ἀλλήλων,
1747 2746 1833 2779 τινὲς

1069 2777 1276 2811 ἀπεφήναντο,
1287 2779 1335 2804 καὶ
1349 2778 1506 2812 οὐδέτερος
1516 2778 1616 2805 αὐτῶν
1631 2780 1665 2806 ἐκ
1679 2782 1791 2808 τούτου
1804 2777 1833 2808 τὶ

1068 2813 1251 2846 πίιρεόλάϐη,
1278 2814 1341 2840 οὗθ’
1363 2815 1379 2840 0'
1398 2814 1540 2848 ποιήσας,
1568 2814 1630 2841 οὔθ’
1659 2817 1674 2842 d
1700 2817 1768 2844 καθ’
1792 2815 1831 2844 εὖ

1067 2848 1230 2882 πεποίηκεν
1240 2857 1250 2880 ;

1327 2893 1522 2920 ΔΠΟΚΡΙΣΙΣ.

1073 2937 1101 2963 Ὀ
1125 2936 1194 2970 θείο;
1213 2938 1339 2974 Ἰωάννης
1363 2940 1433 2966 κατὰ
1464 2940 1599 2976 Κύριλὶον
1616 2942 1685 2977 πλὴν
1711 2945 1825 2980 ήπὺχως
