1948 3070
109 161 171 195 1225

109 219 153 246 καὶ
167 217 341 254 ἀπροσώπως
356 218 404 247 καὶ
429 217 501 255 μετὰ
515 217 563 246 τοῦ
596 219 784 255 προσήκοντος
799 219 896 254 ἐκείνῳ
911 232 935 258 Δ

107 266 150 292 καὶ
165 266 342 302 φρονήματος
361 267 410 292 καὶ
433 266 525 301 λόγου,
546 266 594 293 καὶ¹
610 266 750 302 σχήματος
761 286 768 298 ,
783 266 831 293 καὶ
845 265 900 293 Κύ-

110 312 192 348 ριλλος
214 313 286 339 κατὰ
309 312 419 345 τούτου,
442 313 490 339 καὶ
517 312 652 348 Κύριλλος
673 313 720 339 καὶ
734 312 900 348 Θεοδώριτος

108 358 164 385 κατ’
190 358 326 393 ἀλλήλων.
348 359 418 386 Φασὶ
443 359 473 386 δὲ
497 360 539 386 ὄτι
565 360 594 386 ἐν
609 359 649 394 τῷ
673 359 763 394 καιρῷ
780 359 828 394 τῆς
844 360 899 386 ἁπ-

108 404 210 439 εχοείας
230 404 380 440 διαρρήδην
398 405 463 432 ἐϐόα
477 405 611 440 Κύριλλος
623 414 630 420 ·
651 405 780 441 Ἰωάννητ
801 405 830 432 ὲν
847 414 900 432 πα-

106 451 259 488 τριάρχαις,
275 452 324 480 καὶ
341 452 444 484 Ἰούδας
460 453 491 479 ἐν
508 452 683 485 ἀποστόλοις.

347 504 351 508 ’
371 521 541 548 ΕΡΩΤΗΣΙΣ
560 522 606 555 ς’.

108 588 197 614 Πόσοι
211 588 432 622 οὶκουμενικαῖς
450 588 595 622 συνόδοις
617 588 784 616 ὑπακούειν
807 588 902 616 ἀπέσ-

217 631 327 658 τησαν,
345 624 413 652 ἀλλ’
429 624 521 651 οὐδὲν
533 624 627 657 αὐτὰς
641 623 794 659 ἕϐλαψαη
814 654 827 657 Α

399 683 597 711 ΑΠΟΚΡΙΣΙΣ.

139 750 261 782 Νουάτος
288 750 303 777 ὁ
331 750 442 786 Ῥώμης
466 749 519 777 ὑπὸ
545 750 705 778 ἐπισκόπων
733 749 900 786 καθῄρηται,

109 797 213 828 Παῦλος
232 797 246 823 ὁ
258 796 444 832 Σαμωσατεὺς
465 796 519 823 ὑπὸ
540 796 574 832 ιβ’
585 796 755 828 ἐπισκόπων,
771 796 808 827 ὼς
826 795 903 831 ψιλὸν

108 843 152 869 τὸν
172 842 289 879 Χριστὸν
305 843 394 877 λέγων
412 842 559 878 ἄνθρωπον
576 842 741 878 κατεκρίθη.
768 843 809 869 Τὰ
832 842 903 870 κατὰ

110 889 254 925 Σύμμαχον
272 889 320 917 καὶ
342 890 508 925 Λαυρέντιον
525 889 572 916 ἐπὶ
598 889 775 916 ’Λναστασίου
789 889 836 916 τοῦ
852 889 902 924 βα-

110 935 203 968 σιλέως
217 936 246 962 ἐν
260 935 354 972 Ῥώμῃ
370 935 514 962 ἐπίσκοποι
528 935 574 962 τὸν
587 935 705 971 ἀριθμὸν
721 938 742 971 ρ’
759 935 901 971 διῄτησαν*

109 983 155 1008 καὶ
179 981 226 1008 τὸν
251 981 301 1016 μὲν
316 981 478 1017 Σύμμαχον,
493 981 530 1013 ὡς
543 981 592 1007 ἕνα
606 981 660 1008 τῶν
676 982 747 1009 ἐπτὰ
770 982 903 1009 διακόνων

108 1027 182 1060 ὅντα,
200 1027 336 1054 καὶκατὰ
359 1027 461 1062 θεσμὸν
484 1027 712 1062 ἐκκλησιαστικὸν
735 1028 781 1054 τὸν
808 1028 904 1062 Θρόνον

107 1073 242 1106 διέποντα,
269 1073 434 1100 ἐδικαίωσαν
461 1073 544 1100 αὑτὸν
562 1074 708 1109 κατέχειν
733 1073 903 1109 Λαυρέντιον

107 1120 145 1153 δέ,
163 1120 316 1156 Νουκερίας
338 1120 506 1153 ἐπίσκοπον,
525 1121 628 1156 καίπερ
652 1120 699 1146 ἐπὶ
715 1120 840 1156 τέσσαρα
856 1120 904 1156 ἐτη

107 1165 157 1202 τὴν
180 1166 290 1202 Ῥώμην
306 1166 474 1202 ταράξαντα,
495 1164 566 1194 εῖναι
592 1166 706 1202 ὥρισαν.
724 1167 860 1202 ⁴¹Υστερον
875 1167 905 1194 δὲ

109 1213 218 1244 στάσεις
233 1212 316 1239 κινῶν
339 1212 418 1244 αὖθις
442 1213 490 1240 καὶ
514 1213 648 1249 ταραχὰς,
673 1213 727 1240 ὑπὸ
754 1214 904 1249 Συμμάχου

109 1259 230 1293 ἐννόμως
259 1258 424 1294 καθῄρηται.
450 1259 503 1286 Τδν
527 1259 758 1294 πνευματομάχον
777 1259 905 1287 Μακεδό-

109 1313 165 1332 νιον
181 1304 329 1332 ἐπίσκοποι
357 1305 483 1332 καθεῖλον
498 1306 527 1331 ἐν
544 1305 844 1337 Κωνσταντινουπόλει,
868 1302 906 1332 ὧν

109 1350 226 1386 ἐξῆρχεν
252 1351 380 1383 Ἀκάκιος
404 1352 418 1377 ὁ
442 1351 614 1387 Καισαρείας
636 1351 686 1386 τῆς
710 1352 904 1387 Παλαιστίνης,

110 1399 158 1425 καὶ
172 1398 197 1424 οἰ
211 1398 280 1434 ἀμφ’
296 1398 388 1426 αὐτόν.
404 1399 457 1425 Τὸν
483 1399 532 1425 καὶ
544 1399 599 1425 τῶν
612 1399 738 1433 ἀγγέλων
754 1399 907 1434 ὑπέρτερον

111 1445 247 1479 πανάγιον
260 1445 456 1481 Χρυσὸστομον
473 1447 586 1481 κρατεῖν
600 1446 646 1473 τδν
666 1446 773 1480 θρόνον,
791 1445 907 1472 ἐπίσκο-

122 1501 157 1519 τοι
176 1492 247 1528 μετὰ
259 1492 308 1528 τὴν
322 1492 477 1527 παράλογον
491 1491 663 1527 καθαίρεσιν,
691 1492 743 1528 τὴν
766 1491 818 1518 ὑπὸ
844 1491 909 1518 Θεο-

113 1539 190 1573 φίλου
207 1539 368 1574 γενομένην,
384 1538 558 1571 ἐδικαίωσαν,
569 1538 619 1574 τὴν
635 1538 731 1565 τούτου
752 1539 819 1574 παρ’
830 1537 908 1565 οὐδὲν

112 1585 223 1620 θέμενοι
240 1585 313 1612 κατὰ
326 1584 374 1611 τοῦ
391 1585 439 1611 καὶ
451 1585 506 1611 τῶν
520 1584 645 1619 ἀγγέλων
662 1584 816 1620 κρείττονος
827 1583 905 1618 ἁγίου
921 1595 941 1624 c

110 1632 212 1668 ψῆφον.
237 1631 319 1659 Ἀλλὰ
333 1632 381 1659 καὶ
398 1632 443 1658 ὅτε
461 1630 539 1663 αὖθις
554 1630 687 1667 ἐξεϐλήθη
700 1630 778 1666 παρὰ
790 1631 841 1666 τῆς
857 1630 906 1665 βα-

112 1679 250 1714 σιλίσσης,
275 1679 403 1706 Λεοντίου
426 1678 475 1706 τοῦ
505 1678 645 1714 Ἀγκύρας
675 1677 827 1705 ἐπισκόπου
851 1677 906 1704 τῶν

112 1727 175 1753 τότε
192 1726 399 1761 ἀνεληλυθότων
414 1726 575 1762 ἐξάρχοντος
585 1746 592 1758 ,
609 1725 735 1761 οἰμώζων
751 1726 798 1752 καὶ
811 1724 907 1751 στενά-

113 1771 169 1805 ζων
185 1773 227 1799 ὅτι
245 1780 277 1806 γε
301 1771 380 1806 δίκης
410 1773 503 1806 τυχεῖν
519 1773 569 1799 οὐκ
585 1772 711 1807 ἠξίωται,
724 1769 758 1808 ἧς
775 1772 822 1798 καὶ
838 1764 921 1806 rupe.

114 1817 258 1852 ϐωρύχους
267 1817 315 1844 καὶ
328 1816 430 1853 λῃστὰς
446 1817 589 1850 ἀξιοῦσθαι
605 1818 755 1853 προσῆκεν,
769 1818 843 1850 ὃπως
853 1818 909 1845 τῶν

113 1863 176 1890 κατ’
193 1862 285 1889 αὐτῶν
309 1862 465 1898 λεγομένων
492 1863 585 1889 διδῶσι
613 1862 704 1897 λόγον,
732 1863 907 1899 ἐκϐἐὸληται.

114 1910 174 1937 Οὐκ
190 1908 223 1936 ἂν
236 1909 266 1936 δέ
283 1907 361 1941 οὗτος
377 1909 478 1944 ᾐτεῖτο,
495 1908 586 1935 καίτοι
603 1917 635 1942 γε
653 1909 695 1941 τίς
707 1910 737 1936 ἐν
749 1911 806 1941 τοῖς
820 1910 910 1937 τοιού-

113 1965 173 1987 τοις
194 1955 277 1982 αὑτοῦ
299 1953 602 1990 ἐπιστημονικώῖεροςς
620 1955 651 1981 Εἰ
675 1953 710 1990 ἦν
726 1955 806 1982 τοῦτο
821 1956 909 1991 παρά-

114 2002 206 2037 λογον⁷
219 2002 250 2028 τὸ
263 2002 316 2028 ὑπὸ
329 2002 487 2028 ἐπισκόπων
505 2000 657 2036 κρίνεσθαι.
676 1999 756 2028 Ἀλλὰ
770 2002 817 2028 καὶ
833 2002 913 2029 Ἀθα-

114 2049 210 2080 νάσιος
227 2049 243 2076 ὁ
264 2048 350 2084 μέγας
367 2047 437 2083 μετὰ
456 2048 506 2083 τὴν
523 2049 552 2074 ἐν
568 2048 688 2084 Σαρδικῇ
706 2047 842 2079 ἀθώωσιν,
863 2048 912 2074 καὶ

113 2096 167 2132 τὴν
190 2096 220 2123 ἐν
238 2094 436 2131 Ἱεροσολύμοις
460 2095 514 2122 ὑπὸ
539 2094 668 2130 Μαξίμου
690 2095 842 2130 γενομένην
862 2095 911 2121 τοῦ

114 2142 298 2178 ὁμολογητοῦ,
319 2142 401 2177 ἡνίκα
427 2141 536 2169 σύνοδον
553 2141 745 2177 συγκροτήσας
765 2141 913 2177 σύμψηφος

115 2189 166 2216 καὶ
182 2189 263 2220 αὐτὸς
279 2190 335 2220 τοῖς
354 2188 426 2225 ὑπὲρ
441 2188 526 2215 αὑτοῦ
548 2188 722 2223 δεδογμένοις
740 2188 860 2222 ἐγένετο,
874 2190 914 2215 εἰ-

917 911 940 941 Β

116 2237 172 2268 δὼς
188 2237 227 2269 ὡς
240 2238 312 2273 μέγα
324 2238 427 2273 ἑκάστη
444 2236 537 2273 ἐνορία
553 2236 641 2271 ἰσχύει
655 2237 695 2267 εἰς
707 2236 740 2262 τὰ
755 2236 816 2263 κατ’
829 2236 915 2272 αὐτὴν

115 2283 157 2315 ὡς
176 2282 249 2315 εἰκὸς
266 2283 452 2318 συμϐαίνοντα
464 2303 472 2315 ,
504 2281 614 2309 σύνοδον
629 2281 684 2308 τῶν
699 2282 759 2308 κατ’
774 2281 913 2316 Αἴγυπτον

116 2329 313 2365 συγκροτήσας
337 2330 507 2362 ἐπισκόπων,
528 2330 721 2364 παρεσκεύασε
745 2327 793 2354 καὶ
815 2327 916 2359 αὐτοὺς

116 2376 222 2411 ὁμοίως
235 2377 294 2408 τοῖς
309 2377 338 2402 ἐν
353 2375 474 2411 Σαρδικῇ
501 2375 551 2402 καὶ
567 2374 736 2410 Παλαιστίνῃ
751 2374 817 2410 περὶ
830 2373 915 2401 αὐτοῦ

115 2421 304 2458 ψηφίσασθαι,
322 2423 369 2450 καὶ
386 2422 472 2458 χωρὶς
487 2421 524 2448 ὢν
538 2421 721 2457 πατριάρχου.

654 148 1020 195 INTERROGATlONES
1039 162 1090 200 v1,
1111 163 1178 195 vn.

949 224 1053 252 tamen,
1070 227 1121 246 nec
1133 219 1236 247 directe
1250 219 1288 247 ad.
1302 219 1363 254 ejus
1378 226 1538 255 personam,
1555 220 1612 248 imo
1629 227 1661 248 ea
1684 228 1746 256 quae

951 264 1028 292 illum
1042 265 1151 293 deceret
1167 265 1323 301 prudentia,
1336 270 1454 300 aptaque
1471 271 1529 293 tum
1544 266 1672 302 loquendi
1687 271 1746 294 tum

952 312 1050 348 agendi
1073 312 1188 340 ratione.
1205 312 1324 348 Cyrillus
1335 313 1419 340 etiam
1436 320 1496 340 cum
1515 313 1575 349 ipso
1593 313 1748 341 simultates

952 359 1076 386 exercuit
1091 363 1194 386 etcum
1215 358 1399 388 Theodorelo.
1417 360 1488 394 Quin
1505 365 1532 388 et
1551 360 1658 387 dissidii
1679 365 1748 387 tem-

951 413 1018 440 pore
1032 405 1109 432 aiunt
1122 405 1255 441 Cyrillum
1269 407 1343 433 clara
1363 414 1432 435 voce
1456 407 1622 434 inclamasse
1639 415 1645 433 :
1661 405 1746 434 Joan-

951 458 1000 478 nes
1019 455 1090 478 inter
1102 451 1286 486 patriarchas,
1302 458 1329 480 et
1341 451 1425 480 Iudas
1438 453 1509 480 inter
1524 452 1675 487 apostolos.

1183 519 1445 547 INTERROGATIO
1470 519 1516 547 VI.

953 588 1024 622 Quot
1055 589 1222 615 mcunmnicis
1247 596 1339 623 parere
1363 588 1473 623 synodis
1498 593 1670 623 recusarunt,
1701 589 1747 617 sed

1077 632 1170 651 earum
1190 625 1379 651 auctoritatem
1392 624 1458 650 nihil
1477 623 1624 652 lwserunt?

1237 679 1397 708 RESPONS
1402 679 1445 708 l0.

988 749 1112 779 Novatus
1140 750 1283 778 Romanus
1315 749 1350 777 ab
1380 749 1517 785 episcopis
1553 754 1748 778 exauctoratus

954 795 1016 823 fuit.
1035 796 1135 824 Paulus
1153 796 1351 823 Samosatenus
1365 803 1381 823 a
1398 796 1432 823 12
1447 795 1595 831 episcopis,
1611 795 1684 831 quod
1697 803 1750 822 nu-

953 842 1019 870 dum
1037 842 1178 870 hominem
1198 850 1260 870 esse
1275 842 1413 870 Christum
1432 843 1553 875 diceret,
1569 842 1749 877 depositionis

955 888 1090 916 sententia
1106 888 1237 915 multatus
1253 892 1306 915 esl.
1322 887 1479 923 Symmachi
1493 891 1519 914 et
1531 887 1673 915 Laurentii
1686 895 1751 915 cau-

956 943 1014 963 sam
1043 934 1095 962 sub
1117 934 1264 962 Anastasio
1297 934 1463 969 imperatore
1491 939 1602 961 centum
1630 933 1657 960 in
1682 933 1751 961 urbe

955 981 1077 1016 episcopi
1086 981 1284 1015 expenderunt,
1294 985 1320 1007 et
1329 980 1523 1015 Symmachum
1531 979 1751 1014 quidem,utpote

955 1035 1040 1054 unum
1056 1035 1090 1055 ex
1105 1034 1207 1062 septem
1227 1026 1361 1059 diaconis,
1389 1031 1417 1054 et
1444 1027 1523 1061 juxta
1549 1026 1751 1054 ecclesiasticas

955 1073 1113 1101 sanctiones
1126 1072 1218 1100 sedem
1235 1072 1423 1104 obtinentem,
1451 1071 1477 1098 in
1495 1072 1616 1106 ejusdem
1638 1078 1750 1107 posses-

955 1119 1032 1148 sione
1043 1119 1216 1147 rctinendnm
1227 1126 1287 1146 csse
1297 1124 1484 1151 censuerunt;
1500 1118 1675 1145 Laurentium
1685 1125 1751 1145 vero

937 1167 1003 1201 .qui
1019 1171 1136 1201 quatuor
1151 1165 1232 1193 annis
1256 1164 1373 1193 Romam
1395 1166 1528 1198 turbaret,
1546 1164 1673 1192 Nuceria
1692 1164 1752 1200 epi-

956 1220 1070 1248 scopum
1088 1220 1150 1240 esse
1165 1213 1367 1245 decreverunt;
1387 1219 1506 1247 cumque
1524 1211 1653 1246 deinceps
1680 1211 1754 1239 selli-

957 1259 1046 1287 tiones
1062 1267 1159 1287 rursus
1177 1266 1210 1286 ac
1223 1259 1316 1286 turbas
1331 1263 1463 1290 moveret,
1473 1266 1487 1284 a
1498 1257 1665 1294 Symmacho
1678 1258 1754 1293 juste

956 1305 1178 1341 depositus-fuit.
1190 1305 1384 1333 Macedoniam
1396 1305 1518 1340 Spiritus
1537 1305 1624 1333 sancti
1647 1305 1753 1333 hostem

956 1351 1328 1387 episcOpiConstantinopoli
1344 1352 1503 1386 congregati
1522 1351 1656 1385 dignitate
1672 1350 1752 1378 abdi-

958 1403 1067 1431 carunt,
1078 1398 1149 1425 inter
1163 1406 1233 1433 quos
1247 1398 1363 1426 Aeacius
1380 1398 1511 1426 Caesarea:
1527 1398 1679 1426 Paiwstinze
1692 1399 1753 1434 epi-

957 1456 1068 1484 scopus,
1087 1449 1204 1484 ejusque
1233 1447 1360 1474 fautores
1391 1447 1541 1476 emicuere.
1557 1448 1669 1482 Angelis
1686 1447 1754 1483 ipsis

959 1495 1177 1531 praestantiorem
1193 1494 1458 1529 sanctissimumque
1477 1495 1708 1529 (Ihrysostomum
1725 1494 1752 1521 in

959 1542 1075 1577 pristina
1092 1541 1184 1569 sedem
1211 1540 1318 1567 restitui
1346 1539 1446 1567 debere
1470 1546 1530 1574 post
1548 1539 1609 1574 ejus
1630 1539 1754 1575 iniquam

960 1588 1162 1624 depositionem
1182 1595 1198 1614 a
1218 1585 1370 1621 Theophila
1390 1585 1490 1613 {actam
1506 1586 1628 1621 episcopi
1644 1586 1754 1621 judica-

960 1638 1034 1666 runt.
1056 1632 1220 1662 sententiam
1237 1632 1272 1659 ab
1286 1632 1333 1659 illo
1353 1631 1485 1658 adversus
1498 1632 1603 1665 angelis
1616 1632 1683 1667 ipsis
1697 1640 1756 1660 me-

959 1681 1055 1708 liorem
1071 1684 1198 1708 sanctum
1214 1678 1297 1706 latam
1314 1686 1363 1713 pro
1386 1677 1474 1704 nihilo
1493 1682 1631 1712 putantes.
1657 1677 1710 1705 Sed
1728 1683 1755 1706 et

960 1735 1022 1755 cum
1048 1726 1148 1754 iterum
1169 1725 1203 1752 ab
1218 1724 1393 1760 imperatoris
1419 1725 1536 1760 conjuge
1551 1725 1584 1752 de
1604 1725 1755 1761 episcopali

960 1773 1024 1800 sede
1042 1772 1246 1803 delurbaretur,
1264 1770 1379 1798 Leontio
1395 1771 1551 1807 Ancyrano,
1566 1771 1670 1805 primas
1684 1771 1757 1799 inter

961 1819 1106 1854 episcopos
1121 1818 1168 1853 qui
1182 1823 1249 1845 tunc
1260 1821 1446 1845 convenerant
1456 1822 1563 1852 agente,
1577 1817 1633 1852 ipse
1648 1817 1756 1852 cjulans

961 1870 1044 1901 atque
1069 1865 1272 1901 ingemiscens,
1306 1864 1379 1899 quod
1395 1863 1529 1899 justitiam
1552 1864 1684 1900 consequi
1705 1864 1758 1892 sibi

963 1923 1017 1940 non
1035 1913 1140 1945 liceret,
1157 1919 1211 1947 qua
1238 1915 1265 1939 et
1282 1911 1472 1946 sepulcrorum
1496 1911 1655 1943 elTossores,
1672 1910 1759 1938 latro-

963 1967 1067 1994 nesque
1088 1966 1143 1986 non
1160 1958 1281 1985 fraudari
1296 1966 1345 1993 par
1357 1963 1417 1985 crat
1436 1958 1478 1992 (ut
1496 1958 1600 1986 scilicet
1616 1964 1711 1985 eorum
1725 1957 1759 1986 de

963 2007 1064 2042 quibus
1079 2013 1277 2034 aceusarentur
1296 2006 1429 2033 rationem
1446 2005 1612 2039 redderent)
1643 2004 1669 2031 in
1686 2004 1759 2032 exsi-

965 2053 1031 2079 lium
1045 2051 1147 2079 missus
1164 2052 1225 2079 fuit.
1239 2052 1326 2079 Porro
1342 2059 1396 2078 non
1409 2051 1449 2078 ita
1463 2056 1631 2085 conquestus
1643 2049 1758 2083 fuisset;

965 2105 1029 2125 nam
1047 2098 1109 2132 quis
1126 2096 1263 2132 ejusmodi
1278 2105 1371 2124 rerum
1392 2098 1450 2131 ipso
1464 2096 1590 2124 doctior?
1607 2095 1636 2122 Si
1652 2096 1686 2123 ab
1702 2095 1762 2130 epi-

966 2144 1058 2178 seopis
1068 2143 1185 2178 judicari
1197 2144 1347 2171 absurdum
1359 2143 1586 2177 contrariamque
1599 2141 1764 2169 ecclesiasti-

966 2191 1007 2218 cis
1025 2191 1129 2226 legibus
1145 2195 1231 2218 esset.
1247 2190 1300 2217 Sed
1328 2194 1355 2217 et
1384 2197 1501 2225 magnus
1515 2188 1685 2216 Athanasius
1700 2192 1764 2224 post.

967 2237 1027 2272 ejus
1046 2237 1248 2264 absolutionem
1263 2237 1289 2264 in
1301 2236 1461 2264 Sardiccnsi
1477 2236 1606 2269 concilio,
1623 2235 1763 2270 aliamque

969 2283 1163 2320 Hierosolymis
1180 2292 1195 2311 a
1211 2283 1331 2311 Maximo
1346 2282 1504 2311 confessori:
1523 2283 1622 2311 factam
1642 2281 1765 2318 (quando

970 2336 997 2358 ct
1009 2331 1066 2366 ipse
1081 2332 1225 2359 sententize
1239 2331 1273 2358 de
1282 2330 1436 2358 Athanasio
1448 2330 1520 2365 apud
1533 2326 1676 2357 Sal-dicant
1692 2328 1765 2360 latae,

973 2377 1078 2412 synodo
1094 2382 1200 2410 coacta,
1219 2377 1370 2412 consensit)
1396 2377 1479 2410 probe
1498 2376 1589 2404 sciens
1602 2379 1721 2410 quanta,
1737 2379 1769 2402 ut

972 2431 1022 2458 par
1035 2428 1088 2456 est,
1105 2425 1268 2451 auctoritate
1281 2423 1526 2458 comprovinciaies
1553 2422 1674 2458 episcopi
1702 2421 1761 2457 pol-

117 2469 194 2496 lcant
207 2469 234 2496 in
255 2469 348 2497 causis
367 2468 590 2503 uniuscujusque
607 2468 756 2503 provinciae
786 2467 981 2503 dijudicandis,
1015 2471 1152 2506 synodum
1164 2470 1274 2506 [Egypti
1302 2472 1493 2506 episcoporum
1522 2477 1704 2505 congregans,
1722 2469 1770 2496 ου’

117 2516 194 2553 l.avit
210 2520 240 2543 ut
257 2522 282 2542 et
302 2516 353 2551 ipsi
378 2516 451 2543 haud
471 2516 581 2543 diversa
615 2523 630 2542 a
660 2515 833 2544 Sardicensis
850 2521 878 2544 et
904 2515 1147 2554 llierosMymitani
1179 2518 1292 2546 concilii
1309 2518 1453 2546 sententiis
1466 2518 1500 2546 de
1521 2525 1551 2546 se
1577 2510 1770 2546 decernerent’

118 2561 250 2598 quamvis
264 2562 331 2589 nulli
347 2562 510 2596 patriarcha:
522 2562 658 2590 subesset.

417 2619 588 2646 ΕΡΩΤΗΣΙΣ
601 2620 638 2647 Z'.

117 2679 204 2708 Ποῖοι
226 2675 371 2710 βασιλεῖς
396 2675 588 2715 ὴ-ζωνίσαντρ
611 2674 680 2710 περὶ
709 2674 833 2710 εἰρήνης
859 2673 920 2702 τῶν

413 2712 606 2744 Ἐκκλησιῶν
615 2719 625 2744 ;

426 2769 623 2798 ΑΠΟΚΡΙΣΙΣ.

158 2833 366 2863 Κωνσταντῖνος
388 2832 403 2857 ὁ
421 2829 508 2865 μέγας
524 2828 660 2864 ἐδήλωσεν
681 2827 779 2862 ’Δρείῳ
793 2826 842 2863 τὴν
858 2828 920 2855 κατ’

127 2877 308 2914 Ἀλέξανδρον
323 2875 475 2904 καταλῦσαι
491 2874 603 2911 ἔχθραν,
619 2874 666 2900 καὶ
681 2872 823 2908 διαιτητὴν
845 2873 920 2909 αὐτῷ

224 2926 363 2957 Ρλτιιοι..
387 2925 446 2956 Gn.
472 2922 551 2954 CIV.

1200 2620 1464 2650 INTERROGATIO
1480 2620 1539 2650 Vll.

974 2677 1091 2711 Quinam
1112 2678 1359 2741 inlparatorezipro
1384 2678 1482 2740 ιιιεηὶξια
1506 2677 1688 2705 Ecclesiarum
1709 2684 1773 2711 pace

1291 2721 1432 2741 imicarum

1291 2721 1369 2741 tmtca
1373 2721 1432 2740 runt

1268 2769 1403 2797 RESPON
1408 2769 1473 2797 SIO.

1011 2827 1213 2855 Constantinus
1229 2834 1347 2862 magnus
1364 2826 1431 2854 Ario
1442 2825 1593 2853 declaravit
1607 2833 1637 2853 se
1650 2825 1731 2859 velle,
1745 2831 1776 2853 ut

975 2881 1046 2910 quas
1055 2873 1234 2910 gerebatcum
1243 2872 1400 2901 Alexandro
1408 2872 1568 2900 inimicitias
1576 2877 1774 2908 exstingueret,

1519 2919 1558 2951 39
