1948 3070
180 165 247 198 1ἓ2¹1

738 163 872 196 ΡΗΟΤΙῙ
893 162 1151 194 PATRIABCM
1171 162 1227 194 ΟΡ.

1743 161 1813 194 1228

169 231 197 254 ct
209 224 370 262 qumstiouis
378 224 512 253 arbitrum
522 223 618 252 Osium
630 224 819 252 confessorem
831 223 864 250 ad
875 222 965 258 ipsum
979 248 984 254 Α

1039 223 1114 248 Jatov
1122 222 1168 250 τὸν
1180 220 1352 258 όμολογητὴν
1366 220 1502 255 ἔστειλεν,
1513 219 1558 248 ὅτε
1570 219 1619 247 καὶ
1633 218 1764 255 ἔγραψεν,
1778 219 1815 252 ὡς

170 271 255 303 misit,
273 278 328 306 quo
346 274 469 306 tempore
496 269 578 297 etiam
594 268 707 304 scripsit
734 275 779 301 se,
796 275 859 295 cum
884 267 968 295 vellet

170 321 266 346 sancta
291 316 549 352 Hierosolymitana‘.
574 315 652 344 urbis
678 315 737 342 loca
753 313 967 342 venerabundus

169 369 270 400 petere,
283 369 309 393 et
320 364 357 392 ibi
370 363 475 392 Pascha
487 363 597 391 efﬁcere
609 362 644 390 ob
657 367 766 390 mutuas
780 361 840 389 illas
857 361 967 389 dissen-

170 411 261 439 siones
280 410 393 438 vetitum
422 409 518 437 fuisse.
544 408 612 436 Ario
632 413 723 436 autem
742 408 822 435 dictis
845 414 899 435 non
921 413 970 442 pa-

172 462 257 490 rente,
288 463 415 492 magnam
436 455 572 491 synodum
600 454 707 482 indixit.
728 452 901 481 Theodosius
919 451 970 479 De-

171 503 293 538 mophilo
318 503 419 530 Ariano
443 501 616 537 significavit,
645 502 667 529 si
688 501 824 529 licclesias
847 499 971 526 obtinere

172 550 261 581 vellet,
277 549 391 584 pacificc
404 555 468 583 erga
479 548 630 575 Ecclesiam
647 555 676 574 se
688 550 804 582 gereret,
820 544 971 580 sinﬁminus

174 594 294 623 Ecclesia
306 594 449 622 excederet
468 594 514 622 :id
531 594 604 629 quod
621 593 721 621 iactant
738 592 799 626 fuit,
816 591 971 619 ordinatus-

172 649 225 676 que
241 645 282 669 cst
306 641 458 668 Nectarius.
483 640 555 667 ldcm
575 639 618 667 hic
635 640 790 674 imperator,
810 636 970 664 lnnocentio

173 695 205 714 ac
217 687 359 722 [Flaviano
377 687 493 714 invicem
508 686 716 718 dissidentibus,
736 693 783 719 per
801 691 832 712 se
853 682 972 711 inimici-

175 734 238 761 tiam
252 732 363 760 sustulit
379 739 394 759 e
410 732 512 764 medio,
529 739 561 758 ac
579 731 741 766 proﬂigavit.

387 786 650 815 INTERROGATIO
672 785 738 815 Vill.

176 847 343 879 Quibusnam
372 845 399 872 in
412 845 531 880 agundis,
551 853 583 871 ea:
598 845 707 871 diuersis
720 844 781 870 licet
797 843 973 877 archiepisco-

211 882 317 917 pulibus
342 879 442 907 tln'onis
463 881 564 907 collecti
592 880 691 915 fuerint
707 880 837 914 episcopi,
863 879 973 917 itlorum

213 915 364 944 sanctiones
389 923 438 943 suo
468 916 561 942 robore
589 922 754 946 caruerunt,
778 923 808 942 eo
835 915 897 949 quia
926 922 972 940 nec

208 953 292 987 justo,
313 960 358 979 nec
372 952 515 979 secundum
530 950 722 978 ecclesiasticas
737 950 842 985 regulas
857 949 972 976 condita:

213 988 323 1023 fuerint.

986 903 1011 933 B

478 1043 682 1073 RESPONSIO.

215 1105 321 1133 Accidit
338 1104 389 1132 hoc
403 1104 540 1139 episcopis
558 1104 629 1139 apud
646 1103 820 1130 Antiochiam
834 1101 972 1130 Constan-

180 1152 219 1180 tio
239 1152 391 1186 imperante
418 1151 446 1178 in
473 1150 590 1185 speciem
616 1149 776 1178 dedicandae
792 1149 922 1177 Ecclesia:
938 1148 976 1176 ibi

181 1199 216 1226 ab
230 1198 289 1232 ipso
304 1195 445 1225 indiiicatte
460 1196 645 1231 congregatis.
659 1196 690 1223 Hi
704 1196 777 1224 enim
793 1195 977 1223 Athanasium

182 1245 293 1280 quidem
310 1244 366 1279 jam
380 1248 458 1271 antea
475 1251 490 1270 a
506 1243 613 1279 synodo
632 1242 715 1279 Tyrio
732 1243 892 1278 episcopatu
916 1249 978 1278 spo-

182 1291 290 1322 liatum,
312 1297 410 1317 rursus
425 1288 593 1324 deposuere;
610 1288 774 1324 Gregorium
793 1295 858 1315 vero
877 1288 904 1314 in
918 1287 979 1322 ejus

184 1338 275 1364 locum
293 1335 456 1363 ordinarunt
471 1335 641 1370 episcopum,
655 1342 773 1370 quorum
789 1339 916 1361 neutrum
933 1334 980 1361 ﬁr-

184 1392 259 1410 mum
270 1387 317 1410 aut
328 1382 425 1409 stabile
435 1381 596 1416 permansit.
615 1379 802 1408 lnterfuerunt
813 1387 904 1408 autem
916 1380 982 1408 huic

185 1428 293 1465 synodo
311 1426 446 1456 Eusebius
476 1432 542 1455 tunc
557 1426 813 1462 Constantinopolis
826 1446 834 1459 ,
862 1431 889 1454 et
903 1425 983 1453 Flac-

186 1477 266 1503 cilius
281 1475 433 1503 Antiochiae
445 1474 575 1509 episc0pi,
592 1481 711 1509 cumque
731 1473 766 1501 iis
792 1473 840 1500 alii
865 1480 982 1500 numero

188 1523 339 1558 nonaginta
360 1527 475 1557 septem.
493 1521 567 1548 [dem
581 1521 684 1556 pariter
698 1520 800 1548 accidit
816 1521 859 1548 his
882 1520 928 1556 qui
956 1520 983 1546 in

187 1569 322 1604 Ephesina
334 1568 402 1596 urbe
414 1568 547 1595 adversus
564 1565 863 1603 magnumFlarianum
881 1573 982 1593 conve-

189 1619 302 1648 nerant;
315 1615 429 1642 aderant
443 1613 516 1641 enim
535 1614 563 1641 in
577 1613 624 1640 illa
639 1613 743 1649 synodo
755 1612 902 1640 Dioscorus
917 1612 982 1639 Ale-

190 1662 350 1695 xandrinus,
360 1660 501 1688 Iuvenalis
510 1659 784 1696 llierosolymitanus,
797 1659 984 1687 etAnliochiaz

189 1710 335 1744 cpiscopus
349 1716 411 1736 cum
438 1707 500 1735 aliis
521 1707 610 1735 doctis
625 1705 855 1742 orlhodoxisque,
870 1706 917 1742 qui
932 1705 986 1733 Eu-

190 1757 298 1792 tyehem
314 1755 424 1791 quidem
445 1753 604 1782 haereticum
630 1753 805 1781 innocentem
822 1753 986 1788 pronuntia-

192 1807 267 1835 runt,
284 1809 316 1828 ac
338 1800 508 1829 sacerdotale
522 1799 574 1835 ipsi
591 1807 692 1826 munus
708 1798 903 1832 reddiderunt,
927 1806 988 1826 san-

190 1852 266 1875 ctmn
298 1854 364 1874 vero
389 1845 551 1873 Flavianum
582 1845 848 1872 condemnarerunt.
879 1843 932 1871 Sed
961 1849 990 1870 et

193 1894 326 1920 adversus
351 1891 566 1924 Thcudoretum,
596 1890 698 1926 Cyrillo
721 1890 908 1918 Alexandrino
928 1894 990 1925 post

193 1940 300 1967 obitmn
316 1938 525 1974 gratiﬁcantes,
553 1939 718 1965 sententiam
745 1937 843 1971 tulere,
869 1946 988 1973 quorum

195 1985 264 2012 nihil
279 1986 476 2012 inconcussum
492 1984 609 2016 exstitit,
626 1984 719 2011 omnia
737 1983 810 2011 enim
826 1984 907 2020 paulo
930 1988 991 2019 post

195 2039 293 2069 quarta
309 2033 448 2070 synodus,
476 2033 584 2068 aliaque
611 2032 682 2068 apud
708 2032 871 2068 Byzantium
896 2037 991 2060 coacta

195 2080 339 2113 subvertit,
364 2079 438 2107 nulla
457 2079 548 2106 habita
566 2079 678 2107 absurdi
700 2079 756 2107 illic
770 2079 992 2107 convenientium

196 2127 388 2161 cpiScoporum
418 2132 571 2153 consensus
598 2125 715 2152 ratione.
744 2124 817 2152 Idem
844 2124 992 2152 dicendum

198 2174 231 2201 (Ie
247 2173 282 2200 iis
301 2172 347 2208 qui
363 2177 459 2199 contra
474 2172 567 2199 divum
583 2171 812 2207 Chrysoslomum
842 2171 992 2199 concilium

198 2227 295 2255 egere,
327 2220 372 2246 cui
401 2218 489 2246 adfuit
510 2218 681 2254 Theophilus
698 2218 902 2247 Alexandrinus
930 2225 994 2245 cum

1020 267 1183 303 βουλόμενος
1207 268 1403 305 προσκυνητὴς
1427 267 1482 295 τῶν
1499 267 1586 302 ἁγίων
1609 266 1702 293 τόπων
1717 266 1773 292 τῶν
1786 266 1815 293 ἒν

1024 315 1225 352 Ἰεροσολύμοις
1238 315 1377 351 γενέσθαι,
1395 315 1478 343 κάκεῖ
1501 315 1532 342 τὸ
1544 314 1642 349 Πάσχα
1663 313 1814 346 ἐκτελέσαι,

1018 362 1064 389 διὰ
1077 363 1142 394 τοὺς
1154 363 1224 399 πρὸς
1238 362 1372 399 ἀλλήλους
1386 361 1584 393 στασιάζοντας
1594 360 1730 396 ἐκωλύθη.
1748 357 1815 386 Εἶτα

1021 407 1059 444 μὴ
1077 408 1176 440 πείσας
1190 428 1198 442 ,
1229 407 1280 444 τὴν
1297 407 1421 444 μεγάλην
1437 406 1569 442 ἐκρότησε
1586 405 1704 433 σύνοδον.
1721 404 1815 431 Θεοδό-

1021 463 1079 486 σιος
1103 456 1225 491 ἐμήνυσε
1247 454 1394 491 Δημοφίλῳ
1415 453 1454 488 τῷ
1484 452 1617 489 Ἀρειανῷ
1643 453 1668 479 εί
1693 450 1814 487 βούλοιτο

1021 503 1133 536 κρατεῖν
1152 501 1208 529 τῶν
1226 501 1396 537 Ἐκκλησιῶν
1417 499 1576 537 είρηνεῦσαι
1591 498 1660 534 πρὸς
1679 498 1730 534 τὴν
1754 498 1816 525 Ἐκ-

1021 547 1136 583 κλησίαν
1148 557 1154 564 ν
1171 548 1195 575 εί
1209 548 1238 575 δὲ
1254 547 1447 584 μὴείρηνεύοι,
1465 546 1654 582 ἀναχωρῆσαι’
1670 545 1685 573 ὃ
1698 545 1744 573 καὶ
1757 545 1817 579 ἐγέ-

1022 603 1094 628 νετο,
1110 595 1158 622 καὶ
1180 594 1375 631 ἐχειροτονήθη
1396 593 1560 629 Νεκτάριος.
1581 593 1611 620 Ὁ
1631 592 1713 624 αὐτὸς
1729 588 1817 624 οὗτος,

1023 641 1084 668 κατ’
1108 640 1234 675 ἀλλήλων
1248 640 1403 675 γενομένων
1424 639 1599 667 Ἰννοκεντίου
1628 639 1674 666 καὶ
1697 638 1816 665 Φλαυῖα-

1023 687 1140 723 νοῦ,τὴν
1155 687 1312 723 ἀναμεταξὺ
1328 686 1420 714 αὐτῶν
1435 685 1537 722 ἔχθραν
1551 687 1584 713 ἐκ
1602 685 1690 713 ποδῶν
1703 684 1816 720 ἐποίησε

1025 736 1073 762 καὶ
1088 734 1215 770 ἠφάνισε.

1301 790 1470 818 ΕΡΩΤΗΣΙΣ
1489 790 1530 818 H'.

1030 850 1080 877 Ἔν
1094 849 1195 890 ποίαις
1213 848 1358 890 συγόᾷοις
1369 869 1376 880 .
1398 848 1506 890 καίπερ
1522 847 1731 890 ἐκιδιαφόρρν
1747 848 1821 884 ἀρχ-

1063 884 1219 920 ιερατικῶν
1250 885 1365 919 θρόνων
1389 883 1636 918 συνειλεγμένων
1659 883 1718 910 τῶν
1744 883 1822 911 σὺν·-

1061 921 1224 950 ελθόντων,
1240 921 1297 948 οὐκ
1315 920 1409 954 ἔσχεν
1428 919 1522 953 ἰσχὺν
1534 919 1570 946 τὰ
1586 918 1762 953 δεδογμένα,
1773 920 1823 947 διὰ

1061 957 1094 984 τὸ
1108 956 1150 992 μὴ
1166 956 1292 992 ἐνδίκως
1308 955 1358 983 καί
1373 956 1449 982 κατὰ
1466 954 1580 990 θεσμὸν
1606 955 1823 989 ἐκκλησιαστι-

1063 991 1119 1019 κάν
1137 991 1288 1027 γενέσθαι.

1326 1049 1524 1077 ΔΠΟΚΡΙΣΙΣ.

1071 1107 1134 1134 Ἐπὶ
1157 1107 1212 1134 τῶν
1240 1107 1269 1134 ὲν
1290 1108 1443 1144 Ἀντιοχείᾳ
1466 1107 1650 1135 συνελθόντων
1674 1107 1722 1133 ἐπὶ
1744 1095 1825 1133 Κωνί

992 1183 996 1186 ,
1029 1153 1166 1186 σταντίου,
1188 1153 1323 1189 προφάσει
1337 1152 1393 1180 τῶν
1405 1153 1552 1188 ὲγκαινίων
1566 1152 1617 1187 τῆς
1630 1153 1690 1179 ἐκεῖ
1707 1151 1828 1178 κτισθεί-

1030 1207 1080 1235 σης
1102 1199 1147 1226 ὑπ’
1171 1199 1255 1226 αὑτοῦ
1281 1199 1363 1233 ἁγίας
1381 1198 1561 1234 Ἐκκλησίας·
1583 1194 1656 1225 οὗτοι
1669 1198 1725 1234 γὰρ
1745 1197 1827 1224 Ἀθα-

1030 1248 1122 1275 νάσιον
1140 1247 1190 1282 μὲν
1216 1244 1296 1278 αὖθις
1321 1246 1460 1278 καθεῖλον,
1475 1246 1527 1281 ἤδη
1543 1245 1591 1272 καὶ
1616 1245 1751 1281 πρότερον
1770 1242 1826 1270 ὑπὸ

1031 1294 1085 1320 τῶν
1100 1294 1129 1320 ὲν
1145 1292 1227 1328 Τύρῳ
1251 1291 1466 1327 καθαιρεθέντα·
1490 1291 1642 1326 Γρηγόριον
1658 1290 1687 1317 δὲ
1702 1290 1759 1317 ἀντ’
1775 1289 1827 1316 αῦ-

1032 1340 1079 1367 τοῦ
1096 1341 1136 1371 είς
1160 1339 1206 1365 τὸν
1223 1338 1306 1366 αὑτοῦ
1324 1337 1419 1373 θρόνον
1436 1337 1656 1373 ἐχειροτόνησαν,
1672 1333 1710 1363 ὧν
1725 1335 1830 1362 οὐδέτε-

1033 1395 1080 1422 ρον
1105 1386 1197 1421 ἓμεινε
1217 1384 1336 1420 βέϐαιον.
1353 1382 1444 1410 Ἶίσαν
1466 1384 1494 1410 δὲ
1513 1384 1542 1410 ὲν
1568 1383 1636 1418 αὐτῇ
1664 1382 1797 1413 Εὐσέϐιος
1814 1382 1829 1408 ὁ

1032 1432 1094 1459 τότε
1119 1430 1445 1461 Κωνσταντινουπόλεως,
1472 1429 1520 1456 καὶ
1541 1429 1676 1460 Πλάκιτος
1693 1429 1708 1455 ὁ
1726 1429 1830 1455 Ἀντιο-

1033 1478 1110 1514 χείας
1123 1498 1131 1510 ,
1159 1477 1219 1513 μεθ’
1237 1473 1275 1504 ὧν
1290 1477 1436 1504 ἐπίσκοποι
1452 1476 1615 1512 ἐνενήκοντα
1630 1475 1677 1502 καὶ
1699 1475 1769 1502 emat
1783 1475 1831 1501 τὸν

1034 1524 1152 1560 ἀριθμὸν
1177 1524 1299 1550 ἐτέλουν.
1319 1523 1458 1554 Ὡσαύτως
1476 1522 1523 1550 καὶ
1541 1522 1587 1549 ἐπὶ
1603 1521 1657 1548 τῶν
1670 1522 1700 1548 ὲν
1724 1520 1832 1556 Ἐφέσῳ

1039 1572 1110 1599 κατὰ
1125 1571 1173 1597 τοῦ
1190 1569 1310 1605 μεγάλου
1327 1568 1548 1605 συνεληλυθότων
1570 1567 1737 1595 Φλαυῖανοῦ·
1756 1575 1832 1602 παρ-

1034 1619 1104 1653 ῆσαν
1125 1617 1181 1653 γὰρ
1205 1617 1235 1643 εν
1264 1616 1333 1652 αὐτῇ
1357 1616 1505 1651 Διόσκορος
1534 1613 1756 1650 Ἀλεξανδρείας,
1784 1613 1834 1640 καὶ

1041 1665 1217 1697 Ἰουϐενάλιος
1241 1664 1448 1700 Ἰεροσολύμων,
1476 1664 1524 1691 καὶ
1548 1665 1563 1691 ὸ
1588 1663 1758 1699 Ἀντιοχείας
1784 1663 1835 1690 σὺν

1038 1713 1140 1744 ἱκανοῖς
1164 1711 1318 1748 όρθοδόξοις
1340 1711 1520 1743 ἐπισκόποις,
1543 1711 1569 1738 οἳ
1587 1710 1695 1746 Εὐτυχῆ
1713 1710 1763 1745 μὲν
1787 1709 1835 1737 τὸν

1038 1759 1176 1795 αἱρετικδν
1188 1758 1278 1786 ἀθῶον
1289 1759 1445 1794 ἀπέφηναν,
1464 1758 1512 1786 καὶ
1526 1758 1577 1794 τὴν
1593 1758 1744 1794 ἱερωσύνην
1758 1757 1836 1793 αὑτῷ

1038 1806 1201 1834 ἀπέδωκαν
1230 1805 1379 1832 Φλαυῖανὺν
1407 1804 1436 1832 δὲ
1463 1804 1510 1832 τὸν
1538 1804 1616 1840 ἅγιον
1640 1804 1836 1832 κατεδίκασαν.

1045 1852 1126 1879 Ἀλλὰ
1145 1851 1194 1878 καὶ
1207 1851 1390 1887 Θεοδώριτον,
1409 1850 1538 1888 Κυρίλλῳ
1559 1850 1629 1886 μετὰ
1642 1850 1773 1885 τελευτὴν
1789 1858 1840 1885 χα-

1042 1898 1192 1934 ριζόμενοι,
1215 1898 1393 1933 κατέκριναν,
1408 1894 1447 1924 ὧν
1464 1897 1540 1925 οὐδὲν
1559 1896 1709 1924 ἀσάλευτον
1724 1896 1819 1932 ἔμεινε
1830 1903 1838 1911 ·

1041 1945 1132 1972 πάντα
1156 1945 1212 1980 γὰρ
1230 1943 1289 1979 μετ’
1308 1943 1397 1977 ὀλίγον
1416 1943 1566 1979 ἠτετάρτη
1591 1942 1699 1975 σύνοδος
1717 1943 1734 1978 ή
1751 1943 1794 1974 είς
1809 1942 1841 1969 τὸ

1042 1991 1189 2024 Βυζάντιον
1209 1990 1389 2026 μετέστρεφε,
1413 1990 1463 2025 τὴν
1486 1990 1642 2026 παράλογον
1668 1989 1724 2017 τῶν
1747 1990 1841 2017 ἐκεῖσε

1044 2037 1265 2073 συνεληλυθότων
1294 2036 1455 2071 συμφωνίαν
1473 2037 1502 2063 ὲν
1518 2037 1607 2064 οὐδενὶ
1628 2035 1738 2071 θέμενοι
1754 2036 1840 2072 λόγῳ.

1048 2084 1168 2119 Ὁμοίως
1189 2084 1237 2110 ἐπὶ
1252 2083 1307 2110 τῶν
1325 2083 1397 2110 κατὰ
1418 2083 1467 2110 τοῦ
1493 2084 1522 2110 ὲν
1536 2083 1625 2118 ἁγίοις
1641 2083 1842 2119 Χρυσοστόμου

1045 2129 1275 2164 συνεληλυθότων·
1307 2128 1400 2164 παρῆν
1427 2128 1484 2164 γὰρ
1511 2130 1540 2155 ὲν
1568 2128 1637 2164 αὐτῇ
1668 2129 1800 2163 Θεόφιλος
1827 2130 1843 2156 ὁ

1051 2174 1257 2211 Ἀλεξανδρείας
1281 2175 1329 2201 σὺν
1352 2175 1400 2202 καί
1422 2183 1477 2201 τισι
1493 2174 1548 2201 τῶν
1570 2174 1654 2202 αὑτοῦ
1668 2176 1843 2209 ἐπισκόπων,

1045 2220 1188 2248 κα.ὶαὺτοῦ
1205 2221 1233 2248 δὲ
1253 2221 1301 2248 τοῦ
1314 2222 1343 2247 ἐν
1365 2221 1455 2256 ἁγίοις
1474 2222 1792 2254 Κωνσταντινουπόλεώς
1802 2231 1846 2249 τι-

199 2267 261 2294 aliis
273 2266 439 2301 quibusdam
456 2265 594 2300 episc0pis
605 2285 612 2297 ,
628 2265 824 2300 nommllisque
853 2265 934 2292 etiam
958 2272 984 2292 ei

1047 2276 1091 2300 νες
1102 2269 1136 2303 τῇ
1153 2267 1313 2302 καθαιρέσει
1329 2268 1505 2302 συνήργησαν
1520 2267 1618 2304 ταύτῃ.
1640 2267 1720 2294 Ἀλλὰ
1736 2268 1785 2294 καὶ
1798 2268 1848 2295 ἐπὶ

200 2311 258 2347 ipsa
275 2311 465 2346 Chrysoslomi
480 2309 591 2338 dioecesi
606 2309 804 2344 depositionem
820 2310 879 2344 ejus
892 2316 996 2344 urgen-

200 2358 275 2385 tibus
286 2364 368 2392 atqnc
379 2356 585 2392 adjuvantibus.
601 2356 731 2389 Quinimo
746 2364 800 2382 non
812 2362 892 2382 secus
904 2359 996 2382 actum

201 2409 244 2432 est
258 2404 291 2431 de
308 2403 444 2439 episcopis
458 2402 491 2430 76
507 2401 688 2429 orientalibus
704 2401 774 2436 apud
785 2399 997 2435 Philippopolim

202 2451 327 2479 Thracia:
341 2449 577 2482 convenientibus,
602 2456 663 2475 cum
679 2447 798 2475 Sardij
817 2447 938 2483 synodus
952 2453 998 2474 ce-

203 2497 334 2526 lebranda
343 2502 412 2525 erat.
424 2496 594 2524 Cclebriores
606 2495 680 2523 enim
694 2499 721 2522 et
732 2494 868 2522 doctiores
878 2493 998 2528 episcopi

205 2553 238 2573 ex
267 2543 404 2572 unisersis
429 2542 630 2578 propemodum
655 2539 777 2569 Orientis
805 2540 918 2568 sedibus
942 2539 1000 2569 illic

204 2591 363 2627 congregati
391 2589 494 2617 Julium
513 2589 623 2624 quidem
641 2586 798 2615 Romanum
827 2587 998 2622 pontiﬁcem,

205 2643 232 2666 ct
244 2638 342 2666 Osium
360 2636 561 2667 confessorem,
574 2635 700 2669 aliosque
725 2633 873 2662 nonnullos
890 2634 1001 2661 damna-

206 2690 289 2718 runt;
304 2682 447 2711 Athanasii
463 2690 530 2710 vero
555 2686 582 2708 ct
605 2681 681 2708 Pauli
700 2688 861 2716 magnorum
877 2680 999 2708 virorum

207 2731 418 2766 depositione-In,
434 2733 463 2756 ut
476 2728 527 2756 sibi
544 2728 698 2760 videbatur,
717 2727 927 2762 conﬁrmarunt,
941 2736 1003 2763 qua:

207 2778 299 2806 omnia
323 2776 452 2811 deinceps
468 2780 571 2802 mutata
583 2781 610 2802 et
623 2774 760 2802 inﬁrmata
775 2774 862 2802 fuere.
876 2774 1003 2804 Marcello

208 2833 318 2860 quoque
332 2826 480 2858 Ancyrano
497 2823 628 2857 episcopo
646 2820 715 2848 nihil
732 2820 847 2856 profuit,
864 2822 1003 2850 unanimis

208 2872 400 2905 episcoporum
416 2869 550 2906 synodum
563 2868 632 2904 apud
649 2867 792 2895 Sat-dicam
810 2869 962 2904 agentium,
976 2868 1003 2894 in

210 2924 242 2944 eo
270 2918 304 2944 ab
325 2917 406 2945 illatis
428 2917 591 2944 criminibus
618 2915 807 2950 absolvenda,
838 2923 1002 2950 consensus,

1047 2315 1102 2341 τῶν
1117 2315 1148 2341 ὲν
1159 2313 1402 2345 Φιλιππου-πόλεως
1419 2314 1469 2349 τῆς
1483 2314 1596 2350 Θρᾴκης
1609 2315 1643 2340 ὲκ
1658 2315 1709 2350 τῆς
1722 2314 1761 2341 ἕω
1780 2323 1849 2342 συν-

1048 2359 1182 2387 ελθόντων
1205 2362 1249 2392 ος¹
1265 2359 1433 2391 ἐπισκόπων,
1452 2359 1497 2386 ὅτε
1511 2360 1528 2394 ἡ
1553 2360 1582 2386 ἐν
1597 2359 1717 2396 Σαρδικῇ
1735 2360 1850 2392 σύνοδος

1048 2406 1146 2442 ἔμελλε
1170 2406 1400 2441 συγκροτεῖσθαι·
1425 2407 1450 2432 οἱ
1473 2405 1634 2441 λογιώτεροι
1648 2406 1705 2442 γὰρ
1719 2407 1776 2433 ἀπὸ
1797 2408 1852 2443 τῆς

1048 2452 1183 2487 ἀνατολῆς
1202 2452 1292 2479 ἐκεῖσε
1308 2452 1551 2488 συναθροισθέντες
1573 2453 1606 2479 ὲκ
1625 2452 1716 2487 πάσης
1731 2453 1852 2480 intexe-

1050 2499 1121 2535 πῆς,
1144 2498 1255 2526 Ἰούλιον
1271 2498 1321 2534 μὲν
1337 2498 1388 2534 τῆς
1403 2498 1536 2534 ἀνατολῆς
1549 2499 1641 2525 ἐκεῖσε
1657 2499 1706 2525 σὺν
1721 2498 1761 2534 τῷ
1782 2499 1854 2526 Ῥώ-

1052 2553 1107 2580 μης
1126 2544 1262 2576 καθεῖλον,
1289 2543 1339 2571 καὶ
1353 2544 1448 2570 Ὄσιον
1466 2544 1513 2570 τὸν
1538 2542 1718 2579 ὸμολογητὴν.
1736 2545 1786 2571 καὶ
1803 2544 1855 2572 ἄλ-

1051 2591 1122 2623 λους,
1147 2590 1344 2627 Ἐπεκύρωσαν
1367 2590 1408 2623 δὲ,
1434 2590 1474 2622 ὼς
1487 2590 1607 2623 ἐδόκουν,
1623 2590 1673 2626 τὴν
1688 2590 1744 2617 τῶν
1760 2592 1856 2626 μεγά-

1052 2637 1106 2664 λων
1126 2636 1289 2664 Ἀθανασίου
1315 2637 1363 2662 καὶ
1384 2635 1493 2663 Παύλου
1515 2636 1563 2662 τοῦ
1589 2635 1763 2671 ὀμοληγητοῦ
1781 2636 1857 2664 καθ-

1053 2684 1171 2718 αίρεσιν,
1187 2679 1225 2710 ὢν
1250 2682 1327 2709 οὐδὲν
1344 2682 1480 2718 ἄτρεπτον
1495 2682 1511 2717 ἢ
1532 2681 1723 2717 ἁμετάΰλητον
1737 2681 1838 2717 ἔμεινε
1848 2691 1856 2697 -

1054 2731 1102 2757 καὶ
1124 2729 1286 2765 Μάρκελλον
1309 2729 1338 2756 δὲ
1361 2729 1407 2756 τὸν
1429 2729 1567 2764 Ἀγκύρας
1585 2730 1601 2763 ὴ
1622 2728 1726 2756 τούτων
1748 2729 1808 2756 τῶν
1826 2729 1858 2756 ἐν

1054 2777 1175 2812 Σαρδικῇ
1201 2776 1385 2804 συνελθόντων
1401 2775 1549 2811 συμφωνία
1563 2775 1611 2802 ἐπὶ
1624 2776 1658 2811 τῇ
1674 2775 1759 2802 αὐτοῦ
1780 2775 1860 2803 ἀθω-

1054 2823 1132 2855 ώσει,
1147 2823 1248 2859 καίπερ
1264 2822 1346 2849 αὑτοῦ
1363 2822 1410 2849 τοῦ
1429 2822 1542 2859 Ῥώμης
1557 2822 1591 2849 δι’
1613 2822 1704 2849 ὀσίου
1720 2822 1770 2849 τοῦ
1786 2823 1861 2857 ὁμο-

1055 2870 1170 2904 λογητοῦ
1186 2869 1417 2906 παραγεγονότος,
1429 2869 1459 2902 ὃς
1476 2869 1522 2896 τὸν
1536 2869 1619 2896 αὑτοῦ
1634 2870 1717 2897 τόπον
1732 2869 1863 2905 ἀνεπλή-

1058 2925 1117 2954 ρου,
1145 2918 1192 2945 καὶ
1213 2917 1263 2953 τῆς
1282 2917 1392 2945 συνόδου
1406 2917 1517 2950 δεκτέας
1532 2915 1629 2952 οὔσης,
1654 2916 1733 2944 οὐδὲν
1749 2916 1860 2952 ὤνησε,
