1948 3070
134 179 203 213 1229

677 177 1040 211 INTERROGATIONES
1057 179 1138 211 VIII,
1162 178 1215 209 1X.

1708 179 1776 212 1230

132 239 177 267 διὰ
201 238 232 266 τὸ
255 236 419 274 παραλόγοις
443 236 530 273 αὐτὴν
552 235 700 272 γενέσθαι·
729 235 855 272 φανερῶς
871 235 945 272 γὰρ,

998 237 1103 264 uamvis
1125 236 1267 265 Romanus
1282 236 1341 272 ipse
1355 237 1501 272 episcopus
1530 244 1580 272 per
1595 241 1692 266 (Istum
1706 245 1773 266 con—

131 286 213 313 αὑτὸν
226 286 244 320 ὴ
255 284 370 320 δευτέρα
383 283 492 315 σύνοδος
510 282 708 318 ἀποκηρύττει.

976 282 1110 310 fessorem
1130 283 1191 319 ejus
1217 283 1291 311 vices
1311 288 1450 319 gerentem
1467 291 1589 319 praesens
1610 285 1771 318 exstitisset,

133 338 166 358 ac
187 334 317 365 praetcrea
331 329 452 365 synodus
478 328 523 356 illa
545 333 674 363 suscepta
696 326 797 360 fuerit,
814 326 879 362 quia
895 327 1024 356 nimirum
1043 337 1092 357 nec
1107 329 1159 357 rite
1183 337 1234 357 nec
1250 329 1324 365 juste
1358 329 1518 358 Marcellum
1539 330 1776 367 absolvit;aperte

133 377 206 406 enim
219 376 271 412 ipsi
282 376 401 418 secunda
417 376 539 412 synodus
552 375 866 403 exeommnnicationem
883 374 990 403 inﬂixit.
1005 407 1007 410 τ
1532 404 1536 414 I
1649 404 1655 406 _
1736 380 1745 382 ί

417 434 586 462 ΕΡΩΤΗΣΙΣ
601 433 640 462 Θ’.

133 496 209 523 Πότε
218 493 621 534 καθῃρέθηοξαν-ξθτίσκοπρι,
635 491 683 532 θέαι
695 493 789 534 reddi:
800 490 927 534 ὲσέλίᾷηὲ

169 538 230 558 σαν
249 523 395 563 maeonia]
410 529 561 563 εὐθάτητι,
579 528 598 563 ἣ
615 523 653 563 τῇ
672 527 726 554 τοῦ
748 526 827 554 ὶδίου
848 523 928 552 λαοῦ

169 565 361 602 παρακλήσει
370 572 381 596 ;

429 621 627 649 ΑΠΟΚΡΙΣΙΣ.

177 693 222 724 Ἑν
246 691 385 728 διαφόροις
411 690 461 726 μὲν
489 689 609 721 συνόδοις
636 689 684 716 καὶ
712 687 765 715 ὑπὸ
789 686 928 722 διαφόρων

134 739 214 767 τοῦτο
234 738 365 769 πολλάκις
390 736 509 772 ἐγένετο,
530 735 626 770 ὥσπερ
642 735 690 762 καὶ
708 734 754 761 ἐπὶ
776 732 823 760 τοῦ
849 732 927 766 ἁγίου

142 785 302 812 Ἀθανασίου
327 785 433 819 γέγονε,
450 785 498 810 καἸ⁸
521 782 568 808 ἐπὶ
589 780 752 815 Μαρκέλλου
776 780 926 805 ἐπισκόπου

142 832 290 867 Ἀγκύρας,
313 831 362 857 καὶ
378 829 535 864 Μακαρίου,
562 827 611 854 καὶ
633 827 735 862 ἑτέρων
752 824 869 857 πολλῶν,
889 823 928 855 ὡς

136 878 257 913 εἴρηται.
283 874 459 912 Παρακλήσει
484 873 513 900 δὲ
541 872 606 900 λαοῦ
624 870 770 906 ζητοῦντος
793 869 839 896 τὸν
862 869 929 896 ἴδιον

136 923 254 958 ποιμένα
270 922 381 957 ἐγένετο
393 921 439 948 ἐπὶ
459 919 583 956 Ἡρακλᾶ
597 918 643 945 τοῦ
661 917 815 952 ἁγιωτάτου
831 923 930 951 πατρι-
947 914 968 942 Β

137 969 222 1006 ἀρχου
243 967 468 1004 Ἀλεξανδρείας,
494 963 526 993 οὗ
549 965 672 1000 διάδοχος
689 963 845 995 Διονύσιος,
870 958 930 990 εἶτα

137 1015 274 1051 Μάξιμος,
300 1014 397 1040 ἔπειτα
419 1013 538 1045 Θεωνᾶς,
563 1011 611 1038 καὶ
635 1010 695 1045 μετ’
713 1009 795 1036 αὑτὸν
819 1009 833 1035 ὀ
853 1008 931 1042 άγιος

140 1062 308 1098 ίερομάρτυρ
323 1060 437 1096 Πέτρος.
446 1058 571 1093 Ἐγένετο
587 1057 616 1084 δὲ
631 1055 755 1083 τοιῶσδε·
765 1053 821 1082 Ἦν
834 1056 862 1081 έν
874 1054 933 1085 ταῖς

139 1107 258 1144 ἡμέραις
273 1107 321 1134 τοῦ
337 1105 420 1133 αὑτοῦ
442 1103 598 1140 ἁγιωτάτου
617 1102 741 1139 Ἠρακλᾶ
762 1101 902 1137 Ὡριγένης
920 1100 934 1126 ὁ

140 1152 310 1187 καλούμενος
317 1151 509 1186 Ἀδαμάντιος,
524 1150 574 1185 τὴν
594 1148 663 1175 ἰδίαν
679 1147 805 1183 φανερῶς
819 1145 934 1182 ἐξηγού-

143 1207 223 1235 μενος
236 1198 354 1234 αίρεσιν,
372 1196 483 1232 τετράδι
495 1196 544 1223 καὶ
565 1196 741 1231 παρασκευῇ.
757 1193 859 1220 Τοῦτον
877 1191 935 1219 τοί-

141 1254 190 1273 νυν
201 1244 239 1276 ὡς
259 1242 468 1279 παραποιοῦντα
487 1241 537 1276 τὴν
557 1240 732 1276 ὑγιαίνουσαν
748 1236 934 1270 διδασκαλίαν,

143 1291 191 1318 καὶ
205 1289 458 1325 παραχαρὰσσοντα
482 1287 532 1323 τὴν
553 1286 694 1322 όρῢόδοξον
707 1285 809 1317 πίστιν,
832 1282 938 1319 ἐχώρη-

147 1344 193 1362 σεν
207 1335 221 1362 6
238 1335 320 1366 αὐτὸς
344 1333 421 1369 ἆγιος
445 1332 598 1363 ἐπίσκοπος
618 1330 758 1366 Ἠρακλᾶς
783 1329 831 1357 καὶ
844 1327 938 1360 ἐδίωξε

143 1383 194 1418 τῆς
215 1381 430 1417 ’Δλεξανδρείας.
455 1379 484 1407 ’0
499 1379 528 1406 δὲ
547 1378 629 1410 αὺτδς
644 1378 814 1413 ἐκκήρυκτος
832 1375 939 1411 Ὠριγέ-

147 1439 207 1467 νης,
223 1430 412 1465 ἀπερχόμενος
434 1429 474 1460 είς
487 1427 538 1459 τὰς
556 1427 607 1462 τῆς
624 1426 726 1462 Συρίας
749 1424 853 1455 πόλεις,
873 1431 941 1450 κατ-

147 1479 266 1514 ήντησεν
283 1477 323 1508 είς
337 1475 415 1502 πόλιν
429 1474 636 1510 ὀνομαζομένην
647 1471 773 1507 Θμούην,
789 1470 941 1498 ἐπίσκοπον

147 1525 262 1560 ἔχουσαν
284 1522 425 1559 ὀρϐόδοξον
447 1521 560 1556 ὀνόματι
581 1517 749 1554 Ἀμμώνιον,
773 1517 802 1548 ὃς
826 1516 873 1543 καὶ
889 1516 941 1542 e2:-

149 1570 247 1607 έτρεψε
260 1570 299 1604 τῷ
312 1567 530 1605 αὺτῷὩριγένει
544 1566 676 1602 ὁμιλῆσαι
695 1564 774 1599 λόγον
788 1562 942 1590 διδακτικὸν

150 1619 180 1645 ὲν
201 1618 234 1653 τῇ
257 1616 341 1643 αὑτοῦ
356 1614 501 1651 ἐκκλησίᾳ.
515 1612 603 1640 Τοῦτο
621 1612 650 1639 δὲ
665 1608 786 1643 ἀκούσας
807 1609 822 1636 6
847 1608 943 1640 πάπας

155 1663 294 1699 Ἡρακλᾶς
312 1663 326 1689 ὁ
345 1660 502 1697 εἰρημένος,
517 1658 632 1694 ἐξῆλθεν
651 1659 692 1690 είς
708 1656 832 1693 Θμούην,
849 1655 897 1682 καὶ
908 1653 944 1681 δι’

150 1710 217 1737 αὐτὸ
229 1709 308 1736 τοῦτο
323 1708 461 1744 καθῄρεσε
474 1707 520 1733 τὸν
538 1704 704 1741 Ἀμμώνιον,
715 1704 763 1730 καὶ
782 1702 943 1738 παρέδωκεν

151 1755 329 1792 ἀμφοτέροις,
347 1753 387 1789 τῷ
407 1753 568 1788 Ἀμμωνίῳ,
590 1752 673 1787 φημὶ,
690 1750 737 1778 καὶ
755 1749 795 1786 τῷ
808 1748 945 1783 Φιλίππῳ,

151 1801 202 1837 τὴν
226 1799 379 1834 ἐπισκοπὴν
395 1798 518 1834 Θμούης.
543 1797 623 1825 Μετὰ
638 1797 666 1824 δὲ
680 1796 712 1823 τὸ
726 1795 881 1830 ἀποστῆναι.
899 1793 945 1820 τὸν

154 1847 232 1881 ἅγιον
252 1844 392 1881 Ἠρακλᾶν
415 1843 532 1876 ἐκεῖθεν,
548 1844 562 1869 6
577 1843 626 1878 μὲν
642 1841 798 1876 Θαυμαστὸς
813 1840 946 1871 Φίλιππος

153 1892 208 1920 οὐδ’
224 1892 292 1923 ὅλως
306 1889 434 1917 ἐκάθισεν
452 1889 499 1916 ἐπὶ
519 1887 567 1915 τοῦ
585 1887 731 1923 συνορόνου
742 1895 749 1902 ·
774 1886 831 1913 ἀλλ’
849 1885 947 1920 ἐξημέ-

155 1948 200 1967 νου
227 1938 275 1965 τοῦ
295 1936 462 1972 ’Δμμωνίου,
486 1935 572 1971 ἤγουν
590 1933 829 1968 λειτουργοῦντος,
855 1932 949 1958 ἵστατο

155 1985 244 2013 ὀπίσω
258 1983 342 2011 αὑτοῦ
359 1983 450 2014 πάσας
466 1982 516 2014 τὰς
537 1979 643 2016 ἡμέρας
662 1980 713 2015 τῆς
725 1978 773 2005 τοῦ
793 1977 949 2014 Ἀμμωνίου

157 2032 241 2068 ζωῆς.
259 2031 324 2058 Ὅτε
340 2030 370 2057 δὲ
384 2027 522 2064 ἐκοιμήθη
536 2029 550 2054 6
567 2026 736 2062 Ἀμμώνιος,
748 2025 809 2052 τότε
824 2024 951 2051 ἐκάθισεν

157 2081 203 2108 ἐπὶ
215 2080 268 2107 τοῦ
281 2079 378 2115 Θρόνου
391 2078 406 2104 6
422 2077 555 2107 Φίλιππος
564 2096 572 2109 ,
588 2075 636 2102 καὶ
656 2074 767 2109 ἐγένετο
782 2073 838 2100 τῶν
851 2073 951 2108 ἐπισή-

160 2135 218 2163 μων
231 2127 261 2153 ὲν
275 2126 359 2162 ἀρετῇ
373 2145 380 2158 ,
400 2124 448 2152 καὶ
464 2122 681 2159 θαυμαζομένων
701 2119 870 2148 ἐπισκόπων.
889 2119 952 2145 Ὀτι

157 2173 205 2201 τὸν
228 2174 338 2208 Ἀρειον
362 2171 488 2198 διάκονον
509 2169 575 2196 ὄντα
596 2168 748 2204 καθῄρεσεν
771 2168 785 2194 ὁ
810 2167 840 2193 ὲν
863 2166 952 2199 ἁγίοις

159 2219 327 2254 ὁσιομάρτυρ
343 2218 458 2252 Πέτρος,
474 2215 523 2243 καὶ
547 2215 737 2250 ὲξωστράκισε
758 2212 810 2248 τῆς
836 2211 953 2246 Ἐκκλη-

1217 434 1475 463 lNTERROGATlO
1499 404 1544 462 ῙΧΙ.

983 493 1097 527 Quando
1114 493 1232 521 abdicati
1248 494 1373 528 episcopi,
1389 493 1484 520 iterum
1498 493 1579 527 juxta
1591 501 1721 525 canones,
1736 494 1777 520 vel

1017 529 1112 563 populo
1129 530 1180 556 sibi
1192 530 1331 556 conmissa
1349 529 1511 564 postulante,
1535 528 1677 563 pristinam
1688 529 1776 564 digni-

1018 571 1099 592 tatem
1123 569 1274 600 receperunt
1284 565 1297 591 ?

1280 620 1485 649 RESPONSIO.

1018 688 1046 717 ιιι
1062 689 1180 717 diversis
1189 688 1299 724 quidem
1310 688 1433 724 synodis,
1447 693 1473 716 et
1487 697 1503 717 a
1515 689 1630 718 diversis
1640 689 1777 725 episcopis

982 737 1009 764 id
1019 744 1207 772 saepenumero
1225 735 1328 764 factum
1344 735 1407 769 fuit,
1422 735 1655 771 quemadmodum
1672 741 1699 764 ct
1713 744 1779 764 san-

983 789 1028 812 cto
1052 784 1201 812 Anastasio
1225 787 1252 811 et
1278 783 1408 811 Marcello
1436 784 1568 819 episcopo
1590 784 1724 819 Ancyrae,
1753 788 1781 812 et

982 829 1112 863 Macario,
1130 830 1247 865 aliisque
1262 829 1367 862 multis,
1386 834 1415 857 ut
1429 834 1493 858 ante
1512 829 1644 862 diximus,
1666 829 1778 857 accidit.

983 875 1089 903 Favore
1105 880 1196 904 autem
1212 876 1305 911 populi
1335 875 1478 911 propriutn
1505 880 1642 910 pastorem
1660 875 1779 910 petentis

983 923 1054 950 idem
1071 922 1163 950 evenit
1188 921 1311 949 Heraclze
1338 922 1508 949 sanctissimi
1532 922 1706 950 Alexandriae
1731 930 1780 957 pa-

981 969 1120 1001 triarchae,
1134 968 1178 996 cui
1197 969 1333 996 successit
1349 968 1509 1004 Dionysius,
1525 967 1623 996 deinde
1634 967 1782 1002 Maximus,

984 1022 1049 1042 mox
1058 1014 1196 1047 Theonas,
1214 1019 1241 1042 et
1256 1019 1319 1050 post
1336 1014 1411 1042 hunc
1426 1018 1538 1042 sanctus
1552 1018 1657 1050 martyr
1668 1013 1779 1042 Petrus.

984 1061 1039 1089 Res
1055 1065 1145 1089 autem
1160 1060 1198 1089 ita
1217 1068 1247 1089 se
1267 1060 1380 1088 habuit:
1406 1061 1505 1096 agebat
1520 1060 1548 1088 in
1566 1060 1695 1088 humanis
1709 1060 1785 1096 ejus-

985 1107 1048 1136 dem
1069 1106 1238 1135 sanctissimi
1252 1107 1375 1135 Heraclw
1398 1106 1569 1141 temporibus
1585 1105 1716 1141 Origenes
1732 1114 1783 1134 co-

986 1155 1116 1189 gnomine
1142 1153 1339 1187 Adamantius,
1366 1157 1394 1181 et
1424 1157 1523 1188 quarta
1547 1157 1575 1180 et
1607 1157 1684 1180 sexta
1716 1152 1783 1180 feria

986 1200 1016 1228 in
1049 1200 1108 1229 suis
1139 1200 1172 1228 ad
1197 1200 1326 1236 populum
1352 1199 1528 1227 sermonibus
1556 1199 1740 1233 excogitatam
1769 1205 1786 1225 a

987 1254 1018 1276 se
1048 1245 1176 1274 haresim
1207 1245 1353 1273 manifeste
1383 1245 1550 1273 declarabat.
1580 1244 1661 1273 Hunc
1692 1248 1787 1280 utpote

989 1292 1194 1321 subvertentem
1226 1299 1322 1319 sanam
1363 1291 1534 1324 doctrinam,
1566 1290 1603 1318 et'
1626 1291 1786 1319 adulteran-

989 1340 1044 1364 tem
1055 1336 1239 1363 orthodoxam
1264 1336 1343 1363 ﬁdem
1364 1343 1379 1363 e
1401 1335 1521 1363 tidelium
1537 1341 1610 1364 ctetu
1635 1337 1789 1372 segregavit

990 1383 1062 1410 idem
1095 1386 1208 1410 sanctus
1227 1383 1374 1417 episcopus
1403 1381 1545 1416 Heraclas,
1575 1387 1602 1409 et
1620 1381 1788 1410 Alexandria

990 1427 1104 1463 pepulit.
1121 1427 1231 1463 Ejectus
1246 1432 1336 1455 autem
1349 1435 1382 1455 eo
1394 1432 1475 1462 pacto
1484 1427 1617 1463 Origenes
1632 1427 1661 1455 in
1679 1428 1788 1464 Syriam

992 1475 1071 1507 abiit,
1085 1474 1264 1509 pervenitque
1277 1474 1310 1501 ad
1329 1474 1424 1501 urbem
1441 1474 1552 1501 nomine
1570 1473 1710 1506 Thmuim,
1740 1475 1787 1502 cui

993 1521 1164 1549 orthodoxus
1180 1521 1326 1555 episcopus
1346 1524 1464 1555 praeerat
1488 1521 1599 1548 nomine
1615 1520 1789 1549 Ammonius.

996 1566 1048 1595 Hic
1061 1574 1216 1595 sermonem
1233 1566 1443 1601 praeceptorium
1465 1566 1492 1594 in
1507 1565 1629 1595 Ecclesia
1645 1566 1790 1603 Origenem

1000 1613 1101 1641 habere
1116 1611 1252 1648 permisit.
1269 1612 1348 1645 Quod
1361 1619 1424 1639 cum
1438 1617 1500 1639 ante
1515 1612 1604 1639 dictus
1618 1620 1685 1647 papa
1705 1612 1791 1640 Hera-

1000 1660 1056 1688 elas
1068 1659 1259 1692 intellexisset,
1272 1657 1400 1685 Thmuim
1415 1659 1543 1692 accessit,
1558 1662 1586 1685 et
1597 1665 1658 1686 eam
1674 1659 1709 1686 ob
1723 1667 1793 1687 cau-

999 1713 1058 1734 sam
1080 1705 1209 1741 deposuit
1232 1705 1429 1737 Ammonium,
1454 1704 1622 1740 trauliditque
1647 1705 1792 1738 ambobus,

1000 1752 1148 1780 Ammonio
1165 1752 1276 1786 inquam
1300 1755 1328 1778 et
1344 1750 1481 1786 Philippo,
1499 1751 1571 1778 illitis
1588 1751 1665 1779 urbis
1685 1752 1795 1787 episco-

1000 1804 1105 1834 patum.
1135 1798 1285 1833 Postquam
1313 1801 1404 1825 autern
1434 1802 1548 1825 sanctus
1575 1797 1707 1825 Heraclas
1733 1797 1795 1824 inde

1003 1844 1147 1876 discessit,
1176 1843 1293 1871 eximius
1310 1843 1420 1879 quidem
1447 1842 1592 1878 Philippus
1614 1843 1689 1870 nullo
1717 1848 1797 1879 pacto

1003 1891 1102 1918 adduci
1120 1890 1210 1926 potuit
1233 1896 1263 1917 ut
1289 1890 1317 1917 in
1334 1889 1474 1917 communi
1490 1890 1590 1917 throno
1620 1889 1796 1923 consideret;

1003 1937 1051 1964 sed
1068 1936 1214 1964 Ammonio
1231 1935 1354 1968 sedente,
1367 1936 1420 1963 hoc
1433 1939 1475 1962 est
1491 1943 1569 1963 sacra
1584 1936 1712 1972 mysteria
1729 1936 1800 1963 cele-

1006 1982 1112 2014 brante,
1131 1982 1206 2009 stetit
1224 1987 1298 2009 retro
1311 1982 1401 2016 ipsum
1429 1982 1538 2010 cunctis
1568 1982 1677 2015 diebus,
1697 1983 1799 2018 quibus

1006 2029 1034 2055 in
1051 2028 1180 2055 humanis
1197 2028 1270 2063 degit
1289 2027 1472 2061 Ammonius;
1499 2036 1594 2056 verum
1619 2036 1652 2056 eo
1669 2029 1798 2062 obeunte,

1006 2079 1072 2101 tunc
1090 2074 1117 2101 in
1135 2073 1235 2101 throno
1249 2073 1320 2101 sedit
1336 2073 1488 2109 Philippus,
1505 2082 1630 2110 unusque
1646 2083 1679 2102 ex
1695 2075 1802 2110 episco-

1007 2120 1049 2155 pis
1066 2119 1166 2147 virtute
1181 2119 1346 2155 insignibus,
1361 2125 1388 2148 et
1406 2128 1422 2148 a
1438 2121 1544 2149 cunctis
1561 2121 1737 2150 admirationi
1752 2122 1799 2150 ha-

1008 2167 1072 2194 bitis
1098 2167 1195 2194 evasit.
1214 2167 1322 2200 Arium,
1355 2174 1417 2194 cum
1450 2168 1540 2195 adhuc
1560 2168 1693 2197 diaconus
1718 2174 1802 2203 esset,

1009 2217 1123 2242 sanctus
1143 2219 1247 2249 martyr
1255 2213 1353 2241 Petrus
1367 2215 1507 2250 deposuit,
1519 2219 1546 2242 et
1560 2221 1636 2243 extra
1652 2215 1803 2244 Ecclesiam

162 2264 223 2296 σίας
240 2264 362 2295 τελείως.
388 2262 513 2298 ’Δχιλλᾶς
530 2261 559 2288 δὲ
581 2262 596 2288 ὁ
621 2261 649 2287 ὲν
665 2260 754 2294 ἁγίοις
768 2259 891 2294 διάδοχος
908 2257 943 2284 αὑ

1012 2261 1123 2296 penitus
1140 2261 1302 2288 climinavit.
1324 2261 1443 2289 Sanctus
1459 2269 1526 2289 vero
1540 2261 1662 2290 Achillas
1676 2262 1802 2298 ejusdem

161 2310 210 2338 τοῦ
222 2309 270 2338 τοῦ
289 2309 488 2345 ίερομὰρτυρος
509 2308 614 2344 Πέτρου
639 2305 847 2342 Ἀλεξανδρείας
860 2303 957 2331 τοῦτον

163 2358 194 2386 οὐ
214 2357 294 2393 μόνον
309 2355 429 2389 ἐδέξατο,
445 2354 514 2382 ἀλλὰ
538 2354 586 2381 καὶ
610 2352 801 2389 πρεσὸύτερον
818 2350 958 2387 ἐχειροτό-

163 2411 243 2441 νησε,
269 2402 318 2430 καὶ
332 2400 486 2438 φροντίζειν
499 2400 546 2427 τοῦ
570 2401 600 2427 ἐν
619 2398 811 2434 Ἀλεξανδρείᾳ
828 2397 958 2424 διδασκα-

164 2451 238 2478 λείου
252 2449 357 2482 έταξεν.
370 2449 433 2475 Ὅτι
447 2448 493 2475 τὸν
507 2447 616 2482 Εὐτυχῆ
632 2445 832 2481 καθαιρεθέντα
845 2444 898 2470 ὑπὸ
911 2442 959 2470 τοῦ

167 2498 197 2524 ὲν
211 2495 299 2531 ἁγίοις
314 2493 476 2526 Φλαυῖανοῦ,
491 2494 505 2519 6
521 2492 736 2528 Ἀλεξανδρείας,
754 2491 802 2519 καὶ
818 2492 831 2517 6
855 2490 960 2516 Ἀντιο-

167 2543 263 2580 χείας,
294 2543 340 2569 καὶ
368 2539 565 2576 Ἱεροσολύμων
595 2539 720 2572 ἐδέξαντο
752 2537 823 2574 μετά
846 2537 961 2564 θάνατον

167 2590 286 2618 ἐκείνου.
298 2588 362 2615 ’Ότι
375 2587 421 2614 τὸν
434 2587 510 2622 ἥλιον
531 2586 580 2612 καὶ
594 2585 728 2620 φωστῆρα
750 2584 804 2611 τῶν
820 2582 961 2619 ἀνθρωπί-

167 2645 222 2665 νων
241 2635 336 2671 ψυχῶν
358 2634 404 2661 τὸν
422 2633 575 2668 ἁγιώτατον
602 2631 807 2668 Χρυσόστομον,
832 2630 962 2664 καθαίρει

168 2684 251 2712 θέντα
277 2681 348 2718 (πῶς
374 2681 455 2715 ἔφερε
471 2679 541 2716 ίδίκη
557 2688 564 2713 ;
579 2679 589 2716 )
606 2679 659 2706 ὑπὸ
681 2678 811 2713 Θεοφίλου
834 2677 962 2712 ὁμοδόξου

170 2731 322 2759 ὲπισκόπου
338 2728 422 2765 χωρὶς
439 2727 493 2754 τῶν
510 2726 598 2754 ἄλλων
622 2725 813 2762 πατριαρχῶν,
839 2724 964 2756 ἐδέξαντο

171 2778 220 2805 καὶ
236 2775 463 2808 συναπεδέξαντο.
481 2775 543 2801 Ὅτι
559 2774 661 2808 Πέτρον
673 2773 720 2800 τὸν
747 2770 880 2807 Μηλίτου,
897 2770 965 2798 καο-

172 2823 317 2859 αιρεοέντα
341 2822 394 2849 ὑπὸ
417 2820 466 2848 τοῦ
483 2820 563 2855 ἁγίου
581 2818 711 2846 Μεθοδίου
723 2838 731 2850 ,
749 2818 781 2844 οὐ
809 2818 889 2853 μόνον
914 2817 967 2844 ὲδι-

173 2870 332 2906 καιώσαμεν
347 2871 439 2906 ἡμεῖς,
453 2868 521 2896 ἀλλὰ
537 2867 585 2894 καὶ
602 2866 648 2893 τὸν
659 2865 784 2900 Σάρδεων
799 2863 966 2900 μητροπολί-

172 2926 223 2954 την
237 2916 438 2952 πεποιήκαμεν.
456 2915 519 2942 Ὀτι
538 2914 585 2941 καὶ
606 2912 716 2949 ἑτέρους
735 2911 880 2944 πλείστους
896 2910 965 2938 καο-

1010 2307 1140 2343 martyris
1158 2306 1231 2335 Petri
1255 2307 1432 2335 Alexandrini
1451 2315 1617 2341 successor,
1646 2309 1721 2336 hunc
1749 2317 1804 2337 non

1009 2353 1092 2380 modo
1102 2353 1129 2380 in
1143 2353 1366 2381 communionem
1382 2354 1482 2389 recepit
1495 2375 1502 2387 ,
1516 2355 1564 2382 sed
1579 2360 1604 2382 et
1615 2355 1806 2390 presbyterum

1010 2400 1084 2433 fecit,
1108 2407 1226 2435 eumque
1246 2401 1424 2428 Alexandrini
1450 2402 1584 2437 gymnasii
1602 2409 1694 2429 curam
1711 2410 1806 2437 gerere

1011 2446 1107 2473 voluit.
1134 2446 1283 2482 Eutychem
1311 2455 1326 2474 a
1361 2452 1458 2475 sancto
1488 2447 1617 2475 Flaviano
1636 2449 1804 2484 depositum,

1011 2492 1226 2524 Alexandrinus,
1256 2493 1458 2527 Antiochenus,
1485 2499 1512 2522 et
1540 2494 1806 2531 Hierosolymitanus

1012 2539 1134 2574 episcopi
1155 2544 1217 2575 post
1232 2539 1292 2575 ejus
1308 2540 1414 2568 obitum
1431 2541 1459 2568 in
1484 2549 1563 2568 suam
1591 2542 1715 2577 ipsorum
1729 2549 1807 2570 com-

1012 2585 1171 2613 munionem
1190 2593 1327 2621 recepere.
1346 2587 1560 2615 Sanctissimum
1578 2588 1807 2624 Chrysostomum

977 2662 980 2663 ν
1013 2632 1197 2660 humanarum
1214 2632 1368 2661 animarum
1382 2634 1467 2662 solem
1492 2639 1519 2662 et
1536 2635 1671 2663 luminare
1686 2642 1702 2663 a
1715 2635 1807 2663 Theo-

1012 2679 1088 2715 philo
1103 2679 1227 2714 ejusdem
1250 2687 1312 2708 eum
1330 2681 1390 2716 ipso
1409 2681 1471 2708 ﬁdei
1485 2681 1625 2717 episcopo,
1641 2682 1749 2710 cazteris
1763 2690 1809 2718 pas

1014 2725 1144 2753 triarchis
1162 2726 1255 2754 insciis
1267 2731 1349 2762 atque
1372 2727 1534 2756 inconsultis
1561 2728 1713 2764 (quomodo
1727 2736 1809 2764 passa

1015 2772 1229 2807 estjustitia?),
1246 2773 1423 2809 depositum,
1451 2774 1579 2802 universa
1607 2774 1731 2802 Ecclesia
1759 2782 1809 2811 pro

1015 2818 1146 2854 episcopo
1161 2819 1268 2853 habuit,
1289 2826 1316 2846 et
1327 2819 1451 2847 unanimi
1465 2827 1601 2848 consensu
1621 2821 1648 2848 in
1664 2829 1714 2849 sua
1731 2829 1810 2849 cont-

1017 2864 1148 2891 munione
1159 2864 1402 2893 retinuit.Pctrum
1417 2864 1499 2893 Meliti
1509 2866 1669 2902 episcopum
1684 2876 1698 2895 a
1714 2873 1812 2897 sancto

978 2938 997 2951 Α,
1017 2910 1156 2940 Methodio
1182 2911 1246 2939 dant
1285 2916 1342 2940 tum
1374 2914 1455 2947 non;
1485 2911 1614 2948 οιιοζιιοδ
1631 2913 1810 2947 absolvimus.
1837 2943 1839 2945 ,
