1948 3070
184 162 248 195 1231
297 155 304 165 ’
610 165 760 195 PETRUS
777 164 938 197 SlCULUS
958 166 1006 197 ET
1025 167 1175 199 PETRUS
1195 168 1396 201 ARGORUM.
1756 176 1818 210 1232

182 220 230 248 sed
245 224 272 248 et
291 219 419 248 Sardium
436 221 640 257 metropolitam
659 223 826 250 creavimus.
853 222 951 260 Deniqt

1047 226 1192 260 ,ιρεοέντας
1221 227 1269 254 ἐπὶ
1296 227 1454 264 ἐγκλήμασι
1488 229 1566 265 παρὰ
1592 229 1640 257 τοῦ
1668 231 1816 267 ἁγιωτάτου

181 267 250 295 alios
260 266 395 302 plurimos
409 267 444 295 ob
457 267 557 296 delicta
572 276 586 295 a
603 272 699 296 sancto
710 267 816 304 lgnalio
826 268 950 304 deposito

1047 271 1168 305 Ιγνατίου
1184 273 1266 308 ἡμεῖς
1278 273 1441 310 ἐδεξάμεθα,
1464 274 1513 302 καὶ
1526 275 1590 308 τοὺς
1603 276 1649 312 ὑφ’
1663 271 1742 314 ἧμῶν
1755 280 1816 308 καθ-

180 319 232 340 nos
246 313 431 348 suscepimus,
456 314 581 349 aliosque
604 322 619 341 a
635 314 716 342 nobis
741 314 882 349 depositas
904 315 948 344 ide

904 315 977 344 idem
1028 317 1189 352 αιρεθέντας
1203 319 1217 345 ὁ
1235 319 1265 346 ὲν
1278 319 1369 354 ἁγίοις
1390 320 1520 355 Ἰγνάτιος
1533 321 1653 355 ἐδέξατο.

180 363 291 386 sanctus
307 358 428 394 lgnatius
446 360 473 386 in
491 360 533 387 sui
551 360 774 387 communionem
791 360 903 396 recepit.

416 404 679 434 INTERROGATIO
708 406 740 432 X.

1321 408 1492 436 ΕΡΩΤΗΣΙΣ
1507 411 1534 437 l’.

282 451 353 485 Quot
377 451 410 478 ab
425 453 592 479 wcumeniris
605 451 714 487 synodi:
732 451 849 486 defecere
861 453 874 480 ?
905 457 907 459 '
1025 454 1051 479 Π

1045 453 1120 480 [ὅσοι
1143 453 1204 480 τῶν
1223 454 1441 489 οῑκουμενικῶν
1465 455 1605 483 συνόδων
1620 456 1814 492 (insaniam-,-

467 497 604 526 RESPON
608 498 671 526 SlO.

1319 501 1516 530 ΑΠΟΚΡΙΣΙΣ.

212 543 236 570 Α
251 544 339 579 prima
355 545 450 580 utique
461 545 667 580 duodeviginti,
684 551 712 573 et
732 546 758 574 hi
773 546 883 582 quidem
903 547 975 575 cele-

1059 545 1115 580 Τῆς
1134 545 1183 581 μὲν
1201 545 1314 582 πρώτης
1335 546 1409 574 ὀκτὼ
1430 548 1478 574 καὶ
1501 547 1568 575 δέκα
1592 548 1618 574 0!
1640 549 1811 586 λογιωτέροι·

177 590 293 618 hriores.
307 590 403 618 Plures
419 599 485 619 vero
503 592 537 619 ab
552 592 651 625 altera,
670 593 714 627 qui
738 601 792 620 una
808 594 946 621 conveniet

1044 590 1073 626 ῆς
1089 591 1118 618 δὲ
1132 591 1262 628 δευτέρας
1284 593 1418 626 πλείονες,
1442 594 1467 620 οἳ
1498 594 1545 621 καὶ
1570 595 1744 628 συνελθόντες
1760 596 1813 632 ἅμα

176 640 216 664 tcs
228 637 337 672 triginta
348 645 394 665 sex
407 646 551 666 numerum
561 639 715 674 explebant.
727 640 749 666 Α
759 640 837 667 tertia
849 640 945 676 trigint;

1045 637 1174 672 ριάκοντσ.
1187 639 1234 666 καὶ
1247 638 1277 671 ἒξ
1292 640 1411 667 ἐτέλουν.
1427 640 1483 674 Τῆς
1500 640 1596 676 τρίτης
1611 641 1760 677 τριάκοντα
1771 644 1814 670 καὶ

175 686 204 710 et
214 682 335 717 pontifex
344 683 543 712 Antiochenns.
554 684 576 710 A
588 688 685 719 quarta
696 684 801 712 inﬁnita
813 685 944 712 multitudl

1053 683 1104 718 τῆς
1134 683 1308 719 Ἀντιοχείας.
1332 685 1388 720 Τῆς
1410 685 1544 721 τετάρτης
1566 685 1669 722 πλῆθος
1692 687 1813 724 ἄπειρον,

175 729 232 757 imo
246 733 273 757 et
287 737 384 758 omnes
403 731 451 765 qui
471 729 604 759 Dioscoro
621 731 785 765 studebant,
800 732 903 767 quique
920 740 944 759 nt

1025 729 1072 757 καὶ
1091 730 1115 757 ol
1132 729 1181 758 τοῦ
1195 730 1360 768 Διοσκούρου
1377 731 1487 766 πάντες,
1503 731 1528 759 οἳ
1541 732 1595 759 οὐδ’
1611 732 1783 769 ὑπέγραψαν.

173 775 407 811 subscripserunt.

177 867 1812 895 Μ

692 958 787 981 ANNIS
803 958 920 981 DOMINI
935 958 1085 984 DCCCLXX
1098 968 1136 973 —
1148 961 1283 984 DGCCXC.

507 1047 934 1143 PETRUS
999 1051 1485 1160 SlCULUS,
1569 1021 1594 1026 ””

347 1297 685 1382 PETRUS,
724 1298 1118 1365 ARGORUM
1151 1290 1622 1391 LEPISCOPUS].

786 1531 795 1558 .·
847 1507 1122 1555 NOTITIA.

585 1605 795 1641 (Mononomus,
810 1605 977 1634 Bibliotheca
993 1606 1087 1635 Sicula
1102 1612 1121 1635 ι.
1137 1606 1170 1642 ll,
1184 1615 1245 1644 pag.
1265 1607 1408 1644 158-160.)

965 1699 1003 1708 ..-

191 1764 289 1792 Petrus
302 1762 426 1795 Siculus,
450 1763 486 1790 ita
509 1761 600 1790 dictus
623 1762 687 1797 quia
704 1762 730 1789 in
755 1761 850 1790 Sicilia
862 1762 964 1796 ,.'ortus,
990 1763 1032 1790 vir
1049 1771 1148 1799 genere
1164 1763 1266 1796 clarus,
1287 1762 1464 1792 doctissimus
1478 1770 1510 1790 ac
1533 1763 1738 1794 celeberrimus.
1763 1767 1800 1796 Ut

155 1807 357 1840 Saracenorum
377 1806 548 1843 tyrannidem
571 1805 597 1833 in
623 1805 717 1833 Sicilia
736 1805 971 1834 incrndescentcm
992 1807 1153 1839 declinaret,
1178 1808 1204 1834 in
1221 1807 1361 1834 Orientem
1376 1807 1446 1842 fugit
1460 1815 1533 1834 anno
1547 1807 1610 1842 830,
1638 1816 1672 1836 ex
1682 1808 1798 1840 Octavio

153 1851 274 1879 Caetano
301 1851 328 1878 in
346 1850 473 1878 Animud.
497 1850 531 1876 ad
548 1854 611 1876 tom.
631 1849 660 1876 Il
679 1848 731 1877 SS.
749 1849 866 1877 Siculor.
882 1858 944 1885 pag.
964 1851 1005 1884 18,
1027 1852 1063 1879 ibi
1079 1852 1238 1879 diuturnam
1261 1851 1394 1886 protraxit
1411 1859 1536 1886 moram;
1559 1857 1586 1879 et
1608 1853 1644 1880 ob
1664 1854 1797 1883 eximiam

153 1896 308 1923 doctrinam
327 1895 429 1923 Basilio
445 1895 603 1930 imperatori
614 1894 730 1929 ejusque
749 1894 813 1923 ﬁliis
824 1894 1007 1922 Constantino
1021 1901 1047 1923 et
1068 1895 1151 1923 Leoni
1166 1896 1341 1930 gratissimus
1367 1895 1427 1923 fuit.
1443 1896 1522 1931 Apud
1552 1897 1626 1932 ipsos
1643 1905 1796 1934 permagna

151 1940 238 1968 valuit
252 1940 426 1972 auctoritate,
447 1939 494 1974 qui
518 1943 545 1966 et
575 1939 715 1966 nonnullis
731 1939 873 1967 beneﬁciis
899 1939 1011 1967 Petrum
1037 1944 1217 1967 exornarunt.
1233 1939 1274 1967 Ab
1288 1939 1354 1974 ipsis
1377 1939 1482 1974 legatus
1505 1940 1607 1968 missus
1625 1939 1795 1971 Timbricam

150 1984 287 2011 Armenia:
301 1984 396 2012 urbem
409 1991 482 2011 anno
496 1983 558 2017 870,
577 1988 607 2010 ut
620 1983 741 2018 captivos
754 1984 859 2012 Christi
883 1984 977 2012 lidcles
998 1988 1179 2019 permutaret,
1198 1983 1291 2018 ibique
1306 1983 1475 2011 nonimcstre
1497 1985 1613 2018 spatium
1631 1986 1731 2020 exegit,
1759 1995 1796 2015 ac

151 2029 343 2057 demantlatam
359 2029 412 2056 sibi
438 2028 607 2063 provinciam
626 2028 744 2056 feliciter
759 2029 886 2057 absolvit.
907 2028 976 2057 Cum
1007 2033 1098 2055 autem
1121 2028 1229 2062 plenam
1243 2028 1356 2055 haeresis
1370 2027 1586 2055 Manichaeorum
1603 2030 1792 2064 cognitionem

150 2074 312 2107 accrpisset,
327 2073 409 2107 hujus
421 2072 564 2100 historiam
580 2072 689 2106 scripsit
703 2079 866 2108 erroresque
879 2073 959 2100 docte
977 2071 1157 2107 impugnavit.
1170 2073 1205 2099 De
1219 2081 1252 2100 eo
1265 2071 1410 2105 Baronius,
1425 2076 1492 2099 tom.
1506 2071 1532 2099 X
1549 2072 1647 2101 Annal.
1663 2081 1709 2101 an.
1724 2074 1790 2109 870,

149 2125 177 2144 n.
199 2117 259 2150 66.;
277 2116 358 2151 hujus
372 2116 454 2143 etiam
470 2116 596 2143 meminit
614 2119 681 2143 tom.
701 2115 765 2146 Vlll.
781 2124 825 2143 an.
842 2116 906 2149 655,

1032 2117 1067 2143 Αι
1087 2121 1153 2144 tom.
1180 2115 1226 2148 IX,
1242 2124 1308 2143 arm.
1324 2115 1388 2148 722,
1407 2124 1435 2143 n.
1454 2117 1467 2144 1
1480 2126 1487 2148 ;
1502 2125 1574 2144 anno
1586 2117 1650 2150 810,
1668 2126 1695 2145 n.
1717 2118 1746 2151 4,
1761 2124 1790 2147 et

148 2171 193 2191 an.
211 2163 274 2196 685,
291 2171 318 2190 n.
334 2163 360 2193 2,
380 2162 483 2190 Lucam
499 2161 622 2189 Siculum
640 2166 728 2189 vocat.
744 2161 782 2188 De
798 2169 830 2189 eo
845 2162 927 2189 etiam
953 2161 1092 2189 Caetanus
1113 2160 1160 2188 cit.
1176 2168 1239 2195 pag.
1258 2160 1291 2187 18
1306 2163 1333 2187 et
1361 2160 1415 2193 27;
1442 2159 1611 2189 Possevinus
1636 2161 1664 2188 in
1683 2163 1788 2198 Appar.

147 2207 224 2235 Sacr.
245 2201 373 2239 lomflll,
392 2213 454 2242 pag.
471 2205 516 2234 69.
533 2205 569 2233 At
583 2210 650 2233 tom.
666 2204 697 2238 ll,
716 2214 779 2241 pag.
797 2205 860 2239 554,
879 2205 932 2233 sub
956 2206 1037 2233 Luca:
1053 2204 1137 2232 Siculi
1167 2204 1299 2237 nomine;
1320 2203 1460 2232 diversum
1485 2205 1558 2232 enim
1583 2204 1687 2234 Lucam
1703 2206 1788 2235 Sicu-

147 2253 203 2280 lum
222 2260 236 2279 a
251 2251 333 2279 Petro
350 2251 443 2279 Siculo
462 2258 495 2278 ex
510 2250 620 2278 Baronii
635 2258 729 2277 errore
745 2251 851 2284 putarit
866 2259 873 2277 :
887 2250 934 2278 sed
956 2254 986 2277 ut
1000 2248 1207 2277 oculatissimus
1224 2247 1364 2276 Gerartlus
1379 2247 1424 2276 Jo.
1443 2247 1558 2276 Vossius
1577 2249 1614 2277 De
1627 2250 1692 2278 hist.
1707 2250 1787 2279 Grae-

146 2297 194 2330 cis,
207 2296 254 2324 lib.
272 2304 309 2329 tv,
326 2303 388 2330 cap.
401 2295 444 2328 19,
459 2303 487 2330 p.
503 2294 566 2325 490,
580 2294 867 2322 CasiniirusOudinus
886 2294 913 2322 in
925 2293 1112 2329 Supplementa
1129 2294 1164 2320 ad
1175 2293 1367 2320 Bellarminum
1386 2292 1423 2320 De
1441 2293 1566 2328 scriptor.
1585 2288 1786 2331 ecclesiasticis;

143 2349 205 2376 pag.
226 2340 289 2373 261,
304 2344 331 2367 et
354 2339 484 2367 Nicolaus
500 2339 636 2366 Antonius
660 2339 686 2365 in
708 2338 838 2366 Biblioth.
861 2337 986 2373 Hispana
1000 2342 1051 2365 vel.
1074 2343 1142 2365 tom.
1155 2339 1175 2370 Ι,
1191 2338 1238 2365 lib.
1255 2345 1283 2369 v,
1297 2345 1357 2373 cap.
1374 2337 1400 2370 7,
1424 2346 1452 2365 n.
1469 2337 1533 2371 595,
1548 2339 1785 2375 animadvertunt,

143 2385 216 2413 idem
234 2388 285 2411 est.
305 2383 370 2411 Vide
384 2384 466 2411 etiam
481 2382 615 2409 Joannem
634 2381 795 2409 Bollandum
811 2382 839 2409 in
851 2382 923 2409 Actis
941 2381 989 2409 SS.
1004 2381 1132 2410 Januarii
1156 2386 1223 2409 tom.
1239 2381 1260 2408 ll
1277 2381 1320 2409 die
1341 2382 1387 2409 25.
1405 2381 1520 2414 Ianuar,
1539 2382 1628 2416 “‘25;
1645 2383 1786 2412 liaulber-

142 2434 200 2456 tum
214 2428 348 2459 Miratum,
364 2428 391 2454 in
404 2428 516 2454 Auctor.
542 2426 672 2454 Biblioth.
696 2425 801 2453 Eccles.
837 2434 898 2462 cap.
910 2425 973 2458 256,
990 2434 1017 2461 p.
1045 2426 1116 2454 230:
1136 2425 1293 2453 Matlhaaum
1316 2426 1455 2454 Baderum
1472 2427 1498 2453 in
1515 2426 1644 2454 Observa!
1660 2428 1695 2455 ad
1715 2429 1783 2458 hist.

140 2473 217 2500 Petri
230 2471 316 2500 Siculi
331 2472 378 2506 qui
389 2472 420 2506 in
441 2471 556 2498 dubium
572 2474 684 2498 revocat
704 2470 776 2498 sitne
789 2470 845 2503 ille,
861 2478 942 2506 quem
961 2469 1081 2498 Joannes
1094 2470 1272 2505 Carapotales
1287 2470 1314 2497 in
1335 2478 1393 2497 sua:
1419 2470 1543 2498 historia:
1556 2471 1681 2504 exordio,
1698 2472 1784 2501 Sicu-

140 2519 197 2546 lum
219 2517 382 2552 magistrum
402 2521 492 2549 vocet,
505 2520 533 2542 ct
561 2514 672 2543 Petrum
695 2510 820 2542 Siculum
843 2515 1048 2550 intelligendum
1070 2514 1238 2549 suspicatur.
1261 2514 1296 2541 At
1313 2514 1451 2541 Caetanus
1472 2514 1519 2542 cit.
1542 2522 1570 2550 p.
1589 2515 1633 2549 18,
1651 2521 1730 2550 putat
1744 2518 1782 2546 de

139 2561 270 2590 Michaele
285 2560 368 2596 Glyca
382 2559 512 2587 historico
533 2558 625 2586 Siculo
645 2558 732 2593 accipi
749 2558 859 2592 debere,
886 2559 960 2594 quod
985 2566 1019 2586 ex
1034 2559 1176 2594 utriusque
1190 2558 1313 2586 historiae
1330 2558 1384 2586 ﬁne
1399 2558 1481 2594 plane
1489 2559 1638 2594 colligitur.
1657 2558 1780 2590 Vossius

136 2611 203 2630 vero
218 2603 264 2630 cit.
284 2602 312 2629 in
329 2601 438 2628 Addict.
453 2609 515 2636 pag.
531 2599 593 2632 542,
611 2599 739 2627 dubitans
757 2607 791 2626 an
806 2599 851 2627 hic
875 2601 1004 2636 magister
1018 2602 1127 2630 Siculus
1142 2603 1300 2638 Carapotali
1315 2606 1343 2630 et
1369 2602 1495 2630 Cedreno
1510 2604 1536 2631 in
1563 2603 1691 2632 Exordiis
1709 2606 1778 2635 hist.

137 2650 317 2679 memoratus,
334 2646 370 2673 sit
381 2645 494 2672 Michael
509 2643 618 2680 Glycas,
636 2643 732 2671 Petrus
749 2642 869 2677 Siculus,
885 2652 919 2672 an
934 2645 1055 2675 Joannes
1076 2647 1198 2681 Siculus,
1216 2647 1396 2675 verisimilius
1410 2652 1491 2682 putat
1511 2647 1545 2675 de
1558 2646 1665 2676 Joanne
1677 2649 1777 2679 SiCulo

137 2691 249 2727 intelligi
265 2700 271 2724 ;
293 2695 319 2718 at
337 2690 384 2718 lib.
397 2697 434 2722 iv,
451 2696 513 2724 cap.
528 2688 573 2721 21,
593 2695 654 2723 pag.
670 2688 732 2720 499,
751 2689 785 2715 de
799 2688 905 2716 Joanne
921 2689 1014 2717 Siculo
1035 2691 1164 2718 historico
1180 2691 1305 2719 scribens
1320 2691 1357 2718 ait
1372 2700 1378 2718 :
1393 2691 1547 2726 Philippum
1564 2690 1725 2726 Labbaeum,
1743 2694 1777 2722 in

133 2736 315 2764 Delincationc
331 2738 475 2769 apparatus
488 2733 521 2759 ad
536 2732 675 2759 historiam
691 2731 879 2767 Byzantinam,
898 2741 925 2768 p.
938 2734 982 2768 41,
997 2736 1061 2763 alibi
1079 2737 1180 2764 nodum
1199 2737 1273 2764 hunc
1295 2736 1496 2764 dissoluturum
1512 2737 1681 2772 promisisse.
1702 2737 1777 2768 Vide

132 2781 214 2807 etiam
234 2779 416 2807 Franciscum
435 2777 563 2805 Scorsum
580 2776 606 2802 in
622 2775 744 2810 Epistula
764 2777 796 2803 ad
812 2776 954 2805 Lectorem
971 2779 1072 2807 Homil.
1089 2780 1211 2816 Theopll.
1230 2780 1379 2813 Ceramaei;
1398 2779 1555 2815 Philippum
1573 2780 1721 2810 Labbaeum
1740 2784 1772 2811 in

133 2823 184 2851 SS.
212 2823 338 2856 Patrum,
362 2827 414 2850 ctc.
433 2820 599 2848 Bibliotheca
622 2819 747 2846 (.‘hronol.
765 2828 793 2855 p.
818 2821 885 2855 106;
904 2823 1078 2851 Guillelmum
1089 2826 1170 2858 Cave,
1192 2825 1219 2852 in
1235 2824 1365 2858 Scriptor.
1382 2823 1539 2851 Ecclesiast.
1556 2825 1651 2852 histor.
1671 2826 1771 2861 (illan,

134 2874 179 2892 an.
198 2866 260 2899 870,
276 2876 302 2902 p.
318 2867 386 2900 392;
404 2866 473 2893 Lud.
489 2865 636 2892 Morerium
653 2865 679 2892 in
695 2864 766 2892 Dict.
788 2870 855 2893 tom.
873 2866 904 2897 ll.
919 2875 945 2903 p.
958 2867 1028 2902 857;
1046 2874 1072 2897 et
1089 2868 1119 2896 L.
1138 2869 1218 2897 Ellies
1234 2868 1332 2904 Dupin,
1350 2869 1376 2896 in
1408 2867 1535 2896 Biblioth.
1553 2873 1658 2897 auctor.
1672 2871 1770 2900 crcles.

134 2918 199 2938 tom.
216 2912 283 2945 \‘lll,
300 2921 360 2948 cap.
378 2914 420 2945 l'l,
440 2921 501 2948 pag.
525 2912 586 2940 191.
