1948 3070
177 189 246 223 1235
818 190 969 221 PETRUS
987 190 1159 222 SICULUS.
1747 194 1817 228 1236

178 262 1819 276 *ος-,Ἥ

809 327 976 359 ΝΟΊΊΤΙΛ
1004 329 1176 360 ALTERA.

743 411 869 444 (ιεοωεπ,
889 413 933 439 0r.
948 412 1038 439 Christ.
1052 415 1070 438 t.
1087 413 1118 446 ll,
1137 421 1161 446 p.
1179 412 1246 446 184.)

180 535 181 538 η
210 499 301 536 Argus
320 498 465 533 episeopus
483 496 534 526 fuit
548 498 646 527 Petrus
661 506 761 535 genere
777 499 886 528 Siculus
899 500 969 528 Vitae
985 501 1014 529 S.
1031 502 1174 530 Athanasii
1192 501 1378 530 Methonensis
1391 502 1520 538 scriptor,
1546 502 1604 531 sive
1622 502 1761 532 Orationis
1775 503 1815 532 fu-

174 543 269 571 nebris
286 543 312 570 in
328 542 438 570 beatum
461 543 536 570 illum
554 542 699 571 Methones
712 544 870 579 episcopum
888 554 895 571 :
914 545 961 580 qui
977 546 1145 574 Athanasius
1161 554 1194 574 eo
1222 552 1344 582 tempore
1360 552 1441 575 natus
1458 552 1517 575 erat
1534 554 1589 582 quo
1607 547 1738 575 Saraceni
1759 548 1817 583 pri-

175 595 247 615 mam
269 588 295 614 in
316 587 440 615 Siciliam
454 588 641 615 incursionem
659 588 791 622 fecerant,
806 589 878 616 circa
893 596 994 616 annum
1011 591 1125 625 proinde
1137 591 1201 619 879.
1218 591 1374 627 Seripsitet
1388 591 1573 619 narrationem
1596 591 1630 619 de
1648 591 1815 627 Manichazis,

174 640 258 668 qttam
274 631 455 668 Bulgarorum
479 632 688 668 archiepiscopo
715 633 892 668 nuncupavit.
917 634 994 661 Initio
1008 636 1101 669 operis
1115 643 1145 663 se
1159 643 1174 662 a
1214 636 1311 670 primis
1325 635 1495 671 temporibus
1512 635 1605 663 Basilii
1622 636 1686 670 imp.
1703 637 1816 664 missum

173 677 310 713 signiﬁcat
322 677 354 704 ad
372 677 564 704 haereticorum
583 677 690 705 illortttn
707 678 878 712 progeniem,
896 686 956 713 qua:
974 679 1000 705 in
1015 679 1151 707 Armenia:
1167 681 1290 714 partibus
1302 680 1468 715 pullularat:
1493 680 1600 707 Ἐκείσε
1618 681 1810 716 παραγενόμε-

174 728 218 752 νος
236 721 265 747 ἐν
276 720 349 756 ἀρχῇ
370 720 590 756 αὐτοκρατορίας
608 720 763 754 Βασιλείου,
782 721 830 748 τοῦ
851 723 883 749 ἐκ
908 721 976 749 Θεοῦ
1002 723 1270 759 προκεχειρισμένου
1286 723 1333 750 τοῦ
1361 724 1482 760 μεγάλου
1502 724 1638 760 βασιλέως
1656 725 1747 760 ἡμῶν.
1762 724 1812 753 Cui

177 764 292 799 ejusque
315 763 380 791 ﬁliis
398 764 609 799 imperatoribus
625 765 725 793 multos
746 773 834 793 annos
849 772 1024 802 apprecatur.
1040 769 1122 803 Atqui
1141 769 1283 796 historiam
1303 769 1374 797 hanc
1397 770 1483 797 edidit
1512 778 1574 798 eum
1601 771 1718 797 nondum
1741 774 1816 798 esset

121 840 128 847 Ι
173 808 338 843 Argivorum
357 807 503 842 episcopus
521 808 706 840 rettutttiatus,
722 809 793 843 quod
811 813 871 845 post
888 818 989 837 annum
1002 810 1066 842 890,
1078 810 1192 838 Nicolao
1207 812 1322 847 mystico
1336 811 1494 846 patriarcha
1510 811 1816 847 Constantinopolitano

173 850 275 880 factum
302 859 364 879 esse
379 851 518 887 colligitur
533 860 566 880 ex
583 853 738 888 synaxariis
762 853 876 882 Graecis.
904 855 930 881 In
952 861 985 881 co
1003 855 1103 890 qttippe
1119 855 1191 890 quod
1212 860 1253 883 est
1265 855 1372 891 collegii
1396 855 1561 883 Parisiensis
1586 855 1641 883 PP.
1667 855 1732 883 Soc.
1749 855 1815 884 Jesu

173 896 218 924 die
235 894 252 924 3
273 896 336 923 Maii
349 897 479 924 memoria
497 897 583 924 fertur
606 906 616 922 ι
633 897 662 924 S.
681 897 711 925 P.
726 897 757 925 N.
772 898 846 926 Petri
867 899 1031 934 Argivorum
1046 900 1167 934 episcopi
1184 899 1367 935 thaumaturgi
1381 920 1388 932 ,
1415 900 1460 935 qui
1486 900 1601 935 patriam
1625 900 1722 927 habuit
1742 900 1816 928 Con-

175 942 393 976 stantinopolim,
412 942 546 977 piissimis
564 942 620 970 illic
631 943 791 978 parentibus
808 949 898 977 natus,
918 944 963 978 qui
980 951 1041 971 cum
1054 943 1128 970 omni
1144 943 1246 970 familia
1265 951 1313 971 sua
1337 943 1496 971 monasticae
1516 944 1582 971 vitae
1596 951 1658 972 sese
1671 944 1812 972 dedidere.

172 984 241 1013 Cum
259 991 349 1013 autem
366 986 401 1013 ob
419 986 529 1014 virtutis
543 987 733 1014 excellentiam
752 995 784 1015 eo
799 988 958 1023 adigeretur
983 992 1012 1015 ut
1026 987 1150 1015 Corinthi
1172 988 1440 1022 archiepiscopatum
1460 988 1629 1021 admitteret,
1646 995 1702 1023 prae
1720 988 1817 1015 mode-

173 1029 225 1056 stia
243 1033 270 1056 et
284 1029 442 1057 humilitate
459 1030 529 1058 vinci
545 1038 599 1058 non
618 1032 707 1066 potttit
722 1036 751 1059 ut
768 1032 948 1059 consentiret.
968 1031 1103 1065 Quocirca
1117 1032 1244 1059 ordinato
1258 1031 1314 1059 illic
1330 1031 1416 1059 fratre
1431 1039 1481 1060 suo
1495 1031 1591 1065 Paulo,
1605 1039 1668 1059 eum
1686 1031 1751 1059 illuc
1766 1039 1811 1059 se-

173 1077 253 1100 cutus
269 1078 322 1100 est.
340 1072 438 1100 Verum
456 1074 619 1109 Argivorum
648 1076 746 1110 suiqttc
770 1075 864 1103 fratris
879 1075 1007 1111 precibus
1026 1075 1164 1109 inductus,
1191 1076 1282 1110 Argus
1297 1076 1443 1111 episcopus
1458 1080 1648 1104 consecratur.
1667 1075 1694 1102 lu
1717 1076 1814 1110 primis

173 1117 312 1145 eharitate
335 1125 399 1153 erga
424 1126 560 1154 pauperes
580 1119 667 1151 fulsit.
695 1120 883 1148 imminentem
908 1120 1096 1154 Peloponneso
1124 1119 1225 1147 famem
1245 1121 1452 1155 prwnuntiavit.
1479 1121 1592 1148 Demum
1609 1127 1711 1147 annum
1729 1126 1815 1154 agens

173 1161 405 1196 septuagesimum
427 1167 487 1196 post
507 1168 653 1191 sexcentos
671 1170 772 1199 agones
790 1164 916 1199 spiritum
936 1164 991 1191 Deo
1015 1163 1145 1191 reddidit.
1167 1173 1176 1189 ι
1202 1163 1229 1191 ltt
1254 1162 1391 1192 Chronico
1421 1164 1497 1192 brevi
1517 1164 1613 1192 Grzeco
1643 1163 1715 1199 quod
1742 1164 1816 1198 typis

173 1205 275 1233 editum
290 1209 333 1232 est
352 1210 413 1240 post
429 1206 570 1234 historiam
584 1206 665 1235 Ducze
682 1207 824 1235 Michaelis
838 1207 960 1242 Nepotis,
974 1208 1007 1235 ad
1023 1216 1124 1235 atmttm
1137 1207 1220 1239 6929.
1234 1208 1338 1236 Christi
1353 1208 1435 1239 1421,
1453 1207 1550 1236 indict.
1566 1215 1612 1235 xw
1624 1207 1747 1235 Januarii
1765 1207 1814 1239 21,

173 1248 226 1276 fer.
241 1249 258 1276 ὖ
274 1256 281 1276 :
311 1259 320 1275 t
342 1248 543 1284 Siguntonanes
559 1249 717 1278 Latinorum
732 1251 877 1287 episcopus
894 1252 994 1279 dicitur
1009 1252 1177 1280 sanctissimi
1201 1252 1274 1280 Petri
1289 1252 1398 1286 Nauplii
1410 1256 1438 1280 et
1459 1253 1593 1288 Argorum
1615 1252 1734 1286 episcopi
1750 1258 1815 1286 pre-

174 1293 259 1321 tiosas
275 1293 407 1328 reliquias
429 1298 462 1321 an
477 1294 544 1321 urbe
559 1294 640 1329 Argis
654 1294 799 1330 Nauplium
811 1303 871 1332 qum
884 1297 1050 1332 episcopalis
1066 1298 1146 1326 sedes
1163 1302 1216 1330 est,
1236 1298 1422 1325 transtulisse.
1437 1297 1488 1330 Qui
1507 1302 1570 1324 tunc
1588 1297 1644 1324 illic
1661 1301 1814 1331 praesentes

173 1338 250 1366 fuere
262 1358 270 1371 ,
292 1344 468 1372 asseverant,
483 1339 527 1367 ubi
553 1345 677 1367 sanctmn
705 1346 909 1368 monumentum
936 1347 1060 1376 apertmn
1075 1344 1128 1373 est,
1146 1346 1247 1368 terrain
1271 1344 1344 1367 motu
1368 1347 1529 1368 concussam
1546 1346 1616 1367 esse.
1635 1338 1711 1366 Odor
1728 1339 1814 1366 etiam

171 1383 264 1411 suavis
284 1383 384 1411 muittts
404 1384 524 1411 manavit
536 1384 626 1412 locum
639 1385 714 1412 illum
727 1389 755 1412 et
769 1393 860 1413 aerem
884 1385 1011 1420 implens,
1029 1385 1077 1414 sed
1093 1391 1122 1413 et
1134 1385 1290 1420 sepulcrum
1306 1384 1409 1411 lumine
1428 1384 1576 1418 splenduit.
1597 1383 1731 1411 Pretiosae
1749 1381 1816 1410 reli-

171 1427 243 1462 quiae
263 1428 348 1455 multo
367 1429 471 1456 honore
495 1429 626 1464 deposita:
650 1433 725 1462 sunt,
747 1437 862 1465 quarum
882 1430 1025 1463 particulis
1043 1437 1058 1456 a
1074 1429 1201 1457 fidelibus
1225 1428 1361 1463 acceptis,
1389 1428 1545 1463 complures
1570 1435 1618 1463 per
1643 1427 1704 1454 illas
1721 1425 1814 1453 sanati

172 1471 257 1500 fuere.
276 1482 285 1498 ι
312 1472 406 1500 Sancti
426 1472 507 1508 hujus
522 1474 688 1510 Argivorum
705 1474 826 1510 episcopi
842 1473 915 1502 Petri
933 1474 1027 1502 ()ratio
1038 1479 1128 1502 exstat
1146 1473 1172 1501 iu
1187 1472 1237 1501 SS.
1254 1472 1413 1508 Auargvros
1430 1473 1558 1500 Cosmam
1574 1476 1603 1499 et
1618 1471 1795 1498 Damianum.

175 1580 1796 1595 -————————————————~—————————p————_.—_

441 1663 517 1708 DE
555 1662 754 1709 PETRO
791 1662 1006 1708 SICULO
1044 1663 1210 1715 EJUS£

791 1662 1006 1708 SICULO
1044 1663 1107 1707 EJ
1121 1663 1314 1716 USQUE
1341 1662 1539 1710 OPERE

904 1760 1106 1792 MONITUM.

583 1845 677 1880 '(Attc.
693 1845 758 1879 Mar,
776 1843 946 1872 Bibliotheca
967 1850 1037 1871 nova
1056 1847 1075 1871 t.
1093 1841 1137 1876 ιν,
1155 1849 1216 1878 par.
1229 1843 1262 1876 il,
1279 1851 1341 1879 pag.
1359 1843 1400 1878 1.)

208 2008 236 2036 1.
257 2006 295 2035 De
314 2006 395 2035 Petro
415 2006 520 2040 Siculo,
540 2004 587 2041 qui
608 2004 698 2032 medio
719 2003 820 2032 srecnlo
835 2011 907 2031 nono
922 2003 1033 2035 claruit,
1058 2003 1142 2031 verba
1165 2003 1211 2031 diu
1235 2011 1288 2031 non
1306 2003 1415 2038 faciam,
1438 2007 1584 2040 postquam
1609 2003 1670 2040 ejus
1689 2005 1816 2034 notitiam

172 2054 240 2082 satis
263 2054 374 2080 uberem
401 2053 513 2081 tradidit
531 2050 714 2086 Mongitorius
738 2050 765 2077 itt
789 2049 880 2076 Sicula
909 2048 1072 2076 bibliotheca
1088 2052 1108 2076 t.
1126 2048 1158 2082 il,
1174 2056 1200 2083 p.
1223 2048 1354 2076 158-159.
1372 2048 1474 2084 Nempe
1492 2048 1514 2077 is
1529 2049 1646 2083 patriam
1671 2051 1818 2086 tyrannide

173 2097 376 2126 SaracenOrum
401 2103 560 2132 oppressam
586 2094 709 2130 fugiens,
736 2093 897 2128 Byzantium
926 2097 1033 2121 mature
1059 2100 1089 2121 se
1114 2093 1247 2124 contulit,
1276 2093 1369 2128 ibique
1395 2093 1489 2121 Basilii
1516 2093 1673 2122 Macedonis
1700 2095 1817 2130 ejusque

172 2143 323 2170 liberorum
351 2141 490 2169 Caesarum
512 2139 628 2176 gratiam
641 2142 755 2170 nactus,
777 2137 804 2165 in
824 2137 982 2165 Armeniam
1009 2137 1113 2172 legatus
1138 2137 1204 2165 abiit
1228 2141 1340 2172 propter
1365 2138 1536 2172 captivorum
1562 2139 1814 2174 permutationem;

173 2191 256 2222 atque
270 2186 326 2214 illic
344 2186 371 2214 in
390 2187 457 2213 urbe
473 2184 582 2211 Tibrica
598 2190 671 2210 anno
687 2182 742 2210 fere
755 2182 924 2212 demoratus,
941 2181 1151 2210 Manichteorum
1165 2181 1369 2209 multitudinem
1387 2181 1574 2216 deprehendit,
1592 2182 1639 2217 qui
1651 2183 1815 2212 >Pauliciani

173 2237 240 2259 tunc
256 2231 427 2262 dicebantur,
446 2237 478 2256 ex
496 2228 583 2256 Paulo
599 2227 704 2256 scilicet
716 2227 835 2262 quodam
852 2226 1052 2258 Samosatensi,
1069 2225 1116 2261 qui
1132 2225 1273 2260 aliquanto
1285 2229 1347 2260 post
1362 2225 1477 2252 illanetis
1493 2225 1668 2260 supplicium,
1686 2227 1814 2255 hteresim

173 2276 248 2303 illam
264 2274 445 2305 continuavit,
462 2280 566 2309 perque
589 2271 738 2307 discipulos
757 2278 789 2298 ac
810 2278 985 2299 successores
1002 2271 1056 2298 late
1075 2269 1225 2305 ampliavit.
1239 2270 1279 2296 Ex
1294 2269 1339 2296 illa
1355 2269 1436 2304 igitur
1450 2277 1525 2297 mora
1546 2277 1580 2297 ac
1600 2270 1696 2297 notitia
1723 2276 1815 2299 ortum

173 2324 217 2349 est
233 2320 316 2348 Petro
337 2319 482 2346 consilium
508 2316 646 2346 scribendi
668 2316 808 2344 historiam
832 2315 1056 2347 Matticltmorum,
1077 2321 1093 2341 a
1108 2313 1198 2349 primo
1213 2313 1278 2340 mali
1295 2318 1407 2340 auctore
1425 2321 1512 2348 usque
1532 2315 1565 2340 ad
1588 2321 1667 2342 suam
1692 2319 1815 2348 aetatem,

173 2372 236 2392 cum
254 2364 340 2398 ipsius
359 2364 496 2391 haereseos
511 2361 688 2389 refutatione.
713 2360 857 2388 Fabricius
872 2366 981 2394 quoque
1002 2358 1034 2386 Β.
1059 2357 1091 2385 G.
1110 2362 1130 2385 t.
1149 2357 1206 2390 VII,
1226 2365 1252 2392 p.
1270 2356 1334 2388 529,
1352 2357 1386 2384 de
1409 2356 1484 2384 Petri
1508 2364 1591 2392 opere
1613 2365 1664 2393 pro
1685 2358 1816 2386 instituto

173 2416 225 2436 suo
246 2407 364 2436 breviter
389 2406 468 2434 dixit.
496 2405 612 2433 Wolfius
627 2404 745 2439 denique
767 2404 795 2431 itt
814 2403 893 2431 l’rtcf.
910 2403 943 2430 ad
964 2402 1091 2429 Auecdot.
1106 2400 1153 2429 Gr.
1180 2406 1200 2429 t.
1217 2401 1238 2434 l,
1255 2401 1489 2436 comparationem
1514 2401 1589 2430 Petri
1614 2410 1677 2431 cum
1703 2402 1815 2434 Photio.

174 2452 248 2486 paris
267 2450 420 2487 argumenti
435 2450 579 2485 scriptore,
597 2448 726 2476 instituit.
742 2447 853 2475 Jamdiu
869 2447 976 2475 dixerat
988 2446 1218 2479 Montfauconius,
1235 2446 1267 2476 Β.
1283 2445 1394 2474 Coislin.
1411 2454 1439 2482 p.
1455 2446 1518 2480 349,
1532 2446 1662 2476 Photium
1677 2448 1818 2476 historica:

173 2505 231 2526 suae
248 2496 446 2524 lucubrationis
464 2500 568 2531 partetn
594 2494 742 2522 maximam
763 2501 797 2521 cx
819 2493 901 2522 Petro
926 2491 1020 2520 Siculo
1036 2491 1235 2526 dcsumpsisse.
1259 2491 1294 2519 At
1313 2491 1428 2519 Wolfius
1443 2492 1568 2519 dubitare
1588 2492 1696 2527 ntaluit,
1719 2498 1818 2521 utrum

173 2541 289 2569 Pholius
304 2549 336 2568 ex
355 2540 444 2572 Petro,
460 2548 494 2567 an
509 2548 543 2567 ex
566 2539 663 2567 Pltotio
681 2540 777 2567 Petrus
797 2546 854 2565 rem
875 2542 1017 2564 mutuatus
1035 2536 1080 2563 sit.
1107 2537 1163 2572 ligo
1178 2544 1242 2564 vero
1257 2536 1284 2564 in
1300 2535 1496 2564 Montfattconii
1517 2537 1682 2565 sententiain
1698 2537 1818 2572 pedibus

173 2593 217 2614 eo.
244 2586 351 2613 Etenim
369 2592 455 2620 quttnt
473 2583 572 2612 Petrus
588 2592 641 2611 non
662 2588 802 2611 auctorem
820 2590 849 2610 se
866 2582 927 2609 libri
944 2581 1144 2613 tantummodo,
1168 2581 1215 2608 sed
1240 2581 1279 2608 rei
1304 2585 1387 2615 gestae
1412 2585 1533 2609 actorem
1561 2587 1648 2610 semet
1671 2582 1763 2615 dicat;
1789 2587 1819 2609 et

174 2629 286 2665 quidem
312 2637 357 2657 res
383 2633 465 2664 atque
487 2635 587 2655 arcana
613 2627 828 2655 Manicltmorum
854 2625 925 2661 apud
950 2633 997 2653 eos
1020 2630 1183 2660 praesentem
1208 2625 1379 2660 cognovisse,
1405 2631 1432 2654 et
1457 2625 1657 2661 disputationes
1672 2634 1734 2654 cum
1760 2626 1817 2654 illis

173 2675 284 2703 habitas
301 2674 328 2701 in
342 2673 556 2701 commentarios
571 2672 732 2706 contulisse,
749 2671 841 2699 Basilii
858 2670 998 2705 regnantis
1013 2677 1085 2697 anno
1101 2669 1220 2697 secundo
1231 2690 1239 2702 ,
1258 2670 1320 2704 quis
1334 2677 1396 2697 eum
1414 2677 1428 2696 a
1444 2669 1542 2698 Photio
1555 2670 1647 2705 potius
1669 2670 1817 2698 materiam

175 2719 247 2747 hanc
265 2718 416 2750 derivasse,
432 2717 600 2745 credibiliter
619 2717 711 2744 dicat?
725 2717 850 2751 Cuntqtie
864 2715 960 2743 Petrus
975 2714 1007 2742 ad
1024 2714 1225 2742 nobilissimum
1250 2714 1353 2742 scribat
1368 2715 1524 2749 prtesulem,
1539 2713 1673 2749 Bulgaria:
1689 2713 1820 2742 videlicet

175 2762 426 2798 archiepiscopum,
446 2761 509 2796 quis
526 2768 588 2788 eum
609 2763 663 2787 tam
681 2760 866 2795 impudentem
884 2758 969 2786 fuisse
984 2758 1131 2790 existimet,
1149 2763 1179 2785 ut
1192 2765 1260 2794 opus
1269 2766 1303 2786 ex
1314 2758 1411 2786 aliettis
1425 2758 1534 2794 scriptis
1550 2759 1651 2793 potius,
1663 2764 1690 2786 et
1702 2758 1818 2794 quidem

180 2807 303 2835 hominis
321 2811 386 2834 tunc
408 2806 536 2837 viventis.
552 2804 729 2839 compilatum
745 2811 833 2842 quam
845 2804 1120 2839 proprium'mitteret
1138 2804 1150 2831 ?
1173 2803 1299 2832 Photium
1318 2809 1412 2832 contra
1429 2804 1552 2839 plagiarii
1575 2811 1651 2831 more
1673 2811 1703 2832 se
1721 2811 1820 2839 gerere

177 2854 301 2883 solitum,
329 2851 397 2878 satis
426 2858 471 2878 me
497 2849 624 2877 docuisse
652 2854 728 2884 puto,
756 2857 818 2876 cum
841 2849 902 2884 ejus
925 2848 1115 2883 Amphilochia
1139 2848 1222 2876 edidi.
1243 2847 1321 2882 Quod
1346 2849 1368 2876 si
1393 2848 1545 2876 invidiosus
1572 2847 1696 2884 plagiarii
1718 2847 1820 2875 titulus

176 2893 313 2928 displicet.
331 2898 359 2921 at
373 2894 501 2922 Photium
521 2899 596 2921 certe
611 2893 762 2921 alienorum
777 2900 850 2928 saepe
866 2893 1031 2928 scriptorum
1048 2893 1221 2921 rccitatorem
1238 2893 1330 2920 dicere
1345 2892 1418 2926 licet,
1434 2893 1517 2921 veluti
1531 2893 1558 2920 in
1573 2891 1771 2920 Nomocanone
1785 2900 1821 2920 ac

176 2936 366 2967 Svntaamatc.
386 2942 412 2966 et
435 2939 462 2966 in
486 2939 546 2974 ipso
563 2938 709 2967 clarissimi
729 2938 848 2966 ttominis
866 2937 1040 2973 lliyriobiblo.
1057 2937 1151 2971 Quid?
1166 2935 1312 2965 Tractatus
1335 2937 1405 2972 ejus,
1431 2941 1461 2965 ut
1484 2937 1564 2972 vulgo
1577 2936 1707 2969 creditur,
1724 2936 1822 2965 adhuc
