1948 3070
159 201 225 234 1237
570 202 753 233 MONITUM
773 201 814 233 IN
835 200 1052 232 HISTORIAM
1071 201 1378 233 MANICHEORUM.
1731 204 1798 238 1238

160 263 282 290 ineditus
302 262 337 290 de
356 261 476 297 Spiritus
490 260 579 289 sancti
596 260 783 296 processione,
802 267 893 288 nonne
915 259 943 287 in
963 262 1106 295 pervetere
1125 259 1221 288 codice
1243 259 1377 289 Vaticano
1392 261 1552 289 inscribitur
1572 262 1679 290 auctori
1694 262 1798 290 Metro-

161 307 247 343 phani
263 306 443 342 Smyrnarum
461 308 540 333 aetate
554 305 684 340 pbotiana
699 304 852 340 episcopo?

160 351 224 378 t--2.
244 350 324 378 Nunc
346 353 376 377 ut
398 349 432 377 ad
455 356 512 377 rem
537 353 660 376 nostram
684 347 811 383 proprius
838 348 1020 383 accedamus,
1052 348 1275 377 Paulicianorum
1299 349 1342 378 sui
1365 350 1500 386 temporis
1519 350 1727 385 haereticorum,
1748 351 1797 386 qui

160 394 359 423 Manichaicam
376 393 536 431 doetrinam
557 391 764 427 proﬁtebantur,
783 392 925 420 historiam
942 393 1055 429 scripsit
1068 393 1167 421 Petrus
1189 401 1245 421 uno
1260 393 1332 422 libro
1349 394 1596 430 comprehensam;
1615 401 1698 430 quam
1715 394 1798 423 altius

158 443 285 475 repetens
301 443 330 467 ut
343 438 398 474 jam
412 437 543 471 diximus,
559 437 594 464 ab
608 436 713 465 Manete
732 437 803 472 ipso,
819 437 875 465 imo
892 441 919 464 et
939 441 1012 469 retro
1029 437 1211 473 aliquantum,
1228 444 1342 466 exorsus
1358 442 1411 467 est.
1431 437 1488 466 Hac
1511 438 1682 473 elucubrata,
1701 439 1797 475 reique

160 487 325 518 argumento
339 482 477 518 exposito,
493 489 540 510 ser
555 481 653 510 deinde
668 488 811 509 sermones
828 481 1012 514 continuavit,
1034 481 1136 517 quibus
1149 482 1286 517 pessimos
1302 486 1385 510 sectae
1407 489 1516 510 errores
1529 482 1646 511 viriliter
1658 482 1797 512 refutavit.

162 528 191 556 ld
207 536 273 556 vero
290 532 424 563 praestans
435 534 505 562 opus
519 527 546 554 in
561 526 644 554 unico
661 530 852 554 conservatum
866 525 928 559 fuit,
943 529 1078 561 quantum
1096 526 1229 554 hactenus
1242 530 1360 560 constat,
1377 525 1512 554 Vaticano
1528 526 1623 555 codice
1634 526 1696 560 5M,
1711 534 1799 555 mem-

161 573 278 606 braneo,
295 575 399 604 vetere,
417 575 443 599 et
457 571 491 598 ab
507 570 629 599 auctoris
649 570 818 606 temporibus
834 578 932 606 parum
947 571 1076 599 distante.
1091 570 1200 599 Partem
1213 572 1273 607 ejus
1286 571 1459 605 bistoricam,
1476 572 1504 599 id
1519 576 1561 600 est
1576 572 1676 600 librum
1692 579 1798 600 sermo-

160 616 242 645 nibus
257 623 305 644 sex
322 615 510 651 praepositum,
526 615 692 650 exscriptam
704 615 768 643 hinc
781 623 898 651 magnus
911 615 971 644 Jac.
988 615 1154 645 Sirmundus
1167 617 1201 644 ad
1214 615 1356 644 Velserum
1374 617 1402 644 in
1419 616 1595 645 Germaniam
1611 618 1703 651 misit;
1719 617 1798 652 cujus

161 664 259 688 nactus
275 660 462 695 apographum
486 659 581 686 Matth.
608 658 732 687 Raderus
748 659 818 695 typis
837 667 899 687 cum
923 659 1018 688 Latina
1046 662 1270 697 interpretatione
1293 661 1432 690 commisit
1453 661 1610 698 lngolstadii
1628 669 1700 689 anno
1719 661 1797 688 1604.

161 704 315 739 Ceteroqui
331 703 496 732 Sirmondus
511 707 667 736 monuerat,
693 707 764 732 teste
787 703 909 738 Radero,
925 705 978 732 alia
998 705 1053 733 duo
1078 706 1104 733 in
1119 705 1254 733 Vaticano
1269 707 1363 734 codice
1379 705 1429 741 legi
1446 705 1575 741 capitula,
1594 706 1706 733 totidem
1725 704 1799 733 refu-

160 749 247 776 tantia
263 748 477 776 Manichaeorum
502 755 620 780 errores,
643 748 690 775 sed
713 756 744 775 ea
767 748 851 776 nudis
873 749 1072 783 propemodum
1098 749 1254 777 divinarum
1279 749 1446 777 Litterarum
1471 749 1638 777 testimoniis
1661 753 1798 776 constare.

160 793 267 822 Revera
280 797 370 821 tamen
385 792 524 820 Sirmondi
543 793 686 821 afﬁrmatio
700 793 735 828 (si
749 793 820 821 forte
838 793 861 821 is
877 794 1017 821 memoriae
1038 793 1117 828 lapsu
1136 794 1173 821 ita
1186 793 1264 829 dixit)
1282 793 1325 821 bis
1344 793 1465 827 laborat;
1480 793 1569 828 primo
1580 793 1645 828 quia
1660 800 1713 820 non
1733 788 1798 825 dtio,

161 838 209 866 sed
238 843 305 870 tres,
330 843 392 873 post
418 837 562 865 historiam
591 841 735 865 remanent
762 837 789 865 in
815 838 911 865 codice
933 837 995 865 Vat.
1015 845 1177 865 sermones:
1196 837 1309 870 iterum.
1324 838 1388 873 quia
1406 845 1492 865 sacrm
1515 837 1625 872 quidem
1653 836 1800 872 Scriptura‘

162 882 320 911 testimonia
338 883 381 910 his
399 882 575 910 sermonibus
593 882 787 916 subteruntur,
804 889 894 918 neque
911 887 1002 910 tamen
1019 889 1067 910 eos
1085 881 1271 911 constituunt.
1291 881 1401 909 Interim
1419 882 1567 910 dolendum
1588 886 1639 916 est,
1657 882 1731 916 quod
1753 889 1799 909 sex

164 935 324 955 sermonum
338 935 352 955 a
366 927 447 955 Petro
463 927 677 962 compositorum
692 928 799 963 priores
814 932 870 955 tres
885 927 1075 955 tantummodo
1096 927 1123 954 in
1144 926 1276 954 Vaticano
1298 927 1450 961 exemplari
1474 931 1632 962 supersunt,
1657 931 1685 954 ut
1706 930 1800 962 postea

162 972 286 1000 dicemus
297 991 304 1004 ,
320 972 434 1007 reliquis
449 977 550 1000 aeterna
566 971 685 1000 fortasse
699 976 780 1000 nocte
795 972 920 1007 sepultis,
937 976 985 999 aut
1000 971 1130 1007 temporis
1146 971 1248 1006 injuria
1260 971 1443 1006 consumptis.

198 1017 225 1044 5.
245 1017 312 1050 Quae
327 1024 388 1044 cum
408 1017 445 1045 ita
463 1017 528 1051 sint,
546 1017 673 1053 equidem
689 1018 834 1045 observato
855 1023 918 1045 ante
942 1018 992 1045 hos
1006 1024 1095 1044 annos
1111 1015 1243 1043 Vaticano
1266 1009 1370 1045 codice.
1388 1015 1434 1050 qui
1451 1022 1514 1042 cum
1529 1015 1566 1042 sit
1581 1015 1690 1047 unicus,
1707 1015 1799 1049 magni

163 1061 244 1097 pretii
267 1065 319 1094 est,
338 1067 365 1089 et
383 1061 513 1096 periculis
530 1062 612 1090 etiam
635 1062 752 1089 fortunae
771 1062 917 1093 obnoxius,
943 1062 1140 1089 constitueram
1161 1065 1215 1088 tres
1233 1059 1351 1088 ineditos
1368 1058 1558 1087 tantummodo
1580 1063 1643 1093 post
1658 1058 1801 1085 historiam

167 1112 310 1133 sermones
335 1110 463 1141 typorttm
480 1107 652 1134 munimento
671 1107 720 1134 abs
736 1106 835 1141 quovis
858 1106 973 1134 fortuito
997 1105 1111 1133 interitu
1135 1103 1286 1137 vindicare,
1304 1108 1330 1131 et
1349 1105 1475 1131 obrutam
1498 1103 1524 1130 in
1538 1103 1582 1130 his
1596 1102 1750 1130 doctrinam
1768 1102 1802 1128 ad

163 1156 340 1176 comtnunem
365 1157 446 1177 usum
469 1149 604 1185 perferre.
624 1149 730 1178 Etenim
752 1157 786 1177 ex
808 1157 863 1185 quo
884 1149 1049 1177 Sirmondus
1065 1148 1169 1177 codicis
1188 1148 1312 1176 notitiam
1328 1147 1452 1183 protulit,
1473 1151 1499 1175 et
1517 1146 1680 1174 historicum
1702 1146 1802 1173 librum

167 1192 292 1221 Raderus
307 1193 441 1229 vulgavit,
457 1194 568 1222 ducenti
583 1194 640 1222 fere
654 1198 682 1221 et
694 1194 895 1230 quinquaginta
913 1194 976 1221 anni
997 1194 1170 1227 eﬁluxerunt,
1188 1194 1254 1229 quin
1273 1198 1363 1221 tamen
1380 1193 1471 1228 operis
1491 1191 1601 1227 reliqui,
1620 1195 1753 1227 qttantum
1766 1190 1803 1218 ibi

166 1237 336 1270 continetur,
354 1237 439 1265 editio
454 1238 504 1265 abs
518 1238 618 1273 quovis
631 1243 727 1266 curata
746 1239 792 1266 sit.
807 1238 878 1272 Quin
896 1239 965 1266 adeo
979 1239 1050 1274 parti
1072 1239 1152 1267 editae
1168 1239 1290 1267 nonnulli
1307 1239 1417 1274 quidem
1431 1237 1584 1265 doctissimi
1596 1236 1723 1264 homines
1737 1236 1801 1272 (loc.

166 1281 214 1308 cit.
230 1281 302 1316 apud
312 1280 421 1309 Fabric.
436 1286 464 1309 et
478 1281 582 1317 Wolf.)
603 1282 739 1310 secundas
754 1290 836 1310 curas
851 1282 980 1310 adhibere
996 1282 1079 1318 prout
1094 1291 1137 1311 res
1151 1284 1281 1319 poscebat
1297 1286 1445 1318 optarunt;
1463 1281 1512 1310 sed
1529 1285 1621 1308 tamen
1635 1288 1716 1309 casso
1729 1288 1803 1308 sein-

168 1333 217 1361 per
232 1325 331 1353 ctfectu
347 1326 373 1353 id
389 1326 589 1361 promiserunt.
608 1326 665 1362 Ego
682 1334 747 1354 vero
764 1326 862 1354 Baderi
876 1327 1024 1354 editionem
1041 1335 1105 1354 cum
1121 1326 1217 1355 Graeco
1232 1334 1380 1362 parumper
1395 1325 1550 1359 conferens,
1565 1324 1711 1353 dolendam
1726 1324 1804 1352 valtlc

167 1373 195 1397 et
209 1369 390 1397 intolerandis
404 1370 511 1397 mendis
535 1370 663 1398 refertam
677 1371 892 1406 comperiebam.
916 1370 945 1398 Id
965 1374 1057 1398 autem
1073 1370 1219 1406 contigisse
1233 1374 1310 1406 puto,
1327 1377 1381 1397 non
1396 1370 1460 1405 quia
1476 1368 1639 1396 Sirmondus
1653 1368 1806 1396 Graecitatis

170 1419 198 1442 et
212 1414 338 1442 codicum
367 1414 554 1449 peritissimus
576 1415 610 1450 (si
630 1419 704 1442 certe
721 1422 803 1442 manu
825 1415 935 1450 propria
965 1423 1032 1443 usus
1056 1415 1116 1449 fuit)
1135 1422 1218 1450 prave
1234 1413 1425 1451 exscripserit,
1445 1413 1493 1442 sed
1509 1413 1574 1449 quia
1598 1412 1698 1440 Raderi
1721 1412 1805 1440 editio

169 1466 224 1486 non
242 1466 275 1486 ex
298 1459 358 1493 ipso
381 1458 521 1486 Sirmondi
544 1459 725 1495 autographo,
752 1460 799 1487 sed
823 1468 855 1487 cx
879 1459 987 1488 traditis
1009 1460 1157 1495 typothetae
1175 1459 1283 1487 schedis
1298 1458 1421 1486 derivata
1438 1458 1562 1491 videtur;
1582 1457 1661 1491 cujus
1677 1457 1716 1484 rei
1737 1457 1804 1484 mihi

167 1503 299 1531 indicium
316 1508 395 1531 erant
415 1503 468 1531 loci
488 1504 623 1537 nonnulli,
642 1504 686 1531 ubi
704 1504 800 1531 Latina
817 1504 917 1532 Raderi
934 1504 1019 1532 editio
1033 1512 1048 1532 a
1064 1504 1157 1532 Grtcca
1173 1504 1295 1539 ejusdem
1313 1503 1413 1537 differt,
1427 1503 1453 1530 id
1466 1503 1539 1538 quod
1554 1502 1613 1530 ﬁeri
1625 1502 1684 1530 sine
1695 1502 1805 1530 diverso

168 1548 265 1576 Grteco
284 1548 433 1583 exemplari
448 1556 503 1575 non
519 1549 617 1584 potuit.
634 1549 768 1576 Praeterea
795 1549 945 1585 insigniora
970 1549 1095 1584 quaedam
1110 1549 1209 1576 menda
1225 1548 1288 1576 inde
1301 1551 1459 1580 manarunt,
1476 1546 1549 1582 quod
1572 1546 1716 1582 scriptura:
1728 1553 1806 1574 com-

169 1593 335 1628 pendia,scu
350 1593 508 1626 verborum,
522 1597 551 1620 ut
567 1593 790 1626 dicitnus,nexus
807 1601 860 1621 non
878 1597 943 1621 sunt
957 1593 1099 1625 intellecti,
1118 1593 1233 1628 ideoque
1252 1600 1395 1628 perperam
1412 1591 1550 1627 explicati,
1565 1591 1589 1618 id
1608 1591 1680 1626 quod
1696 1590 1805 1618 eviden«

172 1637 246 1666 tibus
259 1637 358 1665 deinde
372 1638 505 1673 exemplis
519 1638 715 1673 eomprobabo.
739 1638 791 1665 Sed
814 1638 886 1665 enim
911 1646 945 1665 ne
967 1637 1062 1664 Latina
1085 1636 1194 1672 quidem
1211 1635 1310 1664 Rnderi
1332 1636 1530 1671 interpretatio,
1548 1643 1704 1670 quanquam
1729 1635 1806 1663 bonae

172 1681 328 1709 Latinitatis
348 1686 448 1710 ornatu
470 1690 500 1710 se
520 1682 713 1716 commendat,
738 1682 834 1710 Graeco
858 1683 943 1710 textui
969 1687 1071 1718 quanta
1092 1686 1232 1717 oporteret
1249 1680 1381 1708 ﬁdelitate
1404 1681 1565 1715 respondet;
1583 1679 1736 1707 manifestis
1750 1679 1807 1707 imo

171 1726 313 1753 erroribus
330 1733 345 1753 a
366 1727 482 1755 veritate
506 1734 560 1754 non
577 1727 662 1754 semel
677 1727 793 1754 discedit
808 1736 814 1753 :
833 1734 887 1762 qua
903 1734 933 1754 re
947 1730 1054 1754 mature
1069 1726 1203 1754 intellecta
1221 1725 1337 1754 Wolﬁus
1362 1724 1438 1761 praef.
1461 1726 1509 1753 cit.
1524 1733 1552 1760 p.
1570 1725 1596 1757 6,
1613 1724 1690 1756 dixit,
1709 1731 1807 1751 novam

172 1769 245 1797 Petri
267 1769 353 1797 Siculi
374 1765 529 1798 versionem
544 1772 657 1798 omnino
673 1771 786 1806 requiri.
808 1770 872 1798 Haec
894 1777 939 1798 me
961 1771 1000 1798 rei
1016 1775 1156 1799 momenta
1171 1770 1351 1806 impulerunt,
1367 1774 1398 1797 ut
1418 1769 1541 1797 historia:
1561 1769 1646 1804 ipsius
1661 1768 1807 1795 editionem

172 1822 270 1842 novam
286 1822 318 1841 ex
331 1814 458 1849 originali
476 1815 568 1842 codice
591 1823 722 1851 perquam
744 1820 877 1843 accurate
894 1815 1099 1850 exprimendam
1118 1823 1262 1848 curarem;
1284 1814 1411 1843 Latinam
1428 1821 1539 1850 quoque
1554 1813 1806 1848 interpretationem

171 1862 260 1885 marte
285 1857 397 1892 proprio
421 1857 492 1893 stylo
516 1858 634 1897 simplici
657 1859 821 1887 adornaretn
845 1868 852 1887 :
879 1867 934 1887 non
960 1860 1025 1895 quia
1050 1867 1095 1887 me
1116 1859 1224 1887 Radero
1249 1859 1409 1892 anteferam,
1432 1859 1478 1886 sed
1502 1858 1566 1893 quia
1590 1858 1631 1885 sic
1659 1858 1810 1885 necessitas

171 1902 312 1938 postulare
336 1902 500 1930 videbatur:
525 1897 630 1931 scholia
655 1903 738 1931 etiam
766 1904 916 1932 identidem
938 1904 1117 1940 adjuttgerem
1142 1912 1204 1940 quae
1228 1904 1269 1932 vel
1291 1904 1408 1931 instituti
1436 1903 1490 1930 mei
1513 1903 1648 1930 rationem
1674 1901 1808 1934 reddunt,

172 1947 216 1974 vel
236 1946 336 1975 Radcri
353 1947 452 1974 librum
472 1947 630 1980 emendant,
650 1947 692 1974 vel
706 1947 826 1982 denique
842 1948 985 1976 historiam
1008 1954 1055 1976 aut
1073 1949 1249 1984 philologiam
1266 1947 1426 1983 respiciunt.
1455 1947 1537 1975 Certe
1558 1947 1611 1975 nisi
1634 1950 1721 1974 totum
1736 1945 1808 1973 Petri

174 1991 260 2019 Siculi
284 1991 417 2027 scriptum
440 1991 522 2019 simul
546 1991 735 2028 protulissem,
759 1991 844 2020 editio
864 1991 1012 2020 admodum
1036 1993 1196 2028 imperfecta
1220 1992 1309 2026 foret;
1331 1999 1451 2026 namque
1476 1995 1506 2019 ut
1525 1991 1639 2019 historia
1664 1990 1808 2018 refutatio-

173 2043 252 2066 nem,
280 2036 316 2063 ita
339 2036 397 2064 haec
420 2035 544 2065 vicissim
573 2037 717 2065 historiam
751 2036 885 2069 illustrat,
909 2045 972 2072 quae
999 2034 1167 2070 conjunctim
1196 2034 1289 2062 omnia
1315 2034 1348 2062 ad
1374 2033 1483 2062 lectoris
1512 2033 1695 2061 eruditionem
1722 2032 1810 2060 oculis

173 2080 346 2116 subjicienda
365 2081 486 2109 fuerunt.

208 2125 237 2153 4.
259 2125 327 2154 Pars
350 2126 499 2162 caeteroqui
520 2134 608 2158 nova,
632 2125 749 2161 ideoque
771 2125 899 2157 nobilior,
920 2125 982 2152 libri
1005 2123 1092 2151 nostri
1113 2127 1169 2157 est,
1195 2122 1301 2158 insigne
1321 2123 1413 2158 operis
1434 2122 1638 2155 addimentum,
1654 2128 1729 2149 nunc
1752 2120 1810 2155 pri—

174 2177 250 2197 mum
262 2178 296 2198 ex
312 2169 445 2198 Vaticano
459 2170 553 2198 codice
568 2176 718 2205 sumptum,
733 2170 758 2197 id
779 2176 821 2198 est
839 2174 894 2198 tres
906 2168 1078 2196 antirrbetici
1094 2172 1190 2196 contra
1205 2166 1372 2195 Manichacus
1386 2167 1457 2194 Petri
1473 2167 1630 2198 Sermones,
1648 2173 1682 2193 ex
1695 2172 1810 2192 numero

175 2214 286 2242 senario
306 2214 487 2250 superstites;
506 2221 623 2249 quorum
644 2214 750 2250 primus
767 2214 900 2242 adversus
916 2213 1060 2249 capitalem
1074 2218 1154 2243 secta:
1170 2214 1202 2242 de
1216 2213 1325 2241 duobus
1343 2213 1485 2249 principiis
1500 2219 1640 2240 errorem:
1662 2210 1808 2243 secttudus,

175 2266 231 2294 quo
245 2259 411 2287 beatissimte
430 2259 548 2295 Virginis
564 2259 688 2294 lleipara:
701 2259 790 2287 honor
804 2258 960 2287 defenditur
975 2268 981 2286 :
996 2259 1094 2287 tertius
1105 2259 1224 2294 denique
1238 2258 1377 2293 perbrevis
1391 2259 1424 2285 de
1436 2260 1611 2285 sacrosancta
1625 2254 1809 2283 Ettcltaristia.

176 2305 266 2338 Atque
286 2304 331 2332 hic
348 2304 457 2337 tertius,
476 2305 520 2331 vix
537 2304 634 2339 emptis
659 2312 743 2332 Sacrae
767 2303 916 2339 Scriptura:
932 2303 1108 2337 testimoniis,
1131 2303 1159 2331 in
1182 2303 1277 2331 codice
1300 2302 1484 2337 abrumpitur,
1502 2300 1617 2329 revulsis
1633 2299 1699 2327 olitn
1719 2299 1811 2327 nescio

176 2355 231 2383 quo
253 2356 318 2376 casu
341 2349 580 2384 quaternionibns,
605 2350 705 2384 quibus
727 2354 783 2376 tres
798 2349 964 2384 posteriores
978 2355 1121 2375 Sermones
1135 2347 1393 2383 perscribebantur;
1411 2353 1508 2381 nempe
1521 2349 1648 2380 quartus,
1661 2344 1694 2371 dc
1709 2346 1810 2371 sancte

176 2392 268 2420 crucis
286 2394 478 2427 veneratione;
494 2395 618 2429 quintus,
636 2394 669 2422 de
695 2393 801 2421 Veteris
816 2393 985 2421 'l‘estamcnti
1002 2392 1186 2425 auctoritate;
1207 2395 1299 2418 sextus
1313 2390 1346 2418 de
1362 2390 1550 2426 presbyteratu
1564 2396 1612 2417 seu
1634 2387 1788 2416 sacerdotio
1804 2397 1810 2414 :

177 2445 297 2472 namque
316 2437 376 2465 haec
390 2437 476 2466 fuisse
497 2438 700 2473 deperditOrum
722 2441 884 2473 argumenta
899 2444 1070 2467 sermonum,
1084 2443 1118 2463 ex
1137 2435 1251 2463 historia
1267 2443 1327 2470 cap.
1345 2435 1388 2468 10,
1405 2434 1609 2470 cognoscimus.
1625 2433 1711 2461 Porro
1728 2440 1762 2460 ait
1784 2432 1811 2458 hi

177 2482 309 2517 postremi
336 2482 437 2510 alicubi
460 2483 574 2515 lateant,
592 2483 718 2510 lucemve
734 2482 804 2510 forte
826 2480 965 2517 aspecruri
981 2481 1048 2514 sint,
1069 2480 1149 2508 valde
1172 2479 1278 2514 dubito,
1295 2479 1516 2516 quandoquidem
1530 2479 1635 2515 priores
1649 2484 1759 2514 quouuc
1778 2484 1810 2504 ex

178 2527 283 2562 codice,
299 2532 328 2556 ut
345 2527 412 2562 dixi,
430 2528 520 2562 unico,
542 2528 586 2555 vix
607 2528 715 2556 tandem
740 2526 886 2563 aliquando
906 2533 979 2555 nunc
1001 2529 1156 2560 emergunt.
