1948 3070
115 205 172 238 1241

532 205 719 237 HISTORIA
738 206 1048 238 MANICH/EORUM.
1063 220 1099 224 —
1113 207 1325 239 PROLOGUS.

1682 207 1752 241 1242

114 264 286 300 ὑπάρχουσιν,
302 265 363 295 ταῖς
376 263 432 291 τῶν
448 263 688 300 προηγησαμένων
703 264 827 299 αἱρέσεσι
850 264 900 296 τὰς

957 265 1117 297 haeresibns,
1139 273 1280 301 unumque
1305 266 1386 293 simul
1410 266 1573 301 perditionis
1588 266 1751 294 barathrum

114 309 296 346 ἐξευρεθείσας
312 310 404 342 αὐτοῖς
427 310 553 346 μυσαρὰς
570 310 692 346 αἱρέσεις
712 310 901 346 ὲπισυνάψαν-

113 366 162 391 τες,
183 357 232 385 καὶ
248 357 277 385 ἓν
299 357 438 390 ἀπωλείας
459 357 598 394 βάραθρον
622 357 830 394 ὲπορύξαντεςο
843 366 850 374 ·
877 357 901 384 εἰ

114 403 162 438 γὰρ
178 404 226 431 καὶ
249 403 305 431 τῶν
321 404 526 440 αἰσχρουργιῶν
542 404 551 423 ί
570 404 661 431 αὐτῶν
678 405 756 436 εἰσιν,
772 404 811 436 ὡς
825 404 901 431 αὐτοί

114 458 200 484 φασιν,
214 450 356 486 ἀμέτοχοι,
371 450 440 480 ἀλλὰ
454 450 509 478 τῶν
523 451 657 486 αἱρέσεων
672 450 763 478 αὐτῶν
777 451 902 487 ἀκριϐεῖς

112 497 160 524 εἰσι
174 497 305 532 φύλακες.

144 542 182 571 Β¹.
202 543 374 578 Ἀναγκαίως
389 543 417 571 δὲ
437 543 517 571 τοῦτο
534 545 674 580 πεποίηκα
686 545 710 577 8,
726 543 822 580 ἐπειδὴ
837 543 900 572 δου-

113 590 183 624 λείας
199 591 272 624 τινὸς
288 591 430 627 βασιλικῆς
454 592 549 620 ἕνεκεν
569 593 659 619 ἐκεῖσε
677 592 903 628 παραγενόμενος

114 638 140 664 ἔν
159 637 229 674 ἀρχῇ
246 639 297 674 τῆς
316 638 533 674 αὐτοκρατορίας
553 638 697 666 Βασιλείου
713 638 761 665 τοῦ
781 639 814 665 ἐκ
834 638 902 665 Θεοῦ

114 684 371 720 προκεχειρισμένου
385 684 506 720 μεγάλου
523 684 656 720 βασιλέως
668 685 759 721 ἡμῶν,
773 685 822 712 τοῦ
834 686 903 713 πᾶσι

113 730 165 762 τοῖς
188 729 272 763 θείοις
287 731 456 767 χαρίσμασιν
483 731 632 766 ὑπερφυῶς
656 731 865 767 κεκοσμημένου
875 732 901 766 Ιι,

113 776 156 804 τοῦ
169 777 287 809 εὐσεῧῶς
297 777 344 804 καὶ
356 777 488 812 θεοφιλῶς
502 776 537 804 τὰ
550 777 599 812 τῆς
622 776 792 813 Ῥωμαῖκῆς,
804 777 902 804 ταύτὸν

113 822 134 850 δ’
147 823 234 850 εἰπεῖν
247 823 296 850 καὶ
312 823 599 860 Χριστιανικωτάτης,
618 823 707 858 ἀρχῆς
725 823 759 850 τὰ
776 823 903 859 σκῆπτρα

113 870 247 902 διέποντος
258 879 265 886 ·
281 870 349 897 ἀλλὰ
367 870 414 897 καὶ
427 871 468 901 εἰς
484 869 584 901 πολλὰς
610 869 679 896 ἑτῶν
698 869 840 906 περιόδους
856 870 896 897 δι-

113 914 240 950 έψοντοςί
259 915 334 952 ἆμαί
359 917 414 948 τοῖς
429 916 516 950 ἁγίοις
531 915 614 942 αὐτοῦ
630 915 717 942 υἱέσιν
735 917 781 943 καὶ
798 915 905 943 θεοστέ-

113 970 189 994 πτοις
212 961 371 997 βασιλεῦσιν
385 962 464 998 ἡμῶν
479 962 529 998 (4),
552 959 589 989 ὧν
604 963 783 998 ἀνεπίληστος
798 962 845 990 καὶ
858 963 904 990 ἄλ·
918 954 941 983 Β

111 1005 207 1042 ληκτος
216 1006 230 1025 κ
244 1007 291 1034 καὶ
306 1007 403 1034 αἰωνία
416 1007 432 1043 ἠ
444 1007 540 1043 μνήμη
557 1008 604 1034 καί
615 1008 644 1034 ἐν
656 1007 695 1043 τῷ
705 1007 752 1034 νῦν
764 1007 843 1034 αἰῶνι
857 1007 904 1034 καὶ

112 1052 140 1079 ὲν
151 1052 190 1088 τῷ
209 1053 332 1088 μέλλοντι
346 1053 554 1088 διαφυλαχθείη,
570 1054 665 1089 εὐχαῖς
681 1054 728 1080 καὶ
743 1053 904 1089 πρεσϐείαις

111 1096 157 1132 τῆς
169 1097 323 1133 ὑπεραγίας
337 1098 485 1133 Δεσποίνης
499 1099 579 1134 ἡμῶν
588 1099 778 1132 Θεοτόκουῖκαὶ
791 1099 904 1135 ἀειπαρ-

111 1143 185 1171 θένου
200 1145 323 1181 Μαρίας,
339 1145 387 1172 καί
399 1145 509 1172 πάντων
521 1145 574 1172 τῶν
588 1145 683 1180 ἁγίων.
704 1145 736 1172 Ἦ
752 1146 780 1172 δὲ
795 1146 903 1172 δουλεία

110 1190 198 1226 ἡμῶν,
220 1191 402 1227 αἰχμαλώτων
428 1190 462 1228 ἦν
480 1192 622 1227 ὺπαλλαγὴ
638 1192 688 1227 (5),
710 1192 772 1228 ἥτις
792 1193 838 1219 καὶ
854 1201 903 1219 κα-

109 1236 162 1269 λῶς
175 1237 322 1273 γεγένηται
340 1238 370 1265 ὲν
384 1239 418 1274 τῇ
434 1238 491 1274 ζωῇ
507 1239 554 1265 καὶ
577 1239 649 1275 χαρᾷ
662 1239 711 1274 τῆς
729 1239 811 1274 ἁγίας
828 1239 905 1275 βασι-

109 1281 183 1314 λείας
196 1282 297 1310 αὐτῶν.
314 1283 537 1319 Χρονοτριϐἠσας
551 1284 643 1310 τοίνυν
660 1284 689 1310 έν
707 1285 740 1320 τῇ
758 1284 828 1320 αὐτῇ
844 1285 904 1311 δου-

109 1328 169 1365 λείᾳ
194 1329 262 1364 πρὸς
282 1329 345 1361 τοὺς
372 1329 571 1362 Παυλικιάνους
596 1331 625 1357 ἐν
642 1329 759 1366 Τιϐρικῇ
784 1331 833 1367 (6),
857 1331 905 1358 καὶ

109 1375 239 1408 πολλάκις
262 1376 353 1407 αὐτοῖς
377 1376 538 1412 διαλεχθεὶς,
556 1377 586 1403 οὐ
603 1377 656 1412 μὴν
671 1377 740 1404 ἀλλά
757 1378 805 1404 καὶ
828 1379 905 1414 παρὰ

110 1422 216 1450 πολλῶν
231 1422 380 1458 ὁρθοδόξων
395 1424 485 1450 ἐκεῖσε
499 1422 509 1443 ι
528 1423 730 1451 κατοικούντων
744 1424 906 1459 ἀκριὸέστε-

109 1478 156 1505 ρον
170 1469 204 1497 τὰ
221 1470 286 1506 περί
301 1470 392 1496 αὐτῶν
408 1469 517 1505 μαθών·
532 1470 607 1507 [ροιί.
625 1470 644 1498 i'.
661 1470 705 1498 8L
722 1470 762 1507 b.]
779 1471 860 1498 πάλιν
876 1471 905 1498 δὲ

108 1515 157 1542 καὶ
171 1515 225 1542 τῶν
247 1515 356 1543 ἀσεϐῶν
371 1517 485 1543 ἐκείνων
499 1517 623 1548 ἀκούσας
639 1517 853 1552 φληναφούντων
868 1518 905 1550 ὡς

109 1561 254 1598 μέλλουσιν
272 1562 302 1595 ἐξ
315 1562 403 1589 αὐτῶν
422 1563 535 1589 ἐκείνων
556 1563 734 1590 ἀποστέλλειν
749 1565 778 1591 ὲν
793 1565 849 1595 τοῖς
862 1564 906 1591 τό·

108 1617 170 1641 ποις
187 1609 355 1644 Βουλγαρίας
369 1609 416 1636 τοῦ
432 1610 585 1644 ἀποστῆσαι
599 1618 676 1642 τινας
693 1609 744 1645 τῆς
761 1609 904 1646 ὀρθοδόξου

108 1655 226 1687 πίστεως
253 1656 302 1683 καὶ
333 1656 403 1691 πρὸς
425 1657 475 1691 τὴν
500 1656 606 1684 οἰκείαν
631 1657 679 1683 καὶ
705 1657 905 1693 μεμιαμμένην

107 1702 215 1739 αἵρεσιν
241 1703 459 1736 ἐπισπάσασθαι,
481 1705 514 1739 τῇ
545 1704 618 1740 ἀρχῇ
645 1703 693 1730 τοῦ
718 1703 791 1730 θείου
816 1704 905 1740 κηρύ-

105 1757 215 1784 γματος
230 1748 409 1785 θαρροῦντες,
426 1749 474 1776 καὶ
488 1750 607 1785 οἰόμενοι
627 1749 666 1782 ὡς
683 1749 805 1782 εὐκόλως
827 1749 906 1786 δυνή-

106 1804 202 1822 σονται
214 1795 254 1830 τῷ
269 1795 356 1831 ἀδόλῳ
366 1800 385 1814 ιιι
397 1796 445 1822 καὶ
456 1795 576 1831 ἀληθινῷ
590 1796 656 1832 σίτῳ
668 1796 704 1823 τὰ
720 1797 810 1824 οἰκεῖα
827 1797 905 1823 σπεῖ-

105 1854 154 1882 ραι
170 1844 277 1878 ζιζάνια
288 1849 318 1863 η·
336 1844 449 1873 εἰώθασι
466 1845 521 1880 γὰρ
537 1845 616 1872 τοῦτο
631 1845 762 1878 πολλάκις
778 1846 866 1873 ποιεῖν
879 1845 904 1872 οἱ

105 1892 221 1923 ἀνόσιοι,
235 1891 283 1918 καὶ
297 1891 412 1923 πολλοὺς
426 1890 528 1922 κόπους
541 1891 588 1917 καὶ
600 1890 741 1923 κινδύνους
754 1891 903 1926 προθύμως

104 1937 288 1974 ἀναδέχεσθαι
315 1937 383 1974 πρὸς
409 1937 441 1964 τὸ
460 1937 630 1972 μεταδιδόναι
655 1937 705 1972 τῆς
724 1937 830 1969 οἰκείας
848 1937 904 1963 λοί-

105 1992 163 2020 μης
175 1988 186 2002 ’³
200 1985 256 2016 τοῖς
272 1984 512 2020 παρατυγχάνουσι
524 1983 568 2010 διὰ
581 1983 661 2010 τοῦτο
679 1981 761 2019 ἦλθον
777 1983 833 2018 ἐγὼ
857 1983 904 2010 ἐπὶ

102 2030 210 2065 ταύτην
219 2031 269 2066 τὴν
284 2030 412 2057 ὑπόθεσιν
424 2038 432 2046 ο
446 2029 525 2064 κάγὼ
539 2030 588 2066 μὲν
602 2031 615 2056 ὁ
626 2029 740 2065 εὐτελὴς
752 2029 800 2056 καὶ
812 2029 903 2065 πάσης

102 2077 207 2113 ἀρετῆς
222 2076 366 2113 ἀμέτοχος,
383 2076 418 2103 τὰ
433 2076 621 2112 γνωρισθέντα
636 2085 681 2112 μοι
701 2076 902 2112 πεπονημένως

102 2124 154 2159 τῆς
170 2123 224 2151 τῶν
241 2124 346 2151 πολλῶν
363 2123 516 2159 ἀσφαλείας
530 2123 625 2150 ἕνεκεν
639 2128 663 2157 P,
684 2123 750 2158 ὑμῖν
766 2123 845 2154 τοίςει
860 2122 902 2149 δο-

117 2242 124 2248 ,
155 2213 167 2231 ⁸
184 2213 281 2242 Matth.
301 2221 365 2247 xxv,
390 2212 436 2240 27.

956 311 1123 339 effoderunt.
1148 312 1311 346 Quanquam
1330 312 1403 340 enim
1424 313 1544 348 priorum
1566 313 1753 349 turpitudines

957 362 986 386 ut
1005 363 1079 386 certe
1096 359 1145 393 ipsi
1161 359 1248 391 aiunt,
1267 367 1322 386 non
1339 359 1515 394 participant,
1532 360 1691 388 eorumdem
1710 365 1751 387 Ia-

956 413 1019 433 mcn
1033 413 1142 434 errores
1158 405 1297 433 mordicus
1309 410 1414 434 tenent.
1465 399 1468 401 ’

993 543 1026 572 Il.
1038 544 1113 573 Hane
1124 551 1216 573 autem
1230 545 1448 573 lucubrationem
1464 543 1621 572 necessario
1631 543 1751 576 conieci,

957 597 1101 627 postquam
1138 591 1219 628 regiae
1252 592 1394 626 cujusdam
1423 590 1566 626 legationis
1600 589 1688 617 ofﬁcio
1718 589 1753 617 ad

957 638 1016 665 illas
1033 638 1158 674 regiones
1189 637 1263 670 veni,
1292 638 1365 665 circa
1395 637 1471 665 initia
1504 636 1646 673 regnantis.
1660 635 1751 663 Basilii

957 691 973 711 a
992 683 1048 711 Deo
1061 683 1253 718 electi,magni
1267 684 1353 711 nostri
1377 684 1564 719 imperatoris,
1580 683 1656 711 omni
1683 683 1754 711 divi-

956 737 1056 758 norum
1082 737 1229 757 munerum
1247 737 1348 765 genere
1383 730 1526 765 magniﬁce
1555 730 1689 761 exornati.
1706 730 1753 765 qui

957 777 1002 812 pie
1028 776 1210 812 religioseque
1242 775 1370 809 Romani,
1404 776 1431 804 id
1462 780 1503 804 est
1526 776 1752 805 Christianissimi

957 823 1064 860 imperii
1076 828 1213 863 sceptrum
1233 827 1318 856 tenet,
1326 822 1472 857 multisque
1484 830 1620 850 annorum
1632 822 1753 858 periodis

957 878 1019 898 eum
1035 870 1137 897 sanctis
1163 868 1258 896 liberis
1287 868 1347 896 suis
1375 868 1491 901 tenebit,
1513 876 1528 896 a
1544 869 1600 896 Deo
1614 869 1756 900 coronatis

957 916 1067 952 regibus
1086 915 1190 943 nostris
1203 936 1210 947 ,
1229 923 1346 950 quorum
1361 915 1531 942 incessabilis
1546 915 1675 950 nullaque
1685 915 1753 942 obli—

956 963 1036 991 vione
1058 962 1183 995 delenda,
1215 961 1386 994 immortalis,
1406 961 1680 996 inquam,mcmoria,
1696 966 1753 989 tum

956 1010 1008 1037 hoc
1025 1013 1082 1036 tum
1095 1009 1188 1036 futuro
1206 1017 1276 1041 εει-ο,
1299 1009 1426 1044 precibus
1442 1013 1470 1036 et
1483 1008 1753 1037 intercessionesan-

956 1057 1086 1084 ctissimae
1127 1056 1251 1084 Domina:
1285 1060 1388 1084 nostra:
1426 1055 1549 1091 Deipara:
1591 1063 1755 1091 semperque

955 1103 1068 1139 virginis
1091 1103 1182 1130 Maria:
1198 1103 1376 1138 omniumque
1399 1106 1568 1134 sanctorum,
1596 1109 1755 1136 persevera-

955 1150 1005 1178 bit.
1031 1149 1130 1177 Nostra
1165 1157 1231 1178 vero
1264 1150 1363 1185 legatio
1390 1157 1440 1184 pro
1472 1149 1676 1177 commutandis
1707 1157 1754 1177 ca-

956 1196 1038 1232 ptivis
1063 1196 1123 1228 fuit,
1150 1205 1211 1231 qua:
1236 1201 1263 1224 ct
1279 1196 1385 1224 felicem
1401 1196 1503 1223 exitum
1532 1199 1611 1224 nacta
1637 1202 1690 1226 est.
1717 1196 1756 1223 vi-

956 1243 1085 1271 ventibus
1105 1247 1187 1278 atque
1198 1243 1398 1278 gratulantibus
1412 1243 1516 1270 sanctis
1534 1242 1754 1276 imperatoribus.

957 1291 1028 1326 Ergo
1046 1290 1092 1317 diu
1122 1297 1171 1324 per
1184 1290 1254 1317 hanc
1267 1289 1430 1324 legationem
1442 1289 1513 1324 apud
1539 1288 1712 1316 Paulicianos
1727 1288 1756 1315 in

957 1336 1024 1363 urbe
1055 1335 1164 1363 Tilirica
1203 1340 1398 1366 commoratus.
1426 1339 1455 1362 et
1479 1342 1551 1370 srepe
1577 1334 1602 1369 5
1633 1342 1695 1362 cum
1723 1333 1756 1362 iis

958 1382 1124 1416 disputando
1154 1382 1272 1414 locutus,
1304 1389 1413 1409 necnon
1438 1381 1473 1409 ab
1505 1381 1674 1413 ortliodoxis,
1708 1380 1755 1416 qui

956 1429 1037 1456 multi
1068 1428 1124 1456 illic.
1150 1428 1276 1456 habitant
1305 1435 1437 1463 perquam
1467 1431 1594 1455 accurate
1613 1427 1756 1460 edoctus;

956 1478 1091 1510 praaterea
1121 1482 1184 1502 cum
1217 1474 1320 1504 abillis
1333 1482 1442 1509 quoque
1459 1473 1551 1509 impiis
1576 1481 1608 1501 ac
1636 1473 1756 1501 deliran-

957 1521 1031 1549 tibus
1047 1521 1248 1557 cognovisscm,
1279 1520 1337 1548 fore
1361 1525 1392 1549 ut
1417 1520 1524 1555 aliquos
1545 1520 1579 1548 de
1607 1527 1657 1547 suo
1676 1523 1752 1548 coetu

957 1568 983 1595 in
1003 1567 1158 1603 Bulgariam
1187 1567 1340 1600 mitterent,
1374 1566 1420 1602 qui
1458 1566 1612 1594 incolarum
1648 1571 1754 1602 partem

956 1614 990 1642 ad
1016 1621 1093 1642 suam
1134 1613 1268 1649 impuram
1285 1613 1460 1640 traducerent
1479 1612 1604 1640 bmresim
1618 1633 1626 1646 ,
1654 1612 1755 1640 funda-

957 1663 1051 1688 mento
1071 1659 1172 1688 divinae
1191 1659 1394 1695 praedicationis
1426 1659 1552 1691 ﬁdentes,
1572 1663 1756 1694 putantesque

957 1705 1038 1734 facile
1065 1714 1096 1734 se
1111 1713 1192 1742 posse
1205 1706 1314 1733 sincero
1328 1713 1448 1741 veroque
1475 1705 1566 1733 tritico
1579 1705 1684 1733 zizania
1706 1713 1756 1733 sua

959 1752 1208 1788 superseminarc:
1231 1752 1322 1780 solent
1354 1752 1427 1780 enim
1462 1752 1515 1779 hoc
1555 1759 1628 1787 saepe
1666 1751 1756 1780 facere

958 1798 1047 1834 impii,
1069 1799 1228 1834 multosque
1256 1799 1366 1826 labores
1412 1805 1444 1826 ac
1474 1797 1598 1833 pericula
1628 1798 1756 1826 alacriter

958 1845 1044 1878 adire,
1076 1849 1107 1873 ut
1133 1845 1317 1881 pestilentiam
1343 1852 1420 1872 suam
1449 1844 1482 1872 iis
1506 1844 1552 1879 qui
1583 1845 1754 1872 occurrerint

958 1890 1070 1918 ament:
1089 1894 1237 1925 propterea
1256 1890 1310 1918 hoc
1333 1897 1383 1926 ego
1409 1889 1469 1925 cepi
1485 1889 1644 1922 consilium,
1663 1897 1754 1924 quau-

957 1943 1039 1971 quam
1066 1933 1197 1971 abjectus'
1220 1936 1302 1964 homo
1313 1940 1340 1963 et
1354 1935 1502 1971 cujuslibet
1517 1935 1628 1963 virtutis
1640 1927 1754 1970 expersI

958 1990 990 2010 ea
1037 1989 1100 2016 quae
1137 1989 1194 2009 non
1228 1982 1288 2009 sine
1314 1982 1407 2009 labore
1443 1981 1571 2017 cognovi,
1600 1981 1755 2009 communis

957 2027 1049 2055 tutela:
1061 2035 1154 2060 causa,
1177 2027 1256 2055 vobis
1284 2027 1400 2063 egregiis
1416 2027 1555 2063 trapezitis
1582 2026 1704 2056 tradendi
1731 2028 1752 2055 ⁸.

956 2073 996 2101 Τυ
1018 2081 1095 2106 vero,
1129 2080 1238 2100 sacrum
1256 2073 1499 2109 venerandumque
1520 2078 1613 2109 caput,
1634 2074 1755 2102 voeabu-

956 2121 1044 2148 lorum
1063 2120 1265 2148 invenustatrm
1284 2119 1472 2154 dissimulans,
1496 2128 1599 2149 munus
1627 2125 1754 2148 nostrum

759 2268 877 2297 VABIIE
897 2268 1102 2298 LECTIONES.

151 2360 163 2375 ε
176 2354 210 2381 Β.
225 2353 301 2382 atldlt
315 2352 512 2388 ἀπορύξαντες.
568 2352 578 2371 τ
596 2352 629 2380 R.
646 2353 681 2380 al:

154 2412 160 2414 _
201 2389 208 2414 i
229 2388 297 2414 Cod.
311 2386 391 2414 αἴτια.
431 2388 443 2407 ι(
457 2387 489 2414 R.
504 2387 630 2414 ἅντικτος.
671 2388 681 2408 1

98 2399 160 2422 τος.
201 2389 208 2415 i
229 2388 297 2417 Cod.
311 2388 391 2423 αἷμα.
431 2388 443 2407 ι(
457 2388 489 2414 R.
504 2388 630 2422 ἄνηκτος.

99 2432 116 2452 Ρ
133 2426 168 2454 Β.
189 2424 280 2452 ἕνεκα.
332 2429 346 2449 (ι
363 2423 444 2451 Deest
455 2423 511 2454 τοῖς
528 2424 598 2458 apud
617 2423 651 2452 Β.

745 2390 830 2414 κεῖσε.

568 2351 578 2371 ί
596 2352 629 2380 R.
646 2352 856 2415 aloﬁpospyn‘bv.
898 2351 911 2371 ⁸
928 2351 960 2378 R.
979 2350 1167 2387 παρεποίηκα.

568 2396 630 2415 rrec.
671 2388 681 2408 1
724 2408 730 2415 .
745 2390 830 2414 κεῖσε.
870 2391 890 2405 ω
905 2386 938 2414 R.
957 2387 1057 2415 ἀδήλω.
1098 2391 1112 2404 υ
1125 2386 1164 2414 C0

724 2408 730 2415 .
745 2386 830 2414 κεῖσε.
870 2391 890 2405 ω
905 2386 938 2414 R.
957 2386 1057 2423 ἀδήλῳ.

1219 2348 1234 2368 ιι
1250 2349 1284 2376 R.
1300 2347 1520 2384 κεκοσμημένος.
1575 2347 1753 2384 ίΒηδιέχον-

1098 2382 1192 2414 η’(ῖοιί.
1214 2384 1331 2420 ζηζάνια
1347 2382 1394 2412 hic
1410 2389 1436 2411 et
1449 2383 1524 2411 alibi.
1565 2386 1577 2400 ⁰
1592 2383 1626 2411 R.
1640 2382 1750 2420 λοίμην.

883 2485 1003 2524 Nom.

139 2557 179 2590 (4)
208 2555 246 2584 De
282 2555 325 2583 his
354 2554 445 2582 Basilii
469 2554 532 2582 ﬁliis
563 2555 688 2591 auguslis
725 2555 832 2582 dicetur
857 2555 900 2583 in-

94 2594 199 2622 ferius.

138 2629 179 2662 (fi)
197 2627 287 2655 Basilii
303 2634 392 2661 nuper
415 2626 576 2661 imperantis
603 2626 674 2662 bella
691 2626 822 2655 adversus
839 2626 898 2655 Ma-

93 2665 226 2693 nicbreos
247 2668 275 2690 et
297 2670 392 2689 eorum
412 2666 581 2696 protectores
612 2661 772 2695 Saracenos,
787 2669 901 2691 narrant

95 2700 206 2736 passim
229 2698 350 2736 historici
369 2697 709 2736 Byzantiniiniit-quidem
726 2697 822 2733 ingens
836 2699 900 2736 vita}

93 2732 152 2763 aut
168 2734 299 2762 libertatis
322 2732 469 2760 discrimen
494 2732 561 2760 adiit
586 2732 642 2767 ipse
667 2732 815 2767 imperator
827 2735 899 2768 apud

93 2770 241 2798 Tibricam
282 2777 344 2796 cmn
372 2769 423 2795 illis
449 2776 595 2803 pugnans;
626 2768 705 2803 cujus
717 2768 755 2795 rei
776 2770 901 2797 meminit

93 2805 361 2841 Leogrammatieus
376 2805 420 2832 ed.
439 2803 527 2841 Paris.
540 2811 567 2838 p.
580 2803 649 2841 A471,
680 2803 837 2841 ubi_scribit
855 2805 898 2841 γὲν

90 2839 179 2873 τοῖςή
193 2840 343 2874 Ἰ”ι6ρικοῖς,
360 2847 441 2874 quam
456 2840 552 2866 urbem
580 2839 710 2873 ignorans
728 2839 841 2866 Latinus
854 2840 896 2866 in-

93 2882 220 2912 terpres,
249 2875 363 2912 ridicule
389 2874 528 2912 transtulit
542 2874 672 2912 Africam.
692 2874 743 2912 Sed
761 2883 816 2912 rem
829 2875 898 2903 belle

92 2910 218 2948 corrigit
234 2911 316 2938 etiam
340 2910 473 2948 Georgius
488 2910 672 2948 [laruartolus,
688 2910 731 2948 vel
748 2910 808 2948 eius
831 2919 899 2938 con-

93 2945 238 2981 tinuator,
269 2947 297 2974 in
322 2945 421 2975 codice
447 2946 534 2975 Vatic.
562 2946 582 2974 ί.
610 2945 673 2974 20L
702 2947 740 2980 ἰ),
763 2946 808 2974 ubi
835 2954 895 2975 eam

955 2559 1115 2582 narraturus
1141 2553 1180 2581 sie
1205 2552 1301 2587 incipit
1322 2560 1329 2579 :
1361 2551 1558 2587 Ἑστράτευσεν
1576 2551 1596 2587 νὸ
1624 2549 1752 2587 βασιλεὺς

954 2592 1026 2617 κατὰ
1040 2591 1095 2616 τῶν
1112 2591 1141 2615 έν
1162 2590 1194 2624 τῇ
1213 2586 1329 2624 Ίίϐρικῇ
1350 2586 1517 2624 Ἀγαρηνῶν,
1539 2586 1752 2624 καίἓδιαφοροις

954 2626 1083 2660 πολέμοις
1108 2621 1226 2660 τούτοις
1243 2621 1401 2660 συμϐαλὼν
1417 2621 1534 2660 ἡττήθη,
1561 2622 1616 2660 καὶ.
1637 2621 1752 2660 πολλοὺς

952 2661 1007 2687 τῶν
1016 2655 1159 2695 Ῥωμαίων
1175 2655 1307 2691 ἀπέϐαλε,
1325 2655 1535 2695 κ.τ,λ.’ΒεΙίηίη
1547 2655 1651 2695 gerebat
1668 2657 1752 2690 impc-

954 2702 1031 2724 ratar
1060 2692 1132 2731 apud
1150 2695 1280 2722 Tibricam
1297 2703 1356 2722 cum
1369 2693 1509 2731 Agarcytis,
1526 2692 1661 2731 variisque
1677 2700 1749 2731 prae;

952 2732 996 2759 liis
1030 2727 1162 2766 patratis,
1197 2731 1284 2766 virtus
1317 2735 1370 2762 εει,
1393 2727 1605 2766 Ἄηιιίιοδφιει-ιίε
1623 2727 1751 2766 Romanis

953 2763 1054 2800 antisit,
1069 2772 1117 2794 etc.
1134 2767 1212 2801 Apud
1225 2765 1346 2793 Leonem
1364 2773 1479 2798 gramm.
1502 2763 1694 2801 corrigendum
1705 2767 1751 2801 est

953 2798 1128 2830 etiam'cum
1160 2798 1318 2829 llamartolo
1352 2801 1536 2829 Ἀϐἀστακτος
1577 2805 1628 2832 pro
1669 2798 1750 2833 Ἀὃή-

953 2847 1080 2870 στακτος,
1097 2837 1169 2872 quod
1180 2841 1394 2872 cognomentum
1408 2841 1467 2863 erat
1480 2834 1687 2870 Tlteophylacti,
1703 2833 1750 2869 qui

951 2873 1082 2900 Basilium
1095 2874 1121 2899 in
1139 2874 1200 2908 iuga
1220 2874 1352 2900 servavit.

991 2910 1029 2944 (li)
1047 2909 1123 2936 Hanc
1135 2903 1229 2934 urbem
1261 2908 1288 2934 iu
1310 2906 1474 2944 Armeniae
1498 2903 1658 2944 Manichzeis
1681 2904 1750 2933 tedi-

954 2942 1062 2973 ﬁcatam
1081 2944 1203 2972 narrabit
1225 2947 1318 2980 postea
1341 2947 1433 2971 uester
1449 2942 1610 2971 historicus.
