1948 3070
182 185 252 220 1243

867 190 983 221 PETRI
1004 192 1131 222 SICULI

1756 196 1821 228 1244

182 244 302 281 suscipe,
323 244 394 273 nlhil
421 249 448 273 te
476 245 590 281 dignum
624 245 758 282 exigens:
786 254 877 282 neque
903 247 977 274 enim

1041 249 1124 284 ιῖμοις
1138 249 1317 284 τραπεζίταις
1342 251 1522 287 προστίθημι.
1542 251 1638 284 Αὐτὸς,
1656 249 1678 280 ὦ
1703 254 1761 281 θεία
1779 257 1824 283 καὶ

182 290 268 318 ullum
283 290 311 317 in
340 291 422 319 nobis
448 292 600 326 cotnperies
615 291 722 319 virtutis
747 292 905 328 vestigium,
934 298 981 321 aut

183 337 320 365 orationis
345 338 523 373 elegantiam,
551 341 581 365 ut
611 345 708 373 reapse
736 338 764 365 in
801 339 982 374 sequentibus

183 384 356 420 exploratum
378 383 427 412 tibi
440 384 497 412 fiet.

219 517 229 520 ἒ
273 539 320 568 ΔΙ)
347 539 534 568 BULGAllIJE
554 539 737 568 ΡΒΙΜᾹΤΕΜ
770 540 873 568 PETRI

471 586 665 615 PROLOGUS.

221 642 267 670 Ill.
288 642 371 670 Lucis
396 643 516 670 adventu
535 643 707 678 dissipantur
730 643 863 676 tenebrae,
893 647 920 671 et
938 652 983 679 pa«

184 694 291 717 storum
311 697 376 717 cura
401 689 477 717 fures
506 697 538 717 ac
558 689 676 717 ferarum
695 690 803 717 insidia:
829 690 981 726 pelluntur.

185 735 329 763 Genuinus
355 736 530 763 rationalium
547 736 638 763 ovium
660 741 752 770 pastor
786 736 832 764 ille
858 741 918 769 est,
937 736 984 771 qui

187 780 247 808 veri
281 781 401 816 pastoris
424 781 546 809 imitator
562 781 614 815 fit;
640 782 685 817 qui
697 782 834 816 propriam
852 782 983 816 animum,

191 831 220 854 ut
234 826 289 860 ille,
308 835 355 862 pro
370 827 461 854 ovibus
479 828 534 854 suis
553 826 664 862 ponit‘:
677 828 755 862 cujus
776 827 883 862 iustitia
915 828 985 857 lucis

190 873 279 900 instar
300 873 474 906 dill‘unditur,
503 873 549 909 qui
569 873 689 902 sollicito
724 873 817 901 animo
830 879 858 901 et
885 879 985 903 conatu

1033 293 1095 330 ἱερὰ
1109 294 1227 330 κεφαλὴ,
1245 295 1275 322 τὸ
1291 295 1409 327 ἀκαλλὲς
1424 296 1478 323 τῶν
1490 296 1590 329 λέξεων
1607 298 1824 335 παραδραμὼν,

1031 339 1120 375 δέχοις
1141 340 1191 376 τὴν
1211 340 1342 376 πρόθεσιν
1358 342 1448 377 ἡμῶν,
1475 342 1512 378 μὴ
1529 343 1563 369 τὰ
1578 343 1645 379 πρὸς
1668 345 1748 376 ἀξίαν
1767 347 1825 372 ἑπι-

1032 385 1123 422 ζητῶν
1134 395 1140 402 ·
1155 387 1282 423 οὐδαμῶς
1296 387 1352 423 γὰρ
1363 389 1491 424 εὑρήσεις
1506 389 1536 415 ὲν
1549 390 1616 425 ἡμῖν
1630 390 1734 426 ἀρετῆς
1744 391 1824 427 ἴχνος,

1032 432 1094 459 οὐδὲ
1116 433 1249 469 καλλονὴν
1276 433 1368 467 λόγου,
1388 434 1480 467 καθὼς
1495 435 1589 472 γνώσῃ
1606 436 1634 462 ἐν
1655 438 1710 469 τοῖς
1731 437 1826 465 ὑποτε-

1031 479 1192 514 ταγμένοις.

1086 536 1131 574 Τῼ
1160 537 1317 574 ΠΡΟΕΔΡῼ
1341 538 1558 565 ΒΟΥΛΓΑΡΙΑΣ
1589 539 1729 567 ΠΕΤΡΟΥ
1748 541 1777 559 ⁸⁸⁸

1337 585 1526 612 ΠΡΟΛΟΓΟΣ.

1070 641 1106 668 Ι“.
1128 642 1219 674 Φωτὸς
1243 642 1380 677 παρουσία
1403 642 1461 670 λύει
1488 644 1600 676 σκότος’
1620 644 1668 671 καὶ
1694 644 1828 680 ποιμένων

1034 689 1181 716 ἐπιστασία
1207 689 1357 716 ἀπελαύνει
1386 689 1510 717 κλεπτῶν
1527 690 1575 717 καὶ
1599 691 1703 726 θηρίων
1731 692 1827 726 συστή-

1036 744 1119 771 ματα.
1138 736 1245 771 Ποιμὴν
1267 736 1385 771 λογικῶν
1402 736 1506 772 ἀληθὴς
1528 738 1631 769 ἐκεῖνός
1648 738 1722 764 ἐστιν
1746 738 1760 764 ὁ
1781 738 1826 765 τοῦ

1035 781 1164 818 ἀληθινοῦ
1190 783 1319 817 ποιμένος
1342 783 1489 816 ἀκόλουθος
1502 792 1508 799 ·
1531 783 1605 819 [cor].
1625 783 1643 811 Γ.
1668 783 1725 819 82.]
1740 785 1757 811 ὀ
1772 783 1830 817 τὴν

1036 829 1117 857 ἰδίαν
1131 828 1234 863 ὥσπερ
1249 830 1363 862 ἐκεῖνος
1379 830 1470 863 τιθεὶς
1481 829 1588 864 ψυχὴν
1600 830 1676 864 ὑπὲρ
1689 829 1748 856 τῶν
1760 837 1830 864 προ-

1024 876 1134 904 νὸάτων
1157 877 1268 904 αὑτοῦ·
1288 874 1319 904 οὗ
1336 878 1352 912 ἡ
1367 877 1525 912 amator:qu
1542 877 1579 908 ὡς
1596 876 1654 911 φῶς
1681 876 1830 911 ἐκπορεύε-

187 919 274 953 omni,
303 919 403 947 diaboli
446 920 529 947 malis
572 920 677 947 artibus
720 924 783 955 apte
813 921 983 949 adversatur.

1041 932 1099 951 ται·
1123 925 1137 951 ὁ
1154 923 1384 959 μεμεριμνημένῃ
1402 923 1476 959 ψυχῇ
1487 944 1493 956 ,
1522 923 1597 958 πάσῃ
1624 924 1733 958 μηχανῇ
1745 925 1757 940 ⁸
1773 923 1833 954 ταῖς

188 964 247 993 Etsi
275 965 349 993 enim
378 965 474 993 multae
504 970 570 994 sunt
596 966 763 994 veteratoris
799 966 916 1000 insidiae,
951 975 986 995 ne

187 1015 281 1039 tamen
296 1011 357 1046 ejus
369 1009 487 1048 cogitata
504 1012 672 1048 ignoremus,
688 1014 818 1049 magistra
844 1013 922 1041 adest
946 1012 987 1041 di-

189 1057 254 1085 vina
268 1057 425 1094 Scriptura:
449 1058 555 1086 scilicet
570 1063 701 1094 tanquam
730 1059 798 1087 telas
810 1067 985 1093 araneorum,

188 1102 303 1138 laqueos
321 1103 407 1139 ipsius
421 1103 522 1132 debere
542 1112 590 1132 nos
603 1109 742 1140 reputare,
773 1105 859 1133 fretos
885 1105 988 1133 auxilio

189 1150 314 1187 gloriosae
331 1150 475 1179 Trinitatis
486 1171 494 1184 ,
510 1150 556 1179 Dei
586 1152 668 1180 unius
687 1152 748 1180 coeli
759 1156 904 1187 terraque,
917 1152 989 1179 invi-

191 1196 312 1224 sibilium
327 1197 356 1233 6
380 1201 407 1224 et
425 1196 574 1224 visibilium
602 1202 756 1226 creatarum
773 1205 863 1226 rerum
874 1206 987 1226 conscr-

191 1243 294 1271 vatoris
314 1251 346 1271 ac
364 1243 484 1271 Domini.
513 1243 600 1272 Porro
625 1245 701 1272 haud
729 1245 915 1280 perfunctorie
944 1245 988 1273 his

190 1296 252 1324 quae
268 1289 396 1318 dicentur
423 1290 634 1318 auscultandum
660 1295 727 1324 est;
750 1291 852 1318 etenim
883 1290 950 1318 hinc
971 1290 988 1317 ii

191 1337 237 1370 qui
260 1336 424 1372 perfectiora
446 1337 606 1364 conditione
636 1341 711 1370 sunt,
740 1337 888 1365 validiores
918 1337 989 1365 vires

192 1384 227 1411 ad
251 1383 354 1412 luetam
381 1388 477 1412 contra
502 1384 643 1412 diabolum
665 1392 839 1420 pugnamque
863 1383 988 1412 ciendam

191 1430 340 1466 accipient,
364 1431 429 1458 dum
449 1431 583 1459 adversus
599 1431 738 1459 contraria
753 1431 879 1467 dogmata
892 1437 990 1458 manus

194 1481 354 1510 conserent,
382 1485 469 1513 eaque
490 1478 518 1505 iu
547 1477 739 1506 ecclesiastico
765 1478 922 1505 divinorum
947 1477 991 1504 do-

193 1527 314 1559 gmatum
342 1523 439 1560 pelago
466 1524 538 1552 victa
554 1524 744 1559 submergent.
766 1523 990 1559 Simplicioribus

193 1573 298 1602 autem,
313 1574 341 1598 et
359 1570 449 1598 adhuc
477 1570 558 1604 lacte,
589 1574 618 1598 ut
633 1577 697 1598 cum
726 1569 859 1605 Apostolo
888 1569 988 1602 dicam,

1037 970 1084 998 τοῦ
1107 969 1232 997 διαϐόλου
1247 970 1360 1001 κακίαις
1382 969 1519 1005 εὐστόχως
1544 967 1787 1004 ἀντιτεχνώμενος.
1803 969 1835 995 Εἰ

1037 1017 1092 1052 γὰρ
1102 1016 1150 1043 καὶ
1164 1015 1249 1043 πολλὰ
1261 1015 1296 1042 τὰ
1307 1014 1403 1050 ένεδρα
1416 1015 1464 1041 τοῦ
1477 1015 1576 1047 δολίου,
1593 1014 1652 1041 ἀλλ’
1662 1014 1713 1041 οὐκ
1728 1015 1836 1048 ἀγνοεῖν

1037 1063 1072 1091 τὰ
1084 1063 1210 1098 νοήματα
1223 1061 1307 1089 αὑτοῦ
1321 1061 1398 1096 παρὰ
1413 1061 1463 1096 τῆς
1482 1060 1557 1093 θείας
1572 1060 1580 1079 ⁸
1593 1060 1705 1096 Γραφῆς
1720 1059 1832 1092 ὲξεπαι-

1037 1109 1184 1146 δεύθημεν,
1201 1109 1239 1141 ὡς
1253 1109 1281 1135 δὲ
1296 1108 1369 1135 ἱστὸν
1384 1108 1504 1144 ἁράχνου
1519 1108 1568 1139 τὰς
1583 1106 1665 1134 αὑτοῦ
1682 1106 1807 1142 ἡγεῖσθαι
1823 1111 1837 1125 ’³

1039 1156 1169 1191 παγίδας,
1184 1157 1218 1191 τῇ
1236 1155 1348 1191 βοηθείᾳ
1361 1153 1411 1190 τῆς
1427 1154 1584 1190 ζωαρχικῆς
1597 1153 1646 1180 καὶ
1660 1153 1837 1189 πανυμνήτου

1039 1204 1157 1239 Τριὰδος
1177 1202 1226 1230 τοῦ
1244 1202 1325 1236 μόνου
1341 1200 1409 1228 Θεοῦ
1425 1200 1541 1235 ποιητοῦ
1562 1200 1609 1228 τοῦ
1623 1199 1739 1236 οὐρανοῦ
1755 1205 1769 1219 ν
1790 1201 1839 1227 καὶ

1039 1251 1090 1286 τῆς
1116 1251 1180 1285 γῆς,
1205 1250 1295 1284 πάσης
1315 1257 1345 1275 τε
1365 1248 1483 1284 ἀοράτου
1504 1247 1552 1274 καὶ
1576 1247 1678 1282 ὁρατῆς
1704 1247 1838 1281 κτίσεως,

1041 1296 1176 1331 συνοχέως
1203 1303 1233 1321 τε
1259 1294 1306 1321 καὶ
1337 1293 1515 1326 ἑξουσιαστοῦ
1543 1291 1781 1328 νενομοθετήμεθα
1804 1297 1839 1310 ι-

1040 1342 1187 1378 προσέχειν
1205 1341 1227 1368 δ’
1243 1341 1333 1374 ἄξιον,
1355 1340 1403 1367 καὶ
1421 1340 1459 1375 μὴ
1476 1339 1624 1375 παρέργως
1641 1338 1696 1366 τῶν
1719 1338 1841 1375 ῥηθησο-

1042 1387 1132 1423 μένων
1147 1386 1267 1413 ἀκούειν.
1287 1385 1438 1421 Γενήσεται
1456 1385 1510 1420 γὰρ
1526 1386 1582 1417 τοῖς
1599 1385 1648 1420 μὲν
1664 1385 1842 1420 τελεωτέροις

1040 1432 1089 1468 τὴν
1102 1433 1160 1466 ἕξιν
1180 1431 1324 1467 προσθήκη
1350 1431 1479 1466 νικητικὴ
1494 1431 1545 1465 τῆς
1565 1430 1637 1457 κατὰ
1651 1430 1698 1457 τοῦ
1713 1429 1840 1457 διαϐόλου

1042 1479 1132 1514 πάλης
1157 1479 1205 1506 καὶ
1221 1478 1324 1514 μάχης,
1343 1478 1373 1503 ὲν
1391 1477 1430 1512 τῷ
1454 1478 1509 1508 τοῖς
1527 1477 1661 1508 ἐναντίοις
1685 1477 1842 1512 συμπλέκε-

1042 1525 1106 1552 σθαι
1121 1525 1266 1560 δόγμασιν,
1282 1523 1331 1551 καὶ
1344 1523 1431 1550 ταῦτα
1447 1524 1475 1550 ὲν
1496 1523 1535 1559 τῷ
1549 1523 1772 1558 ὲκκλησιαστικῷ
1787 1523 1842 1549 τῶν

1043 1571 1123 1598 θείων
1140 1570 1285 1606 δογμάτων
1307 1569 1422 1604 πελάγει
1442 1570 1529 1596 ποιεῖν
1553 1569 1725 1604 ὑποϐρύχια*
1741 1570 1799 1600 τοῖς
1822 1569 1846 1595 δ’

192 1615 302 1644 nutritis
327 1616 479 1645 infantibus
501 1621 558 1644 tuta
586 1616 729 1652 parabitur
757 1617 849 1650 statio,
882 1625 918 1644 ne
945 1616 990 1644 ali-

1042 1616 1239 1652 ἁπλουστέροις
1253 1614 1294 1642 ἐτι
1307 1615 1355 1642 καὶ
1367 1615 1641 1649 γαλαποτιζομένοις,
1652 1613 1845 1646 ἀποστολικῶς

195 1663 306 1698 quando
343 1664 525 1691 succumbant
568 1664 634 1692 boni
657 1663 841 1691 deterioribus
863 1663 885 1690 ⁸.
922 1662 990 1690 Nam

193 1710 353 1738 rudioribus
392 1710 446 1738 hoc
484 1710 620 1746 optimum
663 1709 821 1746 praesidium
862 1709 938 1742 erit,
969 1710 992 1737 si

193 1754 325 1790 profanos
339 1755 400 1783 illos
427 1759 591 1783 aversentur
611 1758 693 1790 atque
710 1754 914 1786 abominentur,
941 1760 991 1781 ne-

194 1808 248 1836 que
271 1800 381 1829 illorum
406 1801 637 1837 interrogationes
672 1808 805 1836 responso
822 1801 990 1836 dignentur:

196 1847 246 1875 sed
275 1847 298 1874 si
326 1847 391 1882 quid
417 1847 436 1875 ii
465 1847 596 1876 sciscitati
624 1847 737 1881 fuerint,
766 1847 857 1881 idiota:
882 1847 991 1883 quidem

196 1895 336 1923 auditores
362 1895 470 1929 sileant,
497 1903 530 1923 ac
563 1903 612 1931 pro
640 1895 746 1924 viribus
761 1902 812 1923 ceu
838 1898 993 1930 serpentem

199 1941 335 1970 devitent.
351 1941 425 1970 Nihil
454 1943 529 1970 enim
545 1943 726 1971 emolumenti
750 1943 841 1979 capiet
864 1943 909 1978 qui
931 1950 994 1970 cum

196 1988 251 2017 illis
263 1989 434 2025 colloquetur
451 1999 458 2017 ι
474 1990 579 2018 idcirco
590 1989 664 2018 enim
693 1998 756 2018 cum
773 1989 865 2018 idiotis
879 1989 995 2016 miscere

197 2043 339 2064 sermones
364 2041 456 2070 avent,
470 2042 498 2064 ut
515 2045 560 2065 res
585 2042 693 2065 sanctas
720 2037 829 2073 pedibus
855 2037 910 2064 suis
931 2044 994 2063 con-

199 2082 303 2110 culcent
328 2084 358 2115 ⁸,
396 2088 424 2111 et
455 2083 577 2111 coelestia
602 2089 683 2118 atque
715 2087 832 2118 augusta
870 2082 997 2117 dogmata

199 2128 333 2162 lacerent,
363 2128 385 2156 si
404 2129 529 2164 forlequi
558 2129 711 2164 prudenter
731 2127 900 2156 contradicat
915 2127 997 2154 desit.

199 2175 343 2208 Quomodo
357 2175 429 2202 enim
447 2175 602 2210 quempiam
614 2175 727 2202 omnino
737 2174 874 2202 hominem
887 2173 999 2201 audient

200 2221 239 2254 lii,
274 2221 321 2256 qui
338 2221 423 2249 Deum
445 2222 556 2248 unicum
577 2220 693 2256 singulis
708 2225 735 2248 et
752 2220 849 2248 diebus
861 2225 889 2247 et
910 2219 996 2252 horis,

199 2267 354 2294 innumeris
386 2267 495 2303 injuriis
517 2271 545 2295 et
577 2267 755 2295 contumeliis
789 2275 821 2294 ac
841 2265 996 2294 maledictis

200 2313 335 2349 pulsant?
358 2313 391 2341 Et
412 2313 530 2348 perutile
555 2313 665 2348 quidem
683 2317 736 2346 est,
772 2317 802 2340 ut
824 2320 872 2340 eos
904 2311 997 2339 idiota:

201 2358 380 2395 dignoscant;
403 2359 477 2390 haud
494 2358 554 2386 idco
567 2362 660 2386 tamen
684 2358 711 2385 in
741 2357 908 2393 colloquium
933 2364 995 2384 cum

201 2405 236 2433 iis
262 2405 385 2438 veniant,
407 2414 442 2433 ne
460 2405 532 2434 forte
561 2404 756 2441 periclitentur
786 2404 833 2439 qui
870 2402 998 2439 imperite

201 2460 347 2481 sermones
375 2457 545 2481 conserunt:
560 2452 606 2481 vix
634 2452 708 2479 enim
738 2451 773 2479 ab
790 2451 823 2478 iis
847 2450 998 2478 transversi

202 2503 406 2535 non—agentur,
425 2499 496 2534 siqui
509 2503 574 2527 sunt
586 2498 701 2526 indocti.
718 2497 825 2526 Etenim
838 2498 874 2525 illi
899 2503 999 2525 cuncta

203 2546 299 2582 utique
315 2545 455 2582 Evangelii
469 2545 646 2582 Apostolique
662 2544 773 2572 oracula
800 2551 848 2572 ore
869 2548 999 2579 crepant:

243 2643 254 2660 ⁵
268 2642 347 2672 Joan.
367 2650 395 2676 ι,
422 2642 464 2670 ll.

1042 1664 1141 1694 εἰπεῖν,
1158 1662 1196 1694 ὡς
1212 1662 1322 1698 νηπίοις
1336 1661 1460 1697 ἀσφαλὴς
1474 1661 1540 1697 ἕδρα
1554 1661 1585 1688 τὸ
1599 1661 1637 1697 μὴ
1653 1661 1847 1697 περιπίπτειν,

1042 1710 1081 1742 ὠς
1101 1709 1195 1744 καλοῖς
1211 1709 1268 1739 τοῖς
1287 1708 1421 1744 χείροσιν.
1442 1707 1556 1743 Ἀρίστη
1575 1707 1630 1742 γὰρ
1643 1707 1714 1743 αὓτη
1731 1707 1846 1742 μηχανὴ

1031 1748 1099 1788 ’τοῖς
1113 1755 1312 1791 ἁπλουστέροις
1327 1754 1357 1781 τὺ
1378 1755 1441 1786 τοὺς
1458 1754 1573 1790 μιαροὺς
1590 1753 1712 1786 ἐκείνους
1725 1753 1848 1789 ἀποτρέ-

1044 1802 1145 1829 πεσθαι
1161 1801 1211 1837 μὲν
1225 1802 1272 1828 καὶ
1288 1800 1497 1836 βδελύττεσθαι·
1519 1800 1558 1836 μὴ
1575 1800 1723 1835 πειρᾶσθαι
1740 1800 1769 1826 δὲ
1785 1801 1850 1832 ταῖς

1045 1849 1137 1877 αὐτῶν
1155 1848 1286 1875 πεύσεσιν
1303 1847 1554 1882 ἁνταποκρίνεσθαι
1567 1855 1574 1863 ·
1591 1846 1648 1874 ἀλλ’
1666 1848 1695 1874 ὲν
1720 1846 1761 1882 τῷ
1778 1856 1850 1874 πυν-

1045 1895 1174 1923 θάνεσθαι
1198 1895 1314 1926 αὐτοὺς,
1331 1894 1411 1930 σιγᾷν
1426 1894 1474 1921 καὶ
1488 1894 1602 1928 φεύγειν
1618 1895 1642 1920 εἰ
1661 1893 1776 1920 δυνατὸν
1789 1899 1804 1919 1
1818 1894 1851 1927 ἐξ

1046 1941 1136 1969 αὐτῶν
1148 1941 1194 1968 τὸν
1209 1940 1318 1976 ἰδιώτην
1329 1940 1470 1976 ἀκροατὴν
1485 1939 1523 1971 ὡς
1537 1939 1567 1973 ἐξ
1580 1940 1669 1975 ὗφεως
1681 1948 1688 1955 ·
1702 1940 1781 1967 οὐδὲν
1793 1941 1852 1976 γὰρ

1046 1987 1171 2021 ὡφελεῖὸ
1183 1985 1303 2017 τοιοῦτος
1316 1985 1385 2021 πρὸς
1399 1985 1499 2017 αὐτοὺς
1512 1983 1763 2019 διαλεγόμενος(7)·

1047 2034 1067 2062 f.
1094 2033 1138 2062 82.
1164 2032 1204 2069 b.]
1242 2032 1287 2059 διὰ
1302 2031 1382 2059 τοῦτο
1398 2031 1453 2066 γὰρ
1467 2032 1525 2063 τοῖς
1543 2030 1662 2063 ἰδιώταις
1685 2032 1853 2068 προσδιαλέ-

1047 2088 1153 2114 γονται.
1165 2078 1244 2105 ὥστε
1255 2078 1290 2106 τὰ
1301 2078 1370 2113 ἅγια
1377 2077 1440 2110 τοῖς
1451 2077 1567 2105 ἑαυτῶν
1579 2078 1750 2112 συμπατεῖν
1762 2078 1852 2111 ποσὶ,

1049 2126 1097 2153 καὶ
1107 2124 1322 2160 διασπαράττειν
1335 2125 1370 2151 τὰ
1379 2123 1494 2159 οὐράνια
1503 2123 1551 2150 καὶ
1561 2123 1701 2159 θεοπρεπῆ
1713 2124 1853 2160 δόγματα,

1051 2172 1088 2208 μὴ
1104 2172 1179 2203 ὄντος
1196 2171 1243 2198 τοῦ
1258 2170 1403 2207 ἐμφρόνως
1425 2170 1644 2205 ἀντιμαχομένου
1659 2170 1754 2202 αὐτοῖς
1765 2179 1772 2185 ·
1790 2170 1855 2202 πῶς

1049 2218 1104 2253 γὰρ
1117 2218 1186 2250 ὅλως
1197 2216 1350 2252 ἀνθρώπων
1364 2216 1538 2249 ἀκούσουσιν,
1555 2217 1580 2242 oi
1593 2220 1604 2234 ι
1625 2216 1671 2243 τὸν
1686 2217 1769 2251 μόνον
1784 2216 1856 2243 Θεὸν

1051 2264 1124 2291 κατὰ
1143 2264 1234 2290 πᾶσαν
1250 2264 1361 2299 ἡμέραν
1388 2271 1418 2289 τε
1452 2263 1499 2289 καὶ
1516 2262 1591 2297 ὥραν
1622 2263 1732 2298 μυρίαις
1755 2262 1858 2298 ὓερεσι

1049 2310 1097 2338 καὶ
1113 2311 1278 2346 ὀνειδισμοῖς
1295 2309 1342 2337 καὶ
1369 2309 1450 2344 ἀραῖς
1479 2309 1709 2344 περιϐάλλοντεςς
1737 2309 1859 2344 ἄριστον

1050 2356 1097 2383 οὖν
1113 2357 1171 2383 ἔστι
1197 2356 1227 2382 τὸ
1251 2355 1444 2390 διαγινώσκειν
1460 2355 1560 2387 αὐτοὺς
1582 2354 1628 2381 τὸν
1653 2354 1784 2389 ἰδιώτην⁸
1815 2355 1860 2386 εἰς

1051 2403 1149 2437 λόγους
1161 2403 1190 2430 δὲ
1206 2402 1296 2429 αὐτῶν
1313 2401 1351 2438 μὴ
1365 2401 1506 2438 ἔρχεσθαι,
1521 2401 1628 2437 μήποτε
1643 2401 1690 2427 καὶ
1710 2401 1862 2428 κινδυνεύ-

1053 2458 1137 2476 σωσιν
1161 2449 1186 2476 οι
1205 2449 1330 2484 ἀπείρως
1357 2448 1426 2483 πρὸς
1443 2448 1543 2479 αὐτοὺς
1564 2446 1756 2480 διαλεγόμενοι
1770 2455 1778 2462 δ
1806 2455 1862 2482 χα-

1053 2495 1137 2522 λεπὸν
1160 2495 1214 2531 γὰρ
1241 2494 1271 2522 τὸ
1289 2495 1326 2530 μὴ
1354 2494 1582 2530 συναρπασθῆναι
1601 2494 1647 2520 ὑπ’
1672 2493 1765 2521 αὐτῶν
1790 2497 1863 2527 τοὺς

1055 2541 1270 2578 ἁπλουστέρους·
1285 2540 1354 2568 διότι
1364 2541 1453 2568 πάντα
1462 2541 1497 2567 τὰ
1507 2541 1556 2568 τοῦ
1567 2540 1736 2575 Εὐαγγελίου
1749 2540 1799 2568 καὶ
1811 2541 1863 2568 τοῦ

503 2643 513 2659 ³
530 2642 538 2669 l
554 2641 618 2670 Cor.
640 2649 681 2674 ιιι,
701 2641 734 2674 2;
751 2641 761 2668 l
778 2641 850 2669 Pctr.
867 2640 934 2675 2Q.
974 2639 1092 2666 “Matth.
1106 2647 1151 2672 vn.
1183 2638 1209 2666 6.

849 2710 966 2740 VARI/ﬁ
987 2708 1192 2738 LECTIONES.

247 2769 258 2784 ι
274 2762 308 2790 R.
323 2763 372 2790 ὢν.
425 2762 447 2782 ι’*
463 2761 525 2789 cod.
545 2761 657 2794 Πέτρος.

209 2804 223 2819 ν
239 2799 272 2827 R.
284 2799 298 2825 ό
311 2806 361 2834 pro
378 2797 504 2834 ούρανοῦ.
555 2800 569 2815 ι
585 2794 883 2834 Πηνενομοθεοήμεθα.

210 2830 444 2870 compendiariam
456 2833 575 2861 litteram
592 2831 638 2858 καὶ
649 2831 691 2859 vel
707 2831 745 2864 κὶ,
761 2837 810 2865 pro
824 2830 860 2858 ot.

708 2766 719 2779 ι
738 2758 907 2787 Vcoabnlum
927 2757 1035 2793 μηχανῇ
1049 2755 1103 2783 alio
1119 2754 1287 2782 transfertur
1303 2763 1319 2782 ει
1337 2754 1369 2782 R.

708 2794 883 2819 l.00£01"‘.u50€1-
936 2792 997 2819 FB.
1024 2790 1157 2819 δυνατῶν.
1211 2791 1271 2818 ιιι.
1292 2791 1336 2818 llic
1362 2798 1369 2818 ι

1416 2754 1427 2773 ι
1445 2754 1477 2781 ιι.
1495 2753 1586 2782 eum.
1644 2758 1657 2772 ιι
1673 2753 1707 2780 ιι.
1723 2742 1868 2787 magna;

1211 2795 1222 2809 ²
1237 2791 1271 2818 ιι.
1292 2791 1336 2818 hic
1362 2796 1389 2819 et
1402 2798 1474 2825 smpc
1491 2790 1619 2824 deinceps
1638 2789 1718 2824 ponit
1739 2789 1873 2816 absurde

972 2886 1090 2916 NOTAE.

254 2947 431 2984 (7)Exemplo
452 2953 494 2977 cst
521 2949 631 2978 Simeon
645 2948 793 2985 palatinus,
810 2949 843 2977 de
855 2956 908 2984 quo
921 2948 947 2976 in
957 2947 1010 2976 hac
1029 2946 1143 2975 historia
1161 2953 1251 2974 sermo
1277 2943 1333 2972 ﬁet.
