1948 3070
129 189 200 223 1245

694 187 880 219 HISTORIA
901 185 1208 218 MANICHEORUM.

1709 187 1760 220 124
1767 187 1785 218 6

135 249 298 279 Ἀποστόλου
325 249 403 283 λόγια
418 247 590 282 διαλέγονται
600 255 608 263 ·
629 246 678 274 καὶ
693 245 771 282 μόνοι
791 245 920 281 διαγινώ-

980 244 1023 273 soli
1040 248 1132 273 tamen
1161 244 1238 272 dolos
1261 244 1454 273 haereticorum
1482 244 1499 272 ii
1525 244 1699 279 discernunt,
1724 247 1774 282 qui

130 305 227 324 σκουσι
244 295 290 323 τὸν
303 295 378 323 δόλον
393 295 496 329 αὐτῶν,
510 295 536 322 oi.
549 295 579 322 ὲν
591 293 676 330 πολλῇ
690 293 772 329 τριϐῇ
785 293 837 328 τῆς
848 292 925 325 Θείας

129 343 241 380 Γραφῆς
258 342 439 378 ὑπάρχοντες.

162 389 202 416 Δ’.
223 388 338 415 Ἐκεῖνοι
354 387 410 423 γὰρ
424 387 449 414 οἱ
467 387 572 423 μιαροὶ,
590 387 634 414 ὅτε
646 386 700 413 τινὶ
715 385 746 418 ἔξ
765 384 855 421 ἀρχῆς
865 384 926 412 δια·

127 435 265 470 λέγονται,
290 433 410 470 χρηστὸν
437 432 680 469 σχηματίζονταιι
707 432 781 467 ἔχειν
800 431 831 458 τὸ
847 428 924 467 ἦθος,

127 480 199 508 mih
225 480 316 508 πάντα
331 479 366 507 τὰ
392 479 469 515 παρὰ
485 480 543 512 τοῖς
566 478 721 514 όρθοδόξοις
749 478 926 512 Χριστιανοῖς

127 527 252 563 δόγματα
267 526 429 563 ἐπικυροῦσι
439 532 451 547 ε
467 526 562 558 δολίως
572 527 621 554 καὶ
637 525 826 560 ἀναιρωνοῦσιν
836 524 851 544 ά
861 532 869 541 ο
879 524 926 551 ἀλ-

127 573 309 609 ληγοροῦντες
322 579 333 593 ο
351 572 482 609 ἁθέσμως
502 572 549 600 καὶ
564 572 625 600 λίαν
643 571 759 607 ἀμαθῶς
776 570 825 607 τὴν
844 570 926 604 ἁγίαν

127 620 232 657 Τριάδα
244 619 311 647 Θεὸν
325 619 469 655 ὁμολογεῖν
484 619 595 654 λέγουσι
607 627 617 635 θ
632 619 679 646 καὶ
693 616 927 653 ἀναθεματίζουσι

126 665 192 697 τοὺς
211 664 249 701 μὴ
267 664 466 701 ὁμολογοῦντας
486 665 572 701 αὑτήν
582 672 590 679 ·
608 665 654 691 τὸν
667 663 771 700 Κύριον
783 662 865 699 ἡμῶν
880 663 926 690 καὶ

127 711 195 738 Θεὸν
209 711 289 747 ήμῶν
309 711 523 747 ὲνανθρωπῆσαι
543 711 573 737 ὲν
594 710 724 746 παρθένῳ
737 709 881 744 λέγουσιν,
902 709 926 736 ει

127 757 176 785 καὶ
196 756 304 788 ἀσεϐῶς
316 757 363 783 καὶ
372 757 460 789 ἀθέως
472 766 479 772 ·
497 756 545 784 καὶ
564 755 880 792 ἀναθεματίζουσιίτοὺς
889 754 927 791 μὴ

127 801 214 833 οὕτως
226 801 425 837 ὁμολογοῦντας
435 810 442 818 '
460 802 508 829 καὶ
528 801 617 829 πάντα
633 801 669 828 τὰ
681 801 732 837 τῆς
748 800 927 837 ἐνανθρωπή-

129 857 198 881 σεως
210 848 257 875 τοῦ
275 848 381 884 Κυρίου
401 849 547 883 ἰδιώματα,
566 848 654 880 ἄλλως
671 848 721 883 μὲν
737 848 777 884 τῷ
799 847 925 884 στόματι,

126 894 238 927 ἀλλωςκ
261 894 289 921 δὲ
309 896 342 930 τῇ
366 895 466 931 καρδίᾳ
488 895 630 930 λέγοντες,
647 895 776 922 Μάνεντα
796 894 846 922 καὶ
860 894 924 926 τοὺς

978 299 1146 328 magnopere
1164 291 1192 318 in
1204 290 1305 319 divinis
1327 299 1357 319 se
1377 291 1528 327 Scripturis
1544 296 1689 338 exercent:

1013 386 1059 415 IV.
1087 386 1126 415 Illi
1153 386 1255 422 quippe
1293 385 1392 414 nefarii
1414 394 1476 414 cum
1502 386 1621 422 primum
1655 386 1779 415 aﬁ'antur

976 432 1108 468 aliquem,
1124 432 1212 461 bonos
1229 432 1359 460 simulant
1367 440 1397 460 se
1409 433 1510 460 habere
1524 441 1626 466 mores,
1637 437 1666 461 et
1679 433 1773 461 omnia

980 479 1198 508 orthodoxorum
1212 479 1432 506 Christianorum
1444 479 1568 515 dogmata
1578 479 1671 507 dolose
1680 487 1780 515 appro-

977 525 1043 553 bant
1067 528 1095 552 et
1124 523 1318 559 proclamant:
1350 529 1541 552 verumtamen
1578 523 1663 559 impie
1692 529 1776 559 atque

978 571 1156 599 inscitissime
1172 571 1196 606 7
1214 574 1338 598 sanctam
1362 569 1526 598 Trinitatem
1555 578 1618 597 cum
1649 570 1779 606 allegoria

977 618 1103 647 conﬁteri
1126 625 1156 646 se
1185 618 1286 650 aiunt;
1303 617 1359 645 imo
1388 617 1411 644 si
1434 617 1480 652 qui
1495 625 1556 645 eam
1571 625 1625 644 non
1643 617 1780 645 conﬁten-

978 669 1034 698 tur,
1062 665 1296 692 anathematizare
1308 672 1338 692 se
1355 664 1442 692 aiunt.
1463 664 1610 692 Dominum
1627 672 1736 700 quoque
1751 669 1781 692 et

979 711 1064 739 Deum
1091 715 1215 738 nostrum
1230 709 1332 738 factum
1347 709 1487 737 hominem
1505 710 1533 737 in
1555 710 1660 746 virgine
1673 710 1779 743 dicunt,

979 757 1027 786 sed
1050 758 1102 785 hoc
1130 757 1220 792 ipsum
1235 757 1320 792 impie
1349 762 1378 784 et
1396 757 1566 792 irreligiose;
1581 760 1609 784 et
1634 756 1779 784 anathema

978 804 1051 832 haud
1069 804 1106 831 ita
1127 804 1324 832 conﬁtentibus
1340 804 1434 831 dicunt
1449 812 1457 837 ;
1473 808 1663 831 verumtamen
1679 811 1777 831 omnes

980 850 1180 878 incarnationis
1217 850 1366 878 Dominicae
1393 850 1579 886 proprietates
1595 851 1674 878 aliter
1688 858 1756 880 voce
1772 872 1779 883 ,

979 897 1058 925 aliter
1088 897 1183 929 corde,
1212 896 1358 924 alltrmant.
1380 895 1450 924 Tum
1476 897 1559 924 etiam
1581 897 1716 925 Manetem
1752 903 1781 925 et

127 941 177 968 σὺν
196 941 271 976 αὑτῴ
288 941 405 977 μιαροὺς
425 942 600 976 αἰρετικοὺς,
626 941 702 978 [em].
724 941 742 968 ί.
761 940 821 977 85.]
840 941 924 968 ἔτιδὲ

981 942 1100 978 reliquos
1115 951 1177 970 cum
1196 950 1229 971 eo
1243 943 1364 970 nefarios
1385 943 1537 977 haereticos,
1570 952 1676 976 necnon
1707 945 1780 972 Pan.

127 987 176 1015 καὶ
191 987 298 1015 Παῦλον
314 988 361 1014 τὸν
378 988 551 1023 Σαμοσατὲα,
566 987 799 1022 ἀναθεματίςουσι
819 987 923 1023 προθύ-

128 1040 202 1069 μως·
219 1033 317 1066 ἄλλους
334 1033 388 1070 γὰρ
402 1034 482 1070 ἔσχον
495 1033 565 1060 πολὺ
580 1033 691 1069 χείρους
704 1033 795 1061 αὐτῶν
811 1033 862 1069 τῆς
875 1042 925 1060 κα-

126 1078 188 1112 κίας
199 1079 380 1112 διδασκάλους
396 1079 444 1107 καὶ
455 1079 613 1115 ἀρχηγέτας
626 1079 814 1115 ὑπάρξαντας,
832 1079 924 1111 καθὼς

127 1124 198 1158 μετὰ
216 1125 314 1161 μικρὸν
329 1125 537 1161 δηλωθήσεται·
563 1124 611 1152 καὶ
626 1125 722 1157 ἁπλῶς
744 1125 824 1161 δίκην
843 1125 925 1152 πολὺο

126 1170 207 1201 ποδος
226 1169 242 1205 ἢ
260 1169 457 1206 χαμαιλέοντος
475 1169 514 1205 (8)
531 1169 571 1205 τῷ
589 1169 679 1205 καιρῷ
700 1169 748 1197 καὶ
768 1170 809 1205 τῷ
831 1171 925 1206 τρόπῳ

125 1214 175 1241 καὶ
192 1213 231 1249 τῷ
249 1214 390 1250 προσώπῳ
406 1214 690 1250 συμμεταϐάλλονται,
706 1215 781 1247 ὅπως
792 1216 854 1242 τινὰ
870 1215 925 1242 τῶν

125 1261 299 1296 κουφοτέρων
314 1261 469 1297 θηρεύσωσι
481 1262 545 1288 ’καὶ
559 1262 603 1288 ὅτε
619 1262 721 1296 γνῶσιν
737 1262 819 1289 αὑτὸν
838 1271 925 1297 προσ-

125 1307 224 1343 έχοντα
242 1308 303 1339 ταῖς
325 1307 530 1342 ματαιολογίαις
543 1308 644 1341 αὐτῶν,
661 1308 724 1335 τότε
741 1308 840 1344 μικρὸν
856 1317 926 1345 παρ-

126 1353 304 1389 εχφαίνουσιν
326 1353 400 1389 αὐτῷ
414 1353 462 1380 καὶ
481 1353 517 1380 τὰ
530 1353 596 1389 παρ’
608 1354 701 1386 αὐτοῖς
715 1355 862 1391 μυστήρια.
875 1355 926 1382 Διὰ

126 1399 207 1427 τοῦτο
224 1399 348 1436 χρησίμη
366 1399 414 1426 καὶ
435 1400 452 1435 ἡ
469 1399 522 1425 τῶν
540 1399 680 1436 βλαϐερῶν
696 1399 856 1435 διάγνωσις,
877 1401 926 1437 οὐχ

125 1443 279 1484 ἦττονγτῶν
295 1446 432 1481 ὑγιεινῶν.
458 1446 646 1480 Διαγνωστέον
672 1447 728 1483 γὰρ
748 1448 854 1481 ταῦτα,
876 1448 925 1484 οὐχ

126 1494 197 1522 ὥστε
215 1493 334 1530 χρᾶσθαι
353 1493 456 1527 αὐτοῖς,
473 1493 532 1520 ἀλλ’
557 1493 629 1521 ὥστε
646 1494 805 1530 διαφεύγειν
823 1495 870 1523 τὸν
890 1496 924 1522 δι’

127 1541 217 1569 αὐτῶν
239 1541 454 1578 προσγινόμενον
478 1540 589 1576 ὄλεθρον
603 1549 609 1556 ·
631 1540 702 1569 ἰτέον
722 1541 813 1569 τοίνυν
832 1541 879 1569 ἐπὶ
894 1541 925 1569 τὸ

127 1587 319 1624 προκείμενον.

452 1650 596 1677 ΙΣΤΟΡΙᾹ.

131 1706 139 1716 ⁸
163 1715 201 1744 E’.
221 1716 251 1744 '0
265 1717 420 1753 ἀρχέκακος
434 1717 496 1752 ὄφις
510 1718 560 1745 καὶ
575 1717 762 1754 πονηρότατος
776 1715 897 1751 δράκων,
911 1714 925 1742 ὁ

127 1761 183 1788 τῶν
198 1760 326 1794 ζιζανίων
343 1763 462 1798 σπορεὺς
473 1783 480 1796 ,
496 1763 545 1790 καὶ
567 1763 658 1799 πάσης
672 1762 781 1794 ἀδικίας
803 1761 927 1798 ἀρχηγὸς

128 1806 178 1833 καὶ
191 1805 364 1839 διδάσκαλος,
379 1807 393 1834 ὁ
407 1806 455 1833 τοῦ
470 1806 586 1841 ψεύδους
601 1806 768 1843 καθηγεμὼν
779 1806 795 1827 ll
813 1806 861 1833 καὶ
874 1814 926 1833 πα-

126 1851 180 1888 τὴρ
196 1851 316 1887 αὑτοῦ,ή
336 1851 386 1888 τῆς
402 1851 591 1888 ὑπερηφανίας
616 1851 928 1888 βορϐορώδηςλίμνη,τδ

127 1897 179 1933 τῆς
192 1897 351 1931 ἀλαζονείας
365 1899 372 1919 ί
386 1898 554 1933 σαθρότατον
566 1898 678 1934 ὕψωμα,
690 1900 703 1926 ὁ
714 1899 794 1935 δίκην
805 1897 812 1924 i
828 1899 927 1934 νηπίου

128 1944 185 1976 τοῖς
210 1943 275 1971 ποσὶ
298 1943 353 1971 τῶν
377 1945 484 1973 πιστῶν
511 1945 753 1981 συμπατούμενος,
777 1945 812 1981 τῇ
837 1944 927 1980 οἰκείᾳ

130 1989 270 2027 συμϐουλῇ
287 1991 301 2011 Ιι
326 1991 381 2018 Δ’τοῦ
412 1991 482 2019 Θεοῦ
509 1992 631 2028 χωρίσας
659 1991 689 2019 τὺ
720 1991 804 2018 αὑτοῦ
837 1991 928 2027 τίμιον

130 2037 245 2073 πλάσμα
268 2037 315 2064 τὸν
331 2037 487 2074 ἄνθρωπον,
505 2038 554 2066 καὶ
569 2038 620 2073 τῆς
644 2039 672 2065 ὲν
688 2037 847 2074 παραδείσῳ
874 2046 929 2073 μα-

129 2083 228 2119 καρίας
242 2083 382 2121 διαγωγῆς
405 2085 439 2112 δι’
461 2085 616 2121 ὑπερϐολὴν
636 2085 737 2117 κακίας
759 2084 928 2120 ἐκϐληθῆναι

127 2129 223 2157 τοῦτον
242 2131 470 2168 παρασκευάσας,
488 2132 502 2159 ό
522 2131 671 2163 πανάθλιος
693 2131 745 2165 τῆς
759 2130 860 2163 κακίας
880 2130 929 2166 τὴν

128 2176 227 2211 ἡδονὴν
254 2177 380 2215 αντιδοῦς
408 2178 587 2215 πεπραμένον
612 2177 694 2205 αὐτὸν
711 2176 807 2213 ὥσπερ
830 2177 930 2213 ἀνδρά-

130 2222 211 2249 ποδον
228 2212 300 2258 [CRL
323 2222 342 2251 i'.
359 2223 404 2252 83.
417 2224 457 2260 1).]
469 2212 511 2251 'éxr
525 2225 574 2260 τῆς
589 2224 715 2252 ἑκουσίου
732 2212 816 2252 αἱ)τοῦ
831 2212 929 2260 προαι-

976 991 1035 1017 lum
1061 989 1283 1017 Samosatensem
1316 989 1389 1021 ultro
1423 990 1679 1018 anathematizant:
1709 991 1779 1019 alios

978 1036 1078 1071 quippe
1106 1035 1261 1064 habuerunt
1278 1036 1418 1071 multoque
1450 1037 1558 1071 pejores
1590 1037 1778 1072 improbitatis

978 1091 1035 1110 sua:
1065 1083 1220 1119 magistros,
1251 1087 1333 1118 prout
1366 1083 1448 1118 paulo
1463 1087 1525 1118 post
1549 1083 1710 1111 ostendetur
1727 1093 1735 1111 :
1751 1089 1781 1112 et

977 1127 1091 1155 omnino
1120 1127 1211 1163 polypi
1244 1127 1331 1155 instar
1355 1131 1384 1155 et
1409 1127 1623 1159 chamaeleontis,
1638 1136 1688 1163 pro
1708 1132 1778 1156 tem-

977 1182 1044 1210 pore
1079 1179 1108 1202 et
1144 1182 1196 1202 usu
1221 1182 1395 1210 pcrsonaque
1423 1178 1584 1201 mutantur:
1606 1179 1636 1201 ut
1661 1174 1779 1210 aliquem

977 1221 1081 1249 scilicet
1092 1221 1204 1251 levioris
1234 1221 1336 1256 ingenii
1350 1220 1490 1248 hominem
1517 1224 1671 1252 venentur;
1696 1228 1778 1256 quem

978 1268 1000 1295 si
1015 1267 1074 1295 suis
1111 1267 1192 1303 nugis
1217 1267 1406 1295 attendentem
1433 1267 1572 1300 noverint,
1601 1267 1666 1294 huic
1682 1275 1714 1295 se
1727 1275 1778 1303 pe-

977 1314 1138 1349 detemptim
1155 1322 1217 1341 cum
1235 1315 1293 1342 suis
1311 1313 1448 1349 mysteriis
1469 1313 1602 1341 revelant.
1629 1313 1776 1348 Propterea

977 1359 1053 1386 utilis
1083 1364 1125 1387 est
1148 1360 1292 1387 noxiarum
1319 1367 1428 1395 quoque
1455 1367 1548 1386 rerum
1581 1359 1679 1386 notitia
1704 1359 1777 1386 haud

977 1413 1058 1434 secus
1080 1414 1162 1441 quam
1184 1406 1357 1434 salutarium.
1378 1406 1449 1433 Sunt
1460 1405 1534 1433 enim
1556 1406 1753 1441 cognoscenda:
1768 1427 1776 1440 ,

976 1460 1031 1480 non
1044 1457 1073 1480 ut
1090 1452 1142 1480 illis
1168 1457 1288 1484 utamur,
1306 1452 1354 1479 sed
1374 1456 1404 1479 ut
1431 1456 1587 1478 manantem
1611 1459 1644 1478 ex
1657 1451 1699 1478 his
1713 1459 1778 1486 per-

978 1499 1079 1526 niciem
1096 1499 1226 1526 vitemus.
1239 1498 1324 1534 Igitur
1349 1498 1382 1525 ad
1399 1497 1568 1534 propositum
1585 1502 1776 1533 argumentum

977 1545 1154 1572 veniendum.

1260 1645 1435 1676 HISTORIA.

1017 1711 1048 1739 ν.
1079 1711 1213 1740 Malorum
1239 1712 1349 1741 initium
1380 1720 1495 1749 serpens
1510 1720 1543 1740 ac
1564 1713 1777 1742 scelestissimus

977 1758 1070 1793 draco,
1083 1759 1252 1787 zizaniorum
1267 1759 1420 1788 seminator
1429 1764 1457 1787 et
1476 1759 1566 1787 omnis
1577 1760 1686 1788 malitia:
1698 1760 1776 1795 prin-

977 1813 1044 1841 ceps
1060 1812 1093 1834 ac
1108 1805 1250 1841 magister,
1273 1806 1408 1833 mendacii
1431 1806 1626 1842 antesignanus
1639 1806 1777 1842 ejusdem-

977 1860 1031 1888 que
1047 1857 1134 1889 pater.
1147 1852 1285 1888 superbiae
1304 1860 1415 1881 ccenosa
1431 1852 1520 1888 palus,
1547 1852 1686 1888 jactanliae
1699 1852 1777 1880 inﬁr-

978 1899 1092 1926 missum
1107 1898 1229 1933 culmen,
1251 1898 1275 1926 is
1299 1899 1345 1934 qui
1362 1898 1441 1934 pueri
1454 1898 1541 1927 instar
1556 1907 1572 1926 a
1593 1898 1714 1926 ﬁdelium
1730 1906 1778 1934 pc-

979 1945 1060 1972 dibus
1084 1945 1276 1977 conculcatur,
1308 1945 1354 1980 qui
1384 1945 1496 1980 propria
1520 1945 1650 1973 suasione
1677 1953 1692 1972 a
1722 1945 1778 1972 Deo

979 1990 1109 2017 abstraxit
1124 1990 1274 2026 pretiosam
1290 1991 1351 2025 ejus
1376 1995 1531 2018 creaturam
1556 1991 1716 2023 hominem;
1731 1991 1778 2018 de-

980 2036 1074 2072 ditque
1092 2044 1215 2072 operam,
1229 2041 1259 2064 ut
1286 2037 1362 2065 hunc
1382 2036 1463 2064 beato
1489 2036 1609 2072 paradisi
1641 2036 1775 2070 incolatu,

980 2089 1089 2110 summo
1119 2082 1231 2110 malitia:
1259 2082 1376 2110 artiﬁcio
1389 2082 1559 2118 depelleret;
1585 2082 1639 2115 hic,
1655 2082 1778 2117 inquam,

980 2128 1246 2156 aerumnossissimus
1259 2149 1267 2161 ,
1284 2129 1425 2164 voluptate
1454 2129 1552 2157 vitium
1573 2136 1757 2164 compcnsans
1770 2149 1778 2160 ,

980 2175 1116 2203 Adamum
1140 2175 1219 2210 quasi
1247 2175 1434 2203 venundatum
1462 2175 1640 2211 mancipium,
1668 2183 1723 2202 non
1751 2175 1781 2210 8

982 2221 1042 2250 sine
1065 2221 1188 2257 ejusdem
1214 2222 1370 2250 voluntario
1401 2229 1549 2254 consensu,
1569 2220 1674 2256 peccati
1703 2220 1777 2248 heu!

131 2268 244 2303 ρέσεως,
257 2270 290 2304 τῇ
306 2269 428 2306 ἁμαρτίᾳ
444 2270 518 2306 οἴμοι
537 2270 663 2307 ὠνήσατο
674 2279 681 2286 ·
696 2269 743 2298 τοῦ
760 2270 842 2306 μόνου
859 2269 926 2297 Θεοῦ

983 2273 1112 2303 tanquam
1135 2268 1224 2304 pretio
1261 2268 1374 2300 cocmit.
1408 2268 1463 2296 Dm
1495 2269 1578 2295 unico
1605 2267 1631 2295 id
1666 2273 1780 2303 propter

130 2312 210 2340 τοῦτο
224 2313 268 2341 διὰ
284 2314 333 2350 τὴν
357 2316 496 2352 ἁμαρτίαν
512 2317 759 2353 συγχωρήσαντος,
779 2317 828 2344 καὶ
841 2309 878 2348 ὥς
898 2317 926 2343 ἔν

981 2314 1079 2342 Adami
1109 2314 1217 2350 culpam
1245 2314 1489 2350 permittento;et
1515 2318 1643 2349 tanquam
1670 2321 1781 2341 carcere

130 2360 312 2397 δεσμωτηρίῳ
331 2361 360 2388 ὲν
380 2362 419 2398 τῷ
433 2363 480 2390 τοῦ
500 2363 564 2400 ᾅδου
582 2363 676 2399 χωρίῳ
703 2362 752 2394 τὰς
770 2362 860 2399 ψυχὰς
875 2362 926 2390 τῶν

982 2360 1009 2387 in
1027 2359 1180 2388 inferorum
1195 2360 1355 2396 regionibus
1378 2361 1483 2388 animas
1500 2361 1644 2388 hominum
1658 2358 1778 2388 detineri

130 2405 286 2442 ἀνθρώπων
313 2406 498 2442 φυλάττεσθαι
529 2409 678 2442 ὲάσαντος,
710 2410 792 2445 μέχρι
823 2409 874 2444 τῆς
900 2410 926 2436 ἐν

983 2407 1100 2440 sinente,
1129 2415 1218 2443 usque
1250 2408 1283 2435 ad
1311 2408 1459 2435 adventum
1480 2407 1507 2435 in
1532 2415 1615 2435 carne
1635 2406 1695 2435 Filii
1720 2406 1778 2440 Dei,

132 2453 216 2487 σαρκὶ
237 2454 389 2489 παρουσίας
405 2455 452 2481 τοῦ
468 2455 534 2482 Υζοῦ
551 2455 598 2482 τοῦ
617 2455 698 2488 Θεοῦ,
714 2455 819 2492 Κυρίου
834 2456 862 2483 δὲ
882 2456 926 2483 καὶ

983 2453 1090 2482 Domini
1108 2454 1211 2490 Deique
1237 2455 1324 2482 nostri
1349 2454 1415 2482 Jcsu
1439 2454 1554 2487 Christi,
1570 2454 1654 2482 unius
1670 2453 1703 2482 de
1714 2461 1780 2482 san-

132 2498 201 2527 Θεοῦ
216 2500 296 2536 ἡμῶν
313 2501 400 2537 Ἰησοῦ
421 2501 557 2538 Χριστοῦ,
574 2501 621 2529 τοῦ
641 2502 700 2535 ἑνὸς
715 2503 766 2538 τῆς
783 2502 866 2536 ἁγίας
882 2503 926 2530 καὶ

983 2503 1026 2528 cla
1051 2504 1079 2528 et
1097 2500 1285 2529 laudatissima
1304 2500 1449 2529 Trinitate.
1464 2500 1610 2530 Veterator
1625 2501 1697 2529 idem
1708 2499 1782 2528 mul-

769 2593 886 2620 VAIIIZE
913 2593 1117 2622 LECTIO‘NES.

171 2677 184 2692 α
203 2671 236 2698 [ι.
252 2679 309 2707 τες.
348 2671 362 2691 b
376 2670 408 2698 Β.
424 2670 451 2697 δὲ
469 2678 517 2706 pro
528 2670 585 2697 καί.
620 2676 631 2707 ς
650 2670 680 2697 Β.
698 2671 852 2707 ἐπικροῦσι.
875 2670 903 2707 id
919 2671 952 2698 Ii.
966 2672 1070 2699 omisso
1083 2672 1141 2703 καὶ,
1154 2672 1248 2700 scribit
1265 2672 1498 2707 ὲπαναφωνοῦσιν.
1538 2679 1549 2693 ο
1565 2672 1599 2700 It.
1613 2671 1779 2707 ἀνη-γοροῦν-

132 2715 189 2738 τες.
231 2707 239 2726 ¹
259 2706 292 2735 R.
305 2707 515 2744 omissozgtait
527 2706 802 2744 ὲπᾳναῡεματιζουσι.
842 2711 855 2731 ι
870 2706 996 2740 Ιί.ᾰνως,
1033 2708 1048 2728 ιι
1066 2708 1097 2735 ιι.
1110 2707 1172 2735 καθ’
1184 2707 1305 2744 ἡγεμών.
1347 2706 1572 2741 ίἶὶόιλιλιξονεας.
1614 2712 1621 2734 l
1638 2707 1671 2736 Β.
1689 2707 1779 2742 νίκην,

127 2747 162 2770 et
178 2750 240 2770 mox
254 2742 370 2779 νηπίων.
411 2742 424 2762 ¹ι
441 2743 474 2770 Β.
493 2741 587 2777 βουλῇ.

894 2799 1008 2830 NOTIE.

172 2872 211 2908 (8)
220 2871 324 2900 Plinius
341 2871 411 2900 Hist.
439 2870 499 2898 Nat.
516 2869 588 2908 Ylll.
613 2869 643 2898 5i
663 2878 668 2895 :
686 2869 806 2897 Colorem
837 2873 924 2897 mutat
980 2871 1110 2906 phrastus
1122 2879 1231 2907 quoque
1247 2871 1274 2900 in
1300 2871 1454 2908 fragmento
1469 2871 1504 2900 dc
1514 2870 1679 2900 animalibus
1692 2870 1770 2901 colo-

135 2907 295 2936 elmmtrleon
315 2907 434 2939 subinde,
456 2907 592 2942 redditque
618 2913 721 2939 semper
745 2913 926 2942 quemcunque
982 2914 1039 2935 rem
1054 2907 1235 2935 mutantibus.

134 2944 254 2979 proxime
273 2943 391 2978 attingit.
408 2942 445 2971 De
461 2940 659 2971 chamalcconte
676 2945 705 2969 et
718 2941 816 2977 polypo
832 2940 923 2969 Theo-
