1948 3070
131 184 182 217 124

693 182 879 214 HISTORIA
895 182 1205 214 MANICHA'JORUM.

1706 183 1776 217 1250

131 251 186 270 των
198 242 297 274 αὐτοὺς
308 241 346 274 ὼς
356 241 529 281 ἀξιοπίστους
542 241 692 277 μάρτυρας,
703 241 791 268 πάντα
799 240 913 275 ἀψευδεῖ).

974 240 1156 272 narraverint,
1182 238 1380 275 veritatemque
1408 243 1553 273 testantes,
1576 239 1609 268 ad
1635 241 1776 276 perspica-

129 288 436 324 προκαταγγείλαντας,
459 289 506 316 καὶ
523 287 732 324 μαρτυροῦντας
748 289 780 323 τῇ
796 287 920 323 ἀληθείᾳ,

129 334 175 361 καὶ
193 333 260 370 πρὸς
274 333 404 366 ὀξυοπίαν
427 334 473 360 καὶ
489 334 632 369 ἀγχίνοιαν
646 334 710 365 τοὺς
728 333 866 369 ἀκροατὰς
880 333 921 360 δι-

129 381 285 416 εγείροντας
310 380 358 407 τοῦ
385 381 423 416 μὴ
447 380 614 415 σφάλλεσθαι
631 380 680 415 τῆς
697 379 825 414 ἀληθείας
841 380 923 414 ἐπερ-

129 426 248 461 χομένης
267 425 362 461 ὥσπερ
380 425 524 461 στοιχείοις
542 426 598 452 τισὶ
618 426 677 456 ταῖς
694 425 783 452 αὐτῶν
800 425 924 461 ἀπορρή-

129 479 204 498 σεσιν
226 471 487 506 ὲντετυπωμέιους,
515 471 562 498 καὶ
588 471 705 507 Θεωρίας
726 471 854 499 ἐπίϐασιν
873 471 929 507 τὴν·

128 518 228 553 πρᾶξιν
253 518 450 553 ποιουμένους·
472 517 530 544 ἀλλ’
548 518 562 543 ὁ
578 517 628 553 μὲν
643 519 708 553 περὶ
722 518 771 554 τῆς
784 518 923 550 ἀείπαιδος

128 562 231 598 κυρίως
249 562 296 589 καὶ
311 561 419 597 άληθῶς
435 562 639 598 δεδοξασμένης
652 563 786 590 Θεοτόκου
802 564 849 590 καὶ
864 564 923 591 ἀει-

127 607 264 642 παρθένου
281 607 394 643 Μαρίας
415 606 511 642 λόγος,
534 607 631 642 μικρὸν
648 608 823 643 ἀναμεινάτω
837 616 844 623 ·
869 607 922 634 κᾶν

127 654 152 681 οἱ
186 654 268 681 δεινοὶ
294 654 474 682 Παυλικιάνοι
502 655 712 691 διαῤῥήγνυντο.
737 655 922 684 Ἐπανακτέον

126 700 148 727 δ’
165 701 237 736 ἡμᾶς
250 700 310 728 ὅθεν
327 701 426 737 μικρὸν
441 701 646 737 ἀνεκφοιτήτως
660 702 831 738 ἀπέστημεν.
897 732 901 739 1

161 746 198 773 Z'.
226 746 280 773 Τοῦ
307 747 426 783 μεγάλου
443 747 533 774 τοίνυν
549 747 618 774 Θεοῦ
635 748 682 775 καὶ
698 747 825 783 Σωτῆρος
840 745 920 783 ἡμῶν

125 790 213 826 Ἰησοῦ
230 792 349 828 Χριστοῦ
376 793 424 820 ἐπὶ
444 793 493 828 τῆς
510 793 562 828 γῆς
576 793 705 828 ὀφθέντος
723 793 772 820 καὶ
786 794 851 829 ἡμῖν
865 796 922 827 τοῖς

124 837 280 873 ἀνθρώποις
304 839 596 874 συναναστραφέντος,
617 839 692 866 πᾶσα
711 838 761 874 μὲν
784 840 817 866 ὲκ
831 839 922 868 ποδῶν

123 883 332 920 είδωλολατρεία
351 885 472 920 οἴχεται·
491 886 662 920 Θεογνωσία
678 885 706 912 δὲ
723 886 842 920 ἀληθὴς
864 885 922 915 πᾶ-

974 286 1044 313 ciam
1057 285 1212 321 mentisque
1222 293 1338 313 acumen
1349 285 1490 314 auditores
1503 294 1570 315 suos
1582 287 1773 320 excitaverint.

975 333 1122 367 quominus
1148 340 1163 359 a
1187 332 1303 359 veritate
1325 331 1381 367 jam
1408 333 1571 361 adveniente
1601 333 1773 367 aberrarent,

973 386 1055 414 quam
1078 378 1242 414 quibusdam
1264 378 1348 407 veluti
1374 378 1526 410 elementis,
1546 380 1771 415 praedictionibus

973 425 1105 452 nimirum
1129 425 1198 456 suis,
1221 426 1437 460 impresserunt;
1457 430 1485 452 et
1503 430 1623 454 ostensa;
1644 427 1684 454 rei
1708 427 1773 455 iun-

973 471 1131 498 damentum
1155 471 1214 506 ipso
1236 475 1336 499 eventu
1361 471 1587 506 comprobarunt.
1615 471 1670 500 Sed
1696 473 1771 501 enim

973 517 1007 546 de
1027 521 1159 553 perpetua
1180 517 1282 553 puella,
1304 517 1416 553 proprie
1439 525 1559 553 vereque
1575 518 1694 553 gloriosa
1708 519 1773 547 Dei-

972 571 1037 599 para
1059 571 1222 599 semperque
1244 564 1350 599 virgine
1375 563 1468 597 Maria,
1493 565 1581 592 oratio
1603 564 1772 599 aliquantum

972 610 1133 643 diﬁ'eratur;
1149 610 1255 637 etiamsi
1271 610 1338 637 diris
1351 609 1515 638 Paulieianis
1531 610 1575 637 ilia
1597 616 1771 646 rumpantur.

972 656 1040 684 Illuc
1055 656 1128 684 enim
1143 656 1235 690 nobis,
1250 656 1324 684 unde
1342 656 1426 692 paulo
1438 660 1502 684 ante
1516 657 1707 692 discessimus,
1725 665 1771 686 re-

971 702 1112 730 deundum
1127 706 1178 730 est.

1007 747 1064 777 Vll.
1085 748 1234 783 Postquam
1256 756 1371 784 magnus
1392 748 1485 784 itaque
1505 748 1579 778 Deus
1595 758 1627 778 ac
1641 750 1772 779 Servalor

971 798 1065 822 noster
1084 794 1164 822 Jcsus
1182 793 1310 822 Christus
1329 795 1356 822 in
1378 799 1451 823 terra
1474 796 1610 831 apparuit,
1630 801 1658 824 et
1674 797 1771 826 nobis-

972 848 1034 869 cum
1057 841 1217 868 hominibus
1238 844 1366 869 versatus
1378 846 1431 875 est,
1447 842 1536 870 omnis
1551 843 1661 878 quidem
1682 843 1770 872 idolo-

971 896 1032 915 rum
1047 887 1138 916 cultus
1153 895 1169 915 e
1180 887 1279 915 medio
1296 887 1399 921 cessit;
1416 888 1464 914 Dei
1480 892 1570 916 autem
1591 897 1652 916 vera
1674 890 1768 917 notitia

123 938 184 958 σαν
208 931 266 966 τὴν
286 931 346 967 γῆν
367 932 470 967 ὥσπερ
491 933 570 967 ὕδωρ
584 932 665 968 apati)
685 931 913 967 κατεκάλυψεν·

969 935 1119 962 universam
1140 938 1240 961 terram
1258 938 1384 968 tanquam
1399 942 1476 969 aqua:
1491 934 1632 962 inundatio
1655 943 1769 970 occupa-

122 976 249 1004 ἐντεῦθεν
263 978 280 1013 ἡ
295 978 350 1005 τῶν
362 979 498 1014 οὐρανίων
513 979 561 1006 ἐπὶ
573 979 624 1015 γῆς
635 978 721 1014 ἀρετὴ
735 978 917 1014 πολιτεύεται,

121 1022 170 1050 καὶ
191 1023 248 1054 τοῖς
264 1023 392 1058 ἀγγέλοις
407 1025 468 1055 ταῖς
484 1024 597 1060 ἀρεταῖς
612 1023 838 1060 θεοκλυθούμενοι
855 1033 918 1052 συνι-

121 1068 288 1105 αμιλλῶνται
313 1070 338 1096 οἱ
357 1070 514 1106 ἄνθρωποι·
535 1070 584 1098 τοῦ
602 1070 720 1106 σταυροῦ
736 1070 852 1107 γὰρὲπὶ
865 1071 918 1107 γῆς

121 1115 273 1149 παγέντος,
300 1116 348 1144 καὶ
372 1116 419 1143 τοῦ
443 1117 529 1152 ἄρτου
545 1118 594 1154 τῆς
611 1116 685 1152 ζωῆς
702 1117 749 1144 τοῦ
764 1119 796 1145 ἐκ
809 1117 857 1145 τοῦ
871 1118 917 1144 οὑ-

123 1161 205 1197 ρανοῦ
228 1161 427 1199 φιλανθρώπως
448 1165 480 1199 τῇ
501 1163 609 1196 θεότητι
628 1164 860 1198 συγκαταϐάντος,
886 1164 916 1191 οὐ

120 1208 152 1235 τὸ
168 1208 246 1244 ςῶμα
263 1209 481 1242 καταϐάσαντος,
500 1209 558 1236 ἀλλ’
573 1210 605 1236 ὲκ
621 1210 674 1245 γῆς
690 1210 770 1237 τοῦτο
797 1209 917 1246 προσλα-

120 1254 236 1290 ϐομένου
248 1254 414 1289 ὁμοιοπαθὲς
425 1257 502 1291 ἡμῖν,
516 1256 563 1282 καὶ
574 1256 603 1283 ὲν
615 1256 653 1290 τῷ
664 1256 734 1291 ξύλῳ
743 1256 790 1283 τοῦ
798 1255 916 1292 σταυροῦ

119 1300 275 1336 ὑψωθέντος
287 1321 295 1335 ,
314 1302 362 1328 καὶ
375 1303 437 1334 ταῖς
449 1301 496 1328 τοῦ
511 1302 584 1329 θείου
597 1302 680 1329 αὑτοῦ
695 1303 812 1338 αἵματος
827 1303 916 1339 ῥανίσι

118 1346 169 1382 τὴν
183 1346 236 1383 γῆν
251 1347 487 1383 καταρδεύσαντος
503 1347 582 1384 [cod.
599 1347 619 1375 Γ.
634 1347 685 1384 85]
700 1348 787 1384 ὀσμὴν
802 1347 916 1384 εὒῳδίας

121 1393 177 1429 (11)
196 1393 299 1430 ταύτην
312 1394 453 1421 διαπνέειν
468 1394 621 1430 πεποίηκεν
634 1404 640 1410 ·
658 1395 721 1430 ἥτις
736 1394 775 1430 τῷ
787 1395 916 1431 ἁγιασμῷ

117 1440 166 1467 τοῦ
181 1441 274 1476 τιμίου
287 1440 405 1476 αἵματος
420 1440 466 1468 καὶ
481 1441 577 1473 ὕδατος
589 1440 673 1468 αὑτοῦ
687 1441 832 1468 πιανθεῖσα
845 1460 853 1474 ,
871 1443 916 1468 λου

117 1487 185 1522 γικὰ
212 1487 334 1523 ἡδύπνοα
361 1487 408 1514 καὶ
427 1487 537 1514 ποικίλα
554 1487 623 1523 ἄνθη
644 1487 832 1523 βλαστάνουσα
847 1496 916 1515 παν-

116 1532 201 1568 ταχοῦ
219 1532 266 1560 ml.
283 1532 332 1560 νῦν
345 1533 376 1560 οὺ
392 1533 580 1569 διαλιμπάνει.
608 1533 809 1569 Προσκυνεῖται
825 1533 916 1561 τοίνυν

117 1578 213 1612 ξύλον,
239 1579 274 1606 δι’
292 1575 322 1606 οὗ
341 1579 465 1616 σωτηρία
483 1579 521 1615 τῷ
537 1579 612 1614 γένει
628 1580 678 1614 μὲν
692 1579 746 1607 τῶν
761 1579 914 1616 ἀνθρώπων

968 980 1005 1007 ait
1017 979 1107 1014 “.10
1116 979 1183 1006 Exin
1195 979 1348 1007 caelestium
1360 979 1477 1006 honesta
1487 979 1544 1006 vita
1553 979 1638 1014 coepit
1649 979 1677 1006 in
1696 984 1767 1008 terra

968 1024 1150 1059 frequentari,
1164 1023 1277 1059 Deoque
1290 1023 1439 1051 familiares
1459 1024 1523 1051 facti
1545 1024 1672 1053 homines
1686 1032 1769 1061 ange-

967 1069 1010 1098 los
1025 1070 1174 1098 virtutibus
1192 1069 1326 1098 azmulari.
1348 1069 1436 1098 Cruee
1455 1070 1530 1098 enim
1551 1070 1578 1098 in
1603 1074 1703 1098 terram
1719 1071 1768 1099 de-

969 1115 1040 1148 ﬁxa,
1065 1116 1184 1151 vitaeque
1208 1123 1279 1152 pane
1303 1116 1337 1144 de
1361 1117 1431 1144 coelo
1455 1116 1574 1153 benigne
1597 1116 1679 1145 simul
1703 1125 1766 1146 eum

968 1161 1070 1190 deitate
1092 1162 1224 1195 demisso,
1248 1162 1322 1191 haud
1347 1170 1414 1191 sane
1437 1170 1554 1198 corpore
1570 1163 1644 1191 illinc
1662 1163 1766 1198 delato,

968 1207 1016 1236 sed
1032 1208 1066 1236 de
1083 1212 1155 1236 terra
1171 1212 1291 1244 sumpto,
1313 1216 1393 1244 mque
1418 1216 1450 1236 ac
1473 1216 1524 1236 nos
1544 1209 1679 1244 passibili,
1693 1213 1721 1237 et
1738 1209 1766 1237 in

968 1253 1071 1288 lignum
1092 1253 1210 1287 sublato,
1224 1254 1364 1289 divinique
1383 1253 1526 1290 sanguinis
1538 1254 1624 1290 guttis
1638 1255 1766 1283 tellurem

967 1299 1155 1335 irrigantibus,
1170 1300 1285 1336 contigit
1302 1305 1332 1328 ut
1350 1300 1409 1328 htec
1424 1300 1568 1328 suavitatis
1587 1301 1699 1328 odorem
1716 1310 1766 1330 ex-

968 1346 1094 1381 spiraret,
1103 1354 1163 1381 quze
1174 1346 1305 1374 nimirum
1318 1345 1535 1374 sanctiﬁcatione
1550 1347 1636 1382 ipsius
1648 1347 1765 1384 pretiosi

967 1392 1107 1428 sanguinis
1125 1398 1154 1420 et
1173 1400 1251 1428 aquae
1268 1393 1467 1429 pinguescens,
1493 1393 1635 1421 rationalia
1659 1394 1764 1428 odora;

966 1442 1060 1466 menta
1079 1438 1225 1473 variosque
1247 1437 1327 1466 ﬂores
1343 1446 1418 1466 nunc
1436 1439 1518 1466 etiam
1537 1439 1638 1475 ubique
1658 1441 1762 1476 germi-

966 1492 1034 1512 nare
1046 1492 1100 1512 non
1116 1485 1225 1512 desinit.
1244 1485 1382 1513 Adoratur
1395 1485 1487 1520 itaque
1501 1485 1615 1522 lignum,
1626 1495 1677 1522 per
1688 1487 1764 1522 quod

966 1529 1040 1558 salus
1055 1530 1177 1557 humano
1194 1530 1288 1566 generi
1307 1530 1406 1558 donata
1427 1529 1495 1564 fuit;
1517 1538 1567 1566 per
1580 1532 1653 1567 quod
1676 1532 1765 1560 malo-

967 1583 1028 1602 rum
1045 1581 1143 1603 auctor
1159 1575 1246 1603 hostis
1261 1575 1337 1603 humi
1359 1575 1476 1604 aﬁlictns
1495 1576 1595 1605 lethale
1611 1577 1763 1607 visceribus

115 1624 276 1661 δεδώρηται,
293 1625 327 1652 δι’
338 1621 369 1652 οὗ
383 1626 397 1652 ὁ
410 1625 566 1661 ἀρχέκακος
579 1625 678 1661 ὲχθρὺς
691 1626 732 1658 είς
743 1626 796 1661 γῆν
810 1628 913 1663 καταρ-

966 1622 1066 1649 vulnus
1081 1623 1197 1656 accepit.
1213 1621 1321 1649 Etenim
1335 1622 1412 1650 nullo
1428 1622 1456 1649 in
1469 1622 1522 1650 alio
1537 1623 1640 1652 Christi
1655 1625 1764 1653 crucia-

117 1672 214 1707 ραγεὶς
238 1671 352 1708 καιρίαν
378 1672 408 1699 ὲν
421 1672 522 1708 καρδία
545 1672 594 1708 τὴν
616 1672 725 1708 πληγὴν
744 1673 910 1705 εἰσεδέξατο.

115 1717 161 1744 Ἐν
176 1717 265 1744 οὐδενὶ
277 1717 332 1753 γὰρ
348 1717 434 1753 ἑτέρῳ
448 1718 575 1754 συμϐόλῳ
588 1718 636 1745 τοῦ
649 1718 769 1754 Χριστοῦ
783 1719 913 1755 παθημά-

114 1771 170 1789 των
195 1763 299 1798 φοϐερὰ
322 1762 455 1798 τεράστια
478 1763 592 1790 τοιαῦτα
607 1764 738 1799 γέγονεν,
765 1763 809 1792 οἶα
827 1766 856 1792 ὲν
871 1765 912 1801 τῷ

113 1809 199 1845 τιμίῳ
214 1809 262 1837 καὶ
276 1809 402 1844 ζωοποιῷ
417 1809 464 1836 τοῦ
478 1809 584 1844 Κυρίου
600 1810 711 1846 σταυρῷ
724 1818 731 1825 ·
756 1810 850 1846 νεκροὶ
864 1811 910 1838 ἀν-

115 1855 256 1891 ιστάμενοι
271 1855 320 1882 καὶ
334 1855 386 1891 πρὸ
399 1855 448 1890 τῆς
463 1856 491 1882 ὲν
505 1855 543 1891 τῷ
555 1855 606 1892 ᾄδῃ
618 1857 732 1883 καθόδου
745 1857 792 1884 τοῦ
806 1857 909 1894 Κυρίου

113 1902 163 1929 καὶ
180 1902 249 1929 Θεοῦ
264 1902 354 1938 ἡμῶν,
367 1902 570 1936 καταπέτασμα
587 1902 768 1938 ῥηγνύμενον,
785 1904 821 1939 γῆ
840 1912 910 1931 σειο-

118 1949 195 1984 μένη,
209 1948 285 1984 ἥλιος
300 1947 492 1983 σκοτιζόμενος
506 1948 552 1975 καὶ
577 1949 659 1975 πάλιν
679 1948 908 1985 άναφλεγόμενος,

117 1994 152 2029 τῷ
167 1994 217 2030 μὲν
232 1993 281 2029 τὴν
295 1993 350 2021 τῶν
364 1993 498 2020 Ἰουδαίων
514 1994 621 2026 δεικνὺς
633 1995 824 2030 σκοτόμαιναν,
834 1995 872 2030 τῷ
881 1994 909 2021 δὲ

117 2039 163 2075 τῆς
187 2039 363 2071 ἀναστάσεως
385 2039 545 2075 προδεικνὺς
561 2039 611 2075 τὴν
629 2040 805 2076 φαιδρότητα.
825 2041 908 2073 Τέλος

110 2085 128 2120 ὴ
156 2085 266 2112 πάντων
290 2085 319 2112 ἐν
342 2085 381 2120 τῷ
403 2084 454 2121 ᾄδῃ
479 2085 673 2120 κατεχομένων
691 2085 784 2121 ψυχῶν
805 2085 907 2113 ἀπολύ-

109 2138 212 2166 τρωσις
240 2131 273 2166 τῇ
298 2130 445 2166 ἐπιφανείᾳ
471 2128 518 2156 τοῦ
541 2129 644 2166 Κυρίου
670 2130 718 2158 καὶ
741 2130 809 2157 Θεοῦ
828 2131 907 2166 ἡμῶν

111 2176 180 2212 πρὸς
194 2175 294 2208 αὐτοὺς
310 2176 444 2212 γενομένη
456 2185 463 2191 ·
490 2176 538 2203 καὶ
554 2177 571 2211 ἡ
583 2176 630 2203 τοῦ
644 2176 707 2213 ᾅδου
722 2177 871 2209 κατάλυσις
879 2177 904 2210 δ,

108 2222 158 2249 τοῦ
177 2222 277 2257 μηκέτι
293 2223 418 2258 κατέχειν
440 2222 489 2255 τὰς
505 2222 561 2249 τῶν
576 2223 605 2250 ὲν
620 2223 717 2258 Κυρίῳ
733 2224 904 2260 κεκοιμημέ-

108 2274 164 2295 νων
180 2265 280 2303 ψυχάς.
303 2267 396 2294 Ταῦτα
412 2268 501 2295 πάντα
521 2268 538 2303 ὴ
555 2267 602 2294 τοῦ
616 2267 689 2295 θείου
703 2269 821 2304 σταυροῦ
836 2269 904 2303 ἀήτ-

107 2321 191 2347 τητος
215 2311 331 2347 δύναμις
353 2312 388 2339 τὰ
410 2313 515 2349 φοϐερὰ
535 2314 684 2350 εἰργάσατο
702 2314 851 2350 τεράστια,
870 2316 902 2351 τῇ

106 2357 223 2393 δυνάμει
236 2357 283 2384 τοῦ
296 2358 326 2385 ὲν
339 2358 414 2393 αὐτῷ
429 2360 634 2394 προσπαγέντος
646 2360 766 2396 Χριστοῦ
777 2360 824 2387 τοῦ
835 2360 903 2387 Θεοῦ

107 2403 200 2438 ἡμῶν.
227 2403 460 2439 Αίσχυνθήτωσαν
481 2402 528 2431 οὖν
552 2404 599 2432 καὶ
621 2405 836 2441 ὲντραπήτωσαν
855 2406 903 2433 καὶ

105 2448 304 2476 ἀπολέσθωσαν
329 2450 354 2476 οι
379 2449 429 2485 τὴν
452 2449 531 2482 δόξαν
546 2450 629 2476 αὑτοῦ
649 2451 840 2487 διαρνούμενοι
855 2452 903 2478 καὶ

107 2495 147 2532 μὴ
160 2495 378 2532 προσκυνοῦντες
391 2496 472 2525 αὑτὸν
484 2497 639 2535 ἀδιστάκτῳ
652 2499 762 2527 πίστεις
775 2499 813 2532 ὼς
827 2498 900 2536 [cod.

134 2586 155 2602 ¹¹
174 2588 231 2618 Isa.
250 2593 288 2619 ιι,
305 2586 333 2614 9.

923 2289 943 2316 D

966 1671 1043 1695 tuum
1060 1667 1184 1703 symbolo
1201 1667 1259 1695 haec
1276 1668 1419 1696 tremenda
1438 1669 1560 1706 prodigia
1574 1674 1680 1704 patrata
1702 1669 1766 1698 fuc-

964 1719 1039 1746 runt,
1062 1713 1216 1749 cuiusmodi
1239 1715 1267 1741 in
1290 1715 1446 1743 veneranda
1472 1718 1499 1742 et
1522 1715 1629 1743 viviﬁca
1654 1716 1762 1744 Domini

963 1767 1046 1788 cruce
1062 1769 1069 1788 :
1089 1760 1189 1788 mortui
1205 1760 1336 1788 nimirum
1353 1760 1478 1788 suscitati
1497 1766 1561 1789 ante
1581 1762 1663 1789 etiam
1679 1770 1761 1797 quam

962 1807 995 1835 ad
1019 1806 1123 1835 inferos
1145 1806 1276 1834 Dominus
1302 1814 1334 1834 ac
1358 1807 1430 1835 Deus
1454 1811 1548 1835 noster
1570 1808 1761 1841 descenderet,

963 1853 1052 1881 velum
1067 1853 1224 1886 discissum,
1244 1858 1316 1881 terra
1330 1858 1477 1887 commota,
1493 1854 1533 1882 sol
1552 1854 1714 1882 obseuratus
1734 1859 1761 1882 et

961 1908 1060 1928 rursus
1092 1900 1279 1933 illuminatus;
1309 1905 1339 1927 ut
1368 1900 1460 1935 priore
1491 1905 1563 1928 statu
1595 1900 1762 1937 signiﬁcaret

960 1945 1118 1973 Iudaeorum
1146 1945 1284 1977 tenebras,
1309 1944 1394 1972 altero
1425 1949 1517 1973 autem
1551 1946 1760 1974 resurrectionis

960 1991 1083 2018 laetitiam
1106 1991 1292 2025 portenderet.
1318 1989 1462 2018 Postremo
1482 1991 1604 2018 onmium
1620 1992 1693 2026 apud
1715 1991 1759 2018 in-

960 2036 1034 2064 feros
1062 2036 1235 2063 detentarum
1264 2036 1418 2063 animarum
1446 2036 1556 2064 Christo
1583 2036 1700 2064 Domino
1726 2045 1760 2065 ac

959 2083 1016 2111 Deo
1030 2088 1125 2111 nostro
1137 2083 1191 2111 illic
1203 2088 1353 2118 apparente
1374 2084 1536 2119 redemptio,
1551 2088 1579 2111 et
1595 2083 1681 2118 ipsius
1697 2084 1756 2112 orci

958 2130 1109 2163 destitutio,
1133 2130 1281 2165 quominus
1302 2130 1404 2158 diutius
1429 2130 1547 2162 illorum,
1573 2130 1618 2165 qui
1645 2131 1672 2157 in
1700 2130 1754 2158 Do-

957 2176 1034 2203 mino
1059 2167 1245 2209 dormierant,
1274 2175 1381 2203 animas
1406 2177 1547 2203 retineret.
1578 2175 1642 2204 Ilaec
1663 2175 1756 2204 omnia

957 2221 1058 2249 divina:
1078 2222 1167 2249 crucis
1183 2221 1282 2248 invicta
1298 2221 1341 2249 vis
1356 2221 1496 2249 tremenda
1513 2222 1604 2249 eﬂccit
1619 2221 1753 2258 prodigia,

958 2268 1059 2296 virtute
1085 2268 1189 2296 scilicet
1212 2267 1311 2295 conﬁxi
1337 2267 1364 2294 in
1389 2275 1420 2295 ea
1445 2267 1548 2295 Christi
1572 2268 1619 2295 Dei
1652 2267 1753 2295 nostri.

958 2313 1102 2342 Pudeﬁant
1116 2314 1198 2349 igitur
1211 2317 1238 2341 et
1259 2313 1287 2341 in
1305 2313 1396 2349 fugam
1413 2317 1555 2341 vertantur
1577 2322 1608 2341 ac
1628 2319 1753 2350 pereant,

957 2361 1004 2396 qui
1024 2360 1114 2387 erucis
1127 2360 1239 2396 gloriam
1252 2363 1365 2395 negant,
1386 2367 1476 2395 neque
1495 2368 1554 2388 eam
1570 2360 1682 2388 indubia
1699 2360 1753 2389 ﬁde

955 2415 1005 2435 ceu
1017 2406 1149 2434 divinitus
1165 2407 1259 2434 datum
1278 2405 1465 2441 invictumque
1479 2411 1610 2442 tropa-um
1626 2406 1750 2434 adorant.

954 2453 1025 2488 Ergo
1041 2453 1150 2481 invidus
1164 2458 1246 2488 atque
1258 2451 1397 2487 pessimus
1411 2456 1440 2480 et
1452 2452 1517 2480 boni
1538 2461 1601 2481 osor
1616 2453 1749 2486 diabolus,

953 2499 1043 2536 capite
1057 2499 1126 2527 eliso
1142 2504 1170 2527 et
1189 2498 1271 2527 corde
1293 2506 1310 2526 a
1331 2498 1421 2528 crucis
1442 2499 1519 2528 hasta
1536 2498 1677 2532 transﬁxo,
1692 2498 1747 2534 iam

753 2659 861 2690 I'ARIA']
890 2659 1094 2689 LECTIONES.

145 2727 158 2741 ν
173 2720 206 2747 R.
221 2718 397 2750 κατάλλυπις.
436 2723 447 2737 ι
462 2717 495 2745 ῐὶ.
517 2717 615 2745 δίστει.

853 2772 968 2802 NOTAE.

139 2850 162 2886 (t
172 2850 196 2885 1)
214 2848 242 2876 ln
259 2853 334 2886 textu
349 2848 443 2886 Graeco
456 2847 554 2875 Raderi
570 2846 680 2886 additur
692 2845 892 2886 πνευματικῆς,

96 2881 174 2922 quod
184 2881 352 2922 vocabulum
374 2884 403 2912 in
424 2883 648 2922 interpretatione
669 2881 893 2922 latinaejusdem

95 2916 246 2950 dmittitur.
269 2919 337 2955 Ergo
357 2916 660 2955 exemplar—typothela:
684 2916 892 2953 lngolstadiensi

948 2846 1079 2874 traditum
1101 2847 1211 2874 videtur
1231 2846 1368 2875 interdum
1392 2846 1476 2873 fuisse
1493 2845 1631 2872 diversum
1647 2843 1680 2872 ab
1695 2844 1742 2872 illo

947 2882 1019 2916 quod
1045 2882 1169 2909 Haderus
1192 2882 1318 2909 Latinum
1341 2882 1464 2909 faciebat.
1490 2882 1518 2909 lu
1545 2882 1639 2909 codice
1665 2884 1740 2908 certe

948 2917 1073 2945 vaticano
1087 2919 1163 2946 deest
1179 2925 1240 2946 voc.
1258 2917 1457 2953 πνευματικῆς.
