1948 3070
181 192 249 226 1251

859 189 979 220 PETRI
998 189 1128 221 SlCULI

1755 193 1819 227 1252

175 257 231 278 non
248 249 298 284 ιι
321 251 428 284 poterat
454 252 510 276 tam
534 251 639 283 aperte,
656 249 687 274 ut
713 245 830 277 solebat,
847 245 986 281 jucunda,

1037 268 1042 274 .
1061 247 1097 275 85
1115 246 1144 284 b]
1168 247 1337 284 θεοδώρητον
1358 249 1406 277 καὶ
1433 250 1650 287 ἀκαταμάχητον
1673 251 1818 286 τρόπαιονο

176 296 270 323 animo
294 303 344 323 suo
368 294 472 323 scelera
495 298 675 329 perpetrare:
692 293 800 320 occulte
819 295 910 320 tamen
930 291 973 319 in-

175 341 295 369 felicium
319 339 515 368 nonnullornm
537 339 642 366 animas
666 338 744 366 furiis
758 337 876 374 agitans,
895 345 974 365 men-

176 391 272 421 tesque
290 386 406 414 illudens
427 385 547 420 decepit,
571 393 618 420 per
633 384 761 420 falsorum
784 384 974 419 magistrorum

175 433 346 468 hypocrisim,
368 433 547 459 cauteriatam
569 431 756 458 conscientiam
772 430 924 457 habentium
939 430 973 464 ",

176 481 287 516 dignum
306 480 365 507 illos
387 479 511 507 fomitem
534 478 765 514 inexstinguibilis
786 477 858 514 ignis
880 484 973 505 secum

176 527 290 555 faciens.

175 577 335 611 ὑποκρίσει
358 575 557 611 ψευδολόγων
575 573 904 608 κεκαυτηριασμένωνο
917 573 975 608 τὴν

176 622 264 657 ἑαυτῷ
279 621 492 656 ὑπεκκαύματα.

210 679 279 709 Vill.
299 680 352 708 Sed
362 680 452 708 bonus
471 679 659 715 optimusque,
676 679 732 706 imo
747 686 905 714 supremum
922 677 974 706 bo-

177 735 255 760 num,
273 728 344 754 Deus
367 735 382 754 a
406 731 538 754 consueto
558 734 608 754 suo
624 733 701 753 more
723 733 779 752 non
802 724 885 752 desiit
904 725 975 752 bene

178 771 294 800 faciendi
310 771 416 799 homini
434 770 563 806 pretiosae
579 775 712 798 creaturae
727 777 784 797 sua:
798 778 805 796 :
822 769 869 797 sed
885 770 977 804 posuit

178 816 206 845 in
227 816 349 844 Ecclesia
369 816 489 851 primum
507 815 656 851 apostolos,
678 814 724 850 qui
742 814 852 842 fuerant
868 817 977 850 specta-

178 867 253 890 tores
274 862 335 897 ejus
355 867 438 897 atque
458 862 587 895 ministri,
602 866 632 889 ut
646 862 732 896 ipsius
748 861 918 894 corpomlem
933 860 976 887 in-

179 908 263 936 finitae
286 908 419 943 potentiae
449 907 710 935 condescensionem
735 907 844 942 publice
868 906 977 934 denun-

180 954 297 986 tiarent.
323 957 351 981 et
376 953 469 981 divina
496 953 606 981 oracula
633 952 778 981 verissime
804 956 976 984 enarrarent,
994 940 1014 968 Β

180 1007 272 1035 neque
291 1000 463 1035 corporalem
480 999 583 1027 Christi
599 999 754 1035 passionem
772 999 977 1032 erubescentes,

181 1053 271 1080 neque
296 1045 428 1081 prodigiis
458 1044 584 1073 fraudem
614 1045 697 1072 ullam
728 1044 898 1077 tribuentes,
930 1043 980 1071 sed

181 1094 283 1129 ubique
299 1093 423 1121 veritatis
442 1100 536 1120 curam
555 1096 694 1128 gerentes,
710 1095 738 1119 et
755 1091 803 1119 Dei
826 1090 908 1118 Verbi
937 1090 981 1117 in-

181 1139 371 1168 carnationem
394 1139 530 1167 veraciter
552 1138 744 1174 praedicantes.
769 1136 898 1165 Secundo
920 1137 981 1164 loco

182 1186 342 1221 prophetas,
367 1185 412 1220 qui
443 1185 564 1212 occultas
592 1184 814 1219 insanabilesque
839 1184 981 1219 passiones

182 1232 276 1260 divino
291 1236 373 1267 atque
389 1231 494 1267 potenti
510 1231 598 1259 sancti
612 1231 732 1267 Spiritus
750 1230 839 1267 gladio
853 1230 982 1258 radicitus

183 1282 371 1314 amputarent,
389 1283 417 1306 et
434 1280 521 1306 bonos
536 1283 617 1313 atque
631 1277 755 1314 vigentes
770 1277 901 1305 virtutum
923 1284 984 1304 sur-

185 1325 262 1353 culos
278 1325 442 1353 insererent.
456 1325 550 1354 Tertio
564 1325 624 1353 loco
636 1325 764 1353 doctores
776 1325 899 1360 utrisque
913 1331 984 1360 prte-

184 1372 267 1400 diclis
290 1372 448 1404 auxiliares,
464 1379 581 1407 qumque
604 1372 639 1399 ab
662 1371 717 1399 illis
737 1375 766 1399 et
785 1376 845 1398 acta
867 1374 895 1398 et
912 1370 984 1398 dicta

186 1418 452 1454 fuerantpericctius
461 1418 641 1454 explicantes.
651 1418 755 1445 Horum
765 1417 864 1445 divinis
875 1416 986 1452 dogma-

187 1465 260 1492 tibus
285 1468 384 1492 euncta
412 1463 632 1491 Christianorum
660 1463 780 1490 Ecclesia
804 1467 835 1490 ut
858 1462 922 1489 olim
946 1461 986 1489 sic

187 1519 261 1539 nunc
277 1511 413 1542 ﬁrmatur.
434 1511 567 1538 adversus
583 1518 664 1545 quam
680 1513 774 1545 portas
785 1509 876 1542 inferi,
886 1507 986 1536 exitio-

188 1565 233 1584 sas
248 1557 354 1584 scilicet
369 1557 500 1589 haereses,
513 1564 654 1591 nunquatn
667 1555 842 1590 praevaluisse
857 1558 903 1581 aut
916 1561 986 1589 pra:-

189 1603 333 1636 valituras,
351 1603 437 1638 probe
459 1603 570 1635 scimus,
587 1602 665 1638 juxta
688 1601 797 1629 effatum
814 1600 938 1628 divinum
952 1599 985 1626 ¹³.

192 1651 428 1686 Despumaverunt
449 1654 540 1676 autent
563 1648 661 1676 ﬂuctus
683 1647 818 1675 haeretica:
835 1645 986 1681 loquacita-

191 1698 237 1730 tis,
253 1701 281 1724 et
303 1696 416 1724 omnino
439 1695 547 1731 depulsi
569 1700 644 1722 sunt.
663 1694 771 1729 Quippe
794 1700 843 1728 per
864 1697 989 1727 tempora

192 1743 307 1780 singulis
333 1742 502 1771 orthodoxiae
527 1740 778 1777 propugnatoribus
800 1738 898 1774 singuli
923 1744 990 1765 (on-

193 1789 281 1825 gressi
309 1792 374 1816 sunt
416 1787 624 1820 haeresiarchte;
666 1786 714 1814 sed
741 1785 866 1813 veritatis
893 1783 990 1811 lumini

193 1835 386 1864 haereticorum
405 1833 525 1861 tenebrae
542 1836 696 1865 cesserunt,
714 1835 796 1866 atque
819 1831 855 1857 ita
872 1829 921 1857 Dei
938 1830 991 1857 Ec-

194 1881 286 1910 clesiae
304 1881 476 1908 inconcusam
498 1883 670 1906 manserunt.
687 1879 722 1905 At
734 1876 880 1909 miserrimi
902 1875 992 1903 haere-

196 1927 253 1961 tici,
270 1926 376 1955 etiamsi
392 1926 530 1961 aliquanto
548 1929 671 1960 tempore.
688 1920 913 1951 abominabilium
929 1927 992 1949 sua-

197 1982 259 2003 rum
287 1973 448 2009 opinionum
470 1971 600 1999 malitiam
623 1969 846 2004 parturivernnt,
871 1971 992 1995 attamen

198 2021 276 2049 haud
289 2021 376 2048 multo
389 2024 452 2055 post
461 2019 591 2054 nequitia:
607 2018 729 2053 ipsorum
744 2015 848 2043 falsitas
862 2014 993 2049 dissipata

198 2068 267 2102 fuit;
290 2068 340 2102 12
363 2074 450 2102 eaque
471 2073 501 2094 re
521 2065 651 2094 omnibus
666 2063 802 2100 patefacta
817 2067 845 2090 et
862 2061 994 2089 extermi-

199 2119 281 2147 nata,
313 2113 442 2142 Ecclesite
470 2112 518 2140 Dei
548 2111 763 2147 splenduerunt,
790 2109 949 2144 eaedemque
966 2111 994 2135 et

200 2167 274 2188 nunc
288 2163 316 2187 et
332 2159 359 2186 in
375 2163 539 2194 perpetuum
555 2155 749 2193 splendebunt.
780 2192 784 2195 Δ

235 2253 282 2280 IX.
304 2251 462 2283 Tencbrosa
480 2250 601 2284 interim,
619 2257 740 2283 caenosa,
757 2248 925 2281 turbulenta,
942 2247 996 2276 im-

202 2298 381 2327 mundissitna
406 2297 618 2324 Manichmorum
639 2295 754 2323 haeresis
772 2303 787 2322 θ
809 2295 915 2323 cunctis
932 2302 998 2330 gen-

203 2345 276 2373 tibus
292 2344 439 2380 exagitata,
457 2348 567 2379 propter
582 2343 752 2378 dcsperatam
770 2341 830 2377 ejus
850 2341 996 2374 medelam,

204 2395 232 2418 et
259 2389 408 2425 cujuslibet
434 2388 617 2424 improbitatis
642 2388 773 2419 cinnum,
803 2387 858 2414 alto
889 2386 1000 2414 silentio

203 2436 402 2466 observabatur
421 2443 437 2463 a
461 2436 518 2463 suis
543 2439 571 2463 et
598 2435 749 2463 colebatur.
774 2433 832 2462 Hoc
852 2434 926 2461 enim
947 2433 1000 2462 illis

204 2483 341 2519 praecipue
365 2482 442 2511 cordi
467 2486 520 2513 est.
541 2487 572 2510 ut
592 2480 719 2518 mysteria
747 2488 795 2508 sua
819 2479 1001 2515 hanresimque

204 2537 376 2565 nequaquam
392 2529 519 2556 omnibus
534 2527 734 2560 consectaneis,
748 2527 850 2554 nedum
867 2526 998 2559 externis,

205 2576 429 2608 communicent;
458 2574 505 2602 sed
533 2574 637 2609 paucis,
658 2581 727 2608 quos
756 2573 784 2599 in
809 2580 921 2599 suorum
946 2579 999 2598 nu—

206 2630 283 2650 rnero
300 2623 390 2650 sciunt
406 2621 545 2657 impietate
563 2620 648 2656 magis
666 2619 813 2655 perfectos.
831 2618 1000 2652 Quibusdam

208 2677 273 2697 vero
293 2677 383 2696 rerum
413 2667 562 2703 adiunctis,
589 2666 662 2694 haud
691 2665 793 2694 multos
815 2670 878 2693 ante
901 2673 1000 2698 annos,

207 2715 364 2751 apostaticis
383 2714 487 2742 viribus
503 2713 569 2741 satis
589 2712 749 2741 conﬁrmata
769 2716 797 2739 et
816 2712 960 2744 instructa,
975 2715 1003 2738 et

247 2798 292 2825 “l
309 2797 379 2826 Tim.
397 2806 433 2830 tv,
448 2797 476 2824 2.
515 2797 537 2813 ¹³
556 2796 648 2824 Matth.
667 2803 722 2827 ενι,
740 2796 783 2823 lx.

1026 294 1040 320 ὁ
1051 294 1118 327 γοῦν
1135 292 1271 329 βάσκανος
1285 293 1336 322 καὶ
1349 296 1531 332 παμπόνηρος
1546 296 1594 323 καὶ
1608 296 1757 332 μισόκαλος
1769 297 1819 325 διά-

1027 338 1105 371 ϐολος
1120 339 1171 376 τὴν
1184 340 1307 377 κεφαλὴν
1323 341 1501 374 συνθλασθεὶς
1523 343 1570 370 καὶ
1591 342 1642 378 τὴν
1656 343 1772 379 καρδίαν
1786 343 1821 379 τῷ

1028 386 1168 422 σταυρικῷ
1182 385 1277 422 δόρατι
1290 387 1436 424 διαπαρεὶς
1447 409 1454 422 ,
1472 389 1522 424 οὐχ
1537 386 1593 421 οἷός
1605 398 1635 416 τε
1650 387 1685 425 ἦν
1699 389 1820 425 φανερῶς

1027 431 1115 464 οὕτως
1141 432 1175 459 τὰ
1198 433 1289 468 ἑαυτῷ
1313 433 1472 469 καταθύμια
1494 435 1532 466 ὼς
1551 434 1641 461 εἰώθει
1658 434 1819 469 ἐργάζεσθαι

1029 477 1219 513 βδελύγματα·
1239 479 1328 516 λάθρα
1345 479 1373 506 δέ
1391 489 1473 508 τινων
1489 480 1590 508 ἀθλίων
1606 481 1657 513 τὰς
1673 480 1762 516 ψυχὰς
1777 482 1820 507 ὲκ-

1028 524 1187 560 6ακχεὺσας
1211 525 1259 552 καὶ
1281 526 1327 552 τὸν
1343 525 1407 553 νοῦν
1426 526 1578 561 φενακίσας
1604 526 1771 563 ὴπάτησενά
1789 526 1822 552 ἐν

994 575 1111 602 οἰκείαν
1149 574 1331 609 συνείδησιν
1341 595 1347 607 ,
1372 574 1435 607 ἄξια
1449 574 1496 602 τοῦ
1528 574 1661 602 ἀσσέστου
1675 574 1762 610 πυρὸς
1776 574 1821 602 σὺν

1064 676 1105 704 H'.
1131 677 1202 704 Ἀλλ’
1229 677 1279 704 οὐκ
1302 677 1427 704 ἐνέλιπεν
1449 679 1463 704 ὁ
1482 677 1584 711 ἀγαθὸς
1604 678 1652 705 καὶ
1667 679 1822 714 πανάγαοος

1028 724 1075 751 καὶ
1089 724 1264 760 ὑπεράγαθος
1275 724 1378 760 Κύριος
1390 724 1515 760 συνήθως
1526 725 1681 760 εὐεργετεῖν
1689 726 1718 752 τὺ
1728 726 1822 754 ἑαυτοῦ

1027 770 1119 806 τίμιον
1133 770 1247 806 πλάσμα
1261 770 1307 797 τὸν
1321 769 1465 805 ἄνθρωπον
1475 770 1498 789 τ·
1517 770 1574 797 ἀλλ’
1590 770 1666 798 ἔθετο
1677 772 1705 797 ἐν
1717 773 1750 808 τῇ
1764 772 1824 798 Ἐκ-

1029 816 1130 852 κλησίᾳ
1146 816 1255 852 πρῶτον
1270 816 1450 849 ἀποστόλους,
1465 816 1504 848 ὡς
1516 816 1655 849 αὐτόπτας
1667 818 1715 844 καὶ
1724 818 1827 854 ὑπηρε-

1029 870 1080 893 τας
1104 861 1154 897 τὴν
1171 860 1254 888 αὑτοῦ
1272 861 1492 897 ἀπειροδύναμον
1510 862 1672 898 σωματικὴν
1688 863 1826 898 συγκατά-

1031 908 1111 935 6ασιν
1127 908 1265 944 ἀριδήλως
1280 908 1489 942 διαγγέλλοντος
1499 929 1507 942 ,
1534 909 1583 936 καὶ
1598 910 1646 941 τὰς
1661 909 1826 946 θεοσημείας

1030 954 1194 990 παναληθῶς
1211 955 1400 990 ὲκιρράζοντας
1413 963 1420 970 ·
1441 955 1511 990 μήτε
1527 956 1584 987 τοῖς
1596 956 1764 990 σωματικοῖς
1780 955 1828 983 τοῦ

1029 1000 1150 1036 Χριστοῦ
1164 1001 1415 1036 ἐπαισχυνομένους
1429 1000 1601 1037 παθήμασιν,
1614 1002 1684 1037 μήτε
1695 1002 1752 1033 τοῖς
1762 1002 1829 1029 θαύ-

1032 1055 1099 1083 μασι
1125 1047 1223 1083 ψεῦδος
1246 1047 1488 1082 ἑπιιρημίζοντας,
1519 1047 1588 1075 ἀλλὰ
1612 1048 1753 1084 πανταχοῦ
1779 1048 1830 1084 τῆς

1031 1092 1161 1129 ἀληθείας
1176 1092 1382 1129 φροντίζοντας,
1400 1093 1448 1120 καὶ
1462 1093 1513 1129 τὴν
1527 1093 1661 1130 ἔνσαρκον
1673 1095 1831 1130 οἰκονομίαν

1030 1139 1079 1166 τοῦ
1106 1139 1174 1166 Θεοῦ
1199 1139 1289 1174 Λόγου
1322 1139 1448 1175 ἀψευδῶς
1471 1140 1668 1176 κηρύττοντας.
1699 1141 1831 1178 Δεύτερον

1033 1185 1178 1222 προφήτας
1202 1185 1236 1212 τὰ
1260 1185 1443 1221 κεκρυμμένα
1466 1185 1515 1212 καὶ
1531 1185 1630 1214 ἀνίατα
1643 1187 1717 1223 πάθη
1735 1188 1769 1223 τῇ
1783 1187 1831 1215 τοῦ

1034 1231 1112 1266 ἁγίου
1133 1231 1294 1266 Πνεῦματος
1318 1231 1379 1267 θείᾳ
1391 1235 1404 1256 ι
1427 1231 1476 1266 τῆς
1494 1231 1620 1264 δξουσίας
1636 1233 1760 1269 μαχαίρᾳ
1777 1234 1832 1270 πρὸ

1036 1278 1121 1314 ῥιζῶν
1136 1278 1361 1309 ἀναστέλλοντας·
1379 1277 1429 1304 καὶ
1444 1278 1478 1304 τὰ
1493 1278 1602 1313 χρηστὰ
1616 1279 1683 1305 καὶιι
1697 1279 1833 1315 τεθηλότα

1034 1324 1088 1351 τῶν
1103 1324 1210 1359 ἀρετῶν
1233 1322 1455 1359 φυτουργοῦντας
1471 1323 1661 1360 βλαστήματα.
1679 1324 1778 1361 Τρίτον
1793 1326 1835 1353 δι-

1035 1370 1186 1402 δασκάλους
1198 1391 1206 1404 ,
1233 1370 1336 1406 ἀμφοῖν
1359 1371 1417 1397 τοῖν
1435 1370 1509 1397 δυοῖν
1524 1369 1598 1407 [c0d.
1618 1370 1638 1397 f.
1655 1370 1701 1407 86]
1714 1380 1834 1408 συνηγοο

1037 1416 1152 1453 ροῦντας
1162 1437 1169 1449 ,
1188 1417 1237 1444 καὶ
1252 1417 1287 1443 τὰ
1302 1417 1369 1452 παρ’
1385 1417 1477 1449 αὐτοῖς
1492 1416 1650 1453 πραχθέντα
1662 1417 1711 1444 καὶ
1724 1417 1836 1453 λεχθέν-

1036 1472 1070 1491 τα
1082 1485 1090 1498 ,
1109 1463 1275 1500 τελεώτερον
1293 1463 1495 1499 σαφηνίζοντας
1508 1471 1514 1478 ·
1542 1464 1647 1491 τούτων
1671 1465 1729 1496 τοῖς
1751 1464 1837 1498 θείοις

1037 1511 1155 1546 δόγμασι
1182 1512 1258 1538 πᾶσα
1282 1510 1338 1538 τῶν
1361 1510 1536 1547 Χριστιανῶν
1553 1512 1723 1547 Ἐκκλησία,
1749 1513 1837 1540 πάλαι

1039 1558 1086 1585 καὶ
1110 1557 1158 1585 νῦν
1182 1557 1365 1593 κρατύνεται,
1385 1555 1420 1594 ἦς
1437 1557 1521 1585 πύλαι
1540 1557 1605 1594 ᾅδου
1622 1559 1650 1585 αἱ
1672 1558 1839 1594 φθοροποιαὶ

1039 1604 1161 1639 αίρέοεις
1177 1603 1347 1639 κατίσχυσαν
1361 1603 1490 1631 οὐδέποτε
1504 1624 1512 1637 ,
1538 1604 1600 1631 οὐδὲ
1624 1605 1839 1640 κατισχύσουσιν

1039 1647 1069 1676 εὖ
1094 1649 1173 1685 ἴσμεν
1185 1669 1193 1681 ,
1220 1650 1291 1676 κατὰ
1308 1650 1359 1684 τὴν
1376 1649 1452 1676 θείαν
1469 1650 1606 1684 ἀπόφασιν
1617 1659 1624 1665 ·
1645 1651 1686 1682 είς
1706 1650 1796 1685 ἀφρὸν
1810 1651 1840 1677 δὲ

1040 1695 1075 1722 τὰ
1091 1696 1203 1730 κύματα
1214 1697 1265 1732 τῆς
1280 1695 1335 1723 τῶν
1351 1696 1498 1732 αἱρετικῶν
1512 1696 1705 1732 γλωσσαλγίας
1721 1698 1842 1725 πάντοτε

1040 1742 1232 1769 διαλέλυνται·
1257 1742 1330 1769 κατὰ
1355 1742 1452 1777 καιρὸν
1475 1742 1601 1775 ἑκάστοις
1618 1744 1668 1779 τῆς
1680 1743 1842 1778 ὁρθοδοξίας

1043 1789 1197 1824 προμάχοις
1208 1808 1216 1821 ,
1236 1788 1349 1816 ἕκαστοι
1367 1789 1575 1824 συμπλακέντες
1589 1790 1776 1826 αἱρεσιόιρχαι,
1792 1790 1843 1817 καὶ
1895 1786 1897 1789 ’

1042 1835 1092 1870 τῆς
1104 1834 1234 1871 ἀληθείας
1258 1834 1298 1871 τῷ
1313 1836 1384 1870 φωτὶ
1400 1835 1447 1862 τοῦ
1460 1835 1543 1870 ζόφου
1557 1836 1612 1863 τῶν
1623 1836 1759 1871 αἱρέσεων
1771 1836 1844 1863 ὑπο-

1042 1882 1235 1917 χωρήσαντος,
1253 1882 1282 1908 αἱ
1295 1881 1344 1908 τοῦ
1357 1881 1425 1909 Θεοῦ
1443 1882 1602 1919 Ἐκκλησίαι
1618 1883 1758 1918 διέμειναν
1772 1883 1845 1910 ἀσά-

1044 1927 1135 1954 λευτοι
1148 1936 1156 1943 ’
1175 1927 1237 1954 ἀλλ’
1255 1928 1280 1955 οἱ
1295 1929 1345 1964 μὲν
1358 1928 1504 1956 πανάθλιοι
1518 1930 1651 1964 αἱρετικοὶ
1669 1929 1693 1956 εἰ
1708 1930 1757 1956 καὶ
1773 1929 1847 1964 πρὶς

1044 1973 1135 2008 ὀλίγον
1161 1973 1216 2000 τῶν
1242 1974 1372 2010 μυσαρῶν
1396 1974 1486 2001 αὐτῶν
1509 1974 1634 2002 διανοιῶν
1666 1975 1717 2006 τὰς
1740 1975 1848 2007 κακίας

1044 2019 1139 2047 ῶδινον
1150 2041 1157 2053 ,
1188 2020 1262 2056 ὅμως
1285 2021 1345 2055 μετ’
1362 2021 1392 2048 οὐ
1411 2020 1479 2048 πολὺ
1499 2021 1549 2056 τῆς
1564 2020 1654 2047 αὐτῶν
1671 2025 1849 2056 κακουργίας

1045 2066 1075 2093 τὺ
1098 2066 1197 2101 ψεῦδος
1222 2067 1408 2102 διερῤήσσετο.
1423 2067 1480 2094 Καὶ
1499 2066 1595 2094 τούτου
1618 2068 1676 2098 τοῖς
1698 2068 1768 2094 πᾶσι
1786 2067 1850 2094 δια-

1045 2112 1215 2147 γνωσθέντος
1227 2113 1276 2140 κα)⁵
1288 2113 1320 2140 ὲκ
1334 2113 1423 2140 ποδῶν
1436 2113 1593 2149 γινομένου,
1607 2114 1634 2139 αἰ
1646 2113 1693 2140 τοῦ
1706 2113 1775 2140 Θεοῦ
1785 2113 1851 2140 Ἐκ-

1047 2157 1158 2194 κλησίαι
1171 2157 1386 2194 κατηυγάζοντο·
1403 2157 1472 2185 ἀλλά
1486 2158 1535 2185 καὶ
1546 2158 1593 2185 νῦν
1607 2158 1655 2185 καὶ
1668 2158 1709 2191 είς
1720 2158 1768 2185 τὸν
1778 2158 1851 2185 αἰῶ-

1047 2213 1090 2236 να,
1110 2204 1396 2240 καταυγασθήσονται.

1047 2262 1061 2283 ι,
1084 2249 1122 2277 Θ¹.
1149 2250 1181 2277 Ἦ
1205 2251 1233 2277 δὲ
1256 2250 1439 2286 ἐσκοτισμένη
1463 2250 1512 2278 καὶ
1529 2250 1702 2287 βορϐορώδης
1717 2252 1768 2278 καὶ¹
1781 2259 1854 2278 στα-

1017 2301 1037 2328 D
1051 2296 1152 2332 σιώδης
1177 2297 1226 2323 καὶ
1251 2297 1413 2332 παμμίαρος
1436 2297 1484 2324 καὶ
1505 2293 1688 2334 αἱσχρηυργὺς
1711 2297 1768 2324 τῶν
1787 2297 1855 2324 Μα-

1051 2342 1163 2378 νιχαίων
1179 2342 1285 2379 αἵρεσις
1301 2342 1354 2369 ὑπὸ
1370 2343 1478 2370 πάντων
1491 2343 1577 2370 ἐθνῶν
1590 2343 1744 2379 διωκομένη
1760 2343 1809 2370 διὰ
1822 2344 1856 2370 τὺ

1048 2389 1160 2416 ἀνίατον
1185 2389 1270 2425 αὐτὴν
1291 2389 1427 2425 ὑπάρχειν
1447 2391 1496 2417 καὶ
1516 2390 1606 2425 πάσης
1621 2389 1766 2425 βδελυρίας
1783 2391 1855 2417 ἀνάο

1050 2445 1149 2472 μεστον
1175 2436 1223 2463 καὶ
1247 2438 1310 2471 σιγῇ
1329 2436 1425 2473 βαθείᾳ
1449 2437 1514 2473 παρ’
1531 2437 1622 2464 αὐτῶν
1638 2437 1786 2473 τιμωμένη
1805 2437 1859 2464 καὶ

1051 2481 1196 2518 σεϐομένη.
1235 2481 1321 2509 Τοῦτο
1344 2482 1399 2519 γάρ
1424 2483 1499 2510 ἐστιν
1522 2483 1614 2515 αὐτοῖς
1641 2482 1671 2510 τὸ
1694 2483 1860 2518 περισπού-

1050 2528 1148 2554 δαστον
1161 2547 1169 2561 ,
1196 2527 1227 2555 τὸ
1251 2527 1289 2564 μὴ
1305 2527 1355 2560 τὰς
1370 2528 1480 2560 τελετὰς
1495 2528 1586 2555 αὐτῶν
1602 2529 1650 2555 καὶ
1664 2529 1714 2561 τὰς
1729 2529 1861 2565 αἱρέσεις

1054 2573 1094 2606 είς
1109 2574 1213 2606 πάντας
1227 2574 1275 2601 καὶ
1290 2575 1354 2606 τοὺς
1366 2575 1432 2610 παρ’
1444 2575 1536 2606 αὐτοῖς
1548 2575 1676 2607 οἰκείους,
1688 2574 1767 2602 οὔπω
1776 2575 1860 2612 [rm].

1054 2619 1075 2647 Ι.
1090 2620 1126 2647 86
1149 2619 1182 2655 b]
1209 2620 1281 2654 λέγω
1305 2621 1369 2652 τοὺς
1393 2620 1492 2652 ξένους,
1513 2621 1604 2647 αὐτῶν
1619 2622 1862 2656 δημοσιεύεσθαι·

1055 2665 1114 2693 ἀλλ’
1131 2666 1172 2697 είς
1194 2665 1300 2700 ὀλίγους
1323 2665 1371 2699 οὓς
1392 2666 1425 2694 ἂν
1443 2667 1522 2694 ῐδοιεν
1537 2667 1603 2704 παρ’
1617 2668 1711 2700 αὐτοῖς
1722 2667 1865 2694 τελεωτέ-

1058 2719 1121 2747 pou;
1137 2711 1187 2747 τὴν
1202 2711 1350 2739 ἀσέϐειαν
1377 2713 1484 2748 καιροῖς
1505 2712 1532 2739 δέ
1551 2721 1607 2739 τισι
1632 2713 1686 2747 πρὸ
1699 2713 1812 2748 χρό·.ων
1831 2713 1865 2740 οὗ

855 2855 972 2883 ΥΜΠΛἙ
995 2854 1198 2883 LECTIONES.

248 2928 260 2944 α
279 2925 309 2952 lt.
327 2927 474 2962 ἡπάτησιν.
502 2933 513 2947 ο
528 2927 560 2956 R.
577 2927 849 2964 κεκατηριαςμένων.
874 2927 884 2946 ί
898 2926 930 2954 R.
945 2926 1035 2955 αὐτόν.

1077 2927 1089 2946 ε
1106 2925 1185 2953 Dcc3t
1201 2924 1260 2960 θείᾳ
1279 2924 1348 2960 apud
1364 2923 1415 2962 Β.⁵
1426 2923 1447 2962 ,ιι
1463 2924 1496 2952 Β.
1510 2925 1556 2952 καὶ
1573 2925 1618 2952 τά.
