1948 3070
135 159 205 206 125's

133 277 248 312 γηθεῖσα
263 277 270 298 ἱ
290 277 337 304 καὶ
353 276 554 312 μαθητευθεῖσα
578 278 626 304 καὶ
642 277 690 304 τοῦ
707 277 862 313 άρχεκάκου
878 278 930 305 Σα-

134 324 204 351 τανᾶ
227 325 260 359 τῇ
285 324 482 360 πεπλανημένη
505 324 602 360 όδηγίᾳ
625 323 861 359 προϐιϐασθεῖσα,
879 324 930 360 τὴν

133 369 218 396 αὑτοῦ
234 370 389 405 πρόδρομον
404 370 573 396 ἀποστασίαν
588 370 709 396 ὼδίνασα
725 369 854 406 ἐκύησεν,
872 370 932 396 ἐτέ-

135 425 199 452 ρους
220 416 351 451 δαίμονας
370 416 517 452 σαρκίνους
542 417 591 443 σὺν
606 415 645 451 τῷ
659 416 829 452 καθηγεμόνι
840 416 930 444 αὐτῶν

133 462 249 498 διασόὶῳ
266 462 441 495 ἀναδείξασα·
460 462 507 494 οὓς
524 463 618 497 μηδεὶς
635 463 782 497 ἁπιστήσοι
799 463 931 498 δαίμονας

135 508 278 544 ὑπάρχειν.
295 508 335 534 Τὰ
347 508 401 543 γὰρ
416 508 452 543 μὴ
465 508 628 543 τολμώμενα
643 508 719 544 παρὰ
731 508 784 535 τῶν
795 509 931 542 δαιμόνων

133 554 261 589 λέγεσθαι
284 554 302 589 ἢ
326 554 510 590 πράττεσθαι,
537 555 615 581 αὐτοὶ
630 554 746 586 ἀναιδῶς
761 555 809 581 καὶ
822 555 931 590 ἀπηρυ-

134 600 309 640 θριασμὲνως
331 600 405 627 κειτά
426 609 456 626 τε
480 599 528 626 τοῦ
549 600 616 626 Θεοῦ
639 599 687 626 τοῦ
711 600 931 635 παντοκράτορος

135 646 182 672 καὶ
205 646 315 672 πάντων
335 645 488 682 ἀνθρώπων
508 645 661 681 πράττουσί
675 654 705 672 τε
725 646 772 672 καὶ
786 646 912 680 λέγουσιν
924 654 931 661 ·

135 691 173 723 ὠς
196 691 270 718 ἔστιν
289 691 409 726 ἀθρῆσαι
431 692 530 723 αὐτοὺς
547 692 745 726 ἀνεπιμίκτους
759 693 816 723 τοῖς
828 691 933 728 ἀνθρώ-

136 745 198 769 ποις
225 737 397 773 ὑπάρχοντας
423 738 457 764 δι’
474 738 563 773 ἄκραν
585 738 797 774 αἰσχρουργίαν,
819 739 867 765 καὶ
884 737 933 774 τὴν

136 784 239 819 ἔρημον
263 783 406 815 οἰκοῦντας
433 783 528 817 ὥσπερ
551 785 613 816 τοὺς
635 784 779 820 δαίμονας·
802 784 850 811 καὶ
871 783 934 816 ξένα

135 830 196 856 τινὰ
222 830 270 856 καὶ
289 829 424 857 ἀλλόκοτα
443 830 662 866 ἐπιφημίζοντας
681 830 875 866 προϐλήματα,
896 831 935 863 ὼς

135 877 216 911 δῆθεν
231 876 286 908 τοῖς
301 875 348 903 τοῦ
364 876 438 912 ἱεροῦ
453 876 621 911 Εὑαγγελίου
640 877 688 904 καὶ
702 877 749 903 τοῦ
770 876 934 904 Ἀποστόλου

427 203 445 207 -
699 173 884 205 HISTORIA
905 173 1215 207 MANICI'I/EORUM.

133 230 240 258 πολλῶν
261 230 322 262 ταῖς
344 229 542 262 ἀποστατικαϊς
565 229 696 265 δυνάμεσι
718 230 830 263 τελείως
845 231 928 267 ’ὲνερ-
942 250 948 262 λ

994 232 1116 259 nalorum
1146 231 1279 267 principis
1305 231 1416 260 Satanae
1444 240 1562 263 erroneo
1591 232 1692 263 ducatu
1711 243 1779 272 pro-

1712 177 1781 212 1254

983 281 1071 309 vecta,
1083 275 1199 311 primam
1215 284 1293 304 suam
1313 277 1480 312 apostasiam
1501 278 1617 314 peperit,
1636 279 1703 307 alios
1718 288 1780 308 car-

982 322 1058 350 nales
1071 323 1212 350 daemones
1225 331 1287 350 eum
1303 323 1373 351 duce
1389 324 1509 360 ipsorum
1524 325 1633 352 diabolo
1649 325 1777 359 eti'erens,

982 376 1052 404 quos
1066 373 1141 396 certe
1153 376 1234 397 nemo
1246 377 1307 398 esse
1324 370 1463 398 daemones
1478 370 1623 399 dubitabit.
1639 371 1707 399 Nam
1719 380 1779 408 quae

982 423 1017 442 nc
1032 415 1171 443 dtcmones
1185 416 1296 451 quidem
1317 416 1411 445 dicere
1432 417 1476 444 vel
1499 425 1580 453 agere
1603 419 1706 451 ausint,
1727 419 1779 455 ipsi

983 460 1157 496 impudenter
1182 462 1242 489 sine
1260 462 1317 490 ullo
1336 463 1445 496 rubore,
1467 467 1524 490 tum
1547 463 1679 492 adversus
1694 464 1780 493 Deum

984 507 1210 542 omnipotentem,
1228 512 1287 536 tum
1314 513 1410 536 contra
1439 510 1566 538 homines
1586 515 1670 546 agunt
1692 515 1720 538 et
1738 511 1780 539 di-

985 558 1061 585 cunt,
1082 553 1122 581 uti
1139 561 1235 589 reapse
1248 555 1340 582 videre
1365 560 1408 582 est
1423 556 1473 583 hos
1489 556 1631 583 hominum
1649 557 1781 585 societate

985 605 1119 634 extorres,
1140 605 1252 636 propter
1273 609 1409 629 summam
1432 610 1540 629 morum
1564 603 1716 631 fmditatem
1734 603 1782 631 de-

985 651 1058 675 serta
1084 647 1144 675 loca
1171 648 1302 680 incolere,
1319 652 1349 675 ut
1366 648 1506 676 daemones
1530 648 1644 682 faciunt,
1659 653 1687 677 et
1700 656 1782 685 pere-

985 693 1062 729 grina
1078 693 1202 728 qua-dam
1226 699 1309 729 atquc
1332 695 1451 722 absurda
1474 695 1654 730 pronuntiare
1670 695 1782 730 proble-

985 743 1069 772 mata,
1092 740 1170 774 quasi
1196 748 1227 767 ea
1254 741 1324 768 sacri
1346 741 1486 777 Evangelii
1512 741 1684 777 apostolique
1703 741 1784 770 dictis

985 785 1150 814 conﬁrmare
1175 792 1278 822 queant
1300 787 1328 814 hi
1350 788 1527 824 sycophantae
1544 796 1576 816 ac
1593 788 1783 816 detestabiles.

985 831 1046 860 Jam
1060 840 1126 860 vero
1139 841 1200 868 quin
1217 833 1272 861 sint
1284 833 1353 867 haec,
1368 838 1395 861 ct
1418 834 1492 861 unde
1507 838 1534 861 et
1547 834 1656 869 quando
1671 835 1785 863 exstite-

987 879 1053 913 rint,
1071 879 1124 906 hoc
1147 879 1284 906 sermonis
1309 880 1397 907 nostri
1417 880 1479 908 loco
1500 888 1679 916 exponemus,
1697 888 1785 916 pauca

136 922 226 956 λόγοις
242 922 448 957 ἐπερειδόμενον.
462 921 502 949 oti
520 922 689 957 συκοφάνται
705 923 752 949 καὶ
764 923 933 959 παμμίαροι⁸

994 925 1111 961 ιυαξάιιιιι
1132 925 1328 961 compendiose
1348 927 1563 961 complectentes
1583 927 1709 956 distincta
1731 935 1785 954 nu-

137 969 206 996 ἀλλὰ
218 969 279 995 τίνα
291 968 378 996 ταῦτα
391 969 437 995 καὶ
450 968 533 996 πόθεν
547 970 595 996 καὶ
609 969 685 1002 πότε,
700 969 819 997 ἐνταῦθα
831 969 878 997 τοῦ
896 969 935 997 λό-

137 1023 187 1049 γου
202 1015 348 1050 γενόμενος
364 1015 547 1050 διηγήσομαι,
571 1015 767 1050 κεφαλαιώσας
782 1016 862 1051 ὀλίγα
875 1015 937 1043 τινὰ

138 1062 179 1093 εἰς
194 1061 329 1096 ἀριθμοὺς
346 1061 374 1088 ὲν
386 1060 452 1097 ψιλῇ
467 1061 537 1093 τέως
550 1061 741 1098 ἀπαριθμήσει
754 1082 761 1094 ,
787 1062 832 1088 διὰ
848 1062 878 1088 τὸ
891 1062 937 1089 εὑ-

139 1107 336 1143 μνημόνευτον.
365 1105 421 1135 Εἴθ’
448 1107 563 1143 ὕστερον
589 1107 659 1144 μετὰ
681 1108 730 1143 τὴν
759 1108 824 1144 περὶ
847 1108 937 1137 αὐτῶν

140 1154 280 1190 ῑστορίαν,
310 1154 431 1189 καὶτῆς
465 1155 535 1191 πρὸς
563 1155 662 1187 αὐτοὺς
691 1155 851 1191 συμπλοκῆς
882 1156 937 1182 ἀπ-

139 1199 297 1236 αρξόμεθα,
314 1201 347 1236 τῇ
371 1200 418 1227 τοῦ
439 1200 507 1227 Θεοῦ
532 1200 644 1236 βοηθείᾳ
670 1201 738 1237 πρὸς
749 1201 848 1233 αὐτοὺς
862 1201 939 1229 ἀντι-

142 1247 342 1282 μαχησάμενοι,
357 1248 406 1283 ὅση
433 1247 560 1283 δύναμις,
582 1247 663 1280 εὐθύς
680 1256 710 1274 τε
725 1247 775 1279 τὰς
800 1248 941 1283 Γραφικὰς

985 972 1080 1004 meris,
1099 972 1175 1000 brevi
1199 973 1310 1000 interim
1328 973 1527 1010 descriptione,
1543 977 1574 1001 ut
1599 973 1707 1001 facilius
1727 980 1788 1001 me-

986 1019 1080 1046 moria:
1098 1018 1275 1046 mandentur.
1292 1019 1397 1047 Deinde
1411 1024 1473 1055 post
1487 1019 1671 1054 conscriptam
1692 1019 1727 1046 de
1744 1018 1787 1046 his

987 1065 1126 1093 haereticis
1148 1065 1305 1098 historiam,
1327 1066 1488 1094 eorumdem
1511 1073 1621 1101 quoque
1644 1063 1787 1092 refutatio-

987 1119 1050 1139 nem
1078 1111 1295 1146 auspicabimur,
1319 1112 1376 1140 Deo
1403 1111 1552 1140 auxiliante
1575 1111 1702 1147 prtelium
1724 1118 1787 1138 cum

991 1157 1058 1193 ipsis
1082 1157 1199 1185 viriliter
1222 1163 1414 1192 conserentes;
1439 1158 1627 1193 continuoque
1650 1164 1685 1184 ex
1710 1163 1789 1184 sacra

994 1203 1137 1239 Scriptura
1149 1204 1398 1232 demonstrationes
1415 1212 1447 1232 ac
1461 1204 1618 1232 testimonia
1632 1202 1666 1231 ad
1682 1202 1789 1238 singula

994 1249 1084 1284 capita
1099 1250 1248 1277 ordinatim
1263 1250 1388 1285 opposita
1404 1250 1613 1285 subjungemus.

140 1294 294 1328 ἀποδείξεις
323 1303 352 1321 τε
385 1294 456 1322 καὶ1⁸
493 1295 577 1332 [cod.
606 1294 626 1322 ί.
655 1295 716 1332 87]
747 1297 899 1332 μαρτυρὶας
932 1297 990 1329 ἑνὸς
1018 1297 1135 1325 ἑκάστου
1164 1297 1313 1333 κεφαλαίου
1342 1299 1370 1326 ὲν
1397 1298 1578 1334 παραλλήλων
1613 1298 1691 1332 τάξει
1722 1298 1791 1325 ὑπο-

142 1334 274 1376 θήσομεν.

179 1385 208 1414 ι’.
227 1387 337 1422 Πρῶτον
349 1387 399 1424 μὲν
412 1387 468 1423 γάρ
483 1389 539 1415 ἐστι
553 1389 584 1416 τδ
596 1390 656 1417 κατ’
669 1390 768 1423 αὐτοὺς
782 1390 939 1426 γνώρισμα,

143 1433 175 1460 τὸ
195 1432 241 1460 δύο
257 1434 345 1469 ἀρχὰς
359 1434 501 1470 ὁμολογεῖν
515 1455 523 1467 ,
540 1435 659 1471 πονηρὸν
674 1435 741 1462 Θεὸν
756 1437 804 1463 καὶ
817 1436 920 1471 ἀγαθόν
933 1445 940 1452 ·

144 1480 193 1507 καὶ
218 1480 297 1508 ἄλλον
318 1479 389 1509 εἴναι
412 1481 491 1509 τοῦδε
512 1482 559 1510 τοῦ
582 1482 688 1518 κόσμου
714 1484 832 1519 ποιητήν
846 1492 876 1510 τε
896 1483 943 1510 καὶ

1025 1388 1062 1416 Χ.
1086 1389 1137 1424 13
1153 1388 1275 1416 Primum
1290 1393 1332 1416 est
1353 1389 1425 1424 apud
1448 1389 1509 1417 illos
1530 1389 1638 1417 axioma
1653 1389 1792 1426 principia

991 1434 1046 1463 duo
1062 1434 1199 1467 conﬁteri,
1215 1433 1318 1461 malum
1346 1434 1451 1462 scilicet
1466 1434 1553 1462 Deum
1575 1439 1603 1462 et
1628 1434 1748 1469 bonum;
1764 1440 1793 1464 et

991 1481 1108 1508 alterum
1123 1480 1233 1515 quidem
1249 1487 1311 1508 esse
1326 1481 1420 1508 mundi
1443 1481 1526 1516 hujus
1546 1480 1677 1508 factorem
1692 1489 1725 1509 ac
1740 1481 1794 1510 Do-

145 1525 333 1563 ὲξουσιαστὴν,
345 1528 440 1564 ἕτερον
450 1529 479 1555 δὲ
492 1529 541 1556 τοῦ
555 1529 707 1564 μέλλοντος.
718 1530 773 1557 Καὶ
781 1529 861 1557 τοῦτό
868 1531 942 1557 ἐστιν

996 1527 1111 1560 minum,
1129 1527 1244 1555 alterum
1262 1526 1356 1554 futuri.
1378 1527 1467 1561 Atque
1481 1526 1533 1555 hoc
1552 1535 1625 1562 saepe
1641 1527 1713 1563 apud
1730 1527 1793 1557 illos

145 1574 186 1605 είς
205 1574 305 1606 αὐτοὺς
330 1575 461 1607 πολλάκις
480 1575 741 1612 ὲπισημειὼσασθαι
768 1576 944 1612 ἀστειότητος

145 1620 238 1656 χάριν,
256 1619 305 1647 ὲνι
322 1621 465 1658 ἐλευθερίᾳ
486 1621 571 1650 ὄντων
594 1623 686 1650 αὐτῶν
708 1623 855 1658 λεγόμενον
875 1624 945 1659 πρός

146 1675 208 1693 τινα
218 1686 226 1699 ,
247 1666 339 1699 ὁποῖός
349 1668 424 1694 ὲστιν
439 1668 454 1694 ὁ
467 1668 749 1704 προσδιαλεγόμενος*
771 1668 868 1696 Είπέω
887 1678 943 1706 μοι,

148 1713 249 1747 φησὶν,
276 1713 303 1740 τί
325 1714 384 1740 ἐστι
398 1714 431 1741 τὸ
444 1715 562 1751 χωρίζον
576 1716 651 1751 ἡμᾶς
667 1716 699 1742 ἐκ
713 1715 766 1742 τῶν
780 1715 926 1751 Ῥωμαίων
938 1723 946 1749 ;

147 1757 264 1790 ἑαυτοὺς
281 1759 306 1786 οἱ
328 1759 457 1787 ἄσπονδοι
472 1762 519 1788 καὶ
533 1761 666 1797 ἄχρηστοι
682 1762 729 1789 καὶ
745 1761 879 1789 άπισιιςοιι³
896 1762 945 1789 καὶ

148 1803 295 1840 ἀχάριστοι
312 1805 360 1833 καὶ
374 1806 540 1842 ἀφιλάγαθοι
553 1828 561 1841 ,
577 1808 761 1844 Χριστιανοὺς
775 1808 947 1837 ἀποκαλῶν-

149 1859 210 1882 es"
240 1851 314 1887 ἡμᾶς
333 1852 362 1879 δὲ
385 1853 449 1885 τοὺς
464 1853 573 1888 άληθῶς
587 1855 749 1891 ἐπωνύμους
763 1856 884 1892 Χριστοῦ
899 1855 947 1883 τοῦ

152 1897 282 1933 ἀληθινοῦ
305 1898 375 1926 Θεοῦ
396 1899 496 1935 ἡμῶν,
526 1899 680 1936 Ῥωμαίους
701 1901 891 1938 ὀνομάζοντες,
909 1903 949 1938 τῷ

150 1942 251 1978 ὲθνικῷ
281 1943 395 1979 ὀνόματι
423 1945 458 1978 ,τὸ
483 1944 579 1981 κύριον
608 1946 724 1982 ἀμεῖψαι
765 1947 947 1984 πειρώμενοι·

150 1985 227 2024 ᾧτινι
237 1990 337 2026 μᾶλλον
346 1991 426 2026 ἡμεῖς
433 1991 592 2027 οίξάψευδεϊς
602 1996 615 2010 °
637 1994 797 2030 Χριστιανοὶ
818 1995 950 2030 σεμνυνό-

154 2034 243 2071 μεθα,
270 2035 287 2070 ἢ
312 2035 439 2071 χιλιάδων
463 2038 511 2064 καὶ
532 2038 692 2073 μυριάδωνι)
706 2039 819 2075 χρυσίου
836 2039 884 2065 καὶ
898 2039 950 2074 ἀρ-

154 2081 251 2117 γυρίου
275 2082 323 2109 καὶ
339 2081 423 2110 λίθων
438 2083 537 2118 τιμίων
552 2083 607 2111 τῶν
621 2086 651 2111 ἐν
666 2085 720 2120 ὅλῳ
736 2085 774 2121 τῷ
787 2085 883 2121 κόσμῳ
899 2085 950 2112 ὑπ-

153 2128 295 2164 αρχόντων
322 2130 347 2156 ει
369 2128 403 2166 ἦν
425 2130 541 2163 ἕκαστος
563 2132 642 2167 ἡμῶν
665 2132 770 2168 κύριος.
787 2132 905 2167 Λέγουσι
922 2132 951 2159 δὲ

153 2175 233 2203 τοῦτο
248 2174 319 2204 εἴναι
334 2177 365 2205 τὸ
380 2179 497 2214 χωρίζον
511 2179 623 2211 αὐτοὺς,
640 2180 682 2206 ὅτι
697 2180 797 2206 ἐκεῖνοι
811 2179 859 2215 μὲν
871 2179 950 2206 ἄλλον

995 1574 1143 1602 observare
1166 1573 1242 1606 hcet,
1265 1581 1329 1601 cum
1357 1573 1437 1601 liberi
1465 1578 1540 1606 sunt,
1561 1578 1588 1601 ct
1611 1581 1674 1601 cum
1701 1573 1794 1610 aliquo

996 1620 1119 1656 quolibet
1146 1620 1350 1654 colloquuntur,
1367 1619 1458 1655 lepide
1479 1619 1572 1647 dicere
1599 1620 1697 1647 solitos
1717 1630 1723 1648 :
1746 1620 1795 1648 Dic

996 1666 1076 1699 mihi,
1089 1667 1212 1701 inquam,
1230 1666 1296 1701 quid
1322 1673 1373 1693 nos
1396 1673 1411 1693 a
1437 1665 1568 1694 Romanis
1590 1666 1740 1694 discernit?
1758 1666 1795 1695 Se

997 1713 1073 1748 ipsos
1090 1712 1164 1740 enim
1187 1713 1216 1740 hi
1242 1712 1389 1749 foedifragi,
1415 1712 1502 1748 pravi,
1520 1712 1666 1745 increduli,
1684 1713 1794 1749 ingrati,

997 1759 1109 1787 virtutis
1125 1766 1231 1791 osores,
1252 1758 1391 1794 appellant
1413 1758 1602 1792 Christianos;
1627 1766 1680 1786 nos
1703 1763 1796 1787 autem

998 1806 1046 1842 qui
1059 1813 1125 1834 vere
1143 1813 1239 1834 sumus
1252 1805 1351 1833 Christi
1367 1805 1426 1833 veri
1441 1805 1489 1833 Dei
1504 1805 1591 1833 nostri
1607 1805 1796 1841 cognomines,

999 1852 1140 1880 Romanos
1168 1857 1350 1887 nuncupant;
1392 1851 1487 1887 gentili
1515 1851 1626 1878 nomine
1656 1851 1798 1887 proprium

999 1903 1125 1926 nostrum
1141 1901 1310 1926 commutare
1326 1902 1459 1926 conantes
1473 1906 1480 1925 ε
1497 1905 1553 1933 quo
1569 1902 1660 1925 tamen
1675 1905 1736 1930 nos,
1752 1897 1800 1933 qui

1000 1945 1058 1972 veri
1085 1944 1235 1972 Christiani
1256 1952 1363 1976 sumus,
1384 1944 1471 1979 magis
1492 1944 1651 1979 gloriamur,
1673 1952 1756 1979 quam
1777 1943 1802 1972 si

1001 1989 1085 2017 millia
1102 1995 1151 2017 aut
1168 1990 1252 2017 etiam
1267 1989 1404 2026 myriadas
1420 1988 1480 2016 auri
1496 1989 1639 2023 argentive
1661 1995 1710 2016 aut
1730 1988 1801 2024 lapi-

1002 2037 1066 2064 dum
1087 2036 1282 2072 pretiosorum,
1301 2040 1436 2071 quotquot
1455 2036 1483 2063 in
1499 2036 1568 2063 urbe
1584 2040 1659 2066 sunt,
1675 2036 1801 2070 posside-

1002 2090 1107 2110 remus.
1127 2082 1226 2110 Dicunt
1249 2088 1341 2110 autem
1369 2082 1395 2110 id
1420 2089 1471 2109 nos
1494 2082 1528 2109 ab
1548 2082 1615 2117 ipsis
1633 2082 1801 2114 discernere,

1002 2129 1066 2165 quia
1082 2129 1134 2164 ipsi
1151 2129 1235 2156 alium
1251 2128 1387 2156 afﬁrmant
1410 2135 1471 2156 esse
1487 2128 1573 2156 Deum
1591 2128 1686 2156 mundi
1702 2127 1805 2155 Condi-

1008 2181 1106 2208 torem,
1123 2175 1206 2203 alium
1230 2183 1296 2203 vero
1315 2182 1397 2210 quem
1425 2175 1564 2203 caelestem
1587 2178 1687 2203 vocant
1705 2174 1802 2205 Deum.

155 2221 223 2248 Θεὸν
249 2222 375 2256 λέγουσιν
398 2223 468 2252 εἷναι
494 2226 541 2252 τὸν
565 2225 613 2252 τοῦ
632 2226 736 2260 κόσμου
753 2226 887 2262 ποιητήν·
906 2226 948 2252 καὶ

1007 2223 1053 2259 qui
1066 2222 1169 2250 nullam
1186 2222 1269 2258 hujus
1285 2222 1390 2255 mundi,
1415 2222 1463 2249 sed
1478 2221 1571 2250 sreculi
1595 2225 1701 2248 tantum
1719 2220 1805 2248 futuri

155 2267 250 2303 ἓτερον
263 2267 341 2302 Θεὸν,
360 2269 390 2296 ὃν
407 2271 453 2297 καὶ
469 2271 579 2307 Πατέρα
596 2271 758 2307 ἐπουράνιον
771 2271 895 2306 λέγουσι,
917 2271 955 2307 μὴ

156 2313 254 2349 ἔχοντα
262 2314 290 2341 δὲ
302 2315 427 2347 ἐξουσίαν
438 2318 466 2343 ἐν
475 2317 543 2352 τῷδε
559 2317 598 2353 τῷ
613 2317 784 2353 κόσμῳ.ἁλλ⁷
798 2318 827 2344 ὲν
840 2318 879 2353 τῷ
893 2317 957 2353 μὲλ-

156 2360 230 2387 λοντι
243 2360 333 2389 αἰῶνι.
343 2361 438 2397 Ἡμεῖς
447 2362 476 2389 δὲ
487 2363 532 2390 τὸν
541 2364 622 2390 αὑτὸν
635 2364 683 2391 ἕνα
690 2364 756 2390 Θεὸν
767 2362 956 2399 ὁμολογοῦμεν

158 2406 207 2433 καὶ
224 2407 394 2443 παντουργὸν
411 2409 459 2435 καὶ
473 2409 649 2444 παμϐασιλέα.
666 2410 713 2437 καὶ
726 2410 936 2445 παντοκράτορα
948 2417 956 2425 ·

159 2452 208 2478 καὶ
222 2451 331 2486 λέγουσι
347 2454 416 2489 πρὸς
429 2455 519 2490 ἡμᾶς,
536 2457 577 2483 ὅτι
595 2456 701 2492 Ὑμεῖς,
718 2457 795 2492 φησι,
813 2456 956 2483 πιστεύετε

160 2499 201 2529 εἰς
222 2497 268 2526 τὸν
290 2501 494 2537 κοσμοποιητὴν
505 2522 513 2535 ,
540 2501 620 2538 [cm].
633 2502 654 2530 ι’.
679 2502 713 2530 87
725 2502 758 2539 b]
775 2503 856 2539 ἡμεῖς
870 2502 899 2529 δὲ
916 2503 956 2535 εἰς

160 2543 265 2571 ἐκεῖνον
283 2545 348 2580 περὶ
361 2543 392 2572 οὗ
410 2546 439 2572 ὲν
455 2547 635 2581 Εὑαγγελίοις
649 2549 663 2575 ό
678 2548 781 2584 Κύριος
795 2548 870 2583 λέγει
883 2567 890 2580 ,
915 2548 957 2575 ὅτι

163 2589 239 2617 οὔτε
263 2591 369 2627 φωνὴτ
390 2593 484 2620 αὐτοῦ
507 2594 668 2627 ἀκηκόατε,
685 2594 755 2621 οὔτε
768 2592 849 2627 εἷδος
864 2594 958 2622 αὐτοῦ

1005 2275 1169 2305 potestatem
1198 2269 1308 2297 habet:
1336 2277 1388 2296 ﬂOS
1414 2277 1481 2296 \‘PJ'O
1506 2276 1592 2295 unum
1623 2266 1807 2301 cumdemque

1007 2316 1093 2343 Deum
1120 2315 1295 2348 confitemur,
1319 2322 1411 2342 rerum
1436 2314 1559 2343 omnium
1584 2313 1728 2346 factorem,
1744 2311 1807 2339 uni-

1007 2362 1142 2389 versalem
1158 2369 1250 2397 regem
1263 2365 1291 2388 et
1303 2361 1533 2395 omnipotentem.
1549 2359 1688 2394 Aiuntque
1703 2358 1784 2386 nobis
1798 2367 1805 2385 :

1009 2407 1064 2435 Vos
1094 2408 1121 2435 in
1141 2407 1236 2435 mundi
1261 2407 1440 2435 Conditorem
1466 2406 1588 2439 creditis,
1607 2412 1659 2433 nos
1681 2411 1749 2433 vero
1776 2403 1806 2431 in

1010 2455 1085 2482 illum
1112 2454 1146 2482 de
1169 2461 1225 2489 quo
1244 2453 1272 2481 in
1300 2453 1457 2489 Evangeliis
1484 2453 1616 2480 Dominus
1635 2451 1714 2484 dicit,
1733 2450 1808 2486 quod

1012 2498 1105 2535 Neque
1124 2507 1210 2526 vocem
1224 2499 1281 2534 ejus
1296 2499 1420 2532 audistis,
1432 2507 1515 2534 neque
1531 2499 1642 2534 speciem
1661 2497 1764 2525 vidistis
1775 2495 1808 2525 “.

1011 2546 1071 2580 Qua
1097 2546 1126 2574 in
1153 2554 1183 2574 re
1208 2545 1291 2574 stulte
1312 2545 1464 2581 stolideque
1489 2545 1635 2578 blaterant,
1658 2547 1690 2571 ut
1713 2546 1809 2579 postea

1012 2593 1257 2620 demonstrabitur.

161 2636 328 2672 ἑωράκατε·
358 2640 481 2674 ματαίως
497 2640 544 2667 καὶ
556 2641 698 2676 ἀνοήτωςιι
712 2640 955 2677 κενοφωνούμενοι,
968 2639 1061 2671 καθὼς
1077 2638 1192 2674 ὕστερον
1207 2638 1406 2675 δηλωθήσεται.

202 2709 225 2727 ¹⁸
237 2709 316 2738 Joau.
333 2718 359 2742 ν,
375 2710 420 2737 57,

834 2767 952 2796 νΑιιιιιΕ
976 2766 1181 2795 LECTIONES.

206 2841 338 2881 {Abhinc
350 2841 448 2868 desunt
464 2841 535 2881 apud
552 2840 584 2868 Β.
599 2840 733 2881 vocabula
748 2840 856 2881 det-cut,
883 2839 1019 2881 usquenad
1039 2839 1089 2881 τὴν
1105 2839 1200 2881 αὐτος»ἶ

946 2874 962 2911 ιγ
971 2874 1052 2903 Deest
1066 2874 1095 2902 ἐν
1107 2878 1178 2911 apud
1197 2875 1230 2903 Β.

656 2917 670 2936 P
686 2911 718 2938 Ιὶ.
742 2911 890 2947 κυριάδων.
927 2916 941 2936 ιι
956 2910 990 2939 R.
1008 2912 1121 2947 νοήτως.

168 2876 199 2912 Β.
218 2876 347 2912 inseritur
362 2876 549 2912 προφητειῶν,
562 2876 634 2909 quod
650 2876 729 2912 deest
748 2876 774 2902 in
788 2875 891 2912 codice.

167 2911 200 2939 li.
240 2916 252 2930 °
269 2911 301 2938 li.
319 2913 392 2948 ἡμᾶς
407 2913 453 2939 καὶ
469 2911 606 2946 ἀψευδεῖς.

1245 2839 1252 2865 i
1274 2839 1307 2866 Β.
1324 2835 1585 2872 ἐπορειδόμενοιοῦ.

1640 2833 1654 2854 ι
1674 2833 1724 2861 Hic
1737 2833 1809 2869 apud

1281 2881 1300 2895 ω
1314 2874 1347 2901 Ii.
1362 2874 1438 2901 ἐλπέ.

1490 2878 1502 2891 η
1516 2872 1596 2900 Deest
1612 2869 1723 2898 ἄπιστοι
1736 2869 1810 2905 apud
