1948 3070
167 177 239 212 1255

849 174 966 206 PETRI
986 174 1115 206 SICULI
1433 194 1447 200 -

1745 174 1818 209 1256

204 234 364 264 Secundum
388 238 442 268 est,
460 233 534 270 quod
551 232 796 263 celebratissimam
818 237 844 260 et
869 240 966 268 perpe-

1055 232 1188 269 Δεύτερον
1201 253 1209 267 ,
1236 233 1268 261 τδ
1292 233 1342 269 τὴν
1365 232 1544 270 πανῦμνητον
1567 232 1615 261 καὶ
1636 233 1821 270 ἀειπάρθενον

168 288 217 310 tuo
239 281 373 318 virginem
401 281 558 317 Dciparam,
576 281 611 308 ab
634 281 694 316 ipso
720 279 803 307 etiam
831 279 967 307 honorum

168 327 311 356 hominum
321 334 439 354 numcro
451 327 545 354 rabide
559 326 727 359 excludunt;
743 333 832 361 neque
845 325 967 361 genitum

169 381 202 402 ex
219 382 251 401 ea
266 373 426 406 Dominum,
450 373 499 401 sed
517 373 591 400 hunc
614 372 648 400 de
674 372 744 400 cmlo
765 379 867 407 corpus
887 379 967 398 suum

169 419 312 451 detulisse,
331 419 403 446 illam
427 423 520 446 autem
546 423 609 453 post
631 417 740 446 Domini
760 422 880 453 partum,
900 417 968 444 alios

162 471 278 499 quoque
293 464 389 491 dicunt
404 463 508 491 liberos
519 471 552 491 ex
567 463 688 499 Josepho
703 463 868 499 suscepisse.

206 510 329 537 Tertium
347 513 390 537 est
403 510 476 544 quod
495 509 616 537 divinam
638 509 842 544 verendamquc
856 513 968 537 sancto-

169 564 230 584 rum
247 556 441 592 mysteriorum
456 556 580 591 corporis
593 563 625 583 ac
640 556 782 591 sanguinis
794 555 902 583 Domini
920 555 968 582 Dei

170 603 258 630 nostri
280 602 519 638 participationem
537 608 714 635 aversantur;
734 601 786 638 ιη.
807 610 895 637 neque
917 602 969 630 hoc

169 648 304 681 contenti,
321 649 383 676 aliis
401 656 511 684 quoque
526 649 599 675 hanc
614 648 780 676 sententiam
799 648 967 676 suadendum

170 700 270 731 putant
295 695 431 729 dicentes,
449 695 526 723 haud
542 702 642 730 panem
659 703 691 722 ac
710 695 805 723 vinum
821 703 836 722 a
854 696 968 724 Domino

171 742 316 778 discipulis
335 742 394 770 suis
409 742 438 769 in
458 749 536 770 coena
557 741 740 777 propositum,
756 742 804 770 sed
819 743 969 777 symbolice

171 789 255 817 verba
277 797 328 817 sua
350 789 558 821 tantummodo,
581 788 662 824 panis
687 788 799 824 vinique
824 789 895 822 loco,
920 789 968 816 dc-

171 834 258 862 disse.

170 881 175 897 ι
210 879 345 913 Quartum
369 883 421 914 est,
435 880 508 915 quod
534 880 648 916 ﬁguram
671 885 753 916 atque
774 880 923 909 elIicaciam
941 885 969 910 et

1019 279 1153 306 Θεοτόκον
1176 279 1244 316 μηδὲ
1273 280 1325 307 κᾶν
1342 281 1371 307 ἐν
1385 280 1450 315 ψιλῇ
1467 280 1521 307 τῶν
1537 279 1649 314 ἀγαθῶν
1665 280 1821 316 ἀνθρώπων

1019 325 1130 351 τάττειν
1148 324 1277 360 ἀπεχθῶς
1294 325 1505 361 ἀπαριθμήσει·
1527 325 1596 361 μηδὲ
1614 326 1644 359 ἐξ
1656 325 1743 360 αὐτῆς
1755 334 1822 360 γεν-

1020 372 1137 407 νηθῆναι
1162 374 1209 399 τδν
1230 373 1334 408 Κύριον
1344 393 1351 405 ,
1371 372 1429 399 ἀλλ’
1444 372 1592 408 οὐρανόθεν
1608 372 1640 398 τὸ
1655 372 1737 408 σῶμα
1750 380 1821 399 κατ-

1021 417 1156 451 ενεγκεῖν·
1173 418 1221 444 καὶ
1235 418 1278 444 ὅτι
1292 417 1361 453 μετά
1374 417 1420 445 τὸν
1431 418 1478 445 τοῦ
1491 417 1593 454 Κυρίου
1606 417 1696 450 τόκον,
1709 417 1758 445 καὶ
1771 417 1822 445 ἄλ-

1005 462 1093 497 ¹λους,
1110 463 1204 498 φησιν,
1222 463 1298 495 υἱοὺς
1313 463 1460 498 ἐγέννησεν
1475 465 1507 490 ὲκ
1521 462 1568 490 τοῦ
1586 463 1700 498 Ἰωσήφ.

1057 510 1156 545 Τρίτον
1166 530 1174 542 ,
1199 510 1230 536 τὸ
1245 509 1294 545 τὴν
1309 510 1384 537 θείαν
1402 511 1451 537 καὶ
1465 510 1584 546 φρικτὴν
1597 510 1652 536 τῶν
1666 509 1751 544 ἁγίων
1766 518 1822 545 μυ-

1022 557 1141 593 στηρίων
1166 555 1213 583 τοῦ
1240 556 1369 592 σώματος
1395 557 1441 584 καὶ.
1459 556 1576 592 αἵματος
1589 556 1636 583 τοῦ
1651 556 1754 592 Κυρίου
1770 556 1822 583 καὶΙ

1021 602 1089 630 Θεοῦ
1105 603 1183 638 ἡμῶν
1200 602 1351 638 μετάληψιν
1364 602 1419 639 (12)
1433 603 1637 639 ἀποτρέπεσθαι
1648 607 1671 630 ι.
1686 603 1724 629 Ub
1737 602 1822 639 μόνον

1020 649 1059 682 δὲ,
1077 649 1145 676 ἀλλὰ
1160 650 1207 677 καὶ
1220 649 1316 679 ἄλλους
1332 649 1398 685 περὶ
1410 649 1506 676 τούτου
1523 649 1629 676 πείθειν
1644 648 1760 676 οἴεσθαι·
1775 648 1823 676 λέ-

1022 704 1117 730 γοντες
1133 696 1174 723 ὅτι
1189 697 1239 723 οὒκ
1255 693 1290 731 ἦν
1304 696 1387 732 ἄρτος
1403 696 1451 723 καὶ
1464 694 1550 727 οἶνος,
1576 695 1606 722 ὃν
1622 696 1636 722 ὁ
1649 695 1752 730 Κύριος
1767 694 1823 722 ἐδί-

1021 742 1067 769 δου
1083 743 1140 773 τοῖς
1155 742 1292 777 μαθηταῖς
1304 742 1388 769 αὑτοῦ
1405 743 1452 769 ἐπὶ
1465 741 1512 769 τοῦ
1527 742 1647 774 δείπνου,
1665 741 1734 768 ἀλλὰ
1750 749 1823 776 συμ-

1021 789 1138 821 ϐολικῶς
1162 789 1197 816 τά
1221 790 1332 825 ῥήματα
1347 789 1432 816 αὑτοῦ
1457 790 1550 821 αὐτοῖς
1563 789 1663 822 ἐδίδου,
1682 789 1722 820 ὡς
1736 787 1822 824 ἄρτον

1022 836 1069 864 καὶ
1082 834 1164 864 οἷιον.

1059 883 1200 918 Τέταρτον
1209 904 1216 916 ,
1233 883 1264 909 τὸ
1279 882 1324 910 τδν
1337 883 1423 910 τύπον
1436 882 1483 909 καὶ
1495 882 1546 919 τὴν
1559 882 1701 918 ἐνέργειαν
1716 881 1764 909 καὶ
1776 881 1824 908 δύ-

171 927 302 955 virtutem
318 926 445 961 pretiosae
455 926 625 962 viviﬁcchuc
637 927 729 954 crucis
741 935 795 954 non
810 927 969 962 admittunt,

1024 937 1106 964 ναμιν
1135 929 1182 956 τοῦ
1207 929 1300 964 τιμίου
1320 930 1368 956 καὶ
1386 928 1519 961 ζωοποιοῦ
1537 929 1654 965 σταυρῦῦ
1672 928 1709 965 μὴ
1722 929 1824 956 ἀποδέ-

172 973 222 1001 sed
246 972 377 1001 conviciis
397 973 523 1008 plurimis
544 980 604 1001 eam
626 973 754 1008 pulsant;
771 982 853 1009 quam
877 978 968 1002 tamen

171 1018 224 1054 ipsi
237 1026 288 1054 per
298 1026 390 1046 acrem
406 1017 496 1045 dilt'usi
510 1017 660 1051 daemones,
674 1017 696 1045 si
708 1019 790 1046 modo
802 1018 968 1053 descriptam

172 1064 307 1098 viderint,
333 1063 425 1100 pavidi
450 1063 576 1099 fugiunt,
602 1071 665 1092 cum
685 1064 820 1092 malorum
844 1064 969 1100 principe

172 1111 307 1139 daemone.

207 1156 341 1190 Quintum
371 1162 431 1191 est,
461 1158 534 1193 quod
561 1158 665 1185 nullum
697 1157 835 1194 recipiunt
862 1157 970 1186 Veteris

172 1201 342 1229 Testamenti
363 1201 476 1234 librum,
496 1201 660 1237 deceptor-es
675 1209 708 1230 ac
726 1202 801 1230 fures
820 1203 969 1238 prophetas

171 1247 354 1283 appellantes,
372 1247 443 1275 sicut
457 1252 552 1283 postea
570 1249 680 1284 proprio
693 1242 721 1275 in
737 1248 798 1276 loco
814 1250 970 1277 accuratius

172 1295 352 1327 ostendetur;
381 1302 432 1322 nec
458 1294 512 1321 nisi
541 1299 635 1322 sancta
664 1299 784 1330 quatuor
813 1295 968 1330 Evangelia,

171 1345 200 1369 et
226 1341 343 1376 apostoli
367 1340 445 1368 Pauli
469 1341 680 1376 quatuordecim
703 1340 848 1376 Epistolas,
874 1341 970 1370 Jacobi

172 1387 346 1421 catholicam,
368 1386 484 1415 Joannis
508 1392 574 1421 tres,
597 1387 682 1415 sancti
702 1387 780 1415 Judm
795 1388 970 1421 catholicam.

173 1439 202 1461 et
218 1433 407 1470 apostolorum
423 1435 508 1462 Actus
523 1434 563 1461 uti
579 1439 643 1461 sunt
659 1434 731 1469 apud
746 1441 796 1462 nos
809 1435 868 1462 sine
888 1435 971 1463 ullius

171 1480 249 1508 verbi
267 1480 432 1508 mutatione.
452 1479 560 1507 Habent
576 1480 689 1515 insuper
706 1481 828 1516 magistri
847 1481 888 1508 sui
905 1481 971 1509 Ser-

173 1526 209 1563 gii
232 1526 288 1554 Deo
312 1526 416 1554 invisas
438 1526 578 1562 epistolas,
605 1526 761 1554 omnimoda
788 1527 916 1562 superbia
943 1532 971 1555 et

173 1573 313 1608 impietate
339 1574 446 1609 plenas.
469 1573 538 1601 Nam
563 1574 631 1601 duas
657 1574 806 1602 catholicas
826 1574 917 1610 magni
937 1582 970 1602 ac

1019 975 1134 1011 χεσθαι,
1162 975 1231 1002 ἀλλὰ
1259 975 1373 1012 μυρίαις
1397 975 1494 1011 ὕϐρεσι
1517 974 1703 1011 περιϐάλλειν,
1721 974 1757 1010 ἢν
1772 973 1824 1001 καὶ

1019 1022 1045 1047 οἱ
1068 1021 1195 1056 δαίμονες
1218 1021 1247 1047 ἐν
1269 1021 1331 1056 ἀέρι
1357 1021 1406 1048 καὶ
1429 1021 1511 1056 μόνον
1534 1020 1742 1056 χαραττομένην
1757 1019 1822 1055 βλὲσ

1019 1075 1118 1099 ποντες
1133 1068 1228 1104 τρόμῳ
1242 1067 1459 1103 δραπετεύουσι,
1479 1067 1529 1095 σὺν
1543 1067 1583 1102 τῷ
1596 1065 1713 1103 ἀρχηγῷ
1727 1065 1822 1094 αὐτῶν

1019 1113 1058 1149 τῷ
1072 1113 1200 1150 διαϐόλῳ.
1477 1140 1480 1142 .

1055 1161 1187 1196 Πέμπτον
1199 1181 1207 1194 ,
1231 1159 1263 1187 τὸ
1280 1159 1317 1196 μὴ
1333 1159 1517 1195 ἀποδέχεσθαι
1531 1159 1632 1192 αὐτοὺς
1646 1159 1696 1195 τὴν
1708 1158 1823 1188 οἱανοῦν

1021 1207 1129 1234 Βίϐλιον
1143 1206 1275 1239 Παλαιὰν,
1285 1205 1404 1238 πλάνους
1419 1206 1468 1233 καὶ
1483 1205 1587 1243 λῃστὰς
1600 1206 1664 1237 τοὺς
1678 1206 1824 1241 προφήτας

1021 1249 1241 1283 ἀποκαλοῦντες,
1271 1249 1362 1282 καθὼς
1388 1249 1504 1285 ὕστερον
1528 1251 1557 1276 ὲν
1583 1250 1642 1286 ἰδίῳ
1663 1249 1757 1286 χωρίῳ
1773 1250 1824 1286 δη-

1021 1296 1175 1332 λωθήσεται
1199 1295 1383 1332 τελεώτερον·
1414 1297 1431 1331 ἢ
1462 1297 1543 1332 μόνον
1567 1296 1650 1333 [cod.
1664 1296 1683 1323 ί.
1696 1295 1749 1332 88]
1768 1297 1821 1332 τὴν

1022 1343 1099 1370 θείαν
1114 1343 1161 1370 τοῦ
1179 1343 1258 1378 ἁγίου
1272 1343 1442 1378 Εὑαγγελίου
1456 1344 1612 1380 τετρακτήν
1625 1352 1632 1359 ·
1650 1343 1697 1370 καὶ
1710 1343 1760 1375 τὰς
1771 1342 1820 1370 τοῦ

1025 1391 1107 1425 ἁγίου
1131 1391 1240 1419 Παύλου
1271 1390 1320 1418 τοῦ
1343 1390 1495 1418 ἀποστόλου
1519 1389 1725 1425 δεκατέσσαρας
1742 1389 1821 1417 Ἐπι-

1023 1437 1135 1470 στολάς·
1162 1437 1209 1464 καὶ
1226 1437 1275 1473 τὴν
1292 1436 1421 1464 Ἰακώϐου
1449 1436 1597 1471 καθολικὴν
1610 1435 1678 1470 (15)’
1701 1434 1750 1461 καὶ
1768 1435 1820 1466 τὰς

1021 1483 1148 1510 Ἰωάννου
1165 1484 1252 1519 τρεῖ;·
1272 1484 1319 1510 καὶ
1334 1483 1383 1518 τὴν
1400 1481 1448 1509 τοῦ
1465 1482 1543 1516 ἁγίου
1561 1481 1646 1508 Ἰούδα
1658 1480 1819 1516 καθολικήν·

1023 1529 1071 1556 καὶ
1094 1529 1144 1561 τὰς
1162 1528 1281 1565 Πράξεις
1297 1528 1351 1555 τῶν
1365 1528 1525 1555 ἀποστόλων
1541 1527 1580 1559 ὡς
1595 1526 1649 1553 εἰσὶ
1663 1526 1729 1562 παρ’
1741 1527 1820 1562 ἡμῖν,

1022 1575 1244 1612 ἀπαραλλάκτως
1271 1577 1300 1603 ὲν
1323 1575 1439 1608 λέξεσιν.
1457 1574 1572 1609 Ἔχουσι
1592 1573 1620 1599 δὲ
1644 1572 1692 1599 καὶ
1712 1571 1760 1598 τοῦ
1778 1572 1821 1598 δι-

173 1619 253 1648 solidi
269 1620 397 1648 Ecclesia
413 1620 595 1654 fundamenti,
613 1621 745 1656 regnique
758 1621 891 1648 caelorum
913 1621 969 1649 cla-

1024 1623 1160 1651 δασκὰλου
1177 1622 1267 1650 αὐτῶν
1283 1623 1399 1658 Σεργίου
1419 1620 1566 1652 ἐπιστολὰς
1582 1620 1747 1653 θεοστυγεῖς,
1769 1618 1823 1645 πά-

171 1666 259 1702 vigcri
285 1666 356 1693 Petri
382 1666 570 1701 protapostoli,
594 1674 651 1694 non
666 1667 813 1702 recipiunt,
839 1668 902 1703 quia
927 1668 971 1695 in-

173 1712 252 1740 fenso
263 1712 397 1741 adversus
413 1720 476 1740 eum
491 1713 584 1741 animo
605 1717 680 1746 sunt,
694 1718 722 1741 et
737 1713 891 1742 maledictis
905 1722 972 1742 con-

173 1759 307 1795 viciisque
322 1759 448 1795 plurimis
465 1764 680 1794 prosequuntur,
696 1760 789 1788 nescio
806 1760 887 1795 cujus
907 1760 971 1788 mali

173 1805 225 1833 sibi
239 1805 343 1833 conscii
359 1814 366 1833 :
381 1805 498 1834 fortasse
511 1811 613 1840 tamen,
631 1811 662 1834 ut
675 1813 726 1842 ego
746 1806 874 1839 arbitror,
890 1811 972 1841 atque

174 1856 205 1879 ut
224 1859 297 1887 saepe
323 1851 390 1887 ipsis
410 1860 503 1879 coram
526 1853 593 1884 dixi,
608 1853 673 1888 quia
696 1857 828 1880 eventura
850 1853 971 1888 peculia-

173 1897 242 1925 riter
257 1897 325 1933 ipsis
338 1897 520 1933 improbitatis
534 1907 629 1926 eorum
646 1907 727 1927 causa
743 1900 906 1928 vaticinatus
918 1905 969 1933 est,

175 1951 236 1978 quae
250 1943 347 1971 beatus
360 1945 500 1979 apostolus
518 1944 569 1980 15
586 1945 613 1972 in
631 1945 752 1973 secunda
769 1945 888 1982 Epistola
901 1947 969 1974 scri-

174 1989 215 2018 bit
231 1989 274 2017 his
288 1990 400 2018 verbis:
423 1989 580 2026 Propterea,
603 1992 693 2020 dilecti
721 2001 782 2025 mei,
800 1994 855 2021 luet:
881 1994 970 2021 omnia

175 2040 364 2070 exspectantes,
381 2045 473 2071 nempe
487 2046 546 2073 quia
561 2039 590 2065 in
607 2039 721 2066 secundo
733 2039 846 2066 adventu
865 2039 972 2067 Domini

174 2082 249 2117 ﬁent,
264 2083 378 2119 satagite
398 2084 565 2111 immaculati
582 2085 610 2111 in
626 2093 707 2120 pace;
726 2089 750 2113 et
768 2085 875 2113 Domini
888 2086 971 2113 nostri

175 2128 416 2164 longanimitutcm,
441 2130 554 2158 salutem
577 2132 757 2166 arbitremini,
777 2132 857 2160 veluti
882 2137 906 2160 et
928 2133 971 2159 di-

177 2179 257 2219 lectus
270 2175 355 2210 frater
371 2181 459 2204 noster
472 2176 576 2205 Paulus
595 2179 738 2206 secundum
753 2180 846 2206 datam
859 2179 909 2206 sibi
923 2187 970 2206 sa-

1023 1678 1072 1704 σης
1089 1668 1283 1705 ὑπερηφανίας
1297 1670 1343 1695 καὶ
1356 1668 1487 1699 ὰσεὸείας
1499 1666 1681 1702 ἀναμέστους.
1698 1665 1755 1696 Τὰς
1766 1663 1824 1700 γάρ

1023 1716 1070 1743 δύο
1086 1716 1235 1748 καθολικάς
1250 1715 1297 1742 τοῦ
1313 1715 1433 1751 μεγάλου
1449 1714 1497 1741 καὶ
1511 1711 1682 1748 ἀκραιφνοῦς
1694 1711 1824 1747 θεμελίου

1023 1763 1073 1798 τῆς
1105 1761 1270 1798 Ἑκκλησὶας
1293 1761 1340 1788 τοῦ
1361 1760 1518 1795 κλειδούχου
1535 1760 1585 1794 τῆς
1602 1758 1657 1785 τῶν
1672 1757 1797 1793 οὐρανῶν
1810 1763 1822 1777 ι

1025 1809 1166 1845 βασιλείας
1185 1809 1290 1844 Πέτρου
1315 1807 1362 1834 τοῦ
1384 1805 1613 1843 πρωταποστόλου
1637 1805 1668 1831 οὺ
1683 1804 1823 1840 δέχονται,

1024 1855 1111 1891 ἀπεχθ
1122 1856 1152 1887 Τις
1165 1855 1229 1891 τρὸς
1242 1854 1326 1882 αὑτὸν
1339 1854 1519 1888 διακείμενοι,
1533 1851 1581 1879 καὶ
1592 1850 1687 1886 ’ὕϐρεσι
1698 1850 1748 1876 καὶ
1755 1851 1827 1877 ὀνει-

1024 1902 1130 1937 δισμοῖς
1156 1901 1265 1937 μυρίοις
1290 1900 1519 1936 περιϐάλλοντεςι
1547 1897 1598 1924 οὐκ
1614 1895 1664 1923 οἶδ’
1687 1896 1702 1923 ὃ
1716 1905 1742 1922 τι
1760 1904 1827 1922 συν-

1026 1947 1127 1978 ιδόντες
1139 1955 1147 1963 ο
1167 1947 1239 1982 τάχα
1253 1946 1291 1979 δὲ,
1308 1946 1346 1977 ὡς
1361 1946 1416 1979 ἐγὼ
1431 1942 1628 1979 ὑπολαμϐάνω,
1645 1942 1714 1977 ὅπερ
1729 1941 1826 1973 αὐτοῖς

1024 1993 1073 2021 και)⁴
1084 1993 1216 2025 πολλάκις
1231 1992 1301 2019 κατὰ
1313 1992 1459 2027 πρόσωπον
1473 1988 1561 2023 εἷπον,
1570 1988 1615 2015 δ;ἀ
1625 1988 1654 2015 τὸ
1667 1987 1828 2024 προφητεῦο

1025 2049 1070 2067 σαι
1095 2039 1177 2066 αὑτὸν
1198 2039 1228 2065 τὸ
1249 2038 1346 2073 μέλλον
1366 2038 1408 2068 εἰς
1427 2036 1525 2067 αὐτοὺς
1540 2034 1650 2061 ἔσεσθαι
1667 2034 1698 2059 ὲκ
1713 2033 1764 2068 τῆς
1777 2033 1828 2060 ἀν-

1024 2086 1171 2121 οσιουργοῦ
1187 2085 1279 2113 αὐτῶν
1294 2083 1397 2116 κακίας
1413 2083 1524 2117 ἰδίωμα,
1543 2082 1572 2108 ὲν
1586 2078 1626 2112 οἷς
1643 2088 1726 2115 φησιν
1741 2080 1756 2106 ὁ
1773 2088 1828 2115 μα-

1023 2133 1119 2168 κάριος
1132 2132 1282 2164 ἀπόστολος
1307 2131 1337 2156 ὲν
1360 2131 1393 2165 τῇ
1415 2129 1531 2164 δευτέρᾳ
1553 2125 1701 2161 Ἐπιστολῇ
1717 2125 1802 2152 αὑτοῦ
1818 2133 1826 2141 ·

1023 2179 1063 2207 Δι’
1078 2179 1105 2212 ὃ,
1119 2179 1269 2215 ἀγαπητοί
1279 2186 1351 2214 μου,
1363 2175 1458 2203 ταῦτα
1469 2175 1569 2203 πάντα
1581 2171 1826 2211 πρρσδοκῶντες,

838 2257 957 2288 VARLE
976 2255 1180 2285 LECTIONES.

218 2319 230 2334 τ
245 2313 280 2343 Β.
295 2315 462 2361 ἀποτρέψαι.
511 2320 522 2334 ³
540 2315 574 2344 Π.
592 2315 694 2345 αὐτῶν.

950 2397 1069 2426 NOTAE.

218 2455 273 2492 (12)
295 2456 454 2492 Μετάληψιν
479 2459 644 2486 vocabulum
672 2463 815 2492 perperam
848 2455 973 2492 Raderus
989 2459 1011 2486 ι)
1028 2455 1128 2491 μᾶλλον
1149 2454 1188 2488 τῷ
1210 2454 1281 2482 κατὰ
1305 2454 1434 2492 Λουκᾶνῂ
1448 2455 1501 2492 ,καὶ
1522 2458 1553 2482 ιε’
1567 2453 1828 2492 (mendoseltade:

180 2492 226 2520 hic
247 2491 453 2527 interpretatus,
478 2494 531 2521 loci
556 2491 729 2522 sententiam
744 2492 888 2523 subvertit,
903 2491 971 2527 seris

179 2527 249 2564 hens
270 2526 370 2564 gQitod
400 2530 516 2563 corporis
540 2537 563 2556 et
590 2529 727 2564 sanguinis
755 2527 862 2564 Domini
889 2526 973 2553 nostri

179 2563 242 2590 Jesu
261 2562 360 2590 Christi
383 2562 577 2592 conversionem
593 2562 696 2599 negl-nt.
709 2562 790 2597 Atqui
808 2567 907 2597 praeter
924 2569 973 2599 vo-

181 2598 271 2626 cabuli
301 2598 452 2633 μετάληψις
477 2606 573 2628 notum
601 2598 724 2629 sensum.
741 2599 800 2633 ipse
825 2602 921 2625 auctor
946 2598 974 2624 in

181 2634 264 2661 tertio
283 2632 477 2662 refutationum
502 2643 630 2663 sermone
651 2635 691 2662 ait
718 2632 882 2660 Blanichaeos
910 2640 975 2660 cen-

181 2669 270 2706 suisse
285 2669 322 2706 μὴ
337 2669 391 2696 δεῖν
402 2670 454 2706 τῆς
472 2671 548 2706 ἱερᾶς
560 2670 664 2706 τροφῆς
675 2669 723 2706 τοῦ
736 2668 829 2704 τιμίου
849 2668 977 2702 σώματος

180 2705 229 2731 τοῦ
244 2704 348 2739 Κυρίου
365 2705 413 2731 καὶ
432 2704 505 2732 Θεοῦ
522 2704 600 2741 ἡμῶν
625 2705 749 2741 μετέχειν
765 2713 771 2720 ι
786 2712 837 2730 non
853 2709 972 2741 oportere

181 2747 289 2766 sacrum
303 2740 408 2774 pretiosi
420 2739 537 2775 corporis
543 2739 661 2768 'Domini
676 2740 777 2775 Deique
794 2739 877 2766 nostri
894 2739 976 2765 nutri-

181 2780 299 2802 mentum
313 2776 484 2810 participare.

219 2811 275 2845 (15)
296 2810 325 2837 In
340 2809 414 2846 huer
427 2811 515 2839 locum
529 2811 556 2839 in
571 2811 692 2846 margine
704 2810 851 2838 adnotatur
865 2809 977 2846 antiqua

182 2844 289 2881 manu:
309 2846 366 2872 υὺκ
390 2844 449 2873 οἶδα
472 2847 497 2873 εί
521 2848 582 2873 τότε
610 2844 730 2881 ἐχρῶντο
749 2847 782 2880 τῇ
809 2845 939 2881 Ἰακώϐου
959 2845 976 2880 ἣ

183 2879 420 2917 ἑτέρᾳῌὲπιστολῇ,
435 2882 482 2908 καὶ
494 2884 554 2914 ταῖς
570 2879 689 2917 Πρᾶξεσι
706 2881 759 2908 τῶν
776 2879 942 2917 ἀποστόλων·
953 2879 977 2908 οἱ

183 2913 237 2948 γὰρ
252 2913 299 2941 νῦν
319 2913 410 2950 μόνοις
433 2919 490 2949 τοῖς
514 2919 560 2944 δύο
585 2913 704 2953 χρῶνται
730 2916 915 2951 Εὐαγγελίοις,
932 2917 979 2943 καὶ

1027 2489 1074 2518 rus
1093 2492 1139 2518 ὲπὶ
1154 2498 1204 2526 pro
1227 2493 1268 2523 ιε’,
1289 2495 1317 2517 et
1341 2498 1402 2518 mox
1428 2490 1500 2518 idem
1525 2491 1595 2518 male
1620 2489 1761 2526 ἐπιστολῇ)
1778 2489 1827 2516 τοῦ

1025 2527 1104 2562 ἁγίου
1125 2524 1241 2562 Παύλου
1253 2526 1419 2562 ἐπιστολαῖς·
1430 2526 1522 2561 ἔχουσι
1538 2527 1591 2560 γὰρ
1605 2525 1652 2562 xui.
1667 2524 1736 2560 πρὸς
1751 2525 1824 2562 Λαο-

1024 2560 1109 2594 δικεῖς
1119 2562 1216 2597 ἑτέραν
1235 2561 1393 2597 ἐπιστολήν·
1404 2560 1476 2588 haud
1490 2563 1544 2588 scio
1560 2570 1594 2588 an
1611 2560 1682 2587 illius
1699 2561 1825 2595 temporis

1025 2596 1219 2625 Munichwi’usi
1231 2597 1284 2624 sint
1300 2596 1393 2623 Jacobi
1409 2597 1530 2631 Epistula
1549 2605 1585 2623 an
1599 2597 1665 2627 alia,
1677 2600 1702 2622 et
1718 2601 1827 2629 aposto-

1028 2633 1112 2660 lorum
1125 2633 1242 2660 Actibus.
1265 2632 1388 2666 Namque
1401 2633 1520 2659 Itodierni
1531 2633 1630 2659 duobus
1643 2631 1828 2658 tantummodo

1028 2673 1141 2696 utuntur
1155 2667 1314 2703 Evangeliis,
1327 2672 1352 2694 et
1368 2668 1473 2703 quidem
1486 2667 1563 2694 ιιιεαι
1573 2667 1751 2703 potissimum,
1767 2675 1827 2693 nec-

1028 2712 1080 2731 non
1104 2704 1151 2731 XV
1167 2702 1252 2731 sancti
1273 2702 1353 2730 Pauli
1373 2702 1521 2737 Epistolis;
1537 2703 1632 2730 habent
1655 2702 1725 2728 enim
1745 2702 1828 2729 etiam

1026 2740 1109 2767 aliam
1129 2739 1268 2774 epistolam
1281 2738 1316 2765 ad
1331 2738 1516 2766 Laodicenses.
1529 2738 1678 2773 Epistulam
1699 2737 1734 2774 ad
1755 2737 1827 2774 Laof

1026 2772 1155 2803 dicenses
1179 2775 1258 2801 citari
1285 2781 1336 2801 nos
1360 2774 1480 2802 vidimus
1500 2774 1528 2800 in
1544 2775 1573 2800 δ.
1592 2772 1736 2808 Augustini
1751 2773 1826 2807 quod

1026 2811 1163 2838 edidimus
1180 2809 1315 2844 Speculo;
1348 2810 1414 2837 item
1443 2810 1472 2836 in
1499 2808 1632 2836 Cavcnsis
1664 2808 1827 2844 monasterii

1027 2847 1119 2882 prisco
1133 2842 1279 2882 bibliorutn
1294 2845 1398 2878 codice,
1421 2852 1527 2882 necnon
1550 2845 1578 2871 in
1595 2844 1700 2882 aliquot
1717 2842 1829 2882 _Vatica-

1028 2879 1089 2912 iris;
1111 2886 1208 2917 praeter
1228 2881 1279 2909 alia
1296 2880 1452 2910 testimonia
1472 2885 1564 2908 vetera
1580 2887 1595 2907 a
1614 2879 1742 2907 Fabricio
1766 2880 1825 2906 lau-

1028 2918 1101 2946 data.
