1948 3070
126 191 194 224 1257

693 191 875 222 HISTORIA
904 191 1211 222 MANICHA‘IORUM.

1698 195 1765 226 1258

123 251 159 278 τὰ
182 253 218 278 ἐν
238 250 275 285 τῇ
294 249 419 285 δευτέρᾳ
439 250 494 277 τοῦ
514 251 625 286 Κυρίου
643 251 796 286 παρουσίᾳ
810 250 918 286 δῆλον,

979 251 1099 278 nentiam
1118 251 1224 287 scripsit
1241 252 1322 285 vobis,
1336 254 1404 280 sicut
1417 259 1441 281 et
1453 255 1480 281 in
1499 255 1619 282 omnibus
1638 254 1765 290 Epistolis

123 298 168 325 ὅτι
191 297 388 324 σπουδάσατε
411 297 536 324 ἄσπιλοι
560 299 610 325 καὶ
634 298 747 333 ἄμωμοι
768 297 850 330 αὐτῷ
867 299 917 324 εὑ-

119 343 247 378 ρεθῆναι
273 343 308 370 ἐν
331 344 454 379 εὶρήνῃ¹
482 344 532 371 καὶ
555 344 613 378 τὴν
635 345 688 372 τοῦ
707 345 818 379 Κυρίου
834 345 920 379 ἡμῶν

121 391 340 426 μακροθυμίαν,
350 391 501 426 σωτηρίαν
513 391 645 426 ’ἡγεῖσθε
663 391 760 424 καθὼς
771 391 818 418 καὶ
829 393 845 417 ὁ
853 392 921 425 ἀγα-

123 437 219 471 πητὸς
233 437 319 471 ἡμῶν
336 437 468 472 ἁδελφὸς
480 438 602 471 Παῦλος
618 437 692 464 κατὰ
707 437 765 471 τὴν
778 437 921 464 δοθεῖσαν

124 483 205 516 αὐτῷ
226 485 341 519 σοφίαν
364 484 497 520 ἔγραψεν
517 484 606 519 ὑμῖν,
633 485 671 517 ὡς
690 484 740 511 καὶ
759 484 794 511 ἐν
807 483 921 517 πάσαις

124 530 189 563 ταῖς
201 529 376 563 ἐπιστολαῖς·
390 529 494 562 αὑτοῦ,
509 530 614 557 λαλῶν·
622 531 656 557 ἐν
667 530 771 563 αὐταῖς
780 529 846 565 περὶ
854 530 921 557 τού-

124 585 200 604 τωνι
220 577 294 614 [cm].
312 577 331 605 l'.
344 577 388 605 88.
400 576 439 611 h.]
455 576 490 603 ἐν
505 576 554 610 αἷς
569 578 635 604 ἐστι
649 576 805 610 δυσνόητά
819 585 887 603 τινα
902 576 921 604 ἆ

970 299 1024 325 suis
1045 298 1152 332 loquens
1174 299 1202 325 in
1223 299 1260 326 eis
1281 300 1312 326 de
1334 299 1373 326 liis
1386 307 1396 327 .'
1413 301 1441 327 in
1459 302 1552 336 quibus
1569 307 1628 328 sunt
1644 303 1767 337 quantum

972 343 1088 378 difﬁcilia
1108 344 1252 375 intellectu,
1272 352 1330 379 quw
1352 345 1452 372 indocti
1471 351 1496 373 et
1515 347 1649 374 instabiles
1668 348 1766 375 distor-

972 391 1097 425 quebunt,
1115 391 1183 417 sicut
1206 396 1230 417 et
1258 391 1374 423 reliquus
1395 393 1553 427 scripturas,
1575 397 1610 420 ad
1631 396 1767 429 propriam

973 436 1091 471 ipsarum
1107 437 1280 472 perditionem
1300 438 1334 465 “’.
1356 438 1420 466 Haec
1443 439 1481 465 illi
1504 439 1639 474 vituperio
1657 445 1768 468 vertunt

974 484 1116 519 Apostolo,
1133 491 1193 518 qute
1209 488 1300 511 tamen
1330 484 1403 512 laudi
1430 489 1512 518 sunt;
1531 489 1625 521 utpote
1647 494 1663 513 a
1682 487 1768 514 libero

972 528 1103 556 vaticiuio
1125 528 1258 564 profecta,
1275 534 1303 557 et
1327 530 1402 557 omni
1423 531 1561 559 rhetorico
1585 531 1701 559 artificio
1722 540 1767 560 re-

972 580 1057 603 mota.

126 627 153 653 οί
170 625 292 660 ἀμαθεῖς
317 626 367 652 καὶ
387 625 564 660 ἀστήρικτοι
585 623 843 658 στρεϐλώσουσιν,
861 623 899 656 ὡς
915 623 965 651 καὶ
986 623 1040 655 τὰς
1055 623 1166 655 λοιπὰς
1182 622 1318 656 πραφὺς,
1337 624 1413 658 πρὸς
1428 624 1486 659 τὴν
1502 625 1582 652 ιδίαν
1593 625 1694 652 αὐτῶν
1706 625 1764 652 ἀπ-

124 672 244 699 ώλειαν.
274 669 359 704 Οὗτός
384 673 459 698 ἐστιν
487 672 501 697 ὁ
526 671 591 706 παρ’
614 670 706 702 αὐτοῖς
729 669 778 704 μὲν
796 669 880 704 ψόγος
916 669 955 704 τῷ
980 670 1136 706 Ἀποστόλῳ
1161 672 1403 708 προσφερόμενος·
1433 673 1509 708 παρὰ
1540 672 1568 701 δὲ
1598 674 1631 708 τῇ
1653 672 1769 708 ἀληθείᾳ

125 719 264 755 ἐγκώμιον
288 719 363 755 αὐτῷ
388 719 510 754 ὑπάρχον
536 717 822 754 πεπαρῤησιασμὲνης
848 717 1032 752 προφητείας,
1056 718 1148 754 πάσης
1167 720 1317 755 ῥητορικῆς
1351 719 1455 755 πλοκῆς
1471 719 1713 756 ὑπεξῃρημένονι.

163 766 273 797 Ἕκτον,
305 765 335 791 τὸ
363 765 426 797 τοὺς
454 763 660 800 πρεσϐυτέρους
688 763 919 798 τῆςἘκκλησίας

125 811 331 848 ἀποτρέπεσθαι
350 820 358 827 ·
371 812 438 846 φησὶ
452 812 481 839 δὲ
498 813 538 839 ὅτι
554 813 578 838 οἱ
594 811 775 847 πρεσϐύτεροι
791 809 918 836 κατὰτοῦ

125 859 230 895 Κυρίου
260 858 443 894 συνήχθησαν,
461 858 508 886 καὶ
523 858 567 885 διὰ
598 857 720 885 τοῦτοού
742 857 795 893 χρὴ
820 856 919 888 αὐτοὺς

1010 763 1124 791 Sextum
1144 770 1196 797 est,
1215 766 1289 801 quod
1307 766 1430 794 seniores
1451 766 1647 803 (presbyteros)
1667 767 1701 795 ab
1716 767 1768 796 Ec-

974 811 1055 839 clesia
1071 817 1176 840 arcent.
1195 813 1303 849 Etenim
1320 813 1416 841 dicunt
1439 814 1501 849 quia
1524 814 1647 842 seniores
1668 815 1767 842 adver-

973 865 1020 884 sus
1033 857 1179 885 Dotninum
1204 859 1408 894 conspirarunt.
1428 860 1530 887 idcirco
1546 860 1571 888 id
1590 868 1690 888 nomen
1712 869 1767 888 non

125 906 319 941 ὀνομάζεσθαι,
335 905 405 941 ψιλῷ
424 905 463 940 τῷ
482 905 594 939 ὀνόματι
610 905 657 932 καὶ
674 905 749 940 μόνῳ
768 903 919 938 ἀπεχθανό-

979 911 1032 931 asse
1058 905 1245 940 usurpandum
1270 914 1277 932 :
1301 913 1386 940 quare
1410 906 1452 933 vel
1473 906 1532 934 solo
1553 907 1633 942 hujus
1648 908 1768 935 nominis

128 961 205 988 μενοι
219 961 226 966 ·
240 953 304 988 περὶ
318 948 355 979 ὦν
372 952 484 988 ὕστερον
499 953 528 978 ὲν
539 953 573 988 τῇ
593 951 664 978 κατὰ
681 951 781 986 βάθους
795 951 919 984 ἐξετάσει

127 999 156 1025 ὲν
177 999 233 1034 ἰδίῳ
256 1000 364 1035 ἑκάστῳ
391 999 532 1034 κεφαλαίῳ
548 999 716 1034 σαφέστερον
731 998 895 1033 λεχθήσεται
911 1007 917 1012 ·

125 1045 176 1081 ἤδη
192 1045 220 1072 δὲ
236 1045 328 1072 λοιπὸν
346 1045 460 1072 καὶτῶν
472 1045 708 1080 ὑπομνηματικῶν
723 1044 849 1080 ἱστοριῶν
865 1045 920 1070 ὰπ-

126 1091 261 1127 άρξασθαι
279 1091 375 1126 καιρός
402 1093 476 1118 ἐστιν
487 1100 493 1107 ⁵
509 1090 668 1126 ὰπάρξομαι
683 1090 706 1117 δ’
719 1090 820 1123 οὕτως,
835 1090 870 1117 τά
890 1098 920 1116 τε

126 1138 203 1173 παρὰ
231 1138 278 1164 τοῦ
297 1138 434 1173 μακαρίου
459 1138 595 1173 Κυρίλλου
611 1138 640 1164 ὲν
660 1139 722 1168 ταῖς
736 1138 922 1172 κατηχήσεσιν

127 1186 245 1222 ρηθέντα
264 1185 320 1220 (Ην)
337 1184 459 1220 προθεὶς,
478 1184 526 1211 καὶ
554 1183 589 1210 τὰ
618 1184 685 1219 παρ’
712 1183 792 1218 ἡμῶν
819 1183 921 1218 ἀρτίως

126 1232 330 1267 διαγνωσθέντσ.
346 1231 468 1262 ὑποθεὶς,
486 1231 524 1262 ὠς
541 1230 573 1257 ἂν
589 1230 643 1264 ἄρα
655 1230 808 1265 οἰκειοτέρα
824 1230 841 1264 ἡ
856 1229 922 1255 σκέ-

127 1280 174 1315 ψις
192 1279 351 1315 γενήσεται.

166 1325 217 1353 IA'.
238 1325 266 1352 ‘0
282 1324 439 1359 δυσώνυμος
453 1323 550 1358 Μάνης
566 1323 615 1349 οὐκ
632 1323 705 1349 ἐστιν
719 1322 773 1349 ἀπὸ
792 1323 923 1358 Χριστια-

127 1373 193 1404 νῶν,
213 1372 250 1407 μὴ
265 1372 370 1406 γένοιτο
385 1371 391 1397 l
405 1370 464 1396 οὐδὲ
487 1369 560 1396 κατὰ
581 1371 627 1395 τὸν
657 1369 769 1403 Σίμωνα.
789 1368 922 1403 ἑξεϐλήῦη

128 1418 179 1452 τῆς
198 1417 373 1452 Ἐκκλησίας,
392 1415 453 1442 οὔτε
468 1415 560 1447 αὐτὸς,
574 1415 637 1441 οὒτε
654 1415 678 1440 οἱ
698 1413 752 1449 προ
766 1413 850 1440 αὑτοῦ
872 1413 922 1447 τῆς

128 1463 259 1498 τοιαύτης
287 1462 388 1494 κακίας
416 1461 591 1488 διδάσκαλοι·
610 1459 731 1495 κλέπτης
757 1459 811 1494 γάρ
837 1460 922 1491 ἐστιν,

129 1509 280 1544 ἀλλοτρίων
292 1508 425 1543 αἱρέσεων
439 1506 653 1541 ίδιοποιούμενος
671 1506 706 1532 τὰ
719 1505 792 1532 κακά
802 1513 808 1519 ·
827 1505 885 1535 πῶς
896 1504 924 1530 δὲ

130 1557 178 1584 καὶ
202 1555 263 1582 τίνοι
287 1555 398 1590 τρόπον,
418 1554 564 1580 ἀκουστέον
578 1562 584 1568 ·
604 1552 752 1583 Σκυοιανός
778 1560 819 1583 τις
836 1549 870 1587 ἦν
896 1552 924 1576 ἐν

130 1601 273 1637 Αἰγύπτῳ,
290 1600 447 1636 Σαρακηνὸς
474 1599 513 1634 τῷ
538 1599 622 1632 γένει,
645 1599 721 1624 οὐδὲν
744 1597 832 1624 κοινὸν
863 1596 923 1623 οὐδὲ
938 1591 958 1619 C

130 1649 199 1684 πρὸς
219 1647 382 1682 Ἰουδαῖοι-μὸν
402 1646 463 1673 οὐδὲ
474 1646 543 1681 πρὸς
556 1644 773 1681 Χριστιανισμδν
789 1643 927 1678 κεκτημέ-

131 1704 176 1727 νος
187 1704 193 1711 ⁸
208 1693 285 1726 οὗτος
300 1694 349 1730 τὴν
372 1694 578 1729 Ἀλεξάνδρειαν
595 1693 710 1727 οἰκήσας
724 1692 771 1718 καὶ
786 1691 832 1717 τὸν
853 1691 927 1726 Ἀρι-

133 1741 286 1768 στοτελικὸν
319 1740 512 1775 μιμησάμενος
543 1739 621 1774 βίον.
652 1739 789 1773 τέσσαρας
818 1736 926 1771 βίϐλους

133 1786 292 1819 συνέταξεν,
307 1786 371 1821 μίαν
387 1785 558 1820 καλουμένην
575 1785 609 1812 Τὸ
621 1785 708 1820 ἅγιον·
730 1784 926 1818 Etim-relicta

135 1833 305 1868 νεκροποιεῖς
319 1836 333 1850 ιι
347 1832 377 1858 οὐ
395 1831 513 1867 Χριστοῦ
528 1831 642 1867 πράξεις
658 1827 851 1867 περιέχουσὰν,
867 1830 926 1857 ἀλλ’

133 1879 228 1910 ἁπλῶς
244 1883 258 1898 V
278 1879 363 1914 μόνην
378 1878 429 1912 τὴν
444 1877 631 1913 προσηγορίαν
648 1885 655 1891 ·
667 1877 715 1904 καὶ
730 1877 812 1912 ἄλλην
826 1877 925 1903 καλου-

136 1926 220 1961 μένην
235 1924 415 1959 Κεφάλαιον·
431 1923 478 1950 καὶ
491 1924 540 1958 τὴν
550 1923 645 1958 τρίτην
662 1922 726 1949 Τῶν¹
743 1923 927 1957 μυστηρίων,

133 1972 195 2006 ἥτις
213 1971 271 1997 ἐστὶ
291 1971 359 2004 πρὸς
387 1969 437 2004 τὴν
453 1969 674 2004 ἐπιτηδευθεῖσοιν
699 1969 792 2000 αὺτοῖς
813 1970 929 2004 ἀνατρο-

133 2017 189 2054 πὴν
208 2017 255 2044 τοῦ
285 2016 369 2052 νόμου
396 2016 445 2043 καὶ
467 2016 521 2043 τῶν
550 2015 870 2051 προφητῶν-τετάρτην
894 2016 928 2050 ἣν

134 2064 315 2098 περιφέρουσι
338 2061 500 2096 Θησαυρὸν
514 2060 589 2096 ζωῆς
605 2061 751 2092 καλοῦντες
763 2082 770 2094 ,
782 2061 856 2097 ἥπερ
871 2060 930 2087 ἐστὶ

134 2109 271 2145 θησαυρδς
295 2108 413 2136 Θανάτου
432 2116 439 2123 ο
459 2108 583 2144 μαθητὴς
607 2108 635 2135 δὲ
652 2106 686 2143 ἦν
701 2107 790 2143 τούτῳ
803 2106 930 2142 Τερὲϐιν-

135 2156 182 2188 θος
218 2156 330 2191 ὀνόματι
354 2164 362 2171 ·
390 2154 458 2182 ἀλλὰ
484 2154 531 2181 τὸν
556 2155 756 2190 προειρημένον
781 2153 930 2180 Σκυοιανὺν

134 2201 249 2229 ἐλθόντα
280 2202 321 2233 εις
349 2201 398 2236 τὴν
418 2200 548 2228 Ἰουδαίαν
579 2200 628 2226 καὶ
651 2199 853 2235 λυμαινόμενον
881 2198 930 2234 τὴν

973 957 1041 977 sono
1060 956 1269 985 cxasperantur.
1285 951 1325 978 Ac
1339 952 1372 978 de
1388 952 1430 979 his
1447 952 1561 987 singulis
1584 953 1712 987 posthinc
1739 953 1767 980 in

974 997 1054 1031 plena
1086 997 1281 1031 disputatione,
1313 998 1427 1032 proprio
1461 999 1596 1033 cujusque
1623 1000 1661 1026 rei
1692 999 1768 1034 capi-

975 1043 1042 1076 tulo,
1068 1042 1186 1070 lucidius
1213 1042 1330 1070 dicetur.
1352 1042 1431 1070 Nunc
1462 1048 1589 1078 superest
1624 1048 1654 1071 ut
1683 1044 1768 1072 histo-

975 1088 1061 1114 ricum
1080 1088 1309 1115 commentarium
1328 1088 1512 1115 exordiamur.
1534 1089 1700 1124 Incipiemus
1718 1097 1768 1117 au-

977 1139 1031 1161 tem
1047 1141 1062 1160 a
1083 1134 1276 1169 praeponendis
1291 1135 1335 1168 iis,
1351 1142 1412 1170 qua
1427 1135 1523 1162 beatus
1538 1134 1655 1172 Cyrillus
1676 1136 1703 1163 in
1725 1145 1771 1164 ca-

977 1180 1133 1207 techesibus
1151 1180 1234 1213 dicit;
1255 1181 1356 1216 quibus
1373 1185 1478 1216 postea,
1493 1189 1554 1217 qua:
1571 1183 1703 1217 uuperius
1719 1191 1771 1211 nos

976 1228 1164 1264 cognovimus,
1181 1227 1352 1264 adjiciemus,
1372 1234 1401 1256 ut
1418 1229 1457 1256 rei
1472 1229 1627 1265 disquisitio
1649 1229 1771 1257 iuliinior

977 1274 1034 1301 ﬁat.

1012 1321 1060 1348 XI.
1083 1321 1196 1349 lul‘austi
1211 1322 1331 1350 nominis
1345 1321 1438 1349 Manes
1451 1322 1625 1351 Christianus
1640 1332 1695 1351 non
1709 1324 1770 1357 fuit,

977 1367 1066 1394 absit!
1094 1375 1183 1402 neque
1210 1372 1240 1394 ut
1267 1368 1361 1395 Simon
1387 1368 1508 1396 Ecclesia
1535 1369 1657 1403 ejectus,
1682 1377 1773 1405 neque

978 1415 1037 1450 ipse
1057 1414 1161 1441 scilicet
1181 1422 1270 1449 neque
1292 1415 1396 1449 priores
1412 1415 1458 1442 illo
1473 1415 1555 1450 huius
1571 1416 1698 1451 nequitiae
1715 1425 1773 1444 ma-

978 1460 1068 1494 gistri.
1084 1459 1162 1487 Furis
1173 1460 1245 1486 cnim
1262 1460 1356 1493 instar,
1373 1468 1404 1487 ex
1420 1461 1517 1488 alienis
1532 1462 1682 1490 hmresibus
1695 1471 1772 1491 suam

979 1505 1106 1532 conﬂavit
1127 1505 1309 1540 iniquitatem.
1326 1506 1469 1540 Quomodo
1492 1512 1583 1536 autem
1605 1514 1632 1536 et
1652 1517 1705 1544 qua
1727 1518 1773 1538 ra-

982 1549 1067 1581 tione,
1080 1550 1245 1577 audiendum
1258 1555 1309 1578 est.
1322 1551 1485 1587 Scythianus
1496 1553 1606 1587 quidam
1619 1553 1645 1580 in
1657 1554 1774 1591 {Egyplo

982 1595 1043 1628 fuit,
1062 1604 1162 1631 genere
1184 1596 1346 1630 Saracenus,
1369 1598 1435 1625 nihil
1464 1607 1609 1626 commune
1631 1600 1688 1628 sive
1709 1609 1772 1629 cum

978 1642 1080 1670 Jmlazis
1098 1642 1157 1670 sive
1175 1651 1236 1674 cum
1254 1644 1418 1672 Christianis
1439 1645 1554 1673 habens.
1574 1646 1625 1674 llic
1647 1647 1773 1676 habitans

977 1687 1160 1721 Alexandrize.
1185 1690 1237 1725 16
1251 1690 1431 1719 Aristotelicas
1455 1693 1598 1719 aemulator
1614 1693 1688 1726 vitae,
1705 1702 1773 1729 qua—

978 1740 1040 1761 tuor
1051 1736 1205 1770 composuit
1217 1736 1316 1764 libros:
1331 1745 1415 1764 unutn
1428 1737 1530 1765 dictum
1543 1738 1671 1766 Sanctum
1684 1739 1774 1766 Evan-

978 1781 1085 1817 gelium,
1102 1782 1269 1814 mortiferas,
1283 1791 1338 1810 non
1353 1788 1446 1811 autem
1461 1785 1573 1818 Christi,
1586 1790 1665 1813 actus
1684 1786 1774 1814 couti-

979 1834 1108 1862 nentetn,
1124 1830 1171 1857 sed
1197 1830 1309 1857 nomine
1332 1834 1412 1858 tenus
1438 1831 1475 1858 ita
1499 1832 1684 1867 appellatum;
1704 1834 1774 1861 alte-

978 1884 1040 1903 rum
1055 1876 1160 1903 dictum
1182 1875 1338 1912 Capitulum
1353 1885 1363 1909 ;
1383 1879 1494 1905 tertium
1515 1879 1617 1906 dictum
1634 1879 1774 1915 Mysterio-

979 1931 1049 1954 rnm,
1063 1923 1109 1957 qui
1127 1923 1200 1950 lavet
1220 1923 1288 1960 legis
1309 1931 1340 1951 ac
1364 1925 1572 1960 prophetarum,
1587 1934 1669 1961 quam
1687 1927 1775 1954 Mani-

980 1969 1047 1995 chmi
1073 1968 1177 2002 \olunt,
1196 1969 1386 1997 destructioni.
1412 1970 1544 2003 Quartum
1563 1971 1773 2005 circumierunt,

982 2015 1047 2042 Vita:
1070 2015 1223 2042 thesaurum
1252 2021 1393 2049 vocantes,
1418 2017 1463 2051 qui
1491 2022 1534 2045 est
1560 2018 1650 2052 potius
1679 2020 1776 2047 mortis

980 2061 1137 2088 thesaurus.
1162 2061 1230 2089 lluic
1256 2066 1315 2089 erat
1340 2063 1491 2098 discipulus
1518 2063 1703 2093 Terebinthus
1727 2073 1778 2092 no-

981 2107 1065 2134 mine.
1091 2106 1144 2134 Sed
1168 2108 1242 2135 enim
1262 2107 1443 2144 Scythiauum
1465 2109 1574 2144 quidem
1598 2118 1659 2137 cum
1683 2110 1710 2137 in
1729 2110 1777 2138 Ju-

981 2152 1066 2179 ducam
1081 2153 1114 2180 ad
1130 2153 1304 2181 inﬁciendam
1321 2154 1366 2181 lue
1383 2155 1521 2190 regionem
1539 2154 1662 2185 abiisset.
1680 2156 1777 2184 morbo

984 2198 1114 2226 Dominus
1145 2200 1339 2236 exslinguens,
1371 2201 1452 2229 linem
1483 2202 1621 2237 pestilenti
1652 2203 1778 2230 instituto

135 2249 229 2284 χώραν
244 2249 313 2283 νόσῳ
326 2247 484 2280 θανατώσας
495 2249 509 2274 ὀ
519 2247 633 2283 Κύριος,
649 2246 752 2273 ἔπαυσε
763 2247 814 2281 τὴν
829 2245 924 2280 λοιμώ-

984 2245 1125 2280 imposuit.
1149 2245 1283 2282 Nequitia:
1306 2251 1396 2275 autem
1417 2248 1567 2283 discipulus
1581 2248 1776 2282 Terebinthus,

137 2296 171 2330 δη
188 2294 367 2322 κατάστασιν·
394 2295 408 2321 ὸ
432 2295 460 2321 δὲ
476 2294 526 2328 τῆς
541 2295 640 2326 καικίας
663 2292 787 2328 μαθητὴς
803 2291 930 2327 Τερέὸιν-

137 2341 194 2373 θος,
222 2341 391 2376 κληρονόμος
422 2341 459 2367 ὢν
476 2341 524 2367 τοῦ
538 2340 652 2376 χρυσίου
675 2340 722 2366 καὶ
743 2339 797 2366 τῶν
818 2338 931 2374 βιϐλίων

137 2387 185 2414 καὶ
206 2387 255 2420 τῆς
283 2386 428 2421 αἱρέσεως,
446 2387 671 2421 παραγενόμενος
689 2387 718 2413 ἐν
748 2384 930 2419 Παλαιστίνῃ,

137 2432 186 2460 καὶ
205 2434 238 2469 γὲν
269 2432 385 2468 Ἰουδαίᾳ
411 2432 622 2467 γνωριζόμενος,
639 2432 687 2458 καὶ
716 2430 793 2466 παρὰ
823 2430 933 2457 πάντων

138 2478 425 2513 καταγινωςκόμενος,
440 2479 543 2505 ἐκεῖθεν
561 2479 601 2509 εἰς
622 2478 671 2513 τὴν
694 2478 812 2513 Περσίδα.
829 2477 930 2513 μετῆλ-

137 2525 184 2552 Θεν
198 2533 204 2540 ·
219 2523 279 2552 εἶτα
304 2524 348 2551 ἵνα
365 2524 403 2561 μὴ
418 2526 450 2551 ὲκ
465 2525 514 2560 τῆς
531 2525 719 2560 προσηγορίας
734 2525 816 2551 κάκεῖ
830 2524 931 2559 γνωρί-

138 2572 229 2607 ζηται,
245 2571 360 2599 Βουδδᾶν
388 2571 533 2607 ὠνόμασεν
559 2571 655 2598 ἑαυτόν
670 2580 676 2586 ·
694 2571 755 2598 ἀλλ’
771 2570 848 2606 εἶχεν
874 2572 933 2598 ἐκεῖ

177 2653 198 2668 ¹⁵
214 2651 236 2679 ll
252 2651 326 2680 Petr.
341 2659 382 2684 tn,
398 2650 492 2678 “46.

984 2289 1056 2324 auri,
1082 2291 1226 2323 librorum,
1251 2297 1333 2326 atque
1362 2292 1501 2320 haereSeos
1534 2292 1632 2324 haeres,
1660 2301 1722 2320 cum
1750 2293 1778 2320 iu

982 2336 1154 2364 Palaestinam
1179 2338 1282 2372 pariter
1308 2339 1440 2371 venisset,
1471 2344 1498 2367 et
1522 2339 1549 2366 in
1565 2339 1659 2367 Judtea
1687 2340 1776 2375 palam

984 2384 1160 2416 innotuisset,
1179 2384 1242 2412 inde
1259 2385 1287 2412 in
1304 2385 1444 2413 Persidem
1462 2386 1599 2421 migravit.
1620 2386 1722 2414 Deinde
1744 2395 1779 2414 ne

984 2439 1017 2457 ex
1033 2430 1145 2458 nomine
1161 2430 1216 2458 illic
1232 2439 1341 2466 quoque
1365 2437 1571 2468 agnosceretur,
1597 2432 1718 2460 Buddam
1735 2441 1779 2461 sc-

986 2483 1042 2505 ntet
1057 2478 1213 2513 appellavit.
1238 2478 1433 2506 Verumtamen
1455 2479 1491 2505 ibi
1508 2483 1605 2506 nactus
1624 2484 1665 2506 est
1682 2479 1780 2506 adver-

986 2524 1073 2552 sarios
1087 2524 1260 2558 Mithriacos;
1279 2525 1427 2560 multisque
1442 2526 1587 2552 commotis
1608 2525 1782 2554 sermonibus

987 2576 1014 2598 et.
1044 2571 1283 2605 altercationibus,
1312 2571 1455 2599 convictus
1479 2571 1532 2599 fuit
1554 2581 1561 2599 :
1587 2577 1780 2607 postremoque

784 2695 902 2723 γΑιιιΑῖ
922 2695 1124 2724 LECTIONES.

199 2771 207 2788 ί
222 2769 303 2798 Deest
320 2767 530 2804 ὑπεξῃρημένον
546 2766 618 2802 apud
631 2765 664 2793 Β.

715 2769 730 2784 ¹¹
745 2766 826 2794 Deest
842 2766 1015 2800 νεκροποιεϊς
1030 2765 1100 2800 apud
1117 2764 1150 2791 Β.
1190 2770 1204 2785 ν
1220 2764 1253 2792 R.
1271 2765 1319 2797 ὡς.

884 2821 1000 2849 NOTIE.

179 2887 235 2923 (Η)
253 2885 363 2923 Scilicet
379 2874 648 2923 Cyrillttsdliet‘psol.
668 2879 701 2923 iit
711 2878 940 2923 qatechesi'sesta

143 2933 159 2952 ιι
175 2914 236 2959 cap:
248 2921 279 2949 2i
298 2925 325 2948 et
342 2915 481 2954 deinceps,
498 2918 526 2945 in
541 2916 660 2944 editione
680 2915 778 2943 Τυιιωί
794 2915 839 2950 qui
855 2914 936 2942 Petro

307 2968 445 2998 PATROL.
461 2966 519 2996 Gn.
541 2964 618 2995 CIV.

997 2883 1091 2906 nostro
1110 2879 1146 2906 ob
1164 2879 1356 2916 corrigendum
1382 2879 1546 2916 quandoque
1562 2880 1655 2916 Cyrilli
1680 2887 1784 2911 textum

992 2921 1059 2942 usus
1076 2919 1129 2942 est.

1551 2963 1590 2994 [ιο
