1948 3070
167 241 198 268 τὸ
223 239 446 275 ἐπαγγείλασθαι
478 240 579 273 σῶσαι,
595 239 644 268 καὶ
668 238 824 274 ψεύσασθαι
838 247 844 254 ·
866 238 967 274 μᾶλλον

169 286 209 319 δὲ,
229 287 254 312 εἰ
268 286 308 312 δεῖ
321 286 346 312 τ’
356 285 456 321 ἀληθὲς
470 286 569 318 εἰπεῖν,
585 285 630 312 διὰ
643 285 675 312 τὸ
685 285 817 320 φονεῦσαι
828 292 835 299 ·
851 284 897 311 τὸν
911 283 965 319 γὰρ

169 331 319 366 δυνάμενον
342 331 387 358 διὰ
413 332 463 367 τῆς
495 332 621 367 ἰατρικῆς
648 330 810 366 ἐπιμελείας
834 330 964 366 σωθῆναι,

169 373 248 408 οὗτος
261 378 325 408 τοὺς
345 377 454 413 ἰατροὺς
471 378 630 412 ἀποστήσας
645 377 831 412 ὲφόνευσε,τῇ
849 376 966 411 ἀμελείᾳ

170 420 342 453 θανατώσας.
366 422 450 457 Ἑμοῦ
464 422 491 448 δὲ
511 422 637 456 λέγοντος
657 422 692 448 τὰ
707 422 771 458 περὶ
786 421 869 449 αὐτοῦ
885 422 965 457 πάμ-

168 467 257 494 πολλα
282 469 366 500 κακὰ,
400 469 525 504 μέμνησο
550 468 660 504 πρῶτον
692 469 743 503 τὴν
773 468 962 503 βλασφημίαν,

169 512 298 548 δεύτερον
318 513 368 548 τὴν
385 513 507 540 δουλείαν
522 521 529 529 ·
545 514 595 549 οὐχ
616 504 798 549 ὃτι-αἰσχύνη
815 516 831 550 ἡ
847 514 964 546 δουλεία,

169 558 228 585 ἀλλ’
244 558 285 584 ὃτι
312 558 408 585 δοῦλον
430 559 496 585 ὄντα
527 558 670 594 ἐλευθερίᾳ
700 559 962 594 ἀντιπράττεσοαιί

169 605 254 631 κακόν
264 613 271 620 ·
287 604 389 638 τρίτον,
402 604 433 631 τὸ
446 604 544 639 ψεῦδος
558 605 610 639 τῆς
622 606 790 639 ἐπαγγελίας
800 614 806 620 ·
821 605 964 641 τέταρτον,

169 651 217 677 τὸν
252 650 301 677 τοῦ
333 650 428 682 παιδὸς
461 651 565 685 φόνον·
599 651 647 678 καὶ
678 651 814 686 πέμπτον,
849 652 899 686 τὴν
919 652 965 678 αι-

171 696 273 731 σχύνην
289 696 339 731 τῆς
355 696 482 731 φυλακῆς
494 704 501 712 °
515 696 563 723 καὶ.
576 697 626 724 οὒκ
637 695 671 732 ἦν
686 697 802 734 αἰσχύνη
817 697 866 733 τῆς
878 697 966 732 φυλα-

170 743 222 778 κῆς
239 743 329 778 μόνον,
346 742 415 769 ἀλλὰ
431 743 506 778 καὶὴ
521 744 553 769 ὲκ
567 743 617 779 τῆς
633 743 758 778 φυλακῆς
771 744 844 779 φυγή
860 752 866 758 ·
882 743 896 768 ὁ
912 743 965 779 γὰρ

169 788 257 823 λέγων
275 788 372 814 ἑαυτὸν
388 788 580 824 Παράκλητον,
598 790 646 816 καὶ
659 789 717 824 ιτῆς
733 789 862 824 ἀληθείας
878 789 965 824 ὑπέρ-

170 843 269 870 μαχον,
284 835 385 870 ἔφυγεν
397 843 404 851 ο
418 835 468 862 οὐκ
483 833 518 871 ἦν
532 835 653 871 διάδοχος
677 835 765 871 Ἰησοῦ
783 835 830 862 τοῦ
848 834 967 870 ἑτοίμως

169 881 319 916 ἐρχομένου
328 882 369 912 εἰς
377 881 423 908 τὸν
434 881 562 916 σταυρὸν,
577 878 718 912 ἁλλόὒτος
733 881 861 913 ἐναντίως
877 881 966 915 φυγὰς

169 925 204 962 ἦν
217 935 224 941 ·
249 924 309 953 εἶτα
324 928 339 953 ὁ
356 926 483 962 βασιλεὺς
506 927 620 962 Περσῶν
645 926 788 953 ἐκέλευσεν
810 925 966 961 ἀπαχθῆναι

169 974 232 1005 τοὺς
263 973 470 1008 δεσμοφύλακας
493 981 501 989 ο
529 973 641 1005 αιτιοςό
662 973 759 1008 Μάνης
787 973 800 992 ⁸
823 972 856 999 δι’
883 973 967 1008 ὑπερ-

169 1019 287 1055 ηφανίαν
312 1020 429 1047 θανάτου
457 1019 498 1056 τῷ
518 1020 593 1046 παιδὶ
614 1020 641 1053 δ,
668 1020 716 1046 καὶ
735 1019 822 1051 αἴτιος
847 1019 963 1046 θανάτου

169 1067 226 1098 τοῖς
256 1065 440 1101 δεσμοφύλαξι
470 1065 515 1092 διὰ
539 1066 588 1100 τὴν
615 1065 726 1100 φυγήν·
744 1065 758 1092 ὁ
774 1062 822 1091 οὖν
847 1063 964 1091 θανάτου

171 1112 317 1148 παραίτιος
331 1110 410 1144 οὗτος
426 1108 481 1147 ἆρα
498 1111 712 1147 προσκυνεῖσθαι
728 1110 832 1144 ὀφείλει
856 1109 893 1141 ὡς
907 1110 966 1136 Πα-

172 1158 324 1194 ράκλητοςς
342 1158 399 1185 Οὐκ
417 1157 472 1185 ἔδει
500 1156 674 1193 μιμήσασθαι
693 1157 702 1177 ι
727 1155 842 1191 Ἰησοῦν,
858 1156 906 1183 καὶ
925 1156 964 1182 εε-

171 1207 250 1232 πεῖν·
275 1207 308 1232 ει
331 1204 384 1240 ἐμὲ
400 1203 528 1238 ζητεῖτε,
549 1203 640 1238 ἄφετε
665 1203 791 1235 τούτους
817 1201 966 1237 ὐπάτειν;

746 180 931 213 HISTORIA
954 179 1262 212 MANICII/EORUM.

1750 179 1816 211 126:2

980 239 1005 268 Α
1019 244 1094 271 spem
1113 236 1258 269 fefellerat,
1275 235 1330 264 imo
1341 235 1444 271 potius,
1459 240 1490 262 ut
1509 235 1600 263 verius
1613 235 1713 268 dicam,
1726 235 1815 263 homi-

1017 282 1078 310 cida
1092 282 1235 309 exstiterat
1259 291 1266 309 :
1293 282 1395 309 etenim
1416 289 1479 309 eum
1504 281 1550 316 qui
1571 281 1728 309 medicinali
1748 290 1813 309 cura

1017 329 1108 356 sanari
1123 333 1238 364 poterat,
1251 328 1309 364 ipse
1320 328 1455 356 submotis
1468 328 1581 355 medicis
1593 328 1740 360 interfecit,
1755 337 1814 356 me-

1020 375 1089 403 dela:
1113 375 1292 402 destitutione
1317 374 1350 401 ad
1376 378 1493 402 mortem
1519 374 1672 402 redactum.
1691 374 1732 402 Ille
1750 383 1814 402 vero

1017 422 1104 449 multa
1120 421 1244 457 ejusdem
1264 421 1368 448 scelera
1390 429 1503 448 narrare
1525 421 1697 454 instituente,
1720 430 1814 448 recor-

1017 468 1094 499 dare,
1110 468 1208 501 lector,
1220 468 1308 504 primo
1323 467 1523 502 blasphemiam
1539 467 1619 502 ejus;
1635 468 1734 495 deinde
1755 477 1814 495 ser-

1017 515 1143 547 vitutem,
1156 522 1211 541 non
1229 515 1301 549 quod
1313 514 1431 542 servitus
1447 514 1547 549 probro
1559 514 1605 546 sit,
1620 514 1667 541 sed
1679 515 1741 549 quia
1755 515 1815 542 olli-

1017 560 1058 587 eia
1071 560 1124 595 18
1139 559 1217 587 liberi
1230 560 1348 588 hominis
1360 568 1374 587 a
1388 567 1467 587 servo
1484 560 1611 595 usurpari
1626 560 1749 595 iniquum
1761 566 1812 588 est:

1018 606 1105 634 tertio
1121 605 1180 633 loco
1195 606 1387 640 promissionis
1401 605 1546 633 falsitatem
1563 615 1569 632 :
1584 611 1681 641 quarto
1696 608 1815 635 carceris

1018 651 1195 686 ignominiam
1208 659 1215 684 ;
1229 659 1317 686 neque
1330 651 1449 679 carceris
1461 656 1566 679 tantum
1578 652 1817 688 ignominiam,v0-

1019 705 1077 725 rum
1087 698 1169 725 etiam
1178 705 1210 725 cx
1224 706 1332 725 carcere
1347 697 1448 734 fugam.
1464 697 1532 725 Nam
1544 698 1590 733 qui
1604 706 1633 726 se
1646 698 1815 727 I’aracletum

1017 748 1045 771 et
1059 743 1181 771 veritatis
1194 743 1367 771 defensorem
1379 744 1497 777 diccbat,
1514 744 1582 780 fugit
1598 753 1605 771 :
1623 752 1673 772 nec
1687 744 1739 772 fuit
1752 753 1817 780 pro-

1018 789 1090 816 fecto
1108 789 1211 817 Christi
1226 789 1356 822 imitator,
1376 791 1423 825 qui
1441 795 1539 826 sponte
1554 790 1588 817 ad
1601 798 1710 818 crucem
1723 792 1816 824 venit;

1018 842 1112 861 verum
1128 836 1150 862 is
1167 840 1263 862 contra
1277 835 1340 871 fuga
1356 844 1386 864 se
1402 837 1538 872 proripuit
1558 845 1564 863 :
1583 844 1637 872 quo
1661 836 1742 869 Iacto,
1770 845 1818 864 rex

1019 879 1163 907 Persarum
1173 880 1235 908 duci
1243 881 1276 908 ad
1287 882 1450 917 supplicium
1460 883 1588 910 custodes
1596 883 1816 918 carcerisjussit.

984 916 1003 942 Β
1019 924 1106 952 Causa
1115 926 1196 961 igitur
1203 916 1353 954 fuitManes
1363 931 1420 954 tum
1429 927 1520 955 obitus
1527 928 1604 963 pueri
1613 916 1818 963 objactantiam

1021 980 1110 1006 suam,
1132 977 1189 1000 tum
1214 973 1295 1000 etiam
1311 974 1387 1001 necis
1410 974 1554 1001 custodum
1579 978 1691 1009 propter
1714 975 1816 1011 fugam.

1020 1017 1127 1054 Ergone
1146 1018 1190 1046 hic
1210 1019 1306 1046 mortis
1315 1026 1411 1046 auctor
1429 1024 1457 1046 et
1476 1027 1548 1051 reus,
1562 1019 1668 1046 adorari
1688 1024 1817 1054 tanquam

1019 1063 1174 1092 Paracletus
1202 1065 1298 1097 debet?
1319 1065 1415 1092 Nonne
1434 1073 1498 1092 eum
1524 1066 1646 1100 oportuit
1675 1066 1816 1093 Christum

1020 1110 1132 1143 imitari,
1142 1118 1174 1138 ac
1185 1111 1277 1138 dicere
1290 1121 1296 1138 :
1311 1111 1340 1138 Si
1356 1120 1396 1138 me
1407 1112 1537 1146 quttrifis,
1552 1111 1630 1138 sinite
1637 1113 1683 1138 hos
1695 1111 1768 1139 abire
1777 1112 1796 1127 ³⁷
1806 1112 1819 1138 2

1019 1154 1128 1189 Nonne,
1138 1156 1270 1190 utJonas,
1280 1157 1371 1185 dicere
1382 1157 1494 1186 debuit:
1505 1157 1598 1186 Tollite
1609 1167 1650 1186 me
1662 1163 1686 1186 et
1697 1159 1821 1194 projicite

1020 1203 1049 1229 in
1063 1211 1152 1230 mare:
1164 1210 1272 1238 propter
1290 1212 1330 1231 me
1342 1205 1412 1232 enim
1429 1209 1568 1240 tempestas
1582 1206 1637 1233 Itazc
1655 1206 1695 1233 “?

171 1252 222 1278 οὐκ
245 1251 299 1278 ἔδει
327 1251 400 1278 κατὰ
423 1250 470 1277 τὸν
489 1249 496 1275 i
524 1250 617 1278 Ίωνᾶν
625 1250 712 1276 εἰπεῖν
724 1257 731 1265 -
751 1247 856 1283 Ἀρατέ
869 1257 908 1283 με
927 1247 977 1275 καὶ
996 1248 1144 1284 ἐμϐάλατε
1163 1252 1207 1284 εὶς
1222 1250 1279 1284 τὴν
1308 1250 1480 1285 θάλασσαν,
1515 1252 1553 1279 δι’
1567 1252 1620 1287 ἐμὲ
1638 1252 1694 1287 γὰρ
1706 1254 1722 1280 ὁ
1746 1253 1819 1280 κ.ῑύ-

172 1298 233 1326 δων
249 1296 339 1330 οὗτος
351 1306 360 1330 ;

209 1345 259 1373 ΙΔ’.
277 1346 376 1380 Φεύγει
389 1345 399 1364 ὶ
417 1346 450 1372 ἐκ
465 1346 514 1381 τῆς
529 1344 663 1380 φυλακῆς,
677 1344 724 1370 καὶ
741 1343 851 1378 ἔρχεται
863 1343 904 1374 εἰς
919 1342 969 1377 τὴν

175 1392 389 1427 Μεσοποταμίαν
403 1400 409 1408 ·
427 1392 495 1418 ἀλλὰ
517 1392 626 1426 ἀπαντᾷ
642 1390 717 1426 αὐτῷ
734 1390 815 1417 ὂπλον
828 1389 970 1415 δικαιοσύ-

175 1448 236 1474 νης,
258 1439 406 1474 ’Δρχέλαος
421 1437 571 1469 ἐπίσκοπος
584 1437 641 1472 (l7)
657 1444 664 1451 ·
682 1436 728 1462 καὶ
752 1436 799 1462 ἐπὶ
816 1435 971 1469 φιλοσόφων

175 1485 278 1521 κριτῶν
294 1484 417 1518 ἐλέγξας,
432 1484 616 1519 ἀκροατήριον
633 1482 788 1518 Ἑλληνικὴν
798 1481 972 1516 συστησάμε-

176 1540 232 1565 νος,
249 1531 293 1558 ἵνα
310 1531 348 1566 μὴ
362 1529 536 1565 Χριστιανῶν
550 1529 708 1564 κρινόντων,
719 1528 831 1560 δόξωσιν
842 1529 867 1554 οὶ
878 1526 971 1562 κριταὶ

176 1577 348 1613 χαρίζεσθαι.
374 1576 443 1610 Λέγε
456 1579 487 1607 ¹¹¹,
511 1576 594 1610 φησὶν
622 1575 636 1600 ὁ
665 1574 809 1609 Ἀρχέλαος
834 1573 902 1608 πρὸς
925 1572 971 1599 τὸν

177 1624 305 1651 Μὰνεντα
315 1623 329 1650 ὃ
339 1627 354 1641 ιι
368 1622 518 1658 κηρύσσεις
534 1629 542 1636 ο
561 1622 574 1647 ὁ
588 1620 616 1647 δὲ
632 1620 670 1651 ὡς
691 1620 775 1654 τάφον
793 1618 971 1654 ἀνεῳγμένον

177 1671 246 1706 ἔχων
270 1670 301 1696 τὸ
331 1669 428 1704 στόμα,
443 1669 498 1695 ἀπὶ
526 1668 576 1702 τῆς
598 1665 776 1702 βλασφημίας
789 1666 899 1699 πρῦτον
923 1664 971 1691 τοῦ

179 1715 296 1751 Ποιητοῦ
317 1715 372 1742 τῶν
389 1715 458 1741 ὅλων
480 1714 581 1750 ἤρχετο
603 1713 717 1748 φάσκων
733 1731 740 1744 ,
761 1712 801 1738 ὅτι
816 1712 830 1737 ὁ
850 1711 899 1746 τῆς
914 1710 970 1737 Ila.

178 1762 258 1793 λαιᾶς
271 1761 348 1792 Θεὸς,
363 1760 458 1787 κακῶν
474 1761 549 1786 ἐστιν
564 1759 680 1795 εὑρετής
693 1767 701 1774 ο
714 1758 802 1791 λέγων
819 1757 881 1793 περὶ
907 1757 972 1784 ἑαυ-

178 1806 238 1838 τοῦ,
262 1805 333 1840 Ἐγὼ
348 1805 408 1838 πῦρ
425 1804 654 1831 καταναλίσκον
668 1804 691 1818 ¹⁰
708 1811 714 1817 ·
731 1804 744 1829 ὁ
759 1803 787 1829 δὲ
806 1803 888 1837 σοφὸς
909 1802 973 1837 *Αρ-

179 1851 275 1888 χέλαος
290 1851 382 1884 ἐξέλυε
404 1850 453 1884 τὴν
470 1849 646 1884 βλασφημίαν
664 1848 738 1884 [cm].
756 1848 776 1875 l'.
795 1847 853 1884 9L]
869 1847 971 1875 εἰπών·

179 1899 211 1926 Εἰ
222 1899 237 1925 ὁ
247 1897 296 1932 τῆς
306 1896 426 1928 Παλαιᾶς
436 1895 513 1927 Θεὸς,
521 1895 592 1922 κατὰ
604 1895 650 1921 τὸν
663 1895 708 1920 σον
716 1894 805 1928 λόγον,
814 1894 869 1929 πῦρ
877 1894 973 1921 ἑαυτὸν

178 1946 264 1979 λέγει,
273 1944 345 1975 τινος
355 1943 413 1973 υἱός
422 1944 494 1968 ἐστιν
505 1943 519 1968 ὁ
526 1940 623 1975 λέγων,
634 1941 658 1966 Π
663 1940 696 1973 ῦρ
706 1938 801 1974 ἦλθον
807 1939 917 1971 βαλεῖν
924 1939 974 1966 ἐπὶ

178 1991 237 2026 τὴν
252 1989 313 2026 γῆν
325 1990 346 2005 ¹¹
361 1998 368 2023 ;
383 1989 430 2015 καὶ
446 1988 470 2014 εἰ
488 1988 583 2023 μέμψῃ
600 1986 646 2014 τὸν
662 1986 784 2019 λέγοντα,
803 1985 909 2018 Κύριος
924 1987 975 2012 θιι-

178 2036 266 2065 νατοῖ
289 2035 337 2062 καὶ
355 2033 493 2068 (moror-si
502 2033 537 2065 “,
549 2032 593 2060 διὰ
613 2033 639 2059 τί
654 2032 736 2067 τιμᾷς
754 2030 857 2066 Πέτρον
873 2031 895 2046 ¹⁰
905 2049 912 2062 ,
925 2030 974 2065 τὴν

178 2082 301 2110 Ταόιοὰν
328 2081 377 2116 μὲν
402 2080 559 2114 ἐγείραντα,
583 2078 634 2114 τὴν
663 2077 690 2104 δὲ
709 2077 870 2112 Σάπφειραν
891 2076 974 2102 Θανα-

178 2129 305 2157 τὼσαντα
321 2126 396 2164 (18);
419 2128 444 2152 εἰ
460 2125 490 2152 δὲ
506 2125 553 2152 καὶ
571 2125 668 2159 μέμφῃ
687 2124 726 2150 ὅτι
742 2122 798 2158 πῦρ
813 2122 973 2157 ἡτοίμασεν,

177 2177 223 2204 διὰ
237 2176 264 2202 τί
281 2176 312 2202 οὑ
328 2175 424 2210 μέμφῃ
435 2173 481 2200 τὸν
501 2172 626 2206 λέγοντα,
640 2170 809 2205 Πορεύεσθε
816 2170 860 2202 εἰς
871 2169 903 2195 τὸ
915 2168 975 2202 πῦρ

177 2223 212 2250 τὸ
237 2222 358 2249 αἰώνιον
372 2222 420 2254 ;εῑ
452 2219 548 2255 μέμφῃ
577 2218 622 2244 τὸν
646 2217 780 2251 λέγοντα,
801 2214 875 2250 Ἐγὼ
902 2214 974 2247 Θεὸς

179 2267 274 2296 ποιῶν
288 2267 415 2301 εἰρήνην
426 2266 476 2293 καὶ
494 2264 600 2295 κτίζων
619 2264 708 2294 κακὰ.
727 2263 770 2289 διὰ
787 2262 812 2288 τί
830 2262 859 2289 οὐ
877 2261 975 2298 μέμφῃ

179 2314 225 2340 τὸν
247 2314 352 2348 Ἰησοῦν
377 2313 500 2346 λέγοντα,
522 2312 582 2338 Οὐκ
599 2309 695 2346 ἦλθον
717 2308 829 2341 βαλεῖν
848 2307 974 2342 εἰρήνην

179 2359 228 2387 ἐπὶ
244 2359 300 2393 τῆς
321 2357 387 2393 τῆς,
408 2359 493 2385 ἀλλὰ
507 2357 680 2392 μάχαιραν;
699 2355 862 2391 ἀμφοτέρων
874 2354 910 2381 τὰ.
929 2355 974 2380 ῑσα

216 2439 236 2454 ¹⁷
254 2437 334 2465 Joau.
351 2445 427 2468 xviii,
446 2436 473 2464 8.
512 2436 533 2452 ¹³
547 2435 609 2463 Jon.
626 2443 644 2467 ι,
664 2434 704 2462 l2.
745 2434 767 2450 ¹⁹
784 2433 852 2460 Psal.
867 2439 893 2460 ν.
908 2431 954 2468 μ.

180 2475 203 2491 ’³
219 2474 281 2501 Act.
307 2482 346 2506 ix,
361 2466 460 2505 ιυίν,
474 2471 501 2499 5.
541 2472 562 2487 ³⁵
581 2471 659 2498 Deut.
679 2478 766 2501 xxxii,
784 2468 831 2496 ‘22.
870 2468 894 2483 ’⁵
906 2467 968 2494 Llatl

1022 2475 1083 2499 λιν,
1099 2467 1145 2494 41.
1182 2467 1205 2482 ⁸⁸
1223 2466 1258 2494 ls.
1277 2474 1338 2500 XLV,
1364 2466 1390 2494 7.

1060 1341 1133 1369 XIV.
1153 1341 1233 1378 Fugit
1246 1350 1278 1370 ex
1294 1350 1416 1376 carcere,
1432 1348 1460 1370 et
1475 1343 1501 1370 in
1521 1343 1748 1378 Mesopotamiam
1770 1356 1818 1376 ve-

1025 1388 1076 1415 nit.
1092 1388 1191 1415 Vcrum
1209 1389 1265 1416 illic
1283 1389 1403 1416 occurrit
1425 1389 1451 1416 ei
1467 1390 1551 1416 telum
1570 1391 1695 1426 justitiaa,
1713 1392 1821 1421 Arche-

1025 1435 1085 1462 laus
1105 1435 1267 1470 cpiscopus,
1286 1435 1438 1470 prmpositis
1460 1436 1564 1471 judicio
1588 1437 1769 1474 philosophis,
1793 1445 1820 1468 et

1025 1482 1155 1509 advocata
1170 1482 1347 1509 Ethnicorum
1369 1483 1512 1516 concione,
1531 1491 1567 1511 ne
1587 1484 1610 1510 si
1630 1484 1700 1512 forte
1713 1485 1822 1520 judica~

1027 1531 1087 1554 rent
1099 1527 1259 1560 Christiani,
1278 1528 1417 1555 videretur
1430 1529 1580 1564 gratiosum
1593 1538 1655 1558 esse
1674 1531 1819 1566 judicium.

1024 1573 1070 1600 lllc
1098 1579 1188 1601 autem
1213 1574 1330 1609 patentis
1352 1575 1469 1610 sepulcri
1490 1576 1576 1603 instar
1591 1584 1621 1604 os
1635 1576 1739 1605 habens
1755 1579 1788 1610 υ.
1806 1587 1820 1606 a

1023 1619 1194 1655 blasphemia
1204 1620 1335 1648 adversus
1344 1621 1466 1648 omnium
1478 1629 1567 1648 rerum
1584 1621 1725 1650 Factorem
1738 1631 1821 1652 exor-

1022 1674 1070 1693 sus
1086 1672 1128 1693 est
1139 1666 1234 1694 dicens
1250 1675 1256 1693 :
1274 1667 1378 1694 Veteris
1390 1666 1557 1695 Testamenti
1571 1668 1668 1702 Deum,
1687 1670 1820 1698 malorum

1022 1718 1084 1738 esse
1108 1711 1291 1745 inventorem,
1311 1712 1532 1746 quandoquidem
1561 1713 1594 1741 de
1623 1721 1652 1741 se
1675 1713 1713 1741 ait
1733 1723 1740 1742 :
1764 1715 1822 1751 Ego

1024 1756 1093 1792 ignis
1117 1765 1271 1784 comantem
1297 1765 1355 1784 sum
1381 1758 1415 1785 ¹⁰.
1435 1757 1550 1793 Sapiens
1576 1767 1641 1787 vero
1671 1760 1821 1789 Archelaus

1003 1806 1005 1809 '
1022 1802 1220 1838 blasphemiam
1235 1804 1402 1832 dissolvebat
1417 1804 1511 1832 dicens
1525 1814 1531 1832 :
1556 1796 1701 1834 vaeteris
1725 1806 1822 1835 Testa-

1023 1849 1107 1876 menti
1126 1849 1207 1882 Deus,
1224 1853 1254 1876 ut
1271 1849 1322 1879 ais,
1335 1850 1423 1885 ignem
1444 1858 1473 1877 se
1491 1850 1568 1884 dicit,
1580 1852 1721 1886 cujusnam
1735 1851 1820 1880 Filius

1024 1899 1065 1923 est
1076 1896 1120 1930 qui
1136 1896 1194 1923 ait:
1217 1895 1306 1930 Ignem
1323 1897 1382 1923 veni
1403 1897 1504 1924 mittere
1518 1897 1545 1923 in
1570 1901 1668 1924 terram
1683 1897 1726 1924 “‘3
1741 1897 1821 1931 Quod

1024 1942 1046 1969 si
1061 1942 1239 1976 reprehendis
1254 1943 1391 1969 dicentem
1407 1951 1414 1969 :
1430 1942 1559 1969 Dominus
1580 1943 1721 1978 morti/ictu
1740 1949 1764 1970 et
1782 1945 1821 1971 vi-

1023 1988 1112 2022 viﬁcat
1133 1988 1176 2020 “,
1210 1995 1259 2015 cur
1286 1988 1398 2015 Petrum
1427 1987 1563 2021 lionoras,
1593 1989 1639 2023 qui
1676 1989 1820 2017 Tabitliam

1024 2032 1133 2067 quidem
1149 2032 1332 2065 resuscitavit,
1352 2033 1398 2059 sed
1415 2032 1557 2067 Sapliiram
1581 2033 1635 2059 let)
1650 2033 1762 2061 tradidit
1776 2034 1820 2060 "?

1027 2077 1080 2112 19
1101 2077 1170 2104 Tum
1187 2077 1210 2104 si
1226 2078 1366 2112 vituperas
1377 2078 1448 2112 quod
1465 2077 1554 2113 ignem
1574 2079 1710 2112 paraverit
1722 2079 1756 2111 “,
1772 2088 1822 2107 cur

1025 2131 1080 2149 non
1095 2123 1273 2157 reprehendis
1284 2123 1330 2158 qui
1348 2123 1414 2150 dicit
1429 2132 1434 2149 :
1447 2122 1488 2149 Ite
1500 2124 1526 2149 in
1539 2124 1624 2158 ignem
1640 2129 1768 2151 internum
1778 2125 1822 2152 “?

1026 2167 1218 2203 Siexpostulas
1228 2168 1299 2202 quod
1308 2168 1422 2195 dixerit:
1436 2168 1490 2204 Ego
1501 2169 1568 2196 Deus
1580 2170 1680 2204 faciens
1694 2178 1784 2205 pacem
1795 2177 1820 2198 et

988 2252 1007 2254 _
1027 2222 1119 2241 creuns
1133 2214 1205 2241 mala
1219 2215 1260 2246 ",
1282 2222 1332 2241 cur
1352 2222 1408 2242 non
1425 2215 1541 2250 castigas
1553 2215 1645 2243 Jesum
1662 2216 1795 2244 dicentem
1811 2227 1818 2244 :

988 2252 1015 2281 Ῑ)
1028 2261 1087 2288 Non
1101 2261 1158 2288 veni
1175 2268 1265 2295 pacem
1281 2262 1384 2288 mittere
1405 2262 1433 2288 in
1457 2267 1567 2296 terram,
1585 2263 1630 2289 sed
1645 2262 1764 2298 gladium
1776 2263 1819 2290 ’7?

1028 2306 1097 2334 Cum
1109 2307 1190 2334 ambo
1203 2307 1443 2343 parialoquantur,
1458 2308 1619 2336 alterutrum
1635 2314 1702 2342 stat;
1721 2316 1820 2345 nempe

1029 2357 1059 2380 ut
1079 2353 1122 2380 vel
1137 2353 1218 2380 ambo
1232 2353 1268 2380 ob
1283 2354 1407 2395 eamdem
1427 2354 1592 2382 locutionem
1609 2354 1673 2382 boni
1689 2357 1759 2388 sint;
1778 2356 1819 2383 vel

994 2430 1017 2446 "
1042 2430 1127 2470 Deiit._
1140 2430 1247 2470 tv,__2_l.
1302 2431 1324 2447 ¹¹
1341 2430 1405 2470 Luc.
1422 2439 1460 2470 irit
1471 2431 1545 2470 ,ως
1600 2431 1647 2470 ’ξι
1661 2433 1728 2470 Reg.
1744 2441 1775 2466 ιι,
1789 2434 1817 2460 6.

1429 2467 1451 2482 ’⁷
1469 2467 1564 2495 Matth.
1577 2476 1603 2501 ι,
1616 2468 1662 2497 54.

829 2524 946 2554 νΛΙιΙΑῑ
967 2523 1169 2552 LECTIONES.

218 2593 228 2613 I‘
242 2589 360 2626 Cyrillus
379 2588 536 2626 ξλευοερίιιν
561 2586 736 2626 πλάττεσθαι,
765 2585 914 2613 libertatem
941 2583 1080 2626 simulare.

1132 2585 1144 2604 Β
1159 2583 1190 2610 It.
1227 2584 1335 2619 Μάνην.
1386 2582 1495 2620 llDeest
1515 2593 1555 2620 τῳ
1583 2584 1658 2611 παιδὶ
1678 2585 1749 2620 apud
1783 2585 1816 2613 Il.

184 2635 190 2648 ι
210 2627 243 2655 lt.
259 2619 431 2662 μιμίσασθαι.
471 2619 482 2649 i
501 2623 537 2651 Ita
553 2631 649 2658 reapse
663 2623 758 2656 codex,
777 2630 832 2649 non
849 2627 940 2648 autem
953 2620 1013 2646 κατ’
1026 2619 1117 2647 αὐτόν.
1156 2619 1169 2639 ι
1183 2620 1214 2646 Β.
1233 2619 1378 2655 ὲμὸάλετε.
1418 2619 1592 2656 llnterponit
1606 2620 1652 2646 καὶ
1671 2619 1703 2648 li.
1742 2625 1761 2639 ιη
1780 2620 1815 2648 ιι.

179 2664 263 2697 λέγει.
303 2666 317 2679 ιι
332 2661 365 2687 n.
380 2661 405 2688 ὁ.

944 2701 1065 2730 ΝΟΤᾸΕ.

217 2768 272 2808 (17)
288 2765 415 2808 Archelai
424 2771 486 2792 cum
500 2764 611 2808 Maneto
621 2761 972 2808 minitoc‘opiosiprrdispp-

183 2798 249 2830 latio
260 2798 348 2829 exstat
363 2801 435 2828 edita
450 2800 612 2834 egregieque
627 2799 759 2826 illustrala
778 2806 792 2825 ιι
813 2798 847 2825 el.
865 2798 971 2834 v‘iroVL.

183 2840 215 2865 A.
229 2837 373 2872 Zaeugnio,
390 2832 637 2872 hibliothehuLVat.
649 2834 714 2872 olim
728 2834 863 2868 praefecto,
876 2832 902 2859 in
915 2833 975 2866 ejus

183 2870 345 2901 collectione
357 2879 478 2898 tuonum.
494 2875 548 2897 vet.
562 2870 654 2896 llomm
668 2870 747 2896 1598.

227 2908 283 2944 (18)
310 2907 339 2934 ln
359 2906 460 2935 codicis
480 2906 602 2941 margine
618 2906 653 2932 ita
674 2914 680 2930 ;
702 2904 750 2931 καὶ
765 2903 818 2939 μὴν
830 2902 977 2938 αὑτδςῖὲδί-

1026 2762 1120 2795 δαξας,
1144 2763 1183 2794 ὡς
1208 2762 1371 2797 ἀτιμάζουσι
1388 2762 1503 2796 Πέτρον,
1518 2761 1567 2792 τὰς
1591 2761 1619 2787 δὲ
1647 2760 1762 2796 πράξεις
1789 2760 1820 2788 οὗ

1027 2798 1165 2833 δέχονταιι
1179 2798 1253 2833 atqui
1269 2803 1296 2824 tu
1311 2799 1366 2833 ipse
1383 2805 1429 2824 nos
1439 2797 1560 2828 docuisti,
1576 2799 1608 2833 ao
1622 2797 1686 2833 ipsis
1694 2798 1824 2823 contemni

1030 2831 1149 2866 Petrum,
1160 2838 1183 2859 ct
1195 2831 1373 2868 apostolorum
1387 2834 1452 2859 Acta
1464 2841 1517 2868 non
1529 2832 1617 2866 recipi.
1632 2831 1735 2858 Tamen
1746 2832 1810 2859 alite

1030 2869 1064 2896 de
1080 2869 1265 2905 apostolorum
1280 2869 1354 2896 Actis
1369 2875 1451 2903 supra
1467 2875 1493 2903 p.
1509 2867 1552 2894 Η.
