1948 3070
161 179 228 211 1263

852 181 969 210 PETRI
997 181 1124 212 SICULI

1731 184 1794 216 126i

157 239 179 265 si
196 237 368 273 inculpabilis
384 237 466 265 Jesus
476 241 519 265 est
531 238 568 265 ita
580 237 704 272 loquens,
719 243 768 264 cur
783 237 859 264 illum
875 238 933 264 vitu

1003 236 1147 272 λεγόντων,
1163 239 1236 266 δυοῖν
1251 239 1365 274 θάτερον
1380 249 1386 255 ·
1402 241 1418 276 ἢ
1434 241 1586 276 ἀμφότεροι
1602 241 1679 268 καλοὶ
1690 242 1733 268 διὰ
1746 243 1793 278 τὴν

157 291 237 318 peras
248 283 294 318 qui
306 283 432 310 similiter
441 283 468 310 in
480 287 571 310 vetere
583 283 715 318 loquitur?
726 282 878 318 Respondit
888 283 953 310 huic

156 330 253 356 Manes
269 337 276 356 :
293 328 425 361 Quisnam
438 335 504 356 vero
518 327 589 355 Deus
598 328 735 355 excaecat?
750 327 833 362 Atqui
849 327 949 355 Paulus

156 376 194 402 ait
206 384 212 402 ί
222 375 254 402 1η
270 375 363 411 quibus
380 375 449 401 Deus
463 374 542 409 hujus
554 373 643 401 surculi
654 374 794 401 excwcavit
805 374 952 408 inﬁdelium

158 427 266 453 mentes,
281 426 309 448 ut
323 429 376 447 non
392 420 492 456 fulgeat
507 420 571 454 ipsis
583 419 746 447 illuminatio
761 420 877 446 scientiae
894 420 952 454 glo-

156 469 204 496 riw
229 468 365 503 Evangelii
396 466 547 497 Christi”?
577 467 647 494 Tum
681 474 776 494 rursus
801 466 952 493 Archelaus

156 514 384 549 subdistinguens
403 513 464 540 ait:
494 512 565 549 Lege
591 518 671 540 antea
691 513 757 547 quid
783 511 834 539 sibi
860 511 924 539 velit
943 520 949 538 :

154 560 227 596 quod
239 559 262 587 si
277 560 360 587 etiam
376 564 416 587 est
432 564 559 594 opertum
580 559 757 594 Evangelium
771 562 906 590 nostrum,
922 559 949 584 in

154 607 188 634 iis
199 607 243 641 qui
259 610 375 641 pereunt
387 611 511 641 opertum
528 610 578 633 est.
598 605 694 633 Viden'
708 605 779 638 quod
794 605 827 631 iis
844 604 889 639 qui
904 613 949 638 pe-

155 658 233 680 reunt
246 657 364 687 opertum
377 653 410 680 sit
427 652 472 680 ’9?
487 653 545 679 Non
564 652 633 679 enim
650 656 750 686 oportet
769 650 869 679 Sancta
885 651 950 678 dare

154 699 264 725 canibus
277 698 310 724 '°.
321 698 453 725 Praeterea
466 705 531 724 num
546 697 644 724 veteris
655 697 844 724 tantummodo
853 696 950 723 Testa-

154 746 239 772 menti
258 745 331 772 Deus
347 744 497 771 inﬁdelium
515 747 621 771 mentes
632 743 798 770 cxczecavit?
815 750 849 770 an
865 743 947 769 etiam

152 791 233 817 Jesus
247 791 316 825 ipse,
332 789 377 824 qui
390 789 502 816 Paulum
520 796 629 824 quoque
641 789 803 821 excaecavit;
818 788 947 823 quoniam

153 836 220 863 dixit
237 845 243 862 :
268 836 369 862 Idcirco
387 836 414 862 in
437 835 571 869 parabolis
596 835 649 862 illis
666 835 767 870 loquor,
788 840 816 861 ut
832 835 947 862 videntes

153 891 205 908 non
225 882 330 909 videant
342 881 362 897 ³¹
375 882 387 908 ?
402 881 471 908 Num
488 882 550 917 quia
566 882 677 914 odisset,
695 881 802 908 volebat
820 888 867 908 eos
886 881 946 908 visu

149 929 265 956 carere?
278 936 312 955 an
327 929 418 962 potius
431 928 466 955 ob
479 927 680 963 indignitatem,
693 927 756 962 quia
770 926 865 954 oculos
878 934 944 953 suos

151 979 248 1009 sponte
271 973 463 1002 occluserant?
486 973 537 1001 Ubi
564 974 637 1000 enim
664 973 817 1000 voluntaria
840 972 944 1000 malitia

150 1024 202 1052 est,
229 1020 293 1046 inde
320 1027 349 1046 se
374 1019 502 1046 subducit
526 1019 611 1053 gratia
638 1018 807 1045 illuminans.
836 1017 942 1044 Etenim

149 1065 272 1097 habenti,
289 1065 412 1098 dabitur;
424 1065 457 1091 ab
473 1072 505 1091 eo
518 1070 609 1091 autem
621 1063 668 1099 qui
686 1071 740 1091 non
758 1063 847 1094 habet.
860 1063 942 1090 etiam

148 1111 221 1146 quod
238 1110 343 1138 videtur
359 1111 470 1141 habere.
487 1110 669 1137 auferetur”.
687 1109 765 1142 Quod
783 1109 804 1136 si
830 1109 942 1144 quidam

147 1162 223 1184 recte
233 1157 459 1192 interpretantur,
471 1156 566 1183 licebit
575 1163 628 1182 non
642 1155 732 1190 inepte
741 1154 822 1182 etiam
831 1154 924 1182 dicere
933 1164 940 1182 :

147 1205 310 1239 Quanquam
336 1203 483 1231 excaecavit
503 1202 652 1230 inﬁdelium
678 1207 795 1232 mentes.
813 1206 842 1228 ut
857 1202 940 1228 etiam

147 1251 223 1279 Pauli
247 1250 341 1278 oculos
361 1250 503 1282 Christus,
527 1249 630 1276 utiliter
652 1248 679 1275 id
701 1253 792 1276 tamen
812 1248 878 1284 egit,
911 1252 940 1275 ut

147 1298 185 1325 illi
205 1297 238 1324 ad
264 1297 437 1324 sanctitatem
465 1297 644 1331 respicerent.
668 1294 729 1322 Non
753 1295 826 1322 enim
847 1294 938 1322 dixit:

146 1343 301 1372 Exemcavit
319 1344 438 1370 animam
455 1343 575 1374 illormn,
591 1342 640 1370 sed
655 1346 755 1370 mentes
771 1341 939 1376 inﬁdelium;

145 1391 182 1418 ita
197 1394 227 1418 ut
238 1390 383 1417 verborum
399 1397 497 1416 sensus
509 1389 557 1416 sit:
571 1388 682 1416 Excaeca
693 1388 854 1416 scortatoris
863 1396 938 1415 scor-

145 1441 248 1464 tantem
266 1440 396 1467 mentem,
416 1440 446 1462 ut
459 1435 540 1462 homo
554 1434 589 1461 sit
602 1434 693 1461 salvus
712 1443 718 1461 :
733 1441 839 1461 exemea
853 1433 938 1460 latro-

144 1483 187 1509 nis
209 1482 418 1509 latroeinantem
444 1488 626 1516 rapacemque
646 1480 779 1510 animum.
806 1484 834 1506 ut
854 1479 937 1506 homo

144 1529 274 1556 salvetur.
294 1528 372 1561 Quod
397 1527 419 1555 si
437 1528 540 1555 dictum
567 1527 719 1561 intelligere
742 1526 782 1553 sic
803 1525 935 1557 nolueris,

143 1580 186 1603 est
208 1575 260 1602 alia
277 1582 386 1610 quoque
407 1575 572 1610 explanatio.
594 1574 719 1601 Exte-.ecat
743 1573 798 1608 20
823 1573 936 1600 hebetes

142 1623 237 1650 celtlos
253 1622 334 1650 etiam
349 1621 399 1653 sol,
413 1626 440 1648 et
451 1621 596 1656 lippientes
610 1624 782 1648 enascantur
795 1620 867 1652 luce;
879 1627 934 1646 non

141 1669 214 1703 quod
227 1672 411 1696 excaecantem
424 1671 549 1694 naturam
560 1665 600 1693 sol
615 1666 723 1698 habeat,
735 1665 782 1692 scd
794 1665 856 1699 quia
869 1672 936 1690 ocu-
967 1699 970 1700 ν

140 1716 229 1743 lorum
249 1719 335 1743 status
355 1714 481 1741 inﬁrmus
496 1718 546 1740 est.
561 1713 606 1740 Sic
618 1712 700 1740 etiam
715 1711 847 1741 inﬁdeles.
861 1710 936 1737 labo-

139 1762 265 1790 rantibus
281 1761 376 1788 morbo
391 1759 544 1792 animabus,
570 1763 695 1794 spectare
719 1757 873 1784 Divinitatis
890 1765 933 1783 ra-

139 1810 199 1837 dios
215 1812 366 1844 nequeunt.
395 1807 428 1834 Et
447 1814 502 1833 non
527 1806 596 1833 dixit
623 1813 630 1832 :
653 1804 805 1831 Exczecavit
825 1803 934 1831 illorum

140 1860 257 1887 mentes,
272 1854 420 1889 quominus
442 1852 616 1887 Evangelillm
635 1851 771 1884 fulgeret;
798 1850 846 1877 sed
866 1858 934 1885 quo-

138 1903 232 1930 minus
245 1900 408 1927 illuminatio
422 1898 514 1934 gloria:
530 1897 668 1931 Evangelii
683 1896 786 1923 Christi
804 1896 930 1931 fulgeret.

136 1947 259 1982 Namque
272 1946 367 1973 audire
384 1943 570 1980 Evangelium,
586 1943 691 1970 cunctis
701 1943 870 1974 conceditur;
883 1942 930 1969 sed

138 2000 230 2023 tamen
243 1992 382 2028 Evangelii
393 1991 495 2019 Christi
511 1990 595 2026 gloria
617 1989 743 2016 ﬁdelibus
760 1988 871 2016 famulis
886 1995 931 2016 re-

135 2046 270 2069 servatur.
287 2039 462 2074 Loquebatur
477 2037 567 2072 itaque
582 2044 631 2072 per
641 2036 787 2072 parabolas
801 2035 930 2063 Christus

134 2089 179 2121 iis,
199 2087 244 2123 qui
260 2087 355 2114 audire
372 2094 428 2113 non
447 2090 589 2120 poterant;
603 2084 747 2119 discipulis
762 2092 827 2111 vero
843 2083 928 2118 priva-

134 2135 183 2162 tim
199 2133 343 2169 parabolas
362 2131 514 2167 explicabat
526 2131 549 2148 “
565 2140 572 2158 :
591 2138 690 2165 nempe
712 2130 804 2165 gloria:
825 2129 925 2165 fulgor,

132 2180 293 2208 illuminatis
310 2180 356 2212 ﬁt;
381 2177 527 2206 excecatio
549 2182 654 2208 autem,
674 2176 839 2203 inﬁdelibus.
865 2176 927 2203 llzee

131 2235 206 2255 nunc
228 2227 277 2254 tibi
293 2226 421 2262 mysteria
440 2225 567 2253 edisserit
589 2223 718 2256 Ecclesia,
735 2231 769 2250 ex
789 2223 925 2250 catechu-

1003 285 1149 319 ὁμολεξίαν
1162 293 1169 300 ’
1187 286 1203 320 ἧ
1219 286 1242 312 εἰ
1260 294 1270 305 ο
1284 286 1452 322 ἀνέγκλητος
1470 288 1574 322 Ἰησοῦς
1593 288 1681 315 ταῦτα
1699 289 1796 323 λέγων,

1003 330 1048 356 διὰ
1072 330 1100 357 τι
1130 330 1221 366 λέγεις
1234 332 1279 359 τὸν
1303 333 1338 359 τὰ
1353 333 1434 368 ὅμοια
1449 335 1477 360 ἐν
1490 336 1523 370 τῇ
1540 334 1647 371 Παλαιᾷ
1661 335 1775 370 λέγοντα
1788 345 1794 368 ;

1005 374 1071 403 Εἶτα
1085 378 1099 403 6
1123 378 1219 413 Μάνης
1244 378 1312 413 πρὸς
1334 380 1417 406 αὐτὸν
1445 379 1537 414 λέγει·
1555 381 1610 407 Καὶ
1632 382 1708 413 ποῖος
1731 381 1796 414 Θεδς

1003 422 1239 456 τυφλοῖ;Παῦλος
1267 424 1322 460 γάρ
1352 426 1427 452 ἐστιν
1457 427 1471 452 6
1500 426 1608 460 λέγων·
1632 428 1685 454 Ἐν
1718 425 1795 460 οἴςὸ

1004 468 1077 502 Θεὸς
1087 468 1141 496 τοῦ
1161 468 1268 503 αἰῶνος
1289 470 1397 498 τούτου
1417 471 1577 506 ἐτύφλωσε
1602 473 1638 500 τὰ
1656 473 1790 508 νοήματα

1002 515 1062 541 τῶν
1076 515 1215 542 ἀπίστων
1229 517 1269 548 εὶς
1284 516 1315 543 τὸ
1325 517 1369 551 μὴ
1382 517 1514 553 αὐγάσαι
1530 519 1633 552 αὐτοῖς
1646 519 1699 559 τότ
1710 529 1796 554 φωτι-

1001 561 1081 595 σμὸν
1090 561 1145 596 τῆς
1151 562 1288 596 γνώσεως
1296 563 1352 598 τῆς
1361 563 1455 597 δόξης
1469 565 1522 592 τοῦ
1533 566 1720 600 Εὑαγγελίου
1739 567 1792 594 τοῦ

1000 608 1141 640 Χριστοῦ.
1165 609 1194 635 '0
1209 609 1237 635 δὲ
1255 610 1400 646 ’Λρχέλαος
1420 611 1513 643 πάλιν,
1530 612 1701 645 ὑποστίξαςΡ
1717 613 1793 649 φησι·

1001 654 1195 688 Προανάγνωθι
1213 655 1227 681 ὃ
1242 655 1316 689 λέγει
1334 655 1382 682 νῦν
1395 665 1401 671 -
1418 657 1441 683 εξ
1456 657 1484 683 δὲ
1499 657 1546 685 καὶ
1573 657 1631 685 ἔστι
1656 659 1794 695 κεκαλυμ-

1001 698 1082 734 μένον
1109 700 1139 725 τδ
1162 700 1330 734 Εὑαγγέλιον
1357 701 1447 737 ἡμῶν,
1467 702 1496 728 ἐν
1521 704 1577 735 τοῖς
1593 704 1792 740 ἀπολλυμένοις

999 746 1058 772 ἐστὶ
1073 747 1302 782 κεκαλυμμένον
1315 756 1321 764 ’
1337 748 1403 784 ὁρᾷς
1418 749 1459 775 ὃτι
1482 749 1516 776 ἐν
1541 750 1604 783 τοῖς
1622 750 1794 787 ἀπολλυμέ-

998 801 1063 826 νοις
1075 793 1263 821 κεκάλυπται
1276 803 1285 826 ;
1296 795 1332 821 οὺ
1345 794 1456 829 ὂεῖγὰρ
1469 795 1584 822 διδόναι
1598 796 1636 824 τὰ
1650 796 1718 831 ἅγια
1730 797 1794 831 τοῖς

998 838 1100 865 κυσίν.
1120 835 1188 866 Εἶτα
1219 839 1326 873 μόνονὸ
1345 840 1396 874 τῆς
1417 840 1540 871 Παλαιᾱς
1563 841 1628 873 Θεὸς
1651 841 1791 876 ἐτύφλωσε

997 885 1031 910 τὰ
1044 884 1167 920 νοήματα
1177 885 1232 911 τῶν
1243 885 1366 912 ἀπίστων
1381 893 1388 918 ;
1402 886 1418 921 ἢ
1438 885 1485 912 καὶ
1505 885 1608 921 Ἰησοῦς
1621 886 1703 918 αὐτος
1714 886 1728 912 ὁ
1741 887 1789 914 καὶ

964 914 983 942 Β
998 914 1106 957 Παῦλον
1121 930 1268 964 τυφλώσας
1281 932 1331 958 οὐκ
1351 914 1456 967 εἴρηαε.
1473 932 1524 959 Διὰ
1536 914 1627 959 τοῦτο
1647 932 1682 959 ἐν
1692 914 1792 967 eulpa-

997 975 1100 1008 6ον2αῖς
1114 975 1216 1008 αὐτοῖς
1231 975 1326 1006 λαλῶ,
1339 975 1562 1009 ὅτιβλέποιτες
1573 977 1608 1002 οὺ
1617 975 1771 1008 ,βλέπουσι
1779 985 1791 1008 ;

996 1020 1040 1056 Μὴ
1054 1022 1141 1055 μισῶν
1153 1022 1253 1053 αὐτοὺς
1265 1021 1390 1048 ὲὸούλετο
1400 1021 1474 1057 [cod.
1487 1021 1506 1049 Γ.
1518 1022 1623 1058 9ι(.1μὴ
1635 1022 1744 1058 βλέπειν
1755 1031 1763 1054 ;
1773 1023 1790 1058 ἢ

994 1066 1037 1093 διὰ
1049 1067 1080 1093 τὸ
1092 1067 1201 1100 ἀνάξιον
1212 1088 1219 1100 ,
1235 1067 1330 1103 ἐπειδὴ
1346 1069 1409 1099 τοὺς
1425 1067 1580 1102 ὀφθαλμοὺς
1597 1068 1688 1094 αὐτῶν
1705 1068 1792 1102 ἐκάμ-

996 1120 1104 1146 μυσαν;
1123 1113 1189 1139 ὅπου
1217 1114 1272 1149 γὰρ
1293 1113 1523 1150 αὑτοπροαίρετος
1539 1118 1553 1138 ιι
1572 1113 1689 1149 πονηρὶα
1705 1133 1712 1146 ,
1731 1114 1791 1140 ἐκεῖ

994 1159 1040 1184 καὶ
1058 1157 1147 1193 ἀποχὴ
1164 1159 1212 1193 τῆς
1229 1159 1405 1194 φωτιζηύσης
1426 1161 1536 1195 χάριτος
1554 1167 1560 1174 ’
1576 1159 1616 1194 τῷ
1630 1159 1684 1194 γὰρ
1699 1159 1789 1194 ἔχοντι

992 1204 1151 1238 δοθήσεται·
1169 1204 1222 1231 ἀπὸ
1235 1205 1262 1231 δὲ
1279 1205 1326 1232 τοῦ
1341 1206 1378 1240 μὴ
1394 1205 1501 1241 ἔχοντος
1516 1206 1562 1233 καὶ
1581 1206 1595 1232 ὃ
1623 1206 1696 1232 δοκεῖ
1711 1205 1786 1241 ἔχειν

992 1250 1142 1285 ἀρθήσεται
1167 1250 1214 1277 ἀπ’
1228 1251 1320 1277 αὐτοῦ.
1347 1251 1378 1278 Ει
1395 1251 1424 1278 δὲ.
1441 1252 1487 1278 καὶ
1513 1251 1627 1282 δικαίως
1654 1251 1727 1283 τινὲς
1746 1252 1790 1284 ἐξ·

991 1296 1134 1332 ηγοῦγται,
1144 1296 1202 1323 ἔστι
1217 1298 1263 1324 καὶ
1290 1297 1376 1329 οὕτως
1394 1299 1492 1330 εἰπεῖν,
1510 1298 1540 1324 οὐ
1564 1297 1667 1332 φαῦλον
1688 1298 1744 1333 γὰρ
1758 1298 1789 1324 τὺ

992 1342 1069 1377 ῥῆμα
1082 1351 1089 1357 ·
1102 1343 1133 1369 Εἰ
1152 1344 1200 1369 καὶ
1217 1343 1356 1377 ἐτύφλωσε
1372 1343 1426 1370 τῶν
1448 1344 1571 1370 ἀπίστων
1589 1344 1625 1371 τὰ
1643 1345 1786 1380 νοήματα,

990 1387 1027 1419 ὡς
1045 1388 1093 1414 καὶ
1113 1388 1219 1415 Παύλου
1235 1389 1298 1420 τοὺς
1314 1388 1470 1424 ὀροαλμοὺς
1483 1389 1497 1415 6
1511 1389 1640 1425 Χριστὸς,
1666 1390 1712 1416 ὲπὶ
1735 1399 1787 1417 κα-

989 1433 1027 1468 λῷ
1040 1435 1094 1469 γὰρ
1105 1433 1271 1468 ἐτύφλωσεν,
1283 1434 1327 1460 ἵνα
1340 1436 1380 1466 εις
1392 1435 1426 1460 τὰ
1437 1434 1503 1469 ἅγια
1518 1435 1663 1470 βλέψωσιν.
1678 1436 1715 1462 Οὐ
1726 1436 1782 1471 γὰρ

990 1477 1076 1514 εἶπεν,
1086 1480 1254 1514 Ἐτύσλωσεν
1265 1481 1355 1507 αὐτῶν
1366 1481 1415 1514 τὴν
1423 1481 1523 1516 ψυχὴν.
1534 1481 1611 1514 ἀλλὰ,
1627 1481 1662 1508 τὰ
1673 1481 1787 1516 νοήμα-

988 1535 1024 1553 τα
1040 1525 1099 1554 τῶν
1113 1527 1251 1554 ἀπίστων
1282 1535 1288 1542 ·
1306 1526 1336 1553 τὸ
1352 1527 1379 1553 δὲ
1395 1528 1549 1562 λεγόμενον,
1567 1527 1685 1554 τοιοῦτόν
1702 1529 1760 1555 ἔστι
1776 1535 1784 1543 ο

989 1573 1135 1608 Τύφλωσον
1147 1573 1194 1600 τοῦ
1213 1573 1313 1608 πόρνου
1333 1573 1366 1600 τὰ
1383 1573 1500 1609 πορνικὰ
1515 1574 1640 1609 νοήματα
1652 1595 1659 1607 ,
1677 1575 1726 1601 καὶ
1740 1574 1786 1601 σέ-

989 1629 1094 1648 σωσται
1109 1621 1123 1646 6
1154 1621 1296 1657 ἄνθρωπος
1315 1629 1321 1635 ·
1343 1621 1484 1656 τύφλωσον
1505 1621 1552 1648 τοῦ
1575 1621 1675 1657 λῃστοῦ
1689 1622 1720 1648 τὺ
1736 1621 1786 1659 λῃ-

987 1668 1097 1704 στρικὸν
1123 1668 1169 1694 καὶ
1187 1668 1356 1704 ἁρπακτικὸν
1370 1668 1469 1704 νόημα,
1491 1669 1538 1695 καὶ
1550 1668 1682 1695 σέσωσται
1699 1669 1714 1695 6
1733 1669 1784 1696 ἄν·

986 1714 1105 1749 θρωπος.
1128 1714 1200 1741 Ἀλλ’
1212 1715 1242 1740 οὺ
1255 1714 1342 1746 θέλεις
1352 1714 1439 1746 οὕτως
1451 1714 1545 1749 νοῆσαι
1558 1723 1565 1746 ;
1582 1714 1641 1740 ἔστι
1653 1714 1704 1741 καῖ
1714 1714 1783 1750 ἄλλη

985 1761 1116 1798 ἐξήγησις
1130 1770 1136 1776 ·
1151 1761 1248 1796 τυφλοῖ
1266 1762 1312 1788 καὶ
1335 1761 1411 1796 ἥλιος
1438 1762 1503 1793 τοὺς
1529 1761 1782 1797 ἀμϐλυωποῦντας,

985 1809 1032 1837 καὶ
1049 1810 1073 1836 οἱ
1091 1808 1298 1844 ὀφθαλμιῶντες
1311 1809 1476 1844 τυφλοῦνται
1489 1808 1670 1844 βλαπτόμενοι
1684 1809 1718 1834 ἐκ
1733 1807 1782 1834 τοῦ

985 1855 1073 1890 φωτός
1090 1863 1097 1870 ·
1113 1855 1162 1888 οὐχ
1172 1855 1213 1881 ὅτι
1228 1854 1398 1889 τυφλωτικὸς
1412 1855 1425 1881 ὁ
1441 1854 1516 1890 ἥλιος
1526 1874 1534 1886 ,
1547 1853 1604 1881 ἀλλ’
1621 1854 1662 1880 ὄτι
1679 1854 1696 1889 ή
1716 1854 1783 1880 ὑπό-

984 1911 1079 1934 στασις
1104 1902 1157 1928 τῶν
1177 1901 1310 1937 ὀμμάτων
1341 1900 1430 1936 σαθρά
1460 1901 1544 1927 ἐστιν.
1567 1899 1662 1931 Οὕτως
1679 1899 1728 1926 καὶ
1754 1900 1780 1926 οἰ

982 1950 1091 1976 ἄπιστοι
1109 1948 1249 1980 νοσοῦντες
1263 1947 1312 1979 τὰς
1334 1947 1423 1982 ψυχὰς
1437 1947 1533 1973 ἐνιδεῖν
1546 1947 1606 1977 ταῖς
1621 1945 1670 1981 τῆς
1686 1945 1782 1982 θεότη-

981 2003 1027 2026 τος
1041 1995 1149 2021 ἀκτῖσιν
1164 1995 1193 2020 οὺ
1210 1993 1336 2020 δύνανται
1350 2001 1357 2008 ·
1374 1993 1420 2019 καὶ
1435 1993 1485 2019 οὐκ
1496 1990 1582 2024 εἶπεν,
1601 1991 1776 2025 Ἑτύφλωσεν

981 2041 1070 2067 αὐτῶν
1098 2040 1133 2066 τὰ
1152 2040 1286 2075 νοήματα,
1307 2040 1347 2070 εἰς
1361 2038 1390 2064 τὸ
1412 2037 1449 2073 μὴ
1461 2038 1580 2072 αὐγάσαι
1601 2037 1631 2063 τὸ
1648 2036 1776 2071 Εὐαγγέ-

980 2087 1044 2118 λιον,
1058 2086 1116 2113 ἀλλ’
1128 2087 1172 2118 εἰς
1184 2087 1216 2112 τὸ
1225 2085 1268 2120 μὴ
1281 2084 1414 2118 αὐγάσαι
1430 2084 1484 2111 τόν
1493 2084 1651 2118 φωτισμὸν
1658 2082 1713 2118 τῆς
1720 2083 1773 2111 δό-

979 2134 1035 2167 ξης
1047 2133 1100 2160 τοῦ
1107 2133 1293 2167 Εὐαγγελίου
1302 2131 1355 2158 τοῦ
1364 2129 1503 2165 Χριστοῦ.
1517 2129 1614 2164 Τὸμὲν
1624 2129 1678 2163 γὰρ
1690 2128 1776 2156 ἀκοῦ-

979 2189 1024 2206 σαι
1043 2179 1090 2206 τοῦ
1105 2178 1283 2213 Εὑαγγελέου,
1299 2178 1382 2204 πᾶσιν
1399 2177 1525 2212 ἐφίεται·
1548 2175 1622 2212 [cod.
1640 2175 1659 2202 f.
1677 2175 1736 2211 92.]
1759 2176 1775 2212 ἡ

977 2226 1005 2252 δὲ
1027 2225 1091 2258 δόξα
1116 2225 1164 2251 τοῦ
1185 2223 1351 2258 Εὐαγγελίου
1366 2221 1496 2258 Χριστοῦ,
1523 2222 1646 2256 γνησίοις
1670 2221 1776 2253 δούλοις

130 2281 274 2301 menorum
290 2273 375 2300 classe
387 2272 443 2307 jam
459 2278 569 2306 egresso
583 2280 589 2296 :
601 2278 688 2305 neque
704 2274 794 2296 tamen
807 2269 925 2296 ethnicis

988 2272 1133 2307 ιφώρισται
1148 2279 1155 2286 ·
1177 2270 1270 2304 ἔλεγεν
1289 2269 1336 2296 οὖν
1352 2270 1366 2295 ὁ
1389 2268 1503 2305 Κύριος,
1521 2269 1576 2299 τοῖς
1596 2268 1633 2303 μὴ
1657 2267 1775 2294 ἀκοῦσαι

129 2320 192 2348 talia
208 2327 344 2355 exponere
358 2327 417 2346 mos
427 2324 522 2346 noster
537 2322 588 2345 est.
604 2317 711 2352 Quippe
729 2317 846 2344 ethnicis
865 2325 922 2352 my-

128 2367 211 2394 steria
229 2367 262 2394 de
285 2366 374 2398 Patre,
396 2366 466 2393 Filio
481 2370 508 2393 et
527 2365 630 2400 Spiritu
655 2372 750 2392 sancto
768 2373 821 2392 non
837 2365 921 2392 tradi-

126 2420 189 2440 mus
203 2421 209 2439 :
227 2419 278 2439 nec
294 2411 360 2447 ipsis
373 2411 483 2446 quidem
499 2411 706 2438 eatechumenis
720 2410 807 2437 lucide
821 2415 923 2446 myste-

125 2458 166 2486 ria
186 2457 440 2490 communienmns;
466 2457 513 2484 sed
540 2461 610 2484 tecte
632 2457 770 2492 loquimur
791 2464 873 2492 saepe,
890 2461 920 2484 ut

123 2505 142 2531 ii
156 2504 202 2539 qui
217 2508 320 2530 norunt
334 2503 426 2530 tideles
440 2503 607 2538 int-~lligant;
621 2507 649 2531 et
663 2503 708 2538 qui
721 2503 856 2539 ignorant,
869 2503 918 2531 de-

123 2550 285 2578 trimentum
302 2558 355 2577 non
372 2550 520 2585 patiantur.

484 2694 507 2710 ²⁹
533 2694 602 2722 ibid.
617 2714 624 2727 ,
641 2695 667 2722 5.

153 2695 176 2711 ’⁸
205 2694 226 2721 ll
251 2693 314 2722 Cor.
347 2702 385 2727 IV,
399 2695 426 2722 ι.

118 2740 156 2764 tv,
177 2731 222 2758 '54.

725 2694 747 2710 ³⁰
761 2695 859 2724 Matth.
880 2705 927 2730 vn,

976 2318 1151 2352 δυναμένοιςξ,
1189 2316 1218 2343 ἐν
1248 2314 1439 2350 παραϐολαῖς·
1473 2315 1529 2346 τοῖς
1559 2314 1588 2340 δὲ
1625 2313 1773 2348 μαθηταῖς,

972 2363 1070 2391 ὲπέλυε
1095 2363 1153 2389 κατ’
1168 2362 1235 2389 ἰδίαν
1258 2362 1306 2393 τὰς
1322 2354 1480 2396 παράὸολάς
1496 2368 1503 2376 ’
1531 2362 1545 2386 ὁ
1564 2359 1710 2394 αὐγασμὸς
1722 2360 1774 2395 τῆς

970 2410 1060 2444 δόξης,
1075 2410 1130 2440 τοῖς
1137 2408 1354 2443 πεφωτισμένοις
1365 2415 1371 2422 ’
1387 2408 1405 2443 ἡ
1417 2407 1446 2434 δὲ
1461 2406 1598 2441 τύφλωσις
1610 2427 1617 2439 ,
1631 2407 1688 2438 τοῖς
1703 2407 1772 2433 ἁπι-

971 2456 1073 2484 στοῦσι.
1084 2456 1177 2482 Ταῦτα
1190 2454 1223 2481 τὰ
1233 2456 1370 2490 μυστήρια
1384 2454 1433 2481 νῦν
1446 2453 1462 2489 ἡ
1479 2453 1773 2488 Ἐκκλησίαδιηγείταὶ

969 2512 1021 2535 σοι,
1038 2502 1077 2538 τῷ
1092 2504 1123 2528 ἐκ
1137 2501 1351 2537 κατηχουμένων
1363 2500 1608 2536 μεταϐαλλλομένῳ
1622 2507 1630 2514 ·
1647 2499 1696 2525 οὐκ
1711 2499 1771 2526 ἐστι

962 2550 1014 2585 γὰρ
1026 2548 1094 2580 ἑοος,
1117 2548 1232 2579 ἐϐνικοῖς
1242 2547 1395 2582 διηγεῖσθαι
1403 2546 1488 2573 ταῦτα
1500 2554 1506 2560 ·
1522 2547 1552 2572 οὺ
1573 2553 1627 2580 γαρ
1650 2545 1768 2576 ἐθνικοῖς

957 2595 991 2621 τὰ
1006 2594 1069 2629 περὶ
1085 2594 1191 2629 [Ιατρδς
1200 2593 1248 2620 καὶ
1264 2593 1329 2620 Υἱοῦ
1344 2593 1392 2620 καὶ
1403 2592 1481 2626 ἁγίου
1491 2591 1648 2626 Πνεύματος
1659 2591 1770 2626 διηγού’

955 2643 1024 2676 μεθα
1032 2640 1251 2676 μυστήρια-ίοὺδὲ
1260 2648 1291 2666 πε
1298 2640 1323 2676 pi
1333 2639 1490 2674 μυστηρίων
1497 2638 1544 2665 ἐπὶ
1553 2637 1768 2673 κατηχουμὲνων

959 2697 986 2725 6.
1040 2699 1061 2714 ³¹
1092 2697 1186 2726 Matth.
1219 2705 1276 2730 xm,
1304 2697 1350 2725 15.
1405 2696 1426 2712 ³¹
1456 2695 1521 2723 ibid.
1554 2693 1597 2722 12.
1636 2693 1660 2710 ³³
1678 2693 1765 2721 Marc.

760 2801 877 2829 νΑιιιΑς
899 2802 1104 2831 LECTIONES.

150 2880 222 2918 "fde
238 2881 390 2918 eorrigorex
405 2882 517 2918 Cyrillo.
535 2882 603 2910 Cod.
623 2883 646 2909 si
662 2883 700 2909 δέ.

114 2920 126 2928 ν
163 2914 304 2943 ·¹ἰειιιιιιιιιιι
315 2914 437 2945 Videtur
452 2918 611 2951 ὑποστῐξκς,
625 2919 702 2954 quasi
727 2914 881 2955 oblur‘baus,
900 2914 1036 2949 obsistens.

748 2884 894 2923 PCyjrillus
921 2886 1324 2923 ὑποκρούσας,γὶηιεψειιηηπ
1345 2892 1418 2916 recte
1433 2895 1514 2921 sane;
1543 2890 1626 2922 atque
1644 2885 1680 2913 ita
1707 2885 1764 2914 fere

1085 2927 1099 2948 ιι
1118 2922 1150 2950 Β.
1168 2923 1234 2950 αὐτὸ
1253 2932 1365 2960 προαιρ.
