1948 3070
130 203 196 235 1267

830 192 944 224 PETRI
967 191 1093 222 SICULI

1710 184 1780 216 1263

133 263 270 294 scribunt,
292 268 387 289 revera
407 259 561 295 praestigias
585 256 688 292 potius,
712 258 807 281 sancta
834 256 929 280 nostra

992 250 1047 285 ιίας
1068 249 1161 284 πάσης
1175 245 1410 283 πεπληρωμένην,
1424 244 1473 272 καὶ
1491 244 1584 271 πᾶσαν
1605 241 1688 278 εὐχὴν
1700 242 1782 276 λεγο-

134 309 268 337 catholica
286 311 313 334 et
324 306 471 342 apostolica
483 303 606 331 Ecclesia
620 301 796 328 anathemate
807 298 928 329 damnat,

136 363 191 382 una
209 362 272 383 cum
295 354 404 381 illorum
428 351 481 388 22
500 349 664 384 scriptorum
687 345 857 374 auctoribus.
880 351 930 371 ceu

136 401 284 427 multorum
309 401 524 432 magnorumque
547 393 679 423 malorum
694 389 884 418 inventoribus
899 395 931 415 ac

138 446 254 474 ducibus
268 443 439 481 perditionis.

171 583 258 611 XVII.
279 583 365 611 Nemo
384 582 467 618 igitur
486 580 520 608 ab
544 579 700 607 animarum
722 577 933 612 corruptoribus

137 629 295 657 Mauiehaeis
310 628 506 656 detrimentum
524 625 631 660 capiat;
655 623 701 659 qui
723 622 822 658 jejunii
845 621 934 649 tristi-

138 677 202 703 tiam
216 676 355 711 palearum
371 674 484 701 decocto
499 672 646 700 simulant:
658 670 703 705 qui
720 669 843 696 ciborum
857 676 934 695 crea-

138 728 225 750 torem
242 722 409 756 vitupcrant,
421 720 484 747 dum
501 719 668 749 hclluantur;
683 716 729 751 qui
744 716 854 747 docent,
870 722 933 741 eum

137 770 184 804 qui
201 769 280 797 talem
293 768 405 795 herbam
421 765 545 798 vulserit,
559 765 587 791 in
600 765 687 798 ipsam
699 762 757 789 fore
771 765 934 789 converten-

138 817 214 844 dum.
231 815 298 842 Nam
312 815 334 841 si
347 814 380 847 is,
394 813 439 848 qui
453 812 566 840 herbam
581 815 628 838 aut
646 809 762 844 quodvis
773 809 833 835 olus
846 808 935 835 sueci-

138 863 189 894 dit.
208 862 235 889 in
250 862 277 889 id
292 860 462 889 convertitur
476 879 484 891 ,
501 858 624 894 profecto
636 855 760 892 agricolae
775 858 802 882 et
823 854 935 881 olitores

139 909 168 936 iu
185 908 323 943 quodnam
341 907 441 934 borum
453 902 667 932 convertentur?
684 901 750 929 Nam
769 904 842 943 certe
856 899 935 927 olito-

983 297 1068 331 μένην
1087 295 1153 330 παρ’
1171 293 1271 325 αὐτῶν,
1289 292 1390 328 μᾶλλον
1400 291 1429 318 δὲ
1441 289 1582 325 γοητείαν,
1594 290 1611 324 ἡ
1627 288 1690 315 καθ’
1705 289 1783 323 ἡμᾶς

983 343 1049 377 ἁγία
1064 341 1196 376 καϐολικὴ
1210 340 1258 367 καὶ
1272 337 1440 372 ἁποστολικὴ
1466 335 1618 370 Ἐκκλησία
1642 334 1783 369 ἀνεθεμά-

981 398 1058 421 τισε,
1088 388 1158 423 μετὰ
1183 387 1211 414 δὲ
1233 387 1297 417 τοὺς
1315 384 1480 419 ὲκθεμένους
1503 383 1588 414 αὑτὰς
1615 381 1652 413 ὡς
1671 381 1781 408 πολλῶν

982 437 1030 463 καὶ
1044 435 1171 471 μεγάλων
1182 433 1276 461 κακῶν
1289 431 1439 468 ἐφευρετὰς
1446 430 1494 457 καὶ
1505 429 1620 464 ὁδηγοὺς
1631 427 1781 458 ἀπωλείας·

982 482 1164 517 ἀνεθεμάτισε
1176 480 1204 507 δὲ
1215 479 1263 506 καὶ
1279 478 1386 509 πάντας
1399 477 1464 507 τοὺς
1478 473 1718 511 μαθητευομένους
1733 471 1782 498 ὑπ’

983 528 1083 555 αὐτῶν.

1019 573 1070 602 1Ζ’.
1091 573 1136 600 Διὸ
1157 572 1253 608 μηδεὶς
1274 567 1502 606 προσφοειρέσθω
1522 568 1579 598 τοῖς
1599 564 1786 600 ψυχοφοόροις

984 621 1157 655 Μανιχαίοις·
1168 620 1225 650 τοῖς
1239 617 1353 651 στυγνὸν
1361 616 1411 651 τῆς
1422 613 1561 649 νηστείας,
1578 611 1688 647 ἀχύρων
1704 610 1786 637 ὕδασι

985 665 1230 703 προσποιουμένοις
1242 672 1249 679 ·
1264 664 1320 694 τοῖς
1333 661 1506 689 διαϐάλλουσι
1522 659 1573 693 μὲν
1585 658 1632 685 τὸν
1646 657 1700 684 τῶν
1713 657 1786 692 βρω-

988 714 1081 749 μάτων
1098 711 1249 749 [mtas-imi
1261 709 1447 745 λαιμαργοῦσι
1461 706 1527 744 [δέ’]
1539 707 1596 738 τοῖς
1611 705 1787 732 διδάσκουσιν

985 761 1026 787 ὅτι
1044 761 1058 786 ὁ
1073 759 1153 794 τήνδε
1168 759 1218 791 τὴν
1239 756 1354 792 βοτάνην
1379 753 1520 784 ὲκτίλλων,
1537 753 1576 783 εἰς
1591 751 1676 786 αὐτὴν
1699 758 1786 785 μετα-

987 807 1126 833 ϐάλλεται·
1142 806 1164 831 εἰ
1179 805 1233 839 γὰρ
1247 803 1261 828 ὁ
1276 801 1417 837 ἐκτέμνων
1433 799 1548 835 βοτάνην
1561 798 1578 833 ἠ
1593 806 1619 824 τι
1633 797 1687 823 τῶν
1699 796 1787 831 λαχά-

986 861 1040 880 νων
1055 853 1094 884 είς
1111 851 1178 878 αὐτὸ
1192 848 1401 884 μεταϐάλλεται,
1417 846 1535 880 γεωργοὶ
1545 845 1561 864 ν’
1575 844 1622 871 καὶ
1635 842 1788 879 κηπουρῶν

988 898 1082 929 παῖδες
1096 898 1136 926 et:
1150 897 1221 923 πόσα
1236 894 1504 930 μεταόληθήσονταις
1522 891 1594 918 κατὰ
1621 889 1760 916 τοσούτων
1772 889 1789 915 ὁ

138 963 197 982 rem
217 953 350 990 plurimas
367 952 394 979 in
417 951 516 979 herbas
537 950 634 977 falcem
652 948 760 976 mittere
777 934 934 979 cernimus;

992 943 1125 979 κηπουρὸς
1138 942 1238 977 ἤνεγκε
1253 941 1302 974 τὴν
1315 939 1464 975 δρεπάνην,
1473 937 1510 968 ὡς
1524 936 1633 972 ὁρῶμεν
1646 941 1670 966 θ,
1683 935 1731 961 καὶ
1745 934 1789 965 el;

138 1005 168 1027 at
198 999 226 1026 in
248 1006 379 1034 quasnam
408 997 553 1033 potissime
581 992 840 1022 transformabitur?
868 992 935 1019 Risu

138 1046 231 1074 hercle
252 1045 341 1081 digna:
369 1048 434 1072 sunt
458 1044 501 1070 hae
530 1041 673 1074 doctrinm,
698 1040 835 1075 viluperio
856 1043 939 1073 atque

138 1091 214 1118 (ιιιιηί
240 1090 389 1126 ignominia
414 1090 510 1124 plenaa.
532 1088 626 1119 Idem.
648 1092 730 1121 puta,
755 1086 799 1113 vir
821 1083 939 1120 pastoris

138 1135 257 1162 ollicium
273 1142 381 1170 gerens,
403 1138 429 1161 et
444 1141 522 1160 ovem
538 1131 677 1162 mactavit,
692 1135 720 1157 et
739 1130 833 1165 lupum
849 1129 938 1156 inter-

141 1181 227 1214 Iccit;
253 1181 280 1207 in
309 1180 446 1215 quodnam
472 1186 536 1213 ergo
571 1175 829 1212 transﬁgurabitur?
859 1175 938 1202 Iner-

141 1227 186 1252 tia:
214 1225 261 1251 lilii
283 1223 439 1254 Manichaei,
462 1222 530 1249 nihil
549 1225 696 1256 operautcs
715 1220 833 1247 aliorum
856 1225 938 1254 opera

141 1270 296 1297 devorant:
313 1269 360 1304 qui
377 1269 448 1298 illos.
472 1275 487 1294 a
508 1268 609 1303 quibus
632 1266 685 1293 cibi
710 1266 749 1294 eis
772 1265 937 1297 offeruntur,

141 1315 286 1342 renidente
311 1313 388 1341 vultu
415 1313 565 1347 excipiunt.
596 1316 624 1339 et
651 1311 855 1338 benedictionis
878 1310 939 1337 loco

143 1361 288 1388 maledicta
304 1360 469 1395 rependunt.
487 1359 552 1385 Nam
571 1366 633 1386 cum
649 1357 688 1385 eis
702 1357 850 1392 quidquam
868 1356 939 1384 stul-

144 1412 187 1434 tus
205 1407 304 1442 aliquis
324 1406 413 1435 offert.
429 1405 571 1432 Paululum
585 1404 698 1437 absiste,
722 1404 812 1436 aiunt,
837 1408 866 1431 et
890 1404 939 1430 tibi

143 1452 313 1479 bcnedicam.
333 1451 433 1478 Deinde
453 1458 551 1485 panem
575 1458 658 1477 manu
685 1449 837 1485 capientes,
859 1449 940 1477 sicuti

144 1503 257 1526 narrant
269 1499 314 1533 qui
331 1506 364 1525 ex
386 1498 493 1524 illorum
507 1501 580 1524 cmtu
603 1500 667 1523 sunt
684 1496 819 1527 conversi,
837 1495 893 1530 Ego
913 1499 940 1522 te

144 1552 199 1570 non
215 1543 276 1574 feci.
291 1542 458 1570 Manichzeus
471 1542 560 1576 inquit
577 1540 653 1576 pani;
669 1545 697 1567 et
711 1548 773 1567 mox
788 1539 815 1567 in
829 1540 940 1567 unicum

145 1591 231 1617 Deum
249 1589 413 1616 altissimum
434 1587 577 1615 maledicta
599 1587 755 1621 jaculatur;
781 1585 938 1617 maledicit,

145 1636 267 1671 inquam,
284 1635 365 1671 panis
375 1635 594 1669 creatori,atque
610 1633 648 1661 ita
665 1640 721 1660 rem
735 1633 770 1660 ab
788 1639 821 1659 eo
837 1631 937 1659 factam
954 1619 976 1649 θ

147 1681 278 1708 comedit.
295 1680 377 1715 Atqui
388 1679 410 1707 si
426 1679 516 1707 oblata
528 1678 620 1710 odisti,
637 1685 685 1705 cur
704 1677 849 1704 renidente
866 1676 942 1704 vultu

146 1728 306 1755 offerentem
323 1727 475 1763 aspexisti?
498 1725 526 1753 Si
540 1725 615 1753 danti
640 1724 755 1759 gratiam
776 1723 872 1755 babes,
894 1730 944 1750 cur

148 1774 261 1801 Auctori
275 1779 302 1801 et
321 1773 445 1801 Creatori
463 1772 661 1806 blasphemiam
677 1770 826 1798 retribuis?
854 1770 887 1797 Et
900 1769 944 1796 in-

148 1828 231 1854 super
246 1829 252 1846 :
265 1819 321 1854 Ego
332 1823 357 1846 te
369 1826 424 1845 non
435 1818 503 1849 sevi,
516 1817 614 1852 inquit;
627 1821 746 1848 seratur,
756 1816 801 1851 qui
816 1820 842 1843 te
856 1815 942 1843 sevitl

150 1865 206 1900 Ego
221 1869 246 1891 te
267 1872 321 1891 non
337 1864 440 1890 messui
454 1872 461 1895 ;
483 1863 601 1890 falcibus
615 1867 746 1894 metatur,
767 1862 814 1897 qui
831 1867 857 1890 te
871 1869 946 1890 mes-

149 1911 223 1938 suit!
239 1911 293 1945 Ego
310 1914 336 1937 te
360 1910 422 1945 igne
439 1918 494 1936 non
512 1909 619 1941 assavi',
640 1913 757 1941 assetur,
779 1909 824 1943 qui
850 1913 876 1936 te
901 1916 945 1936 as-

149 1955 236 1982 savitl
263 1955 425 1983 Pncclaram
458 1955 600 1982 enimvero
629 1953 763 1982 beneficio
791 1953 945 1981 mercedem

150 2001 254 2030 reddis.

150 2110 156 2129 ι
187 2109 240 2145 23
256 2108 353 2136 XVIII.
369 2108 462 2144 Magna
474 2108 584 2144 quidem
598 2109 657 2136 lucc
668 2116 777 2144 quoque
791 2108 860 2136 mala
871 2113 946 2143 sunt,

152 2155 249 2190 exigua
269 2159 360 2182 tamen
387 2155 410 2183 si
435 2162 497 2182 cum
528 2155 639 2190 reliquis
663 2160 868 2190 comparentur.
888 2155 947 2183 Non

152 2201 240 2228 audeo
258 2201 365 2228 illormn
383 2201 520 2228 lavacrum
537 2209 588 2228 nec
598 2201 669 2235 apud
685 2202 758 2228 viros
774 2209 864 2236 neque
877 2202 949 2237 apud

153 2248 269 2275 feminas
284 2248 409 2283 prodere.
424 2248 512 2274 Pudet
526 2256 569 2274 tuo
584 2248 711 2282 cuiquam
727 2255 867 2278 enarrare.
887 2248 950 2283 qui-

992 991 1056 1017 ποῖα
1070 987 1268 1025 μεταὸάλλεται
1279 985 1334 1022 ἆρα
1345 993 1352 1018 ;
1364 985 1483 1020 γέλωτος
1494 983 1602 1018 ἀληθῶς
1611 982 1699 1009 ταῦτα
1711 981 1788 1017 [σοιΙ.

989 1036 1009 1064 f.
1024 1037 1059 1064 93
1072 1035 1113 1071 b.]
1134 1034 1170 1061 τὰ
1182 1033 1337 1068 διδάγματα
1351 1032 1398 1058 καὶ
1411 1030 1423 1050 ἀ
1439 1029 1641 1064 καταγνώσεως
1655 1028 1747 1062 πλήρη
1762 1033 1789 1060 ε,

989 1082 1036 1109 καὶ
1049 1082 1140 1116 πάσης
1156 1079 1301 1115 αἰσχύνης·
1317 1079 1331 1104 ὁ
1352 1076 1435 1108 αὐτὸς
1451 1075 1521 1110 ἀνὴρ
1541 1074 1644 1109 ποιμὴν
1663 1072 1702 1099 ὢν
1718 1081 1790 1107 προ-

990 1129 1089 1160 ϐάτων,
1117 1128 1165 1154 καὶ
1181 1125 1318 1161 πρόϐατον
1339 1123 1432 1155 ἔθυσε,
1447 1123 1494 1149 καὶ
1509 1121 1592 1148 λύκον
1612 1120 1787 1147 ἀπέκτεινενι

989 1175 1030 1205 εις
1050 1174 1126 1200 ποεον
1142 1172 1196 1207 ἄρα
1221 1170 1420 1207 μεταϐάλλεται
1434 1177 1441 1202 ;
1464 1168 1564 1203 ἀργίας
1580 1167 1680 1201 ἔγγονα
1696 1166 1790 1192 Μανι-

989 1221 1062 1255 χαϊοι
1078 1220 1102 1245 οἱ
1127 1218 1166 1253 μὴ
1185 1216 1368 1252 ἐργαζόμενοι
1380 1235 1386 1246 ,
1401 1215 1450 1241 καὶ
1465 1213 1500 1239 τὰ
1521 1213 1576 1239 τῶν
1590 1211 1790 1247 ἐργαζομένων

990 1265 1181 1295 κατεσθίοντες
1197 1264 1254 1299 (9.1)
1275 1264 1299 1289 οἱ
1324 1263 1388 1293 τοὺς
1412 1259 1619 1296 προσφέροντας
1639 1258 1730 1289 αὐτοῖς
1751 1256 1790 1283 τὰ.

991 1312 1126 1349 βρώματα
1147 1309 1271 1346 μειδιῶσι
1297 1307 1454 1343 προσώποις
1478 1304 1638 1340 δεχόμενοι,
1655 1303 1702 1329 καὶ
1724 1302 1789 1330 ἀντὶ

990 1358 1114 1392 εὐλογίας
1128 1357 1252 1390 κατάρας
1267 1355 1360 1386 αὐτοῖς
1372 1351 1562 1382 ἀντιδιδόντες.
1576 1351 1660 1376 Ὅταν
1674 1348 1731 1383 γάρ
1744 1355 1789 1379 τις

991 1402 1082 1433 αὐτοῖς
1102 1410 1128 1428 τι
1149 1399 1322 1436 προσενέγκῃ
1341 1397 1472 1431 ἀνόητος,
1493 1395 1600 1430 Μικρὸν
1614 1393 1683 1427 ἔξω,
1702 1392 1787 1427 φησὶ,

991 1447 1071 1483 στῆοι
1099 1447 1146 1473 καὶ
1170 1445 1274 1479 εὐλογώ
1303 1453 1343 1470 σε.
1370 1440 1438 1469 Εἶτα
1459 1441 1606 1476 δεξάμενος
1631 1440 1671 1470 εἰς
1691 1439 1789 1474 χεῖρας

990 1495 1036 1521 τὸν
1052 1494 1146 1530 ἄρτον,
1168 1493 1206 1524 ὼς
1227 1493 1250 1518 οἱ
1268 1491 1298 1523 ἐξ
1313 1489 1403 1517 αὐτῶν
1418 1488 1636 1524 μετανοήσαντες
1651 1485 1791 1519 ἐξωμολο-

991 1544 1121 1578 γήσαντο,
1142 1539 1214 1574 Ἐγὼ
1223 1547 1252 1565 σε
1264 1539 1314 1565 οὐκ
1326 1536 1451 1572 ἐποίησα,
1465 1535 1548 1570 φησὶν
1564 1535 1578 1560 ὁ
1587 1533 1736 1567 Μανιχαίος
1749 1530 1792 1566 τῷ

992 1577 1078 1624 ἄρτῳ,
1098 1588 1146 1615 καὶ
1168 1585 1292 1621 κατάρας
1311 1583 1415 1618 πέμπει
1435 1581 1537 1614 εἰςζτὺν
1559 1580 1639 1615 μόνον
1661 1577 1727 1604 Θεὸν
1741 1577 1791 1603 τον

993 1636 1119 1672 ὕψιστον,
1141 1634 1189 1661 καὶ
1206 1632 1360 1667 καταρᾶται
1377 1630 1423 1656 τὴν
1440 1626 1613 1662 πεποιηκότα
1631 1624 1724 1652 αὐτόν·
1740 1623 1791 1650 καὶ

992 1669 1079 1714 alito);
1092 1681 1179 1708 ἐσθίει
1194 1679 1224 1706 τὺ
1239 1677 1437 1712 πεποιημένον
1456 1675 1480 1701 εἰ
1498 1674 1588 1708 μισεῖς
1600 1672 1651 1703 τὰς
1667 1669 1772 1706 τροφὰς
1783 1690 1791 1702 ,

992 1730 1018 1756 τί
1029 1726 1186 1764 μειδιῶντιτ
1197 1724 1337 1762 προσώπῳ
1346 1721 1504 1756 ἁπέὸλεψας
1512 1720 1552 1755 τῷ
1563 1719 1792 1754 προσενέγκαντι;

993 1762 1071 1811 είτῷ
1094 1774 1236 1808 ἐνέγκαντι
1258 1772 1330 1807 ἔχεις
1346 1770 1439 1806 χάριν,
1463 1767 1508 1794 διὰ
1532 1766 1559 1793 τί
1577 1770 1590 1789 8
1617 1764 1738 1799 πέμπεις
1754 1762 1795 1797 τῷ

994 1815 1234 1849 κατασκευάσαντι
1256 1819 1303 1845 καὶ
1321 1815 1556 1852 δημιουργήσαντι
1573 1811 1633 1846 Θεῷ
1646 1810 1697 1846 τὴν
1710 1809 1796 1845 βλασ-

995 1867 1118 1904 (mutati;
1135 1867 1191 1893 Kal.
1206 1865 1288 1892 πάλιν
1299 1872 1307 1880 ·
1324 1862 1396 1897 Ἐγώ
1409 1871 1439 1888 σε
1456 1860 1507 1887 οὐκ
1522 1859 1638 1893 ἔσπειρα
1648 1858 1674 1889 ιι,
1690 1856 1775 1891 φησίν
1786 1864 1794 1871 ·

996 1902 1115 1949 σπαρείη
1131 1913 1139 1933 ί
1156 1913 1170 1939 ό
1184 1911 1300 1946 σπείρας
1314 1918 1356 1936 σε.
1377 1907 1449 1942 Ἐγώ
1472 1915 1502 1933 σε
1515 1906 1566 1932 οὐκ
1581 1904 1696 1940 ὲθέρισα
1709 1923 1715 1933 ,
1731 1902 1796 1937 δρε-

995 1960 1095 1990 πάναις
1119 1957 1257 1994 οερισθείη
1279 1958 1293 1983 ὁ
1317 1955 1429 1990 θερίσας
1453 1961 1501 1979 σε·
1519 1951 1575 1986 ἐγώ
1602 1959 1633 1977 σε
1656 1950 1724 1985 πυρὶ
1744 1948 1797 1975 οὐκ

996 2006 1128 2041 ὤπτησα,
1142 2003 1274 2039 ὀπτηθείη
1287 2004 1301 2029 ὀ
1317 2002 1442 2037 ὀπτήσας
1457 2008 1499 2026 σε.
1518 1998 1596 2026 Καλὰ
1610 1996 1645 2024 τὰ
1660 1995 1797 2031 ἀμοιϐαῖα

996 2052 1046 2087 τῆς
1058 2051 1182 2086 χάριτος.

1034 2106 1089 2135 IH'.
1109 2106 1225 2140 Μεγάλα
1241 2105 1290 2141 μὲν
1312 2103 1386 2131 κακὰ
1399 2103 1446 2130 καὶ
1463 2100 1559 2128 ταῦτα·
1574 2100 1635 2128 ἀλλ’
1652 2099 1690 2126 ἔτι
1710 2097 1799 2133 μικρὰ

998 2155 1068 2190 πρὸς
1082 2154 1116 2180 τὰ
1131 2153 1208 2180 ἄλλα·
1224 2152 1254 2178 οὑ
1267 2151 1360 2187 τολμῶ
1373 2150 1417 2176 ἐπ’
1431 2148 1538 2183 ἀνδρῶν
1553 2147 1600 2174 καὶ
1611 2145 1753 2181 γυναικῶν
1769 2144 1800 2170 τι,

998 2200 1112 2236 λουτρὸν
1125 2199 1181 2235 (22)
1206 2198 1295 2225 αὐτῶν
1319 2196 1513 2233 διηγήσασθαι.
1537 2194 1574 2221 Οὐ
1598 2192 1690 2228 τολμῶ
1711 2192 1801 2217 εἰπεῖν

1000 2247 1053 2274 τίνι
1069 2246 1258 2282 ἑμϐάπτοντες
1274 2244 1324 2280 τὴν
1350 2243 1457 2278 ἰσχάδα,
1472 2243 1528 2273 τοϊς
1553 2239 1657 2269 ἀθλίοις
1678 2238 1800 2264 διδόασι·

154 2295 271 2320 ltusnam
308 2294 415 2321 miseris
452 2294 595 2321 intinctam
624 2294 768 2321 mariscam
798 2294 937 2330 porrigant

1003 2293 1075 2330 [cod.
1095 2293 1114 2320 ΐ-
1132 2292 1191 2328 9Ᾱ.]
1210 2291 1256 2319 διὰ
1273 2291 1422 2326 συσσήμων
1441 2289 1520 2324 μόνον
1536 2285 1686 2322 δηλούσθω·
1703 2285 1802 2320 ἄνδρες

155 2339 219 2367 llmc
235 2344 339 2367 tantum
350 2348 397 2375 per
405 2341 515 2368 conscia
531 2341 606 2375 signa
622 2341 778 2376 panduntur
794 2340 864 2367 :viri
876 2341 950 2368 cnim

155 2394 216 2420 qua:
231 2387 281 2414 sibi
295 2387 321 2413 in
333 2387 446 2415 somniis
461 2387 601 2419 eveniunt,
614 2387 744 2422 cogitent;
756 2386 876 2418 fontium.
891 2394 951 2422 qum

157 2433 185 2460 in
203 2433 363 2460 menstruis.
383 2432 451 2460 \‘cre
474 2440 505 2460 os
531 2433 706 2468 inquinamus
731 2432 792 2460 talia
818 2432 951 2459 dicentes.

1004 2341 1058 2376 γὰρ
1071 2339 1106 2366 τὰ
1118 2339 1147 2366 ἐν
1160 2340 1215 2370 τοῖς
1229 2338 1425 2372 ὲνυπνιασμοίς
1442 2334 1676 2370 ὲνῦυμείσῦωσαν,
1691 2331 1738 2357 καὶ
1751 2339 1804 2364 γυ-

1005 2388 1098 2418 ναῖκες
1111 2386 1145 2413 τὰ
1164 2387 1192 2413 ἐν
1210 2385 1349 2421 ἁφέδροις·
1370 2384 1513 2419 μιαίνομεν
1527 2382 1539 2401 ι(
1555 2382 1593 2412 ὡς
1615 2379 1726 2414 ἁληοῶς
1747 2377 1779 2404 τὸ
1791 2376 1801 2395 ι

1008 2433 1095 2469 στόμα
1110 2433 1196 2459 ταῦτα
1210 2432 1341 2466 λέγοντες
1351 2439 1359 2446 ·
1382 2430 1430 2465 Μὴ
1446 2428 1579 2463 Ἕλληνες
1593 2426 1695 2452 τούτων
1715 2431 1805 2460 μυσα-

804 2521 920 2549 νΑΗΙίΕ
941 2521 1145 2550 LECTIONES.

198 2591 210 2610 ι’
227 2590 260 2617 II.
272 2589 398 2626 λεωργοί.
424 2595 449 2626 γε
468 2589 500 2618 R.
515 2589 633 2624 ὁρῶμαι.

272 2589 400 2631 λεωργοίἶ
423 2595 449 2631 με
468 2589 633 2631 1ἶ.ὁρῶμαι.
647 2624 665 2631 ἡ
683 2588 696 2608 ά
719 2589 798 2616 Deest
814 2590 862 2616 καὶ
883 2590 954 2623 apud
973 2590 1004 2616 ll.

157 2626 220 2664 h_II.
237 2624 345 2662 ἕπειρά.
396 2627 402 2646 ί
422 2625 455 2653 ιι.
474 2627 577 2661 παρίει.
615 2625 628 2644 ¹ι
647 2624 680 2652 R.
700 2625 849 2660 μιαίνομαι.
893 2625 901 2644 1
920 2625 952 2652 ll.
967 2626 1012 2652 τά.

1061 2595 1072 2609 ε
1087 2589 1154 2618 Cod.
1171 2589 1290 2625 πλήρης.
1344 2588 1353 2608 τ
1371 2588 1406 2615 ιι.
1422 2587 1532 2623 μειδιῶν
1547 2586 1597 2622 τῷ.
1649 2590 1662 2609 8
1685 2584 1718 2614 [ἰ.
1732 2584 1806 2612 ὸταέ.

955 2695 1072 2724 NOTAE.

183 2770 440 2813 "(_‘2.l):Augustinus
467 2770 535 2813 hacr.
568 2769 614 2801 46,
643 2769 678 2796 de
711 2768 867 2796 lllanichazis
898 2769 957 2796 ait:

164 2806 239 2833 Nihil
268 2807 296 2832 in
324 2807 396 2841 agris
414 2810 564 2841 operantes,
587 2813 634 2832 nec
654 2813 731 2839 poma
745 2809 893 2841 rcarpontcs.
916 2812 962 2831 nec

165 2842 259 2868 saltem
277 2840 348 2873 [alio
359 2841 415 2868 ulla
429 2841 562 2870 vellentes.
574 2845 727 2875 exspectant
739 2840 792 2866 lucc
805 2840 895 2874 afferri
908 2841 962 2867 usi-

163 2875 209 2902 bus
219 2877 273 2902 suis
284 2877 315 2902 ab
332 2877 497 2903 auditoribus
511 2877 575 2903 5111's.

201 2911 256 2940 (‘22)
279 2911 361 2938 lim-lc
385 2911 496 2938 Tuneus
516 2912 586 2946 apud
609 2910 738 2947 Cyrillum
766 2910 892 2947 inlclligit
916 2910 962 2938 hic

168 2943 305 2971 lavacrum
331 2947 455 2981 baptismi
471 2943 562 2982 potius
577 2943 659 2983 quam
672 2943 872 2981 balucatioucs,
889 2955 962 2982 quo-

1014 2771 1088 2797 niam
1100 2778 1162 2797 mox
1179 2767 1351 2797 Eucharislia
1366 2767 1501 2797 innuitur,
1516 2773 1597 2801 quam
1613 2769 1719 2792 veteres
1733 2764 1809 2792 illico

1017 2811 1078 2841 post
1090 2806 1253 2841 baptismum
1271 2804 1424 2841 sumebaut.
1437 2802 1591 2841 U__tru|_uque
1606 2806 1697 2841 autem
1717 2808 1812 2841 sacra-

1019 2835 1150 2868 incnluu'i‘
1166 2841 1284 2875 pessima
1311 2838 1431 2875 parodia
1449 2836 1590 2875 Munichmi
1617 2835 1812 2875 profanabant.

1016 2877 1055 2940 lIle
1083 2871 1203 2940 signa-do
1226 2871 1337 2911 quidem
1365 2873 1447 2902 tradit
1473 2871 1609 2900 horrenda
1639 2871 1813 2907 Augustinus

1026 2921 1082 2940 uer.
1135 2933 1141 2940 .

1026 2921 1082 2940 uer.
1098 2912 1141 2940 46.
