1948 3070
153 153 219 185 1271

846 156 962 185 PETRI
990 140 1117 186 SICU-LI

1726 156 1798 188 1272

151 211 294 240 tmnmodo
326 211 456 245 illorum,
490 212 588 240 tradita
616 212 689 240 inter
721 219 750 240 se
776 221 825 248 per
854 217 948 240 aetates

1003 212 1126 247 νιχαῖκὰς
1141 211 1249 247 βίϐλους
1262 212 1488 249 ἀπορῤίπτονται·
1504 211 1577 249 [cod.
1599 212 1619 241 f.
1634 213 1692 250 95.]
1708 213 1754 240 τὸν
1767 214 1797 241 ὲν

152 258 287 292 doctrina,
304 259 551 286 communicarent.
567 260 701 287 Przcterea
718 259 870 287 decernunt
885 260 947 286 nul-

152 303 208 330 lum
225 303 307 330 alium
329 305 419 339 legere
432 305 531 332 librum
547 305 640 337 licere,
656 310 757 340 praeter
772 305 946 341 Evangelium

152 354 180 376 cl.
195 349 316 384 Apostoli
331 358 439 377 sacrum
457 350 604 383 volumen;
621 351 656 377 ob
676 351 746 379 hanc
764 351 870 378 scilicet
885 358 948 378 cau-

152 404 221 427 sam,
247 399 275 423 ut
299 396 491 424 delicientibus
511 396 723 424 Manichaeorum
745 397 831 428 libris.
853 403 881 425 et
899 405 947 425 ve—

154 442 233 469 tustis
255 441 336 468 etiam
367 441 480 474 nostris,
506 443 639 470 continua
670 436 891 478 Evangeliorum,
919 447 948 470 et

151 489 292 524 apostolici
311 488 459 516 voluminis
481 488 609 522 lectione,
624 489 732 516 obviam
752 493 946 524 patentemque

151 536 311 563 accusanda:
334 535 457 563 veritatis
476 535 596 563 habeant
615 536 798 568 occasionem,
822 539 850 562 et
865 535 947 562 rudes

151 583 306 617 idiotasquc
323 582 478 617 decipiendi
493 590 500 614 ;
513 582 590 616 quasi
607 582 657 617 ipsi
681 589 696 608 a
717 581 828 608 Christo
842 581 948 609 abomi-

152 628 271 655 nandam
287 627 443 662 huiusmodi
463 627 589 655 haeresim
605 627 770 662 acceperint,
791 626 844 662 25
865 627 947 654 item-

151 682 205 709 que
218 683 233 701 a
252 674 388 710 przeconis
399 673 560 701 orthodoxm
575 674 637 700 ﬁdei
651 673 726 700 Pauli
749 674 865 708 apostoli
887 682 946 701 ma-

150 721 264 757 gisterio
278 730 285 751 :
307 721 483 748 suaveolcute
500 721 526 748 in
541 721 636 755 primis
658 720 831 756 pretiosoqne
845 720 946 748 Christi

151 768 262 795 nomine
286 767 435 802 pessimum
460 767 532 794 inter
557 767 642 794 malos
664 774 797 800 errorem,
817 771 946 801 tanquam

150 814 233 841 ovino
245 814 345 841 vellere
360 814 454 849 lupum
469 817 614 848 contegere
626 816 790 848 satagentes.
807 813 863 839 llos
872 812 947 839 enim

151 861 232 888 unice
247 860 332 887 libros
349 867 411 887 cum
425 860 526 895 legant.
546 858 800 894 interpretationem
824 858 945 893 ipsorum

150 908 184 934 ad
195 915 275 935 suum
291 907 398 934 libitum
412 906 584 940 distorquere
601 909 726 940 queunt;
746 910 860 931 caeteras
880 911 946 931 vero

150 953 257 980 divinas
272 953 438 988 Scripturas,
453 959 635 986 nequaquam.
658 951 718 984 Quo
739 950 769 977 ﬁt
789 955 819 977 ut
841 948 947 977 Veteris

151 999 318 1026 'l'estameuti
342 999 427 1026 libros
442 998 583 1033 abjiciant,
608 1002 638 1025 ut
654 997 720 1030 dixi,
737 1001 849 1032 propter
861 996 945 1024 obve-

150 1046 259 1073 nientes
268 1045 333 1072 inde
344 1045 546 1081 coargutiones;
559 1049 587 1071 et
598 1044 764 1071 deiferorum
776 1050 884 1078 quoque
895 1043 946 1069 Pa-

152 1096 222 1118 trum
234 1095 393 1119 nostrorum
403 1091 514 1123 scripta,
529 1097 563 1117 ne
573 1090 607 1117 ab
618 1089 663 1116 his
671 1089 781 1116 malitia:
794 1096 851 1115 sua:
864 1091 946 1122 caput

150 1138 322 1166 debelletur:
340 1138 430 1172 itaque
445 1137 478 1164 ab
494 1137 526 1164 iis
543 1142 671 1172 tanquam
688 1136 749 1172 igne
764 1136 855 1163 cuncti
870 1135 947 1162 defu-

153 1186 242 1221 giunt.
261 1184 296 1211 At
310 1191 376 1211 vero
393 1191 443 1210 nos
459 1191 491 1211 eo
503 1182 744 1217 vehementius_ad
760 1182 831 1209 hanc
844 1186 948 1209 sectam

150 1231 375 1266 prosternendam
389 1231 589 1261 incmnbcmus,
607 1234 688 1264 atque
705 1237 739 1256 ex
756 1229 809 1256 alio
826 1229 894 1256 libro
915 1228 948 1255 ad

151 1278 380 1305 abundantiorem
395 1277 543 1313 legentium
567 1277 774 1312 persuasionem
791 1277 948 1305 testimonia

153 1324 198 1350 hic
213 1323 395 1358 proferemus.

1000 259 1096 289 αὑταῖς
1113 258 1142 284 δὲ
1166 258 1267 285 σκοπὸν
1290 260 1337 285 καὶ
1354 259 1433 294 μόνον
1449 259 1581 294 ἀλλήλους
1605 260 1677 286 κατά
1696 259 1797 294 γενεὰν

999 305 1046 331 καὶ
1061 304 1158 338 γενεὰν
1174 304 1206 331 ἐκ
1221 305 1397 339 παραδόσεως
1414 305 1581 332 διδάσκουσι·
1598 305 1796 341 δογματίζουσι

998 350 1026 376 δὲ
1041 349 1187 382 καὶτοῦτο,
1202 349 1241 385 μὴ
1258 349 1359 382 ἐξεῖναι
1376 350 1472 385 ἐτέρας
1487 350 1595 384 βίϐλους
1615 351 1645 376 τὸ
1662 342 1795 386 παράπαν

999 395 1208 429 ἀναγινώσκειν,
1227 397 1296 431 πλὴν
1323 397 1404 430 μόνου
1419 396 1466 424 τοῦ
1483 397 1649 431 Εὑαγγελίου
1672 399 1720 424 καὶ
1744 398 1796 433 τῆς

1000 444 1075 478 ἱερᾶς
1100 442 1191 477 βίϐλου
1209 442 1256 469 τοῦ
1277 443 1438 470 ’Λποστόλου
1454 443 1521 478 (26)·
1539 443 1646 470 ποιοῦσι
1667 443 1696 470 δὲ
1715 443 1796 470 τοῦτο

998 489 1043 516 διὰ
1058 489 1185 521 τοιαύτας
1200 489 1290 521 αἰτίας
1301 510 1308 521 ,
1325 490 1398 522 ὅπως
1413 490 1445 524 τῇ
1462 489 1580 525 ἀπουσία
1594 489 1649 516 τῶν
1663 490 1797 524 Μανιχαῖ-

998 535 1055 562 κῶν
1073 535 1182 569 βίϐλων,
1206 536 1253 562 καὶ
1269 535 1324 562 τῶν
1339 537 1404 570 παρ’
1421 536 1487 570 ἡμῖν
1508 536 1593 562 ὄντων
1609 535 1733 562 παλαιῶν
1756 534 1797 570 βι-

999 582 1092 613 ϐλίων,
1107 583 1141 617 τῇ
1157 581 1296 617 ὲπισυχνῷ
1311 582 1320 600 ι
1337 582 1365 609 δὲ
1379 581 1532 616 ἀναγνώσει
1547 581 1601 608 τῶν
1619 581 1799 615 Εὐαγγελίων

998 627 1045 653 καὶ
1062 626 1112 661 τῆς
1128 627 1311 662 ἁποστολικῆς
1326 626 1417 662 βίϐλου
1428 648 1434 658 ,
1451 627 1643 662 εὐλογοφανεῖς
1658 626 1797 662 ἀφορμὰς,

997 672 1082 708 ἔχωσι
1106 674 1271 708 κατηγορεῖν
1289 673 1337 708 τῆς
1357 673 1487 708 ἀληθείας
1507 674 1555 701 καὶ
1576 673 1716 709 ἐξαπατᾷν
1732 673 1798 705 τοὺς

998 720 1115 755 ἀμαθεῖς
1131 719 1180 746 καὶ
1198 719 1320 753 ἰδιώτας,
1336 720 1377 746 ὃτι
1392 720 1446 746 ἀπὸ
1466 719 1586 755 Χριστοῦ
1603 719 1652 754 τὴν
1666 719 1798 753 τοιαύτην

998 766 1253 802 κατεῦδελυγμένην
1278 766 1384 802 αἵρεσιν
1409 765 1576 802 παρέλαϐον,
1600 766 1647 792 καὶ
1668 766 1700 792 ἐκ
1723 765 1799 792 διδα-

999 813 1113 845 σκαλίας
1127 813 1174 840 τοῦ
1195 813 1317 848 κήρυκος
1331 813 1380 847 τῆς
1394 812 1535 848 ὀρθοδόξου
1553 812 1671 844 πίστεως
1686 811 1796 839 Παύλου

997 859 1044 885 τοῦ
1056 859 1216 886 ἀποστόλου·
1232 859 1270 894 τῷ
1282 859 1310 886 δὲ
1324 859 1501 894 εὐωδεστάτῳ
1513 854 1633 893 Χριστοῦ
1648 859 1694 886 καὶ
1712 858 1798 894 τιμίῳ

999 905 1111 940 ὀνόματι
1129 905 1178 941 τὴν
1194 907 1223 932 ὲν
1241 907 1337 938 κακοῖς
1357 905 1496 940 ἐξαίρετον
1513 905 1621 939 ἀπάτην
1640 904 1677 936 ὡς
1692 905 1720 930 ὲν
1739 913 1798 930 κω-

997 952 1047 987 δίῳ
1064 952 1200 988 προϐάτου
1214 952 1296 979 λύκον
1311 952 1497 988 περικαλύψαι
1514 951 1696 983 σπουδάζουσι
1706 960 1712 966 ·
1727 950 1797 977 ταὺ-

998 1007 1047 1030 τας
1065 999 1119 1034 γὰρ
1143 999 1193 1031 τὰς
1219 999 1327 1034 βίϐλους
1350 999 1435 1034 μόνας
1463 997 1718 1032 ἀναγινώσκοντες,
1745 998 1797 1032 τὴν

999 1045 1149 1081 ἑρμηνείαν
1162 1045 1229 1080 πρὸς
1238 1045 1268 1071 τὺ
1278 1046 1377 1072 οίκεῖον
1392 1045 1515 1081 βούλημα
1529 1044 1690 1079 διαστρέψαι
1703 1043 1799 1070 δύναν-

999 1099 1055 1117 ται·
1073 1091 1121 1122 τὰς
1136 1091 1165 1118 δὲ
1179 1091 1277 1123 λοιπὰς
1291 1092 1366 1123 θείας
1379 1092 1502 1127 Γραφὰς,
1518 1090 1655 1126 οὐδαμῶς·
1672 1090 1733 1116 ὅθεν
1746 1090 1798 1125 τῆς

999 1138 1048 1172 μὲν
1073 1137 1196 1169 Παλαιᾶς
1219 1138 1270 1170 τὰς
1285 1138 1394 1174 βίϐλους
1418 1137 1636 1170 ἀποϐάλλονται,
1652 1137 1690 1169 ὡς
1714 1136 1796 1172 ἔφην,

997 1185 1041 1211 διὰ
1056 1185 1118 1216 τοὺς
1133 1184 1260 1220 ἐλέγχους
1273 1193 1279 1200 ·
1301 1185 1350 1216 τὰς
1363 1184 1392 1211 δὲ
1413 1184 1468 1211 τῶν
1482 1184 1621 1220 θεοφόρων
1635 1184 1768 1219 Πατέρων
1783 1189 1797 1203 ιι

997 1229 1087 1265 ἡμῶν,
1113 1230 1186 1260 ὅπως
1214 1229 1251 1266 μὴ
1271 1229 1305 1256 δι’
1323 1230 1414 1257 αὐτῶν
1429 1229 1601 1266 Θριαμϐευθῇ
1616 1230 1632 1265 ἡ
1648 1230 1721 1265 ἀρχὴ
1745 1229 1798 1264 τῆς

998 1276 1099 1308 κακίας
1111 1277 1212 1310 αὐτῶν,
1229 1279 1277 1304 καὶ
1292 1278 1392 1309 πάντες
1411 1277 1510 1309 αὐτοὺς
1527 1277 1565 1309 ὡς
1579 1277 1611 1303 ὲκ
1627 1277 1714 1313 πυρὸς
1729 1277 1799 1303 ἁπο-

999 1323 1131 1358 φύγωσιν·
1155 1322 1241 1359 ἡμεῖς
1263 1324 1290 1350 δὲ
1319 1324 1449 1351 ὲπιπλὲον
1482 1324 1585 1359 ταύτην
1609 1321 1798 1358 θριαμὸεὗσαι

153 1370 360 1403 σπουδάζοντες,
381 1370 454 1407 lem}.
471 1370 489 1397 l'.
556 1370 595 1406 l).]
613 1370 660 1396 καὶ
693 1370 723 1402 ea
751 1369 848 1405 ἐτέρας
868 1369 961 1405 βίϐλου
984 1371 1138 1408 μαρτυρίαν
1178 1372 1247 1407 πρὸς
1275 1371 1473 1407 περισσοτέραν
1496 1371 1551 1398 τῶν
1577 1370 1798 1405 ἐντυγχανόντων

152 1419 286 1445 πίπτωσιν
301 1416 418 1443 ἐνταῦθα
435 1416 664 1452 παραθησόμεθα.

187 1464 247 1492 XX.
267 1463 376 1491 Etenim
393 1471 508 1499 magnus
525 1463 605 1490 Pater
617 1467 710 1491 noster
727 1469 754 1491 ct
777 1463 948 1492 thaumatur-

152 1519 202 1546 gus
218 1510 389 1545 Epiphanius
404 1509 495 1545 Cypri,
510 1509 626 1536 Manctis
641 1510 667 1536 iu
683 1510 870 1545 disputatione
890 1510 948 1538 cla-

1041 1465 1082 1492 K'.
1105 1465 1135 1491 Ὀ
1150 1464 1204 1501 γὰρ
1221 1465 1307 1500 μέγας
1322 1466 1417 1502 Πατὴρ
1431 1466 1508 1502 ἡμῶν
1526 1466 1574 1493 καὶ
1590 1463 1799 1502 Θαυματουργδς

1005 1511 1163 1546 Ἐπιφάνιος
1181 1513 1230 1546 τῆς
1248 1511 1362 1548 Κύπρου
1378 1513 1441 1549 περὶ
1459 1513 1509 1547 τῆς
1533 1513 1665 1547 ὲλέγξεως
1689 1513 1799 1539 Μανεν-

152 1559 225 1590 dem,
239 1558 400 1593 justumque
427 1556 572 1584 Persarum
591 1556 660 1592 regis
683 1557 716 1584 de
741 1556 814 1583 illata
828 1557 852 1583 ei
881 1564 948 1584 nece

1003 1566 1049 1589 τος
1061 1557 1108 1584 καὶ
1123 1557 1170 1585 τοῦ
1188 1559 1220 1584 ὲκ
1233 1558 1433 1592 δικαιοκρισίας
1456 1558 1524 1585 Θεοῦ
1537 1559 1589 1586 ὑπὸ
1601 1558 1648 1585 τοῦ
1666 1558 1799 1593 βασιλέως

151 1604 284 1639 judicium
311 1610 477 1636 memorans,
503 1602 562 1630 haec
584 1603 622 1629 ait
638 1602 735 1630 :Nono
756 1602 892 1630 Valeriani
921 1606 950 1629 et

153 1651 267 1678 Gallieni
293 1650 476 1677 Romanormn
507 1649 703 1685 imperatorum
718 1657 801 1682 anno,
824 1648 950 1676 ascendit

153 1699 187 1725 dc
200 1697 312 1725 Perside
329 1697 423 1724 Manes
439 1704 549 1724 carcere
569 1697 688 1731 elapsus,
712 1700 856 1731 propterea
877 1695 950 1730 quod

154 1745 227 1780 regis
242 1744 384 1771 Persarum
415 1743 470 1770 lilio
485 1751 566 1770 causa
586 1743 683 1770 mortis
709 1743 858 1770 exstitisset
873 1753 880 1770 :
896 1749 951 1778 quo

155 1795 278 1826 tnnporc
293 1791 374 1817 etiam
388 1798 448 1817 cum
461 1789 595 1817 Archelao
608 1789 807 1816 Carcharorum
823 1789 849 1816 in
864 1789 951 1816 Meso-

155 1837 273 1872 potamia
285 1836 414 1871 episcopo
427 1836 576 1870 disputatio
587 1836 610 1862 ei
625 1835 741 1870 obtigit;
761 1843 775 1862 a
793 1843 845 1870 qua
863 1835 952 1863 victus

156 1884 312 1916 discedens,
342 1883 411 1910 clam
438 1882 516 1916 fugit,
546 1886 575 1909 ct
600 1882 778 1909 Diodoridcm
811 1882 952 1917 ingressus

156 1930 299 1965 oppidum,
326 1929 353 1955 in
393 1928 593 1955 Careharorum
625 1928 735 1960 vicinia,
772 1927 862 1963 ibique
888 1935 951 1955 cum

156 1976 304 2012 Trypltone
314 1975 432 2010 quodam
445 1973 619 2002 sanctissimo
630 1974 789 2010 presbytero
801 1974 953 2009 quaestione

158 2024 292 2055 instituta,
305 2022 340 2050 ab
359 2030 392 2048 eo
406 2021 533 2057 perfusus
551 2021 655 2056 pudore
667 2020 727 2048 fuit.
744 2021 802 2054 Qua
817 2021 908 2048 audita
924 2028 954 2048 rc

157 2069 320 2102 Archelaus,
333 2068 405 2103 quod
424 2068 496 2095 idem
514 2075 613 2103 nempe
631 2067 725 2095 Manes
750 2075 779 2095 se
791 2068 954 2096 contulisset

158 2117 191 2144 ad
209 2116 397 2152 Tryphonem,
412 2120 438 2142 et
457 2122 518 2142 cum
536 2122 570 2142 eo
585 2114 761 2150 disceptaret,
774 2115 876 2142 cursim
891 2115 955 2142 illuc

160 2163 299 2199 prolectus
321 2167 373 2193 est,
398 2161 545 2196 denuoque
569 2168 631 2188 cmn
664 2161 772 2188 Mancte
797 2160 953 2196 disputans,

160 2218 274 2246 prorsus
300 2209 377 2236 illum
401 2216 464 2235 cum
491 2207 643 2243 ignominia
672 2207 816 2235 convicit:
841 2212 954 2242 eratque

160 2257 253 2284 Manes
271 2264 333 2283 mox
353 2263 369 2283 a
391 2254 492 2290 pepnlo
512 2254 717 2281 interliciendus
735 2263 742 2287 ;
765 2254 812 2281 sed
839 2254 873 2281 ab
895 2254 949 2288 epi-

1009 2254 1086 2285 αὗθις
1097 2255 1222 2288 ποιήσας,
1235 2252 1345 2283 τελείοις
1356 2252 1437 2279 αὑτὸν
1452 2253 1605 2288 κατῄσχυνε
1624 2260 1631 2267 ο

161 2310 244 2337 scopo
255 2302 388 2329 Archelao
400 2301 566 2336 redemptus.
578 2300 604 2328 in
618 2300 756 2328 Persidem
773 2300 860 2327 rediit.
878 2300 957 2333 Quod

162 2349 208 2376 ubi
223 2357 270 2375 rex
296 2349 440 2375 Persarum
468 2347 565 2378 audiit,
590 2346 673 2381 jussit
702 2346 725 2373 ei
747 2345 824 2380 quasi
847 2352 956 2372 saccum

164 2395 262 2430 pellem
277 2395 332 2429 26
348 2394 479 2427 detrahi;
501 2398 583 2428 atque
612 2393 649 2420 ita
675 2392 768 2420 Manes
788 2391 869 2418 finem
895 2391 958 2419 vita:

164 2449 221 2469 suae
239 2441 313 2468 fet-it.

1004 1604 1116 1639 Περσῶν
1141 1604 1333 1639 ἐπενεχθέντος
1360 1604 1434 1639 αὒτῴ
1456 1604 1571 1632 θανάτου
1607 1604 1798 1639 ἐπιμνησθεὶς,

1003 1652 1067 1679 τάδε
1079 1652 1161 1687 φησίν
1188 1651 1256 1686 (T7)-
1272 1651 1316 1679 Ἑν
1331 1650 1369 1686 τῷ
1380 1651 1466 1686 ἐνάτῳ
1479 1655 1493 1670 ν
1515 1651 1554 1677 ἔτι
1581 1651 1631 1686 τῆς
1659 1649 1801 1685 βασιλείας

1005 1698 1188 1733 Οὑαλεριανοῦ
1207 1699 1254 1725 καὶ
1279 1697 1431 1724 Ιάλλίνουιι
1453 1697 1507 1724 τῶν
1531 1697 1663 1732 βασιλέων
1689 1696 1802 1731 Ῥώμης

1005 1746 1089 1781 ἀνέϐη
1104 1746 1200 1780 Μάνης
1215 1745 1268 1772 ἀπὸ
1291 1745 1430 1780 Περσίδος,
1445 1745 1495 1778 τῆς
1521 1744 1645 1778 φυλακῆς
1661 1742 1802 1778 ἐκφυγὼν.

1005 1794 1048 1821 διὰ
1064 1793 1094 1820 τὺ
1112 1792 1268 1820 θανατῶσαι
1285 1792 1331 1819 τὸν
1345 1792 1402 1818 υίδν
1427 1791 1472 1818 τοῦ
1501 1791 1633 1826 βασιλέως
1664 1790 1779 1825 Περσῶν
1793 1799 1800 1805 ·

1006 1841 1050 1867 ὅτε
1065 1840 1121 1874 ,καὶ
1139 1839 1208 1874 πρὸς
1239 1838 1385 1874 Ἀρχέλαον
1399 1838 1446 1864 τὸν
1468 1837 1618 1864 ἐπίσκοπον
1644 1837 1803 1872 Καρχάρων

1005 1886 1055 1920 τῆς
1070 1884 1282 1920 Μεσοποταμίας
1312 1884 1467 1919 συξητήσας
1490 1881 1626 1919 τὸιῆττον
1648 1882 1804 1915 ἀπενεγκά-

1009 1941 1098 1968 μενος,
1114 1930 1264 1965 λεληθότως
1275 1930 1381 1964 ἀπέδρα
1397 1938 1402 1944 ·
1430 1931 1477 1956 καὶ
1492 1929 1620 1957 εἰσελθὼν
1640 1930 1680 1961 εἰς
1703 1928 1804 1955 Διοδω-

1009 1980 1069 2015 ρίδα
1088 1983 1103 2003 ῖ
1116 1978 1213 2013 κώμην
1231 1977 1281 2012 τῆς
1293 1978 1449 2013 Καρχάρων
1466 1977 1640 2012 περιοικίδος,
1653 1975 1699 2003 καὶ
1721 1974 1806 2010 συζη-

1006 2023 1093 2058 τήσας
1123 2022 1251 2057 Τρύφωνι
1275 2031 1328 2048 τινι
1361 2021 1400 2057 τῷ
1437 2022 1582 2057 ἁγιωτάτῳ
1611 2020 1803 2056 πρεσϐυτέρῳ,

1007 2069 1118 2100 τελείως
1133 2074 1144 2087 π
1163 2069 1228 2104 παρ’
1242 2068 1324 2095 αὐτοῦ
1341 2068 1524 2104 κατῃσχύνθη.
1546 2067 1679 2098 Ἀκούσας
1693 2067 1722 2093 δὲ
1740 2066 1805 2100 Ἀρ.

1009 2116 1103 2151 χέλαος
1118 2116 1159 2142 ὅτι
1174 2111 1251 2146 οὗτος
1271 2115 1374 2147 ἐκεῖνος
1394 2115 1496 2149 ἔφθασε
1512 2114 1580 2150 πρὸς
1608 2114 1745 2150 Τρύφωνα
1755 2114 1805 2139 καὶ

1008 2161 1126 2194 διάλεξιν
1140 2162 1209 2197 πρὸς
1225 2161 1307 2188 αὐτον
1321 2163 1450 2194 ποιεῖται,
1474 2160 1726 2195 ἐπικαταλαμϐάνει
1740 2159 1805 2195 δρο-

1011 2207 1099 2242 μαίως
1114 2207 1160 2233 καὶ
1185 2206 1266 2238 αὐτός
1282 2214 1288 2221 ·
1317 2206 1364 2233 καὶ
1387 2206 1454 2241 πρὸς
1471 2206 1515 2232 τδν
1539 2206 1635 2241 Μάνην
1655 2205 1805 2239 συζήτησιν

1663 2252 1710 2278 καὶ
1726 2249 1807 2285 ἔμελ-

1008 2300 1054 2326 λεν
1067 2307 1080 2321 ιι
1106 2299 1186 2331 εὐθὺς
1203 2299 1256 2326 ὑπὸ
1271 2299 1318 2325 τοῦ
1335 2298 1400 2325 λαοῦ
1417 2299 1596 2326 θανατοῦσθαι
1611 2307 1618 2314 '
1635 2297 1806 2334 λυτρωθεὶςδ

1009 2346 1062 2372 ὑπο
1078 2345 1124 2372 τοῦ
1137 2345 1286 2371 ἐπισκόπου
1320 2345 1477 2380 Ἀρχελάου,
1507 2344 1666 2380 ἀνέκαμῲεν
1689 2345 1730 2375 εἰς
1756 2344 1807 2379 τὴν

1010 2391 1129 2426 Περσίδα
1144 2399 1150 2406 ·
1164 2391 1283 2421 ἀκούσας
1293 2391 1320 2417 δὲ
1338 2391 1352 2417 ὁ
1366 2390 1492 2426 βασιλεὺς
1518 2390 1641 2425 Περσῶν,
1663 2390 1808 2416 ἐκέλευσεν

1011 2437 1048 2468 ὡς
1075 2437 1191 2464 θύλακον
1219 2437 1300 2463 αὑτὸν
1317 2436 1466 2472 ἐκδαρῆναι
1480 2446 1487 2453 ·
1514 2437 1561 2463 καὶ
1576 2436 1662 2469 οὕτως
1684 2437 1715 2463 τὸ
1730 2435 1808 2469 τέλος

1012 2483 1058 2510 rei
1077 2483 1135 2518 βίου
1151 2484 1234 2510 αὐτοῦ
1253 2485 1267 2510 ὀ
1278 2483 1374 2518 Μάνης
1387 2483 1582 2519 κατέστρεψεν.

805 2580 823 2606 ν
831 2578 922 2606 ᾹιίΙίΕ
949 2576 1152 2605 LECTIONES.

224 2657 231 2673 ι
252 2654 288 2681 lla
301 2653 362 2681 cod.
381 2652 413 2680 R.
434 2653 479 2679 ἐπὶ
495 2651 594 2687 συχνῷ.

642 2657 656 2671 ιι
675 2651 795 2687 πατρῶν.

221 2692 254 2718 At
269 2689 300 2716 lt.
319 2688 445 2720 πελείως.
499 2694 512 2708 α
524 2688 557 2715 R.
572 2687 682 2724 ἕμηλεν.

844 2655 858 2669 ⁷
873 2650 909 2677 lla
925 2649 985 2677 cod.
1000 2649 1035 2676 At
1047 2649 1080 2675 Π.
1093 2648 1207 2683 ἐννάτῳ.

737 2688 749 2708 ιι
768 2688 803 2714 lta
818 2686 879 2713 cod.
894 2685 928 2712 At
944 2685 976 2711 lt.
991 2684 1145 2720 λυπρεθεὶς,
1164 2684 1236 2719 quod
1251 2689 1339 2711 tamen
1358 2684 1385 2710 in
1403 2690 1490 2718 marg.
1507 2690 1580 2710 corr.

1659 2650 1669 2664 ι
1689 2645 1729 2672 lta
1745 2646 1810 2673 cod.

1255 2653 1268 2666 Χ
1281 2647 1318 2675 lta
1337 2647 1398 2675 cod.
1435 2653 1449 2672 ι’
1463 2647 1496 2674 R.
1515 2646 1617 2681 Διοδορ.

934 2742 1047 2771 NOTAE.

204 2808 260 2839 (9.6)
280 2805 444 2834 Manichzros
457 2805 491 2833 de
515 2805 575 2840 ipso
587 2805 762 2832 Testamento
776 2804 853 2831 Novo
863 2825 869 2836 ,
889 2804 962 2840 quod

168 2844 269 2869 vellent
288 2842 438 2875 accepisse.
463 2845 490 2868 et
506 2839 578 2875 quod
592 2841 696 2867 nollent
709 2840 836 2873 rejecisse
853 2840 894 2873 (ut
910 2839 961 2865 ali-

168 2878 213 2909 qui
239 2878 320 2903 etiam
344 2877 447 2903 l'ariunt
473 2876 596 2903 hodierni
612 2876 742 2909 lliBI‘QliCi)
761 2880 786 2901 et
814 2875 962 2901 nonnullas

172 2912 320 2945 scripturas
334 2913 501 2948 aporryphas
521 2911 720 2946 anteposuissc,
741 2911 816 2938 testis
839 2915 881 2938 est
906 2911 959 2937 An-

1012 2802 1217 2839 gustinushazr.
1300 2835 1313 2839 _
1343 2835 1368 2839 Η
1413 2835 1433 2839 _
1455 2835 1461 2839 _
1485 2834 1491 2839 _
1541 2833 1557 2839 υ
1578 2838 1582 2839 ν
1698 2832 1714 2839 __

1049 2839 1106 2872 (‘27)
1126 2837 1219 2865 llreres
1236 2837 1280 2864 46.
1298 2835 1350 2863 Sed
1364 2836 1389 2862 in
1413 2833 1559 2870 Epiphanii
1576 2838 1651 2861 textu
1671 2833 1748 2860 edito
1769 2833 1813 2860 di-

1011 2875 1082 2902 citur
1095 2882 1167 2901 anno
1182 2880 1287 2908 quarto,
1306 2879 1358 2899 non
1374 2879 1451 2898 nona.
