1948 3070
138 178 205 212 1273

705 179 891 210 HISTORIA
907 179 1216 214 MANICHAZORUM.

1716 180 1786 214 1274

171 238 236 265 ΚΑι.
251 237 329 270 Τινὲς
346 238 374 265 δὲ
386 237 441 264 τῶν
456 236 586 273 μαθητῶν
604 235 689 264 αὑτοῦ
714 237 837 272 ἔφθασαν
857 237 929 274 [cod.

1022 238 1096 266 XXI.
1116 238 1249 266 Nonnulli
1265 246 1331 268 vero
1351 238 1552 274 discipulorum
1567 238 1628 274 ejus
1644 244 1783 267 venerunt

135 283 155 311 1⁵.
175 283 236 320 96.]
253 283 333 319 μέχρι
347 283 515 318 Σαμιυσάτου
531 283 581 318 τῆς
595 283 752 318 Ἀρμενίας,
780 284 827 310 καὶ
849 284 880 310 τὸ
891 283 933 316 ζι-

134 333 225 366 ζάνιον
240 334 287 360 τοῦ
301 333 422 370 πονηροῦ
442 334 471 360 ἐν
502 332 576 368 αὐτῷ
593 331 840 368 κατασπείραντες,
868 332 933 359 πολ-

134 378 196 410 λοῦς
213 378 268 406 τῶν
282 380 373 405 ἐκεῖσε
390 378 542 414 Ἀρμενίων
553 378 699 413 ἠπάτησαν
717 386 724 392 ·
743 377 812 412 μετὰ
827 377 854 404 δὲ
869 377 933 413 χρό-

134 433 195 456 νους
211 424 287 456 τινὰς
296 424 346 459 τῆς
363 424 496 458 κακίστης
515 423 618 458 σπορᾶς
634 423 731 458 ὴξρίζα
746 423 930 458 βλαστήσασα,

134 470 245 506 καρποῦ
262 470 412 505 θανασίμου
425 471 480 501 τοῖς
504 469 612 500 πολλοῖς
627 469 777 504 μετέδωκε,
801 469 929 504 φθάσασα

134 516 181 542 καὶ
198 516 279 551 μέχρι
291 515 445 551 Φαναροίσις
466 521 489 542 α.
518 515 589 550 Γυνὴ
611 516 665 550 γάρ
682 524 724 547 τις
752 517 784 542 ἐκ
806 516 852 543 τοῦ
878 517 932 543 Σκ-

135 561 262 597 μωσὰτου
277 561 426 596 Καλλινῖκη
442 559 454 579 ἀ
469 561 599 597 τοῡνομα,
617 561 663 588 δύο
680 562 754 593 υἱοὺς
769 562 844 597 ἔσχε,
855 562 932 589 Παῦ-

134 607 178 634 λον
194 607 241 635 καὶ
265 606 393 644 Ἰωάννην
410 615 416 623 ·
432 608 546 639 τούτους
574 606 621 635 οὖν
646 608 709 640 τοὺς
734 608 782 635 δύο
793 609 869 644 ὄφεις
887 615 899 629 ο
914 610 930 645 ἠ

133 654 223 681 αὐτῶν
239 657 388 690 γεννήτρια
405 654 496 690 ἔχιδνα
515 654 682 690 ἐκθρέψασα,
701 655 749 683 καὶ
762 655 824 692 Δτὴν
854 664 932 692 παμ-

135 700 234 736 μίαρον
248 701 378 734 διδάξασα
392 702 509 737 αἵρεσιν,
526 702 652 737 κήρυκας
671 702 720 737 τῆς
742 702 848 738 πλάνης
878 703 932 730 άπ-

133 745 254 773 έστειλεν
270 748 303 773 ὲκ
315 746 363 774 τοῦ
376 747 543 782 Σαμωσάτου
560 754 568 762 ⁸
584 748 609 774 οἱ
622 748 651 774 δὲ
667 748 869 781 καταλαϐόντες
882 750 932 785 τὴν

132 791 241 828 ὲνορίαν
251 792 418 828 Φαναροίας,
430 791 513 828 ἦλθον
527 793 568 825 εῖς
592 802 653 820 τινα
680 793 789 829 κώμην,
804 795 853 822 καὶ
868 796 932 828 τοὺς

132 839 162 865 ἐν
182 839 251 874 αὐτῇ
267 839 410 872 οἰκοῦντας
425 840 543 876 ἀμαθεῖς
560 841 606 867 καὶ
631 841 814 877 ἀστηρίκτους
838 842 932 879 εὑρόν-

132 894 188 918 τες,
204 886 294 912 ἐκεῖσε
305 886 351 913 τὸν
366 887 403 913 ἰὸν
420 887 469 922 τῆς
486 887 620 923 πονηρίας
634 887 682 914 καὶ
710 888 740 914 τὸ
764 888 862 924 πικρὸν
889 888 931 920 ζι-

132 931 224 964 ζάνιον
249 932 296 959 τοῦ
324 932 424 968 ἐχθροῦ
453 934 633 968 ἐνέσπειραν·
650 934 690 960 διὸ
707 934 850 970 καὶμέχρι
875 934 926 969 τῆς

134 977 281 1014 σήμερον,
316 979 334 1014 ἡ
362 979 412 1014 μὲν
449 979 529 1015 κώμη
563 980 730 1015 Ἐπίσπαρις
772 981 932 1017 μετωνομά-

132 1024 195 1060 σθη,
222 1025 239 1060 ὴ
258 1025 286 1052 δὲ
309 1025 416 1060 αἵρεσις
442 1026 514 1052 κατὰ
532 1026 582 1061 τὴν
599 1026 654 1052 τῶν
676 1026 855 1061 κηρυξάντων
873 1027 932 1054 ὀνο-

132 1071 233 1106 μασίαν
245 1079 253 1087 ·
268 1071 315 1098 καὶ
328 1071 383 1107 γὰρ
400 1073 432 1098 ὲκ
447 1072 507 1098 τότε
524 1073 556 1099 ἐκ
583 1073 756 1108 Μανιχαᾱιιν,
779 1074 932 1109 ἐπεκλήθη-

131 1124 181 1143 σαν
195 1116 386 1145 Παυλικιάνοι.
401 1119 431 1145 Οί
451 1116 497 1146 οὖν
510 1118 703 1146 εὐσεϐέστατοι
729 1119 778 1146 καὶ
794 1119 930 1155 ὀρθόδοξοι

129 1162 209 1198 ἡμῶν
219 1162 340 1198 βασιλεῖς
357 1163 402 1191 ἴνα
413 1164 450 1200 μὴ
467 1165 607 1192 ὲπιπλεῖον
621 1165 820 1201 διανεμηθεῖσα
837 1167 854 1201 ἡ
874 1166 932 1193 λοι-

131 1208 225 1244 μώδης
238 1210 333 1242 στάσις
358 1210 439 1246 αὕτη,
467 1211 622 1246 λυμήνηται
639 1212 754 1244 πολλοὺς
779 1212 834 1239 τῶν
865 1212 932 1239 καθ’

129 1256 214 1290 ἡμᾶς,
231 1256 315 1291 Θεῖκῷ
333 1256 408 1292 ζήλῳ
420 1257 578 1292 κινούμενοι
593 1258 657 1290 τοὺς
675 1259 748 1285 κατὰ
771 1258 854 1284 τόπον
884 1258 931 1285 εὑ-

131 1301 309 1337 ρισκομένους
320 1304 370 1338 τῆς
395 1302 554 1338 Ῥωμαῖκῆς
564 1304 653 1339 ἀρχῆς
669 1303 839 1339 Μανιχαίους
858 1303 930 1330 κατὰ

128 1349 242 1383 καιροὺς
259 1349 473 1376 ἀποκτέννουσιν
486 1349 543 1384 βε)
562 1349 632 1376 κατὰ
646 1349 676 1376 τὺ
693 1349 745 1376 ὑπὸ
761 1350 865 1385 Κυρίου
891 1351 929 1376 ει-

986 293 1072 320 usque
1092 284 1235 313 Samosata
1251 285 1387 314 Armeniae
1403 286 1512 318 urbem,
1530 293 1644 320 pravum
1673 286 1729 313 illic
1745 286 1784 313 zi-

985 331 1093 358 zanium
1109 335 1242 363 serentes,
1254 331 1409 366 multosque
1431 331 1571 359 Armeniae
1586 331 1689 359 incolas
1701 332 1783 359 dece-

986 380 1096 411 perunt.
1111 376 1174 404 Post
1188 377 1293 412 aliquot
1308 385 1407 410 annos,
1425 377 1552 412 pessima:
1565 377 1650 412 hujus
1664 377 1782 405 sationis

985 429 1060 456 radix
1086 428 1205 456 fructum
1224 429 1387 465 germinavit
1414 428 1598 462 mortiferum,
1623 429 1657 457 ad
1673 428 1783 456 Phana-

985 482 1071 502 roeam
1095 483 1181 510 usque
1196 475 1373 510 propaginem
1388 475 1542 510 porrigens.
1564 474 1632 502 Nam
1654 475 1782 503 Samosa-

985 521 1055 548 tensi
1076 521 1195 554 mulieri,
1214 521 1257 549 cui
1292 529 1394 548 nomen
1434 520 1584 553 Callinicw,
1615 521 1670 548 duo
1703 526 1782 548 erant

985 567 1079 599 liberi,
1090 567 1192 595 Paulus
1203 572 1230 595 et
1240 567 1370 600 Joannes,
1379 575 1449 602 quos
1458 568 1533 595 velut
1541 575 1643 603 angues
1654 567 1780 602 geminos

984 615 1102 650 genitrix
1127 615 1220 650 vipera
1246 615 1400 647 enutriens,
1430 619 1458 641 et
1485 614 1633 641 nefandam
1664 614 1778 641 eductos

984 661 1123 693 haeresim,
1152 661 1348 696 praedicatores
1373 660 1476 687 erroris
1500 659 1651 687 Samosatis
1677 659 1780 687 emisit.

983 707 1016 735 lli
1038 715 1103 736 vero
1115 707 1143 735 in
1170 707 1315 734 ﬁnitimam
1329 706 1411 734 delati
1431 706 1622 739 Pbanaroaam,
1646 709 1782 734 venerunt

983 752 1011 779 in
1029 752 1175 787 quemdam
1191 760 1301 788 pagum,
1328 752 1408 787 cujus
1424 752 1527 780 incolas
1551 752 1634 779 rudes
1653 756 1682 779 et
1710 752 1783 779 male

984 798 1078 826 ﬁrmos
1088 799 1178 829 nacti,
1196 806 1333 826 venenum
1359 798 1396 826 ibi
1412 798 1553 833 nequitias,
1572 802 1600 825 et
1615 805 1708 825 amara
1723 797 1783 825 dia-

988 844 1041 872 boli
1055 844 1160 871 zizania
1181 844 1417 872 disseminatum:
1443 844 1623 879 quamobrem
1648 844 1672 871 is
1693 850 1781 879 pagus

984 891 1124 926 Episparis
1152 890 1226 926 (Lat.
1252 889 1442 926 seminarium)
1471 890 1634 925 appellatur.
1665 889 1782 918 llaercsis

984 943 1095 971 quoque
1112 936 1204 964 abhis
1228 936 1456 971 prmdicatorihus
1488 943 1590 963 nomen
1621 934 1780 968 contraxit;

981 989 1045 1009 nam
1065 989 1098 1009 ex
1112 989 1145 1009 eo
1162 985 1284 1017 tempore
1298 989 1348 1017 pro
1360 980 1519 1008 Manichaeis
1538 980 1605 1008 dicti
1624 985 1689 1008 sunt
1709 980 1779 1007 Pau—

981 1028 1084 1055 liciani.
1098 1029 1186 1056 Porro
1203 1028 1403 1063 religiosissimi
1427 1026 1630 1061 orthodoxique
1653 1025 1774 1061 impera-

983 1078 1056 1102 tores
1066 1074 1164 1106 nostri,
1184 1082 1219 1102 ne
1234 1074 1342 1110 longius
1364 1073 1506 1109 serpendo.
1519 1077 1593 1100 secta
1615 1073 1674 1100 haec
1692 1071 1780 1107 pesti-

983 1121 1042 1148 lens
1049 1121 1149 1148 multos
1160 1125 1318 1148 nostrorum
1332 1120 1468 1152 inliceret,
1479 1119 1572 1147 divino
1583 1119 1641 1146 zelo
1650 1117 1781 1146 commoti

983 1173 1164 1201 quoscunque
1179 1165 1297 1193 diversis
1313 1165 1382 1192 locis
1409 1165 1437 1192 in
1456 1165 1579 1191 Romana
1599 1163 1705 1191 ditione
1723 1162 1781 1190 Ma-

983 1211 1104 1239 nichaeos
1129 1219 1178 1246 per
1201 1215 1324 1246 tempora
1352 1209 1606 1244 deprehenderunt,
1638 1206 1782 1243 suppliciis

982 1257 1145 1290 alliciebant,
1165 1257 1245 1291 juxta
1277 1256 1388 1283 Domini
1418 1256 1445 1283 in
1469 1255 1623 1291 Evangeliis
1647 1254 1781 1282 cll‘atum:

982 1302 1033 1335 Qui
1046 1302 1138 1329 nolunt
1157 1310 1198 1329 me
1215 1309 1326 1336 regnare
1340 1309 1421 1334 supra
1433 1309 1471 1334 se,
1484 1302 1536 1327 huc
1546 1300 1673 1326 adductos
1691 1306 1783 1326 coram

981 1357 1022 1375 me
1038 1348 1176 1382 interﬁcite
1197 1347 1230 1374 ³⁸.

130 1395 248 1430 ρηίιένον
277 1396 306 1422 ἐν
340 1395 540 1430 Εὐαγγελὶοις-·
567 1396 641 1429 Τοὺς
657 1396 700 1431 μὴ
730 1396 875 1429 θέλοντάς
908 1405 947 1432 με
962 1395 1149 1429 ,ϐασιλεῦσαι
1189 1394 1235 1421 ἐπ’
1276 1394 1407 1428 αὐτοὺς,
1444 1393 1585 1429 ἐνέγκατε
1611 1391 1783 1427 ἔμπροσθέν

125 1451 186 1477 μου
201 1442 224 1475 ί,
238 1442 288 1470 καὶ
299 1442 513 1478 κατασφάξατε
525 1445 646 1477 αὐτούς.
686 1469 693 1475 ,

164 1500 228 1527 KB'.
254 1500 351 1527 Πολλοὶ
385 1501 435 1536 μὲν
462 1499 508 1528 οὖν
538 1502 588 1536 τῆς
617 1501 665 1528 τοῦ
677 1501 745 1528 Θεοῦ
761 1501 926 1537 Ἐκκλησίας

127 1547 199 1573 κατὰ
214 1547 327 1581 καιροὺς
350 1547 475 1582 ὑπῆρξαν
491 1547 516 1573 οἱ
537 1548 673 1582 πολέμιοι,
700 1547 926 1583 μυριοπλασίονες

1019 1499 1103 1528 ΧΧΙΙ.
1121 1499 1195 1528 Multi
1209 1507 1275 1527 sane
1294 1499 1422 1527 exstitere
1436 1506 1484 1534 per
1495 1503 1617 1533 tempora
1627 1496 1721 1525 hostes
1731 1496 1781 1524 Ec-

980 1547 1069 1575 clesiae
1086 1547 1142 1579 Dei,
1154 1554 1213 1582 quae
1221 1546 1352 1581 plurimas
1367 1545 1401 1572 de
1419 1544 1460 1572 his
1476 1544 1605 1571 victorias
1620 1543 1723 1578 ubique
1734 1551 1781 1570 re—

127 1592 155 1618 δὲ
181 1592 284 1628 ταύτης
297 1594 324 1619 αἱ
339 1593 414 1619 νίκαι
431 1595 464 1628 τῇ
482 1593 565 1620 αὑτοῦ
593 1594 685 1630 χάριτι
714 1593 788 1629 [εοιί.
806 1594 824 1620 f.
839 1594 875 1621 96
889 1593 928 1629 b.]

982 1594 1052 1621 tulit.
1064 1594 1129 1621 Nam
1144 1593 1208 1621 boni
1225 1601 1289 1620 osor
1306 1592 1425 1626 malique
1440 1592 1567 1618 inventor
1580 1590 1715 1622 diabolus,
1729 1597 1780 1617 ceu

127 1639 243 1666 πάντοτε
261 1639 452 1674 προσγίνονται
469 1648 476 1655 ·
502 1640 516 1666 ὁ
545 1640 600 1676 γὰρ
626 1639 774 1674 μισόκαλος
805 1640 852 1666 καὶ
874 1639 928 1666 τῶν

127 1685 221 1711 κακῶν
237 1685 386 1721 ὲφευρετὴς
399 1686 521 1717 διάὸολος
535 1706 542 1718 ,
563 1686 600 1717 ὡς
615 1684 714 1722 οἷάπερ
734 1686 874 1718 πάνδεινός
887 1695 930 1718 τις

127 1731 225 1766 ὲχθρῖις
249 1733 295 1758 καὶ
317 1732 483 1767 ἀνήμεροςΒ
514 1732 563 1768 τὴν
588 1733 686 1760 ἑαυτοῦ
716 1733 858 1769 φαρέτραν
888 1733 928 1764 εἰς

131 1776 221 1811 μάτην
239 1775 362 1807 κενώσας
377 1777 408 1803 έν
424 1779 484 1809 ταῖς
510 1778 628 1813 πρόσθεν
646 1778 781 1813 αἱρέσεσι,
814 1777 844 1804 τὺ
867 1785 929 1804 και-

129 1823 259 1859 ριώτερον
278 1823 361 1849 αὐτοῦ
380 1823 457 1858 βέλος
472 1825 501 1850 ὲν
518 1825 574 1856 τοῖς
586 1824 710 1860 ὑστέροις
735 1825 841 1860 καιροῖς
871 1825 928 1856 τοῖς

129 1868 287 1903 ἀνθρώποις
307 1869 458 1903 ἐπαφίησιν
477 1877 483 1885 ·
500 1869 593 1904 ἐπειδὴ
610 1870 657 1896 καὶ
674 1871 765 1896 πᾶσαν
777 1870 860 1896 αὐτοῦ
878 1869 928 1904 τὴν

127 1915 226 1941 κακίαν
241 1914 308 1950 πρὸς
319 1914 354 1940 τὰ
369 1915 424 1940 τῶν
450 1913 558 1941 αἰώνων
587 1914 651 1949 τέλη
680 1915 730 1940 οὐκ
759 1915 929 1950 ἐπικεκρυμ-

128 1958 226 1993 μένως,
244 1958 313 1985 ἀλλὰ
324 1958 449 1994 φανερῶς
465 1959 563 1994 δρᾶσαι
577 1958 822 1995 συγχωρηθήσεται
851 1958 928 1994 παρὰ

125 2003 173 2030 τοῦ
186 2005 240 2031 τῶν
257 2005 326 2032 ὅλων
340 2005 420 2037 Θεοῦ,
435 2005 506 2032 κατὰ
520 2006 556 2032 τὰ
576 2005 744 2032 θεόπνευστα
776 2006 824 2032 καὶ
847 2004 928 2040 ἱερώ-

125 2059 195 2077 τατα
216 2051 311 2085 Λόγισ..
329 2051 441 2086 Ποιήσει
462 2051 527 2086 γὰρ,
541 2052 634 2087 φησὶν,
653 2053 667 2077 ὸ
683 2051 736 2077 ὑπὸ
761 2051 808 2077 τοῦ
840 2059 925 2084 πονη-

125 2096 174 2132 ροῦ
186 2096 380 2132 ἑνεργούμενος
389 2097 573 2132 ’Λντεχριστος
583 2098 695 2131 σημεῖα,
707 2097 747 2130 ὡς
757 2096 925 2130 πλανῆσαι,

124 2143 151 2168 εὶ
167 2142 310 2176 δυνατὸν,
337 2144 386 2170 καὶ
410 2144 481 2176 τοὺς
501 2143 674 2176 ἐκλεκτούς.
709 2143 755 2183 Διὸ
780 2144 809 2169 ἐν
826 2143 928 2175 πάσαις

124 2188 186 2219 ταῖς
201 2188 323 2222 αἱρέσεσι
348 2189 552 2225 φρυαξάμενος,
571 2189 601 2216 ὲν
629 2191 662 2225 τῇ
677 2189 797 2224 Ιμυσαρᾷ
822 2189 928 2225 αἱρέσει

124 2233 181 2259 τῶν
204 2234 364 2269 Μανιχαίων
399 2235 455 2262 τῶν
481 2236 528 2262 καὶ
550 2235 741 2262 Παυλικιάνων
772 2234 927 2270 λεγομένων

126 2279 360 2315 μεγαλαυχήσας,
405 2281 476 2307 ὥστε
514 2282 561 2308 καὶ
597 2281 661 2312 τοὺς
690 2281 927 2317 τιτρωσκομένους

125 2326 301 2360 παραπεισας
320 2327 357 2362 μὴ
375 2327 550 2364 ἐξαγορεύειν
568 2327 602 2355 τὰ
622 2328 779 2364 τραύματα,
797 2328 864 2355 ἀλλὰ
878 2328 923 2355 πί-

125 2380 182 2398 νειν
193 2371 228 2398 τὰ
244 2372 397 2408 δηλητήρια
413 2374 542 2410 καθάπερ
553 2373 624 2402 οἶνον
651 2375 818 2410 εὐφρόσυνον
837 2384 844 2391 ·
875 2374 924 2401 νῦν

124 2419 163 2450 ὡς
178 2418 282 2453 γελοῖον
298 2421 354 2450 τοῖς
375 2420 442 2446 πᾶσι
458 2421 601 2456 πρόκειται
618 2421 667 2448 σὺν
686 2422 742 2453 τοῖς
753 2420 925 2456 πειθομένοις

123 2465 199 2500 αὐτῷ
229 2466 356 2502 καθάπερ
386 2468 483 2501 νήπιον
513 2467 716 2502 ὲμπαιζόμενος
734 2476 741 2483 '
761 2467 812 2502 τῆς
826 2467 924 2498 κακίας

125 2511 206 2538 αὐτοῦ
234 2512 463 2548 θριαμὸευθείσης
489 2513 517 2539 ὲν
546 2514 606 2545 ταῖς
638 2513 755 2549 ἡμέταις
787 2512 926 2539 Βασιλεὶου

163 2601 185 2617 ³³
197 2601 265 2629 Luc.
280 2608 338 2633 xix,
355 2601 400 2628 27.
440 2601 462 2617 δθ
472 2601 569 2629 Matth.
586 2609 660 2634 xxiv,
673 2601 718 2628 24.

980 1641 1089 1676 quidam
1106 1640 1261 1668 horrendus
1281 1646 1425 1673 saevusque
1439 1637 1535 1670 hostis,
1554 1641 1696 1672 postquam
1711 1637 1780 1671 pha-

980 1691 1081 1714 retram
1106 1694 1184 1714 suam
1209 1686 1237 1713 in
1269 1685 1460 1720 superioribus
1491 1683 1642 1710 hmresibus
1675 1683 1777 1709 frustra

979 1733 1157 1764 exhauserat,
1176 1730 1362 1758 exitiosiorem
1377 1729 1502 1765 sagittam
1523 1735 1601 1756 suam
1617 1728 1660 1755 his
1672 1731 1778 1763 postre-

979 1779 1032 1806 mis
1049 1777 1219 1813 temporibus
1234 1776 1371 1812 jaculatus
1386 1779 1438 1803 est.
1453 1775 1593 1810 Siquidem
1605 1780 1689 1802 totam
1700 1782 1778 1801 suam

979 1824 1110 1852 malitiam
1129 1824 1203 1850 circa
1219 1823 1381 1850 saeculorum
1403 1822 1484 1848 linem
1500 1821 1574 1848 haud
1596 1820 1704 1848 occulte
1729 1819 1777 1847 sed

979 1871 1087 1906 publice
1112 1870 1165 1905 2'7
1196 1877 1325 1896 exercere
1352 1868 1458 1896 sinetur
1477 1868 1512 1895 ab
1544 1867 1692 1895 universali
1710 1867 1776 1899 Deo.

979 1922 1061 1953 prout
1073 1917 1213 1951 inspirata:
1231 1916 1310 1943 aiunt
1325 1915 1518 1942 sacratissima:
1540 1914 1663 1942 Litterae.
1683 1913 1778 1941 Faciet

979 1963 1064 1993 enim.
1079 1963 1246 1997 inquiunt,a
1269 1962 1379 1989 diabolo
1402 1961 1552 1988 instinctus
1581 1960 1772 1987 Antichristus

978 2008 1054 2044 signa
1067 2009 1161 2039 multa,
1178 2009 1217 2034 ita
1230 2012 1258 2034 ut
1274 2007 1454 2042 decipiantur,
1471 2005 1494 2033 si
1515 2006 1574 2040 ﬁeri
1584 2010 1678 2040 potest,
1694 2006 1777 2032 etiam

979 2051 1097 2078 electi“.
1114 2051 1205 2084 Quare
1225 2058 1287 2078 eum
1305 2050 1333 2077 in
1358 2050 1488 2077 omnibus
1502 2054 1544 2076 ‘sc
1565 2050 1716 2077 hmresibus
1732 2050 1776 2077 iu-

978 2099 1099 2126 solenter
1117 2098 1258 2133 gessisset,
1275 2097 1302 2124 in
1331 2097 1383 2124 hac
1404 2096 1516 2131 quidem
1541 2096 1660 2124 nefanda
1689 2096 1778 2124 lllani-

979 2146 1128 2177 cbaeorum,
1142 2144 1188 2180 qui
1198 2149 1226 2171 et
1241 2143 1390 2171 Pauliciani
1404 2143 1544 2175 dicuntur,
1559 2143 1679 2170 exsultat
1694 2143 1774 2176 adeo,

979 2196 1009 2219 ut
1023 2191 1105 2218 etiam
1138 2190 1291 2218 vulneratis
1314 2190 1443 2223 suaserit,
1473 2189 1622 2224 quominus
1656 2189 1774 2216 vulnera

979 2237 1056 2264 fateri
1076 2237 1171 2266 velint.
1189 2237 1236 2264 sed
1252 2236 1362 2264 exitiale
1376 2236 1467 2271 potius
1482 2243 1618 2263 venenum
1642 2239 1773 2270 tanquam

980 2283 1073 2310 vinum
1085 2283 1241 2310 exhilarans
1255 2282 1422 2310 combibant.
1440 2283 1567 2308 Attamen
1598 2281 1682 2308 draco
1700 2288 1776 2308 nunc

978 2330 1100 2357 omnium
1118 2329 1184 2356 risui
1203 2334 1309 2364 prostat
1320 2337 1383 2356 cum
1407 2328 1464 2356 suis
1483 2327 1605 2360 asseclis,
1632 2335 1683 2355 ccu
1706 2335 1775 2362 puer

978 2376 1022 2403 cui
1045 2375 1178 2408 illuditur,
1203 2380 1347 2410 postquam
1371 2375 1432 2410 ejus
1454 2374 1616 2409 improbitas
1639 2374 1774 2402 debellata

980 2421 1040 2454 l'uit,
1056 2421 1224 2456 temporibus
1251 2420 1341 2447 Basilii
1361 2424 1388 2447 ct
1412 2419 1586 2447 Constantini
1611 2427 1644 2446 ac
1673 2419 1774 2447 Leonis

980 2467 1088 2502 piorum
1117 2466 1334 2494 orthodoxormn
1361 2473 1578 2502 magnorumque
1603 2474 1698 2501 regum
1721 2473 1773 2493 no-

982 2518 1109 2540 strorum.
1128 2512 1195 2540 Nam
1213 2520 1274 2548 quae
1292 2512 1357 2539 olim
1373 2512 1494 2540 latebant
1513 2512 1630 2547 pessima
1654 2519 1774 2546 venena,

773 2672 892 2700 VAlll/E
919 2672 1128 2701 LECTIONES.

162 2747 173 2760 ε
196 2741 390 2777 ιὶιῷαναρῐας.
429 2741 442 2761 d
460 2741 493 2769 Β.
513 2740 659 2777 Καιλνίκη.
699 2747 711 2760 ε
730 2741 763 2769 [ἰ.
775 2741 846 2776 ὄφις,

159 2885 216 2920 (28)
238 2884 388 2912 Praesertim
415 2885 493 2920 jussu
514 2885 666 2913 Theodoro:
680 2884 819 2920 Augustae,
847 2893 907 2920 qme

125 2921 271 2957 imperium
297 2928 347 2956 pro
374 2921 428 2950 lilio
445 2922 620 2950 adolescente
642 2920 773 2950 Michaele
791 2920 826 2948 lll
850 2921 906 2957 (cui

888 2741 936 2769 ιιι.
957 2751 1014 2778 μοι.

894 2813 1014 2842 NOT/E.

1055 2743 1067 2763 ε
1086 2741 1127 2770 R.
1149 2743 1296 2779 ἀνήμενος.

1246 2807 1263 2815 θ..

963 2886 1080 2951 Βῖεᾎίιιξ
1095 2887 1239 2950 ευεοὲῗῗίι)
1252 2885 1465 2915 administravit.
1487 2885 1598 2922 chesis
1609 2884 1764 2914 Ccdrcnum

963 2930 975 2950 c
997 2942 1003 2948 .
1038 2930 1103 2951 arts.
1117 2930 1144 2951 υ.
1212 2941 1219 2948 .
1510 2932 1514 2935 ε

959 2930 1003 2950 eo.
1017 2930 1103 2951 raris.
1117 2930 1144 2958 [ν.
1158 2930 1219 2950 041.
1510 2932 1514 2935 π
