1948 3070
182 194 252 226 1275

862 191 978 222 PETRI
1002 190 1130 221 SICULI

1755 187 1826 220 19.76

177 256 206 279 et
220 250 328 280 cunctis
341 257 426 286 prope
441 245 601 278 hominibus
618 249 708 285 ignota
720 247 815 280 erant,
837 246 972 274 nefando-

1032 246 1073 272 ιαὶ
1102 244 1310 273 Κωνσταντίνου
1338 244 1384 271 καὶ
1414 244 1530 277 Λέοντος
1557 244 1625 281 (‘29),
1639 244 1695 271 τῶν
1708 244 1827 272 εὐσεϐῶν

178 305 240 325 tum
251 296 355 324 scilicet
366 296 491 331 dogmata
504 294 732 325 Paulicianorum,
742 300 855 320 eanunc
866 292 975 327 publice

177 345 276 377 patent
287 350 295 375 ;
306 341 432 377 precibus
448 341 589 372 nimirum,
609 339 682 366 curis
696 337 849 370 indefessis,
867 338 975 372 Deoqne

178 389 299 424 acceptis
310 388 419 424 vigiliis,
432 387 604 422 sapientique
617 385 750 421 regimine
760 385 935 419 pacificorum
948 388 975 412 et

183 434 400 461 orthodoxorum
430 439 647 468 magnorumque
684 438 778 465 regum
805 434 974 458 nostrorum.

181 480 250 508 Nam
279 488 342 508 eum
371 479 529 515 superiores
562 486 658 505 omnes
688 477 827 512 principes
854 477 977 505 latuisset

178 526 286 555 occulta
300 526 413 554 nefaria:
425 526 506 560 huius
522 526 660 553 lizurcseos
677 524 871 559 fraus,justam
885 528 975 550 tamen

177 573 396 601 dominationem
425 576 604 604 sanctorum,
636 577 854 606 magnorumque
880 569 975 596 mundi

179 620 397 652 moderatorum,
428 618 584 654 principum
614 621 782 650 nostrorum,
806 616 894 643 latere
919 623 976 642 non

178 666 278 703 potuit.
294 666 444 701 Oportebat
460 665 533 692 enim
552 665 610 692 haec
625 665 735 692 demum
767 667 889 690 tortuosa
905 662 977 689 mala

178 713 207 740 in
221 712 393 747 triumphum
409 712 519 747 publice
536 710 599 738 duci
613 719 620 737 :
643 714 671 737 et
685 709 796 744 quidem
817 708 871 736 huc
896 708 977 743 plano

179 756 319 792 regalique
347 763 478 791 processu
500 759 631 790 rectaque
650 753 695 781 via
726 752 859 788 principis
879 758 977 778 revera

179 803 288 838 optimi,
299 810 407 830 summo
421 810 514 829 amore
532 801 636 833 dilecti,
651 800 782 834 omnique
793 806 853 826 aevo
866 803 979 834 propter

181 857 231 876 sua
248 848 346 877 eximia
363 848 486 876 facinora
504 847 685 880 memorandi,
701 853 764 874 cum
782 854 797 873 a
818 845 875 872 Deo
897 852 978 872 coro-

179 894 251 922 natis
275 893 339 921 ﬁliis
352 894 420 926 suis,
437 894 544 929 magnis
568 893 670 920 nostris
696 892 818 927 regibus,
839 891 978 919 Constan-

1028 291 1076 319 καὶ
1089 291 1239 327 ὀρθοδόξων
1266 290 1418 326 μεγάλωνιι
1443 291 1576 326 βασιλέων
1598 291 1688 327 ἡμῶν,
1722 291 1764 318 Τὰ
1774 291 1827 328 γὰρ

1027 338 1111 365 πάλαι
1123 337 1304 373 κεκρυμμένα
1320 337 1440 364 κάκιστα
1461 337 1469 357 ί
1489 337 1641 373 δηλητήρια
1664 337 1712 364 καὶ
1736 337 1827 373 σχεδον

1028 386 1134 417 πάντας
1151 384 1313 420 ἀνθρώπους
1325 384 1537 411 διαλανθάνοντα
1559 386 1625 420 περὶ
1653 385 1708 412 τῶν
1740 393 1826 420 μυσα-

1031 432 1084 468 ρῶν
1097 431 1301 462 Παυλικιάνων,
1317 430 1366 457 νῦν
1377 430 1504 466 φανερῶς
1515 430 1740 467 θριαμϐεύονται,
1754 431 1826 467 [eod.

1030 479 1051 507 f.
1067 479 1126 515 97.]
1147 480 1208 511 ταῖς
1236 479 1387 514 ἀγρύπνοις
1407 480 1574 514 προσευχαῖς
1598 479 1646 505 καὶ
1668 479 1828 515 ἀκοιμήτοις

1030 526 1178 561 μερίμναις
1190 525 1239 552 καὶ
1258 525 1410 557 θεοδέκτοις
1431 526 1615 560 ἐγρηγόρσεσι
1639 525 1687 552 καὶ
1714 526 1746 560 τῇ
1767 527 1827 552 ἐπι-

1030 572 1183 607 στημονικῇ
1204 572 1351 605 ποιμάνσει
1375 571 1432 598 τῶν
1446 571 1629 606 εἰρηνοποιῶν
1654 572 1702 598 καὶ
1721 571 1828 607 690066-

1029 617 1082 650 ξων
1107 618 1234 653 μεγάλων
1262 617 1395 652 βασιλέων
1426 617 1516 653 ἡμῶν,
1549 617 1658 649 Πάντας
1689 617 1744 653 γὰρ
1766 618 1828 649 τοὺς

1029 663 1315 699 προϐεϐασιὶευκότας
1329 663 1464 690 διαλαθὼν
1481 665 1496 691 ὁ
1511 664 1741 700 ἐγκεκρυμμένος
1752 664 1826 695 δόλος

1028 709 1079 744 τῆς
1096 710 1222 745 μυσαρᾶς
1231 709 1335 746 ταύτης
1353 710 1498 746 αἱρέσεως,
1510 711 1561 746 τὴν
1573 710 1683 738 δικαίαν
1691 711 1830 746 βασιλείαν

1029 755 1084 781 τῶν
1104 755 1337 791 κοσμοσυστάτων
1362 755 1408 782 καὶ
1432 756 1517 790 ἁγίων
1536 756 1664 790 μεγάλων
1698 756 1831 791 βασιλέων

1031 801 1111 837 ἡμῶν
1127 801 1158 828 οὒ
1174 801 1308 828 διέλαθεν.
1320 801 1397 828 Ἔδει
1414 802 1465 837 μὲν
1490 802 1546 838 γὰρ
1570 802 1658 829 ταῦτα
1675 803 1709 830 τὰ
1737 802 1833 830 σκολιὰ

1030 847 1272 883 θριαμϐευθῆναι.’
1292 848 1371 875 Ἀλλὰ
1389 849 1438 883 τῆς
1450 849 1526 880 λείας
1543 850 1590 876 καὶ
1611 849 1832 885 βασιλικωτάτης

1031 893 1139 929 βάσεως
1165 894 1212 920 καὶ
1238 894 1348 926 εὐθείας
1369 894 1430 921 ὁδοῦ
1454 894 1652 930 βασιλευούσης
1670 896 1721 930 τῆς
1746 895 1832 925 ὅντως

181 942 239 968 tino
257 945 286 968 et
299 940 392 968 Leone
403 941 542 976 perpetuis
557 939 697 976 Augustis.
711 938 824 966 Scilicet
841 938 900 966 haec
921 938 978 973 28

1032 940 1133 974 ἀγαθῆς
1151 940 1199 966 καὶ
1210 940 1361 976 ὲπεράστου
1382 941 1429 967 καὶ
1446 941 1486 972 εἰς
1509 941 1596 967 αίῶνα
1625 942 1834 977 μνημονευομέ-

180 994 242 1021 quze
257 990 379 1014 sanctam
391 991 419 1014 et
433 987 541 1014 beatam
554 986 672 1020 via-eque
697 985 837 1020 auspicem
855 985 977 1012 divinam

181 1033 346 1061 Trinitatem
359 1040 475 1060 numero
492 1037 629 1067 exmquat,
642 1037 800 1059 sanctorum
822 1031 979 1067 principum

184 1084 344 1107 nostrorum
357 1080 476 1110 trinitas.
498 1087 567 1114 puro
588 1079 693 1106 lumine
717 1078 862 1109 illustrata.
879 1078 980 1105 divinae

181 1126 287 1154 notitiae
302 1126 409 1153 radium
419 1133 469 1160 per
481 1130 615 1153 terrarum
631 1125 725 1152 orbem
740 1124 880 1156 dilTundit,
899 1124 980 1159 eique

182 1172 351 1200 multimodis
374 1173 504 1207 prodesse
519 1179 574 1198 non
591 1171 701 1198 desinit.
720 1170 802 1198 Certe
826 1170 978 1197 beneﬁcio-

183 1226 244 1245 rum
267 1218 326 1253 ejus
342 1218 556 1254 magnitudinem
586 1221 681 1252 gentes
700 1217 781 1244 etiam
798 1217 890 1252 lingua
916 1216 980 1243 bar-

184 1265 269 1297 barat,
294 1265 473 1299 moribusque
489 1263 590 1296 ederae,
607 1263 745 1290 sentiunt.
766 1262 820 1290 Sed
847 1263 907 1290 haec
927 1263 978 1290 ha-

181 1315 290 1338 etenus.

1027 995 1086 1022 νης,
1099 986 1143 1013 διὰ
1154 986 1284 1013 πάντατὰ
1296 987 1373 1022 τίμια
1383 987 1469 1022 αὐτῆς
1483 988 1693 1023 κατορθώματα·
1707 987 1766 1023 ἅμα
1777 988 1833 1014 τῶν

1028 1032 1184 1060 Θεοσέτττων
1202 1033 1269 1060 υἱῶν
1282 1034 1378 1069 αὐτῆς,
1391 1033 1438 1060 καὶ
1453 1034 1580 1068 μεγάλων
1593 1034 1727 1069 βασιλέων
1738 1034 1830 1069 ἡμῶν,

1028 1079 1237 1107 Κωνσταντίνου
1253 1081 1300 1107 καὶ
1316 1080 1440 1113 Λέοντος,
1456 1079 1510 1106 τῶν
1524 1080 1642 1106 αἰωνίων
1655 1080 1832 1114 Δύγούστων.

1029 1127 1086 1162 Τῆς
1099 1127 1154 1163 γὰρ
1169 1126 1251 1161 ἁγίας
1265 1127 1313 1153 καὶ
1329 1126 1470 1162 μακαρίας
1483 1126 1641 1162 ζωαρχικῆς
1655 1126 1733 1158 θείας
1750 1127 1835 1162 Τριά-

1032 1173 1108 1209 δοςή
1135 1173 1280 1210 ίπάριθμος
1307 1174 1377 1210 αὕτη
1403 1175 1460 1201 τῶν
1485 1174 1571 1209 ἁγίων
1594 1173 1726 1209 βασιλέων
1755 1173 1835 1209 ἡμῶν

1032 1220 1121 1255 τριὰς,
1142 1220 1182 1256 τῷ
1208 1222 1341 1256 ἁκηράτῳ
1369 1221 1440 1256 ῳωῇ¹
1466 1221 1696 1257 λαμπρυνομένη,
1722 1221 1836 1252 ἀκτῖνας

1032 1266 1199 1300 θεογνωσίας
1214 1269 1247 1303 τῇ
1261 1269 1410 1304 οἰκουμένῃ
1424 1269 1573 1304 ἐκπέμπει,
1590 1269 1638 1295 καὶ
1659 1267 1762 1303 ταύτην
1785 1275 1836 1293 πο-

1032 1312 1145 1344 λυειδῶς
1170 1314 1354 1349 εὐεργετοῦπι
1381 1316 1412 1341 οὐ
1429 1314 1609 1349 διαλιμπάνει
1624 1323 1631 1329 ·
1650 1314 1698 1340 καὶ
1712 1313 1768 1349 γὰρ
1784 1312 1834 1339 τοῦ

184 1358 315 1392 μεγέθους
331 1357 384 1385 τῶν
399 1356 565 1392 εὐεργεσιῶν
581 1357 666 1393 αὐτῆς
695 1357 742 1399 καὶ
758 1356 792 1383 τὰ
809 1355 984 1391 ἀλλόγλωσσα
1003 1358 1050 1384 καὶ
1080 1359 1207 1395 ἀνήμερα
1227 1359 1291 1394 ἔθνη
1312 1359 1486 1387 αἰσθάνονται
1505 1360 1574 1396 (50).
1596 1360 1651 1386 Καὶ
1670 1359 1756 1387 ταῦτα
1784 1359 1836 1395 μὲν

183 1405 230 1432 ἐπὶ
243 1404 381 1431 τοσοῦτον.

220 1451 318 1479 XXJII.
337 1452 409 1479 Sane
423 1451 561 1487 quodnam
580 1450 706 1478 habuerit
730 1450 834 1477 nefaria
854 1449 912 1477 lucc
924 1449 980 1477 luu-

185 1499 255 1527 resis
271 1498 390 1531 initium,
411 1498 524 1533 copiose
538 1498 594 1533 jam
610 1497 741 1528 diximus,
757 1497 802 1524 ubi
821 1497 855 1524 de
871 1496 980 1523 Mancle

184 1545 293 1576 etaliis.
306 1549 334 1572 et
349 1544 383 1572 de
400 1543 484 1571 Paulo
501 1543 700 1576 Samosatensi,
726 1542 868 1570 Callinicm
880 1541 980 1576 ghlani»

1070 1448 1134 1474 Kl".
1147 1447 1211 1479 Πῶς
1224 1448 1252 1475 δὲ
1266 1448 1426 1485 ἄραήὰρχὴ
1442 1451 1492 1485 τῆς
1513 1451 1640 1486 μυσαρᾶς
1661 1451 1764 1488 ταύτης
1790 1454 1836 1480 αί-

1036 1495 1138 1530 ρέσεως
1159 1494 1281 1530 γέγόνεν,
1304 1495 1355 1531 ἥδη
1380 1497 1408 1522 ὲν
1432 1497 1464 1531 τῇ
1491 1496 1536 1523 διὰ
1563 1497 1682 1529 πλάτους
1709 1498 1834 1534 διηγήσει

1034 1543 1099 1577 ἡμῖν
1110 1541 1234 1568 λέλεκται
1252 1542 1307 1576 (3|)
1325 1543 1354 1568 ὲν
1370 1539 1411 1574 οἷς
1424 1542 1556 1577 ἐλέγομεν
1566 1543 1630 1578 περί
1643 1552 1673 1570 τε
1695 1545 1836 1578 Μάνεντος

185 1591 268 1618 chrum
285 1590 351 1621 ﬁlio,
367 1590 481 1625 ejusque
505 1589 588 1617 fratre
609 1588 716 1616 Joanne
738 1589 820 1616 verba
850 1588 977 1616 fecimus.

1035 1588 1082 1614 καὶ
1096 1587 1147 1622 τῆς
1162 1587 1264 1614 λοιπῶν
1280 1587 1329 1614 καὶ
1345 1587 1452 1614 Παύλου
1462 1588 1509 1615 τοῦ
1526 1587 1602 1624 [cod.
1623 1588 1642 1617 Γ.
1659 1590 1694 1616 97
1706 1590 1746 1626 b.]
1776 1591 1831 1617 Σα-

184 1636 286 1663 \'erum
302 1640 330 1664 et
352 1636 391 1668 hi,
414 1636 448 1663 de
470 1636 572 1670 quibus
600 1643 664 1663 mox
691 1635 848 1669 loquemur,
871 1633 979 1662 etiamsi

184 1691 255 1711 vana
266 1683 369 1718 aliquot
377 1683 517 1718 prioribus
529 1682 680 1710 lueresibus
694 1682 823 1709 addidere
836 1681 979 1715 voeabula,

184 1729 256 1757 sicut
275 1729 303 1756 in
328 1737 374 1757 sex
402 1729 580 1757 sermonibus
607 1737 622 1756 a
648 1729 730 1756 nobis
760 1729 980 1756 demonstratum

184 1780 237 1808 est,
246 1776 425 1804 nihilominus
431 1776 541 1812 genuini
552 1776 725 1811 superiorum
736 1775 981 1803 haresiarcharum

184 1823 287 1850 alumni
305 1823 426 1853 fuerunt.
440 1827 523 1858 prout
548 1822 707 1858 singillatim
724 1823 813 1857 palam
834 1822 978 1849 faciemus.

185 1868 301 1901 Quinam
320 1876 402 1903 porro
419 1868 446 1895 hi
466 1868 523 1896 sint
548 1876 637 1903 nuper
651 1868 750 1898 exorti.
773 1868 872 1902 quibus
892 1867 983 1894 Pauli-

185 1915 256 1942 ciani
271 1915 438 1948 innituntur,
456 1923 581 1950 quosque
593 1915 643 1950 ipsi
657 1915 709 1942 sibi
724 1915 871 1951 magistros
887 1915 981 1942 inscri-

186 1961 264 1992 bunt.
292 1961 374 1988 modo
402 1961 550 1989 dicendum
581 1966 633 1989 est.
656 1961 838 1988 Constantino
863 1960 980 1988 lleraclii

185 2007 437 2043 n-‘poteitnpcrium
451 2011 571 2039 tenente,
587 2007 690 2035 exstitit
702 2007 849 2035 Armenius
857 2007 979 2042 quidam,

184 2053 296 2079 nomine
315 2052 524 2085 Constantinus,
562 2053 589 2080 in
623 2053 825 2081 Samosatcnsis
861 2053 982 2089 regionis

185 2106 257 2133 pago
271 2098 418 2129 lllananali.
435 2099 479 2134 qui
496 2107 582 2134 pagus
599 2107 674 2127 nunc
687 2107 797 2134 quoque
816 2099 982 2127 lllanichaeos

185 2144 244 2171 alit.
274 2144 323 2172 llic
348 2144 494 2172 diaconum
511 2145 657 2180 quemdam
687 2146 836 2180 captivum,
870 2146 903 2173 ad
928 2154 981 2181 pa-

186 2190 270 2218 triam
296 2197 373 2218 suam
399 2191 434 2219 de
456 2191 532 2225 Syria
568 2196 752 2219 revertentem
784 2193 824 2227 (ut
853 2197 982 2220 accurate

187 2236 358 2272 rescivimus)
389 2242 418 2265 et
456 2237 483 2264 in
506 2245 604 2272 pagum
634 2237 798 2265 Mananalim
834 2238 953 2265 delatum
973 2258 980 2270 ,

1034 1632 1182 1668 μωσατέως
1208 1633 1256 1660 τοῦ
1283 1634 1342 1660 υίοῦ
1375 1634 1541 1670 Καλλινίκης
1574 1635 1625 1670 τῆς
1656 1637 1834 1671 Μανιχαίας,

1032 1679 1148 1715 ἀδελφοῦ
1163 1679 1191 1706 δὲ
1212 1679 1353 1706 Ἰωάννου”
1366 1679 1425 1706 ἀλλ’
1440 1680 1514 1715 ὅμως
1531 1681 1579 1707 καὶ
1604 1678 1678 1708 οὗτοι
1697 1682 1764 1717 περὶ
1795 1680 1836 1710 ὧν

1033 1725 1220 1761 διηγησόμεθα
1229 1726 1254 1751 εἰ
1272 1725 1441 1760 κενοφωνίας
1456 1725 1535 1758 τινὰς
1549 1727 1608 1758 ταῖς
1627 1726 1752 1762 πρώταις
1773 1728 1837 1754 ὲπι-

1035 1771 1158 1805 συνῆψαν
1173 1771 1309 1806 αἱρέσεσι,
1320 1770 1413 1802 καθὼς
1431 1771 1460 1797 ἐν
1471 1772 1528 1803 τοῖς
1543 1771 1574 1804 ἒξ
1586 1772 1674 1806 λόγοις
1690 1773 1759 1807 ἡμῖν
1789 1773 1836 1799 δε-

1033 1817 1161 1852 δήλωται,
1169 1816 1236 1843 ἀλλὰ
1249 1817 1370 1852 μαθηταὶ
1382 1816 1436 1843 τῶν
1445 1818 1836 1854 προηγησαμένωναίρεσιαρ-

1033 1863 1088 1899 χῶν
1117 1863 1241 1899 ὑπῆρξαν
1258 1864 1375 1898 γνήσιοι,
1405 1863 1555 1899 καθώσπερ
1581 1863 1760 1900 λεπτομερῶς
1785 1865 1837 1900 δη-

1032 1910 1185 1946 λωθήσεται
1202 1917 1209 1925 ·
1221 1909 1293 1940 τίνες
1306 1909 1334 1936 δὲ
1352 1907 1427 1936 οὗτοι
1438 1910 1463 1936 οἱ
1481 1910 1579 1937 νεωστὶ
1593 1911 1778 1945 ἀναφανέντες
1793 1913 1837 1944 είς

1032 1956 1080 1988 οὒς
1095 1957 1120 1982 οἱ
1132 1956 1306 1983 Παυλικιάνοι
1321 1956 1517 1991 ὲπερείδονται,
1538 1957 1585 1983 καὶ
1600 1956 1647 1988 οὓς
1664 1958 1771 1984 ἑαυτῶν
1786 1958 1836 1984 δι-

1032 2002 1186 2034 δασκάλους
1200 2003 1412 2039 ἐπιγράφονται,
1430 2003 1481 2038 ήδη
1492 2003 1602 2030 λεκτέον
1617 2011 1623 2018 ·
1638 2004 1668 2029 ἐν
1686 2005 1747 2035 ταῖς
1762 2004 1836 2040 ὴμέ-

1034 2059 1095 2086 ραις
1110 2049 1317 2076 Κωνσταντίνου
1333 2049 1379 2075 τοῦ
1394 2048 1528 2084 βασιλέως
1537 2050 1584 2076 τοῦ
1596 2049 1707 2084 ἔγγονος
1721 2049 1728 2076 i
1749 2050 1838 2085 Ἦρα-

1033 2095 1123 2122 κλείου
1142 2095 1210 2130 (3‘2).
1226 2095 1322 2129 γέγονέ
1341 2103 1384 2126 τις
1404 2094 1546 2130 Ἀρμένιος
1561 2095 1673 2131 ὀνόματι
1685 2097 1838 2123 Κωνσταν-

1032 2142 1105 2173 τίνος
1129 2142 1158 2167 ὲν
1179 2140 1219 2176 τῷ
1247 2141 1408 2176 Σαμωσάτῳ
1431 2142 1482 2176 τῆς
1505 2141 1663 2177 Ἀρμενίας,
1693 2143 1723 2168 ὲν
1749 2144 1837 2178 κώμῃ

1033 2187 1347 2224 Ἀπιανανάλειλεγομὲνῃ.
1371 2188 1432 2223 ἥτις
1450 2187 1531 2222 κώμη
1552 2188 1600 2214 καὶ
1619 2189 1701 2224 μέχρι
1715 2189 1763 2216 τοῦ
1784 2190 1837 2216 νῦν

1033 2235 1202 2271 Μανιχαίους
1217 2234 1344 2270 ἐκτρέφει
1359 2235 1372 2254 lt
1395 2243 1402 2251 '
1421 2232 1497 2266 οὗτος
1522 2234 1646 2262 διάκονόν
1664 2244 1727 2262 τινα
1747 2237 1838 2271 αἰχμ-

187 2280 324 2316 hospilem
354 2281 452 2309 diebus
481 2281 584 2317 aliquot
615 2282 689 2310 domi
721 2283 792 2318 sum:
813 2283 920 2311 habuit.
957 2283 978 2311 Is

1037 2283 1140 2309 ἁλωτον
1157 2282 1226 2317 πρὸς
1243 2281 1294 2318 τὴν
1305 2281 1409 2308 οἰκείαν
1421 2281 1539 2317 πατρίδα
1551 2283 1583 2309 ὲκ
1596 2282 1696 2318 Συρίας
1713 2283 1838 2319 ἐπανερ-

831 2351 950 2380 VARUE
980 2351 1184 2381 LECTIONES.

223 2411 238 2432 h
250 2411 331 2440 Deest
346 2412 417 2447 apud
433 2411 466 2439 Β.
482 2411 620 2448 μεγάλων.
660 2412 668 2432 ί
686 2411 720 2439 Ii.
733 2412 875 2440 κάλλιστα.

236 2472 281 2508 29)
298 2472 426 2500 Basili-im
454 2480 528 2500 anno
547 2472 589 2499 sui
613 2471 720 2507 imperii
745 2472 835 2508 primo
867 2473 980 2508 (Christi

187 2508 251 2543 867)
274 2508 411 2543 Augustos
437 2508 534 2536 fecisse
557 2508 657 2535 liberos
679 2515 745 2535 suos
768 2508 980 2536 Constantinum

189 2545 247 2579 (qui
267 2544 488 2571 adolescentulus
503 2544 572 2570 obiit
586 2551 630 2570 ait.
645 2543 719 2579 $79.)
740 2548 768 2570 ct
782 2543 912 2576 Leonem,
929 2553 980 2571 no-

188 2578 324 2607 tissimum
340 2583 392 2606 est.
410 2579 550 2606 (Zedrenus
575 2578 619 2606 ed.
648 2578 733 2605 Paris.
755 2586 781 2612 p.
797 2578 859 2606 569.
882 2584 909 2607 et
923 2579 979 2607 alii.

189 2615 281 2653 itaque
295 2614 322 2653 hi
339 2614 393 2653 duo
404 2619 537 2653 apparent
559 2614 586 2640 in
606 2614 724 2653 nummis
740 2613 895 2653 Bygantinis
909 2616 981 2649 apud

189 2649 455 2677 llanduriutn.‘ldein
469 2650 610 2677 Cedrenus
625 2649 677 2676 loc.
696 2649 743 2676 cit.
757 2649 858 2685 aliique
868 2656 981 2678 narrant

187 2693 203 2713 tt
225 2686 323 2713 Basilio
337 2693 410 2718 anno
432 2685 537 2719 itnpcrii
567 2685 647 2712 tertio
663 2685 846 2712 Alexandrum
869 2693 979 2720 qunque

188 2721 269 2748 tertio
285 2721 344 2748 loco
367 2722 487 2756 genitqu
507 2727 628 2756 purpura
648 2720 736 2756 fuisse
759 2720 900 2747 donatum.
916 2720 975 2748 Jam

187 2765 254 2784 vero
273 2764 334 2783 cum
352 2755 445 2783 noster
467 2755 576 2782 Siculus
592 2755 636 2782 hic
654 2760 681 2782 et
705 2755 768 2782 alibi
789 2756 858 2783 duos
874 2761 979 2783 tantum

186 2790 397 2819 Constantinum
421 2795 450 2818 et
470 2790 591 2818 Leonem
607 2791 681 2818 dicat
707 2798 770 2817 cum
791 2796 867 2825 patre
884 2792 979 2826 Augu-

187 2831 254 2857 stos.
271 2827 397 2862 sequitur
412 2831 441 2853 ut.
459 2826 571 2862 omnino
587 2827 657 2853 hanc
670 2826 818 2862 historiam
838 2827 981 2861 scripserit

186 2868 259 2888 anno
289 2861 451 2896 imperantis
469 2861 559 2888 Basilii
573 2861 705 2892 secundo,
731 2867 795 2889 ante
820 2862 978 2893 Alexandri,

191 2896 225 2921 de
243 2903 297 2930 quo
321 2897 430 2934 reticet,
455 2904 619 2934 purpuram.
647 2896 739 2923 Primo
769 2901 861 2934 autem
888 2897 978 2934 Basilii

191 2936 264 2957 anno
281 2938 335 2959 non
350 2933 439 2967 potuit
456 2939 514 2960 rem
534 2932 666 2966 scribere,
685 2940 766 2967 quant
788 2933 847 2968 ipse
869 2933 980 2961 nonnisi

916 2413 922 2439 i
945 2413 982 2442 Ita
997 2415 1058 2442 cod.

1117 2414 1130 2434 ιι
1148 2413 1180 2441 Β.
1198 2413 1333 2449 ὲντρέφει.

1035 2474 1156 2501 secundo
1173 2473 1240 2501 egit.

1252 2507 1430 2543 Bulgaromm
1447 2512 1599 2544 prmserum
1618 2513 1838 2535 conversmuem

1067 2554 1068 2570 l
1081 2554 1088 2571 )
1126 2553 1163 2571 aSI
1178 2552 1203 2571 l0
1219 2551 1285 2571 lmD.

1036 2545 1088 2572 sub
1104 2545 1203 2571 Basilio
1219 2545 1285 2578 imp.

1070 2581 1125 2616 (3|)
1139 2575 1271 2614 Superius
1285 2586 1355 2616 cap,
1369 2579 1400 2606 ll
1419 2586 1495 2613 seqq.
1529 2575 1640 2616 Utinam
1655 2577 1837 2616 vero_habg-

1033 2611 1126 2643 remus
1150 2611 1229 2642 vetus
1244 2611 1417 2648 opusculum,
1442 2611 1523 2648 quem
1551 2611 1773 2640 Muntfauconius
1795 2613 1832 2641 Β.

1029 2650 1109 2681 Μεδ..
1140 2654 1160 2677 t.
1187 2649 1196 2676 l
1223 2657 1250 2684 p.
1265 2650 1300 2676 Η
1315 2655 1343 2676 et
1371 2650 1405 2677 69
1428 2651 1561 2684 memorat
1582 2655 1614 2674 ex
1643 2648 1766 2684 catalogo
1782 2658 1835 2676 ve-

1031 2686 1098 2713 teris
1113 2683 1285 2720 bibliotliccze
1299 2685 1346 2720 qui
1362 2689 1404 2712 est
1422 2685 1448 2711 in
1462 2683 1605 2720 codicibus
1621 2683 1834 2720 regiiimSiiec'e

1030 2721 1185 2752 Christiana,
1199 2720 1262 2747 olim
1275 2718 1445 2748 Petavianis!
1459 2719 1505 2746 Sic
1517 2725 1580 2753 ergo
1593 2718 1653 2745 loco
1663 2718 1722 2745 cit.:
1736 2719 1837 2746 Sancti

1031 2756 1116 2784 Saleii
1135 2757 1248 2791 episcopi
1267 2759 1290 2782 et
1310 2756 1437 2791 martyris
1458 2755 1524 2781 liber
1545 2754 1576 2780 de
1596 2761 1626 2780 eo
1648 2753 1717 2791 quod
1735 2754 1835 2782 Manes

1031 2800 1081 2818 non
1097 2793 1129 2818 sit
1146 2789 1237 2818 auctor
1262 2791 1369 2818 haeresis
1384 2789 1390 2791 ⁷
1401 2789 1620 2822 Manichworum,
1649 2789 1694 2815 sed
1718 2791 1838 2824 quidam

1029 2827 1188 2863 Scythiantts
1206 2831 1322 2863 tempore
1335 2825 1526 2863 apostolorum.

1065 2859 1121 2898 (52)
1133 2861 1196 2898 Fuit
1210 2859 1459 2898 hicConstantinus
1468 2864 1651 2898 cognomento
1662 2859 1838 2898 Pgogonatus,

1030 2895 1283 2961 patrgﬁgonstantc,
1299 2904 1351 2925 avo
1375 2895 1513 2924 lleraclio.
1539 2895 1563 2923 ls
1588 2896 1736 2930 imperium
1761 2897 1839 2924 adiit

1030 2941 1076 2961 an.
1153 2952 1160 2959 .

1030 2941 1076 2961 ιιη.
1096 2941 1160 2961 υυῠ.
