1948 3070
180 177 250 210 1679

865 171 982 203 PETRI
1009 169 1136 202 SICULI

1755 165 1829 197 1280

179 231 274 260 dicens
289 239 319 260 se
334 239 397 260 esse
411 231 488 259 illum
505 231 534 258 in
557 229 681 266 Apostoli
696 227 826 264 Epistolis
849 228 977 256 nomina-

1043 226 1151 259 ουανδς,
1177 225 1227 260 τὴν
1251 223 1408 252 Μανάναλιν
1420 222 1586 257 καταλείψας
1599 228 1624 256 ιι,
1649 222 1736 250 ἐλθὼν
1760 232 1830 250 κατ-

181 283 238 306 tum
256 278 407 310 Silvanum,
420 286 501 313 quem
517 277 617 304 Paulus
627 283 678 303 ceu
693 275 800 302 ﬁdelem
815 274 980 310 discipulum

182 324 209 351 in
224 323 410 352 Macudoniam
427 324 511 351 misit.
536 322 706 350 Ostendebat
730 321 811 348 simul
839 319 981 355 discipulis

182 370 240 398 suis
256 371 340 398 etiam
357 371 432 397 illum
445 369 568 405 Apostoli
581 369 683 396 librum
699 375 782 402 quem
798 375 812 394 ο
828 370 981 394 mem0rato

181 421 326 451 acceperat
339 417 446 451 captivo
474 415 602 446 diacono,
628 414 791 448 aiebatque:
807 412 862 439 Vos
889 412 980 439 Mace-

182 463 269 491 dones
288 463 365 494 estis,
383 470 433 497 ego
460 469 525 489 vero
550 461 648 488 missus
662 468 676 487 a
690 459 775 486 Paulo
795 459 830 486 ad
857 466 907 486 vos
921 458 975 485 Sil-

182 515 279 536 vanus.
298 507 332 534 Et
345 507 397 534 hoc
412 507 522 541 quidem
536 510 598 541 post
611 509 755 533 sexcentos
769 512 785 531 a
808 504 883 531 Pauli
900 503 977 530 testi-

183 554 276 581 monio
296 561 384 581 annos
399 552 552 580 atlirmabat
569 559 651 585 ;cum
668 551 690 578 is
707 550 861 582 emerserit,
878 554 909 577 ut
921 549 978 584 jam

182 600 200 628 d
213 600 312 631 ximus.
329 600 381 627 sub
395 599 577 627 Constantino
595 597 710 625 Heraclii
725 601 836 632 nepote.

1029 273 1138 308 ᾠκησεν
1151 271 1191 303 εἰς
1203 270 1340 297 Κίϐοσσαν
1353 270 1523 305 τοικάστρον,
1532 269 1647 305 πλησίον
1659 269 1829 302 Κολωνείας,

1029 317 1118 352 λέγων
1134 317 1230 344 ἑαυτὸν
1244 314 1314 343 εἶναι
1328 316 1373 342 τὸν
1387 316 1416 342 ἐν
1431 316 1492 347 ταῖς
1508 315 1666 346 ἐπιστολαῖς
1679 315 1728 342 τοῦ
1745 316 1830 343 Ἀπο-

1030 363 1124 390 στόλου
1154 363 1344 399 ἐμφερόμενον
1364 363 1526 389 Σιλουανόν·
1551 362 1580 389 ὃν
1603 362 1765 389 ἀπέστειλεν
1789 362 1831 395 ὡς

1031 409 1128 436 πιστὸν
1147 409 1272 444 μαθητὴν
1287 408 1395 440 Παῦλος
1409 409 1449 440 εἷς
1466 412 1478 427 τ
1502 408 1685 435 Μακεδονίαν.
1707 408 1830 435 Ἐπεδεί-

1031 464 1097 483 κνυε
1116 461 1127 475 ³
1142 456 1171 482 δὲ
1186 457 1242 488 τοῖς
1259 456 1394 491 μαθηταῖς
1420 455 1504 482 αὐτοῦ
1529 455 1577 482 καὶ
1599 455 1650 491 τὴν
1676 455 1724 482 τοῦ
1747 456 1832 482 Ἀπο-

1033 503 1127 529 στόλου
1144 503 1217 538 loud.
1233 502 1251 532 f.
1277 502 1322 538 99]
1341 502 1432 538 βίϐλον
1446 503 1535 538 ἥνπερ
1552 502 1665 537 εἴληφεν
1680 502 1756 537 παρά
1780 502 1830 528 τοῦ

1035 549 1324 585 προμνημονευθέντος
1333 549 1457 576 διακόνου
1467 548 1515 576 τοῦ
1528 549 1715 584 αίχμαλώτου.
1728 548 1829 582 λέγων·

1041 596 1136 631 Ὑμεῖς
1154 597 1215 622 ὲστε
1231 597 1256 622 οί
1271 595 1438 627 Μακεδόνες,
1459 594 1516 629 ἐγὼ
1529 595 1558 621 δέ
1574 596 1633 630 εἰμι
1656 595 1800 627 Σιλουανος
1815 595 1831 621 δ

183 647 237 674 ὑπὸ
259 646 367 673 Παύλου
395 646 459 681 ὑμῖν
475 644 649 676 ἀποσταλείς.
673 644 729 672 Καὶ
753 644 837 671 τοῦτο
856 643 885 670 δὲ
909 642 980 678 μετὰ
998 643 1112 679 χρόνους
1140 642 1299 675 ἑξακοσίους
1330 642 1381 677 τῆς
1417 641 1571 677 μαρτυρίας
1588 641 1706 674 Παύλου,
1722 642 1832 676 ἀναφα-

183 693 240 724 νεὶς
253 692 357 727 ἔλεγεν,
373 692 410 724 ὡς
427 692 482 727 γὰρ
500 692 510 710 ί
527 691 691 727 προείρηται
708 691 754 717 ἐπὶ
768 689 977 717 Κωνσταντίνου
995 689 1043 716 τοῦ
1059 689 1172 724 ἔγγονος
1189 688 1364 725 Ἡρακλείου.

221 737 308 765 XXV.
325 736 384 765 Jam
400 745 467 766 vero
479 737 593 773 integris
607 737 641 764 2'1
659 736 715 764 illic
737 740 863 763 versatus
890 735 982 769 annis,

186 783 290 812 multos
305 783 357 811 loci
371 783 470 810 incolis
481 783 615 818 deceptis,
631 783 745 818 dignum
761 782 920 818 magisterio
932 789 982 810 suo

185 830 249 858 vitae
284 829 390 856 exitum
416 828 524 856 habuit.
550 827 673 863 Namque
704 829 852 863 imperator
886 828 982 856 nescio

1072 735 1138 763 κε’.
1156 736 1211 763 Καὶ
1228 736 1260 771 δὴ
1286 737 1315 763 ὲν
1335 736 1408 769 ὅλοις
1420 736 1512 764 ἔτεσιν
1525 737 1614 764 εῐκοσι
1626 737 1673 764 καὶ
1685 737 1756 764 ἑπτὰ
1771 737 1832 765 δια-

1033 782 1133 817 τρίψας
1168 783 1268 816 ἐκεῖσε,
1288 782 1403 814 πολλοὺς
1429 783 1485 809 τῶν
1510 783 1651 818 ἐγχωρίων
1678 783 1834 819 πλανήσας,

1034 827 1114 860 ἀξίαν
1127 828 1178 863 τῆς
1199 828 1300 855 ἑαυτοῦ
1314 828 1488 860 διδασκαλίας
1500 829 1550 865 τὴν
1565 829 1757 865 καταστροφὴν
1783 829 1834 856 τοῦ

186 875 324 911 quomodo
336 875 418 903 rebus
433 875 506 902 illius
519 875 645 910 cognitis,
662 874 814 909 palatinum
834 875 981 910 quemdam

1042 873 1096 900 δίου
1121 873 1240 906 ἐδέξατο.
1263 873 1293 900 'O
1307 874 1360 909 γὰρ
1377 873 1503 909 βασιλεὺς
1517 875 1568 901 οὐκ
1581 872 1630 901 οἷδ’
1645 874 1722 906 ὅπως
1736 874 1835 909 μαθὼν

188 921 274 954 misit,
293 921 405 948 nomine
419 921 587 954 Simeonem,
600 929 663 949 cum
688 921 828 954 mandato,
847 926 877 948 ut
894 921 985 948 homi-

187 975 250 995 nem
266 967 396 1002 nequitiae
409 972 548 995 auctorem
565 967 742 1003 lapidandum
754 971 864 996 curaret
878 977 886 996 :
901 967 986 995 disci-

188 1013 245 1048 puli
259 1017 352 1041 autem
376 1012 447 1047 ejus,
466 1016 561 1048 utpote
589 1013 625 1041 ob
640 1013 780 1041 inscitiam
796 1013 917 1049 decepti,
932 1012 986 1040 Ec-

187 1059 279 1086 clesiae
309 1057 356 1086 Dei
375 1059 548 1086 traderentur
574 1060 755 1087 convertendi
781 1064 865 1094 atque
889 1067 987 1086 emen-

188 1105 289 1138 dandi;
310 1113 475 1140 quamquam
489 1105 508 1133 ii
530 1105 696 1133 inemendati
727 1110 899 1134 manserunt.
919 1106 986 1133 Illuc

189 1158 254 1185 ergo
272 1151 371 1186 negotii
385 1151 467 1186 hujus
499 1151 661 1187 perﬁciendi
678 1159 761 1179 causa
785 1151 928 1187 profectus
942 1151 986 1178 Si-

187 1204 282 1229 meon,
310 1197 385 1225 socio
400 1203 543 1233 assumpto
557 1199 678 1233 quodam
703 1206 736 1226 ev
763 1198 885 1235 regionis
910 1198 986 1234 prin-

189 1242 307 1277 cipibus,
327 1243 372 1270 cui
387 1250 487 1270 nomen
509 1243 652 1280 Tryphon,
675 1253 737 1272 eum
761 1244 795 1272 ad
814 1252 880 1272 eum
895 1244 986 1272 locum

188 1289 319 1321 venisset,
336 1294 451 1318 cunctos
459 1291 668 1326 comprehendit
679 1300 686 1324 ;
696 1295 778 1326 atque
792 1291 825 1318 ad
839 1290 987 1318 australem

191 1335 274 1362 castri
293 1335 419 1364 Colouere
438 1341 544 1371 partem
562 1337 742 1370 transferens,
770 1337 908 1365 infelicem
935 1337 987 1364 ho-

189 1379 292 1407 minem
302 1379 329 1407 in
342 1380 542 1416 discipulorum
552 1390 664 1411 suorum
673 1388 823 1418 conspectu
835 1383 986 1416 constituit,

179 1425 290 1462 quibus
308 1427 449 1454 mandavit
465 1434 494 1456 ut
509 1437 571 1457 eum
582 1430 718 1465 lapidibus
733 1430 784 1466 31
801 1434 964 1465 appeterent
978 1439 986 1457 :

189 1479 218 1501 at
235 1474 261 1501 hi
283 1473 400 1508 sumptis
413 1475 560 1510 lapidibus,
573 1484 605 1503 ac
617 1476 700 1504 veluti
716 1477 750 1503 ad
765 1477 889 1511 proprias
904 1484 988 1504 zonas

189 1528 289 1548 manus
318 1522 506 1556 demittentes,
531 1522 637 1557 lapides
660 1527 810 1550 retrorsum
837 1522 985 1557 iaciebant,

1037 920 1072 947 τὰ
1092 920 1153 947 κατ’
1173 919 1267 953 αὐτὸν,
1278 920 1440 947 ἀποστέλλει
1456 921 1597 956 βασιλικόν
1612 929 1682 954 τινα,
1699 921 1836 956 Συμεῶνα

1037 967 1217 1003 καλούμενον,
1233 958 1422 1004 παραγγείλας
1440 968 1516 1003 αὐτῷ
1530 968 1701 1004 λιθοϐολῆσαι
1722 968 1770 995 τὸν
1784 969 1837 1003 τῆς

1037 1014 1137 1046 κακίας
1145 1015 1276 1050 ἐργάτην,
1285 1015 1347 1046 τοὺς
1355 1014 1522 1050 δὲΙμαθητάς
1530 1014 1624 1047 αὐτοῦ,
1635 1015 1672 1047 ὡς
1682 1014 1712 1048 ἐξ
1723 1015 1837 1049 ἀγνοίας

1038 1060 1239 1096 ἀπατηθέντας,
1255 1061 1283 1087 ἐν
1307 1060 1482 1096 Ἐκκλησίαις
1497 1060 1564 1088 Θεοῦ
1579 1061 1648 1097 πρὸς
1664 1061 1836 1097 ἐπιστροφὴν

1039 1107 1229 1144 παραδοθῆναι
1253 1107 1302 1135 καὶ
1315 1108 1471 1144 διόρθωσιν,
1490 1109 1515 1135 εί
1528 1107 1576 1134 καὶ
1590 1108 1747 1144 ἀδιόρθωτοι
1760 1109 1838 1143 ἐμει-

1037 1161 1086 1180 ναν
1101 1161 1108 1168 ⁸
1131 1153 1200 1188 ὅπερ
1221 1153 1269 1180 καὶ
1283 1154 1406 1188 γέγονεν.
1431 1153 1533 1181 Ἐλθὼν
1553 1154 1608 1190 γὰρ
1621 1155 1636 1181 ὁ
1650 1154 1765 1189 Συμεὼν
1788 1155 1836 1181 καὶ.

1038 1199 1206 1234 παραλαϐὼν
1221 1200 1287 1234 μεθ’
1304 1200 1400 1227 ἑαυτοῦ
1429 1209 1489 1227 τινα
1507 1200 1562 1227 τῶν
1585 1201 1674 1227 ἐκεῖσε
1694 1200 1837 1235 ἀρχόντων

1037 1245 1157 1281 τοῦνομα
1174 1246 1322 1281 Τρύφωνα,
1350 1247 1398 1273 καὶ
1415 1246 1560 1282 γενόμενος
1589 1247 1636 1273 ἐπὶ
1661 1247 1709 1274 τοῦ
1737 1247 1834 1278 τόπου,

1039 1290 1222 1326 συλλαμϐάνει
1247 1292 1311 1324 τοὺς
1325 1291 1430 1324 πάντας
1453 1293 1500 1319 κα)⁸
1517 1293 1633 1327 ἐνέγκας
1650 1293 1749 1324 αὐτοὺς
1763 1293 1837 1319 κατὰ

1037 1338 1068 1365 τὸ
1087 1339 1175 1366 νότιον
1189 1339 1272 1374 μέρος
1285 1338 1332 1365 τοῦ
1356 1339 1476 1375 κάστρου
1494 1340 1661 1371 Κολωνείας,
1678 1340 1770 1374 ἵστησι
1788 1339 1836 1366 τὸν

1037 1385 1156 1413 δείλαιον
1172 1386 1220 1412 καὶ
1241 1386 1306 1417 τοὺς
1321 1385 1404 1412 αὑτοῦ
1431 1385 1556 1420 μαθητὰς
1571 1386 1717 1412 κατέναντι
1737 1384 1835 1417 αὑτοῦ,

1038 1429 1079 1462 οἷς
1090 1432 1138 1458 καὶ
1152 1431 1373 1468 παρεκελεύσατο
1391 1431 1565 1466 λιθοϐολῆσαι
1581 1431 1672 1458 αὐτόν.
1685 1431 1718 1458 Οἱ
1732 1431 1760 1457 δὲ
1772 1431 1837 1462 τοὺς

1038 1478 1130 1510 λίθους
1142 1478 1340 1514 λαμϐάνοντες,
1351 1477 1411 1513 καὶι
1420 1478 1458 1510 ὡς
1471 1478 1542 1514 πρὸς
1555 1478 1605 1509 τὰς
1630 1477 1735 1505 ἑαυτῶν
1747 1477 1837 1510 ζώνας

1038 1525 1186 1560 τὰςχεῖρας
1196 1524 1606 1560 προσκλίνοντες,οπισθοφανῶς
1614 1524 1664 1558 τῆς
1673 1524 1764 1560 χειρὸς
1774 1524 1838 1556 τοὺς

193 1570 324 1606 magistro
338 1577 388 1596 suo
406 1573 562 1604 parcentes,
578 1576 660 1604 quem
675 1576 689 1595 a
704 1568 761 1596 Deo
779 1568 813 1595 ad
828 1576 858 1596 se
872 1569 987 1596 missum

1042 1571 1132 1603 λίθους
1145 1571 1298 1607 ἠκόντιζον,
1315 1571 1470 1606 φειδόμενοι
1484 1569 1530 1597 τοῦ
1542 1570 1646 1596 οἰκείου
1663 1569 1838 1600 διδασκάλου,

191 1617 335 1652 putabant.
351 1615 411 1644 Jam
428 1616 473 1643 hic
488 1615 618 1642 Silvanus
631 1623 694 1643 cum
704 1615 809 1650 aliquot
819 1619 899 1642 antea
909 1615 989 1642 annis

189 1662 299 1690 Justum
314 1662 459 1698 quemdam
484 1661 605 1695 nomine,
633 1661 718 1689 tilium
743 1661 795 1689 sibi
821 1661 988 1697 adoptasset,

190 1716 309 1743 eumque
340 1709 515 1736 Manichaica
549 1709 647 1736 haeresi
685 1708 842 1740 imbuisset,
879 1708 990 1743 dignam

190 1753 346 1781 aﬁlmnatus
364 1758 392 1780 et
408 1754 558 1790 magisterii
575 1759 641 1782 tunc
661 1754 794 1789 temporis
810 1754 845 1781 ab
862 1761 895 1781 eo
915 1762 990 1781 mer-

192 1800 285 1826 cedem
321 1799 425 1827 retulit.
456 1801 478 1826 A
508 1801 630 1836 palatino
654 1800 727 1827 enim
753 1800 848 1834 jussus
875 1800 985 1833 Justus,

195 1849 305 1880 sumpto
328 1845 429 1880 lapide,
462 1846 604 1874 hominem
627 1854 677 1874 ceu
700 1853 802 1873 navum
833 1846 991 1873 Goliathum

194 1891 352 1926 percutiens
375 1892 535 1920 interfecit:
566 1893 718 1927 reciilitque
739 1893 765 1919 in
781 1900 843 1919 eum
862 1892 988 1920 Davidiea

194 1945 246 1964 vox
275 1945 335 1972 quae
364 1938 425 1965 ait:
448 1938 548 1966 Lucum
576 1939 690 1973 aperuit,
718 1943 742 1965 et
765 1939 852 1974 effodit
881 1947 952 1971 eum,
968 1943 993 1965 et

195 1989 359 2011 convertetur
371 1984 447 2011 labor
463 1985 521 2019 ejus
536 1986 562 2012 in
573 1990 651 2018 caput
668 1984 750 2019 ipsius
764 1985 797 2012 ".
817 1985 863 2011 ille
878 1985 991 2012 demum

196 2029 285 2063 locus,
302 2038 316 2058 a
336 2032 475 2066 congestis
500 2031 536 2058 ibi
559 2031 706 2066 lapidibus,
724 2038 809 2067 usque
825 2031 858 2059 ad
882 2031 992 2059 hodier-

197 2084 264 2104 num
282 2077 365 2111 diem,
381 2085 495 2106 acervus
510 2078 671 2113 appellatur.

232 2217 327 2246 XXVI.
342 2217 427 2246 Porro
439 2218 612 2247 Constantini
621 2218 770 2253 discipulos
779 2217 901 2251 Simeon,
913 2222 995 2253 prout

199 2263 350 2298 imperator
364 2263 551 2296 mandaverat,
574 2263 705 2291 Ecclesia:
725 2264 925 2292 convertendos
938 2270 995 2292 tra-

199 2309 270 2337 didit
285 2310 350 2342 ;sed
367 2310 394 2337 hi
407 2310 581 2338 conversioni
601 2311 780 2342 reluctantes,
796 2311 953 2339 maluerunt
967 2312 994 2339 in

198 2356 309 2391 propria
322 2357 423 2384 malitia
438 2357 520 2390 mori,
536 2365 618 2392 quam
638 2358 797 2392 pmnitentia
821 2359 906 2386 Deum
932 2366 996 2393 pro-

198 2401 297 2437 pitiare
306 2407 387 2437 atque
398 2407 528 2431 aaternam
542 2404 656 2431 salutem
666 2403 807 2438 consequi.
821 2403 891 2431 Ecce
904 2408 996 2431 autem

198 2447 264 2475 dum
285 2448 312 2475 in
332 2448 382 2476 hos
402 2449 557 2484 inquireret
573 2449 696 2482 Simeon,
717 2449 781 2485 quia
803 2449 905 2477 dii-inm
936 2454 997 2477 erat

199 2495 381 2523 institutionis
404 2503 513 2530 expers,
529 2496 578 2523 sed
603 2501 629 2523 et
654 2496 706 2523 levi
737 2501 831 2523 mente
853 2496 994 2530 praeditus,

200 2542 382 2576 pernicioszun
396 2542 467 2569 illam
484 2542 635 2570 condidicit
652 2542 776 2569 hteresim
789 2550 796 2575 ;
811 2550 995 2577 reversusque

199 2588 233 2616 ad
246 2588 451 2623 imperatorem,
460 2593 487 2616 et
504 2588 624 2616 triennio
637 2588 874 2623 Constantinopoli
885 2593 994 2622 exacto,

201 2634 275 2662 domi
287 2642 343 2662 sua:
362 2643 486 2668 manens,
505 2643 519 2661 a
534 2634 643 2662 diabolo
659 2641 721 2662 mox
741 2634 870 2669 percitus,
888 2635 996 2662 cunctis

202 2681 315 2714 relictis,
333 2682 403 2709 clam
419 2681 535 2717 aufugit,
569 2681 739 2715 veniensque
765 2681 798 2708 ad
824 2681 924 2709 dictam
948 2680 996 2708 Ci-

203 2728 323 2761 bossam,
341 2728 491 2763 discipulos
511 2727 685 2756 Constantini
702 2727 832 2764 collegit;
849 2727 996 2762 factusque

224 2796 246 2812 "’
261 2795 330 2823 Psal.
345 2804 394 2829 vn,
409 2795 453 2829 16,
472 2796 515 2824 l7.

1039 1618 1077 1650 ὡς
1099 1618 1147 1645 ἆτε
1163 1618 1196 1652 δὴ
1219 1619 1251 1645 ἐκ
1274 1618 1341 1645 Θεοῦ
1370 1617 1570 1649 ἀποσταλέντος
1591 1617 1684 1648 αὐτοῖς
1712 1615 1787 1652 [cod.
1817 1616 1838 1643 l'.

1041 1664 1077 1692 99
1095 1663 1147 1700 1).].
1165 1661 1249 1696 Οὗτος
1261 1664 1307 1690 οὖν
1324 1665 1337 1691 ὁ
1364 1664 1508 1696 Σιλουανδς
1524 1667 1539 1681 ιι
1561 1663 1615 1699 πρὸ
1636 1663 1741 1698 χρόνων
1756 1661 1839 1689 τινῶν

1047 1709 1164 1738 Ἰοῦστον
1191 1719 1253 1736 τινα
1280 1709 1448 1744 καλούμενον
1465 1710 1504 1741 εἰς
1522 1709 1658 1735 υἱοθεσίαν
1672 1707 1776 1740 λαϐὼν,
1790 1708 1840 1734 καὶ

1041 1756 1090 1792 τὴν
1115 1756 1288 1792 Μανιχαῖκὴν
1306 1756 1416 1788 διδάξας
1431 1756 1546 1792 αἵρεσιν,
1564 1755 1642 1788 ἀξίαν
1658 1756 1708 1789 τῆς
1721 1755 1839 1790 ἀνατρο-

1043 1803 1096 1838 φῆς
1114 1803 1161 1829 καὶ
1186 1802 1361 1834 διδασκαλίας
1386 1802 1417 1829 τὸ
1441 1801 1570 1838 τηνικάδε
1595 1801 1660 1837 παρ’
1678 1801 1763 1827 αὑτοῦ
1789 1801 1841 1836 τὴν

1042 1848 1159 1883 ἀμοιϐὴν
1177 1848 1296 1880 ἐδέξατο.
1314 1847 1487 1883 Ἐπιταχθεὶς
1509 1847 1564 1882 γὰρ
1577 1847 1653 1883 παρά
1668 1847 1714 1873 τοῦ
1734 1846 1841 1882 βασιλι-

1044 1894 1092 1921 κοῦ
1107 1895 1122 1921 ὁ
1138 1894 1255 1926 Ἰοῦστος
1268 1895 1313 1921 καὶ
1324 1894 1495 1931 δραξάμενος
1505 1894 1590 1926 λίθον,
1605 1894 1643 1925 ὡς
1659 1893 1719 1920 νέον
1740 1893 1840 1920 Γολιὰθ

1043 1940 1139 1968 τοῦτον
1153 1941 1278 1974 πατάξας
1306 1942 1463 1973 ἀπέκτεινε,
1477 1940 1525 1967 καὶ
1549 1938 1631 1975 ἦλθεν
1658 1939 1703 1965 ἐπ’
1722 1939 1798 1975 αὐτῷ
1823 1940 1840 1974 ἡ

1044 1988 1179 2023 Δαυῖτικὴ
1209 1987 1285 2023 φωνὴ
1309 1988 1326 2023 ἡ
1352 1987 1486 2022 λέγουσα·
1513 1986 1634 2014 Λάκκον
1661 1986 1771 2020 ὤρυξε,
1791 1986 1843 2014 καὶ

1044 2032 1224 2067 ἀνέσκαψεν
1238 2033 1342 2060 αὐτόν·
1354 2032 1403 2059 καί
1417 2032 1593 2067 ἐπιστρέψει
1607 2033 1624 2058 ὁ
1635 2031 1731 2064 πόνος
1745 2031 1842 2058 αὐτοῦ

1044 2079 1088 2112 εἰς
1108 2078 1247 2113 κεφαλὴν
1273 2078 1379 2105 αὑτοῦ.
1404 2077 1434 2104 '0
1446 2077 1475 2104 δὲ
1490 2077 1573 2109 τόπος
1599 2077 1703 2108 ἐκεῖνος
1719 2076 1765 2103 διὰ
1779 2077 1842 2109 τοὺς

1047 2125 1231 2160 συναχθέντας
1256 2124 1300 2152 ἐπ’
1315 2124 1389 2159 αὐτῷ
1406 2123 1498 2156 λίθους
1520 2123 1607 2159 σωρὸς
1622 2122 1737 2158 ἐκλήθη,
1761 2122 1843 2158 μέχρι

1012 2168 1016 2171 ’
1046 2172 1095 2207 τῆς
1112 2172 1243 2207 σήμερον.

1083 2218 1158 2251 KC’.
1181 2217 1261 2244 Κατὰ
1280 2217 1308 2244 δὲ
1330 2216 1378 2253 τὴν
1397 2216 1446 2244 τοῦ
1461 2216 1593 2252 βασιλέως
1611 2216 1737 2244 κέλευσιν
1761 2217 1776 2242 ὁ
1793 2216 1844 2242 Συ-

1050 2263 1123 2298 μεὼν
1146 2263 1209 2295 τοὺς
1236 2262 1362 2298 μαθητὰς
1387 2262 1595 2290 Κωνσταντίνου
1608 2263 1637 2289 ἐν
1667 2262 1846 2297 Ἐκκλησίαις

1047 2309 1116 2336 Θεοῦ
1144 2309 1212 2345 πρὸς
1234 2309 1400 2345 ἐπιστροφὴν
1424 2309 1632 2344 παραδέδωκεν-
1657 2308 1714 2336 ἀλλ’
1733 2308 1847 2344 ἔμειναν

1047 2356 1259 2391 ἀνεπίστροφοι.
1284 2355 1384 2391 μᾶλλον
1405 2354 1531 2389 ἑλόμενοι
1549 2354 1787 2390 συναποθνήσκειν
1812 2355 1846 2390 τῇ

1048 2402 1152 2429 ἑαυτῶν
1175 2402 1271 2436 κακίᾳ,
1290 2402 1307 2437 ἢ
1324 2401 1370 2428 διὰ
1384 2401 1530 2436 μετανοίας
1548 2401 1593 2428 τὸν
1609 2401 1676 2428 Θεὸν
1697 2401 1847 2434 ὲξιλεώσεμ

1049 2450 1124 2480 σθαι,
1143 2449 1192 2476 καὶ
1208 2448 1346 2484 σωτηρίας
1368 2447 1478 2474 αίωνίου
1497 2448 1636 2482 ἐπιτυχεῖν
1647 2455 1654 2462 ·
1670 2446 1717 2478 οὓς
1732 2447 1848 2483 ἀνακρί-

1049 2505 1096 2527 νας
1109 2497 1123 2522 ὀ
1148 2496 1183 2522 Συ
1189 2495 1272 2530 μεὼν,
1295 2495 1343 2521 καὶ
1355 2494 1480 2530 ἀμύητος
1492 2494 1529 2520 ὣν
1547 2494 1642 2529 θεῖκῆς
1657 2493 1847 2525 παιδεύσεως,

1051 2543 1151 2578 μᾶλλον
1162 2543 1190 2569 δὲ
1203 2542 1304 2576 κοῦφος
1315 2542 1376 2573 ταῖς
1389 2541 1486 2577 φρεσὶν
1500 2540 1642 2576 ὑπάρχων.
1657 2539 1707 2574 τὴν
1719 2539 1849 2575 ὀλεθρίαν

1049 2589 1151 2624 ταύτην
1163 2588 1264 2623 ἔμαθεν
1277 2587 1400 2622 αἰρεσινδ
1415 2587 1462 2614 καὶ
1477 2586 1644 2621 ἀνακάμψας
1657 2586 1726 2621 πρὸς
1739 2587 1787 2612 τὸν
1798 2588 1848 2621 βα-

1051 2634 1137 2666 σιλέα,
1160 2634 1207 2661 καὶ
1228 2633 1323 2669 τριετῆ
1349 2632 1443 2668 χρόνον
1459 2631 1603 2665 ἐπιμείνας
1621 2630 1850 2657 Κωνσταντινου-

1051 2679 1137 2711 πόλει,
1156 2678 1227 2705 οίκοι
1243 2678 1342 2713 μένων,
1360 2677 1470 2708 τελείως
1484 2675 1642 2711 ἑνεργηθεὶς
1659 2675 1712 2702 ὑπὸ
1725 2675 1774 2702 τοῦ
1791 2676 1851 2703 διαο

1051 2725 1140 2757 ϐόλον,
1172 2724 1330 2752 καταλιπὼν
1354 2724 1473 2756 ἃπαντα,
1496 2722 1635 2758 λαθραίως
1657 2721 1786 2757 ἀπέδρα·
1801 2724 1851 2750 καὶ

849 2843 968 2872 νΑΒΙᾹΖ
999 2842 1206 2872 LECTIONES.

264 2917 278 2936 ει
294 2913 324 2940 Β.
339 2914 532 2950 καταλλείψας.
562 2921 572 2935 τ
590 2915 670 2944 Deest
682 2916 722 2948 είς
741 2916 812 2951 apud
831 2915 864 2943 Β.
904 2921 914 2935 ι
934 2915 968 2944 ll.
984 2915 1064 2942 ἀπεδ.

1107 2916 1115 2933 ι
1132 2915 1213 2943 Deest
1231 2913 1284 2948 γὰρ
1297 2913 1368 2948 apud
1383 2913 1416 2940 lt.
1459 2918 1471 2932 ιι
1489 2911 1521 2939 lt.
1538 2915 1566 2939 et
1585 2911 1647 2940 cod.
1667 2910 1850 2942 Σαλουὰνους.
