1948 3070
127 177 193 209 1281

702 186 888 218 HISTORIA
908 188 1217 223 ΜΑΝΙΟΗΑΞΟΒΗΜ.

1700 196 1770 229 12δὲ

122 235 209 263 ἐλθὼν
233 238 273 269 εἰς
297 238 346 274 τὴν
365 238 507 275 λεχθεῖσαν
528 240 679 275 Κίὸοσσαν,
705 243 767 274 τοὺς
790 244 899 280 μαθητὰ

969 246 1118 282 impietatis
1133 249 1194 283 ejus
1219 256 1374 282 successor,
1389 249 1503 285 gloriam
1521 251 1615 285 etiam,
1630 257 1662 280 ut
1680 254 1773 281 caeteri

78 295 82 298 ~
122 283 285 318 ἐπισυνάγει
307 285 533 319 Κωνσταντίνου,
558 287 604 314 καὶ
629 287 736 321 γίνεται
752 289 801 324 τῆς
818 290 918 322 κακίας

122 328 243 364 διάδοχος
254 338 261 345 ·
278 330 399 364 εὐδοξίαν
410 339 450 364 τε,
469 332 508 364 ὡς
527 332 576 359 καὶ
589 333 614 360 οι
630 333 682 369 πρὸ
701 333 809 369 τούτου,
827 335 917 372 ἐαυτῷ

122 376 394 410 πραγματευόμενος,
436 377 508 414 [cod.
537 379 557 406 I'.
592 379 673 416 100.]
715 381 795 407 Τῖτον
821 382 918 408 ἑαυτὸν

121 421 259 457 ὀνομάζει.
268 423 338 458 Ἐγὼ
354 425 382 451 δὲ
396 424 501 459 τοῦτον,
521 427 551 453 οὺ
575 427 654 454 Τῖτον
668 427 737 460 λέξω
753 429 794 464 (οὐ
810 430 865 465 γὰρ
878 428 913 466 ἦν

120 468 244 503 μιμητὴς
261 469 342 497 Τίτου
360 470 408 497 τοῦ
430 473 460 498 ἐν
479 472 578 509 Κρήτῃ
597 473 649 500 ὑπὸ
664 475 772 502 Παύλου
786 475 833 503 τοῦ
847 477 917 503 ἁπο-

122 515 215 541 στόλου
243 518 478 553 χειροτονηθέντος
491 520 668 557 ἐπισκόπου),
691 522 759 549 ἀλλὰ
786 523 916 558 Κῆτονν·

122 561 244 596 μιμητὴς
258 561 313 598 γὰρ
338 562 435 598 γέγονε
452 564 500 592 τοῦ
518 565 667 593 θαλασσίου
684 568 784 603 κήτους
798 568 845 595 τοῦ
860 570 918 601 τοῖς

120 605 214 633 ὕδασιν
229 608 453 643 ἐμφωλεύοντος·
475 612 540 647 περὶ
560 612 614 647 γὰρ
634 614 681 640 τοῦ
700 614 848 642 Θαλασσίου
867 617 917 651 κή-

118 661 182 685 τους
204 655 271 688 φασί
284 662 296 675 ι
313 664 396 689 τινες,
422 657 462 683 ὅτι
479 658 509 685 τι
528 658 675 687 θαλάσσιον
692 661 786 696 κῆτος,
805 662 916 689 ἀσπιδο-

118 698 222 735 χελώνη
244 699 371 734 λέγεται·
399 702 456 729 ἔστι
470 703 499 730 δὲ
514 705 553 740 τῷ
577 706 698 740 μεγέθει,
715 708 789 743 νήσῳ
807 708 896 740 ἐοικὸς
907 729 914 741 ,

118 745 166 771 καὶ
188 747 281 782 φωνὴν
295 747 352 783 ἔχει
369 748 500 784 βαρεῖαν·
519 752 581 778 ὅθεν
596 752 759 787 ἀγνοοῦντες
776 755 801 781 οἱ
817 755 915 782 ναῦται

117 792 161 818 ἐπ’
177 793 252 828 αὐτῷ
266 794 315 826 τὰς
330 795 454 830 ἀγκύρας
475 797 592 831 τιθέασι,
610 799 658 826 καὶ
673 801 827 835 πηγνύντες
842 810 914 828 πασ-

117 838 215 871 σάλους
226 859 234 872 ,
255 840 289 867 τὰ
312 841 392 868 πλοῖα
406 843 583 878 δεσμεύουσιν
593 853 600 860 ·
618 845 661 872 ἐπ’
676 846 710 873 ἂν
728 847 757 873 δὲ
772 848 914 883 ἀνάψωσιν

116 884 159 910 ἐπ’
174 884 248 920 αὐτῷ
260 885 385 922 κάμινον,
403 888 555 924 θερμανθὲν
570 891 601 917 τὸ
617 891 687 923 ζῶον
702 893 809 929 ἀθρόως
826 903 908 921 κατα-

114 929 188 963 δυὲν,
212 932 317 964 πάντας
337 935 377 965 είς
398 934 479 969 βυθὸν
507 937 665 970 ἀποπνίγει.
688 938 782 971 Οὕτως
801 937 847 967 οὖν
865 941 913 967 καὶ

115 975 204 1009 οὗτος,
225 980 288 1011 τοὺς
304 980 492 1016 ἁγνοήσαντοις
508 983 591 1010 αὐτοῦ
604 985 654 1019 τῆς
669 985 770 1017 κακίας
783 987 814 1013 τὺ
830 987 913 1021 μέγε-

115 1023 171 1055 θος,
189 1026 236 1052 καὶ
252 1026 302 1061 τὴν
328 1026 440 1062 βαρεῖαν
463 1030 555 1064 φωνὴν
581 1030 618 1065 μὴ
635 1031 824 1064 ὲκκλίναντας,
843 1033 911 1061 ἀλλὰ

115 1069 218 1104 μᾶλλον
241 1071 461 1108 ὑπακούσαντας,
479 1075 523 1101 ἐπ’
537 1076 612 1111 αὐτῷ
625 1085 654 1103 τε
673 1077 725 1112 τῆς
738 1079 848 1110 ἐλπίδος
862 1080 911 1114 τὴν

972 293 1089 328 priores,
1117 294 1253 327 ambiens,
1270 294 1360 323 Titum
1384 304 1414 324 se
1436 297 1601 325 nominavit.
1619 298 1677 334 Ego
1703 307 1771 327 vero

971 337 1045 365 hunc
1066 337 1157 366 Titum
1172 346 1229 366 non
1252 339 1361 373 dicam;
1378 349 1433 368 non
1457 342 1531 369 enim
1558 343 1679 371 imitator
1710 349 1772 372 erat

970 383 1043 411 illius
1055 385 1083 412 in
1094 385 1175 412 Creta
1186 394 1201 413 a
1217 385 1302 414 l’aulo
1313 388 1437 422 apostolo
1449 389 1570 425 episcopi
1584 398 1591 423 ;
1605 391 1654 418 sed
1669 390 1769 418 Cetum

970 431 1114 466 appellabo
1128 452 1135 464 ,
1165 432 1229 467 quia
1249 433 1356 461 marino
1374 435 1466 469 potius
1482 440 1543 463 ceto
1557 437 1654 465 similis
1669 438 1767 470 evasit,

969 477 1014 511 qui
1030 478 1081 505 sub
1093 478 1172 512 aquis
1186 479 1261 507 latet.
1281 479 1366 508 Aiunt
1381 482 1456 508 enim
1470 482 1593 509 nonnulli
1612 483 1687 510 hunc
1705 492 1765 511 ma-

970 523 1060 550 rinum
1084 528 1176 551 cetum
1199 525 1439 560 aspidochelonem
1455 528 1599 562 appellari.
1627 533 1767 564 tantaeque

969 570 1178 605 magnitudinis,
1200 575 1230 597 ut
1244 571 1280 598 sit
1296 571 1394 600 insulae
1408 581 1468 608 par,
1489 574 1586 608 grandi
1599 574 1682 601 etiam
1696 582 1765 603 voce

968 620 1111 643 sonantem
1129 625 1135 644 ἶ
1149 624 1230 651 quam
1243 625 1298 644 rem
1310 623 1400 646 nauta?
1413 619 1581 654 ignorantes,
1593 620 1626 648 ad
1637 628 1700 648 eum
1714 629 1764 648 an-

969 661 1068 689 choras
1091 662 1208 697 jaeiunt,
1228 663 1366 699 clavisque
1383 665 1500 692 conﬁxis
1522 674 1607 694 naves
1621 667 1674 702 32
1700 668 1765 695 reli-

967 713 1053 744 gant;
1073 709 1119 736 ubi
1135 715 1278 745 postquam
1294 710 1384 738 locum
1397 712 1582 746 incenderit“,
1600 714 1764 742 calefactum

967 755 1068 783 animal
1085 761 1198 791 repente
1226 765 1255 785 se
1272 766 1417 794 mergens,
1445 764 1560 787 cunctos
1585 760 1637 788 eub
1667 761 1766 797 abysso

967 802 1092 830 suﬂocat.
1106 803 1151 829 Sic
1161 807 1188 831 et
1204 803 1255 831 iste
1272 812 1320 831 eos
1327 805 1374 839 qui
1391 805 1573 840 improbitatis
1584 807 1644 842 ejus
1656 807 1765 842 magni-

967 848 1090 875 tudinem
1105 848 1275 883 ignorabant,
1288 857 1440 885 vocemque
1458 851 1605 878 immanem
1621 859 1674 878 non
1689 852 1765 879 devi-

968 893 1071 926 tabant,
1090 893 1137 921 sed
1152 894 1243 929 potius
1254 894 1459 928 auscultabunt,
1482 895 1509 922 in
1521 903 1609 930 eoque
1630 896 1688 931 spei
1706 904 1764 925 suae

930 937 949 963 Β
965 940 1100 967 anchoras
1114 940 1278 976 deligebant,
1293 944 1408 968 cunctos
1436 949 1484 976 per
1502 941 1593 976 ignem
1610 941 1637 968 in
1662 942 1763 970 inl'erni

967 986 1102 1021 profunda
1117 986 1246 1014 deduxit:
1262 987 1363 1014 etenim
1386 988 1449 1023 igne
1468 995 1531 1015 cum
1555 988 1685 1016 omnibus
1699 997 1714 1016 a
1730 997 1761 1017 se

967 1031 1090 1067 deceptis
1111 1035 1292 1066 consumptus
1308 1032 1368 1066 fuit,
1390 1039 1472 1068 atque
1495 1033 1529 1061 ad
1547 1033 1684 1062 ﬂammam
1704 1035 1760 1062 mi-

967 1078 1054 1112 gravit
1070 1078 1334 1114 inexstinguibilcm.

113 1116 239 1153 ἄγκυραν
253 1119 398 1155 θεμένους,
416 1122 520 1155 πάντας
534 1123 579 1150 διὰ
598 1126 684 1162 πυρὸς
702 1127 740 1158 είς
754 1126 833 1162 βυθὸν
848 1127 912 1163 ᾅδου
930 1128 1073 1163 κατήγαγε
1084 1135 1091 1141 ·
1107 1126 1151 1154 διὰ
1168 1127 1253 1161 πυρὸς
1288 1127 1342 1163 γὰρ
1357 1127 1467 1155 λέλυται
1499 1128 1549 1156 σὺν
1562 1130 1618 1161 τοῖς
1636 1129 1695 1165 μετ’
1710 1130 1759 1157 αὺ-

113 1163 161 1194 τοῦ
177 1164 348 1201 πλανηθεῖσι,
363 1169 409 1195 καὶ
425 1169 493 1204 πρὸς
506 1169 563 1205 πῦρ
578 1171 744 1208 ὲξεδήμησεν
762 1173 906 1202 ἄσϐεστον.

147 1208 211 1235 ΙὶΖ’.
231 1210 332 1246 Τριετῆ
348 1212 402 1248 γὰρ
418 1213 507 1240 ἐκεῖσε
524 1215 636 1248 τελέσας
654 1216 761 1252 χρόνον,
779 1219 825 1244 καὶ
842 1218 901 1245 πολ-

993 1216 1102 1244 XXVII.
1131 1216 1253 1252 Namque
1281 1217 1318 1245 ibi
1349 1218 1467 1246 triennio
1494 1220 1652 1255 dcmomns,
1681 1231 1758 1251 com—

108 1253 174 1285 λοὺς
191 1255 348 1291 ἀπατήσας,
367 1257 482 1294 ὕστερον
500 1261 676 1296 συζητήσεως
692 1263 843 1299 γενομένης
858 1264 901 1291 καὶ

956 1263 1078 1298 pluribus
1088 1262 1184 1290 fraude
1193 1264 1327 1298 deceptis,
1336 1269 1475 1299 postremo
1484 1271 1541 1292 orta
1556 1270 1755 1304 controversia,

111 1299 198 1334 λόγων
213 1301 319 1329 πολλῶν
334 1305 501 1339 κινουμένων
518 1307 619 1342 μεταξὺ
642 1309 759 1336 Ἰούστου
779 1311 827 1337 τοῦ
842 1320 901 1347 προι

956 1310 1102 1345 multisque
1113 1311 1246 1338 consertis
1259 1311 1432 1339 sermonibus
1441 1321 1503 1339 eum
1515 1321 1597 1349 supra
1605 1322 1755 1345 memorato

110 1348 348 1382 μνημονευθέντος
368 1350 418 1377 τοῦ
441 1354 475 1388 τῇ
496 1353 543 1380 τοῦ
565 1354 638 1381 λίθου
657 1354 721 1391 βολῇ
736 1360 750 1380 δ’
766 1356 812 1383 τὸν
825 1358 901 1384 Κων-

956 1355 1032 1383 Iusto
1058 1356 1117 1389 illo,
1147 1364 1163 1383 a
1197 1364 1251 1391 quo
1268 1356 1481 1385 ’Constantinus
1514 1366 1580 1386 saxo
1608 1368 1756 1395 percussus

111 1395 250 1421 σταντῖνον
274 1396 461 1430 πατάξαντος,
485 1400 531 1426 καὶ
548 1400 701 1435 Συμεῶνος,
717 1401 764 1428 τοῦ
785 1403 832 1429 καὶ
848 1404 905 1439 Κή-

108 1447 187 1472 πους,
207 1441 272 1477 περὶ
292 1442 339 1468 τοῦ
362 1443 540 1472 ἀποστολικοῦ
567 1447 650 1482 ῥητοῦ
665 1447 713 1474 τοῦ
731 1449 760 1475 ἐν
778 1450 811 1484 τῇ
834 1449 904 1485 πρὸς

109 1484 261 1518 Κολασσεῖς
278 1487 422 1525 Ἐπιστολῇ
441 1491 567 1526 κειμένου
594 1493 762 1527 φάσκοντος·
780 1484 860 1531 [οοιίξ
880 1496 900 1524 f.

109 1531 161 1558 I00
179 1532 223 1569 In]
245 1533 311 1560 "Ott
330 1534 365 1561 ἐν
380 1536 461 1570 αὐτῷ
472 1537 595 1572 ἐκτίσθη
612 1539 649 1566 τὰ
663 1540 762 1567 πάντα
774 1541 811 1567 τά
823 1549 856 1568 τε
866 1541 901 1569 ἐν

106 1578 225 1612 οὐρανῷ
239 1580 288 1607 καὶ
300 1581 351 1608 ἐπὶ
362 1581 417 1616 τῆς
429 1583 495 1618 τῆς,
509 1585 544 1611 τὰ
556 1586 648 1619 ὁρατὰ
666 1586 715 1613 καὶ
730 1586 766 1613 τὰ
778 1587 900 1622 ἀόρατα,

105 1623 167 1651 εῑτε
177 1626 292 1660 Θρόνοι,
308 1627 490 1664 ειτεἊρχαὶ,
505 1631 565 1657 εἶτε
575 1630 736 1664 Ἐξουσίαι·
752 1634 789 1661 τὰ
804 1634 901 1662 πάντα

105 1669 143 1696 δι’
156 1671 250 1699 αὐτοῦ
266 1673 316 1700 καὶ
330 1675 373 1707 είς
394 1676 489 1703 αὑτὸν
504 1677 645 1713 sim/0011'
664 1679 714 1706 καί
728 1681 820 1714 αὐτός
835 1682 902 1709 ἐστι

105 1715 163 1749 πρὸ
179 1717 311 1750 πάντων,
329 1720 378 1747 καί
391 1721 427 1749 τὰ
442 1722 541 1750 πάντα
554 1724 585 1751 ἐν
604 1725 684 1758 αὐτῷ
697 1727 899 1762 συνέστηκεν.

105 1758 172 1788 Εἶτα
183 1761 391 1799 διανισταμένου
405 1767 451 1794 τοῦ
473 1768 590 1797 Ἰούστου
606 1772 654 1798 καὶ
675 1771 812 1807 λέγοντος,
826 1772 899 1810 τΑρα

105 1807 205 1855 μήπιος
220 1809 371 1845 ἀπατῶμεν
386 1813 448 1845 τοὺς
462 1813 555 1847 λαοὺς,
577 1817 626 1843 καὶ
641 1816 729 1853 ψυχὰς
746 1807 899 1855 ἀνθρώπῶν

102 1854 242 1887 ἀσυνέτως
265 1856 428 1892 ἀπόλλομεν,
454 1859 536 1895 ἕτερα
558 1860 730 1896 διδάσκοντες
757 1854 833 1901 παρὰ
862 1867 898 1895 τὰ

101 1900 269 1929 ἀποστολικὰ
284 1903 397 1938 ῥήματα
407 1912 414 1919 '
427 1901 464 1932 ὧν
476 1906 571 1941 ψυκῶν
583 1907 614 1934 τὸ
625 1909 714 1944 κρῖμα
727 1910 773 1937 ἐπὶ
785 1900 834 1946 τῆς
849 1921 897 1947 φο.

101 1946 185 1981 ὄερᾶς
201 1947 279 1984 δίκης
292 1950 373 1984 ἡμεῖς
387 1950 569 1986 ἀποτίσομεν·
584 1953 599 1979 ὁ
614 1953 727 1988 Συμεών
751 1955 802 1983 οὐκ
821 1946 896 1983 ἐπεί-

100 1991 181 2019 θετο·
204 1993 272 2021 ἀλλὰ
300 1995 400 2030 μᾶλλον
419 1996 553 2032 ἐπέμενεν
575 1998 757 2035 διαστρέφων,
775 2000 814 2033 ὡς
835 2002 895 2035 ἔθος

98 2036 133 2074 ἦν
151 2039 236 2076 αὐτῷ,
264 2037 315 2068 ὦδε
340 2042 455 2069 κάκεῖσε
483 2043 531 2070 τοῦ
558 2043 638 2079 λόγου
667 2045 717 2082 τὴν
745 2047 894 2083 ἑρμηνείαν

97 2085 192 2120 ἄγων”
211 2087 259 2114 καὶ
273 2090 423 2125 γενομένης
447 2090 617 2125 φιλονεικίας
642 2092 765 2129 μεγάλης
791 2093 892 2129 μεταξὺ

103 2132 219 2160 Ἰούστου
247 2135 294 2161 καὶ
317 2135 364 2163 τοῦ
390 2137 556 2171 Συμεῶνος,
582 2139 597 2165 ὁ
618 2138 732 2171 Ἰοῦστος
748 2140 892 2175 ἀνέρχεται

96 2178 165 2213 πρὸς
181 2179 227 2206 τὸν
241 2181 392 2209 ἐπίσκοπον
409 2182 573 2217 Κολωνείας,
589 2185 638 2211 καὶ
650 2184 700 2220 τὴν
712 2185 828 2222 δύναμιν
843 2186 890 2213 τοῦ

94 2225 275 2253 ἀποστολικοῦ
300 2228 384 2264 ῥητοῦ
416 2229 511 2264 μαθεῖν
532 2230 706 2267 βουλόμενος,
726 2232 889 2268 ἀνήγγειλεν

94 2271 171 2306 αὐτῷ
195 2272 284 2300 πάντα
315 2275 380 2310 περί
406 2284 436 2302 τε
460 2276 559 2303 ἑαυτοῦ
582 2278 628 2304 καὶ
647 2278 701 2306 τῶν
715 2279 817 2307 λοιπῶν
834 2280 888 2308 τῶν

94 2318 232 2346 συνόντων
254 2319 340 2356 αὐτῷ,
365 2322 413 2348 καὶ
429 2322 479 2357 τῆς
495 2323 669 2356 διδασκαλίας
695 2325 803 2353 αὐτῶν
820 2327 834 2353 ὁ
860 2326 888 2353 δὲ

92 2365 245 2397 ἐπίσκοπος
270 2366 354 2402 μηδὲν
380 2368 526 2404 μελλήσας,
548 2370 671 2406 ἀνήγαγε
696 2373 761 2407 περὶ
784 2373 887 2399 τούτων

90 2411 130 2448 τῷ
147 2412 253 2447 βασιλεῖ
273 2413 417 2450 Ίουστίνῳ,
434 2415 473 2451 τῷ
489 2416 559 2451 μετὰ
577 2418 739 2453 Ἡράκλειον
759 2419 886 2454 βασιλεύ-

92 2467 189 2486 σαντι·
208 2461 302 2495 μαθὼν
319 2461 348 2487 δὲ
363 2462 378 2487 ὁ
396 2461 533 2496 βασιλεὺς,
555 2463 683 2491 ἐκέλευσε
700 2465 805 2497 πάντας
819 2466 885 2500 ὐφὲν

89 2506 287 2542 ἀνακριθῆναι·
303 2507 352 2534 καὶ
368 2508 430 2540 τοὺς
446 2508 628 2543 ἐμμείναντας
645 2513 678 2545 τῇ
695 2511 782 2548 πλάνῃ
793 2533 800 2545 ,
815 2512 882 2548 πυρὶ

959 1402 1047 1429 fuerat
1062 1411 1069 1435 ;
1090 1410 1151 1429 cum
1169 1401 1296 1434 Simeon,
1313 1403 1359 1438 qui
1378 1408 1406 1431 et
1432 1403 1525 1436 Cetus,
1543 1405 1577 1432 de
1603 1408 1756 1441 apostolico

958 1447 1032 1475 dicto
1047 1448 1196 1475 dissereret
1209 1448 1242 1475 ad
1260 1447 1445 1481 Colossenses,
1466 1451 1537 1484 quod
1555 1451 1591 1478 ita
1606 1459 1636 1479 se
1652 1452 1754 1482 habet:

958 1493 1091 1526 Quoniam
1105 1494 1133 1520 in
1147 1494 1203 1528 ipsa
1219 1495 1325 1521 condita
1343 1500 1404 1521 sunt
1415 1495 1538 1523 universa
1558 1497 1586 1523 in
1601 1497 1672 1526 caelis
1686 1504 1710 1526 et
1723 1500 1752 1526 in

956 1545 1038 1573 terra,
1054 1541 1168 1568 visibilia
1181 1546 1205 1568 et
1228 1541 1381 1574 invisibilia,
1403 1542 1457 1569 sive
1475 1543 1580 1576 Tlironi,
1597 1545 1649 1572 sive
1670 1545 1753 1573 Prin-

916 1581 936 1608 (ἶ
954 1588 1068 1622 cipatus,
1082 1588 1136 1615 sive
1150 1587 1296 1615 Potestates
1308 1596 1317 1614 .‘
1340 1589 1430 1616 omnia
1445 1597 1492 1624 per
1504 1590 1592 1625 ipsum
1606 1596 1630 1618 et
1654 1593 1682 1619 in
1695 1593 1753 1628 ipso

954 1639 1042 1661 creata
1054 1639 1114 1661 sunt
1127 1643 1136 1662 :
1154 1639 1178 1662 et
1196 1635 1250 1669 ipse
1263 1640 1300 1662 est
1317 1640 1378 1663 ante
1391 1644 1490 1669 omnes,
1507 1641 1533 1664 et
1546 1638 1636 1665 omnia
1649 1639 1676 1666 in
1690 1640 1750 1674 ipso

953 1685 1072 1708 constant
1084 1681 1126 1715 υς
1142 1689 1204 1708 mox
1217 1682 1335 1709 instante
1351 1682 1429 1710 Justo
1453 1691 1485 1710 ac
1506 1683 1614 1711 dicente
1629 1694 1636 1711 :
1654 1685 1751 1721 Agesis

952 1728 1053 1759 sis.'ne
1065 1728 1170 1755 diutius
1185 1728 1300 1763 populos
1322 1728 1502 1764 decipiamus,
1521 1734 1548 1757 et
1567 1731 1673 1759 animas
1696 1733 1747 1760 ho-

951 1775 1056 1802 minum
1071 1774 1232 1809 insipienter
1258 1775 1416 1809 perdamus,
1440 1776 1548 1803 diversa
1573 1776 1608 1803 ab
1636 1781 1748 1812 aposto‘

949 1821 1010 1848 licis
1025 1820 1117 1848 verbis
1133 1820 1265 1848 docentes
1279 1829 1287 1853 ;
1306 1820 1340 1848 de
1363 1828 1479 1856 quarum
1495 1821 1651 1849 animarum
1667 1823 1746 1850 (Iam-

949 1867 1061 1895 natione
1075 1875 1126 1894 nos
1141 1866 1169 1894 in
1187 1866 1331 1894 tremendo
1355 1866 1461 1902 judicio
1475 1875 1571 1901 poenas
1597 1867 1746 1901 dabimus;

949 1913 1060 1940 Simeon
1075 1920 1130 1940 non
1153 1917 1196 1940 est
1216 1921 1355 1945 assensus,
1379 1914 1428 1941 sed
1458 1921 1491 1941 eo
1511 1914 1596 1950 magis
1619 1914 1646 1941 in
1670 1922 1747 1942 more

946 1966 997 1986 suo
1009 1959 1164 1987 testimonia
1180 1967 1256 1986 sacra
1270 1959 1457 1994 distorquendi
1471 1960 1666 1994 perseveravit,
1685 1967 1748 1988 sus~

945 2004 1034 2039 deque
1047 2005 1302 2040 interpretationem
1323 2012 1446 2032 versans.
1460 2006 1527 2033 Orto
1547 2006 1638 2041 itaque
1665 2007 1741 2042 gravi

944 2050 1016 2078 inter
1038 2050 1146 2078 Justum
1169 2059 1202 2078 ac
1227 2051 1385 2078 Simeonem
1411 2051 1536 2082 dissidio,
1563 2053 1680 2080 accessit
1708 2053 1743 2081 ad

944 2096 1070 2123 (.‘olonea:
1084 2096 1243 2131 episcopum
1254 2096 1358 2128 Justus,
1369 2096 1403 2123 ab
1419 2104 1507 2131 eoque
1525 2096 1580 2124 vim
1598 2097 1744 2132 apostolici

943 2142 1008 2170 dicti
1024 2143 1131 2170 discere
1157 2143 1262 2174 volens,
1278 2149 1323 2169 res
1350 2150 1414 2169 suas
1430 2147 1545 2170 cunctas
1568 2147 1596 2170 et
1611 2142 1742 2178 eonjura-

943 2192 1032 2215 torum
1046 2188 1193 2219 sociorum,
1211 2195 1262 2215 nec
1277 2195 1332 2215 non
1348 2188 1482 2216 doctrinae
1496 2196 1583 2224 genus
1595 2189 1738 2217 revelavit.

941 2234 976 2262 At
992 2234 1139 2268 episcopus
1153 2233 1213 2261 sine
1228 2240 1303 2260 mora
1313 2233 1405 2260 omnia
1420 2234 1480 2261 bam
1505 2233 1664 2261 Justiniano
1676 2238 1740 2269 post

907 2268 927 2295 θ
940 2280 1094 2307 lleraolium
1112 2279 1259 2315 imperanti
1277 2279 1442 2315 signiﬁcavit
1457 2281 1576 2316 :quibus
1586 2281 1739 2316 imperator

937 2326 1065 2360 cognitis,
1088 2325 1229 2353 mandavit
1244 2325 1278 2353 de
1295 2325 1426 2353 omnibus
1453 2326 1534 2353 simul
1560 2326 1737 2362 congregatis

937 2372 1118 2407 qumstionem
1133 2372 1202 2404 ﬂeri,
1222 2376 1249 2399 ct
1265 2371 1292 2398 in
1315 2379 1408 2399 errore
1432 2372 1588 2406 pertinaces
1615 2372 1735 2400 ﬂammis

937 2418 1017 2451 tradi,
1031 2418 1103 2452 quod
1119 2424 1144 2446 ct
1154 2418 1255 2445 factum
1268 2422 1328 2445 est:
1344 2426 1407 2445 nam
1417 2425 1502 2453 prope
1520 2418 1595 2446 illum
1613 2419 1736 2454 appella-

936 2467 993 2491 tum
1020 2464 1073 2499 33
1097 2471 1225 2491 acervum
1254 2463 1349 2499 grandi
1375 2471 1440 2500 rogo
1463 2463 1589 2498 incenso,
1618 2469 1733 2492 cunctos

936 2512 1049 2539 omnino
1058 2516 1232 2540 exusserunt.

89 2552 279 2588 παραδοθῆναι
290 2558 312 2585 Ζ,
331 2553 401 2589 ὅπερ
423 2554 471 2580 καὶ
487 2553 599 2588 γέγονε·
617 2555 731 2591 πλησίον
757 2557 812 2592 γὰρ
830 2558 881 2593 τῆς
901 2556 991 2592 σωροῦ
1005 2557 1094 2592 πυρὰν
1106 2557 1229 2594 μεγάλην
1262 2558 1426 2593 ἀνᾱψαντες,
1448 2558 1533 2594 ἄρδην
1563 2557 1734 2593 κατέφλεξαν

88 2597 222 2629 ἅπαντας.

122 2644 190 2671 ΚΗ¹.
209 2640 257 2675 Εἷς
276 2642 304 2670 δὲ
318 2651 360 2675 «τις
375 2643 405 2676 ἐξ
424 2644 514 2671 αὐτῶν
528 2645 639 2681 ὀνόματι
651 2646 757 2680 Παῦλος
779 2649 880 2684 Ἀρμέ-

86 2699 142 2722 νιος
152 2689 192 2725 τῷ
205 2688 290 2724 γένει,
305 2689 375 2725 ἔχων
389 2689 437 2717 δύο
452 2689 537 2724 υἱοὺς,
555 2687 593 2718 ὧν
605 2691 639 2719 τὰ
652 2692 774 2728 ὀνόματα
795 2692 877 2730 [cet].

121 2755 145 2772 ³⁸
158 2754 262 2783 Coloss.
275 2763 295 2787 ι,
311 2755 355 2783 I6.

970 2648 1091 2677 XXVIII.
1112 2649 1152 2677 Ex
1177 2650 1221 2677 his
1245 2653 1338 2677 tamen
1368 2658 1452 2682 unus,
1480 2650 1593 2678 nomine
1619 2650 1732 2685 Paulus,

933 2701 1014 2730 gente
1032 2696 1189 2730 Armenius,
1207 2705 1279 2733 _cum
1297 2690 1406 2725 dtibbus
1434 2697 1530 2725 liberis
1548 2697 1683 2733 Gcgnesio
1698 2706 1731 2726 ac

730 2816 845 2845 VARIiE
872 2819 1077 2849 LECTIONES.

136 2888 150 2903 ν
166 2882 200 2910 Β.
214 2887 243 2924 e_t
254 2883 329 2924 σού..
340 2884 516 2924 Κῇτοςηυοιι
527 2884 650 2924 fortasse
666 2886 731 2915 I‘crri
749 2894 846 2924 potest.

84 2927 156 2948 corr.
196 2923 207 2937 ²
225 2919 264 2946 Ita
279 2919 340 2948 cod.
357 2920 390 2948 At
400 2919 434 2949 II.
448 2919 658 2956 παραδοθέντες.

905 2898 918 2912 ι
935 2891 967 2920 It.
987 2892 1064 2928 φησί.
1115 2897 1130 2920 1
1144 2893 1218 2923 R.ct
1234 2893 1296 2922 eod.
1327 2891 1420 2929 βουλῇ.
1447 2891 1502 2920 Sed
1526 2892 1562 2919 It.
1594 2891 1623 2920 in
1637 2898 1726 2928 marg.
