1951 3048
200 164 270 197 1283
901 161 1014 192 PETRI

1040 160 1168 193 SICULI
1778 157 1846 191 1284

196 220 355 253 Theodoro,
383 219 446 256 fuga
473 219 585 255 elapsus
601 219 676 246 venit
706 218 871 254 Episparim,
888 218 922 245 de
938 225 993 252 quo

1057 219 1065 241 ‘.
1082 217 1162 251 10L]
1178 217 1321 252 Γεγνέσιος
1344 217 1394 244 καὶ
1408 215 1557 252 Θεόδωρος,
1583 215 1644 252 μεθ’
1657 213 1696 242 ὢν
1715 216 1763 242 καὶ
1777 216 1845 242 ἁπο-

195 276 264 303 pago
276 267 334 302 jam
349 266 479 299 diximus,
495 267 540 293 ubi
558 265 646 293 fusius
657 266 691 293 de
716 265 802 292 Paulo
826 271 859 292 ac
888 263 996 292 Joanne

195 313 382 341 Samosateusi
395 313 478 340 verba
494 312 619 345 fecimus,
639 311 780 339 Callinica:
796 311 877 342 ﬁliis;
905 318 920 338 a
941 317 997 346 quo

194 358 280 386 Paulo
295 357 442 385 Pauliciani
460 365 508 393 pro
526 356 905 384 Manichzcistransnominati
918 359 995 383 sunt.

195 405 342 432 Promovet
358 405 450 439 itaque
467 404 568 431 Paulus
584 403 670 430 ﬁlium
685 411 766 430 suum
781 403 948 438 Gegnesiutn
964 402 998 430 ad

196 451 346 486 impietatis
374 450 576 485 magisterium,
602 457 684 484 quem
712 449 795 476 etiam
821 447 997 475 Timotheum

195 497 375 532 nuncupavit.
396 497 528 524 Coortum
545 501 586 523 est
602 500 694 522 tamen
710 495 782 522 inter
804 495 874 522 duos
899 494 998 521 l'ratrcs

197 543 364 579 Gegncsium
394 551 425 570 ac
452 543 631 570 Theodorum
649 542 805 573 dissidium,
833 541 897 568 dum
924 540 999 576 prior

198 590 304 617 diceret
319 598 348 617 se
362 589 483 617 divinam
500 588 618 624 Spiritus
633 589 746 623 gratiam
762 587 911 622 recepisse,
925 587 995 614 alter

197 635 319 663 vicissim
337 643 366 662 se
390 636 416 662 in
437 643 501 662 eum
526 634 640 670 gradum
659 634 831 662 obtruderct.
855 634 944 667 Atque
962 632 999 659 ita

197 685 294 708 mutuo
309 680 483 710 dissidentes.
511 687 674 715 sununoquc
698 679 762 706 odio
786 679 942 714 ﬂagrantes,
971 678 1000 705 hi

196 727 387 754 abominanda:
401 730 483 754 secta:
502 726 632 761 praasides
649 733 736 760 usque
760 725 795 752 ad
818 725 881 752 vitae
903 724 999 752 termi-

198 781 262 800 num
278 775 501 808 perseverarunt.

1048 263 1198 297 διδρὰσκει,
1215 263 1326 299 ἔρχεται
1339 264 1380 296 είς
1402 263 1567 298 Ἐπίσπαριν
1581 263 1631 298 τὴν
1647 261 1846 298 προλεχθεῖσαν

1028 310 1115 344 ’ἡμῖν
1135 310 1164 336 ἐν
1190 311 1247 342 τοῖς
1273 311 1317 337 διὰ
1345 310 1476 342 πλάτους,
1505 310 1550 336 ὅτε
1579 309 1644 344 περὶ
1663 307 1772 335 Παύλου
1799 307 1846 334 καὶ

1055 356 1180 383 Ἰωάννου
1202 358 1257 384 τῶν
1279 357 1479 392 Σαμωσατέων,
1505 357 1559 383 τῶν
1585 356 1652 382 υἱῶν
1681 354 1846 389 Καλλινίκης

1049 402 1190 438 ἐλέγομεν,
1207 403 1253 438 ἀφ’
1265 400 1296 430 οὗ
1316 403 1433 436 Παύλου,
1451 402 1497 430 καὶ
1510 402 1699 432 Παυλικιάνοι,
1713 401 1774 427 ἀντὶ
1787 400 1847 427 Μα-

1049 450 1162 485 νιχαίων
1175 450 1437 485 μετωνομάσθησαν.
1459 449 1645 485 Προὸάλλεται
1658 448 1704 475 οὖν
1717 450 1731 475 ὁ
1744 447 1847 479 Παῦλος

1049 497 1096 523 τὸν
1111 496 1210 523 ἑαυτοῦ
1232 497 1289 522 υῑὸν
1305 496 1450 530 Γεγνέσιον
1474 496 1514 527 είς
1528 495 1560 521 τὺ
1574 495 1624 529 τῆς
1644 495 1791 530 ἀθεότητος
1807 494 1846 520 δι·

1050 542 1223 575 δασχαλεῖον,
1248 543 1279 569 ὃν
1295 542 1342 569 καὶ
1359 541 1493 576 Τιμόθεον
1522 540 1722 576 μετονομάζει·
1739 540 1787 566 καὶ
1806 539 1847 573 γί-

1050 598 1125 617 νεται
1143 588 1239 620 στάσις
1256 588 1357 624 μεταξὺ
1383 587 1548 623 ἀμφοτέρων
1568 587 1621 613 τῶν
1642 587 1776 622 ἀδελφῶν,
1801 586 1847 612 Γε-

1053 636 1173 670 γνεσίου,
1186 636 1270 670 φημὶ,
1279 636 1326 661 καὶ
1336 634 1475 669 Θεοδώρου
1487 643 1493 649 ·
1505 633 1552 660 τοῦ
1566 634 1616 668 μὲν
1629 633 1756 667 λέγοντος
1771 632 1848 667 χάριν

1051 682 1193 718 εἰληφέναι
1216 681 1311 717 οεῐκὴν
1338 682 1387 716 τὴν
1411 679 1458 707 τοῦ
1485 680 1661 715 Πνεύματος”
1679 679 1710 705 τὸ
1724 679 1752 705 δὲ
1769 678 1849 705 πάλιν

1052 729 1148 755 ἑαυτὸν
1162 728 1207 755 ἐπὶ
1218 728 1297 754 τοῦτο
1309 727 1531 762 προὸαλλομένου
1543 734 1549 741 ·
1569 726 1616 752 καὶ
1630 724 1718 756 οὕτως
1730 726 1769 756 εἰς
1784 725 1849 750 ἐαυ-

1051 774 1116 805 τοὺς
1132 773 1324 805 στασιάζοντες
1345 773 1392 798 καὶ
1407 771 1510 798 τέλειον
1528 772 1604 806 μῖσος
1619 771 1752 806 ἀλλήλους
1768 770 1852 805 μισή-

1054 828 1150 851 σαντες
1174 820 1199 845 οἱ
1219 819 1267 845 τοῦ
1289 818 1394 854 μύσους
1417 819 1577 854 προστάται,
1601 818 1743 853 διέμειναν
1766 816 1853 848 οὕτως

1056 865 1138 901 μέχρι
1152 865 1247 896 τέλους
1264 864 1338 900 ζωῆς
1355 864 1457 891 αὐτῶν.

233 910 330 938 XXIX.
347 910 497 945 Imperator
515 908 600 937 rebus
624 909 723 936 horum
751 908 894 936 hominum
919 908 1001 936 intcl-

1092 910 1156 937 KO’.
1185 911 1214 937 Ὀ
1229 909 1257 936 δὲ
1276 910 1404 945 βασιλεὺς
1424 909 1459 935 τὰ
1477 909 1542 945 περὶ
1555 908 1658 936 τούτων
1673 907 1793 939 ἀκούσας
1807 905 1855 942 (ἦν

199 957 276 984 lectis
288 957 366 991 (erat
381 957 481 983 istunc
492 955 549 982 Leo
565 954 723 989 Isauricus)
739 954 773 982 ad
785 962 815 982 se
829 954 994 990 Gegnesium

199 1003 353 1036 accersivit,
369 1010 418 1030 seu
432 1001 609 1029 Timotheum
625 1002 668 1029 vel
691 1001 782 1036 potius
798 1001 1002 1037 Thymothcum

200 1050 289 1086 (iram
309 1048 377 1084 Dei)
407 1052 435 1076 et
459 1048 493 1075 ad
511 1047 854 1083 Constantinopolitanum
885 1047 1003 1082 patriar-

199 1096 282 1124 cham
310 1094 385 1123 misit
410 1103 417 1121 ε
442 1094 487 1122 cui
513 1094 642 1129 praesenti
659 1094 815 1129 patriarcha
826 1094 864 1122 ait
882 1094 959 1122 :Cur
974 1098 1004 1121 tu

202 1141 284 1169 ﬁdem
298 1140 488 1175 {orthodoxam
517 1140 643 1174 negasti?
663 1140 689 1167 ls
712 1143 807 1166 contra
828 1149 834 1166 :
853 1140 1004 1167 Anathema

202 1187 282 1215 ﬁdem
293 1186 475 1214 orthodoxam
486 1186 614 1222 neganti;
629 1186 809 1222 (intelligebat
819 1190 909 1214 autem
924 1186 1004 1214 ﬁdem

206 1232 386 1260 orthodoxam
402 1238 463 1259 esse
486 1231 611 1258 haaresim
628 1231 729 1265 suam).
758 1231 864 1259 Rursus
891 1233 1005 1266 patriar-

202 1279 255 1306 cha
269 1288 277 1306 :
292 1278 347 1306 Cur
359 1286 416 1305 non
437 1277 537 1310 credis,
552 1285 642 1312 neque
667 1278 831 1313 obsequium
857 1279 1005 1306 venerabili

202 1325 278 1353 cruci
293 1325 429 1352 exhibes?
443 1325 478 1351 Et
490 1324 535 1352 ille
554 1333 561 1352 :
578 1325 730 1352 Anathema
750 1332 805 1352 non
820 1325 944 1352 adoranti
959 1333 1007 1353 ne-

203 1379 257 1407 quc
272 1371 374 1399 colenti
384 1370 568 1398 venerandam
581 1370 772 1406 vivificamque
783 1379 906 1400 crucem.
921 1372 1007 1400 Porro

204 1425 315 1446 crucem
332 1417 501 1452 intelligebat
528 1417 666 1444 Christum
685 1417 784 1452 ipsum,
803 1423 939 1453 quatenus
949 1427 1007 1446 ma-

204 1471 291 1491 unum
303 1463 465 1491 extensione
478 1470 588 1490 crucem
602 1464 738 1490 cll‘ormat.
758 1463 865 1491 Rursus
876 1471 938 1491 eum
964 1465 1007 1491 in-

205 1510 362 1546 terrogabat
377 1519 384 1537 :
402 1509 457 1537 Cur
470 1518 526 1536 non
541 1510 609 1537 colis
621 1517 712 1545 neque
731 1511 870 1538 veneraris
884 1516 1006 1538 sanctam

205 1556 374 1591 Deiparam?
401 1556 449 1584 llle
478 1561 599 1583 autem:
629 1556 783 1584 Analhema
815 1565 872 1584 non
906 1557 1006 1585 colenti

206 1603 408 1630 sanctissimam
424 1602 579 1637 Dciparam,
597 1602 625 1629 in
643 1610 724 1637 quam
755 1602 886 1630 Dominus
912 1608 1007 1630 noster

205 1648 287 1677 Jesus
301 1649 429 1676 Christus
448 1649 553 1676 introiit
564 1668 571 1680 ,
592 1653 716 1676 nostrum
731 1649 854 1676 omnium
872 1649 984 1677 Matrem
998 1658 1005 1683 ;

206 1695 364 1731 intelligens
378 1695 484 1723 scilicet
504 1703 651 1730 supernam
677 1694 839 1728 Jerusalem,
867 1696 895 1723 in
923 1705 1005 1731 quam

206 1741 363 1769 Praecursor
375 1746 469 1768 noster
483 1741 622 1777 ingressus
637 1748 679 1769 est
691 1742 829 1769 Christus.
859 1742 954 1770 Denuo
969 1743 1006 1770 illi

207 1787 361 1823 patriarcha
380 1797 388 1815 :
404 1788 459 1815 Cur
480 1787 586 1814 Domini
603 1788 688 1815 nostri
703 1787 769 1815 Jesu
785 1788 888 1816 Christi
910 1789 1008 1816 imma-

207 1834 327 1861 culatum
342 1833 397 1869 34
412 1841 512 1869 corpus
537 1841 569 1860 ac
593 1834 744 1868 pretiosum
775 1834 937 1870 sanguinem
952 1843 1008 1863 non

207 1881 307 1913 sumis.
327 1880 374 1908 sed
392 1888 423 1908 ea
445 1880 537 1916 potius
553 1880 694 1915 despicis?
709 1880 897 1916 Thymotheus
914 1889 981 1910 vero
1001 1893 1007 1910 :

207 1927 361 1954 Anathema
378 1935 434 1954 non
460 1926 581 1954 sumenti
606 1927 648 1954 vel
666 1928 826 1962 aspcrnanti
846 1935 947 1963 corpus
977 1936 1010 1956 ac

207 1973 371 2009 sanguinem
389 1973 501 2000 Domini
530 1973 619 2000 nostri
632 1971 696 2000 .Icsu
711 1973 837 2007 Christi,
854 1975 937 2002 verba
953 1976 1008 2003 sci-

208 2019 272 2047 licet
283 2019 356 2047 illius
370 2019 538 2055 intelligens.
555 2020 672 2055 Insuper
691 2019 725 2047 de
751 2025 846 2048 sancla
871 2021 1008 2050 catholica

208 2070 237 2093 ct
250 2066 400 2101 apostolica
418 2065 539 2093 Ecclesia
567 2065 761 2102 interrogatus,
786 2067 845 2101 pari
864 2067 946 2095 modo
968 2076 1011 2094 re-

209 2113 373 2148 spondebat,
394 2112 555 2141 catholicam
585 2117 675 2140 tamen
694 2113 844 2141 Ecclesiam
871 2115 1011 2149 appellans

210 2160 336 2194 synedria
365 2159 590 2195 Manichaeorum.
615 2159 649 2186 Et
667 2159 702 2187 de
727 2161 863 2196 baptismo
883 2162 1010 2189 similiter

210 2204 383 2240 loquebatur,
415 2205 561 2232 Dominum
589 2204 684 2232 Jcsurn
710 2205 853 2234 Christum
876 2207 1006 2242 baptismi
1026 2199 1046 2226 Ι)

209 2251 321 2278 nomine
338 2251 505 2287 intelligens,
523 2255 551 2278 et
568 2251 642 2279 aliud
662 2251 753 2284 nihil;
781 2253 845 2287 quia
874 2253 1008 2288 scriptum

211 2300 254 2323 est
270 2305 277 2323 ε
295 2296 352 2331 Ego
368 2305 427 2323 sum
446 2305 517 2332 aqua
538 2297 625 2324 vivens
641 2297 675 2323 ”.
692 2296 781 2332 Atque
800 2299 835 2325 ita
850 2299 943 2325 omnia
956 2299 1012 2326 dis-

211 2345 343 2377 torquens
369 2343 568 2379 Thymotheus,
586 2343 657 2370 etin
685 2344 801 2380 singulis
828 2346 1013 2373 anathemati-

212 2396 288 2420 zaus.
306 2389 366 2417 vitii
390 2397 489 2424 expers
501 2390 624 2418 creditus
638 2395 695 2423 est;
712 2396 881 2426 acceptoque
894 2392 938 2419 ab.
958 2391 1012 2418 im-

211 2439 337 2469 peratore
346 2435 444 2470 sigillo,
454 2435 535 2463 rediit
548 2435 709 2471 Episparim,
720 2437 896 2472 collectisque
902 2438 1011 2466 cunctis

212 2479 353 2516 discipulis
365 2481 431 2514 suis,
444 2481 614 2517 migravitad
628 2482 683 2509 Deo
699 2482 815 2510 invisam
834 2483 1008 2516 Mananalim,

212 2527 286 2554 unde
297 2527 350 2554 fuit
362 2527 496 2555 oriundus
521 2527 666 2562 prtedictus
681 2527 888 2557 Constantinus.
908 2529 1012 2558 Deinde

213 2573 313 2600 multos
327 2581 414 2602 annos
428 2574 465 2601 ibi
487 2578 672 2602 commoratus
684 2595 692 2609 ,
709 2579 737 2603 et
761 2575 788 2603 in
814 2584 948 2604 summam
966 2578 1010 2604 in-

248 2632 269 2648 ³³
283 2631 363 2659 Joan.
376 2640 415 2665 iv,
431 2633 475 2660 10.

1022 1578 1043 1607 C

1054 957 1082 984 δὲ
1106 956 1259 991 τηνικαῦτα
1281 956 1357 982 Λέων
1378 956 1392 982 ὁ
1410 954 1562 991 Ἴσαυρος),
1584 954 1796 990 μεταστέλλεται
1808 953 1854 980 τὸν

1054 1003 1199 1038 Γεγνέσιον
1220 1002 1266 1029 τὸν
1292 1003 1340 1028 καὶ
1363 1001 1508 1037 Τιμόθεον,
1527 1001 1628 1036 μᾶλλον
1646 1001 1675 1028 δὲ
1704 1000 1854 1036 Θυμόοεον,

1055 1050 1103 1077 καὶ
1123 1049 1305 1085 παραπέμπει
1322 1049 1404 1076 αὐτὸν
1421 1048 1490 1084 πρὸς
1509 1048 1556 1075 τὸν
1580 1048 1755 1084 πατριάρχην
1773 1048 1852 1074 Κων·

1056 1095 1308 1127 σταντινουπόλεως
1318 1103 1324 1110 ·
1340 1094 1378 1124 ὡς
1401 1095 1429 1122 δὲ
1446 1092 1517 1121 εἶδεν
1530 1093 1612 1121 αὑτὸν
1626 1094 1641 1120 ό
1662 1094 1854 1130 πατριάρχης,

1056 1143 1131 1177 λέγει
1146 1142 1237 1178 αὐτῷ’
1259 1141 1307 1169 Διὰ
1322 1141 1349 1168 τί
1369 1141 1484 1177 ἠρνήσω
1503 1141 1553 1176 τὴν
1583 1139 1724 1175 ὸρθόδοξον
1746 1139 1854 1171 πίστινς

1064 1189 1093 1216 Ὅ
1108 1189 1137 1216 δὲ
1152 1189 1237 1223 λέγει·
1268 1186 1406 1221 Ἀνάθεμα
1425 1187 1473 1213 τὸν
1496 1185 1686 1222 ἀρνησάμενον
1703 1185 1754 1221 τὴν
1775 1185 1854 1220 ὀρθό-

1056 1234 1133 1267 δοξον
1149 1234 1254 1260 πίστιν·
1272 1232 1360 1269 (ἔλεγε
1373 1232 1400 1259 δὲ
1415 1231 1670 1267 ὀροὸδοξονςπίστιν,
1685 1231 1735 1265 τὴν
1749 1230 1856 1257 οἰκείαν

1057 1280 1188 1316 αἵρεσιν).
1206 1279 1261 1306 Καὶ
1281 1280 1294 1305 ὁ
1312 1278 1485 1314 πατριάρχης
1506 1277 1587 1304 πάλιν
1602 1276 1698 1311 λέγει·
1721 1277 1771 1303 Διὰ
1785 1276 1811 1302 τί
1824 1276 1856 1303 οὗ

1058 1327 1198 1359 πιστεύεις
1211 1328 1257 1354 καὶ
1273 1327 1438 1361 προσκυνεῖς
1459 1325 1506 1351 τὸν
1522 1323 1612 1359 τίμιον
1626 1323 1760 1358 σταυρόν;
1785 1323 1813 1350 '0
1827 1323 1857 1349 δὲ

1058 1376 1144 1410 λέγει·
1169 1374 1307 1408 Ἀνάθεμα
1319 1373 1365 1399 τὸν
1385 1373 1422 1407 μὴ
1441 1370 1648 1406 προσκυνοῦντα
1661 1370 1708 1396 καὶ
1724 1369 1761 1404 μὴ
1778 1369 1858 1394 6:66-

1060 1431 1140 1458 μενον
1162 1421 1208 1448 τὸν
1224 1420 1314 1456 τίμιον
1335 1419 1384 1446 καὶ
1408 1417 1540 1450 ζωοποιὸν
1572 1417 1699 1452 σταυρόν·
1726 1415 1803 1449 ἔλεγε
1827 1414 1856 1441 δὲ

1060 1468 1188 1503 σταυρὸν,
1214 1466 1294 1503 [cod.
1322 1465 1341 1492 ί.
1359 1465 1406 1492 101
1424 1463 1472 1500 ι›.]
1493 1464 1540 1490 τὸν
1559 1462 1678 1498 Χριστὸν
1691 1463 1724 1497 τῇ
1745 1461 1857 1488 ἐκτάσει

1060 1515 1114 1542 τῶν
1127 1513 1227 1550 χειρῶν
1243 1512 1359 1548 σταυρὸν
1383 1510 1580 1538 ἀποτελοῦντα.
1603 1509 1658 1536 Καὶ
1672 1508 1754 1535 πάλιν
1766 1507 1858 1543 ἐρωτᾷ

1060 1560 1211 1588 αὑτόν-’Διὰ
1226 1561 1253 1586 τί
1267 1559 1297 1586 οὑ
1309 1558 1375 1593 σέϐῃ
1389 1557 1436 1584 καὶ
1447 1557 1612 1592 προσκυνεῖς
1624 1555 1674 1591 τὴν
1687 1555 1771 1588 ἁγίαν
1789 1554 1857 1580 Θεο-

1059 1609 1157 1639 τόκον;
1182 1607 1209 1632 Ὀ
1221 1606 1249 1633 δέ
1271 1612 1364 1640 φησιν’
1389 1603 1526 1638 Ἀνάοεμα
1540 1602 1586 1629 τὸν
1605 1601 1642 1637 μὴ
1653 1600 1860 1636 προσκυνοῦντα

1059 1655 1109 1692 τὴν
1122 1654 1262 1688 παναγίαν
1273 1652 1415 1683 Θεοτόκον,
1430 1652 1459 1677 ὲν
1502 1648 1627 1684 εἰσῆλθεν
1637 1649 1651 1675 ὁ
1664 1647 1767 1683 Κύριος
1779 1646 1859 1682 ἡμῶν

1067 1701 1172 1737 Ἰησοῦς
1192 1700 1320 1735 Χριστὸς,
1342 1698 1391 1734 τὴν
1411 1697 1518 1733 μητέρα
1533 1696 1643 1722 πάντων
1665 1694 1762 1730 ἡμῶν·
1779 1694 1860 1728 ἔλεγε

1060 1749 1089 1775 δὲ
1105 1747 1208 1782 ταύτην
1222 1743 1292 1772 εἶναι
1309 1745 1360 1779 τὴν
1376 1743 1433 1771 ἄνω
1453 1741 1645 1778 Ἰερουσαλὴμ,
1660 1741 1689 1768 ἐν
1735 1739 1860 1775 Προδρο-

1063 1803 1112 1830 μος
1132 1793 1203 1828 ὑπὲρ
1227 1791 1308 1827 ἡμῶν
1332 1789 1443 1825 εἰσῆλθε
1459 1789 1586 1824 Χριστός.
1609 1788 1665 1814 Καὶ
1685 1786 1768 1813 πάλιν
1790 1786 1862 1821 πρὸς

1062 1839 1144 1868 αὐτόν
1160 1846 1243 1873 φησιν
1262 1838 1276 1863 ὀ
1299 1836 1492 1871 πατριάρχης·
1510 1834 1560 1861 Διὰ
1582 1833 1610 1860 τί
1632 1833 1663 1860 οὐ
1680 1831 1862 1868 μεταλαμϐά-

1061 1895 1115 1918 νεις
1130 1885 1185 1920 (34)
1200 1883 1246 1911 τοῦ
1258 1884 1394 1919 ἀχράντου
1408 1881 1535 1918 σώματος
1547 1881 1595 1908 καὶ
1607 1879 1654 1907 τοῦ
1666 1879 1759 1914 τιμίου
1772 1878 1863 1913 αἱμα.-

1061 1941 1107 1965 τος
1120 1932 1167 1959 τοῦ
1192 1930 1294 1966 Κυρίου
1316 1929 1394 1965 ἡμῶν
1415 1927 1503 1963 Ἰησοῦ
1525 1925 1657 1962 Χριστοῦ,
1675 1924 1744 1952 ἀλλὰ
1758 1924 1864 1959 ἀτιμά-

1063 1979 1120 2012 ζεις
1135 1977 1218 2011 αὐτός
1243 1977 1272 2003 '0
1286 1976 1315 2002 δὲ
1332 1974 1471 2010 Θυμόθεος
1490 1974 1575 2008 λέγει’
1599 1971 1737 2007 ’Δνάοεμα
1753 1971 1801 1997 τὸν
1823 1971 1865 2006 μὴ

1065 2023 1308 2060 μεταλαμϐάνοντα
1319 2043 1327 2055 ,
1351 2021 1367 2057 ἢ
1396 2019 1567 2055 ἀτιμάζοντα
1584 2019 1615 2046 τὸ
1630 2019 1710 2054 σῶμα
1725 2018 1774 2044 καὶ
1790 2015 1866 2052 αἷμα

1062 2071 1110 2098 τοῦ
1127 2070 1231 2105 Κυρίου
1255 2069 1334 2105 ἡμῶν
1358 2067 1448 2104 Ἰησοῦ
1465 2065 1603 2102 Χριστοῦ·
1620 2065 1696 2098 ἔλεγε
1712 2064 1740 2091 δὲ
1760 2064 1796 2090 τὰ
1812 2063 1867 2099 pq-

1066 2125 1137 2152 ματα
1152 2115 1246 2142 αὐτοῦ.
1263 2114 1349 2141 Πάλιν
1365 2113 1393 2140 δὲ
1406 2113 1471 2148 περὶ
1485 2111 1535 2146 τῆς
1551 2111 1633 2145 ἁγίας
1647 2108 1796 2143 καθολικῆς
1814 2109 1867 2134 καὶ

1064 2162 1248 2196 ἀπωτολικῆς
1266 2160 1430 2194 Ἐκκλησὶας
1446 2157 1605 2195 ἐρωτηθεὶς,
1622 2155 1752 2186 ὡσαύτως
1766 2160 1777 2170 “
1801 2154 1868 2181 ἔλε-

1061 2217 1126 2244 γενδ·
1149 2207 1313 2241 Ἐκκλησίαν
1328 2205 1488 2239 καθῡλικὴν,
1503 2204 1539 2231 τὰ
1560 2202 1689 2238 συνέδρια
1704 2201 1759 2228 τῶν
1773 2200 1869 2228 Μανι-

1060 2255 1145 2291 χαίων
1161 2252 1310 2281 ἀποκαλῶν
1321 2260 1328 2267 ’
1344 2251 1392 2278 καὶ
1407 2250 1473 2286 περὶ
1486 2249 1534 2276 τοῦ
1549 2249 1739 2284 βαπτίσματος
1758 2246 1868 2281 otto-Im;

1061 2302 1149 2335 ἔλεγε,
1169 2300 1214 2327 τὸν
1232 2299 1334 2335 Κύριον
1358 2296 1463 2333 Ἰησοῦ)
1479 2296 1598 2332 Χριστὸν
1614 2295 1749 2330 ὑπάρχειν
1765 2294 1798 2321 τὺ
1816 2293 1870 2329 βά-

1062 2356 1179 2383 πτισμα,
1198 2347 1245 2374 καὶ
1259 2346 1309 2372 οὑκ
1328 2343 1409 2371 ἄλλον
1438 2343 1506 2369 διότι
1518 2342 1676 2377 γέγραπται
1689 2349 1696 2356 ·
1716 2339 1790 2374 Ἐτώ
1804 2341 1871 2374 εἰμι

1063 2394 1097 2422 τὸ
1115 2394 1195 2428 ὕδωρ
1218 2393 1251 2419 τὸ
1277 2391 1356 2428 ζώνί
1370 2390 1419 2416 καὶ
1441 2389 1529 2420 οὕτως
1546 2387 1636 2414 πάντα
1656 2386 1829 2422 διαστρέψας
1854 2387 1871 2412 ὁ

1065 2440 1103 2467 Θυ
1109 2440 1215 2476 μόθεος,
1233 2438 1282 2465 καὶ
1293 2437 1353 2464 καθ’
1367 2436 1484 2463 ἕκαστον
1501 2433 1717 2469 ἁναθεματίσας,
1733 2431 1773 2463 ὡς
1787 2431 1874 2459 ὁ.ναί-

1065 2495 1122 2518 τιος
1138 2485 1226 2513 κακοῦ
1249 2483 1392 2519 ἐνομίσθη,
1406 2482 1454 2508 καὶ
1466 2480 1558 2507 λαϐὼν
1574 2479 1651 2514 παρὰ
1661 2478 1709 2506 τοῦ
1728 2478 1873 2513 βασιλέως

1067 2532 1197 2567 σιγίλλιον
1209 2530 1266 2567 (55)
1284 2528 1351 2565 ἦλθε
1367 2528 1449 2556 πάλιν
1469 2527 1509 2558 εἰς
1538 2525 1720 2561 Ἐπίσπαριν·
1733 2523 1782 2550 καὶ
1804 2532 1873 2550 συν-

1065 2576 1133 2609 άξας
1148 2576 1251 2607 πάντας
1261 2575 1326 2606 τοὺς
1341 2571 1466 2609 μαθητὰς
1483 2569 1568 2598 αὑτοῦ
1580 2569 1677 2605 φεύγει
1689 2570 1738 2595 σὺν
1757 2568 1872 2600 αὐτοῖς,

848 2679 965 2708 νΛΙζίίΕ
997 2678 1143 2707 LECTION
1154 2679 1206 2707 ES.

249 2731 262 2744 ⁸
277 2723 310 2751 Β.
326 2724 365 2757 ὡς
377 2724 470 2756 αὐτός.

980 2772 1097 2802 NOTAE.

253 2829 426 2870 (5.4).Cnnfcr
456 2837 536 2870 supra
566 2830 666 2870 p._l'5,
692 2830 779 2870 ιιιιιι.ἱ
801 2830 1012 2870 ubi-Raderum

217 2865 400 2896 correximus,
430 2865 474 2899 qui
492 2870 582 2892 tamen
609 2865 661 2892 hoc
678 2866 831 2900 posteriore
858 2866 919 2894 loco
941 2871 1015 2894 recte

228 2905 412 2933 ntcrprc'atur
427 2900 587 2928 vocabulum
605 2901 832 2937 μεταλαμϐάνεις.

1104 2829 1160 2865 (55)
1176 2828 1301 2865 lutellige
1314 2829 1432 2865 diploma
1447 2826 1588 2865 evectionis
1601 2848 1608 2859 ,
1628 2824 1873 2865 GalILfauI-con:

1069 2860 1299 2928 dtui_t,f'plasstfp07t
1332 2860 1369 2892 De
1393 2863 1482 2899 sigillo
1494 2862 1542 2890 diu
1553 2862 1672 2899 Caugius
1685 2860 1777 2888 Gloss.
1802 2860 1875 2886 med

1068 2910 1082 2928 e
1115 2909 1162 2928 tu.
1187 2907 1266 2928 .ann.
