1951 3048
138 167 211 201 1285
731 167 916 199 HISTORIA
935 165 1241 198 MANICHIEORUM.
1725 162 1794 197 1286

134 225 182 252 καὶ
207 222 342 258 κατῆλθεν
358 223 399 254 είς
424 223 475 258 τὴν
495 223 655 250 θεόλευστον
667 223 835 256 Μανάναλιν,
858 223 888 256 ἐξ
899 220 932 259 ἧς

985 222 1088 250 saniam
1107 225 1195 253 actus,
1213 221 1337 255 iramque
1349 224 1377 248 et
1396 219 1502 248 rabiem
1516 225 1598 256 atque
1617 218 1785 248 anxietatem

132 270 276 305 ἀνεδείχθη
295 271 309 297 ὁ
328 269 497 305 προρρηθεὶς
514 270 731 301 Κωνσταντῐνος.
759 267 827 298 Εἶτα
842 270 932 296 ἐκεῖσε

985 267 1033 295 sibi
1050 267 1084 294 ab
1098 266 1202 302 angelis
1217 266 1296 293 malis
1310 266 1447 293 immissas
1462 266 1622 301 experiens,
1641 266 1755 293 bubone
1766 273 1783 293 a

135 316 248 353 χρόνους
269 314 549 350 ἱκανοὺςηέπιμείνας
575 314 624 342 καὶ
650 313 727 350 [cod.
753 313 773 341 f.
800 313 870 349 102]
891 313 931 345 είς

985 313 1038 341 Deo
1064 321 1211 348 percussus
1227 313 1343 344 interiit.
1369 317 1514 348 postquam
1541 312 1656 349 integris
1671 312 1784 348 triginta

135 363 219 398 ἀκρον
235 361 333 397 μανίας
345 361 445 392 ἐλάσας
460 361 507 388 καὶ
521 360 607 396 θυμὸν
618 361 666 388 καὶ
682 360 766 396 ὀργὴν
779 361 826 387 καὶ¹
840 359 930 392 θλίψιν

985 359 1060 388 annis
1071 359 1160 394 impite
1172 364 1253 387 sectae
1266 359 1425 394 praefuerat.
1799 371 1814 386 ι

132 410 287 444 ἀποστολὴν
309 409 343 437 δι’
363 409 488 443 ἀγγέλων
512 408 640 444 πονηρῶν
664 408 821 444 δεξάμενος,
844 407 1012 443 θεόπληκτος
1025 407 1182 443 γενόμενος,
1208 408 1261 435 ὑπὸ
1274 408 1320 434 τοῦ
1337 407 1474 443 βουϐῶνος
1498 407 1543 434 τὸν
1558 407 1616 443 βίον
1637 407 1784 443 κατέστρεσ

135 458 186 493 ψεν
202 459 232 484 ἐν
248 458 320 489 ὅλοις
335 457 483 492 τριάκοντα
497 456 572 483 ἔτεσι
589 456 636 484 καὶ
649 455 732 487 αὐτὸς
745 456 796 491 τῆς
807 455 935 488 ἀσεϐείας
950 456 1095 491 γενόμενος
1112 455 1279 491 προστάτης.

171 503 212 531 Λ’.
227 501 313 536 Οὗτος
329 503 408 539 ἔσχεν
427 503 496 535 υἱὸν,
510 502 631 538 τοῦνομα
646 503 802 538 Ζαχαρίαν·
825 503 871 529 κα¹ι
886 501 932 537 μί-

136 551 212 578 σθιον
227 549 308 585 αἶγας
330 551 459 586 νέμοντα,
477 551 507 578 ὂν
525 559 592 577 ποτε
603 550 650 576 ἐπὶ
662 550 711 585 τῆς
723 549 783 576 ὁδοῦ
799 547 861 586 εὗρε
876 550 934 576 κεί-

138 606 219 632 μενον
240 597 491 633 ἐσπαργανωμένον
506 617 514 629 ,
531 597 575 624 διὰ
601 597 632 623 τὸ
655 597 687 623 ἐκ
707 596 868 632 παρανόμου
887 597 934 623 καὶ

138 643 336 679 μεμιαμμένης
352 642 495 678 προελθεῖν
517 642 626 677 κοίτης·
643 641 696 669 οἶδε
708 642 763 677 γὰρ
778 642 865 678 πόρνη
884 642 934 676 τῆς

136 689 241 721 κοιλίας
252 689 337 725 αὐτῆς
352 689 388 716 τὰ
403 689 503 723 ἔγγονα
514 689 542 715 ἐν
557 688 608 723 όδῷ
626 689 744 723 ῥίπτειν,
756 688 870 715 δεδιῶσα
879 689 892 708 δ
904 688 935 714 τὸ

137 736 261 771 πταῖσμα
271 744 277 751 ·
292 735 476 766 ἀποθανόντος
489 735 579 761 τοίνυν
592 734 750 769 Γεγνεσίου,
767 734 935 770 ἐσχίσθησαν

135 784 160 809 οἱ
183 782 278 809 τούτου
296 782 435 817 μαθηταί·
454 782 503 808 καὶ
519 782 544 808 οί
563 781 623 817 μὲν,
649 781 863 818 προσερῤύησαν
880 782 934 808 Ζα-

136 829 234 865 χαρία·
256 829 281 856 οἱ
295 829 335 861 δὲ,
358 828 457 863 Ἰωσὴφ
472 827 511 863 τῷ
526 829 596 864 νόθῳ
613 828 804 864 προσέδραμον
819 836 826 843 ο
841 827 929 859 οὕτως

136 877 190 910 γὰρ
212 875 381 910 ὠνομάζετο,
393 875 518 906 Στάσεως
533 872 580 902 οὖν
596 874 697 909 πολλῆς
710 873 860 909 γενομένης
886 881 934 908 με·

135 922 202 954 ταξὺ
217 921 391 957 ἀμφοτέρων,
407 920 445 952 ὡς
460 921 508 947 καὶ
522 921 568 948 ἐπὶ
583 921 637 947 τῶν
649 919 812 956 πρὺιαύτῶν,
829 921 876 946 καὶ
888 919 934 946 θά-

1018 501 1101 529 XXX.
1121 501 1189 529 lluic
1200 506 1259 529 erat
1276 500 1348 528 ﬁlius
1363 500 1475 528 nomine
1485 500 1643 535 Zacharias,
1672 511 1782 532 necnon

983 548 1170 576 mercenarius
1184 548 1295 583 quidam
1310 555 1454 582 caprarum
1474 553 1579 580 custos,
1605 557 1690 583 quem
1716 550 1783 578 olim

983 596 1010 623 in
1025 595 1070 623 via
1088 599 1229 630 repererat
1250 594 1343 621 fasciis
1356 594 1521 627 involutum,
1548 600 1694 630 propterea
1711 597 1784 631 quod

984 641 1122 677 illegitima
1151 642 1314 675 impuraque
1347 640 1444 675 copula
1481 646 1644 675 procreatus
1674 641 1784 671 fuisset.

984 689 1059 716 Solet
1075 688 1148 715 enim
1164 687 1296 714 meretrix
1311 687 1415 714 ventris
1429 687 1471 714 sui
1503 692 1608 722 partus,
1634 688 1671 716 ob
1696 689 1785 724 culpae

985 739 1098 764 metum.
1117 735 1143 761 in
1161 735 1216 761 vias
1231 734 1377 768 projicere.
1407 733 1514 760 Mortuo
1530 733 1614 768 igitur
1633 734 1780 770 Gegncsio,

983 782 1101 810 schisma
1118 781 1222 808 exstitit
1236 781 1433 815 discipulorum
1450 780 1528 815 ejus;
1548 781 1612 808 aliis
1643 780 1785 810 Zacharias

984 829 1199 860 adltacrentibus,
1215 828 1275 855 aliis
1289 833 1380 855 autem
1411 827 1536 862 spurium
1564 827 1715 863 Josephnm
1738 837 1785 857 se-

983 875 1130 906 ctantibus,
1145 875 1185 902 sic
1199 874 1272 902 enim
1287 874 1309 901 is
1328 874 1530 901 nominabatur.
1549 874 1645 910 Magna
1658 883 1724 911 ergo
1739 883 1784 903 se-

987 923 1054 950 ditio
1072 923 1143 949 inter
1157 922 1207 949 hos
1223 921 1293 948 duos
1306 920 1422 948 conﬂata
1432 924 1485 952 est,
1498 920 1578 948 sicuti
1594 921 1783 956 superioribus

134 976 214 1003 τερος
232 968 328 995 ἑαυτὸν
352 967 540 1003 ψηφιζόμενος
562 967 611 1003 τὴν
629 967 710 1002 χάριν
727 966 869 1002 εἰληφέναι
886 965 932 993 τοῦ

986 970 1067 997 etiam
1082 972 1232 1001 evenerat;
1251 968 1314 995 dum
1335 971 1451 1002 uterque
1465 966 1614 994 afﬁrmaret
1626 974 1655 994 se
1666 967 1782 1002 gratiam

135 1014 306 1049 Πνεύματος,
329 1014 380 1048 τὴν
407 1014 547 1049 ἐνέργειαν
574 1013 675 1048 μᾶλλον
701 1013 748 1039 τοῦ
773 1011 931 1048 ἀκαθάρτου

134 1061 260 1094 ἐδέξαντο
286 1060 459 1096 πνεύματοςδ
485 1059 545 1087 εἶτα
563 1060 701 1095 θυμωθεὶς
725 1059 874 1095 Ζαχαρίας,
895 1059 933 1090 ὼς

133 1107 184 1142 τῆς
210 1107 340 1143 πατρῴας
361 1107 527 1143 κληρουχίας
550 1107 697 1134 ἐκπίπτειν
725 1106 840 1142 μέλλων,
865 1105 934 1140 λίθῳ

135 1153 261 1187 ’πατάξας
283 1153 383 1189 Ἰωσὴφ
400 1154 446 1180 τὸν
469 1153 647 1190 Ἀφρόνητον,
668 1153 735 1186 παρ’
756 1152 845 1187 ὀλίγον
862 1153 934 1179 ἀνεῖ-

132 1200 190 1228 λεν.
209 1200 288 1227 Μετά
313 1200 341 1227 δέ
359 1208 419 1227 τινα
444 1200 540 1236 χρόνον
563 1199 693 1231 λαϐόντες
722 1199 849 1234 ἑκάτεροι
868 1197 932 1230 τοὺς

134 1245 252 1278 οἰκείους
268 1246 404 1281 μαθητὰς,
420 1246 558 1281 ἠθέλησαν
569 1245 709 1282 λαθραίως
719 1245 873 1280 ἀποδρᾶσαι
884 1243 932 1271 τοῦ

135 1291 233 1319 τόπου·
253 1292 302 1319 καὶ
315 1292 347 1327 δὴ
366 1292 463 1327 μικρὸν
478 1292 648 1324 ἀποστάντες
669 1292 719 1326 τῆς
745 1292 842 1326 κώμης
855 1309 863 1323 ,
879 1290 933 1317 ὑπ-

133 1339 313 1371 οπτευθέντες
329 1339 382 1365 ὑπὸ
401 1338 455 1366 τῶν
483 1339 642 1375 Ἀγαρηνῶν
667 1338 736 1374 πρὸς
756 1337 931 1373 Ῥωμανίαν,

134 1385 310 1421 ὲξέρχεσθαι,
326 1385 374 1412 καὶ
391 1385 436 1412 ὑπ’
456 1385 545 1412 αὐτῶν
565 1384 816 1421 ἀνερευνώμενοιο,
843 1385 857 1410 ὁ
883 1383 933 1419 μὲν

134 1431 275 1466 Ζαχαρίας
299 1431 337 1463 ὡς
363 1428 417 1457 εῐδε
433 1431 483 1466 τὴν
507 1430 562 1457 τῶν
591 1430 750 1466 Ἀγαρηνῶν
769 1429 931 1466 ἐπιδρομὴν,

134 1479 198 1510 τοὺς
213 1479 331 1510 οἰκείους
344 1479 427 1510 ἐάσας
441 1478 521 1514 [cod.
537 1479 557 1506 f.
577 1479 626 1507 102
640 1478 684 1515 ιλ]
702 1479 837 1514 μαθητὰς,
853 1478 933 1513 μόνος

135 1523 265 1559 ἐξέφυγεν
275 1533 282 1541 ·
295 1524 342 1556 οὓς
355 1533 408 1559 περ
421 1525 586 1559 φθάσαντες,
610 1526 634 1551 οἱ
655 1525 813 1561 ’Λγαρηνοῂ
827 1524 933 1559 ξίφεσιν

135 1569 316 1597 ἀπέκτειναν·
333 1570 367 1597 δι’
385 1569 422 1596 ὃά
438 1570 582 1606 ὼνειδίσθη
605 1572 619 1597 ὁ
637 1571 776 1606 Ζαχαρίας
790 1570 866 1606 παρὰ.
877 1569 932 1597 τῶν

134 1615 233 1646 ἄλλων,
248 1615 286 1647 ὼς
303 1615 448 1650 μισθωτὸς,
466 1617 514 1644 καὶ.
546 1616 597 1643 οὐκ
608 1616 645 1643 ὢν
661 1617 777 1651 ποιμήν.

988 1013 1108 1049 Spiritus
1122 1020 1184 1040 esse
1203 1012 1341 1045 sortitum,
1359 1011 1405 1046 qui
1420 1011 1513 1045 potius
1540 1010 1639 1045 impuri
1669 1010 1783 1045 spiritus

985 1059 1174 1095 operationem
1190 1061 1360 1093 receperant.
1379 1056 1438 1083 Mox
1452 1056 1548 1083 furens
1559 1055 1716 1095 Zacharias,
1729 1063 1781 1083 ceu

984 1093 1030 1141 qui
1047 1106 1080 1133 de
1094 1109 1210 1141 paterna
1225 1103 1385 1132 haereditate
1400 1103 1457 1138 jam
1483 1093 1634 1133 excideret,
1649 1109 1715 1129 saxo
1735 1100 1783 1128 Jo-

984 1153 1098 1188 sephutn
1118 1151 1172 1187 35
1194 1151 1384 1186 Aphmnettmt
1407 1152 1551 1184 appetens,
1579 1147 1780 1183 propemodum

984 1198 1093 1226 occidit.
1105 1196 1170 1224 Post
1182 1196 1349 1231 aliquantum
1358 1202 1422 1222 vero
1436 1198 1553 1228 tempus,
1567 1192 1685 1228 sumptis
1695 1198 1782 1218 unus-

983 1245 1098 1279 quisque
1108 1242 1224 1278 propriis
1231 1241 1379 1277 discipulis,
1390 1240 1476 1268 moliti
1488 1244 1552 1267 sunt
1562 1239 1632 1266 clam
1639 1246 1671 1266 ex
1681 1245 1715 1265 eo
1722 1237 1784 1265 loro

984 1290 1135 1326 aufugero:
1151 1289 1198 1316 sed
1217 1296 1279 1315 cum
1304 1287 1444 1322 paululum
1467 1293 1482 1312 a
1500 1293 1571 1320 pago
1591 1283 1782 1316 recessissent,

984 1338 1079 1364 oborta
1093 1339 1136 1363 est
1150 1334 1281 1370 Agarenis
1296 1333 1417 1367 suspicio
1434 1332 1502 1359 velle
1516 1339 1564 1358 eos
1577 1331 1610 1358 ad
1629 1331 1780 1357 Romanam

984 1381 1114 1409 ditionem
1129 1380 1245 1407 transire
1258 1378 1390 1412 ;ideoque
1399 1377 1432 1404 ab
1450 1376 1490 1404 his
1506 1375 1662 1410 conquisiti.
1675 1374 1782 1401 Zacha-

984 1427 1154 1462 riasquidem
1162 1426 1348 1461 Agarenorum
1359 1423 1542 1451 incursionem
1552 1422 1658 1452 videns.
1666 1421 1784 1448 desertis

983 1472 1101 1511 propriis
1112 1470 1254 1506 discipulis
1269 1471 1343 1497 solus
1359 1468 1443 1504 fugit:
1461 1475 1530 1502 quos
1543 1470 1693 1501 occupatos
1710 1467 1781 1500 Aga-

984 1509 1167 1554 reni,'gladiis
1183 1517 1382 1544 interemerunt
1396 1524 1402 1542 :
1417 1522 1478 1549 quae
1492 1521 1536 1540 res
1551 1511 1692 1540 Zachariae
1709 1509 1784 1546 apud

984 1568 1109 1596 caeteros,
1127 1570 1177 1590 ceu
1188 1561 1359 1589 mercenaria
1369 1565 1397 1588 et
1410 1567 1463 1587 non
1479 1558 1592 1595 pastori,
1607 1557 1702 1585 odium
1714 1564 1783 1584 con-

985 1609 1098 1639 ciliavit.

171 1663 234 1691 AA'.
250 1662 349 1699 Ἰωσὴφ
366 1663 396 1689 δὲ
410 1663 426 1690 ὁ
442 1663 490 1690 καὶ
513 1663 679 1699 Ἀφρόνητος
692 1663 772 1697 γνοὺς
783 1662 872 1695 τοῦτο,
885 1662 932 1694 τὰς

1021 1656 1118 1685 XXXI.
1133 1655 1272 1690 Josephus
1291 1658 1383 1682 autem
1407 1652 1594 1688 Aphronctus,
1620 1658 1652 1679 ea
1676 1658 1707 1678 re
1734 1658 1779 1678 eo.

136 1709 244 1744 ἀμάξας
258 1710 403 1744 ἐνστρέφει
419 1709 457 1741 ὡς
478 1709 546 1745 πρὸς
570 1710 670 1744 Συρίαν
683 1717 689 1723 ·
705 1710 752 1736 καὶ
770 1709 902 1736 ἐλθόντων
919 1714 931 1728 ο

135 1755 190 1781 τῶν
206 1755 385 1790 Σαρακηνὼν,
401 1755 468 1790 φησι
483 1755 552 1790 πρὸς
565 1755 677 1788 αὐτοὺς,
694 1755 732 1787 ὡς
748 1755 794 1782 ἐπὶ
811 1754 931 1790 γαλούρ-

137 1809 186 1835 για
210 1801 259 1828 καὶ
296 1800 426 1836 βουκόλια
452 1801 666 1836 ἐξεληλυθέναι·
702 1802 725 1828 οἱ
750 1801 779 1828 δὲ
809 1801 931 1836 Ἀγαρη-

112 1858 115 1859 ν
135 1847 281 1883 νοὶ,ταύτῃ
302 1849 336 1884 τῇ
359 1848 494 1883 ἀπολογίᾳ
518 1847 786 1884 πληροφορηθέντες,
799 1848 932 1879 ἐάσαντες

135 1893 236 1926 αὐτοὺς
256 1894 400 1930 ἀδικήτους
425 1894 607 1930 ὑπεχώρησαν
624 1894 652 1913 ῐο
672 1894 802 1930 εὐκαίρου
818 1894 847 1921 δέ
857 1894 932 1929 ὥρας

136 1939 275 1975 ἐπιτυχὼν
297 1940 400 1975 Ἰωσὴφ
422 1941 436 1966 ὁ
460 1940 636 1976 ’Δφρόνητος,
657 1940 727 1975 μετὰ
744 1940 853 1966 πάντων
871 1940 931 1966 δια-

136 1985 214 2020 δρὰς,
230 1985 277 2012 τοῦ
286 1986 369 2013 τόπου
385 1985 517 2021 ἐξέφυγεν
531 1986 603 2025 ’,καὶ
613 1985 698 2013 ἐλθὼν
714 1986 753 2017 εἰς
766 1985 816 2019 τὴν
832 1985 932 2012 πολλά-

137 2040 181 2064 κις
209 2032 445 2068 μνημονευθεῖσαν
472 2033 571 2068 κώμην
601 2032 778 2068 Ἐπίσπαριν,
806 2031 933 2066 ἀσμένως

137 2078 214 2115 παρά
231 2079 285 2106 τῶν
299 2079 329 2106 ἐν
351 2079 420 2115 αὐτῇ
437 2078 638 2106 κατοικούντων
662 2078 798 2114 ἀπεδέχθη
813 2087 821 2095 ο
832 2078 932 2110 πάντες

136 2124 192 2160 γὰρ
208 2124 354 2159 λαμπάδας
366 2125 521 2160 ἀνάψαντες
533 2126 561 2151 ἐν
575 2124 682 2161 μεγάλῃ
695 2126 761 2160 τιμῇ
771 2124 817 2152 τὺν
832 2124 933 2159 πολλῆς

135 2170 249 2206 ἀτιμίας
266 2171 353 2203 ἄξιον,
366 2171 404 2202 ὠς
422 2170 470 2198 ἆτε
495 2171 527 2206 δὴ
543 2171 670 2206 μαθητὴν
687 2171 807 2206 Χριστοῦ
835 2171 932 2199 ὑποδέ-

136 2224 230 2251 χονται
247 2223 254 2231 ⁸
275 2217 357 2251 γνοὺς
382 2217 461 2244 τοῦτο
479 2216 606 2252 θεοφιλής
619 2226 662 2249 τις
678 2217 816 2252 ἀνὴρτῶν
841 2218 932 2244 ἐκεῖσε

136 2261 277 2296 ἀρχόντων
306 2261 486 2297 Κρικοράχης
516 2261 673 2296 λεγόμενος,
700 2261 772 2296 μετά
798 2260 932 2287 πλείστων

136 2307 312 2342 στρατιωτῶν
336 2306 385 2342 τὴν
407 2307 497 2334 οἰκίαν
512 2307 679 2343 ἐκύκλωσεν,
692 2308 721 2333 ἐν
784 2306 932 2334 κατέλυσεν

135 2353 151 2379 ὁ
171 2352 298 2388 μαθητὴς
322 2353 369 2380 τοῦ
394 2354 534 2385 Μάνεντος
549 2362 557 2370 ’
580 2353 628 2380 καὶ
647 2354 712 2385 τοὺς
734 2354 784 2388 μὲν
807 2353 932 2389 μαθητὰς

135 2399 220 2426 αὐτοῦ
242 2399 383 2435 συνέσχεν,
401 2400 482 2432 αὐτὸς
494 2399 522 2426 δὲ
534 2400 645 2435 διαδρὰς
658 2400 747 2435 φυγὰς
758 2399 847 2435 ᾤχετο
862 2400 932 2435 προς

135 2445 185 2481 τὴν
198 2446 321 2482 Φρυγίαν
340 2454 347 2461 ο
372 2447 423 2475 καὶ
434 2445 560 2473 ἀπελθὼν
585 2446 747 2482 κατῴκησεν
766 2448 807 2478 είς
828 2446 932 2473 Ἀντιό-

135 2500 213 2527 χειαν
230 2491 280 2527 τῆς
302 2492 427 2524 Πισιδίας
441 2500 449 2506 -
473 2492 502 2518 ἐν
517 2491 590 2518 ἔτεσι
612 2491 640 2528 ᾂέ
656 2492 804 2527 τριάκοντα
823 2491 870 2518 καὶ
884 2491 932 2518 αὑ-

134 2537 181 2570 τὸς
207 2537 450 2573 ἐπαγωνισάμενος
478 2539 511 2573 τῇ
539 2537 633 2573 κακίᾳ,
651 2538 729 2572 ἔλεγε
746 2539 802 2570 τοῖς
832 2538 931 2564 ἑαυτθῦ

136 2583 284 2619 μαθηταῖς,
301 2584 425 2620 μαθητὴς
446 2581 517 2611 εἶναι
545 2583 654 2611 Παύλου
670 2584 724 2618 ,τοῦ
743 2585 893 2612 ἀποστόλου
916 2585 930 2611 ό

143 2629 351 2665 Ἐπαφρόδιτος,
369 2629 417 2655 καὶ
442 2628 509 2664 παρ’
538 2629 623 2655 αὑτοῦ
655 2629 723 2664 πρὸς
746 2629 846 2661 αὐτοὺς
875 2629 927 2656 ἀπ-

136 2674 265 2701 εστάλθαι
284 2683 290 2689 ·
308 2673 380 2710 [cod.
397 2673 417 2700 Γ.
431 2671 508 2709 105.]
525 2672 581 2708 ἐγὼ
596 2673 624 2699 δὲ
639 2672 721 2699 αὑτὸν
740 2672 855 2705 εἰκότως
879 2680 929 2699 κα-

135 2720 379 2757 λέσωἈφρόνητον
392 2729 399 2736 ·
412 2719 473 2747 λίαν
489 2719 544 2756 γὰρ
558 2719 666 2756 ὑπῆρχε
677 2719 723 2746 καὶ
731 2718 904 2755 γραμμάτων
916 2718 929 2737 8

984 1705 1068 1740 gnita,
1085 1710 1196 1731 currum
1212 1701 1359 1733 convertit,
1375 1704 1505 1734 tanquam
1522 1698 1544 1725 si
1559 1698 1589 1725 in
1603 1697 1707 1733 Syriam
1718 1704 1769 1732 per

983 1756 1078 1787 geret;
1096 1754 1123 1777 et
1139 1747 1397 1782 supervenientibus
1427 1745 1572 1773 Saracenis
1595 1744 1665 1772 dixit
1688 1751 1719 1772 se
1741 1744 1784 1771 la-

983 1797 1061 1826 ctarii
1086 1795 1177 1830 operis
1188 1802 1270 1822 causa
1285 1797 1313 1821 ct
1338 1796 1526 1820 armentorum
1545 1791 1571 1818 in
1588 1790 1687 1818 itinere
1709 1798 1781 1818 esse.

983 1843 1042 1876 Qua
1056 1841 1217 1870 defensione
1235 1839 1356 1875 persuasi
1377 1838 1517 1869 Saraceni,
1532 1837 1609 1864 illum
1624 1844 1686 1864 cum
1701 1836 1784 1864 sociis

983 1889 1061 1916 abire
1079 1887 1219 1922 impunem
1235 1886 1368 1915 sitientes.
1384 1885 1581 1912 discesserunt.
1597 1882 1697 1910 Idonea
1710 1886 1786 1917 post-

984 1935 1049 1962 hinc
1076 1938 1184 1968 captata
1202 1933 1277 1964 hora,
1305 1931 1442 1966 Joscplms
1456 1930 1632 1965 Aphronetus
1646 1937 1709 1956 cum
1722 1936 1784 1956 om-

983 1981 1066 2008 nibus
1091 1979 1247 2014 aufugiens,
1276 1978 1338 2004 loco
1366 1977 1506 2009 excessit;
1536 1975 1730 2010 profectusque
1755 1975 1785 2001 in

984 2034 1056 2061 swpe
1067 2029 1248 2053 memoratum
1264 2031 1361 2058 pagum
1383 2022 1546 2057 Episparim,
1562 2021 1680 2048 libenter
1693 2020 1727 2047 ab
1740 2020 1785 2047 in-

984 2072 1051 2099 colis
1065 2074 1196 2106 cxceptus
1214 2069 1265 2096 fuit
1281 2078 1287 2096 :
1305 2068 1394 2095 cuncti
1412 2068 1486 2095 enim
1511 2066 1633 2094 incensis
1650 2065 1784 2100 lampadi—

984 2117 1036 2145 bus
1057 2124 1156 2152 magno
1169 2116 1274 2142 honore
1296 2114 1447 2145 hominem,
1464 2113 1549 2140 multa
1569 2111 1720 2148 ignominia
1735 2111 1781 2139 di-

985 2171 1079 2200 gnum,
1094 2167 1222 2196 tanquam
1237 2160 1337 2189 Christi
1353 2159 1518 2194 discipulum
1534 2162 1726 2193 susceperunt.
1743 2157 1782 2185 Ea

985 2218 1014 2238 re
1032 2209 1179 2240 intellecta,
1205 2208 1266 2242 pius
1282 2207 1392 2242 quidam
1411 2206 1453 2233 vir
1472 2213 1504 2233 ex
1521 2205 1573 2232 loci
1599 2203 1782 2239 principibus,

985 2255 1096 2282 nomine
1120 2254 1310 2286 Crirorachcs,
1337 2260 1433 2288 magna
1462 2259 1524 2279 cum
1553 2250 1669 2277 militum
1699 2257 1784 2277 manu

985 2302 1068 2333 ardes,
1093 2300 1137 2328 ubi
1158 2299 1274 2327 lllanetis
1304 2299 1455 2334 discipulus
1480 2297 1652 2328 versabatur,
1673 2295 1782 2328 cinxit;

950 2342 971 2368 υ
984 2351 1012 2374 et
1024 2345 1142 2372 asseclas
1149 2344 1258 2378 quidem
1270 2344 1330 2378 ejus
1340 2341 1566 2377 comprehcndit;
1584 2340 1632 2368 sed
1646 2340 1783 2375 Iosephus

988 2391 1097 2426 elapsus
1111 2389 1185 2418 venit
1201 2389 1229 2416 in
1247 2388 1391 2423 Phrygiam
1407 2397 1413 2413 ι
1431 2387 1549 2421 indeque
1575 2386 1736 2417 abscedens,
1754 2385 1782 2412 in

989 2439 1056 2465 urbe
1070 2436 1177 2464 Pisidiae
1191 2435 1336 2462 Antiochia
1349 2434 1460 2462 resedit.
1479 2434 1602 2468 Cumque
1616 2436 1644 2460 et
1660 2432 1718 2467 ipse
1733 2432 1785 2459 tri-

986 2485 1061 2520 ginta
1075 2482 1155 2511 annis
1170 2482 1318 2517 nequitiam
1336 2489 1413 2508 suam
1437 2479 1618 2512 exercuisset,
1645 2479 1683 2505 ait
1698 2477 1782 2505 disri-

984 2532 1057 2567 pulis
1072 2531 1141 2563 suis,
1163 2537 1193 2557 se
1211 2529 1287 2556 Pauli
1300 2528 1416 2563 apostoli
1438 2527 1604 2562 discipulum
1626 2533 1689 2554 esse
1712 2525 1785 2560 Epa—

984 2577 1152 2613 phroditum,
1163 2583 1248 2611 seque
1256 2574 1290 2602 ad
1299 2574 1359 2601 illos
1368 2574 1401 2600 ah
1414 2581 1447 2601 eo
1456 2574 1570 2601 missum
1582 2572 1678 2599 fuisse.
1691 2571 1726 2598 At
1733 2578 1785 2606 ego

984 2631 1034 2658 pro
1058 2621 1254 2658 Epaphrodito,
1273 2619 1457 2656 Aphronitum
1483 2619 1580 2646 merito
1597 2625 1660 2645 eum
1687 2616 1782 2651 appel-

984 2669 1045 2697 labo
1061 2679 1067 2697 :
1088 2668 1192 2696 etenim
1206 2667 1358 2695 litterarum
1382 2672 1495 2701 prorsus
1518 2668 1599 2700 atque
1615 2664 1770 2699 phronesco

983 2723 1081 2752 expers
1100 2719 1159 2742 erat
1176 2723 1183 2742 :
1200 2720 1318 2748 cumque
1336 2712 1438 2740 multos
1449 2711 1573 2740 scelestis
1584 2709 1691 2737 actibus
1704 2713 1786 2736 aeter-

787 2786 906 2814 VARIA‘]
933 2783 1139 2814 LECTIONES.

172 2861 187 2880 b
204 2859 236 2886 Β.
260 2863 286 2886 cl
312 2859 373 2886 cod.
395 2858 547 2887 δεδειῶσαι.

140 2901 151 2915 ο
165 2895 199 2923 R.
216 2894 389 2928 ἐξελθόντων.
430 2894 441 2914 ε
453 2893 583 2930 Βᾳέιπεχ.
622 2897 634 2916 δ
649 2895 681 2924 R.
697 2893 873 2932 γράμμάτου.

610 2866 621 2880 ε
644 2861 682 2888 lla
701 2868 796 2895 reapse
819 2859 880 2888 cod.
896 2859 931 2887 At
952 2858 984 2886 Β.
1002 2857 1235 2894 ἀνερευνομένων,
1262 2856 1334 2893 quod
1362 2855 1389 2883 in
1413 2861 1500 2889 marg.
1518 2859 1592 2881 corr.

1654 2850 1666 2870 (Ι
1683 2849 1714 2877 Β.
1737 2849 1787 2877 διό.
