1948 3070
158 192 227 227 1287

834 187 950 219 PETRI
979 185 1104 217 SICULI

1735 182 1806 214 1288

154 261 197 281 nae
214 259 303 288 poena:
314 250 426 279 fecisset
442 249 589 283 obnoxios,
615 249 674 284 ipse
689 248 815 283 'quoquc
839 247 865 274 iu
895 247 956 274 loco

1014 243 1059 270 καὶ
1069 241 1228 278 φρονήσεως
1240 240 1355 276 ἄμοιρος
1369 247 1375 254 ·
1391 239 1507 271 πολλούς
1520 247 1550 265 τε
1568 239 1603 274 τῇ
1621 239 1730 274 πονηρᾷ
1752 247 1806 264 κα-

154 299 201 334 qui
216 298 316 326 dicitur
331 296 547 331 Chortocopium
561 295 619 322 vita
645 294 700 330 36
731 293 863 321 excessit.
898 292 955 320 lloc

155 345 246 372 adhuc
258 343 416 379 superstite,
428 341 561 377 discipula
573 340 661 376 ipsius
673 340 701 367 in
714 339 846 366 Armenia
858 337 956 365 mulier

127 392 144 407 ‘
156 390 293 426 quaedam,
317 389 351 416 ab
377 396 432 415 uno
448 395 482 415 ex
498 387 559 422 ejus
586 385 705 413 alumnis
727 389 855 419 corrupta
871 383 955 410 filium

157 437 276 472 peperit,
295 434 439 466 Hebraico,
453 437 482 461 ut
497 433 584 464 aiunt,
615 439 715 467 genere
727 451 734 462 ,
761 429 863 457 malitia
890 428 957 455 insi-

158 490 251 518 gnem,
282 489 415 516 spurcum
453 480 585 507 videlicet
612 478 762 505 Bahanem.
791 476 885 510 Itaque
913 474 957 502 hic

157 528 282 555 Bahanes
299 526 450 562 Aphroneti
466 532 609 553 successor
625 524 686 555 fuit,
700 524 813 558 ejusque
830 520 956 549 haeresim

157 574 324 602 incolumem
342 578 425 608 prout
449 576 594 607 exceperat
616 579 630 598 a
659 568 873 606 przeccssoribus
898 567 956 594 suis

157 620 233 648 omni
268 620 426 655 impuritate
452 618 605 646 confertam
633 617 773 647 retinens.
800 614 957 648 multosque

158 666 307 694 stultosad
335 670 487 693 extremam
516 664 700 700 perditionem
726 661 876 694 deducens,
898 659 957 695 ipse

157 719 267 747 quoque
284 711 413 747 nequitiae
425 711 555 747 magister
575 709 688 738 exstitit.

193 849 302 878 XXXII.
319 849 389 878 Ecce
402 854 494 877 autem
507 849 588 884 paulo
599 852 662 884 post
689 848 759 876 alius
785 848 849 875 item
868 855 958 875 emer-

157 897 192 925 sit
209 904 241 924 ex
255 897 331 924 urbis
355 895 447 924 Tabiae
462 895 600 923 territorio
622 894 746 922 veritatis
771 895 945 922 adversarius

1008 288 1128 324 κουργίᾳ
1143 286 1314 317 ὑπευθύνους
1331 286 1449 322 ποιήσας
1465 285 1515 320 τῆς
1531 285 1642 312 αἰωνίου
1655 284 1807 317 κολάσεως,

1006 334 1178 369 κατέστρεψε
1204 334 1251 360 καὶ
1267 332 1350 364 αὐτὸς
1383 333 1474 358 ἐκεῖσε
1500 331 1546 358 τδν
1573 331 1641 366 βίον,
1655 333 1695 363 εἰς
1723 332 1808 359 τόπον

1006 380 1155 415 λεγόμενον
1183 379 1395 415 Χορτοκοπεῖον.
1423 378 1526 404 Τούτου
1555 378 1596 404 ἔτι
1623 378 1806 413 ὑπάρχοντος,

1014 425 1155 460 μαθήτρια
1165 425 1261 452 τούτου
1274 426 1315 455 είς
1331 424 1477 460 Ἀρμενίαν
1487 424 1555 459 γυνή
1571 432 1613 454 τις
1621 424 1712 450 ἐκτῶν
1722 424 1807 451 αὐτοῦ

1009 471 1139 506 μαθητῶν
1166 470 1352 506 μοιχευθεῖσα,
1383 470 1462 505 ἔσχεν
1491 470 1558 502 υἱὸν,
1587 469 1624 502 ὥς
1658 479 1754 505 φασιν,
1777 470 1807 503 ἐξ

1013 517 1172 550 Ἑϐραίων,
1207 517 1252 544 τὸν
1282 517 1329 543 ἐπὶ
1361 517 1448 552 κακίᾳ
1487 516 1651 552 περιϐόητον
1684 516 1808 551 ῥυπαρὸν

1007 564 1130 600 Βαάνην.
1150 562 1234 596 Οὗτος
1249 563 1320 591 οὖνὸ
1338 564 1444 598 Βαάνης
1470 564 1623 598 διαδέχεται
1641 563 1687 590 τὸν
1708 563 1809 598 ’Λφρόο

1007 619 1088 646 νητον
1102 631 1109 643 ,
1127 611 1175 637 καὶ
1198 611 1247 646 τὴν
1267 611 1374 646 αἵρεσιν
1394 610 1467 637 σώαν
1486 611 1519 645 ἣν
1539 610 1709 645 παρείληφεν
1731 609 1809 645 παρὰ

1008 657 1061 683 τῶν
1077 657 1132 692 πρὸ
1153 656 1238 684 αὐτοῦ
1249 657 1297 692 τὴν
1311 657 1401 691 πάσης
1415 656 1588 691 ἀκαθαρσίας
1602 656 1716 691 πλήρηιλ
1740 664 1809 681 κατ-

1008 703 1079 738 έχων
1098 711 1105 718 ·
1125 703 1173 730 καὶ
1193 702 1307 734 πολλοὺς
1326 703 1381 730 τῶν
1401 702 1528 737 ἀφρόνων
1556 703 1596 733 είς
1609 702 1716 728 τελείαν
1731 701 1810 729 ἀπώ-

1007 749 1083 776 λειαν
1097 749 1182 784 ἄγων,
1200 749 1305 785 γίνεται
1327 750 1375 776 καὶ
1408 749 1489 781 αὐτὸς
1517 749 1569 784 τῆς
1596 750 1696 782 κακίας
1731 750 1809 777 διδά-

1009 796 1119 827 σκαλος.

1046 841 1112 869 ΛΒ¹.
1131 841 1199 869 Μετ’
1213 842 1244 868 ού
1257 841 1342 869 πολὺν
1356 841 1385 868 δὲ
1400 842 1496 877 χρόνον
1509 842 1558 868 καὶ
1574 842 1668 877 ἕτερός
1682 851 1724 874 τις
1742 843 1811 869 ἀνα-

1010 888 1148 915 δείκνυται
1170 889 1219 924 τῆς
1241 889 1371 924 ἀληθείας
1399 888 1549 920 ἀντίπαλος
1574 889 1606 916 ὲκ
1631 889 1686 915 τῶν
1714 888 1810 925 μερῶν

158 942 209 970 Est
222 942 296 969 enim
318 941 354 969 ibi
379 941 522 976 proximus
548 948 644 975 pagus,
671 939 715 967 cui
732 946 833 966 nomen
855 938 954 971 Annia,

1014 934 1112 966 Γαϐίας
1131 936 1181 970 τῆς
1209 935 1313 967 πόλεως
1325 943 1332 951 ⁸
1349 935 1407 962 ἔστι
1427 935 1483 971 γὰρ
1499 936 1589 962 ἐκεῖσε
1615 935 1809 971 πλησιάζουσα

160 995 243 1022 quem
272 987 316 1015 vir
342 987 454 1022 quidam
483 986 622 1013 incolebat
650 985 766 1020 Dryinus
793 983 956 1018 appellatus.

157 1034 228 1062 lluic
243 1035 317 1062 filius
330 1037 400 1067 erat,
413 1033 526 1068 Sergius
540 1032 664 1064 nomine,
676 1030 778 1058 diaboli
791 1030 879 1057 miles.
893 1029 958 1057 Scr-

158 1081 228 1116 gius,
243 1080 364 1115 inquam,
388 1079 436 1114 qui
462 1078 562 1106 multos
591 1077 657 1105 fecit
684 1077 718 1104 de
743 1076 841 1104 ovibus
867 1076 956 1112 lupos,

157 1134 275 1162 quorum
292 1133 375 1161 opera
390 1124 493 1152 Christi
505 1131 614 1160 gregem
629 1123 784 1158 dissipavit.
806 1122 918 1157 Sergius
930 1121 957 1148 in

159 1170 240 1198 ovina
254 1170 325 1205 pelle
338 1170 431 1204 lupus,
447 1169 643 1196 fraudulentus
656 1168 789 1195 virtutum
803 1166 956 1199 simulator,

159 1225 193 1245 ac
205 1217 354 1245 multorum
369 1215 484 1251 proinde
498 1215 643 1250 deceptor;
659 1213 770 1250 Sergius
780 1213 869 1240 crucis
879 1213 958 1240 Chri-

160 1264 194 1291 sti
208 1263 345 1295 inimieus,
363 1266 392 1290 et
410 1261 539 1289 atheismi
554 1268 596 1294 os,
626 1260 748 1295 Deiparae
776 1258 958 1294 omniumque

160 1314 319 1337 sanctorum
340 1308 519 1340 conviciator,
535 1307 635 1335 Christi
650 1306 835 1341 apostolorum
860 1306 958 1332 adver-

161 1356 260 1389 sarius,
276 1355 473 1390 prophetarum
487 1361 561 1385 osor,
581 1357 610 1381 et
634 1353 788 1380 divinarum
805 1352 959 1387 Scriptura-

159 1410 221 1430 rum
239 1406 384 1437 corruptor
396 1409 465 1437 quas
481 1400 514 1427 ad
535 1400 640 1428 fabulas
655 1399 885 1433 mendaciumque
901 1399 959 1426 dis-

161 1447 309 1482 torquebat
327 1455 335 1480 ;
361 1446 474 1481 Sergius
485 1445 586 1473 Christi
600 1446 698 1476 hostis,
720 1448 747 1471 et
763 1444 892 1472 Ecclesiae
909 1451 959 1479 0p-

160 1500 305 1530 pngnator,
323 1493 370 1527 qui
390 1491 438 1520 Dei
465 1492 565 1519 Filium
592 1492 709 1527 pedibus
732 1491 912 1523 conculcavit,
933 1496 961 1518 et

163 1541 226 1569 novi
245 1540 416 1568 Testamenti
433 1539 594 1575 sanguinem
606 1540 750 1574 profanum
772 1539 914 1574 judicavit.
933 1542 962 1566 et

1008 980 1089 1016 κώμη
1115 981 1207 1008 Ἀννία
1230 982 1398 1017 καλουμένη,
1415 983 1443 1008 ὲν
1463 979 1486 1019 (ᾗ
1512 981 1635 1017 κατῴκει
1666 982 1736 1017 ἀνήρ
1754 990 1810 1013 τις,

1009 1027 1122 1062 Δρύῖνος
1145 1027 1358 1063 ὀνομαζόμενος.
1380 1028 1465 1060 Οὗτος
1486 1028 1566 1064 ἔσχεν
1601 1029 1668 1062 υἱὸν,
1695 1029 1813 1064 Σέργιον

1010 1074 1189 1110 καλούμενον,
1205 1076 1251 1102 τὶν
1276 1076 1324 1102 τοῦ
1348 1075 1471 1102 διαϐόλου
1490 1075 1651 1111 ὑπὲρμαχον
1667 1083 1674 1091 ·
1696 1075 1813 1110 Σέργιον

1009 1121 1056 1147 τὸν
1084 1121 1199 1153 πολλοὺς
1220 1123 1252 1148 ὲκ
1274 1121 1425 1157 προϐάτων
1452 1121 1552 1154 λύκους
1570 1122 1734 1156 ποιήσαντα,
1763 1120 1813 1146 καὶ

1010 1169 1043 1196 δι’
1062 1171 1070 1190 i
1088 1167 1177 1195 αὐτῶν
1195 1168 1384 1204 σκορπίσαντα
1401 1169 1451 1200 τὰς
1465 1168 1514 1195 τοῦ
1536 1166 1657 1203 Χριστοῦ
1680 1166 1783 1200 ἀγέλας
1799 1175 1806 1180 ·

1012 1218 1126 1253 Σέργιον
1145 1217 1191 1243 τὸν
1216 1215 1302 1242 δεινὸν
1321 1215 1552 1251 προϐατόσχημον
1568 1213 1662 1244 λύκον,
1679 1212 1725 1239 τὸν
1743 1212 1813 1247 ἀρε-

1011 1264 1060 1295 τὰς
1076 1262 1172 1294 δολίως
1188 1261 1383 1296 ὑποκριθέντα,
1400 1260 1548 1287 κάντεῦθεν
1568 1259 1682 1290 πολλοὺς
1704 1258 1811 1291 ἑξαπα-

1011 1310 1152 1345 τήσαντα·
1181 1308 1296 1342 Σέργιον
1326 1307 1372 1333 τὸν
1400 1306 1498 1341 ἐχθρὸν
1534 1306 1583 1332 τοῦ
1613 1304 1732 1340 σταυροῦ
1763 1304 1812 1330 τοῦ

1012 1354 1144 1391 Χριστοῦ,
1165 1354 1196 1381 τὸ
1211 1355 1261 1389 τῆς
1278 1353 1427 1385 ἀθεότητος
1452 1353 1550 1387 στόμα,
1566 1353 1612 1379 τὸν
1639 1352 1690 1387 τῆς
1707 1351 1812 1386 θεομὴ-

1011 1410 1090 1436 τορος
1113 1401 1160 1428 καὶ
1187 1401 1296 1427 πάντων
1318 1400 1373 1426 τῶν
1397 1399 1485 1433 ἁγίων
1517 1398 1670 1433 ὑϐριστήν·
1696 1397 1812 1432 Σέργιον

1012 1449 1058 1476 τὸν
1076 1447 1148 1484 [eod.
1165 1447 1185 1475 f.
1200 1447 1250 1475 I50
1262 1447 1302 1483 b.]
1318 1447 1467 1482 ἀντίμαχον
1482 1446 1537 1472 τῶν
1553 1444 1600 1471 τοῦ
1613 1443 1734 1480 Χριστοῦ
1747 1444 1812 1470 ἀπο-

1014 1495 1115 1522 στόλων
1149 1494 1195 1521 τὸν
1225 1494 1289 1525 τοὺς
1319 1494 1463 1529 προφήτας
1497 1492 1662 1528 μισήσαντα,
1685 1491 1733 1517 καὶ
1762 1490 1813 1521 τὰς

1014 1540 1089 1572 θείας
1115 1540 1228 1575 Γραφὰς
1247 1540 1469 1575 ἀποστραφέντα,
1487 1538 1535 1565 καὶ
1557 1538 1625 1573 πρὸς
1648 1537 1749 1573 μύθους
1764 1537 1814 1563 καὶ

162 1586 190 1613 in
216 1586 310 1621 gratia:
339 1585 473 1620 Spiritum
501 1585 619 1620 iniurius
645 1585 705 1612 fuit.
732 1585 844 1620 Sergius
854 1585 900 1620 qui
916 1592 960 1612 se-

1014 1586 1099 1622 ψεύδη
1120 1586 1294 1622 ἐκτραπέντα
1309 1593 1315 1601 ·
1333 1586 1445 1621 Σέργιον
1460 1585 1506 1612 τὸν
1530 1584 1577 1611 τοῦ
1591 1583 1711 1619 Χριστοῦ
1728 1592 1813 1618 μιση-

162 1631 252 1666 ipsum
270 1631 339 1658 dixit
355 1631 539 1662 Paracletum,
554 1635 582 1658 et
599 1631 710 1666 Tychici
729 1631 780 1658 sibi
793 1639 895 1659 nomen
912 1632 963 1659 im-

161 1677 264 1713 posuit,
281 1682 364 1712 atque
378 1685 392 1704 a
408 1677 466 1704 suis
478 1678 621 1712 discipulis
633 1685 684 1705 ceu
703 1678 824 1713 Spiritus
848 1683 962 1706 sanctus

160 1724 289 1751 adoratus
302 1723 373 1756 fuit;
390 1723 500 1759 Sergius
513 1724 686 1751 tenebrarum
704 1732 810 1757 amans,
824 1729 852 1752 et
868 1732 897 1752 se
919 1725 964 1752 ni-

163 1769 314 1798 hilominus
335 1770 503 1798 relncentem
531 1770 637 1797 stellam
660 1771 810 1806 appellans.
828 1771 883 1799 Sed
898 1772 962 1807 quid

162 1816 265 1852 plura?
284 1816 328 1843 vel
348 1824 398 1843 cur
412 1817 471 1844 haec
501 1817 573 1844 haud
600 1817 683 1844 citius
711 1818 867 1853 abrumpo?
897 1819 963 1846 Exi-

163 1861 247 1889 stimo
259 1861 333 1888 enim
344 1869 380 1888 ne
396 1861 557 1888 universum
574 1862 686 1896 quidem
702 1870 804 1894 aevum.
832 1864 963 1898 nequitiae

163 1907 223 1942 eius
243 1906 325 1942 digne
343 1907 506 1934 enarranda:
521 1907 589 1934 satis
602 1907 672 1935 fore.
691 1908 742 1936 Hie
756 1916 822 1945 ergo
839 1909 962 1945 Sergius,

163 1952 278 1988 juvenili
291 1952 382 1980 adhuc
396 1956 488 1985 tetate,
519 1952 663 1981 familiaris
690 1953 778 1982 factus
803 1955 964 1984 Manichaee

163 1998 272 2026 cuidam
293 1998 472 2030 mulierculae,
486 2003 569 2034 atque
586 1999 621 2027 ab
648 2007 678 2027 ea
708 2000 851 2036 deceptus,
885 2001 965 2029 Auli-

166 2044 262 2072 christi
275 2044 331 2080 37
352 2052 508 2079 praecursor
521 2046 634 2073 exstitit.
650 2046 876 2075 Consentaneum
885 2049 965 2084 quip-

165 2098 200 2126 pe
226 2090 277 2118 fuit
297 2095 328 2118 ut
349 2091 375 2118 hi
391 2091 558 2126 turpissima
585 2092 722 2120 haereseos
750 2094 882 2130 magistri,
900 2103 965 2130 par-

167 2136 215 2163 tim
228 2143 261 2163 ex
275 2136 422 2164 Saracenis
437 2137 552 2172 stirpem
573 2137 718 2171 ducerent,
744 2140 843 2174 partim
871 2141 964 2168 servili

169 2188 272 2217 genere
301 2186 407 2213 essent,
436 2182 535 2216 partim
563 2182 597 2209 de
629 2183 812 2212 fornicatione
838 2193 966 2213 crearen-

167 2231 223 2259 tur,
250 2226 350 2262 partim
373 2226 493 2262 denique
520 2235 535 2254 a
558 2227 668 2256 feminis
681 2236 804 2257 errorem
825 2231 966 2260 condisee-

168 2277 242 2301 rent.

1015 1632 1075 1668 τὴν,
1100 1633 1146 1660 τὸν
1167 1633 1218 1667 τῆς
1251 1632 1417 1666 Ἐκκλησίας
1443 1631 1584 1666 πολέμιον,
1602 1630 1647 1657 τὸν
1671 1630 1736 1656 Υίὺν
1763 1629 1813 1656 τοῦ

1015 1677 1083 1704 Θεοῦ
1109 1679 1356 1712 καταπατήσαντα,
1387 1678 1435 1704 καὶ
1455 1678 1485 1704 τὸ
1506 1674 1578 1712 αἷμα
1602 1677 1651 1711 τῆς
1677 1676 1815 1711 διαθήκης

1015 1724 1104 1751 κοινὸν
1116 1723 1123 1749 i
1144 1725 1328 1760 ἡγησάμενον,
1340 1724 1388 1751 καὶ
1412 1724 1443 1751 τὺ
1455 1723 1569 1759 Πνεῦμα
1580 1723 1629 1758 τῆς
1640 1723 1753 1758 χάριτος
1768 1723 1814 1749 ὲν-

1015 1771 1166 1806 υϐρίσαντα
1181 1780 1188 1787 ·
1222 1771 1335 1807 Σέργιον
1360 1771 1406 1797 τὸν
1430 1771 1526 1798 ἑαυτὸν
1555 1770 1734 1805 Παράκλητον
1766 1768 1814 1794 λέ-

1015 1825 1098 1852 γοντα
1117 1817 1186 1852 (36),
1202 1817 1320 1852 Τυχικόν
1340 1825 1370 1843 τε
1386 1816 1482 1843 ἑαυτὸν
1504 1815 1660 1842 καλέσαντα
1684 1813 1732 1840 καὶ
1759 1813 1816 1840 ὑπὸ

1014 1864 1071 1890 τῶν
1091 1864 1163 1890 ἰδίων
1187 1863 1316 1899 μαθητῶν
1336 1863 1373 1894 ὡς
1385 1862 1499 1897 Πνεῦμα
1512 1862 1589 1896 ἅγιον
1604 1859 1815 1897 προσκυνούμε-

1015 1918 1060 1936 νον
1074 1917 1082 1924 ·
1098 1909 1210 1945 Σέργιον
1225 1909 1271 1936 τὸν
1286 1909 1334 1935 τοῦ
1359 1908 1472 1940 σκότους
1495 1907 1631 1944 προσφιλῆ
1644 1928 1652 1940 ,
1671 1906 1718 1934 τὸν
1748 1906 1817 1932 ἑαυ-

1015 1955 1061 1983 τὸν
1073 1956 1228 1992 λυχνοφανῆ
1242 1957 1345 1991 ἀστέρα
1360 1956 1474 1989 λέγοντα
1490 1963 1497 1970 ·
1510 1955 1558 1981 καὶ
1572 1953 1599 1980 τί
1610 1953 1650 1980 ἔτι
1662 1953 1751 1987 λέγω,
1766 1953 1818 1979 καὶ

1015 2002 1046 2029 οῦ
1072 2002 1252 2038 συμπεραίνω
1264 2002 1372 2038 ταχέως
1385 2010 1394 2035 ;
1409 1998 1487 2036 οἶμαι
1501 2000 1569 2036 εγάρ
1584 2000 1625 2027 ὅτι
1648 1999 1704 2026 οὐδ’
1729 2000 1744 2025 ὁ
1758 1999 1817 2031 πᾶς

1016 2049 1086 2078 αίὼν
1111 2048 1162 2084 τὴν
1185 2048 1269 2076 αὐτοῦ
1288 2049 1389 2075 κακίαν
1406 2048 1526 2080 ἐπαξίως
1549 2047 1589 2083 τῷ
1602 2047 1710 2081 λέγοντι
1727 2047 1817 2081 ἐπαρ-

1016 2096 1091 2123 κέσοι
1105 2103 1112 2110 ·
1125 2091 1203 2126 οὗτος
1230 2095 1321 2121 τοίνυν
1342 2096 1356 2121 ό
1384 2094 1498 2129 Σέργιος
1523 2093 1564 2120 ἔτι
1583 2093 1647 2119 νέαν
1672 2094 1748 2126 ἄγων
1763 2092 1817 2127 τὴν

1017 2142 1136 2178 ἡλικίαν,
1152 2141 1315 2176 προσομιλεῖ
1344 2149 1398 2167 τινι
1431 2140 1543 2175 γυναικὶ
1573 2139 1640 2175 οῠσῃ
1657 2140 1689 2166 ἐκ
1722 2139 1815 2166 Μανι-

1017 2188 1102 2225 χαέων
1118 2197 1125 2204 ·
1146 2188 1195 2215 καὶ
1220 2188 1249 2221 es
1278 2187 1363 2222 αὐτῆς
1383 2186 1546 2222 ἀπατηθεὶς,
1567 2186 1673 2220 γίνεται
1697 2185 1818 2221 πρόδρο-

1019 2243 1069 2270 μος
1084 2234 1132 2262 τοῦ
1159 2234 1347 2270 Ἀντιχρίστου
1359 2242 1367 2250 ·
1379 2233 1434 2260 ἔδει
1450 2233 1505 2269 γὰρ
1530 2232 1594 2265 τοὺς
1618 2233 1670 2268 τῆς
1685 2232 1818 2268 ὲχθίστης

982 2274 1006 2302 Ῐ)
1020 2282 1153 2316 αἱρέσεως
1182 2281 1360 2312 διδασκάλους
1375 2299 1383 2312 ,
1415 2280 1479 2311 τοὺς
1509 2279 1557 2315 μὲν
1583 2280 1616 2306 ἐκ
1646 2277 1818 2314 Σαρακηνῶν

168 2319 348 2353 κατάγεσθαι,
371 2319 436 2351 τοὺς
464 2319 492 2346 δὲ
517 2320 548 2353 ἐξ
577 2320 693 2348 οἰκετῶν
715 2322 871 2359 ὑπάρχειν,
899 2327 962 2359 τοὺς
983 2327 1080 2360 ἄλλους
1113 2328 1147 2354 ἐκ
1168 2327 1297 2364 πορνείας
1327 2326 1510 2362 γεγεννῆσθαι
1543 2326 1570 2359 ιι,
1585 2326 1634 2352 καὶ
1649 2325 1763 2360 ἑτέρους
1783 2325 1818 2350 ἐκ

168 2365 309 2401 γυναικῶν
321 2365 523 2401 παρειληφέναι
535 2366 585 2402 τὴν
603 2367 708 2402 πλάνην
720 2369 787 2404 (57).

203 2413 323 2441 XXXIII.
339 2415 378 2441 Ne
391 2422 456 2442 vero
472 2415 614 2443 videamur
628 2420 730 2444 temere
746 2418 819 2446 hunc
831 2426 969 2455 accusare,

169 2469 214 2489 res
229 2461 315 2496 ipsius
331 2461 454 2497 singulas
473 2470 654 2498 exponemus.
682 2464 714 2491 Et
733 2465 823 2499 primo
845 2466 969 2495 dicemus

169 2507 307 2542 quomodo
323 2506 418 2534 infelix
434 2508 516 2535 homo
528 2508 560 2535 ad
574 2508 647 2535 hanc
668 2508 795 2537 haeresim
813 2511 970 2539 declinave-

169 2555 224 2588 rit;
240 2555 340 2583 deinde
352 2564 384 2583 ex
404 2557 491 2591 ipsius
505 2557 692 2590 sermonibus,
713 2559 842 2593 quisnam
856 2560 901 2587 hic
916 2561 968 2588 mi—

171 2601 303 2630 serrimus
319 2602 353 2630 sit
364 2603 408 2631 vel
425 2603 516 2638 potius
528 2603 622 2638 fuerit,
636 2604 724 2640 palam
741 2605 884 2634 faciemus.
899 2607 969 2634 Huic

1056 2421 1119 2449 AI".
1141 2422 1200 2448 ’Ὶνα
1217 2421 1245 2448 δὲ
1270 2421 1308 2457 μὴ
1324 2421 1445 2455 δόξωμεν
1462 2421 1502 2453 είς
1532 2420 1622 2456 μάτην
1649 2420 1818 2454 κατηγορεῖν

1020 2467 1114 2501 αὐτοῦ,
1127 2468 1162 2495 τὰ
1189 2468 1254 2503 περὶ
1280 2467 1363 2494 αὐτοῦ
1393 2467 1516 2503 μερικῶς
1536 2465 1732 2502 διηγησόμεθα
1748 2473 1756 2479 ·
1770 2466 1820 2493 καὶ

1019 2515 1127 2550 πρῶτον
1160 2510 1209 2550 μὲν
1234 2514 1357 2549 εἴπωμεν
1386 2513 1473 2545 ὶπῶς
1498 2514 1512 2540 ὁ
1537 2512 1628 2545 ἄθλιος
1652 2513 1693 2543 εἰς
1714 2511 1820 2547 ταύτην

1025 2561 1162 2597 ἐξετράπη
1193 2561 1242 2597 τὴν
1259 2562 1368 2596 αἵρεσιν
1382 2569 1390 2576 ”
1411 2559 1462 2588 εἷο*
1485 2560 1572 2592 οὕτως
1592 2561 1625 2586 ὲκ
1638 2559 1694 2586 τῶν
1709 2559 1819 2586 οίκείων

1021 2607 1104 2635 αὐτοῦ
1121 2607 1220 2642 λογίων
1234 2608 1449 2644 παραστήσωμεν
1464 2606 1557 2639 ὁποῖός
1570 2606 1613 2638 τίς
1630 2607 1701 2640 ἐστι,
1715 2604 1820 2642 μᾶλλον

820 2710 939 2739 VARl/E
959 2710 1162 2740 LECTIONES.

210 2780 225 2800 ιι
243 2779 314 2809 Cod.
330 2780 450 2816 πλήρης.
494 2781 501 2800 i
518 2779 550 2806 Β.
567 2779 621 2807 διά.
662 2779 669 2805 i
688 2779 756 2809 Cod.
772 2781 878 2809 καινόν.
917 2782 931 2802 Ιί
948 2782 981 2811 R.
993 2763 1170 2818 γεγενῆσθαι.
1217 2782 1224 2802 ι
1240 2782 1311 2810 Cod.
1323 2782 1447 2819 εῐπομεν.

208 2859 263 2894 (56)
279 2860 336 2897 Hoc
346 2860 541 2897 locoliatlcrus
556 2860 676 2888 defuisse
691 2860 758 2888 dicit
771 2861 797 2889 in
810 2863 957 2897 exemplari

169 2893 267 2933 _Gra_.-co_
284 2895 419 2933 Sirmondi
433 2897 514 2923 verba
532 2897 608 2931 plura
619 2903 705 2933 usque
728 2896 760 2933 ad
778 2897 825 2923 τοῦ
845 2893 957 2931 σκότους

169 2929 313 2957 inclusive.
325 2930 379 2958 Sed
395 2929 540 2967 utcunque
553 2939 585 2959 ea
599 2939 643 2959 res
653 2929 682 2959 se
693 2931 803 2966 habeat,
820 2933 848 2961 in
861 2929 958 2963 codice

1015 2866 1126 2901 quidem
1137 2866 1199 2894 Vat.
1210 2865 1447 2901 underexscripsit
1457 2864 1632 2897 Sirmondus,
1643 2865 1711 2892 nihil
1722 2865 1813 2892 deest.

1051 2902 1108 2937 (57)
1128 2901 1198 2929 Sunt
1226 2902 1254 2928 hi
1284 2900 1606 2937 SpythianustManes,
1637 2901 1817 2936 Aphronetus

1013 2935 1162 2972 Bathancs,
1178 2937 1300 2973 Sergius,
1315 2935 1346 2964 ut
1358 2944 1390 2964 ex
1402 2936 1541 2972 praedictis
1553 2935 1672 2964 constat.
