1948 3070
132 188 200 222 ιξςο

706 183 890 214 HISTORIA
910 176 1216 213 MANICH/EORUM.

1704 166 1776 212 iace

130 251 157 276 δὲ
173 247 207 285 ἦν
227 249 240 274 ὁ
255 238 425 277 πανάθλιος·
441 241 519 275 οὗτος
534 242 624 269 τοίνυν
647 241 686 268 ἔτι
710 241 773 267 νέαν
787 240 862 274 ἄγων
879 240 930 274 τὴν

988 239 1088 274 itaque,
1105 237 1220 274 juvenili
1235 237 1326 266 adhuc
1346 241 1437 271 θείοιο,
1456 237 1570 274 contigit
1584 238 1613 266 in
1629 244 1778 266 consuetu-

132 296 241 331 ἡλικίαν
267 293 367 327 συνέϐη
395 293 424 318 ὲν
455 289 586 325 συντυχίᾳ
604 288 692 315 mm
712 287 832 323 ἀσέμνου
857 286 929 318 τινος

132 339 270 375 γυναικὸς,
281 337 364 373 οὔσης
373 338 405 364 ἐκ
415 335 489 372 [cod.
501 335 520 362 I'.
536 333 598 369 104]
611 332 792 368 Μανιχαῖκῆς,
803 332 842 364 ὡς
852 331 929 366 εἴρη-

133 395 189 418 ται,
209 385 358 421 αἱρέσεως’
373 384 389 419 ἡ
406 382 435 409 δὲ
450 381 497 408 τοῦ
511 380 635 408 διαϐόλου
653 379 793 414 μαθήτρια
809 377 928 413 πανοῦρ-

134 442 181 468 γος
196 433 358 468 ὑπάρχουσα
379 429 426 456 καὶ
456 427 582 459 ὕπουλος,
599 426 674 459 λέγει
703 423 777 459 αὑτῷ
792 432 799 439 ·
825 423 929 450 ’Λκούω

135 479 201 515 περὶ
217 478 277 511 σοῦ,
296 476 376 512 κύριε
403 475 510 508 Σέργιε,
525 473 566 500 ὅτι
589 473 618 499 ὲν
638 472 780 506 ἐπιστήμῃ
798 469 929 506 γραμμά-

133 534 186 552 των
202 526 250 552 καὶ
261 522 430 552 παιδεύσεως
447 520 550 552 πέλεις,
563 519 611 546 καὶ
630 517 732 552 ἀγαθὸς
751 517 822 544 κατὰ
838 517 928 543 πάντα

134 573 268 607 ὑπάρχεις
294 569 448 604 ἄνθρωπος.
464 566 534 593 Εἰπὲ
561 565 608 592 οὖν
635 562 747 600 μοι,ῐνα
763 563 789 589 τί
811 563 845 590 τὰ
869 562 929 590 θεῖα

133 619 183 644 οὐκ
209 615 408 649 ἀναγινώσκεις
438 611 614 646 Εὐαγγέλια;
653 610 682 637 Ὁ
705 610 734 636 δὲ
756 610 812 640 τοῖς
839 608 929 643 λόγοις

134 663 221 697 αὐτῆς
236 661 404 696 κεπφωθεὶς,
422 659 460 694 μὴ
487 657 631 693 γινώσκων
654 655 772 691 μάλιστα
786 655 833 681 τὸν
847 656 928 688 ἐγκε-

134 708 292 744 κρυμμένον
304 707 352 741 τῆς
362 705 461 736 κακίας
479 704 518 730 ἱὸν
534 707 555 723 ω
565 703 595 729 ὲν
609 702 689 737 αὐτῇ,
701 701 787 734 λέγει·
801 701 857 727 Οὐκ
869 700 928 733 ἑξε-

135 763 192 781 στιν
207 754 272 789 ἡμῖν
285 752 427 785 κοσμικοῖς
442 748 517 777 οὖσιν
532 748 619 776 ταῦτα
630 746 839 782 ἀναγινώσκειν,
853 746 877 772 εἰ
891 745 928 781 μὴ

133 803 190 832 τοῖς
200 799 303 836 ἱερεῦσι
315 803 329 817 1³
342 798 443 834 μόνοις·
457 797 474 831 ἠ
486 795 514 822 δέ
526 803 593 830 φησι
605 794 673 829 πρὸς
684 793 774 820 αὐτόν’
787 793 845 819 Οὐκ
856 791 929 818 ἐστιν

137 847 235 878 οὕτως,
248 845 286 877 ὡς
303 845 334 872 σὺ
345 842 549 878 ὑπολαμϐάνεις
565 849 572 856 '
587 841 616 867 οὺ
632 840 687 876 γάρ
705 840 763 866 ἐστι
781 846 928 874 προσωπο-

133 893 215 927 ληῲία
228 891 304 927 παρὰ
316 890 356 926 τῷ
370 889 431 925 Θεῷ
440 898 447 905 ο
465 888 585 921 Πάντας
599 887 654 921 γὰρ
669 886 749 914 θέλει
765 884 902 920 σωθῆναι
912 885 929 911 ὁ

134 919 251 974 Ιςιῖιριος,
263 919 320 972 imi;
333 919 377 969 εἰς
391 919 559 970 ἑπιίγνωσιν
573 919 723 966 idin-Oetae
738 931 855 959 ἐλθεῖν·
872 930 930 958 ἀλλ’
948 919 968 946 Β

133 985 227 1020 ἐπειδὴ
241 984 265 1011 οἱ
299 984 382 1019 ἱερεῖς
404 981 482 1016 ὑμῶν
503 979 706 1015 καπηλεύονται
730 979 775 1005 τὸν
801 978 848 1005 τοῦ
861 976 929 1004 Θεοῦ

133 1033 221 1066 λόγον,
240 1031 287 1058 καὶ
314 1030 349 1057 τὰ
365 1030 393 1056 ὲν
405 1028 581 1062 Εὐαγγελίοις
599 1026 738 1062 μυστήρια
754 1024 930 1060 ἀποκρύϐου-

134 1087 187 1109 σιν,
219 1077 264 1104 διὰ
285 1075 364 1103 τοῦτο
375 1075 426 1102 οὐκ
449 1072 684 1108 ἀναγινώσκουσιν
699 1073 738 1103 εἰς
769 1071 890 1106 ὑπήκοον
917 1073 931 1087 ο

133 1123 211 1158 ὑμῶν
225 1123 259 1149 τὰ
279 1123 309 1148 ὲν
329 1121 420 1152 αὐτοῖς
443 1118 627 1154 γεγραμμένα
650 1117 758 1144 ἅπαντα
775 1124 781 1130 ·
799 1116 868 1143 ἀλλὰ
895 1115 930 1142 τὰ

135 1170 196 1205 μὲν,
208 1169 264 1200 ναὶ,
291 1169 326 1195 τὰ
342 1168 381 1201 δὲ,
399 1166 431 1194 οὗ
448 1173 456 1182 ⁵
467 1167 541 1197 ὅπως
558 1165 596 1200 μὴ
615 1164 711 1199 ἑλοητε
722 1165 763 1195 εἰς
783 1162 931 1197 ἐπίγνωσιν

135 1216 264 1252 ἀληθείας
278 1223 285 1231 ο
302 1214 458 1249 γέγραπται
471 1212 535 1248 γὰρζ
548 1213 576 1238 ὲν
591 1211 692 1242 αὺτοῖς.
705 1211 745 1236 ὅτι
766 1209 817 1236 Ἐν
827 1209 930 1243 ἐκείνῃ

135 1261 172 1295 τῇ
188 1260 283 1296 ἡμέρᾳ
297 1258 378 1291 τινὲς
404 1258 519 1292 ἐροῦσι,
541 1256 638 1290 Κύριε,
663 1256 762 1289 Κύριε,
779 1256 815 1282 οὺ
834 1252 874 1286 τῷ
885 1253 931 1286 σῷ

137 1307 261 1341 ὀνόματι
292 1305 433 1340 δαιμόνια
468 1303 674 1337 ἐξεϐάλομεν,
706 1301 754 1328 καὶ
788 1299 932 1335 δυνάμεις

135 1351 254 1384 πολλὰς
279 1350 468 1384 ἐποιήσαμεν
483 1357 492 1381 ;
510 1349 556 1375 καὶ
570 1347 730 1382 ἀποκριθεὶς
752 1347 765 1372 ὁ
793 1346 929 1381 βασιλεὺς,

135 1399 194 1432 ὲρεί
203 1398 295 1428 αὐτοῖς
307 1405 315 1412 ·
334 1396 419 1432 ’Δμὴν
431 1395 505 1431 ἀμὴν
523 1395 595 1429 λέγω
606 1395 680 1429 ὑμῖν,
695 1394 747 1420 οὐκ
761 1390 820 1419 οἶδα.
834 1393 907 1427 ὑμᾶς
921 1401 928 1408 ⁸

137 1445 285 1480 ὲρεύνησον
304 1444 352 1470 καὶ
369 1444 417 1476 ῐδε,
434 1443 465 1469 οὐ
481 1442 639 1478 γέγραπται
662 1441 748 1472 οὕτως
766 1450 773 1474 ;
806 1441 853 1467 καὶ
874 1441 948 1471 τίνες

981 285 1072 312 dinem
1088 285 1234 312 incurrere
1250 284 1404 311 inhonesta:
1423 283 1566 319 cujusdam
1590 283 1710 317 feminae,
1730 292 1776 313 se-

981 336 1024 359 cta
1041 336 1071 358 ut
1092 331 1211 358 diximus
1227 329 1395 363 Manichaee,
1416 338 1477 365 quae
1502 330 1603 358 diaboli
1622 328 1719 359 callida
1745 339 1778 360 ac

981 376 1074 403 dolosa
1102 375 1236 411 discipula
1260 375 1297 402 ait
1310 375 1349 402 illi
1368 384 1373 402 :
1389 375 1478 403 Audio
1490 380 1527 408 te,
1550 376 1661 404 domine
1688 376 1776 412 Sergi,

980 421 1079 448 litteris
1091 421 1298 456 disciplinisque
1311 421 1463 455 eruditum,
1478 427 1506 450 et
1519 423 1660 458 egregium
1674 431 1778 459 usque-

980 473 1088 500 quaque
1103 466 1201 493 virum.
1227 466 1274 493 Dic
1299 473 1365 502 ergo
1380 466 1459 499 mihi,
1474 475 1525 495 cur
1539 468 1632 496 divina
1652 468 1777 505 Evange-

980 510 1015 538 lia
1027 518 1083 538 uon
1097 511 1182 547 legas.
1198 511 1245 538 Ille
1260 519 1325 539 vero
1344 512 1426 547 hujus
1442 512 1533 540 verbis
1556 513 1699 550 deceptus,
1729 524 1778 544 ne-

980 566 1033 594 que
1052 559 1140 586 latens
1151 566 1289 587 venenum
1307 560 1438 594 sentiens,
1460 562 1602 597 respondit
1621 571 1628 590 :
1644 562 1703 591 Non
1715 564 1778 593 licet

979 605 1128 633 mundanis
1142 606 1222 633 nobis
1237 607 1296 634 hace
1306 607 1406 642 legere,
1424 608 1472 635 sed
1483 610 1673 638 tantummodo
1687 617 1779 639 sacer-

979 651 1100 679 dotibus.
1116 651 1268 688 Respondit
1288 653 1334 681 illa
1347 663 1355 679 ε
1373 653 1434 681 Νοη
1449 654 1486 682 ita
1514 663 1544 683 se
1570 664 1614 684 res
1638 657 1731 691 habet,
1748 664 1779 686 ut

980 697 1067 730 reris;
1096 699 1160 733 quia
1185 707 1241 727 non
1266 705 1310 727 est
1336 705 1519 735 perSonarum
1550 703 1675 738 acceptio
1704 705 1776 740 apud

980 743 1067 772 Deum
1084 754 1091 772 :
1110 745 1170 772 Vult
1189 746 1259 773 enim
1273 746 1402 774 Dominus
1417 755 1505 775 omnes
1518 748 1605 776 salvos
1618 749 1688 784 ﬁeri,
1702 757 1726 777 et
1743 752 1779 778 ad

980 790 1100 817 veritatis
1115 791 1278 826 agnitionem
1291 793 1380 820 venire
1394 791 1428 820 ".
1446 792 1501 821 Sed
1527 793 1592 828 quia
1618 795 1778 824 sacerdotes

980 837 1064 864 vestri
1081 837 1205 865 divinum
1222 837 1344 865 Verbum
1358 839 1473 874 quaestui
1486 840 1600 873 habent,
1613 846 1641 869 et
1653 840 1780 878 Evange-

980 883 1080 911 liorum
1095 884 1223 919 mysteria
1238 884 1337 917 celant,
1356 889 1502 920 propterea
1518 886 1553 913 ad
1569 894 1651 915 aures
1673 894 1779 917 vestras

983 937 1038 957 non
1055 931 1158 966 legunt,
1175 938 1235 965 qua:
1248 930 1276 957 in
1287 930 1340 958 illis
1352 931 1512 959 scribuntur
1528 933 1641 967 omnia;
1659 934 1709 962 sed
1726 935 1780 963 alia

982 975 1092 1011 quidem
1107 976 1211 1011 utique,
1226 977 1278 1003 alia
1295 976 1422 1010 minime,
1442 984 1477 1004 ne
1500 977 1534 1005 ad
1557 978 1682 1008 veritatis
1705 981 1780 1008 noti-

984 1023 1050 1050 tiam
1077 1023 1253 1057 perveniatis.
1275 1023 1413 1058 Scriptum
1430 1024 1503 1052 enim
1523 1025 1550 1052 in
1569 1025 1623 1053 illis
1647 1031 1690 1054 est
1720 1027 1781 1056 fore

983 1073 1013 1096 ut
1028 1068 1073 1095 illa
1093 1069 1137 1095 die
1152 1069 1275 1096 nonnulli
1295 1069 1387 1097 dicant
1400 1078 1407 1097 τ
1418 1070 1541 1104 Domine,
1555 1071 1679 1106 Domine,
1696 1081 1782 1100 nonne

982 1114 1011 1141 in
1026 1114 1132 1141 nomine
1146 1118 1191 1141 tuo
1206 1115 1339 1151 dwmonia
1350 1115 1486 1150 ejecimus,
1505 1122 1529 1144 et
1552 1118 1662 1146 virtutes
1681 1120 1781 1148 multas
1817 1105 1824 1112 '

981 1160 1147 1194 patravimus
1165 1160 1209 1187 “?
1228 1160 1467 1197 Respondebitque
1493 1171 1540 1191 rex
1556 1172 1563 1191 :
1577 1164 1664 1192 Amen
1676 1186 1683 1198 ,
1700 1173 1782 1194 amen

981 1205 1044 1233 dico
1063 1206 1152 1239 vobis,
1175 1206 1271 1234 nescio
1287 1214 1345 1234 vos.
1368 1207 1499 1236 Scrutare
1513 1209 1595 1244 igitur
1610 1215 1638 1238 et
1654 1211 1758 1247 dispice
1771 1234 1779 1246 ,

982 1260 1074 1280 nonne
1090 1254 1127 1280 ita
1143 1254 1277 1288 scriptum
1291 1254 1353 1282 est?
1377 1254 1496 1288 Quinam
1512 1264 1577 1285 vero
1596 1263 1662 1286 sunt
1679 1259 1706 1287 hi
1718 1261 1782 1296 qui-

982 1299 1034 1326 bus
1050 1298 1181 1326 Dominus
1193 1299 1276 1331 dicet,
1289 1307 1344 1327 non
1359 1301 1423 1328 novi
1440 1302 1510 1330 vos?
1535 1301 1582 1331 Ille
1596 1309 1687 1332 autem
1714 1305 1785 1334 insi-

983 1345 1181 1381 pientissiuius
1214 1345 1397 1381 indoctusque
1425 1355 1488 1375 cum
1516 1353 1610 1383 esset,
1643 1352 1785 1388 ambigens

985 1392 1094 1419 silebat.

985 1439 1052 1467 εἰσὶν
1083 1436 1156 1466 οὗτοι
1185 1439 1256 1476 πρὸς
1281 1438 1328 1471 οὓς
1356 1441 1371 1468 ὁ
1397 1441 1501 1477 Κύριος
1524 1442 1617 1477 λέξει,
1639 1445 1697 1473 Οὐκ
1724 1445 1783 1474 οἶδα

138 1492 228 1526 (apii;
248 1491 263 1517 ὁ
286 1491 314 1516 δὲ
336 1490 508 1524 ἀλογώτατος
533 1488 640 1524 ἀμαθὴς
671 1487 720 1520 ὢν,
735 1486 914 1522 ἐξαπορηοεὶς
932 1485 1049 1513 ἐσιώπα.

173 1539 234 1565 ΛΔ’.
255 1537 336 1564 Ἐστι
370 1536 399 1563 δὲ
426 1537 477 1572 τὴν
504 1535 652 1572 ἑρμηνείαν
680 1534 727 1561 τοῦ
753 1532 932 1568 εὐαγγελικοῦ

139 1583 221 1620 ῥητοῦ
243 1583 329 1614 οὓτως
344 1584 440 1619 νοῆσαι
456 1583 511 1618 (38)
527 1592 535 1599 -
560 1582 613 1609 εἰσί
624 1590 696 1613 τινες
714 1582 796 1616 μέχρι
820 1582 869 1616 si}:
886 1581 936 1616 σή-
951 1572 972 1602 C

141 1640 172 1666 με
179 1639 223 1666 ρον
236 1630 343 1666 ἡμέρας
361 1630 387 1656 οἵ
397 1638 470 1661 τινες
479 1629 528 1664 τὴν
547 1629 575 1655 ὲν
587 1628 699 1664 Χριστῷ
716 1628 855 1654 πολιτείαν
873 1636 938 1653 κατ-

141 1679 243 1712 έχουσι.
257 1676 443 1709 καὶλδοκοῦσιν
454 1676 575 1707 εὐσεϐῶς
591 1675 640 1710 ζῇν
654 1682 661 1688 ·
676 1675 720 1701 διὰ
732 1675 760 1700 δὲ
771 1674 821 1706 τῆς
830 1674 940 1709 ἐπῳδῆς

141 1723 229 1748 οἴδασι
256 1722 386 1753 πολλάκις
409 1722 457 1749 καὶ
477 1721 607 1755 δαίμονας
636 1720 810 1755 φυγαδεύειν,
827 1721 875 1746 καὶ
895 1729 938 1746 νο-

144 1769 255 1803 σήματα
268 1768 315 1794 λαὶ
331 1767 405 1801 πάθη
418 1766 581 1802 Θεραπεύειν
596 1775 603 1781 ·
613 1766 739 1802 καθάπερ
752 1766 836 1793 πάλαι
850 1766 876 1792 οἱ
892 1764 940 1792 τοῦ

141 1815 232 1841 Σκευᾶ
240 1813 317 1849 υἱοὶῆ
331 1813 356 1840 oi.
369 1812 510 1847 λεγόμενοι
522 1812 677 1848 ἐξορκισταί
688 1821 694 1826 ·
707 1813 744 1844 ὡς
756 1813 784 1839 ὲν
796 1814 854 1844 ταῖς
866 1812 939 1848 Πρά-

142 1861 201 1894 ξεσι
221 1859 275 1886 τῶν
301 1858 461 1886 ἀποστόλων
487 1858 664 1893 γέγραπται,
683 1858 725 1885 ὅτι
753 1857 940 1893 ὲξορκίζοντες

141 1907 206 1938 τοὺς
223 1905 461 1941 δαιμονιζομένους
483 1904 792 1940 ἔλεγον-Ἐξορκίζομεν
806 1904 876 1939 ὑμᾶς
895 1904 941 1930 τὸν

143 1952 261 1988 Χριστὸν
272 1952 301 1979 ὅν
314 1951 421 1983 Παῦλος
437 1950 571 1986 κηρύσσει
584 1956 608 1983 1³,
626 1950 749 1982 ἐξὲλθετε
775 1951 807 1976 ὲκ
825 1950 880 1976 τῶν
899 1950 943 1976 ἁν-

144 1999 283 2035 Ορώπων⁶
302 1999 327 2025 oi
355 1998 385 2025 δὲ
408 1997 536 2033 δαίμονες
561 1996 601 2033 τῷ
622 1996 697 2032 φόϐῳ
722 1996 773 2030 τῆς
793 1996 942 2031 ὀνομασίας

145 2045 278 2082 Χριστοῦ,
294 2044 495 2080 ὲφυγαδεύοντο
505 2052 512 2059 ”
526 2043 612 2076 οὕτως
622 2043 670 2070 καὶ
685 2042 733 2070 νῦν
746 2041 941 2075 τινεςποιοῠσι,

146 2093 196 2120 καὶ
218 2092 348 2127 ἀγνοῦσιν
368 2093 410 2119 ὃτι
442 2092 486 2118 διὰ
506 2091 557 2126 τῆς
577 2090 687 2125 ἐπῳδῆς
716 2089 881 2117 ἐκπίπτουσι
894 2089 942 2124 τῆς

145 2138 252 2165 ἑαυτῶν
276 2136 415 2174 σωτηρίας
433 2145 440 2152 '
454 2137 481 2163 οι
509 2135 537 2162 δὲ
563 2135 765 2171 κράξονταιῗὲν
791 2135 884 2170 ἐκείνῃ
908 2135 942 2169 τῇ

146 2184 240 2219 ἡμέρᾳ
251 2183 388 2218 λέγοντες,
406 2182 506 2218 Κύριε,
529 2181 627 2217 Κύριε,
644 2181 680 2208 οὐ
703 2179 743 2213 τῷ
757 2180 803 2213 σῷ
820 2180 943 2215 ὀνόματι

146 2227 286 2262 δαιμόνια
311 2227 496 2263 ἐξεϐάλομεν
522 2242 556 2262 ιι,
580 2226 630 2253 καὶ
652 2225 796 2260 δυνάμεις
824 2225 944 2258 πολλὰς

147 2273 337 2309 ἐποιήσαμεν
349 2282 357 2307 ;
370 2274 425 2300 Καὶ
438 2272 600 2308 ἀποκριθεὶς
611 2273 625 2298 ὁ
640 2271 752 2308 Κύριος,
761 2272 820 2307 ὲρεῖ
832 2271 923 2303 αὐτοῖς
936 2279 943 2286 ·

158 2321 247 2356 Ἀμὴν
260 2321 334 2356 ἀμὴν
348 2321 422 2354 λέγω
438 2320 513 2355 ὑμῖν,
530 2320 580 2346 οὐκ
600 2317 658 2346 οἶδα
676 2319 758 2354 ὑμᾶς.
777 2319 838 2345 Εἰσὶ
856 2317 884 2345 δὲ
898 2318 945 2345 καὶ

149 2368 252 2403 ἕτεροι,
264 2367 374 2398 οἵτινες
387 2367 531 2401 μοναδικὺν
556 2366 613 2402 βίον
628 2367 675 2393 καὶ
694 2365 880 2400 ἀνεπίληπτον
900 2365 946 2392 ἁν-

149 2413 278 2440 ελάὂοντο
304 2412 353 2448 μὲν
364 2433 371 2445 ,
387 2413 514 2438 ἐνέπεσον
531 2412 558 2438 δὲ
571 2412 601 2444 ἐξ
620 2412 731 2447 ἀγνοίας
746 2411 794 2439 καὶ
812 2411 946 2446 ἁμαοείας

151 2460 192 2490 εἰς
213 2459 345 2494 αἱρέσεις,
358 2459 405 2485 καὶ
430 2458 476 2485 διὰ
494 2458 574 2485 τοῦτο
588 2459 638 2493 τῆς
648 2459 702 2484 τῶν
726 2457 849 2493 οὐρανῶν
865 2461 877 2477 ³
889 2458 946 2493 ξοὺκ

151 2505 343 2538 ἐπιτεύξονται
369 2504 519 2540 βασιλείας.
550 2505 609 2530 Ἵνα
636 2504 664 2531 δὲ
689 2505 772 2540 μηδὲν
801 2504 949 2536 αὐτοῖςῑὲν

152 2550 245 2585 ἐκείνῃ
259 2552 291 2585 τῇ
304 2550 396 2586 ἡμέρᾳ
409 2549 486 2585 παρὰ
507 2548 555 2576 τοῦ
568 2549 673 2576 δικαίου
697 2549 792 2585 κριτοῦ
805 2549 947 2585 χρεωστῆ-

961 2255 983 2282 D

1023 1532 1079 1568 38
1097 1530 1217 1567 XXXIV.
1237 1532 1344 1568 Reapse
1358 1537 1448 1562 tamen
1460 1536 1610 1572 evangelici
1624 1539 1689 1567 dicti
1712 1540 1784 1570 hanc

989 1586 1051 1606 esse
1067 1578 1323 1613 interpretationem
1340 1584 1468 1615 repulare
1485 1581 1558 1610 licet.
1577 1583 1706 1613 Nonnulli
1719 1594 1785 1616 sunt

990 1632 1078 1659 usque
1098 1625 1131 1652 ad
1150 1630 1273 1660 tempora
1300 1630 1406 1658 nostra,
1431 1628 1477 1662 qui
1500 1628 1671 1659 Christianos
1693 1641 1786 1663 mores

990 1679 1046 1706 pra:
1057 1679 1086 1698 se
1098 1671 1200 1703 ferunt,
1223 1672 1406 1707 religioseque
1421 1674 1550 1703 videntur
1567 1677 1673 1711 vivere;
1702 1685 1786 1708 caete-

991 1724 1052 1743 rum
1064 1721 1092 1744 et
1107 1716 1320 1745 incantamentis
1347 1719 1512 1753 quibusdam
1546 1730 1618 1758 saepe
1647 1725 1786 1755 daemones

991 1761 1086 1797 fugare
1108 1763 1207 1796 solent,
1232 1768 1259 1790 et
1282 1764 1460 1799 aegritudines
1485 1768 1654 1805 morbosque
1671 1779 1786 1808 curare;

991 1809 1067 1836 sicut
1100 1809 1165 1836 olim
1182 1809 1275 1837 Scene
1299 1811 1346 1838 ﬁlii
1359 1812 1392 1845 η,
1415 1813 1473 1841 sive
1484 1814 1530 1849 qui
1548 1817 1694 1846 exorcistae
1708 1820 1784 1848 dicc-

991 1855 1102 1903 bautur,
1119 1861 1148 1883 ut
1164 1856 1191 1882 iu
1214 1857 1401 1892 apostolorum
1425 1860 1539 1888 Actibus
1558 1863 1698 1898 scribitur,
1723 1869 1785 1903 qui.

991 1909 1045 1936 quc
1067 1902 1448 1934 daemoniacos.cxorcizando
1471 1908 1602 1937 aiebant:
1623 1911 1787 1947 Adjurauuts

992 1955 1041 1975 vos
1055 1956 1102 1982 per
1115 1948 1254 1976 Christum
1269 1959 1349 1985 quem
1376 1951 1479 1980 Paulus
1494 1956 1623 1989 pradicet
1639 1967 1645 1984 :
1663 1960 1733 1987 exite
1753 1962 1787 1988 de

993 1992 1152 2021 hominibus
1171 2001 1178 2020 τ
1193 1994 1332 2023 dzcmones
1347 2000 1439 2024 autem
1461 2004 1536 2027 metu
1552 2003 1672 2032 nominis
1687 2005 1787 2035 Christi

994 2038 1143 2074 fugiebant.
1159 2039 1204 2067 Sic
1224 2048 1300 2068 nunc
1323 2042 1406 2070 etiam
1423 2044 1547 2073 nonnulli
1568 2054 1670 2083 agunt;
1701 2054 1786 2080 nescii

994 2090 1096 2118 tamen,
1110 2093 1139 2114 se
1152 2091 1263 2122 propter
1284 2088 1489 2119 incantamenta
1504 2092 1599 2122 salutis
1614 2103 1670 2124 suae
1697 2098 1787 2133 jactu-

994 2139 1051 2158 ram
1064 2131 1165 2160 facere.
1186 2133 1231 2160 Isti
1241 2133 1346 2162 scilicet
1362 2135 1406 2163 illa
1415 2137 1625 2168 dieclamabunt
1639 2131 1762 2173 dicentes
1781 2157 1787 2173 :

994 2179 1116 2213 Domine,
1134 2180 1256 2213 Domine,
1289 2190 1374 2210 nonne
1398 2183 1426 2210 in
1454 2185 1560 2213 nomine
1583 2192 1627 2215 tuo
1656 2189 1789 2220 dwmoniu

995 2226 1119 2261 ejecimus
1135 2231 1158 2254 et
1178 2228 1287 2255 virtutes
1310 2229 1408 2257 multas
1426 2232 1615 2266 patravimus?
1630 2235 1790 2272 Responde-

996 2273 1090 2308 bitque
1108 2274 1259 2302 Dominus:
1286 2275 1383 2311 Amen,
1403 2285 1483 2306 amen
1499 2278 1562 2308 dico
1593 2282 1680 2316 vobis,
1698 2287 1792 2313 nescio

997 2328 1057 2368 vos.
1072 2321 1151 2368 “Sunt
1164 2326 1191 2349 et
1202 2320 1246 2349 alii
1259 2323 1370 2358 quidam
1390 2324 1437 2360 qui
1455 2326 1605 2356 solitariam
1623 2335 1650 2357 et
1671 2330 1792 2368 irrepre-

999 2365 1164 2393 hensibilem
1189 2367 1273 2395 vitam
1291 2368 1410 2404 amplexi
1430 2370 1556 2406 fuerant;
1584 2374 1632 2402 sed
1650 2365 1794 2406 lautior-tiu-

999 2412 1076 2439 scitia
1093 2420 1142 2440 sua
1157 2421 1190 2441 ac
1203 2414 1321 2442 ruditate
1333 2415 1361 2443 iu
1379 2416 1497 2446 haereses
1520 2419 1689 2457 inciderunt,
1719 2424 1795 2452 idco-

1000 2465 1054 2492 que
1068 2459 1201 2486 caelorum
1219 2468 1331 2495 regnum
1345 2469 1400 2489 non
1416 2470 1631 2500 consequentur.
1650 2468 1688 2496 Ne
1703 2475 1794 2499 autem

1004 2505 1153 2540 quidquam
1165 2506 1209 2533 illa
1224 2506 1268 2534 die
1280 2507 1457 2544 justojudicc
1477 2510 1619 2546 debeatur,
1635 2514 1706 2544 dona
1721 2525 1797 2545 nunc

1003 2552 1151 2580 sanitatum
1169 2552 1309 2589 accipiunt
1324 2564 1331 2588 ;
1348 2561 1377 2584 ut
1395 2564 1457 2585 cum
1473 2565 1568 2594 postea
1593 2561 1772 2592 clamaveriut
1789 2577 1795 2594 :

189 2619 212 2635 ⁸ο
231 2619 238 2646 Ι
254 2619 327 2646 Tim.
345 2627 375 2650 ll,
394 2619 421 2645 4.
459 2619 480 2633 “
498 2617 592 2645 Matth.
612 2626 659 2651 vn,
673 2618 720 2646 2‘2.
758 2618 779 2634 “
799 2620 859 2646 Att.
881 2627 935 2652 xtx,

990 2621 1090 2656 ,is.;

804 2686 922 2714 VARI/li
942 2687 1148 2717 LECTIONES.

155 2801 224 2819 πων.

213 2749 230 2760 “¹
247 2744 279 2772 Β,
300 2745 367 2772 υἱόν.
407 2744 464 2770 “ll,
482 2745 588 2779 ἱερεῑτι.
627 2747 641 2761 ο
659 2743 690 2770 R.
715 2745 861 2780 ὑπήκοουν.
901 2745 960 2774 PR.
975 2747 1115 2783 κηρύττει.
1154 2754 1168 2773 ιι
1185 2747 1217 2777 ﬂ.
1243 2750 1404 2786 ἐκϐάλομεν.
1447 2757 1456 2770 τ
1474 2752 1506 2779 Β.
1540 2759 1567 2781 ct
1598 2757 1660 2784 cod.
1692 2759 1797 2788 ἁνθοώ-

919 2839 1038 2869 ΝΟΤᾸΞ.

193 2884 248 2920 (58)
266 2884 344 2913 lluuc
369 2886 568 2921 paragraphum
585 2886 619 2913 5i
654 2894 700 2914 ore
731 2886 886 2915 Manichm:
919 2887 1026 2916 femina:
1049 2889 1114 2918 facit
1134 2892 1242 2920 recitari
1268 2892 1288 2920 li

158 2923 212 2951 tius
225 2922 299 2957 loqui
315 2922 431 2949 videtur.

301 2968 436 3000 Ριιτιιοι.
453 2969 513 3000 Gn.
532 2969 606 3002 ριν.

1293 2895 1410 2928 adcrus;
1430 2897 1496 2924 mihi
1536 2903 1626 2928 tanien
1643 2908 1738 2931 auctor
1754 2915 1802 2942 po-

1606 2985 1643 3017 Ῐιι
