1951 3048
136 170 206 209 1ἳ93

697 171 881 206 HISTORIA
904 173 1170 206 ΜΛΝΙυΠίΕΟΒυ
1176 175 1215 204 Μ.

1714 174 1783 207 1294

135 234 195 269 χαῖς
220 233 267 260 καὶ
295 232 453 267 πρεσϐείαις
474 232 524 267 τῆς
552 233 689 268 πανάγνου
719 234 765 260 καὶ
781 233 935 268 ὑπεραγίας
955 232 1104 267 Δεσποίνης
1122 232 1203 268 ἡμῶν
1230 233 1332 268 κυρίως
1355 233 1402 260 καὶ
1432 232 1540 268 ἀληθῶς
1576 233 1708 260 Θεοτόκου
1736 231 1787 260 καὶ

141 278 337 314 ’Δειπαροένου
348 278 472 313 Μαρίας,
488 277 537 306 καὶ
559 278 668 305 πάντων
684 279 739 306 τῶν
759 278 854 313 ἁγίων.
884 279 940 306 Καὶ
954 278 1008 314 γὰρ
1022 278 1076 310 ἕως
1095 277 1128 305 ἂν
1139 279 1180 310 είς
1208 277 1315 306 τελείαν
1333 279 1472 306 ἀπώλειαν
1485 279 1550 312 τοὺς
1585 280 1698 313 ἀθλίους
1714 279 1787 312 ἄξω-

136 336 189 360 σιν,
203 327 255 354 οὐκ
268 326 478 362 ὲξαγορεύουσιν
495 326 587 358 αὐτοῖς
600 326 631 353 τὸ
646 327 718 363 μέγα
729 326 820 354 αὐτῶν
836 327 997 362 μυστήριον,
1010 326 1080 361 ὅπερ
1096 325 1170 353 ἐστὶν
1188 325 1305 361 ἄρνησις
1313 325 1393 354 Θεοῦ.

134 386 155 422 ξ
170 384 242 420 Aq’.
264 385 294 412 '0
314 385 343 412 δὲ
367 385 529 421 ὑπὲρμαχος
547 385 593 411 τοῦ
615 384 740 412 διαϐόλου
761 384 874 419 Σέργιος
898 384 935 411 δι-

1024 385 1147 413 XXXVI.
1161 385 1220 413 Jam
1236 393 1301 413 vero
1316 390 1445 413 strenuus
1462 386 1563 414 diaboli
1578 387 1658 414 miles
1673 386 1787 424 Sergius

133 431 242 466 δαχθεὶς
259 430 335 466 παρὰ
349 429 424 466 [cet].
441 430 460 457 f.
488 429 540 457 106
556 429 565 466 ἶ
583 429 633 465 τῆς
662 429 787 465 ὀλεθρίου
803 429 935 464 γυναικὸς

134 478 184 513 τὴν
200 477 318 514 αἵρεσιν,
331 477 379 504 καὶ
394 477 508 512 νομίσας
518 476 620 508 πάντας
634 476 794 511 ἀνθρώπους
807 476 870 508 τοὺς
886 475 936 511 τὴν

134 525 268 560 εἰλικρινῆ
279 524 327 551 καὶ
336 523 488 559 ἀμώμητον
500 522 578 558 ἡμῶν
590 523 644 548 τῶν
657 522 742 553 ὅντως
759 521 934 557 Χριστιανῶν

134 571 300 606 κατέχοντας
323 570 371 596 καὶ
395 568 496 604 εὐσεϐῆ
510 568 601 595 πίστιν
619 569 648 595 ὲν
673 567 798 604 ἀπωλείᾳ
818 567 934 600 κεῖσθαι,

133 616 298 652 διεγείρεται
314 615 388 651 ζήλῳ
403 613 557 649 Σατανικῷ,
577 614 625 641 καὶ
647 613 752 648 γίνεται
773 615 832 646 νέος
846 613 936 650 κῆρυξ

133 663 184 698 ’τῆς
203 663 319 697 πλάνηςο
332 660 431 689 ἑαυτόν
446 669 476 687 τε
500 661 674 696 ἐπονομάσας
702 660 820 695 Τυχικὺν
835 661 881 686 τὸν
905 660 935 686 ὲν

134 710 195 741 ταῖς
208 708 365 740 ἐπιστολαῖς
380 707 570 743 ἐμφερόμενον
586 706 634 733 τοῦ
651 707 800 733 ἀποστόλου
815 706 933 739 Παύλου,

134 756 191 787 τοῖς
206 755 289 781 πᾶσιν
307 754 401 788 ἔλεγεν
418 751 490 780 εἷναι
506 753 631 788 μαθητὴς
644 752 691 779 τοῦ
701 753 874 779 Ἀποστόλοω
887 752 937 779 καὶ

134 802 200 837 παρ’
221 800 304 827 αὐτοῦ
332 799 502 826 ἀπεστάλθαι
526 799 676 834 κηρύσσειν
698 799 729 825 οὺ
751 798 830 833 λόγον
856 798 934 831 Θεοῦ,

134 847 203 874 ἀλλὰ
217 846 323 881 πλάνην
336 845 473 882 ὀλεθρίανί
491 841 576 876 Οὗτος
606 844 759 881 περιελθὼν
773 845 822 874 τὰς
844 844 936 876 πόλεις

133 894 224 925 πάσας
237 895 285 920 καὶ
299 892 347 924 τὰς
364 891 456 928 χώρας
477 892 583 923 ἀόκνως
610 893 639 918 ἐν
669 889 714 923 αἷς
729 892 743 918 ὀ
774 891 937 923 Ἀπόστολος

134 940 188 976 πρὸ
207 939 378 966 ὀκτακοσίων
401 939 471 966 ἐτῶν
493 938 539 965 τὸν
555 938 635 972 λόγον
650 938 700 973 τῆς
717 937 848 973 ἀληθείας
872 937 938 972 Exi)-

135 987 209 1021 ρυξε,
224 984 338 1017 πολλοὺς
354 984 497 1020 ἀπέστησε
521 984 571 1020 τῆς
585 983 728 1021 ὀρθοδόξου
745 985 874 1017 πίστεως,
889 984 937 1010 καὶ

133 1033 172 1068 τῷ
187 1033 306 1067 διαΰόλῳ
326 1033 505 1068 προσήγαγεν
519 1040 525 1047 ’
538 1031 576 1064 ὡς
593 1033 674 1064 αὐτὸς
696 1033 725 1058 ἐν
741 1033 792 1068 μιᾷ
806 1032 859 1058 τῶν
875 1033 937 1058 ἐπι-

134 1078 237 1106 ετολῶν
255 1078 338 1105 αὑτοῦ
359 1078 453 1112 λέγει’
476 1078 543 1105 Ἀπὸ
559 1078 697 1105 ἀνατολῶν
711 1079 758 1105 καὶ
775 1078 856 1114 μέχρι
872 1078 935 1104 δυσ-
952 1070 974 1099 Β

135 1122 194 1159 μῶν
219 1123 265 1150 καὶ
279 1122 366 1158 βορῤα
389 1123 436 1149 καὶ
453 1123 546 1155 νότου,
570 1123 689 1158 ἔδραμον
717 1123 866 1159 κηρύσσων
902 1123 933 1150 τὸ

134 1169 300 1205 Εὑαγγέλιον
314 1169 360 1196 τοῦ
375 1169 505 1205 Χριστοῦ,
518 1171 574 1202 τοῖς
591 1170 668 1205 ὲμοῖς
683 1171 778 1205 γόνασι
796 1170 930 1207 βαρήσας·

133 1218 162 1244 ἐν
175 1217 247 1249 ὅλοις
263 1217 319 1253 γὰρ
340 1216 620 1252 τριακοντατέσσαρσι
643 1217 751 1253 χρόνοις
781 1218 934 1253 ἐπικρατήα

133 1273 194 1295 σας,
223 1263 279 1291 ἀπὸ
304 1263 421 1299 Εἰρήνης
438 1263 489 1299 τῆς
515 1263 673 1299 Αὑ-ίούστης
701 1264 782 1299 μέχρι
804 1263 933 1298 Θεοφίλου

132 1309 179 1336 τοῦ
196 1308 338 1344 βασιλέως,
355 1310 540 1344 συνεστήσατο
565 1309 614 1344 τὴν
629 1309 677 1335 νῦν
696 1309 844 1341 περιοῦσαν
869 1310 935 1336 ἀπο-

134 1354 256 1386 στασίαν,
269 1353 302 1388 ἣν
318 1353 426 1388 προέφη
437 1352 666 1379 Θεσσα).ονικεῦσι
676 1352 780 1383 Παῦλο³
792 1353 806 1379 ὁ
820 1352 936 1379 ἀπόστο-

132 1400 187 1431 λος,
202 1399 236 1426 δι’
248 1396 444 1435 ’ἧς-ἐλυμήνατο
458 1398 583 1425 πλεῖστον
598 1399 680 1434 μέρος
695 1398 744 1433 τῆς
757 1397 804 1424 τοῦ
815 1397 934 1433 Χριστοῦ

140 1445 314 1480 Ἑκκλησίας.
324 1445 393 1477 Τοὺς
403 1445 453 1480 μὲν
461 1444 515 1479 γὰρ
529 1444 693 1479 ὴλλοτρίωσε
703 1444 753 1478 τῆς
765 1443 935 1480 προσκαίρου

133 1491 218 1525 ζωῆς,
226 1491 280 1518 τῶν
293 1490 365 1518 ἰδίων
380 1491 525 1526 στερήσας,
538 1491 583 1517 καὶ
595 1490 649 1526 πρὸ
659 1489 756 1525 καιροῦ
765 1490 935 1522 θανατώσας·

100 1538 103 1541 “
133 1538 197 1569 τοὺς
209 1537 238 1564 δὲ
252 1538 300 1564 καὶ
314 1537 364 1571 τῆς
380 1537 490 1564 αἰωνίου
504 1536 770 1572 ὲξακολουΟήσαντας
781 1537 862 1563 αὑτοῦ
876 1538 936 1569 ταῖς

133 1583 290 1618 ϐδελυρίαις
302 1583 469 1616 ἀπεξὲνωσε⁹
482 1583 596 1614 πολλοὺς
607 1582 759 1618 ὀμοζύγους
770 1581 935 1619 [ροιΗζίυϐ.

135 1631 161 1657 b.
178 1630 344 1666 ]διο,ζειίξας
360 1630 409 1662 τὰς
436 1630 529 1661 κοίτας
547 1629 638 1656 αὐτῶν
662 1629 706 1655 διὰ
731 1629 786 1655 τῶν
804 1628 936 1664 μαθητῶν

133 1675 216 1703 αὑτοῦ
229 1676 349 1711 ἐμίανεν·
360 1675 446 1702 πολλά
453 1676 541 1711 βρέφη
550 1675 605 1702 τῶν
615 1675 756 1710 μητρικῶν
771 1675 936 1707 ἀποσπάσας

136 1723 231 1758 μαζῶν
246 1722 290 1749 διὰ
303 1722 358 1749 τῶν
375 1722 504 1758 μαθητῶν
522 1722 616 1754 αὐτοῦ,
634 1723 669 1748 τὰ
696 1722 745 1757 μὲν
767 1721 934 1755 ἐθανάτωσε,

134 1770 168 1795 τὰ
182 1769 211 1796 δὲ
232 1769 289 1795 τῶν
313 1769 416 1804 γονέων
432 1768 578 1804 στερήσεις,
610 1769 656 1795 καὶ
679 1768 748 1794 Θεοῦ
770 1768 817 1795 τοῦ
834 1768 934 1801 ζῶντος
949 1759 971 1788 c

133 1815 320 1850 ἀλλοτριὼσας
337 1814 386 1841 τοῦ
403 1814 442 1850 τῷ
465 1814 523 1849 ἰδίῳ
539 1814 636 1849 αἵματι
665 1814 769 1846 πάντας
786 1813 935 1850 ἐλευθερώ-

137 1869 244 1893 σαντος,
267 1861 429 1896 Ἀγαρηνοῖς
455 1860 637 1895 ἀπεμπόλησε
652 1869 659 1875 ·
683 1860 798 1892 πολλοὺς
817 1860 933 1892 εὐειδεῖς

135 1907 296 1938 νεανίσκους
307 1907 355 1933 καὶ
368 1906 490 1938 νεάνιδας
504 1907 658 1941 μονογενεῖ;
671 1906 773 1940 γονέων
785 1906 932 1941 ἀποχωρή-

137 1960 197 1983 σας,
209 1952 248 1983 είς
261 1951 384 1978 δουλείαν
395 1951 549 1987 Βαρϐἀροις
557 1950 709 1987 παρέδωκε·
724 1950 839 1982 πολλοὺς
859 1951 937 1977 ἀδελ-

141 1998 209 2032 φοὺς
220 1998 267 2025 καὶ
276 1998 393 2032 ἀδελφὰς
405 1998 549 2032 συγγενεῖς
558 2005 588 2024 τε
596 1997 643 2024 καὶ
654 1997 749 2032 φίλους
761 1997 884 2032 ἀλλήλων
894 1996 934 2023 δι-

135 2044 243 2080 έστησε,
254 2043 360 2071 καὶτῶν
370 2043 443 2070 ἰδίων
453 2043 582 2076 ξενώσας,
589 2043 723 2079 ἀλλοδαπῇ
731 2044 767 2079 γῇ
776 2047 790 2067 Υ
801 2043 908 2079 παρέπε
912 2051 942 2078 μ.

134 2089 196 2125 ψεν,
208 2086 246 2117 ὧν
255 2090 372 2126 ὀδυρμὸς
385 2090 541 2126 καζθρῆνος
562 2090 658 2125 μέχρις
677 2090 812 2126 οὐρανίων
836 2089 941 2120 ἀψίδων

135 2136 262 2171 ἀνῆκταιο
278 2137 393 2168 πολλοὺς
406 2137 571 2172 μονάζοντας
582 2137 631 2163 καὶ
645 2136 815 2171 μοναςούσας
828 2136 939 2171 Χριστῷ

135 2182 185 2218 τὴν
195 2183 347 2219 παρθενίαν
358 2183 553 2219 ἀναθεμένους,
562 2183 606 2210 διὰ
615 2183 669 2209 τῶν
681 2183 789 2210 οἰκείων
807 2182 938 2219 μαθητῶν

135 2229 283 2266 διέφθειρε·
299 2230 347 2257 καὶ
357 2229 405 2256 τοῦ
414 2231 484 2266 μονή
490 2238 552 2265 ρους
565 2229 791 2265 ἀπαλλοτριῶσας
810 2229 879 2265 βίου,
889 2229 937 2257 τοῦ

135 2277 203 2304 Θεοῦ
218 2276 375 2310 ἁπεξένωσε
384 2285 391 2292 ·
405 2277 519 2309 πολλοὺς
538 2277 623 2312 ἱερεῖς
637 2275 685 2303 καὶ
700 2276 816 2308 Λευῖτας
830 2277 879 2312 τῆς
888 2276 937 2312 ὀρ-

136 2322 245 2355 θοδόξου
261 2322 381 2354 πίστεως
396 2323 559 2354 ἀποσπάσας
575 2323 621 2349 καὶ
646 2323 678 2349 ὲκ
692 2321 836 2358 προϐάτων
850 2323 937 2358 θῆρας

136 2369 322 2402 ἀποτελέσας,
333 2369 561 2406 ἀνθρωποσόρους
578 2371 744 2406 εἰργάσατο·
770 2371 885 2403 πολλοὺς
907 2371 936 2397 ὲν

989 433 1025 460 ab
1036 433 1151 460 exitiosa
1165 433 1268 460 femina
1282 433 1408 460 haeresim
1425 433 1550 467 edoctus,
1568 434 1786 470 existimansque

988 484 1104 507 cunctos
1113 480 1249 513 homines,
1258 480 1407 515 quipuram
1416 485 1444 508 et
1453 480 1647 516 inculpabilem
1660 487 1786 509 nostrum

987 534 1052 554 vere
1068 526 1286 554 Christianorum
1313 531 1470 562 rcctamque
1503 527 1585 554 fidem
1603 528 1733 559 retinent,
1759 527 1785 554 in

989 573 1146 608 perditione
1162 574 1279 605 versari,
1300 574 1424 601 sataniro
1446 573 1505 601 zelo
1525 574 1683 609 corripitur,
1702 575 1788 610 ﬁtque

988 627 1078 647 novus
1094 619 1198 646 erroris
1213 627 1316 654 prmco,
1334 625 1423 647 semet
1436 620 1589 656 Tychicum
1605 620 1680 648 illum
1696 621 1788 649 nomi~

988 673 1057 693 nans
1075 686 1082 698 ,
1112 665 1158 700 qui
1184 665 1212 692 in
1235 666 1351 700 apostoli
1378 666 1452 693 Pauli
1483 666 1606 702 epistolis
1634 667 1785 700 scribitur;

988 712 1148 747 cunctisque
1187 711 1278 739 aiebat
1300 719 1330 739 se
1357 711 1433 740 Pauli
1459 720 1520 740 esse
1548 713 1725 748 discipulum,
1752 715 1787 742 ad

992 759 1109 786 verbum
1132 758 1201 792 gliei
1247 759 1475 794 prmdicandum,
1521 759 1564 786 vel
1610 760 1787 795 pestilentem

988 805 1079 841 potius
1122 813 1256 837 errorem.
1286 806 1320 833 ab
1363 805 1409 833 illo
1448 806 1574 834 missum.
1624 806 1673 835 Hic
1705 808 1788 836 urbes

988 856 1102 879 cunctas
1129 859 1266 888 pagosque
1296 851 1412 887 impigre
1442 860 1602 889 peragrans,
1629 853 1658 881 in
1688 856 1788 890 quibus

987 897 1135 934 Apostolus
1154 899 1327 934 octingentos
1344 904 1407 926 anle
1426 906 1514 927 annos
1534 901 1658 928 veritatis
1673 902 1787 929 verbum

988 945 1196 980 prmdicaverat,
1216 945 1318 972 multos
1336 945 1370 972 ab
1387 945 1540 973 orthodoxa
1562 946 1614 974 ﬁde
1631 947 1741 979 avertit.
1759 952 1789 975 et.

990 992 1024 1020 ad
1040 991 1180 1019 diabolum
1194 991 1318 1023 adduxit,
1333 996 1361 1018 ut
1374 992 1491 1027 ipsemet
1502 992 1528 1019 in
1543 1001 1596 1020 una
1607 993 1787 1028 epistularum

989 1044 1101 1065 suarum
1117 1040 1212 1064 narrat
1229 1046 1235 1064 :
1251 1036 1291 1064 Ab
1305 1037 1412 1064 oriente
1424 1037 1457 1065 ad
1473 1045 1612 1071 occasum,
1626 1046 1641 1066 a
1659 1039 1740 1067 borea
1752 1040 1788 1067 ad

991 1087 1116 1110 austrum
1147 1082 1267 1114 decurri,
1289 1081 1392 1109 Christi
1420 1083 1597 1118 Evangelium
1623 1083 1786 1118 praedicans,

991 1128 1062 1155 meis
1080 1127 1161 1155 unice
1186 1127 1302 1164 genibus
1323 1127 1415 1155 nixus.
1441 1126 1519 1156 Totis
1537 1129 1610 1156 enim
1629 1134 1747 1164 quatuor
1759 1134 1789 1157 et

991 1173 1101 1210 triginta
1117 1173 1208 1207 annis,
1221 1174 1254 1201 ab
1266 1174 1345 1202 lrene
1361 1175 1482 1210 Augusta
1498 1183 1584 1210 usque
1596 1175 1629 1202 ad
1647 1175 1789 1212 Theophi-

991 1220 1046 1247 lum
1061 1220 1256 1255 imperatorem
1269 1226 1433 1256 praesentem
1450 1221 1522 1249 hanc
1537 1223 1704 1257 apostasiam
1717 1231 1787 1250 eon-

992 1266 1076 1298 tlarit,
1094 1273 1175 1301 quam
1189 1265 1486 1295 Thessalonicensibus
1498 1267 1663 1302 prmdixerat
1674 1267 1788 1299 Paulus.

991 1318 1106 1347 etquam
1115 1312 1365 1347 plurimamChristi
1376 1313 1503 1342 Ecclesia?
1514 1320 1618 1349 partem
1628 1315 1788 1351 corrupit“.

991 1359 1067 1387 Alios
1092 1359 1165 1386 enim
1189 1360 1332 1394 temporali
1352 1360 1404 1387 hac
1427 1361 1486 1390 vita
1506 1362 1645 1396 spoliavit,
1667 1363 1788 1398 propriis

993 1406 1072 1433 bonis
1093 1414 1216 1438 eversos,
1237 1410 1265 1433 et
1294 1411 1359 1434 ante
1389 1412 1497 1442 tempus
1523 1409 1695 1442 exstinctos;
1719 1410 1790 1437 alios

992 1453 1076 1480 etiam
1099 1458 1202 1480 acterna
1226 1453 1292 1485 vita,
1321 1458 1416 1489 utpote
1445 1454 1531 1489 ipsius
1552 1456 1684 1490 nequitiae
1703 1457 1790 1485 factos

993 1498 1112 1526 asseclas
1127 1507 1134 1526 :
1150 1499 1250 1527 multos
1265 1500 1396 1536 conjuges
1409 1500 1578 1534 dissociarit,
1595 1502 1705 1530 illorum
1729 1504 1773 1531 tha
1783 1520 1790 1525 -

994 1545 1080 1573 lanios
1099 1553 1148 1581 per
1167 1554 1233 1573 suos
1249 1546 1400 1581 discipulos
1416 1547 1539 1582 polluens
1555 1557 1561 1575 :
1584 1548 1704 1577 infantes
1719 1550 1790 1578 mul~

993 1596 1035 1619 tos
1050 1592 1183 1619 maternis
1193 1592 1324 1619 uberibus
1341 1593 1450 1620 avolsos
1464 1593 1661 1629 discipulorum
1676 1603 1789 1623 suorum

994 1648 1077 1667 manu
1099 1640 1237 1668 interfecit
1254 1650 1260 1667 :
1280 1640 1348 1668 alios
1364 1641 1527 1676 parentibus
1541 1642 1719 1676 subtrahens,
1734 1648 1762 1671 et
1775 1653 1790 1671 a

994 1687 1051 1713 Deo
1072 1686 1182 1714 vivente
1201 1687 1370 1719 abalirnans,
1388 1689 1434 1722 qui
1454 1695 1503 1715 eos
1524 1688 1635 1724 proprio
1657 1692 1791 1725 sanguine

993 1732 1168 1765 liberaverat,
1192 1732 1328 1767 Agarenis
1356 1732 1516 1760 vendendas
1541 1734 1658 1761 curavit.
1691 1734 1792 1762 Multos

989 1778 1114 1818 speciosa
1140 1778 1226 1805 forma
1248 1778 1450 1810 adolescentes,
1471 1779 1632 1815 puellasque
1658 1780 1753 1808 unicas
1775 1790 1791 1809 a

988 1823 1152 1859 parentibus
1168 1824 1344 1856 abstrahens,
1357 1824 1494 1860 mancipia
1510 1824 1638 1853 Barbaris
1656 1827 1791 1855 vendidit.

989 1869 1089 1897 Multos
1112 1870 1212 1897 fratres
1241 1875 1323 1905 atque
1350 1878 1471 1902 sorores.
1493 1870 1546 1907 41
1568 1876 1700 1907 cognatos
1722 1875 1791 1901 ami-

990 1923 1105 1951 COsque,
1130 1916 1250 1943 invicem
1275 1916 1442 1949 distrahens,
1469 1917 1643 1953 propriisque
1664 1919 1793 1948 afﬁnibus

994 1962 1128 1996 spoliatis,
1153 1962 1180 1988 in
1206 1962 1310 1990 alienas
1336 1963 1461 1997 regiones
1484 1965 1650 1996 amandavit,
1674 1973 1791 2001 quorum

995 2010 1116 2043 gemitus
1144 2008 1323 2043 ploratusque
1340 2017 1427 2043 uSquc
1450 2009 1484 2036 ad
1509 2010 1630 2038 caelestia
1651 2012 1791 2041 lacunaria

995 2054 1168 2081 attolluntur.
1179 2054 1342 2089 Complures
1356 2055 1488 2083 moniales
1501 2064 1534 2084 ac
1548 2059 1707 2093 monachos,
1720 2069 1791 2096 quo-

993 2107 1053 2126 rum
1066 2100 1210 2135 virginitas
1226 2100 1334 2128 Christo
1347 2101 1436 2128 dicata
1450 2102 1550 2135 fuerat,
1561 2111 1611 2139 per
1624 2113 1689 2133 suos
1709 2106 1790 2135 disci-

992 2146 1072 2181 pulos
1085 2147 1221 2182 corrupit,
1239 2151 1267 2174 et
1282 2147 1377 2175 caelibe
1399 2149 1455 2175 vita
1474 2150 1619 2179 abductos.
1634 2152 1690 2179 Deo
1706 2153 1788 2181 simul

991 2192 1168 2220 abalienavit.
1188 2193 1352 2222 Sacerdotes
1367 2195 1469 2223 multos
1482 2200 1564 2231 atque
1582 2197 1679 2225 levitas
1694 2199 1728 2226 ab
1741 2207 1788 2226 or-

991 2239 1112 2267 thodoxa
1126 2239 1180 2268 ﬁde
1197 2241 1361 2273 abstractos,
1381 2246 1409 2269 et
1423 2249 1456 2269 ex
1475 2243 1574 2270 ovibus
1587 2243 1614 2271 in
1636 2243 1708 2272 feras
1723 2253 1786 2273 mu-

991 2289 1072 2318 tatos,
1083 2290 1226 2314 voratores
1239 2287 1379 2314 hominum
1395 2287 1459 2315 fecit
1472 2297 1479 2316 :
1493 2295 1523 2316 ut
1538 2290 1615 2316 multi
1628 2290 1655 2317 in
1668 2291 1785 2319 vinculis

988 2335 1071 2365 atque
1086 2331 1245 2359 carceribus
1263 2337 1441 2364 necarentur,
1463 2342 1548 2362 causa
1565 2334 1617 2362 fuit
1633 2345 1641 2366 :
1666 2336 1734 2364 alios
1752 2345 1785 2364 ex

988 2374 1120 2402 divitibus
1133 2383 1269 2410 pauperes
1282 2376 1410 2404 reddidit.
1422 2377 1528 2413 Ergone
1541 2383 1679 2407 tantorum
1688 2385 1786 2409 auctor

135 2418 248 2453 δεσμοῖς
262 2418 311 2444 καὶ
333 2418 467 2452 φυλακαῖς
491 2418 682 2454 Θανατωθῆνιιι
710 2418 847 2453 πεποίηκε
861 2438 868 2450 ,
886 2418 933 2459 καὶ

991 2421 1122 2448 malorum
1133 2408 1246 2449 adorari
1262 2430 1312 2449 ceu
1326 2408 1486 2451 Paraclettis
1498 2425 1580 2452 debet
1589 2425 1602 2452 ‘l
1616 2425 1684 2454 Nam
1699 2408 1783 2455 disci;

137 2462 234 2495 ἄλλους
246 2464 279 2490 ἐκ
294 2463 432 2490 πλουσίων
448 2463 595 2498 εἰργάσατο
608 2463 740 2499 πένητας’
753 2464 801 2490 καὶ
814 2463 934 2491 ὀτοσού·

991 2465 1042 2501 puli
1065 2466 1125 2501 ejus
1147 2466 1244 2494 dicunt
1267 2473 1379 2496 orantes
1408 2477 1415 2495 ι
1439 2468 1560 2506 Spiritus
1581 2472 1670 2500 sancti
1695 2474 1785 2502 oratio

136 2517 192 2536 των
207 2509 301 2537 κακῶν
327 2509 484 2545 παραίτιος,
511 2510 725 2545 προσκυνεῖσθαι
743 2509 797 2546 ἄρα
825 2510 929 2544 ὀφείλει

991 2512 1160 2540 niserebitur
1175 2513 1273 2540 nostri.

137 2555 176 2587 ὡς
187 2555 367 2592 Παράκλητος
380 2564 388 2590 ;
401 2557 449 2583 καὶ
467 2555 521 2591 γὰρ
540 2556 661 2592 μαθηταὶ
675 2556 758 2583 αὐτοῦ
779 2556 808 2582 ἐν
822 2556 862 2592 τῷ
891 2556 1005 2592 ὀνόματι
1036 2558 1121 2585 αὐτοῦ
1158 2559 1301 2594 εὐχόμενοι
1323 2559 1465 2595 λέγουσιν·
1499 2562 1534 2590 Ἡ
1550 2563 1618 2600 εὐχὴ
1634 2564 1682 2591 τοῦ
1705 2564 1784 2600 ἁγίου

139 2602 299 2637 Πνεύματος
313 2602 421 2638 ἐλεήσει
438 2603 523 2638 ἡμᾶς.
1552 2602 1556 2605 Α

174 2647 235 2675 ΛΖ¹.
259 2650 288 2675 Ὀ
304 2649 332 2676 δέ
349 2658 442 2684 φησιν,
463 2649 533 2683 Ἐγὼ
547 2648 602 2675 τῶ)
615 2650 708 2677 κακῶν
724 2650 830 2678 τούτων
859 2651 936 2678 ἀναί<

137 2695 196 2726 τιός
219 2695 291 2730 εἰμι·
321 2695 406 2722 πολλὰ
429 2697 483 2731 γὰρ
509 2695 699 2730 παρήγγελλον
720 2696 811 2728 αὐτοῖς
831 2697 864 2723 ἐκ
886 2696 935 2723 τοῦ

1024 2649 1159 2677 XXXVII.
1177 2650 1213 2677 At
1235 2650 1280 2678 ille
1301 2658 1331 2678 se
1354 2651 1489 2680 malorum
1519 2653 1618 2681 horum
1645 2654 1785 2687 insontem

991 2695 1058 2723 dicit
1078 2703 1164 2723 :nam
1182 2703 1256 2731 saepe
1271 2696 1444 2731 adhortatus,
1469 2699 1566 2735 inquit,
1587 2700 1692 2728 fueram
1718 2708 1749 2731 ut
1770 2712 1785 2732 a

141 2801 149 2810 ι
177 2773 200 2790 ⁸⁸
220 2773 241 2801 ll
258 2773 356 2802 Thess.
369 2782 398 2808 Ιι,
421 2775 447 2802 5.

767 2831 885 2861 \‘ARl/E
920 2834 1120 2866 LECTIONES.

196 2911 209 2932 1
230 2905 262 2934 IL
279 2905 417 2942 ἀλλοδαπῆ
431 2907 476 2941 γῆ.
