1948 3070
162 188 234 218 11:95

859 189 975 220 PETRI
997 190 1126 221 SICULI

1745 194 1814 228 1296

160 243 335 280 captivandis
352 243 486 271 Romanis
503 243 690 278 abstinerent;
707 253 797 281 neque
812 246 879 273 mihi
899 255 955 274 ino-

1012 248 1223 283 αἰχμαλωτίζειν
1253 251 1317 284 τοὺς
1337 251 1491 287 Ῥωμαίους
1512 252 1676 288 ἀποστῆναι,
1699 253 1745 280 καὶ
1762 255 1814 289 οὐχ

164 297 222 317 rem
235 293 392 325 gesserunt.
410 289 605 317 Verumtamen
619 291 756 325 quomodo
775 291 914 318 insontem
934 295 959 318 te

165 336 250 364 dicis?
280 335 347 363 Nam
374 337 396 363 si
427 336 476 364 tibi
493 344 548 363 non
569 337 765 370 ohaudiebant,
788 345 838 365 cur
859 338 960 373 popqu

165 381 321 409 contumaci
333 381 486 413 annuebas,
495 389 576 416 quem
589 389 684 417 regere
696 390 751 409 non
764 383 894 410 valebas?
905 383 961 411 Cur

166 435 252 463 usque
265 427 299 455 ad
312 428 417 455 obitum
435 435 497 454 cum
510 427 606 454 iisdem
625 433 750 456 versatus
768 429 821 456 es?
840 429 918 463 Quod
937 430 959 457 si

165 473 266 502 Christi
279 473 350 500 viam
368 473 429 499 illos
443 473 572 506 docebas,
582 482 631 502 cur
644 482 700 501 non
718 475 745 502 id
757 476 872 503 docuisti
887 478 959 511 quod

163 518 290 546 Christus
305 518 392 546 dixit:
411 518 478 545 Cum
493 520 622 553 persecuti
638 528 682 547 vos
700 521 797 556 fuerint
813 522 840 548 in
856 522 906 549 hac
921 523 960 549 ri-

163 566 258 595 tvitate,
271 564 354 600 fugite
367 565 394 590 in
413 563 498 590 aliam
508 564 529 579 ⁸⁷
540 565 550 591 ?
560 564 594 592 Et
606 565 717 600 quidem
732 571 758 593 te
772 566 882 593 tuismet
899 575 960 592 ver-

168 611 211 638 bis
226 618 383 646 coarguant.
391 609 515 645 Namque
523 611 556 638 ad
567 611 755 639 Coloneenses
766 612 801 638 ita
812 612 959 646 scripsisti:

174 656 360 683 I’rohntioncm
374 661 466 683 vestrm
480 657 541 691 fit/ci
560 666 618 684 cum
638 657 794 692 prwsciatis,
819 658 846 684 in
861 666 961 685 memo-

169 706 238 732 riam
253 704 325 732 vobis
343 712 443 737 revoco,
459 708 527 739 quod
543 705 610 730 sicut
629 705 756 739 pra’tcriti
770 705 894 739 temporis
910 705 961 731 Ec—

166 752 253 778 clesia;
279 755 399 786 pastores
433 755 512 785 atque
537 748 678 786 inagistros
713 751 861 778 habuerunt
885 751 962 786 (dicit

167 798 296 826 Videlicet
310 797 521 824 Constantinum
535 802 563 824 et
586 797 727 832 reliquos),
751 798 791 824 ita
813 802 837 824 et
857 806 901 824 ros
922 798 962 824 lu-

164 849 262 872 centem
286 843 450 878 lampadem,
472 843 692 878 splendidumque
716 844 800 876 sidus,
822 849 847 871 et
867 844 961 871 salutis

163 892 256 919 ducent
270 890 419 925 accepistis,
436 895 514 925 prout
530 890 657 924 scriptum
667 895 704 917 est
718 899 726 917 :
744 900 752 916 ι
773 889 848 923 Quod
862 891 884 917 si
900 899 961 918 ocu-

1013 294 1174 329 ὑπήκουσάν
1205 304 1266 331 μοι’
1284 296 1358 332 [(³011.
1385 297 1404 325 Ι“.
1435 297 1509 334 107.]
1541 299 1588 325 καὶ
1615 299 1674 331 πῶς
1692 300 1815 326 ἀναίτιον

1012 341 1111 367 σαυτὸν
1127 343 1230 374 ποιεῖςς
1245 343 1275 370 Ei
1289 344 1400 380 γὰρούκ
1411 345 1549 380 ὑπήκουόν
1561 354 1613 377 σοι,
1626 345 1670 372 ἴνα
1684 345 1711 372 τί
1723 346 1810 373 ἀπει-

1012 385 1055 412 θεῖ
1079 388 1254 422 συνηυδόκεις
1274 388 1343 424 λαῷ,
1380 390 1410 416 ὃν
1436 390 1604 426 κυῧερνῆσαι
1628 391 1679 418 οὐκ
1703 391 1814 427 ῐσχυεςς

1012 433 1044 459 Τί
1057 433 1084 459 δὲ
1098 434 1145 460 καὶ
1173 435 1254 470 μέχρι
1279 435 1394 463 θανάτου
1412 437 1470 471 μετ’
1491 436 1581 464 αὐτῶν
1605 437 1810 473 συνδιέτριΰεςς

1012 480 1043 506 Εἰ
1057 480 1085 507 δὲ
1100 481 1148 507 καὶ
1160 481 1209 515 τὴν
1226 482 1344 518 Χριστοῦ
1358 483 1418 510 ὁδὸν
1431 482 1533 511 ὁδεύειν
1545 484 1645 516 αὐτοὺς
1660 484 1812 516 ἐδίδασκες,

1013 528 1056 554 ἵνα
1074 528 1099 554 τί
1123 529 1171 555 καὶ
1186 529 1265 555 τοῦτο
1279 529 1329 555 οὐκ
1346 529 1484 561 ἐδίδασκες
1509 530 1622 563 αὐτοὺς,
1642 530 1712 566 ὅπερ
1733 530 1787 564 ἐφη
1799 531 1815 557 6

1012 573 1218 608 Κύριος,”οταν
1225 574 1373 602 διώκωσιν
1379 575 1457 610 ὑμᾶς
1464 575 1498 602 ἐκ
1504 574 1560 610 τῆς
1567 577 1684 609 πόλεως
1689 577 1813 610 ταύτης,

1012 620 1136 654 φεύγετε
1144 621 1187 652 είς
1202 619 1258 653 τὴν
1273 619 1375 653 ῠλλην
1385 621 1514 655 ;Ἐ>.έγξω
1529 630 1558 648 σε
1573 621 1595 648 δ’
1610 620 1656 649 οὖν
1665 622 1751 657 ὅμως,
1768 622 1816 649 καὶ

1012 667 1044 693 ὲκ
1061 667 1115 693 τῶν
1132 666 1186 693 σῶν
1203 666 1312 692 οἰκείων
1332 667 1478 702 ῥημάτων·
1491 668 1548 699 τοῖς
1563 667 1619 704 γὰρ
1632 669 1661 694 ὲν
1673 667 1816 703 Κολωνείᾳ

1014 712 1133 748 ἔγραφες
1147 717 1158 730 ι
1173 712 1237 740 τάδε
1250 721 1257 728 ο
1277 713 1311 740 Τὸ
1334 712 1472 748 δοκίμιον
1485 713 1571 748 ὑμῶν
1584 719 1598 734 ﬁ
1614 713 1670 748 τῆς
1682 714 1816 746 πίστεως

1012 759 1245 792 προεγνωκότες,
1259 758 1435 794 ὑπόμνησιν
1447 760 1525 794 πρὸς
1537 759 1618 795 ὑμᾶς
1635 760 1816 795 ποιούμεθα,

1013 804 1059 830 ὅτι
1076 804 1179 838 ὥσπερ
1194 807 1223 831 αὶ
1243 806 1450 839 παρελθοῦσαι
1469 806 1647 840 Ἐκκλησίαι
1668 806 1819 841 ποιμένας

1013 850 1063 877 καὶ
1077 849 1285 885 διδασκάλους
1294 851 1439 884 ἐδέξαντο
1467 851 1554 887 (λέγει
1565 851 1594 878 δὲ
1609 852 1819 879 Κωνσταντϊνον

1013 897 1061 924 καὶ
1072 898 1135 928 τοὺς
1147 897 1281 932 λοιποὺς),
1291 898 1369 925 οὕτω
1378 898 1427 925 καὶ
1436 898 1522 933 ὑμεῖς
1531 898 1675 934 λαμπάδα
1685 898 1820 933 φαεινὴν

165 938 205 965 lus
215 944 275 964 tuus
289 937 368 973 fuerit
383 936 506 971 simplex,
517 941 601 963 totum
610 945 705 972 corpus
717 937 833 964 lucidum
844 938 934 965 erit".
949 947 958 963 ι

1015 944 1064 970 καὶ
1076 927 1387 979 λυξνοφανηίὶστέρα
1396 944 1446 971 καὶ
1454 927 1736 979 οδηγίνσωτηρλας
1751 927 1820 971 ἑδέ-

164 985 186 1012 0
201 983 387 1011 infelicissime
401 988 428 1010 et
446 982 520 1010 omni
537 982 657 1018 nequitia
673 983 771 1018 plene?
786 983 814 1011 Si
829 983 904 1011 Pauli
921 984 962 1011 di-

164 1029 297 1064 scipulus,
311 1033 341 1056 ut
355 1028 455 1063 jactas,
472 1035 513 1059 es,
529 1035 578 1054 cur
589 1028 749 1063 magistrum
766 1036 819 1055 non
835 1029 962 1061 imitaris,

163 1077 209 1112 qui
228 1084 257 1103 se
273 1075 395 1102 omnium
408 1074 752 1110 peripse’ma,abortivum.
763 1074 963 1110 minimumque

164 1122 351 1158 apostolorum
369 1121 498 1149 dicebat?
515 1120 571 1157 42
585 1120 627 1148 Tu
644 1128 710 1148 vero
732 1126 771 1149 tot
788 1126 884 1149 auctor
903 1129 963 1149 ma-

165 1170 264 1201 lorum,
281 1168 384 1196 nullius
397 1167 437 1195 rei
451 1168 530 1195 bona:
546 1166 672 1199 etleetor,
685 1168 772 1203 magis
789 1175 873 1202 quam
888 1167 962 1195 Pha-

166 1217 261 1243 riswus
285 1215 330 1242 ille
351 1213 498 1250 gloriaris?
515 1212 612 1240 Nonne
634 1213 739 1241 dictum
763 1213 829 1241 illud
851 1214 961 1250 legisti:

164 1262 240 1294 Quod
258 1269 349 1296 nempe
359 1260 403 1294 qui
415 1268 442 1287 se
458 1260 624 1287 commendat
641 1259 674 1292 ",
686 1259 794 1288 etiamsi
812 1260 884 1288 forte
899 1269 962 1289 vera

164 1309 248 1340 dicat,
264 1307 333 1335 nihil
348 1307 409 1334 est?
425 1305 466 1333 Tu
477 1313 543 1333 vero
552 1305 733 1333 obtenebrnta
744 1306 858 1334 omnino
869 1312 962 1334 mente

165 1355 311 1390 animoque
327 1361 390 1381 cum
410 1353 456 1385 sis,
479 1352 618 1388 quomodo
639 1357 666 1379 te
691 1352 861 1381 mendaciter
886 1354 963 1381 sidus

165 1401 348 1436 splendidum,
368 1399 565 1434 lucentemque
583 1398 787 1434 lampadem,et
803 1399 900 1427 salutis
913 1400 963 1427 du-

166 1456 226 1476 cem
240 1445 424 1481 dictitas?qui
438 1453 538 1480 nempe
552 1448 593 1472 tot
604 1445 711 1472 animas
733 1446 963 1480 pessumdedisti?

167 1495 245 1522 Tune
264 1493 361 1520 oculus
379 1492 503 1526 corporis
521 1491 634 1522 Christi,
657 1491 730 1526 quod
753 1496 795 1519 est
828 1492 960 1523 Ecclesia.

164 1542 279 1570 demens
303 1540 385 1567 homo
409 1543 492 1573 atque
516 1537 636 1565 furiose?
651 1536 702 1569 Tu,
722 1537 845 1572 inquam,
867 1538 961 1571 miser,

166 1597 229 1616 cum
255 1594 344 1615 caseus
364 1585 413 1618 sis,
426 1584 565 1620 quomodo
585 1584 645 1612 aliis
664 1583 698 1611 ad
711 1584 826 1612 salutem
840 1584 894 1612 dux
911 1592 963 1611 ex-

165 1634 282 1663 stitisti?
295 1633 393 1660 Nonne
409 1631 497 1668 legisti
510 1639 517 1664 ;
530 1630 603 1666 quod
618 1631 641 1658 si
656 1639 739 1658 caecus
754 1638 821 1658 cwco
834 1631 961 1658 ducatum

165 1685 283 1717 prwstet,
309 1679 388 1707 ambo
416 1679 442 1705 in
468 1679 571 1714 foveam
584 1678 678 1704 cadent
698 1677 740 1704 “2
760 1677 873 1710 Qualem
896 1685 961 1704 vero

165 1729 294 1755 virtutem
313 1730 387 1753 tuam
403 1724 596 1756 imitabunlur,
614 1731 678 1750 cum
695 1723 798 1750 clamas
816 1732 822 1750 :
839 1723 962 1751 Imitato-

166 1782 210 1801 res
227 1773 280 1800 mni
298 1775 398 1802 estote,
418 1778 450 1797 ac
463 1770 580 1797 retinete
599 1772 727 1804 acceptas
740 1776 756 1796 a
775 1776 818 1796 me
837 1769 961 1796 traditio-

166 1820 236 1847 nes?
252 1819 292 1846 En
311 1817 403 1852 itaque
420 1816 482 1843 ﬁdei
498 1823 531 1842 ac
542 1815 691 1850 magisterii
703 1814 740 1842 tui
757 1822 867 1850 germen
880 1824 962 1851 gmn-

165 1868 226 1894 dt-m
240 1863 397 1899 procreavit
413 1862 594 1896 impietatem.
607 1861 676 1888 Nam
690 1861 817 1896 discipuli
835 1862 885 1894 tui,
897 1867 961 1890 ante

164 1919 245 1947 quam
258 1915 283 1937 te
299 1915 488 1945 agnoscerent,
507 1915 573 1935 OVCS
593 1912 691 1961 erant;
721 1915 795 1935 nunc
811 1912 838 1936 te
857 1909 960 1944 agnito,

164 1959 207 1984 wl
223 1956 314 1992 potius
328 1954 412 1991 agniti
426 1963 441 1982 ιι
456 1958 494 1986 te,
508 1954 535 1981 in
551 1953 623 1981 ferus
634 1953 699 1981 su'nt
710 1954 897 1982 transformati
913 1955 962 1983 ho-

165 2004 271 2030 minum
289 1999 486 2029 devoratrices.
510 1999 542 2026 Et
563 1998 644 2034 paulo
663 1999 780 2027 inferius
803 2002 860 2028 ait:
876 2001 961 2028 Nemo

164 2057 207 2076 vos
228 2048 336 2075 seducat
360 2045 415 2073 ulla
431 2046 520 2073 modo.
546 2045 603 2072 llas
626 2045 716 2081 itaque
737 2046 922 2079 promissione:
943 2056 960 2074 ιι

166 2096 221 2123 Deo
240 2094 377 2125 habentes,
397 2094 463 2120 bono
481 2092 571 2119 animo
595 2097 686 2120 estote.
705 2092 760 2120 Nos
781 2093 851 2120 enim
867 2095 960 2121 vestris

164 2143 289 2169 cordibus
320 2139 479 2175 conﬁdentes
501 2139 540 2166 ita
564 2138 702 2166 scribimus
724 2139 806 2168 vobis.
829 2139 963 2168 Ostiarins

163 2194 305 2224 pastorque
321 2187 403 2214 bonus
420 2191 444 2213 et
459 2186 516 2213 dua:
539 2185 658 2220 corporis
685 2184 794 2218 Christi,
812 2193 844 2212 ac
866 2187 960 2214 domus

165 2236 215 2262 Dei
241 2234 349 2261 lucerna
374 2241 421 2268 ego
435 2240 516 2264 sum;
545 2236 570 2258 et
590 2231 721 2259 vobiscum
743 2240 837 2259 maneo
859 2233 959 2260 cunctis

975 1606 996 1635 C

1014 989 1120 1021 ξασθε,
1132 989 1209 1016 κατὰ
1221 991 1254 1016 τὸ
1265 989 1472 1025 γεγραμμένον
1482 999 1488 1006 ·
1505 999 1514 1016 ι
1529 991 1593 1018 Ὀτι
1609 990 1663 1017 ἐὰν
1674 992 1690 1018 ὀ
1703 991 1820 1026 ὀφθαλ-

1011 1035 1069 1070 μός
1084 1042 1144 1063 σου
1152 1036 1270 1069 ἁπλοῦς
1285 1034 1316 1072 ᾗ,
1333 1036 1408 1064 ὅλον
1427 1037 1460 1064 τὸ
1482 1035 1570 1072 σῶμά
1591 1046 1650 1064 σου
1668 1038 1821 1072 φωτεινῶ-

1013 1081 1112 1109 ἕσται.
1126 1091 1135 1107 ι
1157 1080 1193 1109 Ὦ
1207 1082 1348 1118 τρισάθλιε
1361 1084 1409 1110 καὶ
1425 1083 1515 1119 πάσης
1530 1083 1646 1119 ἀνομίας
1664 1085 1818 1121 πεπληρω-

1015 1129 1097 1164 μένε·
1115 1130 1139 1156 εί
1154 1129 1279 1165 μαθητὴς
1297 1130 1418 1163 Παύλου,
1435 1129 1474 1161 ὡς
1488 1129 1589 1165 λέγεις,
1606 1129 1752 1166 ὑπάρχεις,
1771 1131 1819 1157 ἵνα

1014 1175 1040 1202 τί
1056 1175 1087 1202 οὺ
1107 1177 1178 1212 μιμῇ
1196 1176 1243 1203 τὸν
1255 1176 1434 1210 διδάσκαλον;
1452 1176 1538 1208 Αὐτὸς
1559 1176 1615 1213 γὰρ
1629 1177 1726 1204 ἑαυτὸν
1741 1178 1815 1205 πάν-

1013 1229 1069 1248 των
1085 1221 1230 1257 περίψημα
1255 1221 1360 1256 ἔλεγεν,
1375 1221 1516 1258 ἔκτρωμα,
1533 1224 1580 1250 καὶ
1602 1222 1746 1258 ἐλάχιστον
1759 1223 1818 1250 τῶν

1014 1268 1172 1295 ἀποστόλων
1185 1276 1191 1282 ·
1218 1268 1249 1295 σὺ
1265 1268 1294 1295 δὲ
1310 1268 1430 1295 τοσαῦτα
1450 1268 1554 1304 δράσας
1570 1269 1644 1296 κακὰ
1665 1270 1713 1296 καὶ
1727 1269 1816 1305 μηδὲν

1014 1313 1118 1347 ἀγαθὸν
1134 1313 1324 1348 κατορθώσας,
1339 1313 1409 1348 ὑπὲρ
1432 1313 1479 1340 τὸν
1498 1313 1644 1348 Φαρισαῖον
1668 1313 1812 1348 μεγαλαυη

1013 1361 1090 1394 χεῖς;
1112 1360 1162 1386 οὐκ
1183 1359 1304 1394 ἀνέγνως
1326 1359 1358 1386 τὸ
1383 1360 1488 1394 φάσκον
1507 1359 1608 1394 λόγιον,
1624 1360 1666 1386 ὅτι
1679 1361 1694 1386 6
1715 1360 1815 1386 ἑαυτὸν

1015 1407 1159 1440 συνιστῶν,
1179 1407 1256 1434 οὐδέν
1284 1408 1369 1440 ἑστιν,
1386 1407 1411 1434 εί
1438 1407 1486 1434 καὶ
1506 1407 1594 1443 ἀληθῆ
1611 1407 1708 1442 λέγεις
1729 1408 1814 1440 αὐτὸς

1013 1453 1042 1480 δὲ
1066 1453 1260 1489 ἐσκοτισμένος
1277 1454 1323 1480 τὸν
1337 1453 1400 1481 νοῦν
1423 1453 1533 1485 καὶτὰς
1557 1453 1659 1489 φρένας
1679 1453 1814 1489 ὑπάρχων

1013 1496 1046 1523 δι’
1066 1497 1139 1529 ὅλου,
1159 1497 1218 1528 πῶς
1245 1497 1352 1532 ψευδῶς
1381 1497 1455 1533 [e0d.
1472 1497 1492 1524 ί.
1512 1497 1563 1524 107
1587 1497 1628 1534 ι›.]
1654 1498 1813 1534 λυχνοφανῆ

1014 1541 1118 1577 ἀστέρα
1136 1542 1248 1568 σεαυτὸν
1277 1542 1324 1568 καὶ
1346 1541 1476 1577 λαμπάδα
1501 1541 1616 1577 φαεινὴν
1639 1541 1688 1568 καὶ
1713 1541 1814 1577 ὁδηγὸν
1842 1546 1850 1555 ·

1015 1587 1154 1622 σωτηρίας
1177 1587 1282 1621 ἔλεγες,
1297 1589 1312 1614 6
1331 1587 1467 1619 τοσαύτας
1483 1587 1573 1623 ψυχὰς
1591 1587 1731 1619 ἀπολέσας
1742 1607 1749 1619 ,
1764 1587 1815 1614 καὶ

1013 1633 1151 1668 ὀφθαλμὸν
1182 1632 1231 1659 τοῦ
1254 1633 1381 1668 σώματος
1405 1633 1457 1668 τῆς
1484 1633 1532 1660 τοῦ
1547 1632 1614 1660 Θεοῦ
1635 1633 1814 1668 Ἐκκλησῑας,

1011 1679 1124 1715 ἔκφρων
1147 1680 1195 1708 καὶ.
1209 1680 1400 1716 ὲμῦρόντητε·
1421 1681 1457 1707 Σὺ
1469 1678 1516 1706 οὖν
1541 1679 1642 1715 τυφλὸς
1666 1680 1814 1715 ὑπάρχων,

1011 1725 1099 1758 ἄθλιε,
1128 1726 1188 1757 πῶς
1217 1726 1309 1758 ἄλλοις
1332 1726 1428 1760 ὁδηγὸς
1454 1726 1570 1761 γέγονας
1589 1725 1744 1761 σωτηρίας;
1761 1726 1815 1752 οὐκ

1012 1772 1143 1806 ἀνέγνως,
1168 1773 1209 1798 ὅτι
1237 1772 1353 1806 τυφλὸς
1368 1773 1487 1806 τυφλὸν
1519 1771 1574 1799 ἐὰν
1589 1771 1696 1806 ὁδηγῇ,
1714 1771 1816 1806 ἀμφό-

1012 1826 1091 1852 τεροι
1125 1819 1168 1851 εΙς
1190 1818 1308 1852 βόθρον
1335 1817 1545 1852 ἐμπεσοῦνται
1553 1825 1563 1849 ;
1596 1818 1677 1845 ποίαν
1709 1817 1738 1844 δέ
1763 1826 1814 1844 σου

1011 1864 1181 1900 ζηλώσουσιν
1205 1865 1322 1900 ἀρετήν;
1338 1865 1379 1891 ὅτι
1393 1865 1505 1900 κράζεις
1517 1873 1526 1882 ο
1541 1864 1666 1900 Μιμηταί
1696 1872 1748 1900 μου
1767 1865 1816 1898 γί-

1011 1910 1111 1942 νεσθε,
1133 1910 1180 1936 καὶ
1210 1911 1336 1944 κρατεῖτε
1364 1910 1415 1941 τὰς
1443 1909 1608 1945 παραδόσεις
1635 1909 1668 1942 ἃς
1688 1910 1816 1944 παρελά-

1013 1955 1075 1981 ϐετε
1101 1954 1166 1988 παρ’
1183 1954 1261 1989 ἐμοῦ.
1280 1954 1344 1981 Ἰδοὺ
1363 1954 1454 1981 τοίνυν
1468 1955 1518 1989 τῆς
1538 1953 1657 1985 πίστεώς
1684 1963 1731 1981 σου
1763 1955 1816 1982 καὶ

1011 2000 1189 2031 διδασκαλίας
1216 2000 1322 2035 καρπὸς
1340 1999 1491 2035 ἐϐλάστησε
1514 2000 1638 2036 μεγάλην
1663 2000 1813 2026 ἀσέϐειαν-

1011 2048 1035 2073 οξ
1064 2046 1119 2083 γὰρ
1140 2047 1259 2082 μαθηταί
1285 2055 1332 2073 σου
1358 2046 1412 2082 πρὸ
1427 2045 1475 2074 τοῦ
1506 2055 1536 2074 σε
1566 2046 1710 2083 γνωρίσαι,
1742 2047 1816 2082 1:96-

1011 2092 1082 2120 σατα
1118 2093 1260 2128 ὑπῆρχον·
1288 2092 1336 2119 νῦν
1370 2092 1400 2119 δὲ
1434 2093 1544 2127 γνόντες
1587 2101 1617 2119 σε
1651 2093 1753 2128 μᾶλλον
1782 2092 1815 2120 δὲ

1012 2138 1182 2173 γνωσθέντες
1200 2139 1253 2166 ὑπὸ
1281 2138 1340 2172 σοῦ,
1369 2140 1409 2170 είς
1424 2139 1511 2175 θῆρας
1536 2139 1745 2175 μετεϐλήθησαν
1761 2140 1814 2166 ἀν-

1013 2184 1227 2221 θρωποϐόρους·
1261 2187 1309 2212 καὶ
1347 2186 1408 2220 μετ’
1440 2185 1519 2220 ὀλίγα
1547 2186 1631 2223 φησιν
1650 2194 1658 2202 ·
1697 2185 1815 2220 Μηδεὶς

1011 2231 1091 2266 ὑμᾶς
1119 2231 1299 2266 ἐξαπατήσῃ
1321 2231 1406 2259 κατι)
1423 2231 1543 2267 μηδένα
1556 2233 1678 2267 τρόπον.
1698 2231 1815 2265 Ταύτας

165 2280 254 2306 diebus
271 2288 352 2315 usque
367 2279 402 2306 ad
422 2278 515 2306 seaculi
535 2278 798 2305 consummationem.
815 2277 886 2306 Nam
911 2279 960 2306 etsi

1012 2277 1047 2304 δὲ
1063 2278 1117 2311 τὰς
1133 2277 1315 2313 ἐπαγγελίας
1336 2277 1460 2312 ἔχοντες
1485 2278 1520 2305 ἐκ
1543 2278 1628 2310 Θεοῦ,
1651 2275 1791 2312 θαρσεῖτε
1805 2285 1814 2293 ·

165 2334 273 2361 corpore
292 2325 397 2358 absum,
422 2329 543 2352 attamen
566 2324 663 2359 spiritu
686 2323 817 2351 vobiscum
834 2332 904 2352 sum.
921 2325 960 2352 De

1015 2324 1101 2360 ἡμεῖς
1120 2324 1175 2359 γὰρ
1200 2324 1396 2359 πεπεισμένοι
1423 2324 1510 2358 ὄντες
1534 2324 1570 2352 ὲν
1585 2324 1650 2357 ταῖς
1674 2322 1815 2357 καρδίαις

164 2377 268 2405 cwtero,
285 2371 417 2408 gaudete;
434 2375 458 2398 et
477 2370 546 2397 Deus
564 2370 637 2405 pacis
650 2369 783 2397 vobiscum
800 2371 859 2398 erit.
956 2390 959 2393 .

1013 2370 1116 2406 ὑμῶν,
1148 2371 1301 2407 γράφομεν
1321 2371 1408 2406 ὑμῖν·
1437 2371 1483 2398 ὅτι
1515 2373 1532 2399 ὁ
1561 2370 1693 2406 θυρωρὸς
1714 2370 1765 2397 καὶ
1797 2371 1816 2396 d

164 2418 280 2454 ποιμὴν
294 2419 310 2446 ὁ
326 2418 431 2451 καλὸς,
446 2417 496 2444 καὶ
512 2418 528 2445 d
544 2416 652 2452 ὀδηγὸς
677 2416 731 2444 τοῦ
751 2418 890 2452 σώματος
908 2418 962 2446 τοῦ
974 2418 1116 2454 Χριστοῦ,
1145 2419 1195 2446 καὶ
1219 2419 1236 2445 ό
1265 2418 1382 2452 λύχνος
1403 2418 1456 2445 τοῦ
1470 2418 1556 2446 οἴκου
1580 2418 1636 2445 τοῦ
1655 2417 1731 2444 Θεοῦ
1755 2417 1816 2452 ἐγώ

163 2467 236 2500 εἰμι’
256 2465 306 2491 καὶ
321 2463 385 2499 μεθ’
399 2463 485 2499 ὑμῶν
495 2464 553 2499 ειμι
570 2462 673 2495 πάσας
690 2463 744 2496 τὰς
765 2463 889 2498 ἡμέρας.
904 2464 961 2498 ἕως
972 2464 1027 2500 τῆς
1047 2465 1227 2497 συντελείας
1259 2463 1313 2491 τοῦ
1337 2463 1463 2497 αἰῶνοςν
1491 2465 1518 2491 ει
1534 2464 1602 2499 ,γὰρ
1622 2463 1672 2490 καὶ
1689 2462 1730 2496 τῷ
1750 2463 1814 2490 σώ-

161 2520 233 2547 ματι
258 2511 370 2546 ἄπειμι,
383 2509 464 2537 ἀλλὰ
478 2508 518 2542 τῷ
535 2510 683 2545 πνεύματι
706 2510 768 2537 σὺν
791 2510 862 2545 ὑμῖν
884 2512 964 2546 εἰμι·
983 2511 1094 2538 λοιπὸν
1119 2510 1249 2546 χαίρετε,
1288 2510 1510 2545 καταρτίζεσθε,
1532 2511 1582 2538 καὶ
1620 2511 1637 2538 ὁ
1661 2511 1736 2544 Θεὸς
1754 2509 1814 2544 τῆς

163 2559 287 2595 εἰρήνης
300 2558 387 2586 ἔσται
397 2558 462 2593 μεθ’
478 2558 572 2592 ὑμῶν.

199 2615 343 2645 XXXVIII.
358 2615 381 2644 Ο
394 2616 518 2643 veritatis
533 2615 631 2648 hostis,
648 2614 686 2643 [ili
701 2615 814 2648 diaboli,
828 2620 854 2643 et
866 2616 958 2643 omni-

1049 2615 1116 2643 AH'.
1134 2613 1170 2642 Ὦ
1190 2615 1272 2652 ἐχθρὲ
1297 2616 1348 2652 τῆς
1372 2616 1512 2652 ἀληθείας,
1543 2616 1585 2642 υἱὲ
1607 2615 1746 2649 διαδόλου,
1763 2617 1812 2642 καὶ

164 2664 253 2693 mode:
268 2663 380 2692 malitiae
401 2663 548 2698 operator!
572 2661 711 2697 quomodo
728 2669 812 2689 ausus
831 2666 875 2690 est
899 2662 958 2690 htec

1013 2663 1104 2698 πάσης
1118 2661 1294 2698 ῥᾳδιουργίας
1313 2662 1417 2699 ὲργάτα
1430 2670 1436 2677 ·
1453 2661 1513 2694 πῶς
1527 2662 1682 2698 ἐτόλμησας
1697 2661 1811 2688 τοιαῦτα

164 2711 267 2746 eloqui,
282 2709 415 2746 aequalem
433 2714 459 2737 te
473 2708 529 2736 Deo
543 2707 666 2736 faciens?
683 2709 763 2736 (Zerte
777 2708 823 2744 qui
839 2715 870 2736 se
881 2709 958 2736 exal-

1012 2708 1247 2744 ἀποφθέγγεσθαι,
1267 2710 1324 2737 ῐσον
1339 2709 1435 2738 ἑαυτὸν
1458 2709 1544 2738 ποιῶν
1565 2709 1605 2745 τῷ
1630 2708 1708 2744 Θεῷ;
1723 2710 1738 2736 ό
1755 2708 1810 2744 γὰρ

198 2785 222 2801 ⁸⁷
247 2783 343 2812 Matth.
366 2782 452 2814 n.25.
492 2782 514 2798 "
530 2781 724 2815 Matth.u,‘22.
764 2781 955 2814 "llCor.x,i

1025 2782 1049 2797 "°
1061 2780 1158 2808 Matth.
1175 2788 1220 2813 xv,
1235 2779 1278 2806 Η.

806 2850 926 2879 νΑιιιλΕ
957 2850 1161 2880 LECTIONES.

907 2910 941 2917 n—

161 2928 165 2942 :
191 2922 203 2936 ι
218 2917 252 2946 li.
267 2918 382 2954 ἔγραφε.
401 2908 441 2954 “in
460 2917 492 2945 li.
509 2917 597 2954 ἡμῶν.
