1948 3070
605 151 661 163 μιν-ν

145 168 214 201 1297

710 166 897 198 HISTORIA
913 166 1221 199 MANICHAEORUM.

1721 166 1789 199 1298

142 227 219 262 ὑψῶν
232 225 329 254 ἑαυτὸν
340 225 576 261 ταπεινωθήσεται
585 233 591 241 -
607 223 656 252 καὶ
671 223 718 251 τοῦ
732 224 807 260 [οοιί.
820 225 839 252 f.
857 224 935 261 108.]
949 252 951 256 ,

1003 231 1034 258 ιι,
1062 226 1272 254 humiliabitur:
1295 230 1332 259 et,
1355 224 1532 261 gloriﬁcantis
1558 224 1688 260 seipsum,
1715 226 1790 253 nulla

142 272 301 304 δοξάζοντος
315 272 411 299 ἑαυτὸν
426 272 445 307 ἡ
456 271 521 304 δόξα
539 270 617 298 οὐδέν
629 271 688 297 ἐστι
699 279 706 286 ο
727 270 774 297 καὶ
786 271 800 296 ὁ
816 270 940 306 βλασφη-

145 317 204 353 μῶν
217 317 246 344 δὲ
263 318 305 349 είς
321 317 353 343 τὸ
378 316 491 352 Πνεῦμα
505 317 537 343 τὸ
563 316 652 350 ἅγιον,
675 316 725 342 οὐκ
751 315 808 350 εχει
832 316 940 350 ἄφεσιν,

143 363 205 391 οὔτε
230 363 260 390 ἐν
275 362 314 398 τῷ
328 363 376 390 νῦν
398 363 488 395 αίῶνι,
506 361 568 389 οὕτε
592 363 621 389 ὲν
646 362 686 397 τῷ
704 362 843 398 μέλλοντι·
861 362 894 389 σὺ
911 362 941 389 δὲ

144 410 255 436 πάντων
273 408 378 436 τούτων
390 408 542 441 ὑπεύθυνος
555 408 690 444 ὑπάρχεις
703 417 709 424 ·
729 409 777 436 καὶ
794 408 876 436 πάλιν
888 417 925 444 φη
934 424 941 428 -

145 456 188 483 σίν
199 465 205 472 ·
223 456 289 483 Ἔτι
310 455 345 482 δὲ
365 455 453 491 λέγω,
469 455 527 489 τὴν
543 455 578 482 ἑν
596 455 730 489 Κορίνθῳ
757 455 942 490 Ἐκκλησίαν

143 501 322 537 ᾠκοδόμησε
349 502 490 535 Παῦλος·
520 501 580 535 τὴν
603 501 638 528 δὲ
660 501 867 534 Μακεδονίαν,
893 503 942 529 Σι-

144 548 279 582 λουανὸς
294 548 344 575 καὶ
362 547 446 582 Τῖτος
457 556 464 563 ·
478 547 554 582 λέγει
569 547 598 574 δὲ
622 548 805 580 Μακεδονίαν,
829 548 858 574 τὸ
881 557 944 574 συν-

145 594 234 630 έδριον
251 594 283 621 τὸ
309 595 349 626 είς
364 594 504 622 Κίὸοσσαν
518 603 525 609 ·
554 595 601 622 καὶ
621 595 827 622 Κωνσταντῖνον
843 595 871 622 δὲ
896 595 944 622 καὶ

145 641 284 676 Σιμεῶνα,
292 640 436 668 Σιλουανὸν
446 641 492 668 καὶ
504 641 583 668 Τῖτον
597 641 746 668 ἀποκαλεῖ“
757 642 811 668 Kal
825 642 944 676 Ἀχαΐαν

145 688 332 722 ἀνιστόρησε
345 688 360 708 ι’
377 688 529 722 Τιμόθεος·
547 687 622 722 λέγει
644 688 672 715 δὲ
690 688 740 723 τὴν
765 688 924 715 Μανάναλιν
935 696 942 704 ’

147 734 194 762 καὶ
215 734 262 761 τὸν
289 733 445 768 Γεγνέσιον,
471 734 604 770 Τιμόθεον
630 734 772 769 ὀνομάζει,
794 735 839 762 τὸν
861 734 945 767 ὅντως

145 781 296 817 Θυμόθεον,
309 780 370 815 Τὴν
379 780 440 807 τῶν
450 781 662 815 Φιλιππησίων
674 781 845 815 ἐκκλησίαν
870 781 946 808 ἐλει-

148 828 319 862 τούργησεν
333 827 550 862 Ἐπαφρόδιτος
562 837 568 842 ·
590 827 665 862 λέγει
677 828 705 854 δὲ
717 827 761 854 τὸν
773 828 805 854 ὲκ
821 828 947 863 πορνείας

154 874 254 910 Ἰωσὴφ
269 873 316 900 τὸν
331 872 455 905 αἰπόλον,
472 873 518 899 τὸν
539 873 624 905 ὅντως
646 874 812 910 ἀφρόνητοψ
834 874 881 900 καὶ
896 874 943 900 Φι-

994 271 1079 308 gloria
1104 275 1146 300 est
1168 281 1183 298 ες·
1206 277 1235 300 et
1260 272 1306 307 qui
1334 273 1467 300 adversus
1499 271 1631 306 Spiritum
1664 277 1788 299 sanetum

994 317 1178 352 blasphemat,
1201 317 1310 344 veniam
1332 324 1387 344 non
1414 317 1543 352 impetrat
1574 324 1663 352 neque
1687 317 1715 344 in
1739 318 1791 344 hoe

994 363 1096 392 smculo
1112 371 1202 399 neque
1215 363 1243 390 in
1260 363 1363 390 futuro.
1379 362 1419 390 Tu
1438 363 1481 390 his
1497 363 1626 390 omnibus
1641 364 1728 399 culpis
1739 364 1790 391 ob-

994 410 1094 438 noxius
1108 418 1148 438 es.
1166 410 1273 437 Rursus
1288 410 1328 437 ait
1344 409 1475 444 Sergius:
1491 409 1585 436 Adhuc
1598 410 1653 442 aio,
1671 409 1792 437 Corinthi

993 456 1142 484 Ecclesium
1170 455 1272 483 Paulus
1287 456 1439 490 aediﬁcavit,
1450 455 1613 483 Macedonia:
1623 455 1749 483 Silvanus
1759 465 1791 483 ac

992 502 1076 529 Titus.
1087 502 1156 530 Dicit
1164 510 1247 538 porro
1255 501 1440 529 Macedoniam
1451 502 1558 537 synedri
1564 510 1607 529 um
1616 503 1647 529 vin
1659 502 1726 530 urbe
1735 502 1789 538 43

990 548 1121 581 Cihossa;
1139 548 1352 576 Constantinum
1368 555 1433 575 vero
1449 553 1478 575 et
1494 548 1663 580 Simeonem,
1686 548 1792 576 Silvani

991 595 1101 631 Titique
1115 595 1273 623 nominibus
1289 595 1411 622 denotat.
1426 594 1555 622 Achaiam
1570 595 1684 622 erudivit
1703 594 1792 622 Timo-

996 643 1080 670 theus.
1098 643 1169 671 Dicit
1183 650 1249 670 vero
1264 642 1393 670 Achaiam
1410 649 1460 677 pro
1475 642 1630 676 Mananali;
1646 646 1673 670 et
1689 641 1792 678 Gegne

996 688 1067 716 simu
1085 688 1204 723 appellat
1216 687 1403 719 Timotheum,
1421 695 1484 715 vere
1498 687 1713 723 Thymotheum.
1727 687 1793 714 Phi~

997 735 1153 770 lippensium
1170 734 1294 761 Ecclesite
1308 734 1469 761 ministravit
1490 734 1701 769 Epaphroditum
1723 733 1796 760 Dicit

999 780 1125 809 videlicet
1144 781 1267 815 spurium
1284 780 1435 816 Josephum
1452 780 1607 815 caprarium
1628 780 1715 814 illum,
1730 787 1794 807 vere

998 825 1200 861 Aphronilum;
1216 825 1408 860 Philippenscs
1419 825 1541 860 appellat
1556 824 1708 859 discipulos
1723 824 1794 859 ejus.

999 871 1211 901 Laodicensium.
1241 869 1427 905 Ephesiorum,
1449 878 1496 897 nec
1517 879 1568 897 non
1597 869 1795 898 Catanensium

147 918 315 955 λιππησίους
329 918 459 954 ὀνομάζει
475 919 537 951 τοὺς
554 919 678 954 μαθητὰς
692 919 787 946 αὑτοῦ.
800 919 860 954 Τὴν
868 922 943 947 Λαο-

1003 917 1133 945 Ecclesia;
1146 917 1249 944 edocuit
1266 917 1401 952 Tychicus.
1422 916 1526 952 Nempe
1541 916 1721 945 Colossenses
1731 917 1797 944 dicit

148 965 256 993 δικέων
271 965 321 993 καί
340 965 488 1000 Ἐφεσίων
507 966 688 1000 ἐκκλησίαν,
710 966 754 993 ἐτι
769 965 804 992 δὲ
820 965 870 993 καὶ
891 965 949 1000 τὴν

149 1012 210 1041 τῶν
223 1012 441 1045 Κολασσαέων,
453 1012 640 1048 ἐμαθήτευσε
661 1013 798 1047 Τυχικός.
824 1013 879 1039 Καὶ
893 1013 949 1039 Κο-

150 1059 280 1090 λασσαεῖς
299 1058 347 1093 μὲν
361 1058 437 1093 λέγει
456 1059 520 1090 τοὺς
542 1058 710 1094 ’Λργαούτας
722 1067 728 1074 ·
750 1058 892 1093 Ἐφεσίους
905 1058 945 1090 δὲ,

149 1105 213 1136 τοὺς
231 1105 260 1130 ἐν
275 1103 472 1140 Μομψουεστίᾳ
482 1112 488 1119 ’
505 1105 648 1136 Λαοδικεῖς
662 1104 690 1131 δὲ
711 1104 773 1136 τοὺς
786 1103 947 1131 κατοικοῦν-

150 1159 199 1182 τας
216 1150 310 1182 Κύνας
326 1150 376 1186 τὴν
387 1150 433 1177 τοῦ
449 1150 536 1182 Κυνὸς
554 1150 662 1186 χώραν·
682 1151 858 1185 περὶτούτων
879 1151 949 1178 πάν-

150 1205 206 1224 των
221 1196 305 1231 λέγει,
324 1197 365 1223 ὅτι
389 1197 417 1223 αἱ
430 1202 441 1216 ο
461 1199 534 1233 τρεῖς
556 1197 586 1224 ἓν
606 1198 671 1230 εἰσι,
688 1198 736 1224 καὶ
759 1197 804 1232 ὑφ’
825 1197 884 1228 ἑνὸς
903 1196 950 1223 τοῦ

152 1242 273 1279 Τυχικοῦ
291 1242 450 1278 μηνύονται.
470 1244 554 1279 Ὀρᾷς
571 1243 630 1275 πῶς
649 1244 746 1270 ἑαυτὸν
769 1242 951 1278 προϐάλλεται

153 1288 316 1315 διδάσκαλον
332 1289 373 1320 είς
397 1288 432 1316 τὰ
446 1288 495 1316 τοῦ
525 1290 710 1325 ’Λντιχρίστου
735 1290 882 1325 συνέδρια,
907 1289 953 1316 διὰ

153 1333 204 1368 τὴν
221 1333 328 1361 πολλῶν
339 1334 449 1369 ἀπάτην
463 1335 534 1362 κατὰ
549 1331 598 1370 τὴν
612 1335 762 1370 ὀνομασίαν
778 1335 833 1362 τῶν
852 1335 954 1370 ἐκκλη-

999 964 1154 1000 Argaulas;
1182 962 1326 999 Ephesios,
1348 963 1574 999 Mopsuestenos;
1598 964 1794 995 Laodicenses,

997 1010 1181 1046 tlynopoleos,
1197 1010 1295 1037 urbem
1309 1015 1390 1046 atque
1411 1010 1592 1046 provinciam.
1612 1010 1650 1037 De
1676 1010 1718 1038 his
1745 1009 1796 1037 Ec-

998 1056 1090 1084 clesiis
1110 1056 1262 1092 generatim
1285 1057 1362 1090 dicit,
1381 1062 1437 1084 tres
1452 1064 1515 1084 esse
1530 1064 1625 1087 unam,
1645 1061 1673 1084 et
1692 1056 1726 1083 ab
1743 1064 1797 1083 uno

999 1102 1119 1139 Tychieo
1145 1104 1345 1138 repraesentari.
1373 1103 1468 1131 Viilen’
1510 1103 1647 1138 quomodo
1676 1103 1798 1138 seipsum

999 1149 1130 1177 obtundat
1140 1149 1299 1184 magistrum
1320 1149 1348 1175 in
1363 1148 1524 1176 Antichristi
1536 1148 1673 1184 synedria,
1689 1152 1718 1174 ut
1729 1147 1798 1174 [nul-

1001 1195 1147 1223 titudinem
1156 1195 1275 1230 decipiat
1282 1195 1510 1231 appellationibus
1520 1194 1707 1222 Ecclesiarum
1717 1193 1799 1221 Chri-

1001 1242 1058 1270 sti?
1087 1242 1195 1269 illarum
1227 1242 1354 1270 videlicet
1380 1242 1492 1277 indigne
1518 1242 1656 1276 stulteque
1686 1241 1798 1268 nomina

1001 1297 1149 1324 usurpans.
1172 1297 1233 1324 qua:
1248 1289 1275 1316 in
1297 1288 1420 1324 Apostoli
1434 1288 1557 1323 epistolis
1578 1287 1619 1315 sic
1644 1287 1798 1322 antiquitus

1003 1336 1146 1371 appellatae
1159 1335 1282 1362 fuerunt.

155 1380 220 1406 σιῶν
232 1379 278 1407 τοῦ
297 1380 427 1416 Χριστοῦ,
441 1381 498 1407 τῶν
516 1381 545 1408 ἐν
555 1382 616 1412 ταῖς
626 1381 782 1412 ἐπιστολαῖς
800 1380 964 1407 ’Λποστόλου
981 1379 1407 1416 ὲμφερομένων,όνοματοθετῶν
1422 1379 1526 1414 ἀλόγως
1540 1378 1551 1398 ιι
1565 1378 1638 1414 [cm].
1654 1377 1672 1405 ί.
1692 1378 1742 1406 108
1758 1379 1798 1415 b.|

155 1426 204 1453 καὶ
220 1426 279 1453 λίαν
292 1426 417 1462 ἀφρόνως
432 1426 467 1453 τὰ
482 1426 536 1461 πρὸ
550 1427 655 1454 πολλῶν
666 1428 770 1463 χρόνιον
781 1428 830 1460 τὰς
847 1427 997 1463 ὀνομασίας
1013 1427 1116 1454 ἑαυτῶν
1133 1427 1311 1462 κληρωθέντα
1325 1436 1331 1458 ;

192 1472 254 1501 ΛΘ¹.
270 1474 377 1509 Φράσον
391 1473 421 1500 δέ
438 1482 493 1509 μοι,
510 1475 677 1509 συκοφάντα,
685 1475 735 1509 τῆς
751 1475 881 1510 ἀληθείας
890 1483 952 1501 κατ-

156 1519 258 1555 ήγορε’
283 1519 390 1551 Παῦλος
405 1520 422 1547 ὁ
436 1520 586 1553 ἀπόστολος
612 1521 666 1548 ἀπὸ
688 1521 883 1556 Ἰεροσολύμων
902 1521 952 1555 μὲ-

1041 1473 1164 1501 XXXIX,
1179 1474 1235 1509 Age
1244 1473 1287 1501 die
1304 1473 1567 1509 mihi,sycophanta,
1581 1473 1704 1501 veritatis
1716 1481 1798 1501 accu-

1005 1523 1097 1551 sator;
1111 1518 1224 1551 Paulus,
1237 1518 1283 1553 qui
1298 1519 1347 1545 abs
1364 1517 1562 1554 Hierosolymis
1571 1526 1656 1554 usque
1666 1519 1698 1546 ad
1713 1518 1802 1553 Illyri-

156 1574 202 1602 χρι
216 1565 265 1592 τοῦ
290 1565 440 1601 Ἰλλυρικοῦ
459 1566 506 1592 καὶ
520 1566 554 1592 τὰ
570 1566 635 1602 περὶ
650 1566 743 1602 κύκλῳ
757 1566 874 1599 διδάξας,
893 1565 951 1596 πῶς

1005 1573 1068 1593 cum
1083 1564 1196 1592 ﬁnitima
1220 1570 1319 1592 cuncta
1333 1564 1463 1595 erudivit,
1482 1565 1620 1598 quomodo
1639 1565 1724 1592 solam
1747 1565 1801 1592 Co-

158 1611 245 1647 μόνην
260 1611 310 1647 τὴν
326 1611 381 1638 τῶν
397 1610 551 1647 Κορινθίων
576 1611 742 1647 Ἐκκλησίαν
757 1611 950 1647 ᾤκοδόμησεν;

157 1658 212 1685 Καὶ
227 1659 252 1685 εί
263 1664 274 1677 ε
289 1657 396 1685 Παύλου
424 1658 544 1694 μαθηταὶ
562 1658 685 1694 ὑπῆρχον
699 1659 725 1685 οί
748 1659 802 1686 ὑπὸ
819 1659 866 1685 σοῦ
886 1667 954 1694 μνη-

159 1703 347 1738 μονευθέντες.
365 1703 424 1736 πῶς
447 1704 512 1739 παρ’
531 1703 616 1731 αὑτοῦ
642 1703 831 1740 ἐδιδάχθησαν,
856 1705 903 1731 καὶ
925 1705 954 1730 ὲν

159 1750 230 1786 ποίῳ
244 1750 331 1785 τόπῳ,
347 1751 378 1777 οἱπ
389 1750 457 1785 μετὰ
472 1751 621 1778 ὀκτακόσια
635 1751 682 1786 ἐτη
702 1750 880 1787 γεννηθέντες
901 1751 954 1777 ὑπ-

158 1796 262 1831 ῆρχον;
289 1796 352 1828 Πῶς
366 1795 495 1831 πολεμεῖς
509 1797 559 1832 τὴν
573 1796 702 1832 ἀλήθειαν
714 1805 721 1830 ;
745 1796 807 1828 Πῶς
825 1797 875 1823 οὐκ
888 1797 954 1832 ἐρυ-

160 1842 242 1878 θριᾷς
257 1842 383 1869 τοσοῦτον
402 1841 576 1877 ἐξαπατήσας
599 1842 663 1870 λαὸν
681 1844 710 1869 ἐν
735 1843 884 1878 ἀπατηλοῖς
909 1844 958 1879 ῥή-

162 1897 228 1925 μασι
244 1889 291 1916 καὶ
305 1888 419 1924 ὀνόμασι
432 1888 576 1923 ψευδέσιν;
600 1889 660 1915 Ἵνα
683 1889 709 1915 τί
731 1889 879 1924 ἠγάπησας
908 1890 957 1925 τὴν

159 1935 241 1968 δόξαν
262 1933 318 1961 τῶν
338 1933 502 1969 ἀνθρώπων,
529 1935 577 1961 καὶ
599 1934 631 1961 οὐ
654 1934 703 1970 τὴν
727 1935 774 1961 τοῦ
789 1935 858 1962 θεοῦ
871 1955 879 1968 ,
909 1936 956 1963 καὶ

161 1979 332 2016 παρακαλεῖς
354 1979 483 2016 δεχθῆναι
510 1980 586 2016 παρὰ
612 1981 721 2007 πάντων
748 1981 786 2012 ὡς
809 1981 958 2014 ἀπόστολος

161 2025 301 2062 Χριστοῦ,
322 2025 411 2060 λέγων
432 2026 501 2062 πρὸς
517 2026 621 2054 Λέοντα
645 2026 691 2053 τὸν
713 2026 853 2053 Μοντανόν
874 2027 930 2063 (59)
948 2035 955 2042 ⁵

162 2072 205 2100 Σὺ
226 2071 261 2099 δὲ
275 2072 411 2107 τήρησον
433 2072 565 2099 σεαυτόν
578 2081 584 2087 ·
607 2072 696 2105 ἔνδος
712 2073 743 2099 τὸ
763 2072 883 2107 τέμνειν
901 2073 959 2108 τὴν

162 2118 272 2153 ἀκλινῆ
292 2119 406 2146 πίστιν.
430 2119 502 2146 Τίνα
518 2118 573 2153 γὰρ
592 2119 773 2153 κατηγορίαν
792 2119 872 2153 ἔχεις
894 2120 959 2146 καθ’

162 2165 268 2200 mror;
285 2165 331 2198 Μή
342 2174 410 2194 τινα
421 2163 657 2198 ἐπλεονέκτησα,
669 2163 688 2198 ἣ
699 2164 959 2198 ὐψηλοφρόνησα;

166 2212 207 2238 Οὐ
222 2211 351 2238 δύνασαι
365 2210 470 2238 εἰπεῖν.
488 2211 523 2237 Et
535 2209 570 2237 δὲ
588 2209 751 2244 καίεῖπῃς·
771 2210 806 2237 ’11
812 2211 960 2244 μαρτυρία

1005 1611 1170 1639 rinthiorum
1184 1611 1332 1638 Ecclesiam
1350 1610 1518 1638 tedilicavit?
1537 1610 1571 1637 Et
1585 1611 1606 1638 si
1623 1610 1698 1638 Pauli
1716 1611 1802 1638 disci-

1004 1658 1061 1693 puli
1075 1662 1155 1685 erant
1167 1657 1194 1684 hi
1207 1657 1252 1692 qui
1264 1666 1280 1684 ιι
1294 1663 1320 1684 te
1333 1661 1532 1689 memorantur,
1544 1657 1681 1692 quomodo
1697 1657 1730 1684 ab
1743 1657 1802 1692 ipso

1007 1704 1126 1732 instituti
1152 1704 1276 1735 luerunt,
1299 1711 1390 1738 quove
1411 1703 1437 1729 in
1464 1702 1535 1734 loco,
1560 1703 1606 1737 qui
1628 1703 1803 1738 octingentos

1007 1755 1069 1786 post
1080 1758 1167 1779 annos
1179 1750 1262 1786 geniti
1281 1750 1412 1777 fuerunt?
1421 1749 1477 1777 Cur
1488 1749 1630 1777 veritatem
1642 1751 1805 1785 oppugnas?

1007 1797 1064 1825 Cur
1077 1802 1104 1824 te
1130 1805 1185 1824 non
1208 1797 1293 1832 pudet
1319 1800 1425 1823 tantum
1446 1795 1578 1830 populum
1599 1796 1804 1824 ludilicantibus

1006 1844 1137 1879 falsisque
1150 1844 1291 1871 vocabulis
1308 1843 1423 1870 fallere?
1441 1843 1497 1870 Cur
1519 1842 1661 1870 hominum
1677 1843 1803 1878 gloriam,

1006 1899 1062 1918 non
1089 1890 1148 1924 Dei,
1174 1890 1285 1924 diligis?
1307 1894 1390 1925 atque
1412 1889 1447 1916 ab
1470 1889 1599 1916 omnibus
1625 1897 1676 1917 ceu
1701 1889 1804 1917 Christi

1006 1936 1154 1972 Apostolus
1179 1936 1263 1971 recipi
1294 1935 1345 1968 vis,
1372 1932 1593 1971 quandoquidem
1621 1936 1655 1963 ad
1686 1936 1803 1963 Leonem

1007 1983 1202 2011 Montanistam
1218 1982 1255 2009 ita
1271 1981 1380 2012 scribis.
1399 1981 1435 2008 Tu
1454 1989 1515 2009 vero
1531 1981 1578 2008 tibi
1601 1989 1663 2008 cave
1686 1990 1694 2008 :
1717 1982 1805 2008 desine

1009 2028 1127 2055 scindere
1140 2035 1231 2055 veram
1244 2027 1335 2061 ﬁdem.
1357 2026 1428 2058 Quid
1452 2026 1522 2053 enim
1544 2027 1576 2052 de
1592 2026 1666 2053 nobis
1681 2031 1804 2060 expostu-

1011 2074 1070 2102 las?
1086 2074 1159 2102 Num
1180 2082 1227 2109 ego
1246 2080 1406 2108 quamquam.
1428 2071 1561 2106 spoliavi?
1584 2070 1656 2098 Num
1680 2072 1806 2107 cuiquam

1011 2120 1145 2156 palpanda
1159 2121 1248 2156 fucum
1272 2119 1344 2154 feci?
1360 2117 1436 2145 Nihil
1451 2117 1603 2152 ltujusmodi
1617 2117 1705 2144 dicere
1721 2123 1804 2152 potes.

1013 2167 1088 2201 Quod
1101 2167 1124 2194 si
1141 2167 1223 2193 etiam
1238 2165 1338 2192 dixeris
1349 2173 1358 2191 :
1377 2163 1565 2192 Testimonium
1589 2169 1666 2191 tuum
1693 2173 1744 2191 non
1767 2170 1806 2192 est

1013 2223 1114 2247 verum,
1136 2213 1192 2250 Μ
1205 2222 1222 2240 ιι
1246 2221 1288 2239 me
1302 2212 1369 2239 absit
1385 2217 1412 2238 ut
1436 2216 1460 2238 te
1484 2211 1583 2238 oderim
1597 2219 1606 2237 :
1625 2211 1678 2238 imo
1701 2220 1757 2243 ora,
1776 2217 1806 2239 ut

164 2265 225 2285 σου
242 2258 298 2285 οὐκ
309 2257 394 2284 ἐστιν
407 2257 535 2291 ἀληθὴς,
550 2257 614 2292 ἐμοὶ
631 2255 665 2282 δὲ
675 2256 717 2290 μὴ
739 2256 857 2290 γένοιτο
870 2255 951 2291 μισῆ·

1012 2259 1232 2296 quemadmodum
1249 2257 1380 2293 apostolos
1404 2257 1595 2292 prop/telasque
1619 2258 1749 2292 recepisti,
1763 2259 1808 2293 qui

165 2304 220 2331 σαί
238 2310 292 2330 σε’
317 2303 399 2331 ἀλλὰ
419 2303 641 2337 παρακαλέσαι,
663 2302 765 2337 ὥσπερ
779 2302 871 2335 ἐδέξω
885 2304 960 2331 ἀπο-

166 2350 299 2383 στόλους
315 2349 364 2376 καί
385 2349 551 2385 προφήτας,
571 2349 693 2382 οἵτινές
718 2351 778 2376 εισι
802 2349 960 2385 τέσσαρες,

166 2396 252 2429 δέξαι
275 2396 325 2423 καί
353 2397 498 2431 ποιμένας
521 2397 571 2423 καί
595 2395 817 2429 διδασκάλους,
844 2397 894 2424 ἵνα
921 2397 962 2432 μὴ

167 2442 350 2478 θηριάλωτος
361 2443 440 2478 γίνῃ.
456 2443 512 2470 Καὶ
529 2442 646 2478 ἀλλαχοῦ
659 2443 698 2467 f-I
712 2442 779 2478 ἔφης
792 2451 800 2459 ο
819 2443 851 2470 Ἡ
861 2443 962 2478 πρώτη

168 2489 294 2523 πορνεία
309 2488 349 2523 ἣν
366 2489 400 2516 ἐκ
414 2488 468 2516 τοῦ
483 2489 570 2524 Ἀδὰμ
585 2490 786 2524 περικείμεθα,
806 2491 964 2525 εὐεργεσία

168 2535 268 2563 ἐστίν·
293 2535 312 2569 ἡ
330 2534 366 2562 δὲ
381 2534 517 2570 δευτέρα,
529 2534 636 2570 μείζων
645 2540 656 2554 ι
668 2535 792 2570 πορνεία
805 2535 882 2563 ἐστὶ,
896 2536 962 2571 περ).

204 2609 227 2626 ⁸³
239 2609 249 2637 l
259 2609 323 2638 Cor.
332 2610 432 2644 vr,_i8.
901 2574 908 2610 1

1015 2312 1074 2334 sunt
1092 2310 1218 2341 quatuor,
1232 2306 1270 2332 itu
1283 2305 1367 2332 etiam
1383 2308 1502 2339 pastores
1514 2303 1628 2338 recipias
1651 2308 1731 2340 atque
1746 2312 1807 2331 ma-

1013 2354 1117 2389 gistros,
1135 2361 1166 2380 ne
1173 2354 1292 2389 ferarum
1305 2352 1398 2387 pra'da
1408 2351 1471 2386 ﬁas.
1481 2351 1553 2378 Alibi
1565 2359 1675 2387 quoque
1690 2351 1806 2379 dixisti:

1011 2399 1105 2427 Prima
1126 2399 1277 2435 fornicatio,
1294 2406 1375 2429 quam
1394 2405 1426 2425 ea:
1438 2397 1543 2424 Adamo
1555 2398 1747 2431 contraximus,
1765 2397 1809 2424 be-

1013 2446 1135 2481 neﬁcium
1150 2450 1197 2472 est.
1220 2445 1342 2472 Secunda
1368 2443 1455 2479 major
1473 2443 1616 2480 fornicatio
1638 2449 1685 2477 est,
1702 2444 1734 2470 de
1755 2453 1807 2478 qua

1012 2491 1076 2517 dicit
1091 2489 1213 2526 (Paulus)
1225 2490 1247 2506 “
1262 2498 1268 2516 :
1285 2499 1293 2515 ι
1311 2489 1362 2522 Qui
1374 2489 1532 2525 fornicatur,
1546 2489 1574 2517 in
1594 2490 1732 2524 proprium
1750 2498 1808 2516 cor-

1013 2545 1062 2572 pus
1079 2542 1179 2572 peccat.
1199 2546 1208 2563 ι
1231 2536 1371 2572 Addisque
1389 2536 1483 2564 dicens
1502 2545 1508 2562 :
1530 2537 1583 2563 Nos
1598 2535 1694 2563 Christi
1715 2545 1809 2572 corpus

795 2657 911 2686 VARI/ﬁ
940 2659 1141 2688 ιΕοτιοΝεδ.

211 2705 225 2726 b
242 2705 275 2732 ll.
290 2705 454 2743 ἀνιστόρισε.
491 2710 502 2725 ε
521 2705 561 2743 ll:
573 2706 597 2743 lo
613 2706 708 2743 procl.
722 2707 887 2743 queilmque
901 2712 942 2736 est

1003 2709 1135 2741 ndosum;
1154 2716 1216 2736 nam
1233 2709 1316 2737 codex
1335 2709 1417 2736 habet
1428 2709 1467 2741 αί,
1485 2707 1560 2743 quod
1571 2706 1688 2743 refertur
1699 2707 1738 2743 ad
1754 2711 1810 2735 tres

171 2742 314 2779 praedictas
329 2741 477 2779 ecclesias.
514 2741 527 2761 ά
542 2742 608 2768 Cod.
635 2742 649 2768 ὁ
666 2741 761 2776 λόγως.
788 2741 821 2769 R.
838 2741 851 2770 ti
871 2743 951 2777 Mm,-

1003 2745 1034 2772 υιι
1050 2745 1076 2772 in
1093 2753 1179 2779 marg.
1194 2753 1267 2772 corr.

173 2781 184 2795 |
201 2775 234 2802 lt.
244 2783 271 2804 et
285 2778 346 2804 cod.
365 2776 468 2812 μεῖξον.

1307 2750 1317 2763 θ
1336 2743 1369 2772 R.
1384 2749 1411 2771 et
1426 2741 1532 2779 codfi}.
1574 2742 1612 2767 (ἣν
1631 2741 1663 2769 R.
1679 2742 1805 2777 ἀλλυχοῦ.

943 2836 1059 2866 NOTAE.

209 2894 265 2930 (39)
285 2895 435 2930 Μυντανὺν,
458 2895 500 2923 vel
513 2894 683 2932 {Montanum
699 2896 839 2931 proprium
857 2904 968 2932 nomen,
983 2898 1024 2926 vel
1036 2897 1230 2933 appellativum
1245 2901 1445 2928 montanistam.

184 2978 200 2990 Κ
