1948 3070
149 169 215 203 1301
244 204 247 209 ,

680 157 684 162 ’
717 169 902 202 HISTORIA
918 170 1225 204 MANICIIIEORUM.

1726 174 1803 207 1302·

149 224 287 257 σιλεύσας,
297 224 338 251 ὅτι
349 226 417 251 πολὺ
433 225 515 260 μέρος
525 223 538 243 ¹²
550 224 606 252 τῶν
619 224 792 260 Χριστιανῶν
800 226 817 260 ἡ
829 224 942 260 τοιαύτη
956 250 961 257 Α

1014 227 1109 255 Iultam
1130 233 1276 256 cernerem
1300 229 1523 258 Christianorum
1545 234 1653 266 partem
1676 230 1712 259 ab
1742 231 1795 258 hac

149 271 257 306 αἵρεσις
271 270 433 305 ἐλυμήνατο,
448 271 644 306 ἐκπέμψαντες
658 272 731 298 κατὰ
746 271 846 303 παντὸς
863 271 948 298 τόπου

151 315 203 351 τῆς
223 314 383 350 Ῥωμαῖκῆς
396 315 495 350 ἀρχῆς,
510 316 575 348 τοὺς
592 316 804 351 εὑρισκομένους
818 316 847 342 ὲν
862 316 949 352 ταύτῃ

150 362 183 396 τῇ
211 360 322 396 μυσαρᾷ
347 360 453 396 αἱρέσει
484 361 662 389 ἀπέκτεννον,
689 359 817 389 ίἹιλθεν
844 361 892 390 οὖν
919 364 950 390 τὸ

151 406 316 442 πρόσταγμα
332 407 380 435 τοῦ
398 408 542 443 βασιλέως,
555 409 604 435 καὶ
617 409 657 440 είς
671 409 870 446 Ἀρμενιακοὺς
882 409 950 445 πρὸς

151 452 254 487 Θωμᾶν
266 453 312 481 τὸν
324 454 475 482 ἐπίσκοπον
485 454 715 491 Νεοκαισαρείας,
732 456 779 483 καὶ
795 455 841 483 τὸν
856 456 950 491 Παρα-

152 499 288 535 κονδάκην
305 499 421 536 ἔξαρχον
437 500 513 528 ὄντα.
530 501 609 528 Κατὰ
624 499 671 528 οὖν
686 502 735 537 τὴν
752 502 799 529 τοῦ
816 501 949 537 βασιλέως

152 544 289 578 κέλευσιν.
315 547 379 578 τοὺς
401 546 616 583 εὑρισκομένους
640 547 734 581 ἀξίους
759 548 875 575 θανάτου
903 549 951 575 καὶ

151 591 268 626 ὁδηγοὺς
282 591 422 624 ἀπωλείας
436 592 618 620 ἁπέκτεννον·
636 593 748 630 ὕστερον
761 593 792 620 δέ
808 602 880 625 τινες
895 593 951 620 τῶν

114 630 120 636 ’
152 637 199 664 τοῦ
228 637 342 673 Σεργίου
361 638 502 674 μαθητῶν,
529 639 722 675 οίλεγόμενοι
747 640 888 671 Ἀστατοι,
908 639 952 667 διὰ

154 683 302 719 προδοσίας
322 684 371 712 καὶ
390 684 468 712 δόλου
484 684 530 712 τὸν
547 685 662 722 ἔξαρχον
679 686 855 720 κατέσφαξαν
872 693 879 700 ·
905 686 953 713 καὶ

151 730 180 758 οι
203 731 394 767 Κυνοχωρῖται
409 731 522 766 ὁμοίως,
538 731 641 767 Θωμᾶν
654 731 702 758 τὸν
726 731 930 767 μητροπολίτην
943 739 951 747 ·

153 776 202 803 καὶ
220 775 308 808 οὕτως
330 776 506 812 προσέφυγον
531 777 558 804 οἱ
581 778 710 804 ’Δστατοι
737 777 767 803 ὲν
792 777 951 812 Μελιτηνῇ·

152 822 266 858 ἁμηρᾶς
282 821 311 848 δὲ
324 822 386 849 τότε
399 821 455 849 τῶν
469 822 559 849 ἐκεῖσε
580 822 666 849 ὄντων
679 821 847 858 Σαρακηνῶν
861 821 953 857 ὑπῆρ-

153 877 201 903 χεν
215 869 230 895 6
242 867 442 903 Μονοχερὰρης
454 875 461 882 ·
486 867 617 900 λαϐόντες
638 868 729 894 τοίνυν
745 869 810 903 παρ’
827 867 910 894 αὐτοῦ
927 867 953 893 oi

999 273 1095 302 haeresi
1112 274 1298 309 pessumdari,
1315 276 1424 311 jussere
1451 284 1502 312 per
1518 277 1675 304 universam
1693 277 1796 304 Roma»

998 327 1063 346 nam
1090 320 1221 348 ditionem
1249 327 1383 356 quotquot
1410 322 1493 357 hujus
1517 322 1690 350 detestabilis
1713 329 1798 350 secta;

999 366 1132 401 comperti
1155 367 1282 399 inissent,
1300 367 1401 396 occidi.
1422 368 1553 396 Pervenit
1576 369 1669 404 itaque
1692 367 1797 404 princi—

999 418 1066 446 pum
1093 412 1213 440 edictum
1239 413 1268 440 in
1293 413 1454 441 Armeniam
1467 421 1578 449 quoque
1605 414 1640 442 ad
1660 414 1801 442 Caesarem

1002 457 1161 493 episcopum
1175 457 1320 492 Thomam,
1336 464 1364 487 et
1381 459 1603 487 Paracondacem
1625 459 1798 494 praefectum.

1003 501 1176 539 Quapropter
1190 511 1371 540 quoscunque
1389 504 1575 539 inveniebant,
1596 513 1647 533 ceu
1667 505 1800 540 perditio-

1004 549 1047 576 nis
1059 549 1144 578 duces
1166 557 1199 577 ac
1212 554 1303 578 morte
1325 550 1423 587 dignos
1444 550 1659 579 interliciebant.
1671 551 1801 578 Nonnulli

1006 602 1100 631 postea
1121 596 1208 633 Sergii
1223 597 1361 632 discipuli,
1378 597 1466 626 Astati
1484 598 1563 629 dicti.
1579 597 1736 633 proditione
1751 597 1801 625 do-

1005 641 1086 676 loque
1099 641 1259 676 praefectum
1275 641 1496 675 interemerunt;
1509 642 1679 678 (Iynopolitaa
1698 642 1802 677 pariter

1009 686 1142 714 Thomam
1157 688 1376 722 metropolitam;
1393 693 1476 723 atque
1491 689 1527 716 ita
1539 689 1626 717 Astati
1645 688 1802 717 Melitenem

1006 732 1202 768 confugerunt,
1222 733 1269 760 ubi
1293 734 1406 769 regulus
1429 733 1630 762 Saracenorum
1656 739 1716 762 erat
1743 735 1804 762 Mo-

1006 779 1192 812 nocherares;
1217 786 1232 806 a
1251 786 1307 814 quo
1330 779 1420 807 Astati
1448 786 1519 816 pago
1545 780 1673 815 Argauno
1697 779 1803 813 donati,

1007 823 1101 851 sedem
1117 823 1155 851 ibi
1177 823 1351 857 deﬁxerunt;
1364 829 1392 852 et
1409 832 1471 852 mox
1490 824 1675 860 undequaque
1687 833 1805 853 numero

1007 870 1091 903 aucti,
1103 869 1240 898 Romanas
1257 875 1345 898 terras
1359 870 1510 905 deprtedari
1525 874 1680 906 coeperunt.
1692 870 1806 908 Sergius

155 914 306 946 Ἀστατοι.
331 913 378 941 τδν
401 914 548 950 ’Ᾱργαοῦν,
575 914 741 950 κατῴκησαν
768 915 858 941 ἐκεῖσε
873 922 880 930 ·
907 913 955 940 καὶ

1014 920 1102 943 autem
1117 923 1180 943 cum
1195 916 1253 944 suis
1269 916 1381 944 asseclis
1400 916 1540 952 aliquanto
1561 921 1685 952 tempore
1706 917 1804 945 demo-

154 960 243 992 οὕτως
277 960 507 997 ἑπισυναχθέντες
539 961 571 987 ὲκ
611 961 722 988 πάντων
754 961 810 988 τῶν
842 960 934 996 μερῶν
949 979 958 993 ,

155 1006 275 1042 ἤρξαντο
298 1006 455 1043 πραιδεύειν
479 1007 529 1042 τὴν
553 1007 725 1042 Ῥωμανίαν·
749 1008 763 1033 6
787 1007 816 1034 δὲ
841 1006 955 1042 Σέργιος

158 1053 324 1088 συνοικήσας
359 1052 429 1088 μετὰ
469 1052 525 1080 τῶν
557 1052 688 1088 μαθητῶν
719 1052 803 1080 αὑτοῦ
837 1053 878 1084 εἰς
909 1051 955 1079 τὸν

164 1099 297 1134 Ἀργαοῦν
311 1100 358 1126 ἐπὶ
373 1100 489 1135 χρόνους
509 1099 597 1132 τινὰς,
621 1099 735 1135 ὕστερον
759 1100 791 1126 ὲκ
806 1100 959 1135 δικαιοκρι-

159 1147 220 1177 σίας
244 1147 323 1178 θεοῦ,
340 1146 420 1184 ἀξίνῃ
437 1148 578 1179 ἐκκοπεὶς,
600 1147 637 1179 ὼς
657 1147 707 1183 τὴν
724 1147 890 1181 Ἐκκλησίαν
910 1146 958 1173 τοῦ

158 1192 227 1219 Θεοῦ
250 1192 444 1228 διχοτομήσας,
469 1193 509 1223 εἰς
532 1191 588 1227 πῦρ
622 1191 731 1219 αἰώνιον
756 1191 899 1228 βάλλεταιὶ
918 1199 926 1206 η
944 1192 960 1218 6

159 1239 215 1273 γὰρ
231 1237 355 1270 Τζανίων
371 1239 385 1264 6
401 1237 455 1265 ἀπὸ
470 1237 640 1265 κιιο-τέλλουἰ
657 1237 708 1273 τῆς
724 1237 900 1268 Νικοπόλεως
909 1237 959 1269 ῶν,

160 1285 202 1317 εἰς
217 1285 280 1320 ὅρος
294 1284 377 1311 αὑτὸν
391 1285 519 1320 εὑρηκὼς
537 1283 642 1311 ἄνωθεν
667 1283 715 1310 τοῦ
743 1283 861 1319 ’Δργαοῦ
886 1282 962 1310 σανί-

161 1331 212 1362 δας
229 1329 425 1368 ἐργαζόμενον,
448 1329 497 1366 τὴν
512 1329 608 1365 ἀξίνην
623 1330 655 1356 ὲκ
679 1329 735 1356 τῶν
754 1329 855 1365 χειρῶν
876 1328 960 1356 αὑτοῦ

163 1376 274 1409 λαϐὼν,
304 1376 428 1409 πατάξας
456 1375 551 1403 τοῦτον
581 1375 742 1402 ἀπέκτεινεν
756 1383 764 1391 ·
798 1376 846 1401 καὶ
875 1374 961 1406 οὓτως

165 1424 220 1450 ἀπε
231 1422 321 1459 ῤῥάγη
345 1422 377 1449 τὸ
404 1422 517 1457 ἔσχατον
545 1423 590 1449 καὶ
621 1421 713 1457 μεῖζον
742 1421 853 1449 πάντων
883 1420 965 1456 [cod.

164 1467 185 1495 I.
204 1469 255 1496 ll0
269 1468 311 1504 b.]
325 1467 380 1494 τῶν
398 1467 502 1504 θηρίων
523 1467 627 1495 τούτιδε
644 1467 713 1503 βίον,
731 1467 832 1502 ἐτειτῷ
847 1466 901 1494 ἀπὸ
913 1465 969 1493 κτί-

165 1523 237 1546 σεως
246 1515 351 1551 κόσμου
361 1513 586 1550 ἑξακισχιλιοστῷ
596 1513 796 1549 τριακοσιοστῷ
805 1513 890 1549 τρίτῳ
899 1511 966 1548 (40)·

168 1560 290 1597 μαθηταὶ
309 1560 340 1588 δὲ
362 1560 459 1588 τούτου
476 1560 602 1596 ὑπῆρχον
617 1560 828 1595 μυστικώτεροι,
845 1559 966 1594 Μιχαὴλ,

166 1606 214 1633 καὶ
239 1607 254 1633 6
275 1606 447 1642 Κανακάρις,
472 1606 522 1633 καὶ
550 1605 678 1642 Ἰωάννης
703 1606 718 1633 6
743 1605 890 1641 ’Δόρατος,
913 1604 964 1631 οἰι

1008 966 1085 990 ratus
1122 962 1179 999 ιθ
1214 962 1347 997 Argauni,
1386 967 1480 997 postea
1507 962 1579 997 justo
1618 962 1665 991 Dei
1695 963 1802 998 judicio

1006 1007 1097 1036 securi
1106 1015 1204 1040 caesus,
1215 1007 1289 1035 velut
1301 1008 1360 1043 ipse
1371 1007 1518 1036 Ecclesiam
1528 1007 1653 1036 bifariam
1664 1008 1806 1047 diviserat,

1008 1054 1036 1081 in
1051 1054 1141 1089 ignem
1156 1058 1289 1081 :L-ternum
1307 1054 1462 1089 projicitur.
1478 1054 1548 1081 Nam
1566 1053 1669 1082 Tzanio
1680 1055 1804 1091 quidam,

1009 1099 1172 1135 Nicopoleos
1188 1099 1294 1127 castelli
1319 1099 1398 1133 civis,
1416 1108 1478 1127 cum
1495 1100 1570 1128 hunc
1592 1100 1619 1127 in
1634 1106 1738 1134 monte,
1758 1101 1806 1137 qui

1011 1144 1142 1180 Argauno
1167 1144 1303 1178 inmittet,
1329 1145 1481 1174 invenisset
1503 1155 1611 1174 assores
1634 1153 1805 1183 operantem,

1011 1190 1102 1218 securi
1131 1191 1166 1218 dc
1195 1199 1277 1218 manu
1302 1191 1363 1226 ejus
1387 1196 1493 1227 erepta,
1511 1199 1672 1228 percussum
1694 1193 1805 1222 occidit.

1010 1237 1100 1272 Atque
1113 1237 1187 1271 hunc
1201 1237 1265 1264 vitae
1276 1237 1357 1264 tinent
1375 1237 1472 1265 habuit
1487 1242 1625 1273 postrema
1645 1243 1673 1266 et
1688 1239 1807 1274 pessima

1010 1282 1134 1310 omnium
1155 1282 1225 1314 fera,
1241 1290 1315 1309 anno
1328 1283 1362 1310 ab
1382 1284 1450 1311 orbe
1472 1283 1583 1312 condito
1616 1284 1698 1313 6505.
1721 1285 1808 1321 llujus

1011 1335 1093 1363 porro
1106 1327 1231 1362 discipuli
1245 1327 1330 1364 magis
1345 1327 1434 1355 intimi
1445 1333 1524 1356 erant
1538 1328 1661 1360 Michael.
1675 1334 1704 1357 et
1716 1330 1807 1358 Cana-

1012 1374 1093 1407 earis,
1121 1378 1150 1401 et
1165 1373 1286 1401 Joannes
1301 1373 1430 1406 Aorntus,
1447 1378 1503 1402 tres
1528 1374 1614 1410 iniqui
1638 1375 1807 1409 sacerdotes,

1016 1428 1079 1448 eum
1095 1420 1150 1455 jam
1165 1424 1317 1448 memorato
1329 1419 1483 1452 Theodoto,
1513 1428 1565 1448 nec
1582 1428 1638 1448 non
1663 1421 1763 1449 Basilio
1781 1427 1810 1450 et

1016 1466 1138 1499 Zosimo,
1152 1465 1267 1501 aliisque
1280 1466 1479 1501 compluribus.
1498 1466 1530 1494 Hi
1546 1474 1613 1502 ergo
1628 1466 1715 1504 Sergii
1727 1468 1810 1496 disci-

1016 1512 1085 1548 puli,
1097 1512 1144 1547 qui
1157 1512 1239 1539 etiam
1255 1512 1455 1548 comperegrini
1470 1512 1530 1548 ejus
1549 1513 1722 1547 dicebantur,
1734 1515 1811 1543 velut

1017 1557 1118 1593 impuri
1140 1558 1250 1593 quidam
1272 1558 1442 1591 sacerdotes,
1461 1559 1593 1594 populum
1614 1559 1734 1595 Argauni
1755 1561 1812 1589 col<

1019 1604 1131 1637 lectum,
1143 1608 1206 1639 post
1229 1604 1352 1640 magistri
1371 1604 1414 1631 sui
1430 1604 1519 1640 Scrgii
1540 1605 1658 1638 obitum,
1679 1606 1813 1635 doctrinis

166 1653 242 1688 τρεῖς
271 1653 377 1689 μιερεῖς
396 1652 465 1688 (Μ),
490 1652 540 1680 καὶ
560 1653 574 1678 6
601 1652 801 1688 μνημονευθεὶς
825 1651 961 1684 Θεόδοτος,

1017 1650 1078 1685 ejus
1096 1654 1125 1677 et
1147 1650 1324 1677 decessorum
1347 1655 1567 1686 corrumpentes,
1597 1652 1694 1687 :equali
1716 1660 1813 1681 omnes

168 1698 309 1730 Βασίλειός
323 1708 363 1732 τε,
382 1699 431 1726 καὶ
446 1698 582 1734 Ζώσιμος,
597 1699 644 1726 καὶ
658 1698 748 1734 ἕτεροι
764 1697 867 1725 πολλοί.
886 1694 967 1724 Οὗτοι

167 1742 258 1770 τοίνυν
281 1744 306 1770 oi
331 1743 451 1779 paen-rat
474 1744 568 1775 αὑτοῦ.
594 1745 618 1771 οἱ
639 1745 685 1771 καὶ
710 1743 876 1779 συνέκδημοι
900 1741 966 1777 παρ’

169 1789 263 1820 αὐτοῖς
279 1788 432 1824 λεγόμενοι,
448 1789 486 1821 ὡς
501 1791 605 1825 μιερεῖς
617 1798 701 1822 τινες,
717 1789 762 1816 τὸν
779 1789 886 1816 ἅπαντα
901 1788 965 1815 λαὸν

169 1834 217 1861 τὸν
233 1834 461 1870 συναθροισθέντα
477 1836 505 1861 ὲν
517 1835 556 1870 τῷ
570 1835 702 1870 Ἀργαοῠ,
721 1835 790 1870 μετὰ
805 1835 851 1862 τὸν
865 1834 912 1861 τοῦ
925 1833 966 1861 δι-

1021 1696 1106 1731 gradu“
1127 1700 1225 1728 erant;
1245 1696 1351 1722 nullum
1367 1696 1422 1731 jam
1446 1696 1620 1732 magistrum,
1641 1698 1713 1726 sicut
1732 1704 1814 1727 antea

1021 1749 1082 1769 mos
1106 1742 1203 1773 fuerat,
1220 1745 1360 1774 creantes;
1388 1743 1436 1770 sed
1459 1742 1575 1778 paritate
1600 1748 1719 1776 servata,
1744 1744 1814 1773 alios

1021 1794 1129 1822 quoque
1145 1787 1303 1815 sacerdotes
1323 1787 1375 1815 sub
1394 1795 1424 1815 se
1437 1786 1579 1816 habebant
1602 1797 1672 1824 quos
1692 1790 1815 1818 notarios

1020 1832 1206 1867 appellabant.

169 1880 307 1909 δασχάλου
322 1880 412 1907 αὐτῶν
426 1880 539 1915 Σεργίου
557 1880 684 1913 θάνατον,
705 1882 765 1912 ταῖς
781 1879 968 1911 διδασκαλίαις
992 1877 1078 1905 αὐτοῦ
1118 1885 1148 1904 τε
1178 1878 1227 1904 καὶ
1263 1878 1318 1905 τῶν
1343 1879 1583 1915 προηγησαμένων
1605 1880 1814 1917 λυμαινόμενοι,

174 1926 292 1962 ἰσότιμοι
317 1925 419 1957 πάντες
446 1925 588 1961 ὑπῆρχον·
618 1925 718 1960 μηκέτι
741 1925 790 1952 ἕνα
809 1923 970 1951 διδάσκαλον
989 1922 1213 1958 ἀνακηρύεαντες
1228 1923 1355 1960 καθάπερ
1372 1925 1397 1951 oi
1431 1925 1540 1961 πρώην,
1564 1925 1631 1953 ἀλλὰ
1647 1926 1746 1959 πάντες
1762 1928 1816 1954 lcet

171 1972 251 2003 ὄντες
265 1980 272 1987 '
295 1971 389 2007 ἔχουσι
410 1971 438 1998 δὲ
462 1972 510 1998 καὶ
533 1970 742 2006 ὖποόεϐηκότας
764 1970 880 2005 μιερεῖς,
896 1968 1040 2004 νοταρίους
1055 1967 1122 2003 παρ’
1136 1968 1229 2000 αὐτοις
1244 1969 1474 2004 ὀνομαζομένους.

209 2019 278 2048 MB’.
304 2019 334 2047 '0
358 2019 404 2046 οὖν
422 2019 552 2056 Καρὸἐας
574 2020 603 2046 ὲν
618 2020 674 2051 τοῖς
693 2018 753 2045 τότε
777 2018 885 2053 καιροῖς
907 2017 973 2044 ἀνα-

175 2066 282 2102 φανεὶς,
311 2064 360 2092 καὶ
384 2064 432 2091 τοῦ
448 2064 572 2101 ὀλεθρίου
590 2064 695 2091 ἐκείνου
718 2062 785 2089 λαοῦ
811 2061 973 2097 καθηγησά-

176 2120 276 2147 μενος,
301 2111 341 2143 εις
365 2109 470 2145 πλῆθος
505 2110 587 2137 αὐτον
610 2109 765 2145 ἐπηύξησεν
786 2128 794 2141 ,
817 2108 903 2140 ὥστε,
935 2107 973 2143 μὴ

176 2158 353 2194 χωρουμένου
369 2157 452 2185 αὐτοῦ
467 2157 496 2184 ὲν
512 2156 552 2192 τῷ
567 2155 697 2191 Ἀργαοῦ,
714 2155 803 2182 ἐλθεῖν
817 2154 864 2182 καὶ
881 2154 974 2181 κτίσαι

176 2205 226 2240 τὴν
243 2204 386 2241 Τιῦρικὴν,
405 2204 452 2231 καὶ
467 2204 537 2239 αὐτῇ
562 2202 727 2238 κατοικῆσαι
744 2210 752 2218 ο
777 2201 845 2237 ὁμοῦ
862 2201 911 2236 μὲν
926 2200 975 2228 καὶ

177 2251 227 2287 τὴν
242 2251 310 2287 πρὸς
324 2251 423 2283 αὐτοὺς
435 2249 583 2286 τυραννίδα
601 2249 657 2276 τῶν
670 2246 876 2283 Μελιτηνιατῶν
897 2246 974 2280 Ἀγα-

1059 2015 1140 2042 XLII.
1153 2015 1214 2042 .Iam
1227 2023 1293 2044 vero
1303 2017 1432 2051 Carbeas,
1445 2021 1492 2055 qui
1509 2029 1543 2048 eo
1555 2025 1679 2057 tempore
1695 2023 1818 2054 emersit.

1022 2066 1050 2089 et
1064 2061 1220 2097 pestilentis
1245 2062 1317 2091 illius
1338 2065 1430 2100 populi
1466 2071 1556 2094 rector
1586 2067 1647 2101 fuit,
1673 2076 1818 2095 numerum

1023 2107 1145 2142 ejusdem
1161 2112 1304 2143 tantopere
1325 2110 1410 2142 auxit,
1428 2116 1458 2138 ut
1481 2119 1544 2139 cum
1567 2113 1696 2148 Argauno
1717 2113 1820 2148 oppido

1021 2152 1077 2188 jam
1093 2152 1228 2180 contineri
1244 2153 1315 2182 haud
1327 2160 1430 2190 posset,
1442 2156 1518 2184 illinc
1530 2157 1670 2192 profectus
1682 2158 1818 2194 Tibrieam

1029 2197 1124 2225 urbem
1140 2197 1296 2226 fundaverit
1312 2203 1340 2226 et
1355 2199 1520 2234 incoluerit;
1537 2205 1596 2228 tum
1614 2207 1644 2229 ut
1658 2202 1821 2230 Melitenen-

1028 2246 1098 2273 sium
1115 2247 1300 2281 Agarcnorum
1319 2247 1491 2282 tyrannidem
1516 2248 1640 2283 fugeret;
1662 2253 1719 2276 tum
1737 2249 1820 2277 etiam

181 2297 271 2333 ρηνῶν
286 2297 440 2332 ἑκφεύγων,
457 2296 525 2332 ὁμοῦ
541 2296 569 2323 δὲ
585 2296 632 2323 καὶ
657 2295 725 2330 αὐτῇ
741 2293 903 2329 ἀνεπιμιξίᾳ
919 2293 961 2320 τῶ

1028 2295 1058 2319 ut
1074 2291 1144 2319 facta
1162 2292 1196 2319 ab
1209 2291 1365 2320 hominibus
1382 2293 1566 2328 separatione,
1585 2293 1758 2322 daemonibus
1780 2294 1821 2322 si-

179 2343 333 2379 ὰνθρώπων
356 2344 413 2376 τοῖς
429 2343 538 2379 δαίμοσι
562 2341 673 2374 τελείως
697 2339 916 2376 ἐξομοιούμενος,
941 2340 975 2375 τῇ

187 2389 320 2426 Ἀρμενίᾳ
331 2395 352 2409 ιιι
368 2398 397 2417 τε
413 2389 574 2425 πλησιάζειν
589 2388 686 2421 θέλων,
701 2387 749 2414 καὶ¹
764 2387 797 2423 τῇ
818 2385 975 2421 Ῥωμανίςι·

180 2436 252 2463 ὥστε
269 2436 333 2469 τοὺς
360 2436 410 2472 μὲν
425 2435 604 2471 πειθομένους
621 2433 708 2470 αὐτῷ,
723 2432 908 2464 ὑποσπόνδους
921 2440 978 2458 ποι-

183 2482 286 2516 εἶσθαι,
312 2482 361 2509 καὶ
386 2482 458 2518 ἔχειν
482 2481 582 2514 αὐτοὺς
611 2481 680 2517 πρὸς
704 2479 736 2507 τὸ
759 2477 977 2515 αἱχμαλωτεύειν

183 2527 259 2564 [cod.
272 2528 292 2556 1³.
307 2528 370 2565 111]
386 2528 576 2564 συλλήπτορα;
586 2535 593 2541 ·
611 2528 674 2559 τοὺς
688 2526 717 2553 δὲ
734 2526 772 2562 μὴ
787 2525 976 2561 πειθομένους,

1028 2335 1119 2364 milior
1132 2335 1275 2369 evaderet;
1295 2341 1352 2364 tum
1367 2337 1498 2373 denique,
1512 2342 1543 2366 ut
1558 2338 1697 2366 Armeniae
1714 2343 1743 2366 et
1764 2339 1820 2367 lio-

1028 2390 1116 2410 mana:
1137 2381 1233 2410 ditioni
1257 2382 1437 2418 propinquior
1461 2384 1549 2412 ﬁeret.
1571 2385 1643 2421 Ergo
1663 2385 1715 2413 sibi
1740 2386 1823 2414 obse-

1029 2434 1155 2466 quentes,
1167 2429 1272 2458 l'mdere
1284 2437 1376 2462 secum
1389 2431 1548 2467 copulabat.
1566 2437 1595 2460 et
1609 2433 1642 2460 ad
1660 2433 1822 2468 praadandos

1030 2477 1156 2504 homines
1177 2475 1295 2503 habebat
1310 2476 1450 2512 adjutores
1463 2486 1471 2504 :
1483 2478 1529 2513 qui
1546 2486 1626 2506 secus
1646 2486 1699 2506 non
1714 2478 1822 2506 obtem—

1030 2528 1170 2559 perarent.
1188 2522 1334 2551 Saracenis
1356 2523 1499 2556 vendebat.
1518 2525 1689 2561 depopulans
1711 2525 1822 2554 interim

842 2604 961 2634 VARI/1'3
976 2603 1179 2632 LECTIONES.

221 2653 235 2673 δ
252 2654 284 2682 ll.
303 2654 478 2689 πολυμερῶς.

184 2691 220 2718 ot.
258 2694 278 2708 ω
290 2689 357 2718 Cod.
373 2691 434 2722 ταῖς
455 2690 611 2726 Ἀρμενίας.

520 2653 567 2681 IR.
584 2654 746 2683 ἀπέκτενον,
762 2654 801 2682 Ita
816 2659 843 2683 et
863 2661 939 2683 mox.
977 2652 985 2679 ἱ
1006 2652 1040 2680 R.
1062 2652 1183 2689 βάλεται.
1223 2653 1236 2673 ll
1257 2652 1290 2680 Β.
1308 2658 1335 2681 et
1349 2653 1413 2682 cod.
1425 2655 1583 2682 καστὲλλον.
1624 2654 1633 2674 ι
1650 2654 1682 2682 Β.
1710 2656 1764 2682 καὶ.
1775 2661 1826 2690 pro

973 2734 1089 2764 ΝΟΤΔΕ.

223 2784 279 2819 (40)
304 2785 401 2811 Annus
423 2783 470 2811 hic
492 2784 519 2811 in
539 2791 591 2811 aara
610 2783 917 2819 Constantinopolitana
949 2783 984 2810 ab

1070 2781 1126 2816 (4|)
1149 2781 1186 2809 De
1209 2782 1341 2810 vocabulo
1358 2791 1471 2818 μεερευς
1493 2783 1601 2810 erudite
1623 2783 1769 2811 disseritur
1795 2785 1821 2811 in

187 2819 254 2847 orbe
269 2817 380 2846 condito
392 2819 540 2854 respondet
551 2827 624 2846 anno
637 2818 739 2846 Christi
761 2817 909 2850 DCCXCV.
927 2826 983 2846 non
1034 2825 1104 2854 nova
1121 2817 1197 2854 lexici
1211 2817 1389 2854 Stcphaniani
1404 2817 1535 2851 editione,
1554 2818 1633 2854 cujus
1644 2819 1736 2853 verba,
1755 2827 1822 2854 quo~

189 2859 282 2881 autem
307 2862 380 2881 anno
402 2853 548 2886 DCCCXII,
571 2858 601 2882 ut
624 2854 719 2882 scribit
748 2855 873 2884 lladerus
889 2854 984 2883 nescio

189 2897 273 2925 quem
285 2889 420 2918 calculum
431 2893 552 2918 secutus.

1034 2853 1106 2880 niam
1124 2853 1229 2889 publica
1246 2857 1320 2886 sunt,
1335 2853 1378 2880 hic
1394 2854 1509 2882 recitare
1523 2862 1579 2882 non
1589 2853 1720 2884 interest.
