1948 3070
160 152 227 188 1303

845 153 961 184 PETRI
981 153 1065 184 SICU
1072 153 1106 184 L1

1760 151 1769 184 1
1774 153 1806 184 fit“,

157 209 297 241 Romanas
311 217 389 238 arces
401 209 436 238 ad
449 209 567 238 Pontum
581 209 669 245 sitas;
685 209 740 246 47
755 209 951 253 simulquelob

1012 209 1180 243 Σαρακηνοϊς
1204 208 1393 244 ἀπεμπολεῖν,
1420 208 1560 243 λεηλατῶν
1583 207 1633 240 τὰς
1659 209 1708 244 τῆς
1742 209 1806 236 Ῥω-

158 256 232 283 vium
252 256 405 292 perfugium
425 264 524 291 parans
543 256 576 284 iis
595 256 641 291 qui
653 255 681 282 in
699 255 815 290 imperio
828 255 952 283 Romano

158 305 271 336 propter
295 300 422 328 haeresim
447 301 482 329 ad
510 308 607 328 necem
628 300 838 336 expetebantur,
863 301 953 328 oblata

158 344 212 371 loci
238 345 455 380 opportunitate.
469 345 541 378 Quin
564 345 635 373 adeo
670 352 789 372 vesanos
812 345 951 378 homines,

158 395 316 430 quicunque
331 395 584 430 intemperantioris
594 403 627 423 ac
641 391 791 424 laseivioris
802 396 864 424 vitae
874 401 953 424 erant

157 439 185 465 in
201 438 254 466 illis
271 438 392 471 arcibus,
405 438 504 473 quibus
520 439 645 474 proxima
669 443 728 466 erat
749 439 871 473 Tibrica,
890 444 952 467 tur-

156 485 234 520 pium
250 485 423 519 voluptatum
434 485 545 513 licentia
561 485 594 512 ad
606 493 635 513 se
647 485 712 514 illuc
725 485 867 513 invitabat.
880 486 952 522 Ergo

157 529 262 556 Carbea
275 529 395 560 vivente,
411 529 511 564 partim
538 536 572 556 cx
593 529 734 564 praedictis
749 530 810 565 ejus
820 531 950 558 sacerdo-

158 573 231 601 tibus
246 573 302 601 vita
320 579 510 607 excesserunt,
528 573 627 609 partim
661 574 752 602 adhuc
772 581 949 610 supererant.

1006 255 1106 289 μανίας
1128 254 1229 289 ἄκρας,
1248 254 1297 285 τὰς
1314 255 1383 290 πρὸς
1403 254 1443 290 τῷ
1460 255 1552 290 Πόντῳ
1574 255 1722 290 κειμένας⁸
1748 255 1806 290 ἅμα

1003 301 1033 327 δὲ
1048 301 1078 327 τὺ
1095 301 1164 336 πρὸς
1177 301 1286 336 ἕτοιμον
1301 300 1472 336 καταφύγιον
1486 302 1543 333 τοῖς
1560 302 1589 327 ὲν
1606 301 1749 337 Ῥωμανίᾳ
1762 301 1806 328 διὰ

1003 347 1109 383 ταύτην
1123 347 1173 383 τὴν
1186 347 1294 383 αἵρεσιν
1310 347 1578 382 ἀποκτεννομένοιςιι
1591 347 1642 383 τὴν
1659 348 1808 384 ἐπιτηδειό-

1005 401 1076 428 τητα
1098 391 1146 419 τοῦ
1163 392 1248 418 τόπου
1265 392 1488 428 παρασκευάζων
1503 401 1510 408 ·
1537 393 1569 419 οὺ
1586 393 1668 427 μόνον
1685 393 1724 425 δὲ,
1741 393 1808 420 ἀλλά

1005 439 1052 466 καὶ
1067 439 1130 470 τοὺς
1146 438 1320 473 λιχνοτέρους
1334 439 1382 466 καὶ
1393 439 1562 472 ἀκολάστους
1577 439 1742 475 ἀνθρώπους
1759 440 1809 467 καὶ

1008 485 1129 521 ἄφρονας
1144 486 1199 512 τῶν
1215 486 1309 520 ἄκρων
1324 486 1438 513 ἐκείνων
1455 487 1695 521 προσεγγιζόντων
1711 488 1744 522 τῇ
1761 488 1810 513 Τι-

1006 531 1107 567 6ρικῇ,
1131 532 1166 567 τῇ
1196 531 1341 567 ἐλευθερίᾳ.
1367 532 1423 558 τῶν
1448 532 1596 568 αἰσχίστων
1611 536 1625 549 ο
1651 532 1746 559 παθῶν
1770 533 1810 564 et;

1004 578 1100 606 ἑαυτὸν
1127 579 1173 605 ἐπὶ
1198 579 1229 605 τὸ
1252 578 1319 605 αὐτὸ
1334 578 1537 614 ἐκκαλούμενος
1554 587 1562 594 ·
1592 577 1695 611 ζῶντος
1714 579 1806 605 τοίνυν

156 621 253 655 αὑτοῦ,
271 621 296 648 οι
314 621 364 657 μὲν
381 621 414 648 ἐκ
442 622 496 650 τῶν
534 621 778 657 μνημονευοέντων
799 622 918 658 μιερέων
952 625 1048 657 αὐτοῦ,
1073 625 1120 653 τὸν
1144 625 1250 653 ἑαυτῶν
1270 626 1327 662 βίον
1364 625 1565 661 κατέστρεψαν,
1591 626 1616 652 ot
1639 625 1669 652 δὲ
1693 625 1809 652 ὑπελεί-

157 667 276 703 φθησαν.

153 713 287 749 ιΧΙΛΠ,
303 713 356 742 Sed
374 717 518 750 postquam
540 714 564 742 is
584 722 693 750 quoquc
710 714 790 747 obiit,
803 715 955 751 pestilentis

155 761 249 798 populi
280 760 450 797 tyrannidem
489 767 570 796 aeque
600 761 716 796 arripuit
743 762 953 798 Chrysocheris,

155 806 340 835 consobrinus
355 813 493 841 generque
502 806 572 841 ejus.
586 806 673 841 Hujus
686 814 737 834 nos
749 814 816 842 ergo
829 811 954 842 tempore

154 852 294 881 Tibricam
308 851 444 885 venimus,
457 852 588 880 mandato
599 852 686 888 regio,
694 857 725 880 ut
735 853 859 888 captivos
869 853 954 881 duccs

155 903 378 934 permutareiuus
392 906 399 930 ;
413 898 485 936 quod
497 902 525 925 et
540 898 644 926 factum
658 902 710 931 est,
728 898 851 926 secundo
866 899 951 934 impe-

155 945 245 974 rantis
253 944 345 973 Basilii
357 952 430 975 anno
445 948 473 972 et
485 944 659 972 Constantini
670 952 703 972 ac
714 944 826 980 Leonis,
840 945 950 981 piorum

153 991 291 1027 iustorum
309 998 526 1027 magnorumque
541 998 634 1027 regum
653 996 823 1020 nostrorum.
843 992 882 1020 lbi
900 992 951 1020 ita-

154 1046 209 1074 que
233 1045 334 1069 novem
351 1038 494 1065 mensibus
516 1037 661 1070 demorati,
683 1038 841 1066 viventibus
861 1038 952 1066 adhuc

154 1084 273 1120 impuris
290 1083 393 1112 Basilio
410 1089 438 1112 et
454 1083 573 1117 Zosimo,
595 1084 676 1120 vulgo
697 1085 777 1112 dictis
801 1093 948 1120 compere-

155 1131 252 1168 grinis,
280 1130 454 1166 supradictas
481 1138 525 1160 res
550 1130 647 1158 sedulo
675 1131 904 1167 pervestigantes,
925 1135 953 1159 et

155 1177 364 1206 commentariis
379 1178 555 1212 mandantes,
572 1186 619 1207 eas
641 1179 773 1206 universo
792 1180 853 1207 urbi
876 1185 953 1215 pate-

155 1224 247 1252 facere
257 1224 451 1253 constituimus
463 1224 558 1253 diviuo
568 1225 697 1253 mandato
710 1225 832 1260 ipsorum
844 1232 954 1254 sancto-

157 1274 219 1299 rum
243 1270 461 1298 orthodoxorum
485 1278 705 1306 magnorumque
725 1279 819 1306 regum
841 1277 953 1299 nostro-

155 1324 231 1348 rum.
243 1324 296 1344 ceu
311 1316 380 1344 viles
396 1315 490 1345 famuli
510 1316 673 1352 indignique
693 1317 780 1344 multo
799 1324 861 1344 cum
877 1321 953 1344 metu

156 1364 352 1399 obsequentes.
360 1362 546 1396 Quarumdam
558 1367 651 1390 autem
662 1362 873 1397 exquisitiorum
881 1363 955 1398 apud

157 1419 206 1441 eos
217 1411 361 1439 haereseon
371 1410 468 1438 notitia
484 1410 512 1437 in
529 1410 708 1445 sequentibus
723 1410 801 1438 vobis
812 1410 933 1438 tradetur
946 1419 954 1444 ;

157 1457 241 1486 modo
251 1457 331 1485 nobis
345 1455 460 1484 misellis
473 1455 564 1483 faveat
574 1455 620 1482 ille
637 1455 682 1482 cui
696 1454 794 1490 gloria,
807 1454 887 1482 Pater
902 1455 956 1482 sci-

157 1504 222 1531 licet
236 1507 266 1531 et
289 1502 376 1530 Filius
399 1507 427 1530 et
451 1506 563 1530 sanctus
586 1500 717 1536 Spiritus,
733 1509 816 1529 verus
829 1508 956 1536 unusque

158 1547 243 1580 Deus,
260 1547 354 1583 reique
371 1547 463 1575 omnis
477 1546 596 1574 visibilis
612 1545 813 1580 invisibilisque
835 1549 952 1577 creator,

158 1597 350 1626 conservator,
364 1599 396 1620 ac
409 1591 542 1622 Dominus
554 1591 583 1622 in
593 1591 704 1619 saecula.
715 1591 814 1618 Amen.

1044 717 1112 745 ΜΓ.
1125 717 1260 745 Κάκείνου
1275 718 1365 745 τοίνυν
1379 718 1410 745 τδ
1425 718 1475 754 ζῇν
1492 717 1714 754 ἀποῤῥήξαντος,
1729 717 1811 750 αὖθις

1008 766 1161 802 διαδέχεται
1174 766 1225 802 τὴν
1243 765 1390 802 τυραννίδα
1412 765 1460 792 τοῦ
1483 765 1608 800 ὀλεθρίου
1629 765 1695 792 λαοῦ
1723 764 1810 792 αὑτοῦ

1007 811 1180 847 Χρυσοχέρις
1194 811 1208 837 ὁ
1223 810 1334 846 ἀνεψιὸς
1357 811 1405 838 καὶ
1420 810 1548 847 γαμϐρὸς
1569 810 1664 838 αὐτοῦ.
1684 811 1730 837 Ἐν
1747 812 1812 842 ταῖς

1006 857 1126 894 ἡμέραις
1138 855 1186 884 οὖν
1201 856 1297 889 αὐτοῦ,
1314 856 1507 892 παρεϐάλομεν
1520 858 1601 892 ἡμεῖς
1614 858 1644 884 ὲν
1658 858 1691 892 τῇ
1709 857 1811 892 Τιόρι-

1005 905 1053 939 κῇ,
1069 902 1270 935 ἀποσταλέντες
1289 903 1380 930 ἐκεῖσε
1402 903 1526 935 δουλείας
1550 902 1695 938 βασιλικῆς
1713 903 1811 930 ἕνεκεν

1004 949 1052 977 τοῦ
1065 949 1218 983 ὑπαλλάξαι
1234 950 1370 985 ἄρχοντας
1380 948 1583 984 αἰχμαλώτους,
1603 950 1673 984 ὅπερ
1691 949 1808 984 γέγονεν

1004 995 1035 1023 ὲν
1049 994 1088 1030 τῷ
1103 996 1224 1031 δευτέρῳ
1231 995 1286 1022 ἔτει
1296 995 1346 1031 τῆς
1358 995 1498 1031 βασιλείας
1509 995 1651 1022 Βασιλείου
1669 995 1716 1022 καὶ
1724 996 1809 1023 Κων-

1006 1041 1147 1069 σταντίνου
1163 1041 1211 1068 καὶ
1225 1041 1413 1073 Δέοντος,τῶν
1426 1041 1549 1068 εὖσεὸὦν
1565 1041 1614 1068 καὶ
1628 1041 1742 1068 δικαίων
1756 1051 1808 1077 με-

1005 1088 1097 1123 γάλων
1116 1088 1250 1124 βασιλέων
1267 1088 1357 1124 ὴμῶν.
1380 1088 1485 1115 Ἐκεῖσε
1507 1085 1555 1115 οὖν
1569 1089 1778 1124 ὲννεαμηνιαῖον
1791 1094 1808 1114 Ρ

1005 1134 1102 1171 χρόνον
1128 1134 1332 1169 διατρίψαντες,
1360 1133 1401 1161 ἔτι
1424 1134 1566 1169 περιόντος
1594 1133 1736 1161 Βασιλείου
1756 1134 1809 1161 καὶ

1005 1181 1131 1216 Ζωσίμου
1148 1180 1202 1207 τῶν
1220 1180 1327 1215 μιαρῶν
1346 1180 1525 1215 συνεκδήμων
1553 1179 1729 1215 λεγομένων,
1759 1179 1811 1206 καὶ

1004 1227 1071 1261 περὶ
1099 1226 1153 1252 τῶν
1170 1225 1361 1261 προτεθέντων
1382 1225 1506 1260 ἀκριϐῶς
1535 1226 1733 1261 ἐρευνήσαντες
1756 1226 1806 1251 καὶ

1005 1271 1250 1306 φιλοπονήσαντες,
1280 1269 1368 1297 ταῦτα
1385 1271 1468 1297 πᾶσιν
1482 1270 1692 1305 ἐσπουδάσαμεν
1718 1270 1809 1296 κατά-

1003 1316 1073 1352 δηλα
1087 1315 1229 1351 γενέσθαι·
1244 1315 1319 1351 [c0d.
1335 1315 1356 1342 f.
1376 1316 1435 1347 Hl,
1454 1315 1497 1351 1).]
1514 1317 1546 1351 τῇ
1567 1317 1596 1342 ὲν
1611 1315 1672 1351 Θεῷ
1682 1315 1810 1342 κελεύσει

1004 1360 1059 1387 τῶν
1076 1360 1165 1387 αὐτῶν
1182 1360 1278 1395 ἁγίων,
1293 1361 1342 1387 καὶ
1355 1360 1505 1396 όρθοδόξων
1523 1361 1650 1396 μεγάλων
1675 1361 1813 1396 βασιλέων

1004 1405 1094 1441 ἡμῶν,
1112 1406 1149 1437 ὡς
1163 1405 1263 1439 δοῦλοι,
1277 1406 1302 1432 εί
1312 1406 1359 1433 καὶ
1374 1406 1495 1438 εὐτελεῖς
1505 1406 1552 1433 καὶ
1562 1406 1677 1439 ἀνάξιοι,
1692 1408 1721 1433 ὲν
1732 1406 1812 1442 φόῦῳ

1006 1452 1097 1488 πολλῷ
1113 1452 1283 1485 ὑπείξαντες.
1296 1452 1351 1479 Καὶ
1370 1453 1436 1488 περὶ
1450 1452 1500 1488 μὲν
1521 1452 1629 1484 τούτου,
1648 1453 1719 1485 ἃλις·
1738 1455 1808 1488 περὶ

1005 1498 1034 1525 δέ
1047 1507 1129 1525 τινων
1149 1499 1213 1534 παρ’
1229 1498 1322 1530 αὐτοῖς
1346 1498 1401 1525 τῶν
1418 1497 1590 1535 τελεωτέρων
1608 1499 1753 1535 αίρέσεων,
1776 1500 1807 1525 ὲν

1008 1546 1065 1577 τοῖς
1080 1545 1178 1580 ἐφεξῆς
1198 1545 1262 1580 ὑμῖν
1277 1545 1481 1580 δηλωθήσεται·
1505 1546 1574 1580 ἡμῖν
1593 1547 1650 1577 τοῖς
1669 1545 1812 1572 εὐτελέσιν

965 1585 988 1617 C
1005 1589 1148 1626 ὀρέγοντος
1164 1595 1178 1615 ιι
1196 1586 1218 1624 ᾧ
1231 1591 1249 1626 ἡ
1265 1590 1337 1623 δόξα,
1356 1590 1395 1626 τῷ
1411 1590 1518 1625 Πατρὶ,
1540 1590 1588 1617 καὶ
1610 1590 1650 1626 τῷ
1666 1590 1734 1626 Υίῷ,
1755 1591 1806 1618 καὶ

158 1638 197 1674 τῷ
207 1639 278 1674 ἁγίῳ
288 1638 439 1674 Πνεύματι,
455 1637 494 1673 τῷ
507 1637 580 1673 μόνῳ
591 1637 685 1672 ἀληθεῖ
705 1636 776 1672 Θεῷ,
801 1636 851 1663 καὶ
865 1636 957 1672 πάσης
971 1636 1088 1667 κτίσεως
1103 1637 1204 1672 ὁρατῆς
1231 1645 1262 1664 τε
1290 1637 1339 1664 καὶ
1367 1636 1485 1671 ἀοράτου
1511 1635 1672 1673 δημιουργῷ
1700 1645 1731 1664 τε
1753 1637 1804 1666 καὶ

163 1687 273 1722 συνοχετ
288 1685 337 1713 καὶ
350 1685 524 1721 έξουσιαστῇ,
539 1686 580 1717 είς
595 1685 660 1717 τοὺς
673 1684 787 1716 αίῶνας.
810 1683 909 1720 Ἀμήν.

198 1771 336 1802 Hactenus
352 1772 439 1807 operis
453 1779 517 1806 pars
532 1771 561 1802 in
571 1770 670 1798 Raderi
685 1770 750 1798 libro
762 1770 870 1805 jamdiu
884 1769 954 1798 edita
967 1778 976 1797 :
991 1770 1069 1805 cujus
1081 1778 1128 1798 nos
1156 1770 1276 1799 Graacum
1292 1775 1392 1798 textum
1403 1780 1532 1808 perquam
1547 1775 1672 1800 accurate
1685 1771 1721 1798 ad
1731 1771 1810 1798 codi-

161 1826 217 1846 cem
232 1819 375 1854 eugimus,
388 1823 417 1845 ut
428 1818 544 1853 plurima
559 1822 583 1844 et
595 1818 751 1852 gravissima
767 1817 872 1850 menda,
881 1817 935 1845 sive
943 1817 1104 1852 ercitatis,
1128 1819 1180 1846 sive
1192 1819 1397 1855 orthographia,
1413 1820 1466 1847 sive
1480 1819 1562 1847 etiam
1572 1819 1809 1853 interpunctiouis,

163 1866 370 1899 excluderemus.
385 1865 490 1893 Novam
512 1873 614 1901 quoque
630 1866 755 1893 Latinam
770 1866 879 1901 fecimus
890 1866 1148 1901 interpretationem.
1168 1867 1301 1896 Caeterum
1327 1868 1427 1896 Raderi
1447 1869 1571 1896 Latinum
1586 1872 1685 1895 textum
1699 1867 1729 1893 in
1751 1867 1812 1893 sin-

165 1913 234 1948 gulis
249 1912 350 1940 mendis
363 1913 522 1940 nominatim
536 1911 689 1948 objurgare,
706 1913 813 1940 minime
827 1912 939 1947 placuit.
959 1913 1031 1941 Nam
1045 1921 1128 1950 neque
1155 1915 1226 1943 nobis
1242 1915 1307 1950 ipsis
1323 1920 1427 1947 tantum
1444 1915 1593 1948 tribuimus,
1611 1918 1639 1941 ut
1654 1913 1805 1946 erroribus,

179 1959 328 2001 prmertim
338 1959 366 1986 in
380 1966 458 1993 opere
470 1958 604 1994 festinato,
619 1958 750 1987 immunes
766 1966 821 1986 esse
834 1963 964 1993 putemus.

785 2063 905 2092 VARUE
935 2064 1138 2095 LECTIONES.

167 2155 560 2228 Ροεῖυξέΐὲπὲἔᾶῗιένοὲἑνοισι,
617 2161 630 2176 °
648 2157 852 2195 Β.ὲλαχίστων.
910 2159 969 2187 PR.
985 2160 1189 2196 ἑννεαμηναῖον.
1240 2165 1255 2186 (ι
1269 2159 1338 2189 Cod.
1364 2159 1449 2197 αὐτῷ,
1476 2161 1523 2190 sed
1550 2161 1675 2197 syntaxis
1707 2162 1819 2192 videtur
