1948 3070
151 174 220 207 1205

647 174 777 205 SERMO
797 174 811 204 Ι
831 174 1031 206 ADVERSUS
1050 174 1292 205 MANlCH/EOS.

1729 172 1796 205 1306

237 331 414 398 ΤΟΥ
450 331 741 400 ΑΥΤΟΥ
786 332 1134 398 ΠΕΤΡΟΥ
1173 331 1700 400 ΣΙΚΕΛΙΩΤΟΥ

730 453 917 496 ΛΟΓΟΣ

967 452 1192 497 ΠΡΩΤΟΣ

145 546 225 573 Κατὰ
238 545 421 580 Μανιχαίων,
433 545 492 572 τῶν
506 546 554 572 καὶ
573 546 792 576 Παυλικιάνων,
807 544 866 571 τῶν
881 544 936 571 δύο
953 544 1049 579 ἀρχὰς
1064 542 1142 580 εἷνᾳι
1158 544 1322 579 λεγόντων,
1338 545 1394 572 ἕνα.
1406 544 1582 580 BEN/7701768
1599 544 1653 572 τοῦ
1665 544 1784 579 κόσμου

377 581 507 615 ποιητὴν
526 581 576 608 καὶ
593 580 810 614 ἑξουσιαστὴν,
824 580 872 607 καὶ
887 578 1084 614 ἕτερονννΘεὸν
1095 578 1173 607 εἶναι
1186 578 1241 607 τοῦ
1254 580 1427 615 μέλλοντος
1441 579 1559 613 αἰῶνος.

396 748 838 827 EJUSDEM
896 751 1187 828 PETRI
1228 750 1539 831 SICULI

713 893 934 946 SEBMO
966 887 1225 948 'PBlMUS

139 997 301 1041 Adversus
325 999 528 1036 Manichwos,
549 999 604 1040 qui
635 1002 664 1029 et
679 998 871 1041 _Paulict'am'
896 998 1061 1041 dicuntur,
1088 999 1149 1029 duo
1168 999 1335 1041 principia
1365 1009 1430 1030 esse
1454 1001 1780 1041 afﬁrmantes;unum

179 1038 313 1083 quidem,
344 1041 442 1071 Deum
469 1037 563 1083 hujus
591 1037 701 1069 mundi
716 1042 887 1069 creatorem
904 1043 932 1069 et
947 1037 1194 1074 dominatorem;
1209 1037 1346 1071 altei‘um
1375 1049 1460 1078 vero,
1474 1037 1577 1071 'Deum
1592 1051 1656 1072 esse
1671 1041 1778 1082 futuri

182 1076 299 1109 iaculi.

949 1174 985 1182 -υ

172 1236 214 1264 A'.
237 1237 336 1273 Ἀδόλῳ
363 1237 411 1265 καὶ
439 1237 594 1274 ἀδιστάκτῳ
622 1238 670 1265 καὶ
701 1239 793 1275 τελείᾳ,
823 1240 856 1275 τῇ
891 1238 938 1266 πί-
954 1242 975 1270 Α

140 1292 208 1316 στει,
230 1283 435 1322 ἀκαταγνώστῳ
461 1293 491 1310 τε
517 1284 565 1312 καὶ
581 1284 696 1321 καθαρῷ
720 1285 862 1318 συνειδότι,
887 1286 937 1321 τῆς

141 1330 208 1365 πρὸς
223 1331 273 1365 τὴν
285 1330 449 1365 ὑπερούσιον
464 1330 688 1366 θεαρχικωτάτην
707 1332 754 1358 καὶ
779 1332 937 1368 ζωαρχικὴν

139 1377 183 1403 καὶ
200 1377 304 1404 ἑνιαίαν
328 1377 432 1412 Τριάδα.
447 1377 493 1403 τὸν
515 1377 595 1412 μόνον
610 1377 737 1412 ἀληθινὸν
764 1377 831 1404 Θεὸν
847 1377 937 1412 ἡμῶν,

137 1423 184 1449 τὸν
195 1421 310 1458 ποιητὴν
321 1421 368 1449 τοῦ
385 1421 501 1457 οὐρανοῦ
514 1423 561 1448 καὶ
575 1422 625 1457 τῆς
641 1423 693 1458 γῆς
715 1423 763 1448 καὶ
784 1422 874 1457 πάσης
890 1422 939 1448 ἀο-

141 1469 223 1504 ράτου
237 1477 266 1494 τε
284 1468 330 1494 καὶ
344 1469 446 1503 ὁρατῆς
466 1468 592 1500 κτίσεως,
621 1469 736 1504 συνοχέα
758 1478 787 1496 τε
800 1470 847 1506 καὶ
862 1469 939 1501 ἐξου-

141 1515 265 1550 σισστὴν,
282 1515 315 1541 ὲκ
331 1515 434 1548 γονέων
450 1523 480 1541 τε
493 1515 541 1541 καὶ
559 1515 701 1550 προγόνων
724 1515 853 1548 ἅκλινοῦς
870 1518 938 1552 ὀμο-

138 1561 232 1595 λογὶας
250 1560 393 1597 ὑπάρχων,
421 1561 528 1597 μάρτυς
547 1563 564 1597 ἡ
588 1562 658 1597 αὐτὴ
684 1562 751 1596 ἁγία
779 1563 876 1598 Τριὰς,
891 1563 939 1590 καὶ

138 1607 241 1639 πάντες
252 1604 294 1639 οἷς
308 1608 570 1643 συνανεστράςρημεν
595 1608 734 1643 ἄνθρωποι
748 1629 756 1642 ,
775 1609 800 1636 εἱ
819 1610 866 1636 καὶ
881 1611 938 1642 τοῖς

137 1653 249 1686 οἰκείοις
264 1654 314 1689 τῆς
326 1654 446 1686 πίστεως
465 1653 557 1690 ἔργοις
579 1655 708 1691 ὲλλειπής
726 1657 782 1690 εἰμι
797 1656 939 1689 παντελῶς

140 1699 214 1736 [cet].
227 1699 247 1727 f.
264 1699 339 1736 112.]
355 1700 411 1734 ἐγὼ
425 1702 439 1727 ὁ
455 1701 618 1737 ἁμαρτωλὸς
629 1703 677 1728 καὶ
693 1702 812 1735 ἀνάξιος,
822 1699 844 1729 ὦ
861 1703 940 1739 ἱερώ-

139 1753 221 1775 τατον
237 1745 374 1781 ἄθροισμα
391 1746 439 1781 (l).
452 1746 586 1782 Πείθομαι
601 1747 656 1783 γὰρ
665 1748 737 1783 ὑμᾶς
752 1748 853 1784 ὀμαδὸν
867 1758 937 1784 συμ-

142 1791 273 1826 παρεῖναι
284 1793 317 1826 τῇ
329 1791 383 1818 τῶν
400 1793 590 1827 προκειμένων
603 1793 691 1827 λόγων
702 1794 834 1830 ἀκροάσει
850 1804 879 1822 τε
892 1795 939 1822 καὶ

138 1836 273 1869 ἐξετάσει,
289 1837 346 1868 τοῖς
367 1836 536 1871 προλαὸοῦσι
559 1838 594 1864 τὰ
619 1837 748 1866 λείποντα
768 1841 938 1876 ἐπισυνάψαι

139 1882 325 1918 πειράσομαι·
342 1883 443 1918 μᾶλλον
456 1883 485 1909 δὲ
496 1882 551 1910 τῶν
567 1886 776 1920 προειρημένων
790 1887 840 1922 οὐχ
854 1885 937 1923 ἦττον

139 1917 317 1964 ὲνταῦθαγτὴν
332 1917 438 1964 σκέψιν,
450 1928 520 1958 ἀλλά
532 1929 581 1955 καὶ
590 1917 763 1966 οἰκειοτέραν
775 1917 934 1968 ποιῆσομαι.
951 1917 974 1946 Β

139 1975 196 2002 Καὶ
212 1974 321 2010 πρῶτον
347 1974 397 2010 μὲν
423 1975 474 2007 τὰς
499 1976 652 2011 προδήλους
669 1976 734 2012 παρ’
752 1977 844 2010 αὐτοῖς
861 1979 936 2014 αἱρέ-

141 2028 208 2053 σεις,
222 2021 251 2047 ὲν
263 2019 404 2056 κεφαλαίῳ
419 2020 458 2047 ἐνὶ
473 2021 582 2056 ἑκάστῳ
598 2021 776 2057 θριαμϐεύσω
789 2032 795 2038 ·
808 2023 889 2056 εὐθύς
906 2033 936 2051 τε

138 2065 280 2098 ἐνστάσεις
296 2066 343 2093 καὶ
355 2065 508 2098 ἀντιθέσεις
527 2066 682 2099 ἀκολούθως
702 2068 818 2096 ἑκάστου
835 2069 864 2095 ὲν
880 2069 938 2105 ἰδίῳ

137 2112 242 2149 χωρίῳ,
258 2112 296 2142 ὡς
311 2112 433 2148 ἐφικτὸν,
448 2113 618 2149 ποιήσομαι·
634 2113 682 2141 καὶ
704 2114 773 2149 μετά
791 2115 870 2142 τοῦτο
886 2116 937 2152 τὴν

137 2159 244 2195 πληθὺν
254 2159 309 2186 τῶν
323 2159 374 2194 τῆς
387 2158 462 2191 θείας
481 2159 593 2195 Γραφῆς
610 2161 770 2196 μαρτυριῶν
785 2162 935 2198 προσοίσω,

137 2204 170 2231 ἐκ
185 2214 215 2231 τε
228 2205 275 2232 τοῦ
301 2206 380 2239 ἀγίου
407 2206 558 2236 ἀποστόλου
589 2206 697 2233 Παύλου
726 2207 936 2244 δεκατεσσάρων

138 2251 300 2286 ἐπιστολῶν,
328 2252 471 2284 Ἰακώῦου,
492 2252 540 2280 καὶ
561 2253 686 2280 Ἰωάννου
698 2274 706 2287 ,
725 2255 771 2281 καὶ
791 2254 838 2282 τοῦ
856 2256 936 2290 ἁγίου

143 2297 239 2330 Ἰούδα,
253 2297 301 2324 καὶ
319 2297 373 2324 τῶν
388 2297 519 2332 Πράξεων
532 2298 586 2325 τῶν
598 2299 756 2326 ἀποστόλων
771 2300 936 2336 ὲρανισάμε-

137 2352 181 2375 vo;
195 2351 201 2358 ·
230 2343 268 2375 ὼς
294 2343 348 2379 γὰρ
370 2345 531 2381 προείρηται
544 2345 595 2380 (2),
619 2345 718 2372 ἐκεῖνοι
740 2346 814 2382 ἀλλῳ
827 2347 881 2374 τινὶ
897 2347 935 2384 μὴ

137 2390 237 2426 χρῆναι
251 2390 394 2418 πείθεσθαι
411 2391 636 2427 ἐπαγγέλλονται,
658 2393 684 2420 εἰ
699 2394 738 2429 μὴ
759 2394 864 2426 τούτοις
887 2395 934 2422 καὶ

139 2438 242 2472 μόνοις.

173 2485 211 2511 B’.
232 2486 311 2512 Ἐστι
323 2485 378 2521 γὰρ
397 2486 489 2518 αὐτοῖς
502 2486 531 2513 ἓν
542 2488 631 2515 ἐκεῖνο
646 2489 694 2516 καὶ
711 2489 770 2517 λίαν
787 2490 930 2526 πρόδηλον,

137 2533 166 2559 τὺ
177 2532 224 2559 δύο
237 2533 325 2569 ἀρχὰς
336 2533 479 2569 ὁμολογεῖν
493 2535 544 2569 (ὅ),
558 2537 676 2571 πονηρόν
683 2545 713 2564 τε
725 2537 792 2565 Θεὸν
807 2538 853 2564 καὶ
863 2538 932 2572 ἀγα-

138 2579 197 2605 Οόν·
211 2579 258 2606 τὸν
274 2579 325 2614 μὲν
341 2579 418 2607 τοῦδε
433 2581 481 2607 τοῦ
497 2582 600 2617 κόσμου
616 2583 732 2618 ποιητήν
745 2593 774 2610 τε
791 2584 837 2611 καὶ
855 2584 931 2616 ὲξου-
947 2600 968 2628 C

138 2625 262 2662 σικστὴν,
277 2626 323 2653 τὸν
342 2626 371 2652 δὲ
383 2626 430 2653 τοῦ
447 2627 599 2661 μέλλοντος1
613 2628 642 2655 ὃν
660 2629 707 2655 καὶ
729 2630 837 2665 Πατέρα.
849 2630 931 2657 ἑπου-
948 2621 968 2630 “’

139 2672 229 2708 ράνιον
241 2672 432 2707 ὀνομάζουσιν,
450 2674 510 2705 ταῖς
535 2673 583 2700 τοῦ
607 2674 768 2709 δυσωνύμου
792 2676 933 2709 Μάνεντος

137 2718 259 2755 αἱρέσεσι
269 2719 318 2751 τὰς
335 2719 403 2752 ἰδίας
418 2719 526 2752 ἀπάτας
550 2721 728 2758 καταλλήλως
744 2721 931 2758 ὲπισυνάψαν-

1025 1239 1082 1275 48
1093 1239 1114 1267 l.
1128 1237 1269 1265 Sinceram
1282 1242 1310 1265 et
1325 1237 1466 1265 indubiam
1477 1237 1684 1273 perfectamque
1698 1237 1790 1271 ﬁdem,

989 1284 1260 1321 irreprelicnsibilem
1276 1292 1427 1319 puramque
1440 1283 1638 1312 conscientiam
1655 1292 1718 1320 erga
1735 1292 1783 1312 su-

990 1339 1114 1368 premam
1131 1336 1159 1358 et
1176 1330 1310 1358 divinitus
1323 1330 1523 1362 dominantem,
1538 1330 1674 1358 viviﬁcam
1691 1339 1791 1358 unam-

989 1385 1042 1413 que
1073 1377 1247 1409 Trinitatem,
1275 1376 1386 1403 unicum
1413 1384 1511 1403 verum
1539 1376 1626 1403 Deum
1652 1380 1788 1409 nostrum,

990 1422 1052 1450 caeli
1073 1427 1209 1457 terraeque
1233 1425 1396 1453 creatorem,
1415 1420 1561 1456 onmisque
1580 1421 1726 1448 invisibilis
1746 1421 1790 1448 vi-

989 1469 1130 1504 sibilisque
1151 1468 1189 1496 rei
1219 1472 1320 1496 creatae
1342 1473 1566 1495 conservatorem
1582 1475 1613 1495 ac
1629 1466 1789 1500 Demittunt,

989 1523 1034 1543 me
1050 1515 1106 1551 jam
1125 1515 1189 1542 inde
1202 1523 1217 1541 a
1235 1513 1408 1550 genitoribus
1423 1514 1704 1550 progenitoribusque
1720 1514 1790 1541 meis

991 1561 1221 1589 iudeclinabiliter
1242 1568 1304 1588 esse
1335 1560 1503 1596 professum,
1523 1560 1602 1588 testis
1626 1565 1669 1588 est
1694 1564 1791 1596 salicta

990 1609 1049 1644 ipsa
1067 1607 1198 1639 Trinitas,
1223 1611 1251 1634 et
1272 1606 1366 1634 cuncti
1387 1607 1552 1642 quibuscum
1578 1611 1704 1634 versatus
1728 1614 1790 1634 sum

991 1654 1135 1688 homines;
1159 1661 1316 1689 quanquam
1342 1653 1462 1688 propriis
1490 1652 1553 1680 ﬁdei
1582 1653 1713 1688 operibus
1738 1661 1790 1689 ego

990 1709 1105 1737 prorsus
1124 1707 1216 1732 careo,
1228 1703 1358 1734 peccator
1369 1703 1396 1725 et
1410 1698 1550 1733 indiguus,
1569 1706 1586 1725 0
1602 1698 1788 1726 sacratissime

991 1751 1165 1780 conventus;
1188 1753 1270 1781 quem
1289 1745 1352 1780 quia
1372 1744 1519 1772 confertim
1540 1744 1712 1779 superiorum
1731 1752 1791 1772 ser-

991 1801 1105 1821 monum
1120 1791 1314 1821 auscultationi
1336 1795 1365 1818 et
1379 1790 1563 1826 disquisitioni
1577 1790 1687 1818 all'uisse
1697 1790 1788 1822 audio.

990 1846 1065 1866 nunc
1084 1846 1145 1873 qua:
1162 1836 1280 1864 dicenda
1303 1840 1464 1871 supersunt,
1487 1835 1706 1870 pra-cedentibus
1722 1843 1790 1862 cou-

990 1889 1103 1913 nectere
1118 1884 1206 1911 nitar:
1224 1883 1266 1910 vel
1275 1882 1368 1918 potius
1382 1882 1582 1910 accuratiorem
1598 1889 1680 1916 quam
1697 1885 1788 1914 antea,

989 1932 1093 1960 nedum
1114 1931 1263 1963 minorem,
1281 1930 1378 1957 faciam
1393 1928 1665 1957 commentationem.
1684 1927 1718 1954 Et
1732 1927 1789 1963 pri-

988 1986 1034 2006 mo
1049 1977 1160 2012 quidem
1179 1980 1307 2012 patentes
1324 1975 1397 2010 apud
1412 1974 1579 2001 Manichzeos
1594 1974 1714 2002 haereses
1729 1974 1789 2001 sin-

987 2024 1057 2060 gulis
1080 2022 1207 2058 capitulis
1227 2021 1336 2057 publice
1359 2028 1514 2055 exponam:
1533 2019 1631 2047 deinde
1651 2019 1788 2047 contraria

987 2073 1150 2107 argumenta
1174 2074 1202 2096 et
1222 2066 1468 2098 contradictiones.
1497 2074 1529 2093 ex
1551 2066 1648 2093 ordine
1667 2065 1788 2101 singula-

987 2125 1059 2149 rum,
1082 2115 1195 2151 proprio
1217 2114 1246 2141 in
1269 2114 1330 2142 loco
1355 2121 1404 2148 pro
1428 2111 1534 2140 viribus
1556 2119 1709 2147 exponam;
1733 2111 1789 2147 49

986 2167 1125 2199 postremo
1143 2160 1261 2196 plurima
1281 2167 1316 2187 ex
1336 2158 1429 2186 divina
1454 2158 1599 2193 Scriptura
1627 2157 1786 2184 testimonia

986 2209 1135 2245 proferam,
1152 2216 1186 2235 ex
1207 2206 1283 2234 Pauli
1307 2206 1516 2241 quatuordecim
1536 2204 1669 2239 epistolis,
1691 2204 1786 2232 Jacobi

986 2257 1062 2288 item,
1079 2260 1106 2283 et
1116 2254 1241 2287 Joannis,
1258 2261 1291 2281 ac
1303 2252 1390 2280 sancti
1402 2252 1489 2286 ludas,
1507 2257 1535 2279 et
1549 2259 1583 2278 ex
1599 2250 1786 2285 apostolorum

986 2302 1101 2330 Actibus
1117 2301 1240 2330 collecta.
1259 2299 1384 2335 Namque
1400 2298 1449 2329 illi,
1471 2302 1502 2325 ut
1519 2298 1576 2333 jam
1590 2297 1657 2331 dixi,
1673 2296 1784 2325 nonnisi

986 2348 1029 2377 his
1040 2348 1106 2376 solis
1118 2346 1287 2375 credendum
1303 2353 1364 2373 esse
1379 2344 1525 2372 aliirmaut.

1021 2490 1053 2518 ll.
1074 2489 1250 2517 Notissimum
1271 2487 1343 2522 apud
1365 2487 1439 2521 ipsos
1462 2488 1546 2521 caput
1565 2483 1632 2511 illud
1653 2488 1706 2516 est,
1729 2490 1784 2518 quo

986 2536 1041 2564 duo
1061 2535 1195 2571 principia
1207 2533 1385 2565 conﬁtentur,
1403 2532 1505 2559 malum
1520 2530 1626 2559 scilicet
1638 2530 1735 2562 Deum,
1751 2537 1783 2556 ac

986 2585 1107 2615 bonum;
1132 2582 1208 2610 illum
1221 2580 1332 2616 quidem
1356 2579 1451 2607 mundi
1471 2579 1555 2614 hujus
1573 2583 1726 2606 creatorem
1751 2584 1783 2604 ac

985 2630 1125 2657 dominum
1137 2649 1143 2661 ,
1160 2629 1234 2656 hunc
1249 2634 1313 2654 vero
1334 2626 1430 2658 l‘uturi,
1451 2633 1532 2661 quem
1546 2625 1628 2652 etiam
1642 2624 1783 2652 caelestem

986 2677 1095 2705 Patrem
1118 2675 1280 2707 nominant;
1305 2672 1416 2700 infamis
1433 2671 1548 2699 Manctis
1568 2669 1721 2698 [neresibus
1736 2676 1782 2696 cr—

987 2731 1064 2752 rores
1083 2730 1148 2751 suos
1161 2721 1281 2750 vicissim
1297 2723 1505 2749 connectentcs.
1525 2718 1559 2747 Et
1574 2717 1654 2745 nobis
1668 2715 1780 2752 quidem

174 2798 213 2833 (1)
228 2799 363 2837 anuitur
390 2804 487 2837 auctor
505 2808 568 2828 cum
591 2801 724 2837 Bulgaria:
752 2804 927 2832 sacerdotum
981 2805 1020 2831 sis
1034 2808 1195 2831 muneratur
1213 2801 1399 2832 sermonibus,
1425 2799 1450 2826 id
1483 2802 1524 2826 est
1539 2799 1676 2826 haereseos
1693 2796 1782 2824 Mani-

138 2839 318 2874 chtu,prout
333 2835 398 2876 fecit
413 2836 495 2877 etiam
525 2837 552 2864 iu
581 2835 694 2877 cpistola
725 2840 824 2877 prawia
841 2839 928 2867 histo-

138 2873 202 2908 riae;
223 2878 294 2908 quos
309 2873 373 2908 quia
389 2873 507 2906 priorem
525 2873 615 2908 operis
628 2878 731 2908 partem
744 2875 867 2902 studiose
879 2883 929 2902 au-

139 2905 200 2936 dire
218 2909 265 2933 aut
284 2905 407 2935 lectitare
425 2905 551 2941 noverat,
571 2905 644 2937 nunc
657 2909 719 2937 aliis
737 2910 790 2945 iam
814 2911 930 2945 promis-

984 2839 1087 2866 chaicaa
1106 2837 1331 2865 refutationibus.

1021 2875 1059 2909 (2)
1077 2875 1105 2901 ln
1119 2873 1308 2909 liistoriacap.
1326 2872 1367 2909 l0.

1022 2907 1060 2946 (ὃ)
1076 2910 1143 2937 ltcm
1160 2909 1224 2936 hist.
1242 2907 1294 2935 loc.
1313 2908 1359 2934 cit.
