1948 3070
148 185 217 219 1309

149 243 212 270 σθαι
330 241 351 270 f.
367 241 420 270 H5
434 240 464 277 b]
479 239 528 268 καὶ
549 239 656 267 εἰπεῖν·
688 240 730 267 ὅτι
757 240 819 274 οὐχὶ
841 239 908 266 Θεὸν
923 239 940 275 ἢ
957 243 979 271 Α

147 288 325 324 ἔξουσιαστὴν
337 287 383 315 τοῦ
403 287 508 322 κόσμου
521 286 568 313 τὸν
582 286 740 321 ἀποστάτην
755 286 802 313 καὶ
825 285 940 321 ἀδρανέ-

148 344 245 371 στερον
261 334 353 370 πάσης
366 334 490 370 ἀράχνης
507 332 631 360 διάϐολον
647 333 662 358 ὁ
685 331 758 363 θεῖος
779 331 942 364 Ἀπόστολος

147 381 312 416 ὑποφαίνει·
328 380 386 408 ἀλλ’
402 380 489 412 οὕτως
502 380 577 408 ὅστις
587 379 635 406 ὲάν
659 376 687 414 ᾖ.
712 378 868 413 ἀνάγνωθι⁴
883 377 942 414 ἔχει

146 427 203 461 γάρ
217 435 243 453 τι
264 426 416 461 ἀμφισολον
431 425 448 460 ἡ
463 425 536 458 λέξις
555 425 589 460 τῇ
616 425 717 459 στιγμῇ
732 423 940 459 διαιρούμενον·

147 474 183 500 El
192 472 225 499 δὲ
236 471 286 500 καὶ
294 472 361 499 ἐστι
373 470 602 505 κεκαλυμμένον
615 470 646 496 τὸ
653 470 715 497 Εὐα
720 469 838 505 maror
845 469 941 505 ἡμῶν,

146 518 182 545 ἐν
194 517 258 551 τοῖς
270 517 494 552 ἀπολλυμένοις
501 515 567 544 ἐστι
576 515 815 550 κεκαλυμμένον,
826 516 861 543 ἐν
869 513 915 549 οἷς
926 517 943 544 ὁ

148 565 232 597 Θεός.
240 564 373 591 Ἐνταῦθα
378 563 410 599 δὴ
418 563 618 590 ἀναπνευστέον
625 563 673 590 καὶ
681 562 768 593 οὕτως
776 563 941 597 ἐπαγαγεῖν*

146 610 195 637 Ιτοῦ
217 609 315 642 αἰῶνος
335 610 432 638 τούτου
456 609 596 645 ἐτύφλωσε
611 609 646 636 τὰ
660 609 783 645 νοήματα
808 608 863 635 τῶν
877 608 943 636 ἀπί·

148 665 231 688 στων,
244 657 296 689 Εὶς
304 656 338 683 τὸ
349 656 393 691 μὴ
406 654 650 690 αὐγγὶσαιξαὺτοῖς
662 655 717 682 τὸν
725 655 880 690 φωτισμὸν
889 654 945 689 τῆς

147 702 242 736 δόξης
255 701 309 730 τοῦ
317 702 505 737 Εὑαγτελίου
520 702 575 729 τοῦ
589 701 731 736 Χριστοῦ⁶
740 702 810 737 ὅπερ
825 709 941 729 συντ-ατε

147 747 396 784 τόμενον,τοιοῦτόν
411 749 470 775 ἐστι
482 757 490 764 ·
507 748 698 776 Τῶνάπίστων
715 747 761 775 τοῦ
775 747 872 779 αἰῶνος
883 747 944 775 τού-

147 803 197 823 ¹του
207 796 241 822 τὰ
255 796 380 831 νοήματα
392 796 406 822 ὁ
420 795 487 827 Θεὸς
505 795 657 830 ἐτύφλωσε.
671 794 726 822 Καὶ
741 794 859 829 μάλιστα
870 794 945 821 εικό-

146 851 203 875 τως
213 851 220 858 ·
237 842 302 869 ποία
316 842 372 878 γὰρ
387 842 460 874 ἴασις
473 843 530 874 τοῖς
546 841 763 878 βλαϐησομένοις
773 841 803 874 ἐξ
816 841 945 873 ἀπιστίας

147 889 197 916 καὶ
213 889 346 921 ἑκουσίως
361 888 582 924 τυφλώττουσινς
604 890 646 916 Οὺ
662 888 718 923 γὰρ
733 887 839 924 ἦλθον,
857 888 941 924 φησὶν

147 936 163 962 ὸ
186 935 299 971 Κύριος,
329 934 457 962 καλέσαι
474 935 620 968 δικαίους,
651 934 731 962 ἀλλὰ
748 933 941 969 ἁμαρτωλοὺς
958 946 980 976 Β

147 982 192 1014 εἷς
211 981 375 1016 μετάνοιαν
385 990 392 997 ·
409 981 460 1017 τὴν
472 981 500 1008 δὲ
517 982 662 1016 μετάνοιαν
677 982 726 1008 οὐκ
741 981 854 1008 ἄλλοθεν
874 981 891 1017 ἢ
913 980 944 1013 ὲξ

148 1026 275 1053 ἑκουσίου
294 1026 408 1062 γνώμης
419 1027 499 1061 ίσμεν
512 1027 670 1061 γινομένην.
685 1027 707 1053 Τ
709 1027 723 1053 δ
737 1027 792 1061 γὰρ
809 1026 948 1058 ἀκουσίως

147 1072 303 1108 γινόμενον,
327 1072 388 1099 οὐδὲ
417 1073 549 1108 μόνιμον·
567 1073 601 1100 δι’
617 1074 631 1100 ὃ
648 1073 711 1100 οὐδὲ
735 1073 864 1109 μετάνοια
889 1072 947 1100 ἀλλ’

147 1119 256 1154 ἀνάγκη
268 1119 316 1146 καὶ
329 1119 387 1146 ἔστι
402 1119 450 1146 καὶ
466 1119 576 1154 λέγεται
587 1128 594 1137 ν
608 1119 654 1146 τοῦ
669 1121 878 1156 συναμφοτέρου
889 1119 947 1146 τοί-

147 1175 195 1193 νυν
210 1167 296 1193 δεῖται
310 1167 326 1202 ή
342 1166 475 1202 μετάνοια
489 1167 536 1193 καὶ
550 1167 600 1202 τῆς
617 1167 664 1194 τοῦ
683 1166 853 1202 θεραπευτοῦ
867 1166 948 1194 δυνά-

150 1221 234 1248 μεως,
252 1213 299 1240 καὶ
312 1213 363 1247 τῆς
375 1212 424 1239 τοῦ
439 1213 662 1248 Θεραπευομένου
688 1212 855 1248 εἰλικρινοῦς
879 1213 946 1240 ὑπο-

149 1251 302 1290 πτιθσεως·
331 1259 464 1294 ὲκατέρθυ
490 1260 545 1294 γὰρ
567 1259 751 1293 ἐλλείποντος,
779 1259 915 1295 δυσχερὴς
929 1260 946 1295 ἠ

148 1306 292 1338 τελείωσις
303 1313 310 1320 ·
328 1305 536 1341 παντοδύναμος
557 1306 606 1341 μέν
622 1307 695 1333 ἐστιν
717 1307 731 1332 ὁ
744 1306 810 1337 θεὸς
824 1307 838 1332 ὁ
852 1307 884 1332 ὲκ
909 1304 946 1341 μὴ

148 1352 234 1379 ὅντων
249 1351 283 1378 τὰ
296 1351 386 1378 πάντα
399 1352 580 1387 παραγαγὼν,
599 1353 646 1378 καὶ
658 1352 771 1383 δυνατός
785 1352 843 1378 ἐστι
856 1352 946 1378 πᾶσαν

147 1397 198 1432 τὴν
225 1397 315 1427 κτίσιν
337 1396 377 1432 τῷ
391 1397 475 1425 αὑτοῦ
489 1398 666 1434 παραστῆσαι
685 1397 849 1433 βουλήματι,
874 1398 946 1425 κατά

148 1444 199 1478 τὴν
216 1443 299 1470 αὑτοῦ
327 1443 437 1478 θέλησιν
460 1443 507 1470 καὶ
526 1444 745 1479 ἡναγκασμένως
768 1443 944 1478 πορεύεσθαι.

150 1489 223 1526 [(εοά.
247 1489 267 1517 ι.
295 1489 370 1525 114.]
387 1489 424 1516 Οὐ
443 1489 567 1524 βούλεται
588 1490 617 1517 δὲ
640 1490 720 1517 τοῦτο
737 1489 771 1517 δι’
792 1490 946 1525 ὑπερϐολὴν

148 1536 329 1572 ἀγαθότητος,
357 1536 426 1564 ἀλλὰ
436 1537 494 1569 τοῖς
521 1536 572 1571 μὲν
601 1536 716 1572 ἀψύχοις
733 1536 782 1564 καὶ
796 1536 905 1571 ἀλόγοις
914 1536 945 1563 τὸ

149 1583 302 1617 ἀναγκαῖον
315 1583 478 1619 ἀπένειμεν,
490 1584 547 1616 τοῖς
566 1584 594 1610 δὲ
613 1583 747 1619 ἐμψύχοις
761 1583 791 1610 τὸ
801 1583 944 1619 ἐνδεχόμε-

149 1638 195 1657 νον
208 1637 215 1645 ⁸
235 1629 283 1656 δύο
306 1630 400 1660 αὐτοῖς
419 1630 564 1664 ὑποδείξας
589 1631 665 1663 ὁδοὺς
689 1630 847 1662 ἀκωλύτους
860 1639 867 1646 ·
897 1631 945 1658 καὶ
959 1625 980 1654 C

149 1675 234 1708 ἐάσας
250 1676 318 1709 τέως
334 1678 366 1713 τῇ
387 1671 610 1712 ἀὺτεξουσιότητι
624 1677 800 1713 πορεύεσθαι,
816 1678 947 1711 ἐπαγγειν

149 1722 268 1758 λάμενός
278 1732 309 1749 τε
318 1723 369 1757 τὴν
383 1723 502 1759 ἑκάστης
519 1723 580 1750 ὁδοῦ
597 1723 716 1759 ἀμοιϐὴν
727 1724 757 1750 ὲν
768 1724 801 1759 τῇ
813 1722 946 1757 παλιγγε-

149 1769 228 1803 νεσία
240 1770 290 1803 τῆς
305 1769 422 1804 φρικτῆς
436 1769 566 1804 δευτέρας
580 1770 733 1806 παρουσίας
746 1770 803 1801 τοῖς
815 1769 946 1805 βουλομέ-

149 1823 207 1846 νοις
224 1812 268 1841 οἷα
296 1815 398 1841 θέλοιεν
421 1815 609 1851 πορεύεσθαι,
635 1816 706 1843 κατὰ
719 1816 770 1851 τὴν
798 1816 946 1850 ἀναλογίαν

150 1861 270 1897 ἑκάστης
283 1860 435 1896 λήψεσθαι’
451 1862 480 1888 οὐ
495 1861 562 1889 Θεὸν
578 1862 624 1890 τον
635 1863 794 1898 ἀποστάτην
807 1863 854 1889 καὶ
863 1871 948 1898 πονη-

151 1907 265 1944 ρότατον
281 1907 375 1934 δοῦλον
401 1909 576 1943 παρεισάγει,
596 1908 652 1935 ἀλλ’
669 1909 770 1943 ἑαυτὴν
784 1908 858 1944 [cod.
881 1908 946 1935 ἑαυ-

149 1953 208 1990 τὸν]
218 1953 354 1980 δείκνυσιν
369 1953 403 1980 δι’
412 1953 565 1989 ὑπερὸολὴν
577 1953 739 1989 ἐλλάμψεως
749 1954 802 1980 τῶν
816 1954 948 1985 ἑκουσίως

150 2000 362 2035 τυφλωττόντων
376 2000 442 2035 περὶ
458 2000 508 2034 τὴν
526 1999 658 2035 ἀλήθειαν
673 1999 723 2030 τὰς
739 1998 824 2033 κόρας
839 1998 947 2034 ἀμϐλύ-

150 2054 207 2073 νειν
220 2046 236 2080 ὴ
250 2046 433 2078 ἐνυπόστατος
447 2045 564 2080 ἀλήθεια
574 2054 580 2060 ·
595 2045 643 2072 καὶ
658 2044 712 2079 γὰρ
726 2044 788 2071 οὐδὲ
801 2044 852 2076 τὰς
867 2043 948 2078 ἡλια-

149 2091 203 2123 κάς
218 2092 330 2123 ἀκτῖνας
341 2091 495 2118 αἰτιάσαιτο
508 2091 542 2118 ἀν
553 2099 595 2123 τις
609 2091 673 2122 τοὺς
683 2090 808 2121 ἀσθενεῖς
819 2089 884 2125 περὶ
898 2089 948 2120 τὰς

149 2138 227 2173 ὄψεις
247 2138 494 2171 ἔπισκοτιζούσας,
520 2137 616 2169 ἀτενὲς
630 2136 821 2172 πειρωμένους
851 2135 947 2168 αὑταῖς

151 2185 259 2220 ὲνορᾷν,
274 2185 311 2216 ὡς
323 2186 373 2219 τῆς
386 2184 475 2212 αὐτῶν
492 2183 656 2219 τυφλώσεως
669 2183 773 2214 αἰτίους
788 2182 946 2218 γινομένας.

151 2229 220 2256 ἀλλᾶ
236 2239 309 2262 τινος
323 2230 429 2266 διαίτης
443 2231 566 2266 πονηρᾶς
579 2229 596 2266 ἢ
609 2230 687 2257 νόσου
705 2229 812 2261 τούτοις
827 2229 946 2263 ἐπισκη-

150 2275 242 2310 ψάττιις
269 2276 398 2303 ἀκουσίου
410 2285 417 2292 ·
444 2277 469 2303 εἰ
486 2276 533 2303 καὶ
547 2277 597 2311 τῆς
611 2276 702 2311 ψυχῆς
730 2275 817 2302 πᾶσαι
830 2276 858 2302 αἱ
873 2275 946 2302 νόσοι
961 2287 988 2318 D

151 2321 283 2353 ἑκουσίως
298 2323 354 2353 τοῖς
367 2322 522 2358 ἀνθρώποις
538 2321 749 2357 ὲπισυμϐαίνειν
761 2321 929 2356 πεφύκασιν.

189 2367 226 2394 Ε’.
249 2367 320 2394 Ἀλλ’
336 2367 361 2394 εἰ
376 2368 423 2394 καὶ
433 2367 524 2402 δῶμεν
539 2367 586 2394 τὸν
602 2366 674 2394 θεῖον
703 2365 866 2393 Ἀπόστολον
879 2366 946 2392 Θεὸν

151 2414 284 2449 ὀνομάσαι
303 2412 351 2440 τὸν
375 2413 508 2447 διάϐολον,
540 2412 688 2448 σκοπῶμεν
702 2412 786 2440 αὑτὸν
800 2412 851 2438 οὐκ
874 2411 947 2444 ἐξου-

152 2461 213 2492 σίας
234 2460 250 2495 ἦ
265 2460 426 2495 κυριότητος
441 2459 537 2495 τρόπῳ
565 2459 643 2486 τοῦτο
658 2459 733 2494 αὐτῷ
749 2458 898 2493 ἀπονεῖμαι
915 2457 946 2484 τὸ

151 2507 248 2540 ὄνομα.
262 2507 324 2538 Πῶς
334 2506 409 2541 γάρ;
427 2506 442 2532 ὁ
455 2505 502 2532 τοῦ
518 2505 607 2540 πράου
626 2505 675 2532 καὶ
690 2503 830 2540 εἰρηνικοῦ
849 2503 946 2539 ποιμέ-

152 2561 196 2584 va;
223 2552 347 2588 μαθητὴς
361 2552 430 2587 πρὸς
445 2551 494 2586 τὴν
522 2552 591 2587 προς
619 2551 701 2578 αὑτὸν
719 2551 807 2586 πάλην
830 2551 904 2586 ἡμᾶς
916 2549 945 2576 εὖ

153 2598 226 2634 μάλα
243 2598 371 2633 διεγείρει
385 2597 498 2632 φάσκων
509 2605 515 2612 ·
535 2597 589 2624 Τοῦ
603 2597 722 2627 λοιποῦ.
738 2596 865 2630 ἀδελφοί
873 2604 944 2630 μου,

150 2644 379 2680 ἐνδυναμοῦσθε
404 2645 439 2670 ἐν
456 2644 553 2678 Κυρίῳ
571 2643 620 2670 καὶ
643 2643 678 2669 ὲν
692 2643 733 2675 τῷ
747 2642 846 2677 κράτει
870 2642 944 2678 [c0d.

150 2692 169 2719 ι’.
184 2692 234 2719 114
249 2691 290 2727 1).]
301 2690 357 2726 τῆς
370 2691 477 2725 ισχύος
486 2690 580 2717 αὑτοῦ
590 2698 596 2705 ·
611 2689 782 2716 ἐνδύσασθε
798 2689 855 2723 τὴν
868 2697 946 2715 παν-

150 2738 262 2765 οπλίαν
279 2737 332 2765 τοῦ
357 2737 431 2764 Θεοῦ
456 2737 532 2771 πρὸς
551 2736 585 2763 τὸ
602 2735 751 2763 δύνασθαι
775 2734 854 2769 ὑμᾶς
871 2733 946 2769 στῆ-

150 2792 200 2811 ναι
219 2784 295 2818 πρὸς
311 2783 366 2817 τὰς
390 2783 547 2818 μεθοδείας
573 2782 627 2810 τοῦ
653 2782 795 2809 διαϐόλου
809 2789 815 2796 ·
830 2781 876 2808 ὅτι
889 2782 946 2808 οὐκ

151 2829 239 2856 ἐστιν
251 2829 324 2864 ἡμῖν
334 2830 354 2864 ὴ
372 2829 454 2863 πάλη
469 2828 545 2863 πρὸς
564 2826 636 2863 αἷμα
651 2827 701 2854 καὶ
716 2826 816 2862 σάρκα
827 2846 836 2860 ,
866 2825 947 2854 ἀλλὰ

187 2911 209 2926 ³³
237 2909 260 2941 ll
276 2910 339 2938 Cor.
357 2918 394 2944 tv,
409 2912 435 2939 3.
474 2911 496 2927 ‘°
511 2910 579 2941 Luc.
592 2918 618 2943 ι’,
636 2910 682 2938 52.

651 184 780 215 SERMO
795 184 809 214 Ι
824 183 1023 215 ADVERSUS
1035 183 1277 216 MANICII/EOS.

1725 183 1795 217 1310

994 239 1050 267 lare
1061 239 1196 267 dicendo:
1210 238 1284 274 quod
1300 246 1472 274 nequaquam
1489 238 1576 267 Deum
1589 244 1618 268 et
1631 239 1790 270 dominato-

995 293 1054 313 rem
1069 286 1164 313 mundi
1185 285 1340 321 Apostolus
1362 285 1476 314 denotat
1488 293 1551 314 esse
1565 291 1717 322 apostatam
1735 288 1795 316 dia-

994 331 1102 364 bolum,
1128 331 1175 367 qui
1193 331 1316 367 qualibet
1337 340 1500 360 aranearum
1528 333 1581 361 tela
1600 333 1718 361 debilior
1742 339 1795 363 est.

992 376 1176 406 Nihilominus
1186 378 1434 414 quomodocunque
1459 379 1543 407 dictio
1556 387 1587 407 se
1600 380 1710 412 habeat,
1720 380 1796 416 lege:

993 422 1078 451 habet
1091 424 1166 451 enim
1183 424 1242 452 hinc
1263 424 1470 460 ambiguitatem
1487 425 1645 460 quamdam.
1665 425 1688 453 si
1709 426 1798 454 inter-

995 470 1147 506 punctione
1160 470 1355 506 distinguitur:
1381 471 1459 504 Quod
1479 472 1503 499 si
1520 473 1600 499 etiam
1624 478 1744 507 opertum
1759 477 1798 501 est

992 517 1168 553 Evangelium
1185 522 1315 551 nostrum,
1332 519 1361 546 in
1377 519 1410 546 iis
1427 519 1473 554 qui
1491 524 1604 554 pereunt
1616 524 1654 547 est
1665 525 1796 554 opertum,

991 565 1020 592 in
1035 565 1128 599 quibus
1136 569 1174 591 est
1188 564 1259 592 Deus
1271 564 1313 594 "z
1341 565 1386 593 hic
1407 572 1476 592 sane
1489 565 1684 601 respirandum
1696 570 1748 600 est,
1769 570 1798 594 et

993 611 1092 639 deinde
1104 611 1326 647 subjungendum
1336 619 1343 639 :
1355 612 1439 647 hujus
1451 612 1543 640 saeculi
1559 613 1707 641 excecavit
1719 620 1798 640 men-

995 661 1035 686 tes
1050 657 1211 689 inﬁdelium,
1238 661 1266 684 ut
1282 665 1335 684 mm
1362 657 1463 694 fulgeat
1489 657 1541 693 51
1562 658 1619 685 illis
1633 658 1798 686 illuminatio

992 704 1084 739 gloria:
1095 703 1230 739 Evangelii
1247 703 1359 732 Christi.
1382 703 1461 737 Quod
1491 703 1562 732 facta
1578 704 1796 737 constructione,

991 750 1029 778 ita
1049 757 1079 778 se
1095 749 1175 778 habet
1189 759 1195 777 :
1213 749 1368 777 lnﬁdelium
1395 749 1479 785 hujus
1493 749 1585 777 muli
1600 754 1707 778 mentes
1722 750 1796 778 Deus

993 794 1151 823 excaecavit.
1179 794 1306 823 Profecto
1328 795 1500 830 justissima;
1526 802 1590 823 nam
1613 795 1688 830 quod
1707 803 1798 825 reme-

992 841 1068 869 dium
1087 841 1129 870 eis
1152 845 1290 876 superest,
1313 841 1361 876 qui
1384 840 1579 869 incredulitate
1618 842 1754 876 laborant,
1771 847 1800 871 ct

995 891 1095 921 sponte
1106 887 1282 915 caecuciunt?
1300 886 1360 914 Non
1377 887 1447 914 enim
1458 887 1529 919 veni,
1549 887 1638 922 inquit
1651 888 1798 922 Dominus,

993 942 1087 961 vocare
1093 934 1179 968 iustos
1191 934 1237 961 ml
1245 937 1394 968 peccatores
1405 933 1440 960 ad
1453 933 1635 967 pwnitentiam
1648 934 1689 962 “z
1700 935 1802 970 ,ρωπί-

1001 981 1116 1008 tentiam
1131 988 1199 1008 vero
1223 979 1296 1007 haud
1321 979 1434 1007 aliunde
1453 987 1537 1014 quam
1557 980 1713 1008 voluntaria
1730 981 1800 1009 deli-

999 1026 1142 1054 beratione
1157 1026 1217 1054 ﬁeri
1230 1026 1345 1054 scimus.
1360 1025 1428 1053 Nam
1446 1026 1520 1060 quod
1536 1025 1621 1054 invite
1636 1025 1676 1059 lit,
1689 1034 1726 1054 ne
1740 1031 1800 1054 sta-

998 1073 1054 1101 bile
1069 1072 1180 1108 quidem
1193 1077 1254 1100 est:
1273 1072 1390 1107 ideoque
1405 1071 1479 1099 haud
1500 1071 1664 1107 ptenitentia
1685 1072 1734 1100 sed
1751 1080 1802 1100 ne-

998 1118 1115 1146 cessitas
1128 1123 1156 1146 et
1175 1122 1218 1146 est
1229 1122 1257 1145 et
1279 1117 1390 1145 dicitur.
1407 1117 1530 1152 Utraque
1546 1117 1630 1153 igitur
1650 1125 1680 1145 re
1694 1117 1798 1154 indiget

997 1165 1171 1201 poenitentia,
1187 1172 1288 1200 nempe
1299 1169 1327 1192 et
1339 1164 1463 1192 sanantis
1477 1164 1589 1197 virtute,
1609 1168 1636 1191 et
1650 1164 1739 1192 sanati
1754 1164 1800 1192 in-

998 1220 1087 1248 genua
1115 1212 1288 1240 humilitate:
1311 1211 1444 1239 alterutra
1459 1211 1534 1238 enim
1551 1211 1710 1244 deﬁciente,
1725 1211 1798 1239 ditii-

997 1257 1056 1285 cilis
1069 1257 1122 1285 erit
1143 1257 1181 1285 rei
1194 1264 1349 1285 successus.
1372 1257 1557 1292 Omnipotens
1573 1264 1639 1285 sane
1656 1261 1700 1284 est
1715 1256 1800 1290 Deus,

996 1302 1043 1337 qui
1057 1310 1089 1330 ex
1111 1310 1165 1329 non
1185 1302 1355 1330 exstantibus
1384 1303 1476 1329 omnia
1492 1302 1631 1337 produxit,
1649 1306 1677 1330 et
1689 1295 1800 1330 creatu-

998 1356 1056 1375 ram
1074 1356 1186 1376 omnem
1199 1353 1267 1376 nutu
1280 1356 1330 1376 suo
1345 1355 1442 1384 regere
1454 1353 1555 1383 potest,
1571 1353 1654 1384 atque
1669 1349 1702 1376 ad
1718 1356 1799 1376 suum

997 1394 1106 1422 libitum
1127 1394 1170 1422 vel
1196 1394 1310 1422 invitam
1337 1394 1489 1422 inﬂectere.
1513 1395 1572 1422 Non
1592 1395 1629 1422 ila
1657 1399 1749 1423 tamen
1764 1396 1801 1424 ob

997 1447 1134 1466 summam
1155 1447 1233 1466 suam
1248 1439 1400 1467 bonitatem
1417 1439 1492 1471 vult;
1505 1439 1553 1468 sed
1568 1439 1726 1468 inanimatis
1737 1440 1800 1476 qui-

995 1485 1059 1514 dem
1074 1490 1102 1514 et
1124 1486 1330 1514 irrationalibus
1352 1486 1547 1514 necessitatem
1572 1487 1708 1519 attribuit,
1729 1487 1795 1514 ani-

996 1531 1077 1559 matis
1094 1539 1161 1559 vero
1174 1536 1202 1559 et
1221 1532 1404 1560 rationalibus
1418 1532 1647 1568 possibilitatem:
1663 1532 1733 1561 duas
1752 1533 1798 1561 his

996 1582 1120 1613 patentes
1140 1578 1199 1606 vias
1214 1579 1374 1612 ostendens,
1391 1579 1541 1614 sinensque
1563 1579 1674 1607 interim
1713 1580 1801 1608 libero

996 1631 1058 1651 cum
1073 1624 1187 1652 arbitrio
1198 1624 1366 1660 procedere;
1383 1628 1512 1653 ceterum
1524 1626 1634 1661 utrique
1645 1625 1695 1653 via:
1707 1632 1801 1653 remu-

1000 1670 1172 1698 nerationem
1188 1671 1330 1706 spondens
1341 1671 1370 1699 in
1383 1673 1593 1708 regeneratione
1606 1679 1667 1707 qua-
1689 1671 1738 1699 ﬁet
1760 1679 1803 1700 se-

999 1718 1090 1746 cundo
1109 1717 1169 1753 ejus
1201 1718 1316 1746 terribili
1336 1718 1467 1751 adventu,
1492 1723 1574 1754 prout
1600 1718 1726 1746 hominc-s
1742 1725 1802 1746 ma-

1001 1763 1104 1791 luerint
1149 1763 1278 1791 alterutra
1316 1763 1445 1791 incedere
1464 1783 1471 1796 ,
1493 1771 1543 1799 pro
1579 1771 1629 1792 suo
1664 1771 1802 1799 quemque

1000 1810 1098 1837 merito
1120 1814 1305 1844 recepturum.
1329 1809 1400 1837 Ecce
1423 1809 1508 1837 Deum
1531 1809 1611 1837 nobis
1624 1816 1678 1837 non
1690 1809 1803 1837 exhibet

999 1860 1153 1891 apostatam
1171 1855 1250 1883 illum
1275 1863 1387 1884 servum
1416 1860 1499 1891 atque
1520 1855 1733 1891 nequissimum,
1751 1854 1801 1883 sed

1000 1902 1148 1937 semetipsa
1190 1902 1379 1934 demonstrat,
1406 1902 1555 1938 splendore
1580 1901 1677 1934 nimio,
1704 1909 1801 1929 eorum

1001 1949 1047 1983 qui
1069 1953 1168 1984 sponte
1180 1949 1330 1976 caecutiunt
1342 1948 1377 1976 ad
1392 1949 1547 1981 veritatem,
1565 1948 1683 1983 pupillas
1697 1948 1800 1976 obtun-

1002 1994 1070 2021 dens
1087 1994 1293 2029 enhypostatica
1307 1994 1418 2022 veritas.
1435 1994 1503 2021 Nam
1530 2001 1621 2028 neque
1641 1993 1734 2021 radios
1755 2000 1802 2021 so~

1002 2040 1073 2067 lares
1101 2041 1245 2076 quisquam
1274 2041 1426 2072 accusabit,
1453 2040 1531 2075 quasi
1556 2039 1652 2067 oculos
1677 2039 1802 2067 inﬁrmos

1002 2088 1152 2115 obscurent
1165 2092 1239 2115 recta
1253 2087 1377 2115 volentes
1398 2087 1483 2115 solem
1499 2091 1634 2121 spectare,
1650 2090 1678 2113 et
1690 2085 1800 2113 illorum

1001 2135 1131 2162 caecitatis
1146 2142 1228 2162 causa
1240 2134 1310 2167 sint;
1335 2133 1384 2161 sed
1405 2133 1449 2161 vel
1466 2133 1537 2161 malo
1552 2132 1637 2160 victui
1657 2132 1700 2160 vel
1718 2133 1799 2159 invo-

1002 2181 1121 2208 luntario
1137 2180 1269 2208 incidenti
1286 2180 1382 2208 morbo
1400 2187 1458 2207 rem
1481 2178 1647 2214 imputabit:
1663 2178 1798 2213 siquidem

1001 2227 1100 2254 animae
1121 2227 1208 2255 morbi
1221 2234 1318 2255 omnes
1332 2226 1492 2254 volentibus
1508 2224 1668 2253 hominibus
1687 2223 1800 2252 evenire

1002 2274 1102 2302 solent.

1034 2363 1067 2391 γ.
1085 2363 1145 2391 1am
1160 2363 1210 2391 etsi
1226 2363 1297 2391 forte
1311 2363 1498 2391 concedamus
1514 2361 1668 2398 apostolum
1685 2360 1732 2388 Dei
1746 2366 1798 2388 no-

997 2410 1072 2438 mine
1089 2409 1230 2437 diabolum
1250 2409 1387 2442 vocitare,
1413 2409 1667 2437 animadvertamus
1693 2407 1798 2442 ipsum.

999 2464 1172 2492 nequaquam
1189 2456 1333 2491 potestatis
1350 2455 1394 2484 vel
1409 2455 1567 2484 dominatus
1582 2455 1688 2482 ratione
1708 2453 1761 2480 hoc
1772 2453 1799 2480 ei

998 2509 1097 2530 nomen
1121 2502 1280 2529 attribuere.
1298 2501 1388 2535 Quid?
1404 2502 1445 2529 En
1468 2500 1604 2529 mansueti
1627 2498 1791 2535 paciﬁcique

998 2548 1116 2584 pastoris
1133 2548 1284 2584 discipulus
1300 2549 1334 2576 ad
1352 2548 1528 2585 pugnandum
1544 2554 1607 2575 cum
1622 2545 1732 2574 diabolo
1747 2551 1798 2572 nos

999 2595 1118 2623 maxime
1140 2595 1259 2623 concitat
1281 2595 1394 2623 dicens:
1421 2595 1458 2623 De
1482 2600 1589 2626 cetera,
1612 2594 1710 2628 [ratres
1733 2591 1795 2624 mei,

1000 2643 1189 2678 tonfortamini
1203 2643 1232 2669 in
1245 2642 1368 2673 Domino.
1384 2647 1409 2670 et
1424 2641 1579 2677 inpotentia
1587 2639 1693 2667 virtutis
1713 2637 1772 2672 ejus
1787 2644 1796 2663 :

1000 2689 1101 2716 induite
1113 2697 1157 2716 vos
1164 2694 1305 2716 armatura
1317 2689 1376 2721 Dei,
1386 2694 1414 2716 ut
1426 2688 1532 2723 possitis
1542 2692 1615 2714 stare
1624 2686 1751 2712 adversus
1761 2683 1802 2710 in-

999 2736 1082 2763 sidias
1099 2735 1198 2762 diaboli
1211 2743 1220 2762 :
1237 2735 1290 2770 52
1304 2736 1429 2771 quoniam
1444 2743 1496 2761 mm
1506 2738 1544 2762 est
1555 2733 1628 2760 nobis
1642 2731 1796 2758 colluctatio

1001 2782 1126 2809 adversus
1139 2781 1296 2817 sanguinem
1319 2787 1343 2809 et
1358 2789 1476 2813 carnem,
1498 2781 1543 2808 sed
1562 2780 1687 2806 adversus
1705 2777 1800 2812 princi-

1001 2836 1044 2863 pes
1061 2834 1086 2856 et
1108 2831 1262 2863 potestates,
1285 2828 1410 2855 adversus
1428 2826 1520 2854 ntundi
1536 2831 1648 2852 rectores
1659 2828 1683 2852 et
1697 2822 1799 2860 .swculi
