1948 3070
154 181 222 215 1311

845 179 960 211 PETRI
977 179 1104 211 SICULI
1191 176 1203 200 '

1734 177 1806 212 1312

152 241 232 276 hujus
249 239 282 267 “.
301 238 371 275 Ergo
384 245 421 266 ne
443 238 576 266 adversus
593 237 677 265 Deum
695 245 746 265 nos
762 245 886 273 pugnare
905 238 950 264 in-

1014 237 1077 271 τρὸς
1098 237 1151 271 τὰς
1178 237 1333 271 ἐξουσίας,
1360 237 1437 272 πρὸς
1459 236 1807 271 τοὺς“κοσμοκράτορας

153 287 244 318 struit,
264 286 310 313 ille
326 286 373 320 qui
388 285 458 312 nihil
474 291 573 320 praeter
584 292 684 319 corpus
698 285 725 311 in
738 288 809 312 terra
831 291 952 319 unquam

153 331 286 368 possedit.
302 332 437 367 docetque
452 336 482 359 ut
495 340 531 359 ne
545 339 595 366 pro
606 338 722 365 corpore
737 331 784 358 scd
799 338 849 365 pro
863 330 954 357 anima

152 378 257 406 bellum
278 378 461 413 suscipiamus
482 377 675 413 implacabile?
698 376 732 404 Et
747 376 793 412 qui
811 384 844 404 ne
862 376 953 404 homi-

152 424 237 452 nibus
251 423 362 459 quidem
378 424 518 459 injuriosis
532 428 579 450 aut
594 423 805 458 percussoribus
821 422 865 450 vel
879 422 954 449 occi-

155 471 264 498 soribus
279 470 408 498 resistere
430 470 519 505 jubet,
540 469 678 504 quomodo
695 469 717 496 si
733 469 857 496 novisset
882 468 956 495 hunc

155 523 217 543 esse
242 516 340 548 Deum,
364 515 445 542 nobis
461 522 525 542 cum
551 514 598 542 illo
623 521 748 550 pugnare
776 512 956 549 praeciperet?

156 561 225 589 Item
246 562 379 589 Dominus
397 561 425 589 in
447 561 533 589 sacris
550 560 706 596 Evangeliis
723 560 788 587 dum
803 560 860 587 ait:
879 560 956 587 Viae—

158 609 221 636 bam
237 607 369 636 Satanam
392 612 520 642 tanquam
545 607 635 642 fulgur
650 607 785 634 cadentem
802 607 824 622 θ’
838 614 846 639 ;
874 606 958 633 Dum-

156 663 208 690 que
224 655 310 690 ignem
327 659 455 682 alternum
468 654 518 688 ipsi
538 658 562 681 et
578 653 680 689 angelis
693 653 750 688 ejus
768 657 895 687 paratum
910 652 956 679 de-

156 701 262 728 nuntiat
276 701 321 734 ";
352 700 497 736 fugitivum
517 699 593 727 illum
616 704 644 727 et
667 702 819 734 apostatam
845 705 956 726 servum

158 749 241 781 atque
264 749 417 773 creaturam
444 745 625 777 demonstrat,
652 744 688 772 ob
716 751 797 771 suum
821 743 957 778 superbiae

159 799 243 820 causa
260 792 378 827 lapsum,
393 791 614 827 inexstinguibili
629 791 684 827 igni
706 791 861 818 dedendum
886 789 956 823 fore,

157 846 221 867 cum
240 839 400 874 apostaticis
424 838 482 866 suis
502 838 695 874 potestatibus.
724 837 781 873 Age
805 844 871 865 vero
897 837 958 865 ubi-

158 894 225 914 nam
241 885 354 918 audisti,
379 885 422 913 vel
439 885 550 921 quando
571 884 672 912 novisti
698 883 784 911 Deum
800 883 955 916 cadentem,

159 938 206 961 aut
220 932 391 967 sempiterno
407 931 472 968 igne
496 931 647 967 punitum?
674 930 728 958 Sed
753 930 828 957 hunc
844 929 959 957 fortasse

159 977 218 1013 pari
233 977 346 1005 nomine
368 977 455 1005 Deum
481 977 639 1012 appellavit,
665 975 834 1004 audientium
859 975 961 1004 conde-

159 1024 295 1051 scendens
309 1022 474 1055 infirmitati,
493 1024 651 1058 sensimque
661 1023 694 1050 ab
709 1022 788 1050 idolis
805 1022 958 1054 retrahens,

160 1074 189 1097 et
203 1070 237 1097 ad
257 1069 369 1097 unicum
386 1070 472 1097 Deum
490 1069 641 1100 adducens.
660 1069 725 1096 dum
742 1073 843 1104 quanta
866 1068 959 1096 futura

161 1116 197 1143 sit
212 1115 364 1144 victoribus
389 1116 574 1143 remuneratio
595 1115 776 1147 demonstrat,
792 1115 828 1142 ob
856 1114 956 1142 luctam

160 1170 224 1191 eum
249 1163 369 1198 superbo
391 1167 419 1191 et
442 1162 624 1198 gloriabundo
651 1166 823 1197 susceptam;
840 1161 863 1188 si
883 1166 958 1189 certe

162 1208 229 1237 lutei
252 1209 383 1237 mortales
408 1209 614 1244 incorporeum,
638 1208 706 1236 viles
721 1216 753 1235 ac
776 1208 883 1236 minimi
898 1216 958 1236 ma-

162 1262 246 1291 gnum
259 1254 407 1282 draconem
422 1257 575 1290 apostatam
590 1253 796 1282 debellavcrint.

198 1387 243 1416 Vl.
272 1388 362 1423 Atque
390 1388 443 1416 hoc
467 1388 622 1424 comperies
648 1387 799 1416 Corinthiis
821 1388 848 1415 in
868 1388 960 1423 priore

163 1433 280 1470 epistola
309 1434 421 1462 beatum
447 1433 562 1462 Paulum
589 1435 756 1462 scribentem
781 1434 898 1462 dicere:
921 1434 959 1461 De

162 1481 228 1508 escis
244 1481 334 1517 itaque
344 1489 403 1517 qua:
416 1481 495 1508 idolis
506 1481 691 1515 immolantur,
703 1482 800 1508 scimus
816 1481 879 1516 quia
893 1481 960 1508 nihil

1005 284 1059 311 τοῦ
1072 284 1190 318 κόσμου
1205 284 1256 311 καὶ
1273 283 1381 318 αἰῶνος
1401 285 1521 311 τούτου.
1548 284 1620 319 Πρὸς
1642 284 1709 311 Θεὸν
1726 284 1808 310 πολε-

1007 331 1068 364 μεῖν
1080 330 1153 366 ὴμᾶς
1168 331 1389 365 παρασκευάζει,
1406 331 1420 357 6
1438 331 1523 366 μηδὲν
1536 330 1606 366 πλὴν
1619 330 1666 357 τοῦ
1678 330 1808 365 σώματος

1005 377 1051 403 ὲπὶ
1067 377 1115 412 τῆς
1130 377 1180 412 γῆς
1195 385 1260 403 ποτε
1272 377 1456 412 κτησάμενος,
1473 377 1521 404 καὶ
1534 377 1669 404 διδάσκων
1685 376 1722 412 μὴ
1734 377 1807 412 ὑπὲρ

1005 423 1053 450 τοῦ
1070 423 1198 458 σώματος
1229 423 1288 450 ἀλλ’
1309 424 1380 458 ὑπὲρ
1406 423 1495 458 ψυχῆς
1521 423 1660 450 ποιεῖσθαι
1685 424 1808 458 πόλεμον

1006 468 1140 497 ἄσπονδον
1153 478 1160 502 ;
1174 470 1223 496 καὶ
1232 470 1246 496 6
1258 469 1325 505 μηδὲ
1337 469 1493 506 ἀνθρώποις
1504 469 1645 498 ἀδικοῦσιν
1658 470 1674 505 ἢ
1687 469 1808 496 τύπτον-

1007 524 1049 542 σιν
1067 516 1083 551 ἢ
1105 515 1266 543 θανατοῦσιν
1289 516 1449 551 ἀντιστῆναι
1467 515 1598 548 κελεύων,
1620 516 1678 548 πῶς
1695 517 1719 543 εἰ
1735 516 1808 550 ἔγνω

1006 561 1102 589 τοῦτον
1117 560 1187 589 εῖναι
1201 562 1279 594 Θεὸν,
1294 562 1353 597 μετ’
1367 562 1450 589 αὑτοῦ
1466 562 1597 597 πολεμεῖν
1611 563 1686 597 ἡμᾶς
1696 562 1810 589 ἐκέλευ-

1008 616 1072 640 σεν;
1091 607 1172 635 πάλιν
1188 608 1217 635 δὲ
1238 608 1285 634 καὶ
1299 609 1313 634 6
1329 608 1432 643 Κύριος
1461 608 1490 634 ὲν
1509 608 1594 641 ἱεροῖς
1625 607 1809 642 Εὑαγγελίοις

1009 654 1097 688 λέγων
1109 662 1115 668 ·
1133 653 1299 687 Ἐθεώρουν
1313 653 1368 680 τὸν
1379 652 1521 682 Σατανᾶν
1532 653 1572 686 ὠς
1584 653 1747 688 ἀστραπὴν
1758 662 1811 680 πε-

1007 699 1117 727 σόντα”
1143 699 1195 727 καὶ
1206 699 1240 726 τὸ
1257 699 1317 733 πῦρ
1329 699 1452 727 αἰώνιον
1475 699 1558 733 αὐτῷ
1568 700 1618 726 καὶ
1638 700 1701 733 τοῖς
1717 700 1810 735 ἀγγέ-

1007 747 1074 778 λοις
1088 744 1183 773 αὑτοῦ
1210 744 1392 779 ἐτοιμασθὲν
1419 745 1640 780 προεμφαίνων,
1669 745 1811 780 δραπέτην

1008 790 1056 817 καὶ
1069 789 1228 825 ἀποστάτην
1236 789 1329 816 δοῦλον
1341 789 1388 816 καὶ
1398 789 1502 825 κτίσμα
1509 789 1591 816 αὐτὸν
1603 790 1809 822 ἀποδείκνυσιν,

1008 836 1051 863 διὰ
1064 835 1113 871 τὴν
1125 835 1155 868 ὲξ
1170 835 1361 871 ὑπερηφανίας
1377 835 1460 863 αὐτοῦ
1481 835 1619 862 ἔκπτωσιν
1632 855 1639 867 ,
1656 836 1704 862 τοῦ
1724 835 1811 862 ἀσϐέ-

1010 889 1074 908 στου
1095 880 1181 918 πυρδς
1209 880 1336 908 ὑπόδικον
1353 880 1474 914 ἔσεσθαι,
1492 882 1541 908 σὺν
1571 882 1632 913 ταῖς
1656 881 1703 908 ὑπ’
1726 881 1812 908 αὑτὸν

1010 927 1208 959 ἀποστατικαῖς
1238 927 1389 962 δυνάμεσιν
1401 935 1409 942 ·
1431 926 1482 954 ποῦ
1496 927 1525 954 δὲ
1554 927 1676 962 ἀκήκοας
1691 928 1707 963 ἦ
1722 927 1812 962 ἔγνως

1011 974 1077 1001 ποτὲ
1102 973 1169 1000 Θεὸν
1194 973 1375 1006 ἐκπίπτοντα,
1392 973 1409 1009 ἢ
1428 974 1458 1000 ὲν
1477 973 1544 1009 πυρὶ
1556 973 1659 1008 αἰωνίῳ
1673 973 1813 1009 τιμωρού-

1012 1029 1112 1056 μενονς
1128 1020 1186 1047 ἀλλ’
1204 1020 1360 1055 ὁμωνύμως
1371 1019 1466 1046 τοῦτον
1484 1020 1550 1051 ἴσως
1575 1020 1810 1055 προσηγόρευσεν,

1010 1068 1044 1102 τῇ
1064 1065 1117 1093 τῶν
1151 1066 1305 1093 ἀκουόντων
1335 1066 1465 1102 ἀσθενείᾳ
1496 1066 1734 1100 συγκαταϐαίνων,
1762 1066 1812 1093 καὶ

1007 1111 1163 1147 λεληθότως
1189 1113 1221 1139 ἐκ
1247 1112 1302 1138 τῶν
1330 1111 1448 1139 εἰδώλων
1461 1112 1587 1146 ἀπάγων,
1617 1112 1666 1139 καὶ
1682 1112 1751 1148 πρὸς
1763 1113 1812 1139 τὸν

1011 1155 1092 1190 μόνον
1122 1155 1189 1182 Θεὸν
1221 1156 1381 1192 προσάγων,
1400 1156 1450 1183 καὶ
1463 1156 1572 1188 δεικνὺς
1586 1157 1632 1184 οἶα
1654 1158 1710 1189 τοῖς
1725 1157 1810 1184 αὑτοῦ

1008 1202 1134 1236 νικηταῖς
1150 1202 1167 1237 ἡ
1183 1202 1285 1237 ἀμοιϐὴ
1297 1202 1347 1237 τῆς
1365 1203 1433 1237 πρὸς
1451 1203 1534 1230 αὐτὸν
1560 1204 1648 1238 πάλης
1663 1204 1809 1240 γενήσεται

1009 1248 1055 1275 τδν
1071 1248 1246 1284 μεγάλαυχον
1266 1249 1314 1276 καὶ
1340 1249 1467 1282 ἀλαζόνα.
1485 1250 1588 1285 ἐάνπερ
1599 1252 1624 1278 ol
1640 1240 1811 1286 πήλινθτὸν

1011 1295 1084 1331 [cod.
1095 1295 1113 1322 f.
1126 1294 1203 1331 115.]
1215 1295 1375 1331 ἀσώματον,
1386 1296 1434 1323 καὶ
1447 1297 1472 1323 οἱ
1483 1296 1604 1328 εὐτελεῖς
1615 1297 1662 1324 καὶ
1673 1297 1810 1332 ἐλάχιστοι

1009 1341 1055 1369 τὸν
1071 1341 1206 1378 δράκοντα
1221 1341 1266 1368 τὸν
1288 1342 1375 1376 μέγαν
1385 1343 1431 1369 τὸν
1442 1343 1601 1377 ἀποστάτην
1615 1344 1775 1378 νικήσωσιν.

1047 1388 1093 1421 ς’.
1107 1387 1162 1414 Καὶ
1177 1387 1256 1414 τοῦτο
1276 1387 1406 1423 εὑρήσεις
1419 1389 1476 1420 τοῖς
1500 1388 1593 1420 αὐτοῖς
1608 1388 1764 1423 Κορινθίοις
1780 1389 1810 1415 ἐν

1013 1434 1046 1468 τῇ
1061 1432 1155 1468 πρώτῃ
1185 1433 1314 1468 ἐπιστολῇ
1341 1433 1387 1461 τὸν
1404 1434 1540 1470 μακάριον
1559 1433 1722 1461 ’Λπόστολον
1750 1436 1809 1461 ἑπι-

1014 1478 1157 1505 στέλλοντα
1183 1479 1230 1506 καὶ
1257 1479 1389 1513 λέγοντα·
1421 1480 1492 1514 Περὶ
1506 1480 1651 1514 βρώσεως
1677 1478 1735 1508 οὖν
1750 1481 1811 1507 τῶν

162 1533 202 1555 est
217 1527 318 1555 idolum
330 1528 358 1555 in
377 1529 485 1561 mundo,
497 1532 522 1555 et
539 1529 609 1564 quod
623 1528 712 1556 nullus
733 1528 804 1555 alius
823 1532 860 1554 est
876 1526 956 1559 Deus,

1014 1523 1225 1558 εἰδωλοθύτων,
1237 1523 1361 1560 οἴδαμεν
1369 1524 1414 1552 ὅτι
1422 1525 1513 1552 οὐδὲν
1521 1526 1646 1553 εῑδωλον
1654 1527 1689 1554 ἐν
1696 1526 1811 1560 κόσμῳ,

164 1572 215 1599 nisi
231 1580 307 1599 unus.
325 1571 398 1599 Nam
420 1572 468 1599 etsi
493 1576 556 1599 sunt
580 1573 625 1608 qui
647 1573 773 1599 dicantur
789 1571 837 1603 dii,
864 1571 918 1597 sive
930 1571 960 1596 in

163 1618 227 1646 caelo
247 1619 301 1646 sive
314 1619 343 1645 in
358 1623 430 1646 terra
445 1618 479 1647 “.
504 1618 627 1646 Observa
642 1617 779 1654 dogmatis
802 1621 960 1645 accuratam

163 1665 334 1692 doctrinam:
348 1664 396 1700 qui
409 1665 550 1698 dicuntur,
568 1664 621 1700 53
634 1664 732 1700 inquit,
748 1671 802 1691 non
819 1663 865 1698 qui
885 1666 960 1690 sunt.

163 1711 311 1747 Propterea
325 1711 479 1740 obscuratis
493 1712 634 1740 mentibus
658 1711 783 1739 homines
803 1709 957 1737 miserrimc

164 1759 218 1786 hoc
230 1758 380 1793 patiuntur,
399 1758 500 1786 fabulis
517 1763 547 1786 et
574 1757 713 1794 ﬁgmentis
727 1761 810 1792 atque
826 1756 907 1784 idolis
921 1756 962 1784 di-

163 1803 260 1830 vinum
276 1811 378 1831 nomen
393 1807 604 1832 commutantes.
622 1802 700 1837 Quod
716 1807 745 1830 ut
761 1803 891 1830 radicitus
915 1809 964 1830 ex-

165 1848 265 1884 stirpet
286 1856 364 1876 sacer
388 1849 538 1885 Apostolus
560 1854 657 1876 contra
681 1848 744 1876 ait:
768 1848 851 1875 Nobis
874 1853 965 1874 tamen

166 1902 234 1922 unus
253 1894 321 1922 Deus
336 1895 431 1929 Pater,
448 1904 481 1923 ea:
502 1903 555 1930 quo
570 1895 678 1928 omnia;
704 1899 729 1922 et
742 1903 811 1922 unus
832 1894 963 1921 Dominus

165 1940 244 1969 Jesus
258 1941 377 1970 Christus
389 1950 436 1977 per
449 1950 525 1978 quem
537 1942 626 1969 omnia
643 1942 682 1974 ⁶³;
704 1941 753 1970 sed
769 1946 797 1969 et
813 1949 885 1968 unus
902 1940 965 1976 Spi-

167 1988 236 2016 ritus
250 1993 373 2022 sanctus,
402 1987 429 2017 in
445 1997 501 2025 quo
524 1989 626 2017 omnia.
652 1989 737 2016 Porro
761 1989 914 2017 locutiones
930 1995 962 2015 ea:

169 2042 231 2070 quo,
256 2039 284 2062 et
299 2043 346 2068 per
361 2042 449 2071 quem,
465 2039 494 2062 et
508 2035 536 2062 in
549 2043 612 2070 quo,
625 2039 738 2062 naturas
756 2043 811 2062 non
827 2034 964 2066 dividunt,

167 2081 217 2109 sed
230 2088 361 2116 personas
377 2082 520 2109 denotant.
546 2081 657 2109 Etcum
674 2082 750 2116 prius
770 2081 885 2109 dixisset
897 2088 965 2107 unus

169 2127 240 2155 Deus
257 2128 293 2156 ob
305 2128 470 2156 substantias
485 2127 630 2159 unitatem.
649 2136 712 2155 mox
727 2128 819 2156 verbis
835 2136 882 2162 per
891 2134 968 2162 quem

1012 1569 1060 1596 καὶ
1071 1569 1224 1604 ὄτιοὺδεὶς
1234 1571 1306 1603 Θεὸς
1319 1571 1430 1605 ἕτερος,
1444 1572 1470 1599 εί
1476 1571 1520 1606 μὴ
1530 1570 1583 1605 εἷς·
1599 1573 1648 1599 καὶ
1661 1573 1716 1607 γὰρ
1727 1572 1812 1607 εἶπεν

1011 1616 1071 1642 εισὶ
1083 1617 1240 1651 λεγόμενοι
1250 1617 1311 1644 θεοὶ
1327 1617 1398 1654 [εἴτε
1412 1617 1447 1645 ἐν
1461 1618 1591 1654 οὐρανῷ]
1606 1619 1665 1646 εἴτε
1679 1619 1728 1646 ἐπὶ
1744 1620 1811 1654 τῆς.

1012 1662 1135 1698 Πρόσχες
1145 1664 1178 1698 τῇ
1186 1663 1314 1699 ἀκριϐείᾳ
1323 1663 1370 1690 τοῦ
1382 1664 1525 1700 δόγματος,
1544 1664 1686 1700 λεγόμενοι
1701 1665 1756 1700 γὰρ
1771 1663 1812 1691 εἶ-

1013 1718 1075 1741 πεν,
1085 1709 1134 1745 οὐχ
1145 1710 1312 1746 ὑπάρχοντες
1324 1719 1330 1725 ·
1345 1711 1379 1737 δι’
1390 1711 1404 1737 ὃ
1417 1711 1441 1737 οἱ
1451 1711 1639 1746 ἐσκοτωμένοι
1649 1712 1708 1743 ταῖς
1714 1711 1815 1738 διανοί-

1014 1765 1058 1788 αις
1067 1756 1205 1791 άνθρωποι
1221 1756 1377 1789 παναθλὶως
1391 1757 1470 1784 τοῦτο
1480 1757 1642 1788 πεπόνθασι,
1654 1757 1751 1792 μύθοις
1765 1758 1815 1784 καὶ

1016 1801 1156 1837 πλάσμασι
1173 1802 1220 1829 καὶ
1231 1802 1352 1834 εἰδώλοις
1365 1803 1396 1829 τὸ
1417 1803 1487 1830 θεῖον
1504 1803 1702 1838 μεταϐαλόντες
1713 1803 1813 1838 ὄνομα·

1015 1848 1083 1884 ὅπερ
1100 1848 1152 1884 πρὸ
1167 1848 1251 1884 ῥιζῶν
1267 1848 1437 1876 ἀναστέλλων
1457 1850 1471 1876 6
1484 1849 1555 1885 ἱερὸς
1563 1849 1725 1881 Ἀπόστολος
1746 1850 1815 1876 ἀνθ-

1015 1894 1148 1930 υποφέρει
1162 1903 1170 1910 ⁸
1196 1894 1279 1921 Ἀλλ’
1308 1894 1381 1930 ἡμῖν
1399 1893 1443 1929 εἷς
1463 1895 1537 1928 Θεὸς
1562 1897 1578 1923 ό
1595 1895 1707 1930 Πατὴρ,
1721 1896 1757 1928 ἐξ
1779 1893 1816 1923 οὖ

1016 1940 1053 1968 τὰ
1078 1940 1194 1967 πάντα·
1224 1941 1274 1968 καὶ
1293 1938 1338 1974 εἷς
1360 1941 1469 1976 Κύριος
1489 1941 1610 1976 Ἰησοῦς
1621 1942 1761 1976 Χριστὸς.
1778 1942 1817 1969 δι’

1017 1985 1053 2015 οὗ
1071 1987 1106 2014 τὰ
1117 1986 1225 2014 πάντα.
1257 1986 1337 2014 Ἀλλὰ
1350 1988 1398 2014 καὶ
1421 1987 1450 2014 ἓν
1467 1987 1580 2023 Πνεῦμα
1601 1988 1690 2022 ἅγιον,
1703 1989 1733 2015 ὲν
1746 1985 1769 2022 ᾧ
1784 1988 1819 2015 τά

1018 2034 1108 2061 πάντα
1121 2033 1171 2069 (3')
1181 2041 1188 2048 ·
1200 2033 1247 2060 τοῦ
1263 2033 1297 2066 ἐξ
1309 2031 1358 2067 οὗ,
1373 2034 1421 2061 καί
1434 2033 1470 2060 δι’
1486 2032 1534 2066 οὗ,
1550 2035 1597 2061 καὶ
1609 2034 1644 2061 ἐν
1659 2030 1695 2068 ᾧ,
1716 2035 1754 2070 μὴ
1767 2035 1819 2070 φύ-

1020 2088 1077 2110 σεις
1090 2079 1257 2114 τεμνόντων,
1274 2079 1332 2106 ἀλλ’
1350 2080 1516 2112 ὑποστάσεις
1536 2080 1797 2116 χαρακτηριζόντων
1810 2088 1816 2094 “

1022 2126 1071 2152 καὶ
1087 2126 1116 2152 τὸ
1132 2125 1192 2160 μὲν,
1209 2123 1254 2158 εἷς
1265 2125 1350 2159 Θεὸς,
1366 2126 1410 2152 διὰ
1428 2126 1477 2160 τὴν
1497 2126 1547 2161 τῆς
1555 2126 1649 2158 οὐσίας
1663 2127 1819 2161 ταυτότητά

168 2175 236 2202 etin
249 2183 300 2211 quo
321 2183 502 2211 personarum
521 2174 706 2203 dilferentiam
727 2175 857 2202 subdidit.
885 2174 960 2202 Unus

1014 2172 1141 2207 προσθεὶς
1153 2192 1160 2204 ,
1175 2172 1206 2198 τὸ
1214 2171 1249 2204 ἐξ
1264 2169 1300 2200 οὗ
1315 2172 1360 2199 καὶ
1371 2171 1408 2199 δι’
1420 2170 1457 2200 οὗ
1483 2173 1530 2199 καὶ
1555 2173 1590 2199 ἐν
1607 2169 1631 2206 ᾦ
1646 2172 1690 2199 διὰ
1703 2173 1752 2208 τὴν
1764 2173 1819 2199 τῶν

168 2229 233 2257 ergo
249 2222 321 2249 Deus
337 2221 365 2248 in
381 2221 479 2254 tribus,
496 2226 524 2248 et
542 2213 592 2248 tria
608 2229 705 2254 unum,
720 2225 749 2247 ut
773 2220 902 2252 diximus,
923 2221 970 2256 qui

168 2275 251 2304 super
265 2268 357 2295 omnia
375 2273 402 2295 et
422 2276 471 2304 per
488 2267 592 2301 omnia,
605 2273 633 2295 et
646 2268 673 2294 in
691 2267 822 2295 omnibus
834 2272 968 2302 permeat.

169 2313 230 2340 Alio
244 2318 336 2341 autem
350 2313 410 2341 loco
429 2313 580 2341 humanum
603 2317 729 2340 ventrem
751 2312 837 2340 Deum
858 2321 968 2340 nuncu-

171 2360 218 2392 pat
230 2356 386 2392 Apostolus,
406 2358 481 2386 haud
503 2365 572 2386 sane
587 2357 665 2393 quasi
685 2356 780 2384 mundi
797 2357 967 2391 Creatorem,

172 2402 220 2430 sed
235 2402 271 2430 ob
286 2410 381 2431 curam
396 2408 424 2431 et
446 2404 550 2432 cultum
566 2404 590 2431 ei
607 2403 780 2432 adhibitum:
805 2404 856 2431 hac
873 2403 969 2432 videli-

173 2452 219 2476 cet
229 2448 404 2485 homonymia
417 2450 574 2479 luxuriosos
584 2450 739 2483 deterrens,
756 2456 838 2486 atque
851 2451 885 2479 ab
897 2451 971 2479 illius

173 2502 240 2522 cura
266 2500 392 2523 avertere
420 2496 527 2530 volens,
552 2497 591 2525 ait
616 2496 864 2532 Philippensibus:
891 2497 972 2525 Multi

174 2541 326 2568 inordinate
341 2542 489 2576 ambulant,
507 2551 572 2579 quos
593 2551 662 2578 sirpe
672 2543 744 2571 vobis
759 2543 889 2576 dicebam,
903 2547 973 2570 nunc

175 2590 266 2614 autem
280 2591 304 2614 et
320 2587 387 2622 flens
399 2588 470 2621 dico,
488 2588 610 2616 inimicos
629 2589 716 2616 crucis
729 2588 842 2620 Christi,
862 2597 974 2624 quorum

175 2632 236 2668 ﬁnis
253 2633 386 2667 interitus,
402 2643 515 2669 quorum
533 2635 605 2662 Deus
624 2640 713 2663 venter
727 2639 776 2668 est,
793 2639 817 2662 et
834 2634 921 2671 gloria
943 2635 973 2662 in

177 2680 323 2716 ignominia
332 2681 451 2715 ipsorum
459 2682 492 2708 “.
503 2682 639 2717 Additque
651 2691 657 2709 :
667 2681 718 2715 Qui
731 2687 835 2709 terrena
848 2682 971 2716 sapiunt,-

179 2732 270 2754 nostra
289 2727 359 2755 enim
384 2729 546 2756 conversatio
562 2728 592 2755 in
611 2728 682 2756 cwlia
701 2729 783 2755 est".
802 2727 835 2755 Et
852 2728 972 2756 iterum:

216 2818 238 2834 ⁶¹
255 2818 358 2852 Ephes.
384 2826 422 2851 vr,
446 2818 490 2852 10,
514 2819 557 2846 12.

612 2818 634 2834 “
653 2818 718 2846 Luc.
734 2827 761 2851 ι,
780 2818 823 2846 18.

182 2853 204 2869 ετ
220 2853 321 2888 Philip.
332 2860 373 2884 ιη,
387 2853 431 2881 is.

875 2819 897 2834 "
911 2818 1006 2846 Matth.
1030 2826 1093 2851 xxv,
1115 2818 1159 2844 41.

1022 2218 1199 2245 ὑποστάσεων
1222 2217 1355 2253 διαφορὰν
1385 2218 1550 2254 ὑπήνεγκεν.
1579 2215 1627 2250 Εἷς
1643 2216 1690 2246 οὖν
1705 2219 1772 2250 Θεὸς
1790 2220 1819 2245 ὲν

1020 2265 1119 2300 τρισὶν,
1134 2264 1180 2291 καὶ
1191 2264 1225 2290 τὰ
1242 2265 1306 2300 τρια
1320 2265 1359 2298 ἓν,
1377 2265 1473 2300 ὥσπερ
1490 2264 1606 2300 ἔφαμεν,
1621 2265 1635 2291 ὁ
1650 2265 1696 2291 ἐπὶ
1709 2265 1820 2292 πάντων

1021 2312 1069 2338 καὶ
1081 2312 1109 2338 ἐν
1121 2312 1189 2338 πᾶσι
1202 2311 1388 2347 διῖκνούμενος
1402 2320 1409 2327 ·
1422 2311 1470 2338 καὶ
1497 2312 1527 2338 ὲν
1540 2311 1627 2348 ἑτέρῳ
1645 2311 1674 2338 δὲ
1695 2311 1746 2347 τὴν
1772 2313 1821 2339 ἀν-

1021 2357 1160 2393 θρωπίνην
1175 2357 1290 2391 κοιλίαν,
1308 2357 1374 2384 Θεὸν
1385 2357 1530 2393 ὠνόμασεν
1547 2358 1561 2384 6
1583 2357 1758 2391 Ἀπόστολος,
1770 2359 1820 2392 οὐχ

1022 2403 1059 2435 ὡς
1075 2404 1178 2439 κόσμου
1196 2403 1321 2440 ποιητὴν,
1337 2403 1394 2430 ἀλλ’
1406 2404 1438 2430 ἐκ
1455 2404 1506 2437 τῆς
1519 2404 1583 2438 περὶ
1600 2403 1686 2439 αὐτὴν
1701 2404 1821 2438 σπουδῆς

1021 2450 1069 2477 καὶ
1085 2449 1213 2485 λατρείας
1223 2458 1230 2464 ⁸
1243 2450 1315 2486 [cod.
1334 2449 1418 2477 [2115
1432 2449 1474 2485 1).]
1487 2449 1531 2476 διὰ
1542 2451 1590 2484 τῆς
1601 2450 1763 2485 ὁμωνυμίας
1774 2451 1821 2477 ὲκ·-

1021 2496 1112 2531 quoiith
1126 2497 1187 2528 τοὺς
1199 2496 1380 2528 ἀκολάστους,
1406 2496 1453 2523 καὶ
1470 2495 1621 2530 ἀνατρέψαι
1642 2496 1743 2527 αὐτοὺς
1771 2496 1822 2530 τῆς

1023 2543 1087 2578 περὶ
1102 2542 1186 2578 αὐτὴν
1200 2542 1319 2577 σπουδῆς
1337 2542 1509 2577 βουλόμενος,
1533 2543 1620 2576 λέγων
1643 2542 1711 2577 πρὸς
1724 2543 1824 2568 Φιλιπ-

1023 2589 1155 2625 πησίουςο
1167 2589 1281 2616 Πολλοὶ
1295 2588 1495 2623 γὰρ’ἁτάκτως
1516 2588 1747 2623 περιπατοῦσιν,
1768 2588 1822 2621 οὓς

1025 2633 1174 2666 πολλάκις
1185 2633 1293 2668 ἔλεγον
1306 2633 1393 2669 ὑμῖν,
1409 2633 1468 2660 νῦν
1478 2633 1513 2660 δὲ
1536 2633 1586 2660 και
1608 2633 1723 2660 κλαίων

1026 2680 1098 2712 τοὺς
1108 2679 1235 2714 ἐχθροὺς
1250 2679 1303 2706 τοῦ
1319 2679 1453 2713 σταυροῦ
1472 2679 1612 2714 Χριστοῦ,
1628 2676 1674 2706 ἄν
1688 2679 1720 2706 τὸ
1735 2680 1823 2712 τέλος

1028 2727 1172 2759 ἀπώλεια,
1184 2724 1228 2754 ὧν
1255 2727 1271 2754 ό
1302 2725 1376 2760 Θεὸς
1400 2726 1420 2761 ἡ
1432 2726 1543 2759 κοιλία,
1556 2726 1605 2754 καὶ
1615 2727 1634 2761 ἡ
1645 2725 1722 2758 δόξα
1737 2727 1773 2753 ἐν
1787 2726 1824 2760 τῇ

1215 2818 1236 2833 ⁸⁸
1251 2816 1261 2844 l
1282 2816 1344 2844 Cor.
1358 2823 1418 2849 vnI,
1439 2815 1504 2848 4,5.
1545 2815 1567 2831 "
1584 2814 1651 2843 ibid.
1698 2816 1738 2852 ψ
1755 2816 1823 2845 ibid.

220 2898 270 2932 (δ’)
288 2898 402 2926 Videtur
417 2901 530 2930 omnino
550 2902 621 2930 hanc
634 2909 742 2937 quoque
757 2901 790 2930 de
807 2901 911 2937 Spiritu
922 2905 1018 2930 sancto
1033 2901 1195 2937 particulam
1212 2900 1309 2936 legisse
1324 2907 1419 2930 auctor
1432 2900 1503 2935 apud
1516 2901 1642 2933 Paulum.
