1948 3070
135 189 203 223 1313

632 191 761 222 SERMO
780 191 794 222 Ι
812 191 1011 223 ADVERSUS
1030 190 1271 222 MANICH/EOS.

1704 190 1774 225 13M

131 245 265 280 αἰσχύνῃ
287 243 403 272 αὐτῶν·
429 243 572 280 προσθεὶς,
599 245 632 271 οι
662 245 699 272 τὰ
725 245 841 281 ἐπίγεια
866 254 926 280 φρο-

988 244 1020 272 In
1035 252 1115 271 carne
1130 244 1308 277 ambulantes,
1323 251 1374 271 non
1397 245 1541 272 secundum
1554 253 1661 273 carnem
1678 248 1781 275 milita-

131 292 258 324 νοῦν-τες
270 299 277 307 ⁸
290 291 376 327 ἡμῶν·
397 291 453 326 γὰρ
480 291 514 318 τὸ
540 291 707 326 πολίτευμα
727 291 762 318 ἐν
789 291 928 326 οὐρανοῖς

130 337 270 371 ὑπάρχει.
281 338 334 363 Καὶ
355 337 446 364 πάλιψ
457 337 506 363 Ἐν
523 335 614 370 σαρκὶ
629 335 875 370 περιπατοῦντες,
890 333 926 363 οὗ

131 384 208 409 κατὰ
237 382 338 416 σάρκα
368 382 601 417 στρατευόμεθα·
627 382 664 408 τὰ
689 382 744 416 γὰρ
763 381 844 408 ὅπλα
872 380 928 415 τῆς

130 429 289 463 στρατείας
307 428 393 463 ἡμῶν
418 429 454 456 οὐ
476 428 616 462 σαρκικὰ,
633 428 715 454 ἀλλὰ
744 426 860 454 δυνατὰ
886 426 927 459 τῷ

131 473 204 507 Θεῷ.
234 475 272 501 Οὐ
301 474 356 510 γὰρ
385 474 523 510 μάχαιραν
535 473 552 509 ἢ
566 473 643 506 τόξον
658 474 718 505 ταῖς
732 473 826 508 χερσὶν
837 473 924 508 αἴρειν

130 520 272 548 ἐκέλευσεν
285 520 352 556 πρὸς
363 521 414 555 τὴν
428 519 654 555 ἀντιπαράταξιν,
665 518 733 546 ἀλλὰ
744 519 845 554 νοερῶς
856 519 926 555 πρὸς

130 567 293 601 ἀσωμάτους
306 566 453 602 πολεμίους
467 565 694 600 παρατάττεσθαι
704 574 711 581 ·
739 565 787 591 καὶ
800 564 850 596 τὰς
865 564 926 599 βου-

130 612 178 645 λὰς
190 613 280 640 αὐτῶν
300 613 350 640 οὐκ
362 613 581 648 ἠναγκασμέναις
605 612 780 647 τιτρώσκειν,
804 611 862 638 ἀλλ’
887 611 926 643 ὼς

130 658 163 685 ἂν
175 658 283 694 θελήσαι
294 660 308 686 6
320 660 385 694 παρ’
397 659 488 686 αὐτῶν
501 659 665 694 βαλλόμενος
676 666 683 673 °
697 658 777 685 τοῦτο
785 657 839 692 γὰρ
849 657 928 693 ὲνηλ·

130 705 272 740 λαγμένως
289 705 343 732 τῶν
361 705 525 740 σωματικῶν
540 705 659 740 ὑπάρχει
688 705 831 740 πολέμων·
858 705 925 732 διότι

130 753 189 778 ἐκεῖ
205 752 254 787 μὲν
265 772 272 783 ,
297 753 349 779 κᾶν
376 753 414 787 μὴ
429 752 562 787 βούλοιτο,
579 752 626 783 τὰς
650 752 759 787 πληγὰς
771 750 846 787 παρὰ
871 750 926 778 τῶν

130 798 286 826 ἀντιπάλων
303 799 317 825 ό
333 797 534 834 προσπολεμῶν
557 794 725 833 εἰσδέχεταιο
748 797 863 824 ἐνταῦθα
876 797 926 823 οὐκ

130 845 237 879 ἀνάγκη
254 844 351 870 ἕπεται
365 853 372 859 ·
389 844 457 870 ἀλλὰ
473 843 640 880 προσϐάλλει
654 844 704 878 μὲν
717 844 731 870 6
748 842 886 877 πολέμιος,
898 843 926 869 ὲν

129 891 163 926 τῇ
177 890 410 925 αὐτεξιουσιότητι
437 890 466 916 δὲ
495 890 574 925 ἡμῶν
593 891 651 916 ἐστι
681 889 712 916 τὸ
726 888 853 922 δέξασθαι
876 887 926 924 τὴν

131 935 238 970 πληγὴν
253 936 269 971 ἢ
287 936 326 972 μὴ
342 936 471 970 δέξασθαι
482 944 489 952 ο
504 937 529 963 εἰ
547 935 602 970 γάρ
629 944 670 962 τοι
698 935 748 970 τὴν
773 934 926 970 προσϐολὴν

130 981 326 1017 εἰσδεξώμεθα,
350 983 397 1009 καὶ
413 982 517 1017 ταύτης
530 982 568 1014 ὡς
586 981 682 1016 ἀγαθῷ
706 991 759 1008 τινι
773 982 808 1017 τῇ
825 989 925 1016 πικρο-

129 1027 199 1064 τάτῃ
215 1027 372 1064 θελχοῶμεν
386 1028 511 1064 ὴδύτητι,
529 1028 601 1055 κατὰ
614 1028 711 1064 μικρὸν
726 1027 775 1064 τὴν
789 1026 925 1062 σηπεδόνα

129 1074 184 1101 τῶν
199 1074 338 1109 λογισμῶν
354 1074 530 1108 ὲπαύξοντες,
545 1074 607 1101 τότε
630 1074 723 1100 λοιπὸν
736 1073 852 1105 καὶτοῖς
875 1073 925 1109 τῆς

131 1121 233 1156 σαρκὸς
251 1121 342 1157 ἔργοις
358 1120 432 1157 [cod.
451 1121 470 1148 ι’.
487 1119 550 1157 “6]
572 1120 658 1151 ἀδεῶς
675 1119 889 1155 καταχρώμεθα,
906 1120 926 1146 ὅ.

979 299 1037 318 mus
1049 299 1058 317 :
1073 298 1187 326 namque
1200 288 1278 318 arma
1293 291 1394 318 milith
1405 296 1500 319 nostrw
1515 299 1566 318 non
1578 293 1697 320 carnalia
1708 299 1781 328 sum,

977 337 1023 364 sed
1047 337 1164 371 potentia
1178 336 1233 364 Deo
1245 336 1278 364 ⁸⁸.
1298 336 1405 364 Etenim
1422 336 1477 364 neu
1490 337 1609 373 gladium
1626 343 1674 366 aut
1685 347 1780 368 arcum

978 382 1106 409 manibus
1119 382 1214 410 tollere
1239 382 1322 417 jussit
1343 387 1436 410 contra
1462 387 1596 411 armatam
1618 384 1715 417 aciem,
1731 386 1780 414 sed

976 429 1199 456 intellectualiter
1225 434 1321 456 contra
1343 429 1519 465 incorporeos
1536 430 1628 458 hostes
1655 432 1780 467 praelium

976 475 1133 503 instruere:
1160 482 1276 510 quorum
1301 475 1372 503 ictus
1391 476 1464 503 haud
1482 477 1640 504 necessario
1661 477 1777 510 feriunt,

975 521 1021 548 sed
1037 526 1116 556 prout
1138 521 1161 548 is
1184 521 1301 548 voluerit
1317 521 1363 556 qui
1388 521 1424 549 ab
1449 522 1481 549 iis
1496 523 1645 557 appetitur.
1677 523 1708 550 In
1725 524 1779 552 hoc

974 567 1048 594 enim
1065 575 1079 594 a
1103 567 1291 602 corporalibus
1316 567 1396 595 bellis
1412 567 1567 596 differentia
1583 572 1635 602 est,
1657 570 1730 604 quod
1745 570 1774 598 in

975 612 1018 639 his
1029 612 1126 640 nolens
1146 612 1228 640 etiam
1245 612 1461 640 adversariorum
1476 613 1548 640 ictus
1567 621 1693 649 pugnans
1708 622 1773 650 per-

980 658 1093 693 petitur,
1109 657 1137 685 in
1162 657 1216 685 illis
1239 658 1312 685 nulla
1332 662 1377 685 est
1394 659 1557 692 necessitas,
1580 660 1628 687 sed
1641 660 1779 696 iaculatur

977 705 1089 739 quidem
1114 704 1214 736 hostis,
1249 709 1437 732 verumtamen
1465 709 1556 732 utrum
1582 706 1666 733 ictum
1690 714 1780 735 necne

977 751 1164 786 excipiamus.
1178 750 1258 778 liberi
1275 751 1360 778 nostri
1376 750 1481 778 arbitrii
1497 750 1552 787 54
1564 756 1615 779 est.
1628 751 1656 779 Si
1667 752 1777 788 quidem

977 797 1060 833 igitur
1074 797 1157 825 icttttn
1171 805 1221 824 ceu
1245 797 1352 833 plagam
1373 797 1575 832 exceperimus,
1594 803 1677 833 atque
1693 799 1777 834 hujus

978 851 1121 878 peramara
1143 843 1289 871 dulcedine
1322 851 1374 871 ceu
1403 843 1476 871 bono
1501 845 1621 879 quodam
1645 845 1775 873 delectati

979 889 1124 922 fuerimus,
1141 890 1340 925 cogitationum
1363 890 1441 917 sanie
1457 890 1589 924 paulatim
1604 896 1695 926 aucta,
1711 899 1776 919 mox

979 935 1135 963 carnalibus
1152 934 1281 970 operibus
1297 943 1346 970 pro
1361 935 1438 962 libito
1448 934 1604 968 abutemur,
1620 936 1777 971 cuiusmodi

979 986 1044 1009 sunt
1067 981 1273 1015 fornicationes,
1296 981 1440 1015 adulteria,
1469 985 1498 1008 et.
1521 981 1624 1016 reliqua
1646 982 1778 1017 nequitia:

979 1035 1089 1064 genera.
1116 1028 1139 1054 Α
1161 1028 1260 1063 quibus
1279 1035 1347 1056 sane
1370 1035 1499 1064 rogemus
1524 1027 1667 1056 Dominum
1684 1033 1715 1056 ut
1727 1035 1778 1064 per

979 1074 1170 1109 prenitentiam
1184 1082 1235 1102 nos
1257 1074 1366 1109 eripiat,
1383 1078 1486 1102 nostra:
1510 1074 1592 1102 simul
1609 1082 1699 1110 opera:
1714 1082 1778 1110 par-

981 1124 1035 1148 tem
1052 1120 1179 1148 conferre
1194 1128 1249 1147 non
1270 1121 1468 1148 detrectantes.

129 1168 191 1194 τινά
203 1169 256 1194 είσι
267 1169 402 1203 πορνεῖαι,
419 1169 607 1204 μοιχεῖαι,καὶ
622 1168 657 1196 τὰ
668 1168 750 1195 λοιπὰ
763 1168 812 1202 τῆς
832 1167 933 1200 κακίας
956 1167 1015 1204 είδη
1029 1176 1036 1183 ·
1064 1164 1157 1204 ὧνπερ
1181 1167 1326 1204 εὐξώμεθα
1353 1168 1450 1204 Κυρίῳ
1470 1168 1508 1204 τῷ
1529 1168 1590 1204 Θεῷ
1622 1168 1666 1196 διὰ
1694 1177 1778 1205 μετα-

131 1214 206 1246 νοίας
221 1215 363 1250 ρυσθῆναι,
378 1216 424 1242 καὶ
440 1215 474 1241 τά
487 1215 553 1251 παρ’
565 1215 670 1242 ἑαυτῶν
685 1215 922 1249 συνεισφέροντες,

168 1263 205 1289 Z’.
221 1262 252 1289 El
265 1262 288 1289 δ’
303 1260 337 1289 αὖ
356 1271 388 1296 γε
412 1264 444 1299 τῇ
464 1263 603 1299 συμϐουλῇ
620 1263 668 1290 τοῦ
685 1263 772 1290 δολίου
793 1262 860 1298 μηδὲ
877 1263 926 1298 τὴν

132 1309 218 1344 ἀκοὴν
233 1309 408 1344 ὑωσχῶμεν,
429 1309 580 1344 προσὸαλεῖ
604 1309 652 1345 μὲν
675 1309 714 1340 ὡς
738 1308 778 1345 τῷ
801 1308 862 1343 Θεῷ
879 1308 927 1334 καὶ

133 1355 212 1390 Λόγῳ
229 1355 350 1391 τρισσῶς
362 1357 376 1382 6
389 1355 532 1390 πολέμιος,
546 1355 746 1390 ἀποκρουσθεὶς
758 1355 781 1381 δ’
791 1354 837 1389 ὑφ’
848 1353 927 1390 ἡμῶν

133 1401 195 1431 ταῖς
212 1399 390 1436 θεοφράστοις
405 1401 571 1435 ἀποφάσεσι,
593 1402 607 1427 6
626 1401 675 1435 μὲν
692 1399 814 1426 ἐκποδὼν
830 1401 859 1426 ὲν
878 1401 927 1427 ἀν-

134 1445 224 1481 ύδροις
240 1447 334 1478 τόποις
351 1447 398 1474 καὶ
424 1447 517 1482 ξηροῖς
532 1446 607 1478 θείας
622 1446 754 1482 ἐπιρροῆς
770 1446 927 1481 άπελασθή-

135 1499 230 1519 σεται·
253 1493 334 1528 ἡμεῖς
348 1492 376 1519 δὲ
401 1494 433 1528 τῇ
451 1492 506 1520 τῶν
529 1493 616 1527 ἁγίων
631 1492 756 1527 ἀγγέλων
781 1491 928 1527 ἐπιστασίᾳ

131 1537 172 1573 τῷ
187 1537 252 1574 θείῳ
268 1539 316 1565 καὶ
344 1539 454 1575 ζωτικῷ
478 1538 527 1565 καὶ
541 1538 660 1574 οὐρανίῳ
676 1538 825 1574 τραφέντες
841 1537 927 1572 ἄρτῳ,

133 1584 205 1611 κατὰ
224 1585 324 1620 μικρὸν
349 1586 382 1621 τῇ
404 1587 577 1621 πνευματικῇ
595 1585 690 1621 ἡλικίᾳ
717 1584 928 1620 ἐπαυξούμενοι,

132 1632 172 1662 εἰς
201 1631 301 1667 μέτρον
324 1631 433 1667 ἡλικίας
457 1631 504 1658 τοῦ
530 1631 715 1666 πληρώματος
739 1631 786 1657 τοῦ
809 1630 928 1666 Χριστοῦ

131 1677 309 1713 ἐλευσόμεθα,
325 1679 382 1710 τοῖς
396 1679 512 1713 καρποῖς
529 1677 577 1704 τοῦ
606 1677 762 1712 Πνεύματος
780 1676 928 1711 στεφανού-

134 1715 220 1758 μενοι,
243 1724 341 1755 οἵτινές
355 1725 425 1750 εἰσιν
440 1724 546 1759 ἀγάπη,
563 1724 645 1759 χαρὰ,
660 1724 768 1758 εἰρήνη,
789 1722 928 1758 μακροθυ-

133 1769 194 1802 μία,
210 1769 373 1805 χρηστότης,
386 1769 562 1804 ἀγαθωσύνη,
574 1770 636 1797 καθ’
646 1766 684 1797 ὧν
695 1770 745 1796 οὐκ
760 1769 818 1796 ἔστι
831 1769 924 1804 νόμος¹

131 1814 239 1848 Δικαίῳ
257 1815 312 1848 γὰρ
332 1817 426 1849 νόμος
442 1816 478 1842 οῠ
497 1815 605 1842 κεῖται·
620 1816 670 1842 ὅσα
683 1815 737 1850 γὰρ
751 1815 765 1841 6
779 1814 860 1849 νόμος
876 1814 924 1841 λα-

131 1861 182 1892 λεῖ,
196 1861 252 1892 τοῖς
268 1861 305 1896 μὴ
321 1860 467 1895 εὐνομοῦσι
479 1860 563 1887 λαλεῖ.
574 1861 643 1892 Τοὺς
657 1861 686 1887 δὲ
705 1860 842 1895 Πνεύματι
856 1859 925 1887 Θεοῦ

1014 1260 1073 1289 VII.
1094 1260 1176 1289 Certe
1193 1261 1216 1289 si
1239 1261 1393 1297 dcceptoris
1415 1262 1539 1290 consiliis
1552 1269 1587 1290 ne
1601 1269 1695 1290 aurem
1710 1263 1772 1298 qui-

980 1307 1042 1335 dem
1065 1307 1262 1343 praebebimus,
1279 1308 1455 1343 aggredietur
1469 1308 1591 1343 quidem,
1610 1312 1640 1336 ut
1657 1313 1698 1336 ter
1712 1309 1778 1337 olim

982 1353 1069 1380 Deum
1084 1351 1215 1384 Verbum.
1233 1353 1339 1386 hostis;
1365 1354 1412 1381 sed
1427 1362 1442 1380 a
1456 1354 1536 1381 nobis
1549 1353 1650 1382 divinis
1663 1362 1780 1390 respon-

981 1399 1019 1426 sis
1044 1400 1180 1433 rcpulsus,
1203 1399 1298 1433 procul
1314 1399 1341 1425 in
1359 1399 1443 1427 aridis
1466 1399 1548 1429 locis.
1579 1403 1607 1427 et
1626 1399 1721 1427 divino
1736 1401 1778 1427 ili--

980 1444 1056 1472 ﬂuxu
1081 1444 1250 1476 carentibus,
1266 1443 1452 1479 relegabitur:
1477 1451 1528 1471 nos
1550 1447 1643 1471 autem
1666 1449 1778 1472 sancto-

978 1499 1038 1518 rum
1053 1491 1211 1527 angelorum
1228 1490 1391 1522 ministerio,
1407 1489 1512 1523 divino,
1531 1490 1644 1519 viviﬁco
1657 1491 1778 1519 coelesti-

977 1546 1030 1573 que
1046 1545 1115 1573 pane
1137 1537 1243 1570 nutriti,
1260 1537 1391 1572 paulatim
1405 1537 1520 1572 spiritali
1540 1541 1621 1565 aetate
1636 1538 1710 1566 aucti
1724 1546 1772 1566 us-

978 1592 1031 1620 que
1045 1585 1079 1611 ad
1093 1592 1249 1611 mensuram
1264 1584 1351 1619 plenze
1363 1583 1451 1611 aetatis
1468 1583 1569 1611 Christi
1582 1584 1773 1619 devenientus,

980 1630 1093 1666 spiritus
1109 1630 1245 1658 fructibus
1258 1630 1410 1665 perornati,
1427 1630 1474 1664 qui
1489 1634 1555 1657 sunt
1569 1629 1701 1663 Charitas,
1713 1639 1778 1666 gau-

983 1677 1069 1709 dium,
1100 1684 1170 1711 pax.
1199 1675 1403 1712 longanimitas,
1434 1676 1626 1709 mansuetudo,
1655 1676 1775 1710 bonitas,

982 1727 1077 1750 contra
1090 1730 1160 1757 quas
1177 1722 1251 1750 nulla
1267 1722 1310 1749 lex
1324 1727 1382 1749 est:
1399 1722 1472 1749 Nam
1495 1722 1571 1756 justo
1595 1722 1636 1749 lea:
1653 1730 1705 1749 non
1719 1730 1778 1750 con-

981 1769 1103 1796 stituitur
1120 1769 1162 1795 ‘9:
1187 1768 1321 1803 qttidquid
1336 1768 1409 1796 enim
1430 1768 1471 1795 lex
1487 1768 1617 1803 loquitur,
1635 1776 1689 1795 non
1706 1768 1778 1798 bene

982 1815 1095 1842 moratis
1106 1814 1236 1849 loquitur.
1250 1815 1284 1841 At
1295 1813 1355 1841 illos
1370 1813 1417 1848 qui
1433 1813 1480 1841 Dei
1493 1813 1590 1848 spiritu
1605 1819 1735 1850 aguntur,
1749 1819 1778 1842 et

981 1860 1028 1888 ﬁlii
1046 1860 1092 1888 ltei
1108 1868 1156 1895 per
1169 1860 1284 1895 gratiam
1306 1862 1381 1891 sunt,
1397 1866 1458 1894 quae
1475 1858 1517 1886 lex
1532 1858 1659 1886 erudiet?
1674 1860 1776 1894 quibus

132 1915 185 1942 χρη
191 1907 359 1942 ματίσαντας
377 1907 479 1942 χάριτι,
491 1908 568 1938 ποῖος
581 1907 636 1942 ἄρα
655 1907 736 1941 νόμος
750 1907 926 1942 παιδαγωγή-

979 1906 1113 1941 profunda
1128 1905 1273 1940 sapientiae
1290 1905 1416 1940 abyssus,
1433 1904 1642 1940 participatione
1660 1913 1719 1938 sua,
1734 1906 1777 1933 di—

132 1962 222 1987 cetev;
243 1952 291 1984 οὒς
306 1954 323 1988 ἡ
338 1953 551 1989 ἀνεξερεύνητος
573 1953 624 1987 τῆς
648 1953 745 1987 σοφίας
760 1953 878 1984 ἄϐυσσος
891 1954 926 1990 τῇ

130 1999 233 2034 ἑαυτῆς
258 2000 389 2036 μετουσίᾳ
415 2000 543 2031 θεοειδεῖς
573 1999 665 2035 πηγὰς
681 1999 843 2026 ἀναδίδωσιν
870 2000 928 2032 τοῖς

131 2045 287 2078 καλλίστοις
317 2045 437 2080 νάμασιν
463 2045 528 2077 τοὺς
555 2044 802 2080 διαπορευομένους
828 2053 928 2072 κατευ-

131 2091 307 2127 φραίνοντας.
325 2092 361 2118 Τὸ
380 2091 409 2118 δὲ
433 2091 486 2118 ὑπὸ
509 2091 556 2118 τοῦ
585 2091 688 2127 Κυρίου
704 2092 868 2127 εἰρημένον·
899 2091 926 2117 '0

129 2137 230 2172 ἄρχων
248 2137 302 2165 τοῦ
316 2138 433 2173 κόσμου
447 2138 555 2164 τούτου
571 2138 699 2172 ἔρχεται,
715 2136 800 2168 οὕτως
817 2137 925 2164 ὀπτέονο

131 2185 246 2211 Πάντων
260 2184 316 2211 τῶν
330 2185 468 2221 αίσθητῶν
484 2185 644 2220 κτισμάτων
660 2184 775 2219 περιοχὴ
788 2185 802 2210 6
812 2183 927 2220 οὐρανός

130 2232 216 2258 ἐστιν.
233 2231 274 2257 Τὰ
288 2230 317 2257 δὲ
332 2231 483 2266 ἐπουράνια
501 2231 548 2257 καὶ
564 2230 646 2266 νοερὰ
661 2231 789 2266 τάγματα
807 2230 927 2266 πρότερα

129 2276 177 2303 καὶ
193 2276 346 2312 τιμιώτερα
366 2279 421 2304 των
435 2277 489 2303 ὑπὸ
504 2277 550 2303 τὸν
565 2277 682 2312 οὐρανὸν
697 2276 770 2310 lcod.
788 2275 806 2303 Γ.
822 2276 871 2304 Ηϐ
887 2276 928 2312 b.]

130 2323 220 2358 ἴσμεν,
237 2323 285 2349 καὶ
300 2323 469 2359 ἐνδοξότερα,
483 2325 516 2359 τῇ
534 2323 601 2360 πρὸς
609 2323 676 2350 Θεὸν
687 2323 816 2359 ὲγγύτητι
829 2323 928 2358 ἐλλαμο

114 2368 247 2404 ’πόμενι
269 2370 318 2396 καὶ
337 2370 474 2405 άψθαρτα.
501 2370 541 2396 Τὰ
565 2370 587 2396 δ’
603 2369 681 2401 ἄλλα,
692 2369 800 2396 ἐναντία
813 2369 925 2396 τούτων.

135 2417 165 2442 Ὀ
177 2415 243 2450 γοῦν
262 2415 439 2451 ὑπερήφανος
462 2416 510 2443 καὶ
530 2416 711 2452 παμπόνηρος
734 2415 857 2448 διάϐολος
884 2415 928 2443 διὰ

129 2463 180 2499 τὴν
204 2463 302 2490 ἑαυτοῦ
319 2463 510 2498 ὑπερηφανίαν
533 2463 580 2490 καὶ
604 2463 748 2496 ἀλαζονίαν
771 2464 826 2490 τῶν
847 2464 928 2490 ἐπου-

129 2509 231 2545 ρανίων
245 2509 386 2541 ἀπωσθεὶς
401 2508 552 2544 περιϐόλων
570 2509 618 2536 σὺν
632 2509 671 2544 τῷ
684 2509 777 2544 οἰκείῳ
792 2509 926 2544 τάγματι,

129 2556 183 2583 ὑπὸ
199 2556 248 2591 τῆς
264 2555 392 2591 οὐρανίου
409 2555 528 2590 σφαίρας
549 2555 726 2590 περιέχεσθαι
741 2555 861 2589 λέγεται.
884 2555 928 2586 Ὠς

979 1953 1057 1980 vinas
1080 1952 1219 1980 scatebras
1244 1951 1370 1983 aﬂ‘undit,
1391 1951 1503 1986 optimis
1523 1950 1634 1979 ﬂuentis
1658 1957 1777 1986 praeter-

978 2003 1076 2026 euntes
1103 1992 1239 2024 recreans.
1269 1997 1329 2024 Jam
1358 1997 1465 2024 Domini
1492 1996 1616 2024 dictum:
1644 1996 1774 2032 Princeps

978 2045 1058 2079 hujus
1077 2044 1168 2071 mundi
1193 2043 1308 2075 venit“,
1328 2042 1367 2070 sic
1382 2047 1424 2070 est
1440 2042 1682 2070 considerandum.
1700 2043 1777 2071 Cun-

979 2096 1084 2118 ctarum
1101 2089 1272 2117 sensibilium
1289 2093 1478 2116 creaturarum
1501 2089 1704 2123 receptaculum
1720 2096 1777 2117 coe-

976 2137 1034 2165 lum
1050 2142 1102 2164 est.
1126 2136 1259 2163 leestes
1281 2142 1347 2162 vero
1368 2133 1566 2162 intellectuales
1579 2134 1702 2168 ordines,
1720 2143 1769 2162 su-

976 2184 1099 2221 periores
1125 2182 1330 2217 nobilioresque
1346 2181 1522 2209 terresuibus
1540 2188 1602 2209 esse
1619 2182 1731 2214 scimus,
1747 2186 1776 2210 et

979 2230 1126 2267 gloriosius
1139 2229 1174 2257 ob
1190 2229 1237 2256 Dei
1252 2227 1484 2263 propinquitatem
1499 2226 1646 2263 fulgentes,
1667 2227 1701 2255 ad
1715 2235 1776 2256 ma-

981 2275 1068 2302 litiam
1086 2274 1201 2301 minime
1222 2273 1332 2308 quidem
1349 2272 1484 2307 proclives
1506 2277 1589 2308 atque
1610 2273 1776 2308 incorruptih

981 2321 1061 2349 biles.
1087 2321 1141 2348 Alii
1161 2328 1228 2348 vero
1250 2320 1294 2347 his
1309 2319 1439 2347 contrarii
1458 2319 1570 2346 fuerunt
1582 2319 1704 2347 ordines.
1721 2319 1776 2347 Su-

981 2367 1084 2402 perbus
1097 2373 1163 2401 ergo
1176 2371 1205 2393 et
1221 2364 1405 2400 nequissimus
1426 2363 1562 2395 diabolus,
1576 2363 1611 2391 ob
1625 2363 1775 2392 elationem

982 2420 1060 2441 suain
1080 2411 1278 2447 ctjactantinm
1301 2410 1460 2438 ccelestibus
1476 2409 1581 2445 eiectus
1604 2409 1691 2444 septis
1710 2417 1774 2437 eum

979 2459 1158 2494 stipatoribus
1171 2457 1317 2488 suis,inlra
1333 2456 1472 2484 caelestem
1486 2456 1621 2491 spheram
1637 2455 1774 2484 contineri

979 2505 1092 2533 dicitur.
1121 2504 1193 2540 Ergo
1218 2503 1293 2531 illum
1317 2506 1411 2537 utpote
1435 2502 1537 2537 pariter
1557 2506 1730 2535 creaturam,
1746 2506 1775 2529 et

982 2551 1121 2580 sensibilis
1134 2550 1227 2578 mundi
1244 2550 1372 2581 incolam,
1389 2553 1462 2577 recte
1477 2548 1609 2575 Dominus
1621 2547 1774 2583 principem

129 2601 177 2629 οὖν
192 2602 294 2637 κτίσμα
318 2601 382 2628 ὄντα
408 2601 534 2627 κάκεῖνον
560 2601 608 2627 καὶ
632 2601 706 2627 τόνδε
722 2600 768 2628 τὸν
796 2599 925 2635 αἰσθητὸν

979 2598 1058 2631 dixit,
1072 2598 1188 2633 primam
1202 2597 1285 2624 veluti
1300 2600 1465 2628 creaturam,
1481 2599 1509 2622 et
1522 2603 1580 2630 prae
1598 2595 1705 2622 caeteris
1717 2594 1773 2630 55

129 2649 232 2684 κόσμον
249 2647 478 2683 περιπολεύοντα,
496 2647 609 2678 εἰκότως
632 2648 647 2673 6
675 2646 778 2683 Κύριος
806 2647 926 2682 ἄρχοντα

979 2645 1074 2674 mundi
1091 2645 1173 2680 hujus
1196 2644 1372 2672 nobiliorem.
1385 2641 1448 2670 Fuit
1463 2641 1537 2669 enim
1551 2641 1698 2676 aliquando
1712 2648 1773 2668 sen-

129 2695 212 2722 αὺτὺν
238 2695 358 2730 εἴρηκεν,
373 2693 476 2720 ὡσανεὶ
487 2692 597 2728 πρῶτον
610 2692 715 2727 κτίσμα
728 2692 776 2719 καὶ
796 2691 926 2727 τιμιώτε-

979 2691 1106 2719 sibilibus
1123 2689 1230 2718 cunctis
1250 2689 1356 2721 melior,
1372 2687 1419 2723 qui
1435 2695 1510 2715 nunc
1526 2691 1568 2714 est
1582 2687 1685 2714 l‘etente
1700 2690 1771 2713 ster-

130 2749 176 2776 ρον
187 2741 335 2776 γενόμενον
348 2735 427 2766 τοῦδε
441 2738 490 2766 τοῦ
501 2737 661 2774 αἰσθητικοῦ
678 2738 791 2773 κόσμου.
807 2735 861 2764 Ἦν
872 2737 926 2773 γάρ

979 2744 1041 2765 core
1056 2735 1199 2771 impurior.
1216 2735 1250 2762 Et
1271 2742 1322 2761 nos
1343 2741 1452 2769 quoque
1466 2731 1630 2768 principium
1651 2730 1771 2759 sensibi-

128 2795 195 2814 ποτε
210 2787 329 2822 κρείττω
339 2786 394 2813 τῶν
408 2785 555 2822 αἰσθητῶν,
571 2785 586 2811 6
600 2784 646 2811 καὶ
658 2784 708 2819 τῆς
719 2783 854 2816 δυσώδους
876 2783 924 2810 κό-

979 2782 1044 2810 lium
1067 2780 1190 2808 omnium
1217 2779 1264 2807 Dei
1288 2783 1476 2811 creaturarum
1499 2777 1598 2805 caelum
1614 2781 1771 2811 terramque

127 2841 197 2868 πρου
226 2832 327 2868 ἀρτίως
354 2832 487 2867 ὑπάρχων
514 2830 745 2866 άκαθαρτότερος.
769 2829 824 2856 Καὶ
843 2830 926 2864 ἡμεῖς

979 2835 1037 2857 esse
1057 2827 1189 2860 dicimus,
1207 2822 1263 2854 non
1283 2825 1356 2862 quod
1377 2825 1436 2854 haec
1451 2824 1558 2853 caeteris
1579 2823 1768 2856 dominentur.

164 2911 186 2928 ⁸⁵
202 2911 224 2940 ll
247 2911 308 2940 Cor.
321 2919 348 2947 ι,
360 2912 386 2941 3.
426 2912 448 2928 "
468 2910 478 2939 l
493 2910 564 2940 Tim.
582 2919 601 2946 ι,
616 2911 643 2940 9.
681 2909 795 2938 "Joan.
813 2917 871 2945 xtv,
885 2909 929 2938 50.
