1951 3048
160 146 233 180 1315

858 150 975 181 PETRI
992 151 1120 182 SICULI

1738 146 1806 181 1316

152 203 201 232 sed
218 204 284 239 quia
303 203 471 240 principium
485 203 587 233 divinae
610 203 757 232 creationis
771 203 858 232 fuere.
874 204 953 232 Prin-

1016 206 1063 242 τὰρ
1084 205 1173 241 ἀρχὴν
1192 204 1248 231 τῶν
1272 202 1410 238 αἰσθητῶν
1424 202 1473 230 τοῦ
1490 203 1560 230 Θεοῦ
1585 203 1745 237 κτισμάτων
1761 203 1810 229 τὸν

153 249 256 286 eipales
280 251 345 279 item
369 251 442 279 viros
457 256 486 279 et
509 251 702 279 honoratiores
718 251 745 278 in
767 251 883 279 urbibus
906 255 954 278 aut

152 297 238 333 pagis,
254 305 384 332 proceres
397 305 429 325 ac
442 298 583 333 principes
596 298 689 326 dicere
703 298 834 330 solemus,
855 297 907 326 etsi
925 297 952 324 in

151 343 291 371 neminem
307 347 470 379 potestatem
489 344 618 373 habeant.
636 345 682 372 Sic
695 352 762 377 ergo
774 351 789 372 a
812 351 855 372 me
870 344 954 371 Intel-

152 387 246 424 ligitur
260 390 344 425 hujus
360 389 455 417 mundi
472 390 611 426 princeps.
768 392 774 399 '

151 435 200 462 καὶ
223 434 358 470 ἄρχοντας
382 434 525 470 εἰώθαμεν
546 434 647 470 λέγειν,
671 435 774 471 καίπερ
805 434 888 462 τινῶν
914 434 952 470 μὴ

151 479 261 508 τούτου.

187 526 258 554 VIII.
281 525 364 560 Quod
392 526 416 554 si
441 525 511 554 forte
535 528 751 556 concederemus
776 528 866 564 ipsum
897 530 961 558 huic

151 573 255 601 mundo
266 572 414 606 dominari,
428 577 493 600 tunc
507 573 543 600 ita
560 573 708 602 dicendum
723 579 774 602 est.
799 574 887 603 llomo
899 584 962 612 pars

153 627 205 648 vus
224 619 345 647 mundus
365 623 393 646 et
408 623 450 647 est
471 623 499 646 ct
515 619 616 647 dicitur
629 628 638 647 :
652 628 734 655 quam
749 629 806 649 rem
827 622 898 650 bene
913 631 960 651 co-

152 673 280 702 gnosces,
294 665 317 693 si
337 666 473 693 elementa
493 665 603 701 singula
628 667 729 702 quibus
742 673 852 696 constat
868 670 960 697 consi-

154 712 314 744 deraveris,
339 716 368 739 et
390 712 501 739 cuinam
525 712 631 748 singula
657 713 798 742 mundano
823 715 961 744 elemento

153 758 351 793 respondeant,
368 762 397 785 et
414 757 487 785 unde
504 759 719 795 unumquodque
752 761 886 788 consistat
900 771 906 788 ε
922 762 959 789 ita

153 808 185 832 ut
200 803 235 837 si,
251 803 366 831 consilio
385 803 487 838 aliquo,
507 804 549 831 vel
565 812 651 832 unum
668 812 701 832 ex
716 805 862 834 elementis
875 815 956 834 mun~

154 848 245 882 danis,
265 848 384 882 deficiat,
402 848 458 883 jam
477 856 533 876 non
552 849 586 877 sil
603 850 687 878 homo
703 850 804 878 animal
823 852 957 880 rationale

155 895 283 928 mortale,
300 901 392 929 neque
408 894 475 922 item
491 895 621 923 universa
635 900 715 924 teme
735 896 838 925 fabrica
854 897 959 926 diutius

155 940 297 968 subsistat.
313 939 382 976 Ergo
395 947 458 967 cum
471 945 560 968 semet
575 942 703 970 homines
717 943 752 970 ab
771 951 826 971 uno
842 944 958 979 purissi-

156 994 257 1022 [noque
284 986 341 1014 Deo
365 991 464 1022 sponte
489 988 696 1022 separaverint,
724 988 833 1016 blandis
858 989 959 1018 diaboli

154 1033 228 1060 escis
240 1032 334 1064 illecti,
344 1037 373 1060 et
383 1033 540 1061 carnalibus
551 1034 649 1062 irretiti
659 1035 834 1070 corruptelis,
843 1044 960 1071 quarum

157 1078 203 1106 ille
214 1079 346 1114 magister
359 1083 412 1111 est,
428 1078 519 1114 ipsum
530 1085 733 1116 consequenter
743 1086 896 1116 apostatam
908 1082 960 1110 sibi

162 1124 315 1160 principem
330 1124 484 1153 eli‘eceruut
499 1134 506 1153 ε
523 1134 606 1160 quem
620 1134 714 1154 rerum
729 1127 831 1160 exitus,
847 1136 904 1155 non
921 1128 962 1156 di-

156 1170 219 1198 vina
232 1169 407 1198 Providentia
423 1171 577 1208 principem
589 1173 733 1200 constituit
746 1174 856 1207 mundi,
878 1174 905 1202 id
920 1178 963 1202 est

159 1216 379 1245 inconstantium
390 1222 417 1245 et
429 1217 471 1245 sui
485 1218 593 1246 arbitrii
606 1218 748 1247 hominum
762 1220 960 1256 improborum.

158 1261 228 1290 Nam
247 1269 343 1298 reapse
364 1263 430 1290 solis
445 1263 578 1298 improbis
603 1264 782 1292 dominatur:
803 1273 883 1293 secus
898 1273 963 1294 vero

158 1308 238 1336 bonis
251 1308 376 1344 frugique
390 1309 548 1337 hominibus
561 1310 631 1338 adeo
646 1318 701 1338 non
715 1311 841 1346 imperat,
856 1316 886 1339 ut
896 1320 958 1339 cum

159 1358 234 1381 metu
252 1354 344 1389 potius
359 1354 393 1382 iis
410 1355 521 1387 serviat,
540 1360 569 1383 et
587 1355 709 1391 ipsorum
725 1357 847 1392 jussibus
861 1357 960 1385 timens

161 1404 340 1436 tremensque
361 1401 544 1436 obtemperet,
573 1402 597 1430 si
619 1403 685 1438 quid
705 1403 756 1438 ipsi
774 1407 805 1430 ut
823 1404 961 1439 mancipio

161 1448 403 1476 mandent.Veluti
413 1447 489 1476 Pauli
501 1449 580 1484 jussu
596 1449 762 1486 pythonicus
781 1450 894 1485 spiritus
904 1450 961 1485 eje-

157 1498 219 1522 otus
230 1493 282 1521 fuit
292 1494 313 1509 “
326 1503 333 1527 ;
347 1499 374 1522 et
385 1494 468 1522 homo
477 1494 521 1522 ille
533 1495 580 1530 qui
592 1495 717 1522 Corinthi
730 1500 891 1530 peccaverat
902 1496 961 1523 dia-

1006 251 1122 286 οὺρανδν
1137 251 1186 277 καὶ
1201 250 1250 285 τὴν
1266 249 1320 284 γῆν
1334 247 1416 284 ,εἶναι
1441 248 1568 283 λέγομεν,
1586 248 1637 284 οὐχ
1659 249 1702 276 ὅτι
1718 248 1809 275 ἄλλων

1007 297 1090 324 τινῶν
1117 296 1322 329 ὲξουσιάζουσιν
1337 314 1346 327 ,
1362 294 1420 321 ἀλλ’
1433 294 1475 321 ὅτι
1499 295 1572 330 ἀρχὴ
1592 294 1642 328 τῆς
1667 294 1714 321 τοῦ
1740 293 1811 322 Θεοῦ

1008 342 1190 379 δημιουργίας
1205 342 1285 368 εἰσίν.
1302 342 1359 368 Καὶ
1376 341 1441 372 τοὺς
1456 340 1583 376 πρώτους
1600 340 1648 367 καὶ
1665 340 1810 376 ἐντιμοτέδ

1010 397 1074 424 ρους
1097 390 1127 415 ὲν
1144 389 1204 420 ταῖς
1230 387 1373 423 πόλεσινῆ
1399 387 1429 414 ἐν
1449 388 1510 418 ταῖς
1529 386 1638 421 κώμαις
1662 386 1810 422 προοίκους

988 433 1207 467 ὲξουσιάζοντας.
1223 432 1303 460 Οὕτω
1325 432 1428 460 νοεῖται
1452 438 1497 468 μοι
1513 432 1528 458 ό
1543 432 1637 468 άρχων
1645 432 1692 459 τοῦ
1705 433 1811 468 κόσμου

1047 528 1089 556 H’.
1110 527 1215 555 ’Δλλ”εί
1232 527 1282 554 καὶ
1303 526 1396 562 δῶμεν
1416 526 1499 553 αὐτὸν
1515 526 1610 562 ἄρχειν
1627 527 1675 554 καὶ
1689 526 1813 560 ἐξουσιά-

1011 575 1068 608 ζειν
1083 574 1160 601 τοῦδε
1182 573 1229 601 τοῦ
1252 574 1369 608 κόσμου,
1383 573 1481 609 ῥητέον
1495 573 1594 605 οὕτως·
1619 573 1649 601 Ὁ
1665 574 1812 610 ἄνθρωπος

1012 621 1110 656 μικρὸς
1126 621 1230 656 κάσμος
1241 619 1289 646 καὶ
1301 619 1358 646 ἔστι
1372 620 1420 646 καὶ
1435 619 1556 653 λέγεταιθ
1573 620 1620 647 καὶ
1636 619 1715 647 τοῦτο
1730 621 1812 655 ἀκριο

1012 667 1066 698 ϐὡς
1079 667 1172 702 γνώσῃ
1189 665 1243 693 τῶν
1266 665 1332 701 περὶ
1352 666 1436 692 αὑτὸν
1451 665 1593 701 στοιχείων
1608 666 1812 702 ἀναλογισάμε-

1011 722 1055 745 νος
1079 714 1129 749 τὴν
1153 712 1289 745 σύνθεσιν,
1312 712 1360 739 καὶ
1376 713 1453 738 ποῖον
1466 712 1582 739 ἕκαστον
1599 713 1669 747 ποίῳ
1682 712 1813 748 κοσμικῷ

1012 759 1138 795 στοιχείῳ
1151 759 1250 792 ἔοικεν,
1265 759 1313 785 καὶ
1333 759 1366 785 ἐκ
1379 759 1457 786 ποίου
1472 758 1589 785 ἕκαστον
1604 759 1813 794 μεταλαμϐάνει

1011 805 1058 832 καὶ
1073 805 1242 832 συνίσταται·
1260 803 1334 841 [c0d.
1348 804 1367 831 l'.
1380 804 1456 840 117.]
1471 804 1541 831 ὥστε
1551 805 1576 831 εί
1595 805 1701 840 ἐπινοίᾳ
1716 806 1769 831 τινὶ
1782 804 1815 831 ιν

976 871 996 898 Β
1013 851 1067 877 τῶν
1091 850 1233 886 κοσμικῶν
1249 851 1391 885 στοιχείων
1414 849 1547 885 ἐκλείψει,
1571 850 1622 877 οὐκ
1646 850 1724 877 ἔσται
1740 849 1812 883 ζῶον

1011 896 1122 930 λογικὸν
1147 895 1243 931 θνητὸν
1258 896 1288 922 τὸ
1303 897 1445 931 παράπαν,
1460 895 1519 923 ἀλλ’
1534 896 1596 923 οὐδὲ
1621 897 1697 923 πᾶσα
1717 897 1734 932 ἠ
1760 898 1813 932 τῆς

1012 942 1065 976 γῆς
1092 941 1283 976 διακόσμησις.
1317 941 1448 973 Ἑαυτοὺς
1476 939 1524 968 οὖν
1549 942 1575 968 οἱ
1598 941 1738 978 ἄνθρωποι
1762 941 1813 969 τοῦ

1015 987 1097 1022 μόνου
1126 988 1175 1013 καὶ
1200 986 1399 1022 καθαρωτάτου
1415 986 1482 1014 Θεοῦ
1507 987 1642 1019 ἑκουσίως
1667 987 1813 1023 ἀποχωρί-

1014 1041 1122 1065 σαντες,
1147 1033 1194 1059 καὶ
1219 1035 1276 1064 τοῖς
1294 1032 1343 1060 τοῦ
1369 1032 1489 1068 πονηροῦ
1516 1033 1698 1065 θωπευτικοὶς
1726 1041 1813 1068 προσ-

1016 1080 1127 1115 ρυέντες
1152 1079 1328 1115 δελεάσμασι,
1345 1080 1463 1111 καὶτοῖς
1478 1081 1622 1115 σαρκικοῖς
1637 1079 1813 1112 συνδεθέντας

1013 1127 1162 1162 μιάσμασι,
1177 1123 1217 1153 ὧν
1241 1127 1322 1158 αὐτός
1345 1127 1404 1153 ἐστι
1421 1125 1593 1160 διδάσκαλος,
1609 1127 1724 1159 εἰκότως
1747 1126 1812 1154 ἑανδ

1010 1173 1066 1200 τῶν
1081 1173 1201 1208 ἄρχοντα
1212 1172 1258 1199 τὸν
1274 1173 1433 1208 ἀποστάτην
1443 1172 1610 1207 πεποίηκαν·
1622 1172 1652 1199 δν
1663 1173 1680 1208 ὴ
1697 1172 1813 1204 ἔκϐασις

1010 1219 1066 1246 τῶν
1079 1220 1264 1255 πραγμάτων,
1284 1219 1333 1254 οὐχ
1352 1220 1370 1251 ἡ
1397 1219 1458 1246 θεία
1479 1219 1592 1254 πρόνοια
1617 1219 1737 1253 ἀνέδειξε
1762 1219 1810 1246 τοῦ

1012 1267 1116 1302 κόσμου
1137 1266 1256 1301 ἄρχοντα
1273 1266 1328 1292 τῶν
1343 1264 1548 1301 ἐθελοτρὲπτων
1565 1265 1613 1292 καὶ
1627 1265 1812 1297 αὺτεξουσίων

1013 1312 1062 1339 καὶ
1089 1312 1216 1348 πονηρῶν
1231 1311 1458 1347 ἀνθρώπων..Ἐν
1477 1312 1532 1348 γὰρ
1548 1314 1603 1341 τοῖς
1618 1313 1713 1344 κακοῖς
1729 1312 1812 1348 ἄρχει

1014 1359 1062 1384 καὶ
1083 1357 1173 1392 μόνον⁶
1198 1358 1246 1385 καὶ
1272 1358 1302 1384 ὲν
1327 1358 1356 1385 δὲ
1380 1359 1436 1390 τοῖς
1461 1359 1510 1385 καὶ
1524 1358 1638 1391 ἀγαθοῖς
1654 1357 1812 1394 ἀνθρώποις

1013 1404 1143 1431 οὐδέποτε
1159 1401 1254 1440 ἦρξεν,
1272 1404 1373 1440 μᾶλλον
1390 1405 1419 1431 δὲ
1439 1405 1485 1432 καὶ
1511 1404 1582 1440 μετά
1608 1404 1693 1438 φόϐου
1718 1405 1813 1437 αὐτοῖς

1013 1449 1185 1481 δεδούλωται,
1212 1451 1246 1486 τῇ
1265 1450 1413 1486 προστάξει
1432 1450 1530 1483 αὐτῶν
1554 1449 1630 1485 φόϐῳ
1647 1449 1695 1477 καὶ
1716 1450 1813 1485 τρόμῳ

1017 1496 1149 1528 ὑπείκων,
1163 1496 1189 1522 εί
1203 1505 1230 1523 τι
1241 1496 1275 1522 ἂν
1288 1496 1363 1532 αὑτῷ
1382 1497 1420 1528 ὡς
1433 1496 1594 1531 ἀνδραπόδῳ
1611 1495 1813 1530 προστάξωσιν.

158 1539 222 1568 bolo
236 1540 270 1567 ab
289 1540 386 1568 eodem
406 1540 490 1567 Paulo
507 1541 540 1567 ad
562 1540 645 1568 breve
671 1545 780 1576 tempus
799 1541 914 1568 traditus
925 1542 960 1574 ⁷³,

1022 1542 1066 1574 Ὠς
1087 1542 1194 1569 Παύλου
1209 1544 1242 1578 τῇ
1261 1543 1385 1569 κελεύσει
1399 1542 1429 1569 τὸ
1444 1542 1581 1569 πυθώνιον
1594 1543 1703 1577 πνεῦμα
1715 1541 1812 1577 ἐξελή-

158 1595 222 1614 mox
243 1595 299 1614 non
319 1587 379 1614 sine
403 1595 500 1623 magna
523 1592 659 1622 potestate
678 1592 806 1623 receptus
825 1587 885 1615 fuit.
908 1587 961 1616 lies

158 1633 274 1669 insuper
298 1633 329 1661 tit
350 1633 508 1669 explorata,
530 1635 661 1669 quoniam
685 1642 757 1669 saepe
781 1634 904 1661 nonnulli
926 1634 961 1661 de

159 1684 233 1708 recta
246 1680 289 1707 via
305 1684 405 1715 sponte
420 1680 560 1707 declinant
573 1681 606 1708 ad
625 1689 800 1716 perversam;
817 1686 844 1708 et
860 1689 893 1708 ex
911 1681 962 1708 huc

159 1734 256 1754 rursus
273 1727 300 1754 in
319 1731 423 1754 rectam
444 1727 561 1754 redeunt
576 1738 583 1754 :
600 1727 674 1762 quod
694 1727 722 1754 in
739 1727 885 1755 mundanis
903 1727 960 1755 ele-

160 1772 263 1799 mentis
274 1771 333 1799 lieri
347 1772 454 1807 nequit.
469 1772 564 1807 Neque
576 1773 649 1800 enim
659 1773 729 1808 ignis
740 1772 795 1808 56
803 1781 921 1808 unquam
934 1774 961 1800 in

161 1825 259 1853 aquam
280 1822 415 1850 vertetur,
437 1825 489 1845 nec
511 1818 537 1844 in
560 1819 650 1852 ignem
673 1826 764 1853 aqua;
783 1823 831 1846 aut
850 1823 922 1846 terra
939 1819 967 1846 in

162 1871 267 1895 aerem,
281 1864 325 1891 vel
341 1864 368 1891 in
384 1867 486 1891 terram
508 1872 568 1896 aer,
589 1864 635 1892 sed
655 1865 751 1892 eadem
767 1873 876 1900 semper
892 1868 966 1896 sunt,

163 1909 305 1938 Creatoris
318 1909 367 1937 Dei
378 1914 507 1938 concreta
519 1914 547 1937 et
559 1915 720 1938 conservata
735 1911 878 1938 tremendo
889 1919 968 1938 man-

163 1957 228 1985 dato
242 1963 331 1991 usque
351 1956 386 1983 ad
403 1961 554 1983 extremam
571 1956 656 1983 diem.
677 1956 798 1989 Quorum
816 1957 968 1984 elemento-

164 2010 227 2030 rum
239 2002 263 2030 si
277 2002 349 2030 forte
362 2002 534 2030 dominatum
556 2007 754 2037 poleslatemvc
770 2003 814 2030 ille
828 2003 970 2038 improbus

164 2049 208 2076 vel
221 2048 389 2076 brevissimo
403 2052 530 2082 tempore
547 2052 645 2074 nactus
659 2052 741 2079 esset,
754 2048 846 2075 omnia
859 2048 970 2083 jamdu-

166 2095 233 2123 dum
250 2095 398 2122 avertisset
414 2102 580 2129 pessumque
593 2094 724 2122 dedisset.
741 2094 795 2122 Sed
809 2095 882 2122 enim
897 2102 932 2122 ne
943 2095 969 2122 in

165 2149 268 2177 porcos
279 2140 391 2176 quidem
408 2145 571 2176 potestatem
589 2140 685 2168 habuit
699 2140 733 2173 ",
752 2146 782 2168 ut
795 2148 829 2168 cx
847 2141 971 2176 Evange—

163 2188 210 2216 liis
230 2187 402 2219 audivimus,
422 2186 475 2213 nisi
504 2187 680 2222 permittente
703 2186 767 2214 Deo.
791 2186 859 2214 Cum
875 2191 966 2214 autem

1015 1589 1095 1616 λαται
1112 1597 1119 1604 '
1136 1589 1184 1616 ml.
1205 1591 1219 1616 ὁ
1235 1590 1264 1616 ὲν
1278 1589 1404 1625 Κορίνθῳ
1419 1589 1620 1624 παρανομήσας
1636 1588 1676 1624 τῷ
1694 1587 1814 1622 διαϐόλῳ

1015 1636 1069 1663 ὑπὸ
1094 1636 1201 1663 Παύλου
1217 1636 1285 1671 πρὸς
1311 1636 1410 1671 μικρὸν
1430 1635 1578 1671 παρεδόθη,
1595 1636 1642 1662 καί
1655 1635 1735 1662 πάλιν
1751 1635 1816 1670 ὲλήο

1017 1681 1071 1716 φθη
1089 1701 1096 1710 .
1123 1681 1194 1708 κατὰ
1215 1681 1318 1716 πολλὴν
1339 1680 1473 1713 ἐξουσίαν.
1494 1681 1579 1716 Δῆλον
1607 1681 1636 1708 δὲ
1649 1681 1707 1707 καὶ
1734 1681 1816 1707 τοῦτο

1015 1729 1062 1755 διὰ
1078 1728 1108 1754 τὸ
1123 1728 1255 1759 πολλάκις
1269 1728 1301 1754 ὲκ
1328 1727 1378 1763 τῆς
1405 1727 1515 1759 εὐθείας
1544 1727 1605 1754 ὀδοῦ
1632 1726 1816 1759 αὐτεξουσίως

1016 1774 1092 1805 τινὰς
1104 1774 1151 1800 ἐπὶ
1165 1774 1212 1809 τὴν
1227 1772 1341 1800 σκολιὰν
1354 1773 1500 1806 ἐκκλίνειν,
1515 1773 1563 1800 καὶ
1580 1773 1661 1800 πάλιν
1679 1773 1733 1799 ἀπὸ
1747 1773 1816 1800 ταύ-

1017 1827 1067 1854 της
1083 1818 1128 1845 ἐπὶ
1146 1818 1196 1854 τὴν
1213 1818 1333 1844 εὐθεῖαν·
1350 1818 1420 1852 ὅπερ
1434 1818 1481 1844 ἐπὶ
1505 1817 1560 1844 τῶν
1575 1818 1718 1853 κοσμικῶν
1741 1826 1817 1844 στοι-

1017 1864 1100 1899 χείων
1123 1863 1266 1900 ἀμήχανόν
1286 1872 1351 1890 ποτε
1367 1864 1504 1898 γενέσθαι.
1522 1864 1560 1890 Οὐ
1584 1864 1638 1899 γὰρ
1654 1864 1686 1890 ἃν
1702 1863 1816 1890 πώποτε

1016 1911 1047 1937 τὺ
1062 1909 1118 1946 πῦρ
1137 1911 1178 1942 είς
1199 1910 1273 1946 ὓδωρ
1297 1910 1494 1946 μεταϐληοείη,
1511 1910 1528 1946 ἢ
1543 1910 1574 1937 τὸ
1600 1910 1673 1944 ὕδωρ
1689 1911 1730 1941 εἰς
1748 1909 1816 1946 πῦρ,

1017 1958 1034 1993 ἢ
1057 1959 1073 1994 ἡ
1096 1960 1131 1993 γῆ
1152 1959 1193 1990 εἰς
1221 1958 1300 1993 ἀέρα,
1315 1958 1387 1994 [cotL
1403 1958 1422 1984 l'.
1439 1958 1489 1985 H7
1506 1958 1545 1994 In]
1561 1958 1577 1993 ἢ
1595 1958 1609 1984 ὸ
1626 1958 1681 1994 ἀὴρ
1697 1959 1738 1990 εἰς
1752 1958 1817 1993 γῆν,

1018 2004 1076 2031 ἀλλ’
1087 2005 1131 2032 ἀεὶ
1145 2004 1277 2036 ὡσαύτως
1289 2004 1359 2031 είσὶν
1372 2005 1562 2041 ἀμετάϐλητα,
1571 2005 1611 2040 τῷ
1621 2005 1669 2031 τοῦ
1685 2005 1817 2040 δημιουρ-

1019 2051 1068 2086 γοῦ
1095 2051 1142 2077 καὶ
1162 2051 1230 2077 Θεοῦ
1255 2051 1460 2087 συντηρούμενα
1478 2051 1592 2087 ἑμφόϐῳ
1608 2052 1817 2087 προστάγματι,

1021 2097 1103 2133 μέχρι
1127 2099 1178 2132 τῆς
1198 2097 1356 2129 τελευταίας
1376 2097 1491 2132 ἡμέρας.
1507 2095 1560 2124 Ὧν
1580 2098 1605 2124 εἰ
1625 2098 1655 2123 ἐν
1678 2098 1818 2133 άκιριαέῳ

1020 2144 1108 2180 χρόνῳ
1123 2145 1136 2170 ό
1154 2144 1272 2179 πονηρὸς
1286 2141 1370 2179 ἦρξεν
1384 2152 1449 2170 ποτε
1463 2144 1480 2179 ἦ
1493 2143 1659 2177 ἐξουσίασεν,
1672 2144 1762 2171 πάντα
1783 2144 1818 2172 ἂν

1020 2189 1169 2224 ἀνέτρεψεν
1186 2189 1234 2215 καὶ
1249 2189 1389 2224 συνέχεεν.
1407 2188 1477 2215 Ἀλλ’
1492 2189 1553 2216 οὐδὲ
1565 2189 1618 2224 γὰρ
1630 2189 1701 2216 κατὰ
1716 2190 1818 2224 χοίρων

165 2238 332 2270 potestatem
343 2233 478 2261 adversus
489 2241 538 2261 eos
551 2233 587 2260 im
593 2233 719 2267 pelravit,
731 2233 796 2268 quid
808 2233 849 2260 eis
859 2233 963 2265 fecerit.

1021 2235 1145 2269 ἐξουσίαν
1156 2235 1223 2271 ἔχει,
1237 2235 1332 2271 ὥσπερ
1345 2235 1373 2261 ὲν
1383 2236 1440 2267 τοῖς
1454 2235 1630 2270 Εὐαγγελίοις
1643 2235 1817 2271 ἠκούσαμεν,

168 2280 309 2307 neminem
331 2287 428 2307 eorum
454 2279 502 2314 qui
527 2279 574 2307 Dei
590 2278 740 2306 Ecclesium
765 2278 968 2315 ingrediuntur,

168 2326 297 2361 ignorare
308 2325 438 2353 arbitror.

204 2417 252 2446 lx.
267 2417 342 2445 Alias
354 2425 466 2454 quoque
481 2417 586 2446 similes
605 2417 701 2453 accipe
719 2417 864 2453 imagines.
881 2416 971 2444 Veluti

167 2466 191 2494 si
203 2466 250 2501 qui
264 2465 393 2500 ﬂagitiosi
411 2471 438 2492 et
457 2465 623 2500 sanguinarii
643 2465 770 2492 homines
780 2463 972 2498 loco,latroci-

167 2512 222 2540 niis
230 2512 332 2540 idoneo
343 2516 559 2548 congregemur,
574 2511 761 2546 paulatimque
772 2518 887 2538 numero
898 2510 971 2537 aucti

166 2559 266 2586 ducem
287 2559 338 2586 sibi
359 2567 392 2586 ex
418 2559 461 2586 his
483 2558 605 2594 aliquem
626 2563 731 2590 creent,
751 2557 824 2584 haud
844 2557 971 2592 equidem

167 2605 224 2633 Deo
233 2605 259 2633 id
272 2605 301 2633 iit
313 2610 463 2639 annuente,
474 2605 522 2633 sed
537 2613 587 2633 suo
599 2605 714 2633 medium
727 2604 817 2633 studio
826 2609 854 2632 et
865 2611 972 2632 morum

168 2652 314 2687 iniquitate
327 2652 471 2680 suadente.
486 2651 521 2678 Et
532 2660 640 2679 mecum
655 2652 700 2679 hic
716 2651 870 2684 considera,
885 2659 968 2686 pror-

167 2705 215 2725 sus
229 2705 363 2734 apparere
380 2698 440 2726 sine
458 2698 506 2726 Dei
526 2702 595 2725 nutu
618 2698 690 2725 hunc
708 2698 742 2725 ab
759 2697 811 2725 illis
823 2697 966 2732 principa-

169 2749 227 2772 tum
241 2749 374 2779 creatum,
393 2745 457 2781 quia
475 2746 576 2773 multos
589 2745 695 2773 scimus
710 2745 832 2772 latrones
847 2748 875 2772 et
897 2751 967 2780 pra;-

168 2790 255 2818 dones
270 2791 432 2826 resipuisse,
449 2791 518 2819 alios
532 2794 649 2824 mature,
668 2790 736 2818 alios
751 2791 824 2819 circa
836 2789 900 2817 vita:
920 2798 968 2817 oe-

174 2902 178 2906 .
211 2868 232 2884 ἰ
249 2869 310 2896 Act.
323 2878 379 2904 xw,
391 2870 434 2898 18.
472 2870 496 2886 ⁷⁸
512 2870 522 2897 ἰ
538 2869 602 2897 Cor.
618 2878 645 2904 γ,
658 2869 684 2898 5.
724 2870 745 2886 ⁷³
763 2869 858 2897 Matth.
876 2877 918 2903 III,
933 2871 978 2898 3i.

1021 2281 1059 2317 μὴ
1075 2281 1122 2308 τοῦ
1136 2281 1205 2308 Θεοῦ
1226 2281 1443 2317 συγχωροῦντος.
1462 2281 1527 2308 Ὅτε
1554 2281 1609 2317 γὰρ
1636 2283 1684 2308 καὶ
1708 2282 1820 2314 ἐδέξατο

1019 2327 1082 2354 κατ’
1097 2327 1188 2354 αὐτῶν
1206 2327 1343 2360 ἐξουσίαν,
1357 2327 1388 2353 τὺ
1402 2327 1429 2353 τί
1443 2327 1574 2362 δέδρακεν
1600 2327 1640 2359 είς
1656 2327 1766 2359 αὐτοὺς,
1779 2325 1820 2354 ol-

1020 2382 1070 2410 μαι
1086 2373 1124 2409 μὴ
1140 2374 1248 2408 ἀγνοεῖν
1261 2381 1322 2399 τινα
1337 2373 1365 2399 ἐν
1383 2373 1535 2408 Ἐκκλησία
1549 2372 1617 2400 Θεοῦ
1631 2373 1781 2401 εἰσιόντων.

1055 2419 1094 2446 σι’.
1113 2419 1186 2447 Λάϐε
1205 2427 1252 2454 μοι
1272 2418 1300 2445 δὲ
1323 2418 1370 2445 καί
1395 2427 1470 2450 τινας
1485 2418 1593 2450 εἰκόνας
1615 2418 1712 2445 τούτου
1730 2427 1822 2455 mpu-

1021 2466 1163 2501 πλησίους.
1186 2465 1293 2501 Ὥσπερ
1305 2465 1353 2492 ἐάν
1369 2473 1442 2497 τινες
1457 2465 1582 2499 ἀσελγεῖς
1601 2465 1648 2492 καὶ
1675 2465 1821 2500 μιαιφόνοι

1022 2511 1120 2547 ἄνδρες
1137 2511 1184 2538 ἐπὶ
1199 2511 1230 2538 τὸ
1251 2511 1318 2538 αὐτὸ
1333 2511 1402 2546 πρὸς
1411 2511 1557 2547 λῃστρικὸν
1574 2512 1658 2538 τόπον
1674 2512 1822 2547 συναθροι-

1023 2558 1135 2590 σθώσιν,
1142 2557 1265 2585 καὶκατὰ
1278 2558 1376 2594 μικρὸν
1388 2557 1498 2589 πλείους
1508 2558 1646 2593 γινόμενοι
1655 2558 1762 2590 ἑαυτοῖς
1771 2558 1822 2585 ινα

1022 2604 1083 2632 τινὰ
1090 2603 1265 2636 ἁναδείξωσιν
1273 2603 1495 2639 άρχοντα,ὀὺτοῦ
1501 2604 1569 2631 Θεοῦ
1578 2605 1670 2635 αὐτοῖς
1676 2604 1755 2631 τοῦτο
1763 2605 1823 2631 ἑπι-

1024 2651 1182 2682 νεὺσαντος,
1191 2650 1248 2677 ἀλλ’
1264 2650 1295 2682 ἐξ
1307 2650 1411 2682 οἰκείας
1425 2650 1581 2685 μιαιφονίας
1594 2651 1683 2677 αὐτῶν
1697 2652 1745 2678 καὶ
1759 2651 1823 2678 αισ-

1021 2697 1170 2733 χρουργίας
1188 2696 1267 2723 τοῦτο
1287 2696 1523 2731 ἐπιτηδεύσαντες.
1544 2696 1623 2724 Οὕτω
1630 2705 1674 2732 μοι
1689 2697 1744 2724 νόει
1755 2697 1823 2724 κάν-

1021 2743 1108 2770 ταῦθα
1121 2742 1190 2779 [εοιί.
1207 2743 1254 2769 καὶ
1273 2741 1373 2778 ταῦθα]
1386 2750 1393 2757 ·
1421 2743 1468 2769 καὶ
1484 2742 1564 2769 τοῦτο
1576 2743 1655 2778 δῆλον
1666 2743 1706 2770 ὅτι
1728 2743 1780 2769 οὐκ
1787 2744 1821 2769 ὲκ

1022 2789 1090 2817 Θεοῦ
1108 2791 1199 2822 αὐτοῖς
1214 2788 1294 2816 τοῦτο
1315 2788 1480 2825 ἐφηύρηται,
1505 2789 1534 2823 ἐξ
1557 2785 1595 2817 ὦν
1609 2790 1722 2822 πολλοὺς
1740 2789 1821 2825 ἴσμεν
