1948 3070
124 179 187 213 1317

608 181 737 212 SERMO
754 181 768 212 Ι
795 181 844 212 AD
853 181 1003 213 VERSUS
1021 181 1264 213 MANICHAEOS.

1690 180 1760 214 1318

122 236 220 273 λῃστὰς
236 234 282 262 καὶ
296 234 492 271 τυμϐωρύχους
505 235 701 270 μεταγνόντας,
716 235 780 267 τοὺς
801 234 850 270 μὲν
863 244 910 262 τα-

966 242 1070 266 easum,
1079 239 1107 262 et
1117 242 1167 262 sua
1178 226 1340 270 p'cenitentia
1351 235 1436 262 Deum
1448 234 1578 270 placasse,
1591 234 1764 271 salutemque

122 283 198 317 χέως,
207 282 271 314 τοὺς
289 282 317 309 δὲ
331 282 378 309 καὶ
394 282 460 318 περὶ
473 282 522 314 τὰς
533 282 639 317 δυσμὰς
651 281 699 308 τοῦ
716 281 821 308 ἑαυτῶν
839 282 909 317 βίου,

123 328 167 354 καὶ
180 328 224 355 διὰ
238 328 384 362 μετανοίας
394 329 441 354 τὺν
452 327 521 354 Θεὸν
536 327 781 363 ὲξιλεωσαμένους,
800 327 847 355 καὶ
862 329 912 363 τῆς

122 373 257 408 σωτηρίας
284 373 464 408 ἐπιτυχόντας
476 381 483 388 ·
499 369 537 400 ὧν
563 373 588 400 εί
611 373 830 408 ἡναγκασμένως
844 371 880 409 ἦν
894 374 911 409 ἡ

122 420 236 454 κίνησις,
259 420 310 446 οὑκ
332 419 366 447 ἂν
393 419 480 452 οὕτως
497 420 603 455 ταχέως
625 420 829 455 μετεόάλλοντο.
858 420 914 447 Καὶ

122 464 218 491 πάλιν·
231 464 338 500 Ὠσπερ
354 466 381 492 εῐ
402 474 444 497 τις
452 465 592 501 δραπέτης
604 464 696 497 δοῦ)ος
712 464 783 501 ἔχων
796 466 914 502 χρηστὸν

122 511 167 537 καὶ
181 511 284 545 ἀγαθὸν
300 511 446 546 δεσπότην,
466 511 562 538 τούτου
575 511 786 547 ἀποχωρισθεὶς,
799 511 873 547 [οοιΙ.
894 512 913 540 l'.

123 556 195 592 ll8.]
210 557 278 591 πρὸς
293 557 395 592 λῃστὰς
418 557 434 592 ἦ
459 556 584 588 ὲθνικοὺς
596 557 788 593 αὑτομολὴσει,
804 558 851 584 καὶ
868 558 915 584 ἕνα

122 603 180 629 τινὰ
194 603 249 630 τῶν
264 603 332 639 παρ’
345 604 436 635 αὐτοῖς
459 604 590 639 γνωρίσει
614 604 734 640 ἄρχοντα
748 604 764 640 ἢ
790 604 913 639 βασιλέα.

123 650 176 677 Καὶ
191 650 242 681 ἕως
259 651 308 685 μὲν
332 648 366 685 ἦν
386 651 462 686 παρὰ
485 651 526 687 τῷ
540 651 652 687 χρηστῷ
666 651 794 687 δεσπότῃ.
810 651 914 677 ἐκεῖνον

123 696 167 722 καὶ
180 693 252 731 εῖχεν
268 695 316 723 καὶ
327 696 452 732 ὠνόμαζε
465 697 578 731 Κύριον,
592 697 660 732 ὅπερ
672 695 706 732 ἦν
720 697 820 733 ἀληθές
830 705 836 712 ·
854 695 914 724 εἶτα

122 740 189 777 πρὸς
200 741 263 773 τοὺς
277 742 416 774 ἐναντίους
430 741 567 775 ἀπελθὼν,
581 744 686 770 ἐκεῖνον
706 741 780 778 εἶχεν
795 743 916 778 ἄρχοντα

122 785 150 813 ὃν
165 787 322 821 ᾑρετίσατο.
351 786 485 819 Πολλάκις
501 787 530 814 δὲ
556 788 719 823 μεταγνοὺς,
735 789 783 815 καὶ
806 790 840 816 ὲκ
859 788 915 816 τῶν

121 832 260 868 δυσμενῶν
287 833 521 870 παλινίρομήσας,
544 835 626 862 πάλιν
650 834 707 871 εἶχε
733 835 780 862 τὸν
805 835 914 871 πρῶτον

121 879 238 914 χρηστὸν
251 879 298 906 καὶ
314 880 416 914 ἀγαθὸν
430 880 575 916 δεσπότην·
591 880 664 908 οὕτω
678 881 828 908 κάνταῦθα.
839 881 912 913 Ἕως

964 285 1130 308 consecutos
1145 289 1152 308 :
1166 289 1282 316 quorum
1298 281 1321 310 si
1332 285 1427 308 coacta
1437 285 1466 308 et
1477 289 1531 308 non
1544 281 1629 309 libera
1641 289 1767 310 commo-

965 324 1003 352 tio
1020 324 1135 359 fuisset,
1155 333 1209 353 non
1229 325 1266 353 ita
1290 325 1370 354 facile
1392 326 1490 354 mutati
1516 331 1620 354 essent.
1635 326 1764 356 Rursus:

966 369 1058 398 Veluti
1071 370 1094 397 si
1107 371 1169 406 quis
1184 371 1315 407 fugitivus
1326 379 1423 399 servus
1435 372 1481 407 qui
1495 372 1624 400 clementi
1638 373 1766 408 bonoque

968 417 1034 444 hero
1049 417 1172 451 suberat,
1189 418 1290 445 deinde
1306 420 1356 446 hoc
1373 419 1514 451 derelicto,
1535 418 1570 446 ad
1586 419 1706 448 latrones
1722 419 1767 448 vel

968 464 1094 492 ethnicos
1113 464 1297 500 transfugiat,
1319 470 1346 492 et
1368 473 1454 492 unum
1470 466 1592 500 quemvis
1613 466 1684 501 apud
1705 466 1767 494 illos

964 515 1095 546 agnoscat
1115 510 1269 546 principem
1286 516 1334 538 aut
1353 519 1455 547 regem.
1478 511 1529 539 llic
1552 511 1640 540 donec
1653 512 1766 547 quidem

964 557 1036 592 apud
1048 557 1195 592 benignum
1215 556 1313 585 herum
1327 562 1397 591 erat,
1410 558 1486 585 hunc
1495 563 1523 585 et
1538 558 1660 586 habebat
1673 559 1764 586 domi-

964 611 1030 631 num
1044 608 1072 631 et
1089 604 1255 639 appellabat,
1272 604 1311 632 uti
1326 612 1423 640 reapse
1436 607 1496 632 crat
1511 614 1517 632 :
1537 605 1637 633 deinde
1650 605 1684 633 ad
1696 614 1765 633 eon-

965 649 1065 677 trarios
1081 654 1278 685 transgressus,
1295 651 1371 678 illum
1387 651 1504 679 habebat
1516 652 1667 687 principem
1680 660 1764 688 quem

964 696 1111 732 delegerat.
1125 695 1267 723 Poenitens
1281 701 1382 730 tamen,
1394 702 1425 725 ut
1441 705 1513 732 szepe
1537 698 1647 731 accidit,
1659 706 1674 725 a
1686 700 1767 727 saevis

964 743 1018 770 illis
1030 743 1186 775 discedens,
1201 743 1292 771 denuo
1304 744 1424 779 primum
1443 744 1539 772 habuit
1552 744 1703 778 benignum
1714 745 1766 773 bo~

964 795 1086 822 numque
1107 788 1259 816 dominum.
1293 788 1339 816 Sic
1363 789 1443 816 nobis
1471 789 1609 818 usuvenit.
1636 789 1769 823 Quandiu

965 838 1133 868 praeceptum
1147 833 1366 868 observavimus,
1383 835 1418 862 ad
1431 839 1529 862 nutum
1541 835 1768 871 voluntatemque

967 879 1015 906 Dei
1029 879 1167 911 viventes,
1181 887 1245 907 eum
1261 880 1307 915 qui
1322 888 1373 908 nos
1387 882 1492 908 creavit
1510 882 1656 909 habuimus
1673 882 1769 917 appel-

122 925 170 960 μὲν
186 925 235 961 τὴν
249 926 360 962 ὲντολὴν
374 927 561 962 ἐφυλάττομεν
576 929 610 963 τῇ
622 927 703 963 βουλῇ
720 927 768 954 καὶ
779 928 811 964 τῇ
828 935 913 963 προσ-

966 925 1137 960 lavimusque
1156 925 1253 953 Deum.
1275 926 1328 954 Sed
1349 931 1494 962 postquam
1514 927 1542 954 in
1563 927 1611 954 Dei
1632 928 1770 956 mandatis

118 971 193 1006 τάξει
207 971 254 999 τοῦ
267 972 335 1000 Θεοῦ
354 974 547 1010 πορευόμενοι,
563 974 609 1001 τὸν
624 974 766 1001 πλάσαντα
785 973 852 1001 Θεὸν
864 973 912 1000 καὶ

119 1018 228 1054 εἴχομεν
251 1019 299 1046 καὶ
313 1019 502 1055 ὠνομάζομεν.
515 1021 555 1056 Τῇ
568 1021 663 1056 ἐντολῇ
678 1020 706 1047 δὲ
718 1020 765 1047 τοῦ
786 1020 854 1047 Θεοῦ
873 1021 911 1056 μὴ

119 1065 310 1101 ἐμμείναντες,
324 1066 393 1093 ἀλλὰ
407 1067 440 1102 τῇ
465 1066 606 1103 συμϐουλῇ
630 1067 678 1094 τοῦ
702 1066 800 1102 ἐχθροῦ
815 1067 913 1100 ἐξακο-

118 1111 311 1146 λουθήσαντες,
329 1113 374 1139 τὸν
389 1112 456 1140 Θεὸν
472 1113 522 1148 μὲν
541 1113 650 1149 ἔχομεν,
667 1113 720 1140 κᾶν
745 1113 783 1148 μὴ
809 1112 913 1148 βουλὼ-

120 1156 200 1192 μεθα,
214 1157 334 1194 ἄρχοντα
349 1167 355 1174 ”
367 1155 443 1193 ᾧτινι
457 1160 716 1195 ὴπειθαρχὴσαμεν,
733 1161 794 1191 ταῖς
806 1159 916 1195 ἡδοναῖς

118 1204 164 1230 καὶ
176 1205 237 1236 ταῖς
247 1205 396 1240 ἁμαρτίαις
412 1206 664 1241 αὺτοδουλούμενοι·
681 1206 739 1233 ἀλλ’
754 1206 786 1233 οὑ
803 1206 915 1237 πάντες.

119 1248 196 1275 Εἰσὶν
221 1249 276 1284 γάρ
305 1249 370 1285 παρ’
387 1251 455 1286 ἡμῖν
472 1250 522 1278 καὶ
542 1252 595 1287 πρὸ
611 1252 659 1279 τοῦ
680 1252 763 1287 νόμου
780 1252 828 1279 καὶ
847 1252 916 1287 μετά

118 1294 200 1329 νόμον
225 1294 320 1330 ἄνδρες
351 1295 472 1331 ἄπειροι,
488 1296 585 1329 οἵτινες
610 1297 648 1333 τῷ
677 1297 768 1333 ἐχθρῷ
796 1297 919 1333 στερρῶς

118 1340 308 1375 ἀντετάξαντο,
326 1342 374 1369 καὶ
400 1342 431 1369 τὸ
457 1342 507 1378 τῆς
531 1343 653 1375 δουλείας
670 1343 754 1370 αὑτοῦ
777 1343 859 1379 βάρος
884 1343 913 1376 ἐξ

118 1386 223 1413 ἑαυτῶν
239 1387 430 1421 ἀπεσείσαντο,
443 1388 467 1414 εἰ
483 1387 530 1414 καὶ
549 1387 588 1423 τῷ
603 1387 712 1423 φυσικῷ
727 1387 774 1414 τοῦ
797 1387 912 1414 Θανάτου

118 1434 233 1469 κρίματι
252 1435 353 1467 πάντες
376 1434 550 1471 ὑπήχθησαν,
564 1435 691 1471 πατρῷον
706 1435 914 1466 ἀπυτιννύοντες

118 1480 239 1515 ὄφλημα,
258 1481 307 1508 καὶ
325 1482 357 1508 ὲκ
375 1481 443 1508 Θεοῦ
466 1482 569 1518 ταύτην
586 1482 636 1518 τὴν
648 1482 784 1518 τιμωρίαν
799 1481 914 1516 δεξάμε-

117 1534 168 1553 νοι.
193 1527 249 1553 Καὶ
270 1527 340 1554 εἰσὶν
356 1528 444 1563 ἕτεροι
459 1528 558 1560 οἵτινες
573 1528 613 1564 τῷ
627 1528 717 1564 ἐχθρῷ
732 1527 914 1563 ἐξακολουθή-

971 978 1026 999 non
1041 971 1221 1006 perstitimus,
1234 971 1281 999 sed
1298 971 1403 999 inimici
1418 971 1533 999 consilia
1546 972 1642 999 sectati
1662 979 1768 1005 sumus,

971 1017 1055 1045 Deum
1069 1018 1180 1053 quidem
1202 1017 1255 1053 57
1274 1018 1375 1051 adhuc,
1390 1019 1514 1046 volentes
1534 1019 1671 1052 nolentes,
1691 1019 1770 1054 prin-

971 1065 1060 1099 cipem
1077 1065 1220 1097 habemus,
1236 1065 1280 1092 cui
1295 1072 1349 1092 non
1365 1065 1537 1093 obedivimus
1554 1065 1620 1092 dum
1639 1065 1769 1100 volupta-

972 1111 1045 1138 tibus
1058 1115 1086 1138 et
1096 1111 1218 1146 peccatis
1230 1116 1329 1147 sponte
1341 1111 1538 1139 serviebamus.
1552 1111 1613 1139 Non
1625 1111 1662 1139 ita
1675 1115 1769 1139 tamen

966 1164 995 1184 se
1010 1157 1101 1184 cuncti
1112 1162 1266 1192 gesserunt.
1283 1158 1454 1184 Exstiterunt
1467 1157 1541 1184 enim
1558 1161 1585 1185 et
1597 1161 1661 1185 ante
1675 1157 1768 1192 legem

966 1208 994 1231 ct
1005 1209 1066 1239 post
1079 1204 1166 1240 legem
1182 1204 1320 1231 innumeri
1335 1203 1469 1235 homines,
1485 1203 1533 1238 qui
1550 1203 1662 1231 inimico
1678 1203 1766 1231 ﬁrmi-

967 1255 1009 1277 ter
1024 1251 1198 1282 restiterunt.
1216 1251 1332 1286 ejusque
1349 1250 1451 1278 servile
1468 1251 1564 1286 jugum
1583 1258 1598 1277 a
1614 1257 1644 1278 se
1662 1251 1771 1286 rejece-

967 1301 1049 1329 runt,
1072 1297 1179 1324 etiamsi
1195 1297 1314 1324 naturali
1331 1297 1429 1324 mortis
1445 1297 1590 1324 sententiae
1605 1304 1702 1325 omnes
1716 1297 1769 1325 oh-

967 1344 1040 1371 noxii
1064 1343 1190 1375 fuerunt,
1210 1344 1329 1378 patrium
1350 1343 1525 1370 exsolventes
1548 1343 1688 1376 debitum,
1712 1343 1770 1370 Deo

967 1389 1039 1416 hanc
1054 1396 1163 1423 pinnam
1176 1388 1242 1422 ipsis
1259 1388 1429 1422 imponente.
1446 1387 1500 1414 Alii
1515 1387 1637 1420 demum,
1653 1387 1699 1422 qui
1711 1387 1768 1415 inf-

967 1435 1039 1461 mico
1062 1438 1150 1461 semet
1164 1434 1342 1465 addixerant,
1359 1433 1551 1460 intreilulitate
1568 1440 1600 1460 ac
1618 1433 1769 1469 voluptali<

967 1481 1019 1509 bus
1038 1480 1182 1516 captivati,
1206 1480 1388 1508 nihilominus
1411 1479 1466 1507 Deo
1487 1479 1588 1507 iterum
1608 1487 1660 1516 per
1678 1478 1771 1515 pumi-

969 1527 1086 1555 tentiam
1102 1527 1276 1554 renonciliati
1293 1531 1370 1554 sunt.

119 1583 227 1608 σαντες,
256 1575 302 1602 καὶ
324 1575 504 1607 δουλωθέντες
521 1576 550 1609 ἐξ
579 1576 710 1608 ἀπιστίας
731 1576 778 1603 καὶ
798 1575 910 1611 ἡδονῶν,
926 1575 1008 1602 πάλιν
1022 1575 1062 1610 τῷ
1086 1574 1182 1610 ἀγαθῷ
1207 1573 1267 1610 Θεῷ
1285 1573 1378 1610 ,ἡμῶν
1411 1573 1456 1601 διὰ
1484 1573 1631 1610 μετανοίας
1659 1572 1771 1600 οἱκοιώ-

118 1620 214 1657 θησαν.

153 1667 182 1694 l’.
199 1668 260 1695 Ὅτι
277 1668 305 1695 δὲ
313 1666 354 1700 εἷς
367 1669 441 1696 ἐστιν
452 1669 466 1695 ὁ
479 1668 556 1701 Θεὸς,
571 1669 696 1704 ἀόρατος,
713 1669 909 1705 ἀπερίληπτος,

1000 1667 1035 1695 Χ.
1054 1667 1133 1701 Quod
1146 1671 1238 1695 autem
1253 1666 1325 1694 Deus
1338 1674 1409 1694 unus
1421 1666 1466 1698 sit.
1485 1666 1641 1698 invisibilis,
1659 1666 1768 1695 incom-

117 1715 316 1750 ἀκατανόητος,
357 1716 574 1751 ἀσχημάτιστος,
621 1716 752 1749 ἀνείδεος,
794 1715 912 1752 ἀναφὴς,

117 1761 337 1796 ἁπερὶγραπτος,
369 1762 598 1797 ἁπειροδύναμος,
626 1762 700 1799 [cet].
727 1762 745 1790 Γ.
774 1763 836 1790 118.
871 1761 913 1798 b.]

117 1807 275 1841 ἀσώματος,
292 1804 323 1834 οὗ
334 1806 395 1834 οὕτε
408 1806 479 1839 εἶδός
510 1809 576 1834 ποτέ
594 1817 636 1840 τις
660 1809 767 1844 ἑώρακε
792 1808 914 1840 πώποτε,

116 1852 180 1880 οὔτε
191 1853 284 1889 φωνὴν
309 1852 393 1880 αὑτοῦ
413 1854 542 1889 ἀκήκοεν,
568 1853 630 1880 οὕτε
647 1855 697 1890 τὴν
724 1854 805 1889 φύσιν
832 1853 915 1880 αὐτοῦ

116 1898 198 1926 ὁποία
210 1899 270 1926 ἐστὶ
284 1899 446 1932 κατέλαϐεν,
462 1901 529 1926 πᾶσι
553 1901 609 1931 τοῖς
621 1899 683 1926 νοῦν
703 1900 797 1935 έχουσι
817 1899 916 1935 πρόδη-

117 1946 163 1972 λον
178 1953 185 1961 ⁸
202 1947 242 1977 εἰς
255 1945 285 1972 ὃν
302 1945 351 1972 ἕνα
362 1946 468 1972 καὶτὸν
486 1946 568 1972 αὑτὸν
588 1947 668 1981 μόνον
694 1946 760 1972 Θεὸν
789 1946 917 1972 πιστεύο-

118 2001 171 2029 μεν
185 1993 266 2029 ἡμεῖς
280 1993 304 2019 ot
329 1992 414 2024 ὅντως
440 1991 564 2027 ἀληθινοὶ
587 1991 749 2027 Χριστιανοὶ
771 1992 816 2018 τὸν
838 1999 915 2027 τρισ-

116 2040 196 2074 άγιον
211 2040 258 2066 καὶ
271 2039 499 2075 τρισυπόστατον,
513 2039 560 2065 τὸν
578 2038 707 2074 ἁφύρτως
719 2038 865 2073 ἑνούμενον
882 2038 915 2073 τῇ

116 2086 209 2122 οὐσίᾳ,
220 2086 269 2113 καὶ
287 2086 416 2122 ἁτμήτως
433 2085 624 2121 διαιρούμενον
645 2086 706 2117 ταῖς
729 2084 914 2111 ὑποστάσεσι·

115 2133 164 2160 τὸν
174 2133 223 2160 ἕνα
233 2133 262 2160 δὲ
273 2133 323 2168 τῆς
339 2132 426 2167 αὐτῆς
439 2131 520 2165 ἁγίας
547 2131 663 2168 Τριάδος
688 2131 865 2167 σαρκωθέντα
879 2131 914 2158 δι’

79 2196 89 2203 -
115 2180 193 2215 ἡμᾶς
207 2179 397 2211 ἁναλλοιώτως
422 2179 471 2206 καὶ
493 2178 637 2214 ἀτρέπτως
660 2178 794 2214 ὁραθέντα
820 2187 851 2205 τε
865 2179 914 2206 καὶ

115 2225 315 2260 ψηλαφηθέντα
329 2225 431 2261 caput,
442 2225 491 2252 καὶ
502 2225 705 2260 σταυρωθέντα,
722 2225 768 2251 καὶ
782 2225 914 2260 ταφέντα,

115 2272 166 2298 καὶ
191 2271 357 2304 ἀναστάντα,
384 2271 432 2298 καί
463 2271 511 2298 νῦν
538 2270 694 2306 καθήμενον
717 2271 748 2296 ὲν
769 2270 845 2306 δεξιᾷ
867 2271 915 2298 τοῦ

116 2316 237 2351 Πατρδς,
250 2315 341 2347 καθὼς
356 2315 462 2348 Παῦλος
488 2316 503 2342 ὁ
528 2316 601 2352 ἱερὸς
628 2315 777 2348 ἀπόστολός
809 2325 914 2352 φησιν·

965 1713 1177 1750 prehensihilis,
1203 1713 1353 1740 intellectui
1381 1713 1549 1748 impervius,
1579 1713 1640 1740 sine
1670 1713 1767 1749 ﬁgura,

967 1761 1027 1789 sine
1041 1761 1143 1796 specie,
1159 1767 1213 1787 non
1226 1759 1381 1795 palpabilis,
1396 1759 1660 1795 incircumscriptus,
1674 1760 1769 1788 inﬁni-

967 1812 1001 1836 ta:
1025 1807 1172 1841 potentiae,
1202 1806 1394 1841 incorporeus,
1421 1806 1501 1841 cujus
1526 1814 1617 1841 neque
1644 1806 1768 1840 speciem

966 1854 1111 1890 quiSquam
1123 1853 1193 1881 vidit
1210 1860 1341 1888 unquam.
1355 1860 1443 1888 neque
1454 1860 1548 1880 vocem
1564 1853 1661 1886 audiit,
1676 1861 1767 1889 neque

968 1906 1092 1928 naturam
1104 1900 1256 1935 cujusinudi
1271 1899 1307 1927 sit
1321 1899 1540 1934 comprehendit.
1560 1899 1623 1932 hoc,
1640 1900 1765 1934 inquam,

968 1947 1095 1974 omnibus
1115 1951 1208 1973 mente
1228 1945 1351 1981 prmditis
1373 1945 1545 1980 exploratum
1562 1949 1615 1972 est.
1632 1946 1662 1972 In
1682 1953 1765 1981 quem

966 2000 1050 2020 unum
1072 1992 1255 2026 eumdemque
1276 1991 1364 2018 solum
1383 1990 1469 2018 Deum
1492 1990 1631 2018 credimus
1650 1999 1703 2019 nos
1719 1991 1767 2026 qui

965 2046 1030 2066 vere
1047 2037 1198 2066 Christiani
1213 2045 1318 2069 sumus,
1338 2042 1379 2064 ter
1399 2040 1535 2068 sanctum,
1556 2042 1597 2063 Ier
1612 2037 1768 2072 hypostati-

965 2093 1040 2116 cum,
1053 2084 1197 2112 inconluse
1212 2084 1320 2111 unitum
1335 2083 1490 2111 substantia
1502 2104 1509 2116 ,
1534 2083 1650 2112 indivise
1666 2085 1767 2112 distin-

965 2137 1039 2160 ctum
1053 2131 1188 2167 personis.
1201 2130 1290 2158 Unum
1301 2138 1367 2157 vero
1377 2129 1412 2157 de
1423 2135 1516 2158 sancta
1527 2130 1622 2158 eadem
1634 2131 1768 2160 Triuitate

963 2178 1134 2207 iucarnatum
1151 2185 1202 2212 pro
1218 2177 1306 2209 nobis,
1325 2176 1352 2203 in
1365 2176 1451 2211 forma
1469 2180 1562 2204 nostra
1580 2176 1763 2204 immutabili-

964 2228 1007 2252 ter
1022 2227 1050 2251 et
1062 2223 1253 2251 invertibiliter
1263 2222 1352 2250 visum
1363 2230 1423 2250 esse
1434 2228 1462 2250 et
1475 2223 1615 2258 palpatum
1626 2223 1653 2250 in
1667 2231 1762 2258 carne,

965 2270 1126 2297 cruciﬁxum
1140 2290 1147 2303 ,
1169 2269 1324 2305 sepultum,
1346 2270 1373 2297 in
1392 2269 1476 2297 vitam
1497 2274 1673 2303 revocatum,
1688 2275 1716 2298 et
1739 2271 1768 2298 in

965 2315 1054 2343 Patris
1068 2316 1181 2344 dextera
1201 2315 1359 2348 sedentem,
1382 2319 1413 2343 ut
1428 2315 1569 2350 apostolus
1585 2314 1687 2343 Paulus
1705 2315 1744 2343 ait
1759 2324 1767 2343 :

116 2361 181 2386 "On
191 2360 373 2395 συνήγειρεν
386 2360 435 2387 καὶ
447 2361 651 2389 συνεκάθισεν
664 2360 743 2396 ἡμᾶς
752 2362 768 2388 ό
782 2362 854 2395 Θεὸς
866 2362 913 2389 καί

967 2369 1067 2397 nempe
1091 2362 1161 2397 quod
1183 2362 1398 2389 conresuscitavit
1428 2366 1452 2388 el
1473 2362 1613 2389 consedere
1636 2362 1697 2398 fecit
1721 2370 1770 2391 nos

114 2405 221 2440 Πατὴρ
232 2405 263 2432 ἐν
275 2405 338 2439 τοῖς
351 2406 542 2440 ἐπουρανίοις
553 2407 588 2433 ἐν
613 2406 698 2441 δεξιᾷ
711 2407 766 2441 τῆς
781 2408 915 2443 μεγαλω-

115 2452 231 2486 σύνης,
250 2451 285 2479 ἐν
299 2451 416 2486 Χριστῷ
441 2450 544 2486 Ἰησοῦ
572 2452 612 2485 τῷ
641 2453 741 2487 Κυρίῳ
752 2452 847 2488 ⁵ήμῶν·
857 2473 863 2480 .
875 2453 913 2480 Οὐ

114 2497 174 2533 γὰρ
189 2498 294 2530 πάντας
316 2497 479 2532 ἀνθρώπους
505 2499 570 2530 τοὺς
596 2499 659 2526 καθ’
689 2499 794 2526 ἕκαστα
823 2499 914 2535 (τοῦτο

114 2545 174 2580 γὰρ
185 2543 215 2571 οὐ
228 2544 266 2579 νῷ
292 2545 384 2580 μόνον,
401 2544 470 2571 ἀλλὰ
484 2545 532 2571 καὶ
553 2545 680 2580 αἰσθήσει
711 2546 911 2581 καταληπτὸν),

116 2591 189 2618 ἀλλὰ
203 2590 253 2626 τὴν
268 2591 490 2626 προσληφθεῖσαν
504 2591 534 2624 ὲξ
559 2591 638 2626 ἡμῶν
662 2592 790 2628 ἀπαρχὴν
802 2592 852 2627 τῆς
867 2593 915 2619 άν-

116 2638 261 2675 θρωπίνης
273 2637 392 2673 φύσεως,
409 2638 456 2664 καὶ
487 2637 548 2664 καθ’
564 2638 714 2665 ὑπόστασιν
739 2638 778 2674 τῷ
802 2638 914 2674 Χριστῷ

115 2685 267 2713 ἑνωθεϊσαν
292 2686 320 2711 ὲν
346 2684 422 2720 δεξιᾷ
439 2684 488 2720 τῆς
512 2684 710 2719 μεγαλωσύνης
735 2686 764 2711 ἐν
788 2685 916 2721 οὐρανοῖς

115 2731 246 2758 ἐκάθισεν
257 2740 263 2746 ·
276 2732 304 2757 ἐν
317 2727 339 2765 ᾧ
347 2731 443 2766 Κυρίῳ
463 2730 510 2758 καὶ
527 2730 588 2766 Θεῷ
619 2730 699 2766 ἡμῶν
722 2730 771 2762 τὰς
800 2730 913 2762 ἐλπίδας

115 2777 200 2813 ἡμῶν
210 2778 301 2810 πάσας
312 2777 411 2814 ἔχομεν
422 2786 429 2794 ·
447 2777 496 2804 καὶ
518 2777 547 2804 δν
575 2777 666 2813 πάσης
678 2776 796 2809 κτίσεως
810 2778 913 2813 ὁρατῆς

114 2832 148 2850 τε
164 2825 211 2851 καὶ
234 2825 350 2859 ἀοράτου
365 2823 415 2860 τὴν
448 2824 572 2857 ἐξουσίαν
611 2823 684 2859 ἔχειν
705 2823 909 2860 ὁμολογοῦμεν·

155 2904 180 2920 ’δ
210 2902 311 2938 Ephes.
334 2909 374 2937 ιι,
400 2904 442 2939 6.,

967 2408 1039 2436 Deus
1057 2407 1139 2435 Pater
1161 2409 1190 2435 in
1217 2408 1361 2435 εωίεδιὶιιιιε
1373 2408 1402 2435 in
1422 2408 1531 2435 dextera
1551 2408 1719 2443 majestatis,
1740 2409 1769 2436 in

968 2454 1072 2481 Christo
1084 2454 1146 2482 Iesu
1162 2454 1277 2481 Domino
1289 2454 1418 2482 nostra“.
1431 2454 1491 2482 Non
1499 2459 1589 2482 tamen
1599 2462 1694 2482 omnes
1709 2455 1768 2482 sin-

967 2500 1080 2536 gillatim
1097 2500 1222 2528 homines
1234 2501 1305 2535 (qua:
1320 2509 1364 2528 res
1378 2508 1433 2529 non
1449 2505 1540 2529 mente
1554 2501 1656 2534 solum,
1668 2508 1765 2528 verum

968 2547 1050 2575 etiam
1068 2555 1150 2574 sensu
1167 2548 1365 2583 cognoscitur),
1382 2548 1430 2575 sed
1445 2552 1615 2583 assumptam
1630 2555 1663 2575 ex
1674 2548 1766 2581 nobis,

963 2594 1047 2622 veluti
1059 2594 1192 2629 primitias
1200 2594 1327 2622 humanae
1337 2599 1454 2627 natura),
1465 2595 1636 2631 hypostatice
1657 2593 1770 2623 Christo

964 2641 1069 2669 unitam
1090 2648 1203 2668 carnem
1223 2641 1250 2668 in
1267 2641 1378 2669 dextera
1394 2641 1545 2676 majestatis
1562 2641 1589 2668 in
1606 2641 1684 2668 caelis
1702 2640 1768 2668 fecit

964 2686 1125 2714 consedere.
1138 2686 1167 2712 ln
1182 2693 1237 2721 quo
1249 2685 1366 2714 Domino
1378 2694 1411 2714 ac
1423 2686 1479 2714 Deo
1489 2691 1585 2714 nostro
1595 2693 1659 2721 spes
1670 2692 1769 2713 omnes

965 2736 1073 2760 nOstras
1090 2731 1250 2765 deﬁximus,
1270 2741 1351 2768 quem
1370 2733 1397 2760 in
1419 2739 1530 2760 omnem
1554 2739 1613 2759 rem
1633 2735 1766 2763 creatam.

965 2778 1101 2807 visibilem
1147 2783 1229 2814 atque
1259 2779 1444 2811 invisibilem,
1468 2782 1634 2814 potestatem
1662 2777 1767 2806 habere

965 2824 1144 2859 conﬁtemur;
1162 2830 1189 2853 et
1204 2833 1286 2861 quem
1303 2825 1418 2854 ﬁrmiter
1438 2831 1559 2860 vereque
1573 2829 1768 2860 exspectamus
