1948 3070
160 191 230 224 1319

840 187 955 218 PETRI
975 187 1114 218 SICULl.

1730 183 1802 216 1320

151 249 321 277 dominatum
333 247 388 283 58
406 250 633 283 potentatumque
650 239 810 273 habiturum
826 252 950 279 praesen-

1015 247 1054 272 tat
1072 245 1102 272 ὃν
1114 244 1229 280 βεϐαίως
1240 245 1286 271 καὶ
1297 245 1406 280 ἀληθῶς
1418 245 1618 281 προσδοκῶμεν
1632 244 1682 280 τὴν
1701 243 1801 278 κυρίαν

153 295 189 322 tis
201 294 340 329 futurique
356 293 496 328 temporis,
509 297 537 320 et
550 291 645 319 mundi
661 295 688 319 et
700 290 873 322 atternitatis,
885 298 947 316 cum

153 338 233 366 l‘atre
248 338 383 374 principio
406 342 517 365 carente
540 341 715 372 regnantem,
735 340 763 363 et
781 343 843 363 curn
859 334 948 362 enmi-

154 390 266 421 potente
282 385 342 420 ejus
361 384 464 419 Spiritu
484 391 532 419 per
549 383 647 410 saacula
663 382 837 410 sa‘t‘ulorum.
849 381 945 408 Amen.

187 524 233 552 XI.
255 523 353 551 Adhuc
371 527 462 550 tamen
485 520 671 549 necessarium
691 524 735 548 est
759 519 793 547 de
820 518 951 555 praedicto

153 573 314 606 argumento
336 576 422 605 pauca
446 568 599 600 disserere,
625 566 696 594 sicut
721 566 801 593 initio
817 565 952 593 sertnonis

153 618 237 653 hujus
256 615 443 652 promisimus,
462 614 496 642 ad
518 613 696 649 ignominiam
719 612 952 648 inerepationem-

154 672 209 699 quo
226 663 345 691 hostium
363 661 410 689 Dei
428 661 599 696 impurormn
613 659 844 692 Manichaeorum;
861 659 906 694 qui
923 666 954 686 se

153 710 227 745 quod
240 717 294 736 non
307 712 383 740 sunt,
398 710 569 742 nuncupant;
582 706 655 741 quod
669 711 760 733 autem
774 708 849 737 sunt,
861 705 958 732 audire

155 763 210 782 non
226 753 411 782 sustinent.Si
430 753 503 780 enim
531 760 562 779 ex
592 759 669 780 sacra
684 750 824 786 Scriptura
843 751 958 777 demon-

159 800 301 832 strabitur,
317 807 402 826 unum
415 798 600 833 eumdemque
614 805 676 826 esse
688 801 716 824 et
731 804 785 824 non
800 796 894 829 alium,
908 796 957 831 qui

155 847 254 875 caelum
287 850 444 880 terramque
465 844 531 872 fecit
562 851 610 879 per
632 843 749 876 Filium;
771 843 954 878 eumdemqoe

1004 291 1051 317 καὶ
1064 290 1225 317 δεσποτείαν
1240 290 1369 325 ἔχεινκαὶ
1383 291 1431 318 τοῦ
1447 290 1582 326 παρόντος
1600 289 1649 316 καὶ
1663 287 1712 314 τοῦ
1733 287 1799 322 μέλ-

1003 336 1096 367 λοντος
1108 336 1156 362 καὶ
1172 335 1275 370 κόσμου
1288 336 1336 363 καὶ
1360 336 1470 368 αἰῶνος,
1486 337 1535 363 σὺν
1547 335 1621 372 [cod.
1638 334 1658 361 f.
1671 332 1749 369 119.]
1760 333 1802 368 τῷ

1004 383 1117 418 ἀνάρχῳ
1133 382 1220 418 Πατρὶ
1251 382 1440 417 βασιλεύοντα,
1457 383 1505 410 καὶ
1534 382 1573 418 τῷ
1599 381 1801 415 παντοδυνάμῳ

1004 429 1088 456 αὑτοῦ
1120 429 1261 464 Πνεύματι
1290 430 1331 461 εἰς
1367 430 1430 461 τοὺς
1452 429 1554 461 αἰῶνας
1587 428 1644 456 τῶν
1680 427 1800 454 αἰώνων.

1011 476 1110 510 ’Λμήν.

1042 523 1093 549 1Λ’.
1113 522 1210 557 Ὅμως
1219 522 1369 555 ἀναγκαῖον
1381 522 1421 548 ἔτι
1432 522 1480 548 καὶ
1492 521 1556 557 περὶ
1571 520 1618 548 τοῦ
1642 519 1798 556 προκειμέ-

1006 577 1052 594 νου
1066 568 1172 603 βραχέα
1187 567 1338 599 διαλαϐεῖν,
1355 568 1447 599 καθὼς
1459 569 1488 594 ὲν
1499 568 1570 603 ἀρχῇ
1589 567 1667 594 τοῦδε
1695 566 1742 593 τοῦ
1756 565 1802 592 λό-

1007 623 1056 648 γου
1071 614 1257 650 ὑπεσχόμεθα,
1276 615 1345 649 πρὸς
1367 613 1500 650 αἰσχύνην
1515 614 1563 640 καὶ
1576 613 1728 648 ὀνειδισμὸν
1744 611 1803 638 τῶν

1008 660 1151 696 θεομάχων
1167 661 1214 687 xui.
1232 661 1348 687 ἀνοσίων
1360 661 1532 696 Μανιχαίων,
1541 659 1595 686 τῶν
1609 658 1801 694 ὀνομαζόντων

1009 705 1059 740 μὲν
1073 706 1187 736 ἑαυτοὺς
1203 706 1272 741 ὅπερ
1285 706 1336 732 οὐκ
1350 706 1430 737 εἰσὶν,
1447 705 1532 732 ὄντων
1563 705 1591 731 δὲ
1602 706 1671 740 ὅπερ
1691 703 1804 732 ἀκούειν

1007 752 1057 778 οὐκ
1073 752 1226 787 ἀνέχονται.
1241 753 1272 778 Εἰ
1286 752 1341 787 γὰρ
1355 752 1532 788 δειχθήσεται
1546 752 1623 788 παρὰ
1648 752 1698 786 τῆς
1724 751 1804 786 ίερᾶς

1008 800 1131 836 Γραφῆς,
1147 799 1211 827 ὄτιὸ
1230 800 1311 832 αὐτὸς
1326 798 1366 830 εἷς
1390 799 1456 831 θεός
1473 801 1559 832 ἔστιν,
1584 799 1632 826 καὶ
1653 799 1703 824 οὐκ
1723 798 1804 829 ἄλλος

1008 846 1022 872 ὁ
1038 846 1084 873 τὸν
1101 846 1216 880 οὐρανὸν
1237 847 1285 873 καὶ
1308 847 1358 882 τὴν
1373 846 1425 881 γῆν
1440 846 1557 881 ποιήσας
1574 845 1608 871 δι’
1621 844 1687 871 Υἱοῦ
1699 852 1706 859 ·
1721 843 1806 873 αὐτὸς

155 892 264 919 Patrem
274 898 335 918 esse
347 889 455 917 Domini
466 888 554 917 nostri
567 888 632 916 Iesu
643 888 745 916 Christi
757 893 785 915 et
798 895 851 915 non
863 888 953 915 diver-

1015 893 1035 919 Ξὲ
1059 893 1108 919 καὶ
1129 893 1224 928 Πατὴρ
1249 891 1297 919 τοῦ
1330 892 1433 928 Κυρίου
1455 892 1535 928 ἡμῶν
1565 891 1654 927 Ἰησοῦ
1682 889 1805 925 Χριστοῦ

155 945 233 970 sum,
248 936 430 970 eumdemque
448 935 508 962 sine
529 935 620 970 specie
639 939 667 962 et
688 934 748 962 sine
770 934 866 970 ligura,
882 933 955 969 quod

156 983 190 1010 ad
208 982 327 1010 divinam
340 981 521 1008 substantiam
534 981 644 1012 attinet,
660 983 790 1014 superest
802 984 833 1006 ut.
847 978 884 1005 illi
903 978 957 1006 uti-

155 1036 210 1064 que
231 1028 350 1055 habeant
371 1026 443 1062 apud
468 1034 498 1054 se
510 1026 592 1053 alium
613 1025 715 1058 Deum,
732 1032 814 1060 quem
831 1024 956 1052 maleﬁco

157 1073 267 1110 ingenio
282 1078 309 1101 et
326 1072 427 1100 infelici
443 1076 537 1099 mente
555 1071 607 1099 sibi
623 1071 794 1107 contingunt.
811 1071 897 1098 Porro
911 1070 956 1098 ille

157 1120 274 1155 (noster)
296 1119 343 1154 qui
365 1118 411 1151 sit,
430 1110 545 1154 pateﬁet
559 1117 632 1145 veris
649 1116 856 1152 Scripturarum
877 1116 955 1144 testi-

158 1166 258 1194 moniis
273 1165 300 1192 in
317 1165 437 1192 medium
455 1163 555 1192 allatis.
569 1163 619 1192 Hie
631 1163 715 1198 igitur
728 1162 915 1198 proferantur.
929 1167 957 1190 et

157 1211 342 1248 evangelicam
354 1210 498 1238 articulate
514 1214 659 1237 sonantem
673 1209 766 1237 tubam
779 1209 893 1237 audiant
907 1216 956 1244 pa-

157 1259 210 1287 lam
226 1259 373 1286 dicentem.
390 1257 522 1284 Dominus
538 1256 627 1283 dixit:
642 1255 729 1291 Opera
744 1264 803 1291 quae
813 1263 860 1290 ego
875 1256 955 1291 facio,

158 1306 337 1333 testimonium
346 1304 483 1339 perhibent
493 1305 524 1330 de
536 1311 586 1335 me,
599 1303 669 1338 quod
683 1303 763 1330 Pater
771 1311 812 1330 me
820 1302 956 1330 miserit".

158 1349 211 1377 Et:
225 1348 275 1381 Qui
284 1356 326 1375 me
339 1348 409 1374 misit
419 1347 512 1380 Pater,
529 1347 584 1381 ipse
597 1346 775 1374 testimonium
786 1346 917 1381 perhibuit
926 1347 958 1373 de

159 1403 200 1423 me
210 1395 244 1421 ⁷⁸.
269 1394 386 1422 Ubinam
407 1401 472 1421 vero
487 1397 604 1421 testatus
625 1392 672 1425 sit,
686 1393 860 1420 concorditer
876 1400 958 1420 evan-

160 1442 264 1478 gelista:
284 1441 379 1468 dicunt
393 1449 400 1468 :
412 1439 572 1476 Baptizatus
586 1439 714 1467 Dominus
728 1438 806 1466 Iesus
824 1440 959 1475 confestim

159 1488 279 1514 ascendit
290 1487 322 1514 de
339 1495 428 1522 aqua;
443 1491 468 1513 et
481 1495 538 1513 ecce
553 1486 640 1520 aperti
655 1490 715 1512 sunt
728 1486 752 1512 ei
765 1485 833 1519 caeli,
845 1485 961 1521 viditque

160 1533 289 1569 Spiritum
311 1533 359 1560 Dei
381 1533 578 1560 descendentem
598 1533 666 1559 sicut
685 1531 832 1558 columbam
844 1553 851 1564 ,
872 1535 897 1558 et
916 1539 961 1558 ve-

160 1581 274 1608 nientem
309 1588 388 1615 super
419 1588 456 1607 se.
486 1579 519 1606 Et
544 1588 602 1607 ecce
628 1588 678 1606 vox
707 1580 740 1606 de
758 1579 830 1606 caelis
852 1579 962 1606 dicens:

160 1627 210 1653 llic
227 1631 264 1653 est
278 1625 367 1653 Filius
391 1634 465 1652 meus
483 1625 595 1653 dilectus
620 1625 646 1652 in
658 1633 708 1660 quo
728 1624 792 1651 mihi
810 1624 873 1651 bene
891 1632 964 1651 cont-

162 1674 295 1708 placui".
313 1672 420 1700 Rursus
437 1672 471 1699 de
495 1671 599 1699 Christi
616 1671 857 1707 transﬁguratione
881 1671 962 1698 iidem

160 1721 240 1748 aiunt
253 1731 259 1748 ι
275 1719 428 1754 Suscipiens
441 1719 569 1746 Dominus
582 1718 657 1745 Jews
672 1717 783 1745 Petrum
797 1722 820 1745 et
834 1717 962 1745 Jacobum

162 1775 193 1794 at:
209 1766 344 1794 Joannem
363 1767 475 1802 fratrem
501 1765 570 1800 ejus,
585 1765 660 1792 duxit
680 1773 723 1792 eos
740 1765 768 1791 in
785 1769 900 1791 montem
915 1773 961 1791 ea:-

163 1813 261 1840 celsum
275 1811 440 1840 seorsum.Et
456 1812 662 1848 transﬁguratus
679 1816 785 1838 astante
795 1812 879 1839 eos".
894 1811 961 1845 Qui-

162 1859 215 1886 bus
235 1858 318 1886 etiam
339 1857 464 1885 exhibuit
486 1858 605 1892 speciem
626 1865 741 1890 novam,
761 1862 892 1892 quantmn
909 1857 960 1892 ipsi

164 1911 264 1938 capere
280 1907 408 1938 poterant
424 1911 432 1930 τ
448 1903 493 1938 qui
511 1910 574 1930 cum
589 1903 744 1938 splendoris
759 1903 961 1931 vehementiam

165 1957 222 1977 non
239 1949 353 1981 ferrent,
367 1949 443 1976 humi
457 1949 672 1984 procumbentes
685 1957 782 1977 Somno
797 1957 827 1978 se
844 1951 963 1978 tradide-

166 1999 240 2024 runt.
264 1995 298 2023 Et
317 2002 381 2022 ecce
403 2003 455 2023 vox
476 1995 510 2022 de
528 1994 602 2022 nube
622 1995 737 2023 dicens:
758 1996 809 2023 Hic
823 2002 860 2023 est
878 1996 962 2024 Filius

167 2050 240 2068 metu
255 2041 365 2068 dilectu:
386 2042 414 2068 in
433 2049 484 2076 quo
503 2041 558 2078 59
574 2043 638 2069 mihi
652 2043 714 2070 bene
731 2043 888 2078 complacui.
905 2043 969 2071 llmc

168 2095 222 2114 una
241 2094 309 2115 voce
325 2087 501 2123 evangelista:
520 2093 586 2115 tres.
599 2087 722 2116 Joannes
733 2092 826 2116 autem
844 2089 897 2116 ait:
914 2089 969 2117 Do-

167 2133 260 2160 minus
281 2131 373 2160 dixit:
395 2131 521 2167 Cleri/ica
542 2141 593 2166 me,
625 2132 724 2166 Pater,
746 2133 870 2160 claritate
889 2142 970 2169 quam

170 2179 251 2206 habui
272 2178 347 2213 prius
364 2186 445 2214 quam
461 2179 575 2206 mundus
594 2178 668 2213 ﬁeret
685 2180 757 2215 apud
771 2185 795 2207 te
810 2180 845 2207 ⁷³.
859 2179 930 2208 Ecce
943 2185 971 2208 et

168 2225 242 2260 apud
255 2225 345 2260 ipsum
356 2229 472 2252 testatur
485 2225 620 2252 mundum
635 2225 720 2253 fuisse
734 2225 903 2261 hypostatica
918 2233 966 2254 ve-

1010 939 1144 974 ὑπάρχων
1176 939 1224 966 καὶ
1253 939 1303 974 οὐχ
1329 938 1433 974 ἕτερος,
1457 939 1472 965 ὁ
1503 937 1583 970 αὐτὸς
1612 938 1732 968 ἀνείδεος
1757 936 1807 963 καὶ

1011 984 1218 1020 ἀσχημάτιστος
1243 984 1376 1020 ὑπάρχων
1410 983 1482 1010 κατὰ
1515 983 1564 1019 τὴν
1593 983 1669 1009 θείαν
1697 981 1805 1013 οὐσίαν,

1009 1031 1134 1057 λείπεται
1149 1030 1248 1062 αὐτοὺς
1268 1030 1322 1065 ἀρα
1333 1029 1405 1065 ἔχειν
1422 1029 1488 1066 παρ’
1500 1028 1607 1061 ἑαυτοῖς
1616 1029 1711 1062 ἕτερον
1725 1027 1805 1060 Θεὸν,

1009 1075 1039 1102 ὃν
1054 1075 1212 1110 κακούργου
1240 1075 1363 1110 σκέψεως
1389 1076 1437 1102 καὶ
1466 1075 1664 1110 κακοδαίμονος
1687 1073 1808 1105 διανοίας

1010 1122 1118 1153 ἑαυτοῖς
1153 1121 1394 1148 ἀναπλάττουσινν
1425 1121 1455 1153 ὃς
1490 1122 1539 1148 καὶ
1580 1119 1808 1156 ᾳανερωθήσεται

1010 1167 1104 1198 ὁποῖός
1119 1167 1188 1198 ἐστι,
1201 1167 1256 1194 τῶν
1276 1167 1424 1203 Γραφικῶν
1453 1167 1562 1203 ἀληθῶς
1592 1166 1753 1202 μαρτυριῶν
1766 1165 1808 1197 εἰς

1012 1212 1096 1247 μέσον
1116 1211 1330 1248 προτιθεμένων.
1351 1211 1526 1246 ’Δγέσθωσαν
1554 1211 1645 1238 τοίνυν
1675 1209 1807 1242 ἐνταῦθα,

1010 1258 1059 1285 καὶ
1072 1259 1122 1293 τῆς
1146 1258 1331 1294 εὐαγγελικῆς
1359 1258 1494 1294 ἐνάρθρου
1527 1257 1679 1292 σάλπιγγος
1711 1255 1808 1290 σαφῶς

1010 1303 1145 1338 λεγούσης
1155 1303 1332 1330 ἀκουέτωσαν
1349 1311 1357 1319 '
1378 1300 1455 1329 εἶπεν
1469 1304 1483 1329 ὁ
1498 1302 1603 1337 Κύριος
1617 1309 1624 1317 ·
1644 1301 1683 1328 Τὰ
1702 1300 1776 1335 ἔργα
1789 1300 1810 1326 d

1010 1349 1067 1384 ἐγὼ
1075 1350 1149 1377 ποιῶ
1159 1350 1304 1384 μαρτυρεῖ
1313 1349 1379 1384 περὶ
1391 1349 1474 1384 ἐμοῦ,
1491 1349 1535 1375 ὅτι
1563 1349 1578 1375 ὁ
1592 1347 1695 1381 Πατήρ
1706 1347 1810 1382 pada-

1011 1396 1150 1424 έστειλεν
1162 1404 1170 1411 ·
1184 1396 1234 1423 καὶ
1246 1398 1263 1423 ὁ
1282 1396 1403 1431 πέμψας
1418 1404 1457 1430 με
1466 1394 1578 1429 Πατὴρ,
1591 1394 1684 1426 αὐτὸς
1695 1401 1810 1428 μεμαρ-

1012 1442 1142 1476 τύρηκεν
1164 1442 1230 1476 περὶ
1257 1441 1348 1476 ἐμοῦ·
1371 1441 1422 1468 ποῦ
1443 1441 1472 1468 δὲ
1501 1442 1556 1478 ἄρα
1579 1439 1808 1476 μεμαρτύρηκεν,

1015 1486 1169 1523 συμφώνως
1183 1488 1208 1513 οἱ
1237 1487 1430 1521 εὖαγγελισταί
1463 1494 1562 1521 φασιν·
1593 1485 1776 1517 Βαπτισθεὶς
1793 1485 1810 1510 ὀ

1017 1534 1125 1567 Κύριος
1142 1533 1263 1567 Ἰησοῦς
1286 1533 1379 1567 ἀνέϐη
1407 1533 1500 1566 εὐθὺς
1511 1533 1569 1561 ἁ.τὺ
1590 1532 1645 1560 τοῦ
1672 1532 1786 1564 ὓδατος
1801 1539 1809 1546 ·

1017 1580 1066 1606 καὶ
1074 1580 1139 1607 ιδοὺ
1152 1579 1352 1615 ἀνεῴχθησαν
1362 1579 1444 1613 αὐτῷ
1462 1582 1490 1607 οἰ
1512 1579 1636 1614 οὐρανοὶ
1662 1578 1712 1605 καὶ
1729 1575 1812 1604 εἶδεν

1015 1627 1048 1654 τὸ
1066 1627 1186 1662 Πνεῦμα
1196 1627 1250 1653 τοῦ
1263 1626 1336 1654 Θεοῦ
1347 1626 1529 1653 καταϐαῖνον
1536 1625 1607 1652 ὡσεὶ
1619 1623 1811 1659 περιστερὰν,

1014 1673 1063 1699 καὶ
1079 1673 1245 1708 ἐρχόμενον
1258 1673 1305 1700 ἐπ’
1326 1673 1421 1700 αὐτόν
1433 1681 1440 1687 ·
1453 1672 1503 1699 καὶ
1522 1672 1586 1699 ἰδοὺ
1601 1671 1686 1706 φωνὴ
1705 1670 1740 1697 ἐκ
1750 1669 1813 1696 τῶν

1011 1719 1289 1754 οἰφανῶνλέγουσα
1299 1727 1306 1734 '
1322 1716 1411 1752 οὗτός
1425 1719 1511 1746 ἐστιν
1527 1720 1542 1744 ὁ
1562 1718 1629 1751 Υἱός
1636 1726 1695 1752 μου
1707 1719 1724 1744 ὀ
1737 1717 1813 1749 ἀτα-

1011 1765 1105 1798 πητὸς
1113 1765 1147 1792 ἐν
1160 1761 1184 1798 ᾦ
1197 1765 1357 1799 ηὐδόκησα
1369 1773 1375 1780 ·
1393 1765 1440 1792 καὶ
1453 1765 1534 1792 πάλιν
1550 1764 1667 1800 περὶτῆς
1683 1763 1730 1790 τοῦ
1744 1763 1815 1798 Χρι-

1011 1810 1075 1837 στοῦ
1105 1811 1358 1846 μεταμορφώσεως,
1372 1810 1396 1836 oi
1411 1810 1489 1836 αὐτοί
1509 1818 1592 1844 φασιν
1603 1817 1609 1822 ·
1627 1808 1816 1843 Παραλαϐὼν

1010 1857 1117 1891 Κύριος
1143 1857 1260 1891 Ἰησοῦς
1270 1857 1324 1883 τὸν
1337 1856 1449 1891 Πέτρον
1467 1856 1517 1884 καὶ
1533 1855 1673 1882 Ἰάκωόον
1691 1855 1742 1882 καὶ
1759 1855 1816 1882 Ἰω-

1010 1902 1108 1936 άννην
1120 1902 1174 1929 τὸν
1184 1903 1320 1937 ἀδελφὸν
1334 1903 1439 1935 αὐτοῦ,
1461 1902 1629 1936 ἀνήνεγκεν
1641 1901 1754 1934 αὐτοὺς
1770 1902 1817 1934 είς

1010 1949 1077 1983 ὅρος
1094 1951 1220 1984 ’ὑψηλόν
1234 1949 1373 1977 uana/ar
1385 1958 1391 1965 '
1407 1949 1455 1976 και
1469 1949 1682 1984 μετεμορφώθη
1697 1948 1816 1982 ἔμπρο-

1011 1996 1087 2022 σθεν
1105 1995 1215 2023 αὐτῶν.
1240 1993 1288 2027 Οἷς
1308 1996 1356 2022 καὶ
1372 1995 1537 2031 παρεδείκνυ
1553 1994 1622 2026 εῐδυς
1649 1994 1737 2026 ξένον,
1753 1994 1818 2020 ὅσον

1018 2043 1118 2078 χωρεῖν
1137 2041 1269 2077 ἠδύναντο
1282 2049 1289 2056 ·
1303 2042 1328 2068 οἳ
1349 2043 1396 2069 καὶ
1419 2042 1469 2077 τὴν
1486 2041 1641 2077 ὑπερϐολὴν
1661 2041 1760 2076 αἴγλης
1778 2041 1816 2076 μὴ

1019 2088 1178 2122 ἐνεγκόντες
1198 2089 1245 2115 ἐπὶ
1276 2089 1326 2123 τὴν
1354 2088 1406 2123 γῆν
1433 2088 1637 2119 καταπεσόντες
1659 2088 1700 2119 είς
1732 2087 1818 2114 ὕπνον

1021 2134 1179 2170 ἐτρέποντο.
1196 2135 1251 2161 Καὶ
1267 2134 1322 2161 ἰδοὺ
1340 2135 1417 2170 φωνὴ
1434 2135 1466 2161 ἐκ
1482 2135 1530 2169 τῆς
1543 2134 1660 2170 νεφέλης
1685 2133 1815 2168 λέγουσα·

1023 2178 1118 2214 οὗτός
1131 2181 1216 2207 ἐστιν
1231 2182 1248 2207 ό
1267 2182 1332 2214 Υἱός
1343 2189 1405 2216 μου
1416 2182 1432 2208 ὁ
1454 2181 1608 2216 ἀγαπητὸς
1626 2181 1663 2208 ἐν
1684 2178 1709 2215 ᾧ
1723 2180 1818 2215 ηὐδό-

1020 2233 1101 2261 κησιι
1112 2246 1120 2253 .
1133 2226 1225 2253 Ταῦτα
1239 2227 1289 2262 μὲν
1301 2227 1327 2253 οι
1341 2228 1415 2262 τρεῖς
1427 2227 1621 2261 εὐαγγελισταὶ
1640 2227 1797 2261 συμφώνως
1809 2234 1817 2241 ·

172 2273 250 2304 ritas,
272 2271 400 2298 videlicet
417 2275 482 2298 ante.
497 2272 579 2299 etiam
594 2272 690 2300 mundi
705 2273 872 2300 creationem
887 2273 961 2300 clari-

1019 2274 1034 2300 ὁ
1060 2272 1088 2299 δὲ
1120 2273 1247 2308 Ἰωάννης
1270 2273 1371 2308 φησίν·
1407 2272 1491 2300 Εἶπεν
1509 2275 1523 2300 ὀ
1548 2273 1662 2308 Κύριος,
1678 2273 1820 2305 Δόξασὸν

170 2317 253 2345 ﬁcato
278 2317 347 2345 Filio
371 2317 443 2353 apud
460 2318 588 2352 Patrem;
611 2326 667 2345 non
683 2324 774 2346 autem
790 2319 862 2354 apud
877 2327 973 2354 quem-

171 2371 255 2399 quam
267 2363 363 2396 alium,
376 2369 407 2392 ut
419 2371 468 2392 vos
482 2364 584 2396 dicitis,
600 2365 731 2392 mundum
749 2365 845 2393 fuisse.
859 2365 973 2393 Statim-

172 2417 226 2444 que
237 2416 290 2436 vox
303 2409 337 2437 de
353 2409 423 2437 cutio
438 2411 547 2446 delapsa
561 2411 600 2438 ait
613 2420 620 2437 :
633 2413 668 2438 Et
683 2411 831 2445 clariﬁcat'i
841 2416 865 2439 et
878 2411 974 2439 iterum

171 2454 324 2489 clariﬁcaba
339 2455 373 2482 ⁸⁸.
391 2455 473 2483 Vides
496 2457 620 2484 auditam
636 2457 721 2485 fuisse
737 2457 825 2485 Patris
847 2465 942 2485 vocem
957 2465 973 2485 a

174 2501 359 2537 praesentibus
380 2507 516 2537 quotquot
541 2503 586 2530 illa
601 2504 742 2531 auditione
760 2504 835 2540 digni
850 2504 973 2532 fuerunt.

174 2547 236 2574 Non
254 2551 344 2574 tamen
361 2548 508 2575 audierunt
531 2549 635 2584 indigni
651 2558 658 2577 :
681 2549 762 2577 sicuti
778 2558 813 2577 ne
827 2550 973 2586 transﬁgu-

177 2592 294 2620 rationis
309 2593 420 2628 quidem
440 2594 529 2622 lucem
544 2595 612 2622 vidit
624 2595 747 2631 proditor
760 2595 854 2624 Judas.
867 2595 973 2632 Reliqui

178 2648 245 2668 vero
260 2640 375 2675 apostoli
389 2640 465 2676 digni
480 2649 546 2669 sane
563 2649 643 2669 erant
660 2643 719 2678 ejus
737 2643 853 2677 visione,
868 2643 915 2671 sed
933 2649 974 2671 ta-

176 2693 243 2713 men
255 2686 383 2721 prudenti
398 2686 503 2715 ratione
514 2695 530 2715 a
542 2687 656 2715 Domino
669 2689 842 2724 pra‘tcrmissi
854 2695 927 2722 sunt,
939 2698 975 2718 ne

179 2732 343 2760 invidiosius
359 2737 386 2761 et
398 2733 609 2762 inexcusabilius
623 2734 673 2770 ipsi
690 2734 768 2763 ﬁeret
782 2735 854 2771 quod
870 2743 973 2764 nonum

175 2779 347 2807 exclusisset.

215 2876 238 2890 "°
260 2876 344 2915 πίοιμιἒ
363 2885 401 2915 _v.
423 2877 468 2906 56.
507 2878 540 2915 "7
555 2878 620 2912 ibid,
652 2879 698 2907 ΣΠ.
738 2881 759 2897 ⁷⁷
775 2881 870 2909 Matth.
888 2889 928 2915 Ill,
946 2882 986 2909 16.

181 2916 245 2942 xm,
259 2910 285 2937 5.
324 2912 346 2926 "°
359 2911 436 2939 Joan.
454 2921 518 2948 xvu,
530 2914 574 2942 ‘28.

1018 2328 1069 2354 με,
1089 2318 1197 2354 Πάτερ,
1214 2318 1249 2354 τῇ
1261 2319 1335 2354 δόξῃ
1345 2315 1364 2356 ᾖ
1374 2317 1459 2354 εἶχον
1472 2319 1530 2354 πρὸ
1550 2320 1605 2347 τοῦ
1630 2320 1684 2347 τὸν
1699 2320 1821 2354 κόσμον

1021 2367 1191 2402 εἶναιπαρὰ
1202 2368 1263 2395 σοί.
1289 2368 1355 2395 Ὶδοὺ
1383 2367 1430 2394 καὶ
1448 2368 1513 2404 παρ’
1540 2367 1616 2402 αὺτῷ
1639 2367 1686 2394 τὸν
1715 2367 1820 2402 κόσμον

1023 2412 1094 2441 εἶναι
1125 2414 1261 2449 μαρτυρεί
1285 2414 1302 2448 ὴ
1329 2414 1511 2444 ὲνυπόστατος
1544 2413 1667 2448 ἀλήθεια,
1696 2412 1821 2448 δηλονότι

1025 2460 1079 2496 πρὸ
1090 2459 1138 2487 τοῦ
1154 2459 1300 2494 κτισθῆναι
1312 2459 1357 2486 τὸν
1373 2460 1475 2495 κόσμον
1493 2459 1676 2494 δοξαζομένου
1692 2458 1741 2486 τοῦ
1753 2457 1821 2486 Υἱοῦ

1027 2507 1104 2543 παρὰ
1115 2506 1154 2542 τῷ
1171 2507 1259 2542 Πατρί
1272 2515 1278 2521 ·
1297 2506 1346 2534 καὶ
1356 2507 1386 2533 οὐ
1407 2508 1472 2542 παρ’
1481 2507 1583 2543 ἐτέροῳ
1608 2505 1679 2533 εἶναι
1702 2506 1749 2533 τὺν
1777 2507 1823 2533 κό-

1027 2562 1107 2589 σμον,
1121 2553 1213 2585 καθὼς
1226 2553 1303 2580 αὐτοί
1319 2562 1387 2588 φατε
1399 2562 1406 2569 ·
1421 2554 1468 2580 καὶ
1487 2554 1589 2585 εὐθέως
1606 2553 1683 2588 φωνὴ
1711 2553 1823 2587 ἐγένετο

1026 2601 1059 2627 ἐκ
1073 2599 1128 2626 τῶν
1139 2599 1263 2636 οὐρανῶν
1280 2600 1398 2634 λέγουσα
1409 2608 1416 2615 ·
1437 2600 1491 2627 Καὶ
1503 2599 1648 2632 ἐδόξασα,
1665 2599 1716 2626 καὶ
1727 2598 1823 2626 πάλιν

1028 2644 1158 2676 δοξάσω.
1173 2644 1225 2671 Ίδε
1234 2645 1275 2671 ὅτι
1288 2646 1380 2680 φωνὴν
1389 2645 1471 2672 αὑτοῦ
1485 2645 1509 2672 οἱ
1523 2645 1657 2680 παρόντες
1669 2644 1824 2679 ἀκηκόασιν

1029 2691 1053 2717 oi
1071 2690 1154 2722 ἀξίως
1167 2691 1319 2726 χωρητικοὶ
1333 2691 1382 2726 τῆς
1399 2691 1529 2726 τοιαύτης
1549 2691 1634 2725 ἀκοῆς
1648 2697 1655 2704 ⁸
1674 2690 1725 2716 οὐκ
1752 2690 1825 2724 ἀκη-

1029 2737 1107 2764 κόασι
1128 2737 1156 2764 δὲ
1172 2738 1282 2768 πάντως
1294 2738 1319 2764 oi
1335 2738 1451 2770 ἀνάξιοι,
1463 2737 1558 2772 ὥσπερ
1570 2737 1630 2764 οὐδὲ
1643 2737 1732 2772 τὸτῆς
1743 2744 1826 2772 μετα-

1031 2782 1199 2819 μορφώσεως
1224 2783 1282 2818 φῶς
1303 2784 1404 2816 Ἰούδας
1420 2785 1434 2810 ὀ
1463 2784 1651 2819 προδότης“οἱ
1677 2783 1706 2810 δὲ
1731 2782 1823 2810 λοιποὶ

1026 2882 1048 2898 ’⁸
1063 2881 1160 2910 Matth.
1175 2891 1242 2918 xvu,
1261 2883 1284 2916 i;
1304 2883 1386 2911 Marc.
1404 2892 1441 2918 ix,
1456 2883 1481 2916 i;
1495 2883 1561 2912 Luc.
1577 2891 1616 2918 ix,
1630 2883 1676 2912 28.
1710 2886 1732 2903 τ’
1745 2885 1826 2914 JOan.
