1948 3070
139 175 202 208 I321

628 170 758 201 SERMO
778 170 792 200 Ι
811 169 1011 201 ADVERSUS
1031 169 1275 201 MANlCHzEOS.

1704 166 1773 198 i322

135 228 279 256 ἀπόστολοι
294 228 365 260 ἄξιοι
383 227 433 264 μὲν
444 226 492 254 τοῦ
515 227 580 254 ἰδεῖν
613 226 695 254 αὑτὸν
731 224 868 260 ὑπῆρχον,
892 225 1074 260 οἰκονομικῶς
1097 225 1126 252 δὲ
1150 225 1203 252 ὑπὸ
1239 225 1287 252 τοῦ
1314 225 1418 260 Κυρίου
1455 223 1678 260 ἀπελείφθησαν·
1701 223 1774 251 ὥστε

139 273 375 309 ἀνεπαχθέστερον
398 272 474 307 αὐτῷ
497 271 571 307 [cod.
600 270 621 298 f.
639 270 715 306 120.]
733 269 862 305 γενέσθαι
886 270 933 297 καὶ
950 270 1154 304 ἀναπολόγητον
1173 271 1204 297 τὺ
1215 270 1326 297 ἔννατον
1337 270 1547 305 ἀπολειφθῆναι.

169 321 221 348 IB’.
237 320 292 346 Καὶ
317 321 330 346 ὁ
354 319 490 355 μακάριος
519 318 669 349 ἀπόστολος
693 316 799 349 Παῦλός
831 325 926 353 φησιν·
943 320 967 348 Α

136 366 206 393 ὅτιὸ
232 366 336 402 Κύριος
367 365 492 401 ἐγερθεὶς
526 365 558 391 ὲκ
575 363 682 398 νεκρῶν
714 363 798 398 ὤφθη
833 362 930 398 Κηφᾷ,

136 409 199 438 εἶτα
218 410 282 443 τοῖς
302 409 418 436 δώδεκα
432 430 439 442 ,
466 410 571 437 ἔπειτα
595 407 696 435 ἐπάνω
719 409 932 441 πεντακοσίοις

137 457 282 492 ἀδελφοῖς
303 456 424 492 ἐφάπαξ
437 477 445 488 ,
466 457 571 484 ἔπειτα
593 455 677 491 ὤφθη
706 456 842 488 Ἰακώϐῳ,
869 454 934 483 εἶτα

137 502 199 536 τοῖς
216 503 404 535 ἀποστόλοις
429 501 538 535 πᾶσιν,
561 502 704 536 δηλονότι
735 502 793 536 πρὸ
807 502 863 536 τῆς
881 502 932 529 ἐν·

137 547 227 579 δόξαν
240 548 334 574 αὐτοῦ
344 549 388 580 εἰς
404 547 558 581 οὐρανοὺς
573 547 760 582 ἀναλήψεως
771 557 777 564 ·
795 548 931 582 ἔσχατον

138 593 172 620 δὲ
187 593 310 621 πάντων
333 594 463 628 ὡσπερεὶ
477 593 517 627 τῷ
541 593 704 628 ἐκτρώματι
715 594 800 629 ὤφθη
821 595 911 630 κάμοί
924 603 931 611 ·

139 640 240 675 νοερῶς
269 640 378 671 πάντως
400 641 447 667 καὶ
464 639 656 674 ὀπτανόμενος
683 641 731 667 καὶ
762 640 933 676 προσκαλού-

141 694 220 720 μενος
234 685 317 712 αὑτὺν
342 686 411 721 πρὸς
419 685 468 721 τὴν
483 686 634 719 ἐπίγνωσιν
654 685 751 712 ἑαυτοῦ
767 687 781 712 ὁ
809 686 913 722 Κύριος
924 694 932 702 ο

141 732 208 767 μετὰ
221 731 275 767 γὰρ
303 733 470 759 ἐνιαυσιαῖον
498 732 593 767 σχεδὸν
620 732 718 767 χρόνον
740 733 789 768 τῆς
813 733 932 768 Χριστοῦ

139 777 208 812 πρὸς
232 777 364 812 οὐρανοὺς
389 777 564 812 ἀναλήψεως,
585 778 738 809 πιστεύσας
757 779 805 805 καὶ
833 778 934 813 βαπτι-

140 823 238 854 σθεὶςὸ
253 823 424 857 Ἀπόστολος,
451 824 502 859 τῆς
526 824 693 860 οἰκουμένης
714 825 768 851 ὑπὸ
783 824 831 851 τοῦ
851 825 932 859 ἁγίου

141 869 301 905 Πνεῦματος
331 871 488 906 προεὸλήθη
521 870 700 902 διδάσκαλος·
734 871 783 898 καὶ
816 871 938 902 ἀναστὰς

142 916 192 950 μὲν
203 917 216 942 ὁ
233 916 335 951 Κύριος
348 917 381 942 ἐκ
394 916 510 952 νεκρῶν,
524 916 690 951 σωματικῶς
703 917 761 949 τοῖς
776 916 937 948 ἀποστόλοις

141 960 294 994 ὠπτάνετο,
308 961 446 996 ὁρώμενος
460 970 489 989 τε
504 962 551 988 καὶ
561 965 594 998 τῇ
620 963 694 998 χειρὶ
706 962 754 989 τοῦ
774 962 935 996 πολυπράγ-

143 1015 223 1043 μονος
241 1007 328 1042 Θωμᾶ
339 1007 549 1042 ψηλαφούμενος
565 1009 613 1034 καὶ
626 1008 675 1034 σὺν
694 1009 787 1039 αὐτοῖς
808 1008 939 1043 ἁλιςόμε-

141 1060 197 1082 νος,
220 1051 292 1078 ὥστε
309 1052 346 1087 μὴ
376 1052 538 1087 νομισθῆναι
564 1053 701 1086 φαντασία
721 1061 776 1085 τις,
790 1053 848 1079 ἀλλ’
863 1053 938 1088 ἁλη-

143 1097 196 1128 θῶς
210 1097 341 1133 σώματος
358 1099 391 1124 ὲκ
412 1098 517 1133 νεκρῶν
535 1099 683 1130 ἀνάστασις
693 1108 699 1114 ·
714 1098 815 1134 ὁμοίως
826 1099 941 1129 καὶτοῖς

142 1143 246 1175 λοιποῖς
266 1138 363 1176 ἀξίοις.
378 1144 424 1179 Τῷ
450 1145 478 1171 δὲ
512 1144 598 1179 λοιπῷ
630 1144 710 1179 δήμῳ
733 1144 788 1171 τῶν
807 1144 941 1171 Ἰουδαίων

143 1189 193 1216 οὐκ
205 1188 293 1225 ὤφθη·
312 1190 343 1216 οὐ
371 1191 427 1225 γὰρ
446 1188 518 1226 ἦσαν
533 1190 605 1222 ἄξιοι
634 1190 790 1217 ἀναστάντα
813 1190 851 1222 ὼς
874 1189 942 1216 Θεὸν

143 1235 177 1262 ὲκ
196 1235 302 1270 νεκρῶν
313 1235 377 1262 ἰδεῖν
389 1235 420 1263 ὃν
435 1236 473 1268 ὡς
486 1236 641 1271 κακοῦργον
655 1236 844 1272 ἐσταύρωσαν.
861 1235 944 1262 Ἀλλὰ

146 1280 193 1306 καὶ
207 1281 309 1316 νοερῶς
328 1283 383 1313 τοῖς
404 1281 492 1314 ἀξίοις
512 1281 656 1309 ὠπτάνετο
673 1282 712 1317 νῷ
738 1283 822 1318 μόνῳ,
847 1282 871 1308 εί
895 1282 944 1309 καὶ

144 1322 205 1349 λίαν
218 1323 348 1359 ἀμυδρῶς
372 1324 631 1359 σκιαγραφούμενος
645 1333 652 1339 ·
674 1324 766 1356 καθὼς
807 1323 877 1359 πρὸς
897 1324 944 1350 τὸν

144 1368 279 1394 Φίλιππον
293 1369 306 1394 ὁ
319 1368 421 1404 Κύριος
442 1368 496 1404 ἔφη
509 1377 516 1383 ·
536 1369 569 1396 '0
594 1369 733 1403 ἑωρακὼς
756 1369 820 1404 ἐμὲ,
832 1369 945 1403 ἑώρακε

145 1414 202 1441 τὸν
214 1414 332 1449 Πατέρα
351 1423 425 1450 μου,
459 1415 599 1442 τουτέστιν
625 1415 809 1450 ὀθνενοηκώς·
835 1417 866 1443 οὺ
890 1416 945 1450 γὰρ

147 1461 315 1495 σωματικοῖς
321 1460 471 1496 ὀφθαλμοῖς
478 1461 574 1496 ὁρᾶται
584 1461 698 1487 τὺΘείον
706 1461 780 1496 [cod.
791 1461 810 1488 ί.
820 1461 880 1489 120.
890 1461 943 1497 ι).],

148 1507 217 1535 ἀλλὰ
229 1507 269 1535 νοῒ
281 1509 343 1535 ὅσον
356 1509 505 1544 ἐνδέχεται.
517 1510 550 1536 Εἰ
565 1510 619 1545 γὰρ
640 1510 687 1536 καὶ
709 1510 740 1537 τὸ
759 1510 837 1537 Θεῖον
854 1511 943 1546 ἀσχη-

150 1553 280 1589 μάτιστον
299 1555 357 1581 ἐστι
370 1555 417 1582 καὶ
433 1555 653 1590 ἀπερίγραπτον,
670 1556 727 1582 ἀλλ’
739 1553 780 1588 οἷς
795 1554 867 1583 οῐδεν
879 1556 943 1591 τρό-

149 1607 212 1631 ποις
223 1600 379 1635 οἰκονομίας
393 1601 451 1632 τοῖς
463 1601 550 1633 ἀξίοις
563 1601 724 1634 ὀπτάνεται,
738 1601 887 1633 πολυειδῶς
895 1601 943 1628 καὶ

149 1644 329 1681 πολυτρόπως
338 1646 389 1682 τῆς
407 1646 545 1682 σωτηρίας
560 1647 670 1674 πάντων
687 1646 898 1682 προνοούμενος.

184 1692 234 1718 ll".
257 1693 319 1719 Ὅτι
342 1692 371 1719 δὲ
386 1693 491 1725 όαὺτὸς
519 1693 585 1725 Θεός
617 1694 691 1720 ἐστιν
706 1693 754 1720 καὶ
774 1693 825 1719 οὐκ
839 1692 918 1724 ἄλλος
931 1692 946 1718 ὁ

151 1737 269 1772 ποιητὴς
281 1738 329 1765 τοῦ
342 1738 458 1773 οὐρανοῦ
475 1740 523 1766 καὶ
544 1739 594 1775 τῆς
620 1740 670 1775 γῆς
688 1740 736 1767 καὶ
765 1739 876 1766 πάντων
891 1737 947 1765 τῶν

151 1783 181 1810 ὲν
195 1784 287 1815 αὐτοῖς
304 1783 399 1817 ὄντων,
415 1785 429 1811 ὁ
446 1785 527 1816 αὐτὸς
545 1786 594 1812 καὶ
609 1785 726 1821 ἀόρατος
739 1787 773 1821 τῇ
786 1785 846 1821 θείᾳ
857 1785 947 1820 οὐσίᾳ,

151 1828 199 1855 καὶ
215 1829 310 1865 Πατὴρ
340 1830 505 1865 ὑπουράνιος
532 1831 675 1866 ὑπάρχων,
697 1832 745 1858 καὶ
765 1832 794 1858 ὲν
811 1832 850 1866 τῷ
869 1831 951 1857 παντὶ

152 1874 192 1902 ὢν
219 1875 268 1902 καὶ
285 1875 356 1910 ὑπὲρ
381 1876 412 1902 τδ
430 1875 505 1911 ῦπαρ
531 1876 579 1909 ὢν,
606 1877 731 1913 ἀκριϐῶς
757 1877 804 1904 διὰ
827 1877 951 1912 βραχέων

152 1924 289 1951 ἄκουσον·
307 1920 386 1950 εἶπεν
415 1924 429 1950 ό
461 1923 583 1959 Κύριος·
609 1923 867 1958 Ἐξομολογοῦμαί
889 1930 950 1956 σοι,

153 1968 260 2003 Πάτερ,
272 1969 359 2003 Κύριε
372 1969 426 1996 τοῦ
439 1969 571 2003 οὐρανοῦ
579 1970 630 1996 καὶ
648 1969 703 2003 τῆς
714 1969 772 2004 τῆς
782 1977 789 1984 ·
800 1969 848 1996 καὶ
857 1969 950 1995 πάλιν·

154 2016 285 2042 Γίνεσθε
298 2016 487 2049 οἰκτίρμονες
509 2016 551 2048 ὡς
571 2017 588 2042 ὁ
615 2015 717 2048 Πατὴρ
733 2014 818 2049 ὑμῶν
832 2016 848 2041 ό
865 2013 954 2049 οὐρά-

154 2068 231 2093 νιος,
250 2060 296 2087 ὅτι
308 2060 362 2087 τὸν
376 2060 467 2094 ἣλιον
480 2061 576 2088 αὐτοῦ
606 2060 768 2087 ἀνατέλλει
793 2060 843 2086 ἐπὶ
859 2067 955 2094 πονη-

151 2106 228 2140 ροὺς
241 2106 293 2133 καὶ
308 2106 452 2141 ἀγαθοὺς,
468 2106 516 2133 καὶ
539 2106 645 2142 ,βρέχει
671 2106 721 2133 ἐπὶ
745 2106 882 2139 δικαίους
905 2106 955 2133 καὶ

157 2150 295 2185 ἀδίκους.
331 2152 388 2178 Καὶ
418 2151 501 2178 πάλιν
518 2159 524 2166 ·
551 2151 625 2186 Ἐγὼ
650 2151 685 2178 δὲ
709 2150 787 2185 λέγω
815 2152 889 2186 ύμῖν
912 2151 956 2186 μὴ

159 2198 268 2232 ὀμόσαι
284 2198 361 2231 ὅλως
380 2199 459 2233 μήτε
475 2199 510 2225 ἐν
525 2197 566 2231 τῷ
582 2197 700 2232 οὐρανῷ
713 2199 758 2225 ὅτι
772 2199 878 2233 θρόνος
890 2199 955 2226 ἐστὶ

158 2243 213 2270 τοῦ
227 2244 312 2277 Θεοῦ,
318 2244 397 2278 μήτε
411 2245 446 2272 ἐν
458 2244 496 2279 τῇ
511 2244 550 2278 γῇ
565 2244 611 2271 ὅτι
631 2244 800 2271 ὑποπόδιόν
813 2244 880 2272 ἐστι
898 2243 958 2272 τῶν

159 2288 261 2316 ποδῶν
288 2289 382 2317 αὐτοῦ
394 2298 401 2306 ·
419 2290 474 2316 Καὶ
503 2291 517 2316 ὁ
540 2289 702 2322 ’Λπόστολος
716 2297 722 2304 ·
741 2290 806 2317 ’Ὅτι
826 2291 862 2317 ἐν
874 2291 955 2324 αὐτῷ

954 994 975 1022 Β

956 1664 980 1696 C

1017 317 1074 345 XII.
1097 318 1196 345 Beatus
1211 325 1320 352 quoque
1338 317 1478 353 apostolus
1498 317 1598 344 Paulus
1617 316 1666 349 ait,
1680 316 1774 344 Domi-

982 373 1049 392 num
1059 373 1074 391 e
1086 364 1200 392 mortuis
1211 365 1383 396 suscitatum,
1396 365 1482 391 visum
1496 372 1550 391 esse
1561 364 1665 398 Cephea.
1681 365 1776 392 deinde

981 411 1136 442 duodecim,
1165 410 1261 437 deinde
1290 410 1349 445 plus
1377 418 1457 445 quam
1479 410 1629 445 quingentis
1647 410 1776 445 fratribus

981 455 1084 482 simul:
1101 456 1195 482 deinde
1219 456 1304 482 visunt
1325 463 1379 482 esse
1400 455 1520 482 Jacobo:
1538 457 1632 482 deinde
1653 457 1777 491 apostolis

983 502 1119 533 omnibus,
1138 501 1256 528 videlicet
1273 506 1336 528 ante
1354 501 1497 536 gloriosam
1514 501 1572 536 ejus
1585 502 1614 529 in
1626 503 1719 529 cwlum
1735 511 1778 529 us-

982 547 1168 582 sumptionem.
1202 547 1351 574 Novissime
1379 553 1468 574 autem
1500 548 1618 574 omnium
1651 553 1778 584 tanquam

984 592 1103 620 abortivo
1119 593 1190 620 uisus
1202 597 1240 620 est
1252 598 1276 620 et
1290 594 1354 620 mihi
1366 594 1387 609 ⁸¹
1401 603 1407 620 ;
1423 594 1644 622 intellectualiter
1654 595 1778 628 omnino,

984 644 1011 667 et
1025 644 1113 666 semet
1126 640 1276 667 ostendens
1291 640 1422 667 Dominus
1438 645 1465 667 et
1481 640 1557 667 illum
1572 641 1606 668 ad
1626 641 1667 668 sui
1684 641 1779 677 cogni-

985 686 1089 713 tionem
1106 685 1238 714 invitans.
1260 688 1340 714 Auno
1359 686 1433 713 enim
1452 686 1538 714 ferme
1560 691 1656 714 exacto
1673 695 1706 715 ex
1727 695 1783 722 quo

985 731 1112 760 Christus
1132 732 1160 759 in
1176 733 1276 760 coelum
1298 737 1456 767 assumptus
1475 732 1580 766 fuerat,
1602 733 1654 761 ﬁde
1674 742 1707 761 ac
1733 734 1782 761 ba-

985 778 1086 812 ptismo
1103 783 1231 813 suscepto
1245 778 1403 813 Apostolus,
1419 778 1514 805 mundi
1528 786 1543 805 a
1564 779 1666 813 Spiritu
1687 784 1782 807 sancto

985 824 1153 852 constitutus
1167 827 1210 851 est
1223 824 1328 850 doctor.
1343 823 1375 850 Et
1388 824 1537 851 suscitatus
1551 824 1662 859 quidem
1678 833 1694 852 e
1708 833 1783 852 mor-

986 869 1040 897 tuis
1055 869 1189 896 Dominus
1205 869 1337 904 apostolis
1354 870 1491 904 apparuit,
1511 870 1640 905 visusque
1653 875 1681 898 (τι
1700 879 1784 898 manu

985 923 1002 942 a
1013 915 1123 943 curioso
1134 915 1240 942 Thoma
1252 915 1386 949 palpatus,
1404 919 1432 941 et
1450 915 1594 950 cumiipsis
1607 921 1785 943 conversatus

989 964 1032 988 est
1045 968 1080 987 ne
1095 960 1257 995 phantasma
1271 959 1406 994 quoddam
1425 959 1638 993 existimaretur,
1658 961 1704 988 sed
1721 969 1786 989 vera

990 1005 1082 1040 potius
1101 1005 1226 1040 corporis
1242 1013 1257 1032 e
1277 1005 1394 1032 mortuis
1418 1005 1596 1033 resurrectio.
1620 1006 1680 1034 Pari
1705 1007 1787 1034 modo

992 1059 1054 1078 eum
1075 1051 1182 1078 caeteris
1201 1051 1291 1086 dignis
1305 1051 1370 1082 egit.
1391 1051 1588 1078 Verumtamen
1610 1052 1717 1087 reliquo
1730 1053 1788 1080 Ju—

992 1096 1114 1124 daaorum
1126 1096 1227 1131 populo
1242 1104 1295 1123 non
1308 1097 1434 1131 apparuit
1448 1106 1455 1124 :
1470 1105 1525 1124 non
1537 1098 1610 1124 enim
1625 1098 1697 1131 digni
1709 1103 1789 1126 erant

992 1142 1087 1170 videre
1108 1143 1300 1170 resuscitatum
1317 1150 1331 1169 e
1347 1143 1462 1169 mortuis
1479 1147 1510 1170 ut
1526 1143 1630 1176 Deum,
1647 1151 1729 1179 quem
1748 1145 1789 1171 uti

995 1187 1146 1215 maleﬁcum
1169 1187 1373 1214 crucilixerant.
1398 1187 1451 1214 Sed
1473 1188 1548 1214 enim
1570 1188 1791 1216 intellei-tualiter

994 1241 1102 1269 quoque
1119 1241 1134 1261 a
1150 1233 1239 1268 dignis
1253 1234 1376 1261 cernitur
1389 1238 1481 1260 mente
1499 1234 1567 1266 sola,
1579 1235 1629 1261 etsi
1643 1234 1791 1262 admodum

995 1280 1102 1307 exiliter
1126 1280 1315 1307 adumbratus.
1341 1280 1404 1315 '60
1430 1280 1516 1308 Sicuti
1541 1281 1668 1316 Philippo
1701 1281 1792 1308 aiebat

996 1324 1145 1352 Dominus:
1167 1324 1218 1357 Qui
1233 1325 1298 1352 vidit
1309 1333 1360 1355 me.
1379 1326 1442 1352 vidit
1454 1331 1478 1352 et
1491 1326 1599 1352 Patrem
1614 1335 1703 1353 metm:
1715 1327 1750 1358 5’,
1767 1327 1793 1354 id

995 1376 1038 1398 est
1048 1371 1095 1406 qui
1111 1371 1247 1406 intelligit.
1266 1371 1360 1405 Neque
1375 1371 1448 1398 enim
1465 1371 1607 1405 corporeis
1623 1372 1711 1399 oculis
1731 1379 1793 1399 cer-

996 1417 1071 1444 nitur
1087 1418 1169 1449 Deus,
1188 1417 1235 1444 sed
1251 1421 1344 1444 mente
1361 1417 1564 1450 tantummodo,
1582 1422 1714 1451 quantum
1736 1417 1793 1444 ticri

996 1466 1094 1497 potest.
1116 1461 1173 1489 Etsi
1194 1469 1260 1489 vero
1279 1466 1354 1489 caret
1377 1461 1462 1497 ﬁgura
1486 1466 1514 1488 et
1537 1462 1795 1497 circumscriptione

998 1507 1087 1539 Deus,
1110 1503 1232 1534 attamen
1253 1507 1313 1541 ipse
1333 1513 1383 1541 pro
1396 1514 1445 1533 sua
1465 1505 1601 1541 sapientia
1620 1506 1721 1541 quibus
1738 1507 1797 1534 vult

998 1552 1087 1580 modis
1094 1553 1125 1580 ﬁt
1135 1552 1311 1587 conspicatus,
1323 1552 1454 1587 variaque
1465 1552 1572 1580 ratione
1583 1559 1615 1579 ac
1627 1552 1796 1587 plurifariam

1002 1598 1126 1626 omnium
1143 1598 1223 1626 saluti
1241 1598 1369 1626 consulit.

1035 1692 1107 1720 Xlll.
1123 1692 1202 1726 Quod
1221 1697 1313 1720 autem
1334 1692 1404 1720 idem
1419 1692 1506 1723 Deus,
1523 1695 1552 1719 et
1570 1698 1625 1718 non
1641 1691 1720 1724 alius,
1737 1691 1799 1719 coeli

1002 1744 1136 1774 terraeque
1153 1743 1181 1766 et
1199 1739 1323 1767 omnium
1347 1746 1408 1774 qua:
1427 1738 1455 1765 in
1469 1738 1509 1766 eis
1528 1741 1603 1771 sunt,
1623 1743 1730 1766 creator
1752 1738 1800 1770 sit,

1003 1785 1131 1820 idemque
1150 1785 1295 1813 invisibilis
1309 1785 1335 1812 in
1350 1785 1443 1813 divina
1459 1784 1628 1817 substantia,
1646 1783 1728 1812 Pater
1743 1792 1802 1812 cato

1004 1831 1092 1865 lestis,
1112 1831 1213 1866 ubique
1232 1831 1379 1863 exsistens,
1403 1834 1432 1858 et
1451 1830 1526 1858 omni
1541 1837 1614 1857 verte
1633 1829 1734 1857 visioni
1750 1836 1800 1857 su-

1006 1878 1115 1913 perior;
1133 1877 1228 1913 paucis
1243 1880 1371 1906 accurate
1385 1876 1460 1904 audi.
1480 1875 1614 1903 Dominus
1629 1875 1717 1903 dixit:
1734 1874 1802 1902 Can—

1002 1924 1079 1958 [iteor
1087 1924 1145 1957 tibi,
1162 1923 1255 1956 Pater,
1265 1924 1376 1950 Domine
1396 1922 1454 1949 caeli
1465 1927 1489 1949 et
1503 1927 1580 1949 teme
1592 1921 1626 1948 ³³.
1642 1920 1676 1948 Et
1691 1928 1798 1950 rursus:

1001 1970 1093 1997 Estate
1117 1970 1298 1997 misericordes
1309 1969 1388 1996 sicuti
1404 1969 1486 1996 Pater
1508 1972 1594 1995 vester
1608 1967 1734 2000 ctelestis,
1756 1967 1802 2003 qui

1001 2015 1082 2043 solem
1096 2023 1174 2042 suum
1190 2015 1256 2041 oriri
1267 2015 1330 2050 facit
1343 2022 1423 2048 super
1438 2014 1524 2040 malos
1540 2017 1564 2040 et
1580 2012 1661 2039 bonos
1671 2034 1678 2046 ,
1696 2017 1721 2040 et
1733 2012 1802 2047 pluit

1002 2069 1081 2096 super
1090 2061 1176 2096 justas
1193 2065 1273 2095 atque
1290 2060 1403 2094 injustas
1414 2058 1449 2086 “.
1465 2059 1499 2086 Et
1515 2058 1605 2085 denuo
1618 2067 1624 2084 :
1640 2059 1696 2093 Ego
1711 2062 1802 2085 autem

1006 2109 1064 2135 dico
1075 2108 1162 2140 vobis,
1180 2115 1212 2134 ne
1224 2107 1322 2142 juretis
1335 2107 1442 2133 omnino
1456 2114 1538 2140 neque
1553 2113 1600 2140 per
1611 2105 1720 2137 caelum,
1738 2105 1802 2140 quia

1007 2155 1116 2181 thronus
1131 2153 1178 2181 Dei
1188 2158 1245 2185 est;
1259 2161 1341 2188 neque
1351 2161 1398 2187 per
1407 2157 1516 2184 terram,
1528 2151 1590 2186 quia
1603 2150 1746 2178 scabellum
1763 2155 1801 2178 est

1006 2201 1104 2234 pedum
1125 2200 1182 2235 ejus
1197 2199 1231 2226 ³⁵.
1257 2199 1322 2227 Item
1345 2198 1515 2234 Apostolus:
1533 2197 1666 2230 Quoniam
1689 2198 1718 2224 in
1744 2198 1802 2231 ipso

1008 2250 1097 2273 creata
1109 2250 1171 2273 sunt
1185 2246 1312 2273 universa
1327 2246 1354 2272 in
1369 2244 1440 2272 coriis
1455 2249 1479 2272 et
1492 2245 1520 2271 in
1534 2249 1615 2277 terra,
1625 2244 1679 2270 sive
1694 2243 1801 2277 Tltroni,

1007 2290 1061 2317 sive
1078 2290 1276 2317 Dominationcs
1286 2298 1295 2316 :
1312 2290 1399 2317 omnia
1412 2298 1458 2325 per
1469 2290 1555 2324 ipsum
1566 2295 1590 2316 et
1604 2290 1632 2316 in
1644 2290 1700 2324 ipso
1711 2295 1802 2317 creata

159 2335 286 2368 ἐκτίσθη
302 2335 339 2362 τὰ
355 2334 454 2363 πάντα
469 2336 505 2364 τὰ
519 2337 554 2363 ἐν
574 2337 693 2371 οὐρανῷ
704 2337 754 2364 καὶ
769 2337 805 2364 τὰ
818 2337 868 2365 ἐπὶ
886 2338 942 2373 γῆς

1007 2340 1089 2363 sunt:
1109 2341 1133 2363 et
1150 2336 1207 2371 ipse
1226 2341 1265 2363 est
1280 2341 1343 2363 ante
1363 2344 1464 2368 omnes,
1480 2342 1504 2363 et
1520 2336 1607 2362 omnia
1624 2337 1652 2362 in
1669 2337 1726 2370 ipso
1740 2334 1807 2363 con-’

158 2380 221 2407 εἴτε
236 2379 334 2414 θρόνοι
350 2380 410 2407 εἴτε
431 2381 522 2416 ἀρχαί
537 2389 542 2396 ·
559 2382 597 2409 τὰ
611 2382 710 2409 πάντα
741 2382 777 2409 δι’
789 2384 884 2411 αὺτοῦ
903 2393 941 2410 κα

1006 2382 1120 2409 stant“.
1136 2381 1251 2417 insuper
1265 2382 1363 2417 legcsis
1381 2382 1457 2409 Pauli
1471 2382 1587 2417 apostoli
1604 2382 1638 2409 ad
1653 2382 1806 2410 Athenien-

160 2427 205 2460 είς
217 2427 311 2453 αὐτὸν
323 2426 458 2454 ἔκτισται
469 2435 477 2442 ·
495 2427 547 2455 καὶ
562 2429 653 2462 αὑτός
663 2429 730 2456 ἐστι
747 2430 803 2464 πρὸ
822 2430 954 2462 πάντων,

162 2472 213 2500 καὶ
225 2472 263 2500 τὰ
272 2473 372 2500 πάντα
384 2473 420 2500 er
437 2474 518 2507 αὐτῷ
532 2474 735 2508 συνέστηκεν.
752 2477 807 2503 Καὶ
822 2476 873 2512 τὴν
887 2477 957 2512 πρὸς

161 2520 226 2551 τοὺς
262 2518 423 2554 Ἀθηναίους
461 2519 490 2546 δὲ
516 2520 689 2557 δημηγορίαν
727 2522 774 2548 τοῦ
806 2523 956 2549 ἀποστόλου

162 2563 271 2590 Παύλου
287 2564 425 2599 ἀνάγνωῢι
440 2565 490 2600 τὴν
508 2566 536 2592 ὲν
551 2567 610 2598 ταῖς
627 2567 745 2603 Πρὰξεσι
760 2568 891 2604 κειμένην
903 2569 956 2594 τῶν

162 2610 337 2637 ἀποστόλων·
356 2611 402 2637 καὶ
416 2612 498 2638 πάλιν
510 2613 539 2638 ἐν
560 2614 620 2644 ταῖς
645 2614 741 2645 αὑταῖς
768 2615 887 2650 Πράξεσι
910 2615 958 2649 γέ·-

162 2665 297 2693 γραπται,
312 2658 354 2684 ὃτι
376 2657 591 2692 Ἀπολυθέντες
619 2660 646 2686 οὶ
670 2661 836 2688 ἀπόστολοι
865 2660 960 2697 ἦλθον

164 2705 239 2736 πρὸς
250 2703 323 2738 τοὺς
337 2703 442 2737 ἰδίους,
455 2705 576 2741 δηλονότι
589 2706 622 2733 ἐκ
640 2706 688 2733 τοῦ
701 2708 839 2742 συνεδρίου
855 2709 958 2735 ἀπολυ-

166 2750 257 2782 θέντες
272 2751 327 2777 τῶν
351 2751 498 2785 Ἰουδαίων,
511 2753 557 2778 καὶ
570 2751 644 2788 [cod.
662 2753 681 2779 ί.
695 2753 769 2790 1Ξί.]
786 2755 959 2789 ἀπήγγειλαν

169 2795 264 2828 αὐτοῖς
279 2796 330 2823 ὅσα
345 2797 413 2833 πρὸς
425 2798 524 2830 αὐτοὺς
540 2799 565 2825 οἱ
591 2799 731 2835 ἀρχιερεῖς
742 2801 789 2826 καὶ
799 2801 823 2826 οἱ
838 2801 960 2836 πρεσϐύ-

203 2855 225 2872 ⁸¹
242 2857 250 2882 l
265 2855 327 2884 Cor.
348 2865 392 2894 ιιν,
413 2856 458 2885 58.
497 2857 520 2873 ’δ’
536 2857 617 2885 Joan.
636 2867 692 2891 xw,
705 2859 732 2887 9.
771 2859 793 2876 ⁸³
808 2858 876 2888 Luc.
893 2869 920 2894 ι,
938 2861 983 2888 21.

175 2891 338 2924 "Acmvn,
353 2893 399 2920 ‘2‘).

342 2939 478 2972 ΡΑτιιοι.
504 2943 562 2973 (in.
587 2942 663 2973 CIV.

1007 2435 1052 2455 ses
1073 2428 1234 2455 concionem
1245 2427 1267 2445 ⁸⁷
1292 2436 1353 2463 quae
1382 2428 1410 2455 in
1437 2428 1595 2463 apostolicis
1616 2427 1730 2456 Actibus
1750 2433 1804 2456 est.

1009 2474 1170 2509 Rursusque
1185 2475 1211 2501 in
1223 2474 1321 2502 iisdem
1338 2474 1453 2502 Actibus
1465 2475 1599 2510 scriptum
1614 2479 1657 2502 est
1670 2484 1677 2503 :
1693 2478 1807 2510 Aposta-

1009 2520 1047 2548 [οδ
1058 2521 1180 2548 dimissos
1189 2521 1289 2548 venisse
1300 2521 1335 2547 ad
1345 2529 1417 2554 suos,
1429 2521 1455 2548 id
1472 2527 1515 2548 est
1528 2521 1656 2549 dimissos
1669 2530 1683 2548 a
1699 2521 1713 2548 ,1
1717 2522 1809 2550 udaeo-

1010 2576 1071 2595 rum
1086 2568 1230 2603 synedrio;
1247 2568 1334 2603 iisque
1349 2568 1518 2596 nuntiavisse
1528 2576 1589 2603 quae
1602 2569 1651 2596 sibi
1662 2569 1808 2604 pontifices

1013 2614 1191 2648 senioresque
1212 2613 1348 2641 dixerant.
1375 2614 1435 2647 Qua
1456 2622 1485 2642 re
1508 2614 1600 2641 audita
1615 2622 1710 2641 vocem
1725 2614 1808 2641 simul

1013 2668 1110 2688 omnes
1121 2661 1279 2688 extulerunt
1293 2661 1415 2689 dicentes
1429 2670 1435 2688 :
1455 2661 1612 2688 Dominutor
1630 2661 1749 2693 Domine,
1763 2661 1808 2696 qui

1015 2708 1098 2743 fecisti
1114 2707 1219 2740 cwlum,
1237 2712 1261 2734 et
1275 2712 1375 2735 terram
1392 2716 1424 2734 ac
1440 2716 1532 2741 mare,
1551 2712 1576 2734 et
1591 2707 1680 2734 omnia
1703 2715 1761 2742 qua:
1780 2707 1810 2734 in

1014 2755 1050 2782 eis
1065 2760 1138 2788 sunt;
1150 2755 1195 2790 qui
1214 2763 1262 2790 per
1278 2754 1410 2790 Spiritum
1421 2761 1546 2782 sanctum
1560 2762 1608 2782 ore
1619 2753 1709 2782 Patris
1721 2754 1810 2782 nostri

1017 2801 1125 2828 Davidis
1141 2801 1218 2836 pueri
1234 2801 1273 2828 tui
1286 2801 1379 2829 dixisti
1395 2810 1401 2828 :
1416 2800 1504 2833 Quare
1525 2802 1688 2836 fremuerunt
1710 2805 1810 2836 gentes,

1023 2862 1045 2877 ⁸⁸
1061 2861 1128 2889 Luc.
1146 2870 1184 2895 νι,
1196 2861 1240 2889 36.
1271 2862 1293 2878 "
1304 2861 1400 2890 Matth.
1411 2861 1494 2895 “Si.
1531 2861 1554 2877 ⁸⁸
1567 2860 1672 2888 Coloss.
1684 2860 1757 2894 Ι,16,
1769 2861 1812 2889 17.

1618 2943 1657 2974 ίι2
