1948 3070
158 170 226 202 1323

837 165 951 197 PETRI
980 163 1106 195 SlCULI

1740 159 1810 192 1324

154 232 178 254 et
189 224 279 261 populi
293 223 413 250 meditati
421 227 481 249 sunt
492 222 604 249 inania?
617 222 762 249 Astiterum
776 229 848 256 reges
860 227 947 252 terrea,

1013 227 1076 255 :cpot
1091 215 1169 246 εἷπον
1182 226 1188 234 ’
1203 218 1227 244 οί
1242 217 1271 244 δὲ
1293 217 1461 248 ἀκούσαντες
1490 215 1562 252 ἦραν
1588 217 1681 253 φωνὴν
1703 217 1808 253 ὁμοθυ-

157 278 182 300 et
196 271 326 306 principes
343 273 516 296 convenerunt
536 269 564 295 in
578 276 659 295 unum
671 267 797 294 adversus
811 267 953 294 Dominum

152 324 176 346 et
195 318 320 345 adversus
341 315 476 343 Christum
498 313 579 348 ejus?
601 313 782 341 Convenerunt
806 313 876 339 enim
896 320 956 339 vere

156 365 282 392 adversus
297 370 409 397 puerum
425 365 499 388 tuum
511 360 612 392 Iesum,
627 368 704 395 quem
717 359 828 389 auxisti.
840 358 957 385 Heroden

154 415 178 438 et
194 409 304 437 Pontius
320 407 426 435 Pilatus
439 414 497 433 cum
509 406 628 441 gentibus
639 410 662 433 et
678 405 782 440 populis
797 403 892 435 Israel,
903 403 955 438 61

154 457 244 491 facere
256 462 315 490 qua:
329 461 424 480 manus
438 457 483 479 tua
499 457 524 478 et
538 452 678 479 consilium
698 456 773 478 tuum
789 450 958 478 decreverunt

155 501 214 535 ﬁeri
225 500 258 526 ³⁸.
276 499 414 526 Sexcenta
438 497 491 524 alia
503 497 640 531 ejusmodi
657 501 734 528 sunt,
749 501 779 523 ut
794 495 875 531 paulo
892 498 955 530 post

154 543 400 574 demonstrabitur.

1011 264 1094 299 μαδὸν
1111 263 1254 298 λέγοντες⁸
1266 263 1405 290 Δέσποτα
1427 263 1528 297 Κύριε,
1546 264 1562 289 ὁ
1589 262 1723 297 ποιήσας
1751 262 1809 289 τὸν

1010 309 1140 344 οὐρανὸν
1150 309 1198 336 καὶ
1213 309 1271 343 τὴν
1282 307 1342 343 γῆν
1349 309 1399 336 καί
1410 307 1469 342 τὴν
1476 308 1639 336 θάλασσαν
1649 308 1699 335 καὶ
1708 308 1810 336 πάντα

1011 356 1047 384 τὰ
1063 357 1098 383 ἐν
1111 355 1230 389 αὐτοῖς·
1251 356 1265 382 ὁ
1290 354 1338 381 τοῦ
1364 355 1473 389 Πατρὸς
1488 355 1567 390 ἡμῶν
1583 354 1627 381 διὰ
1648 355 1808 389 Πνεύματος

1013 402 1104 436 ἁγίου,
1120 400 1256 435 στόματος
1272 400 1355 427 Δαὸὶδ
1373 399 1471 431 παιδός
1505 408 1551 426 σου
1576 399 1674 432 είπὼν,
1701 400 1765 427 Ἵνα
1779 400 1809 427 τι

1012 446 1168 482 ἐφρύαξαν
1177 446 1262 480 ἔθνη,
1276 445 1326 472 καί
1340 446 1409 473 λαοὶ
1425 444 1614 480 ἐμελέτησαν
1631 444 1717 477 uerti;
1730 453 1808 479 παρ-

1011 494 1149 526 έστησαν
1173 494 1199 520 οὶ
1221 492 1364 524 ,βασιλεῖς
1387 491 1443 525 τῆς
1464 491 1523 526 τῆς
1543 492 1594 518 καί
1613 493 1640 518 cl
1661 491 1809 526 ἄρχοντες

1012 539 1217 573 συνήχθησαν
1240 537 1289 565 ἐπὶ
1300 538 1332 564 τὸ
1348 537 1433 570 αὐτὸ,
1448 537 1524 564 κατὰ
1545 536 1600 564 τοῦ
1621 538 1734 571 Κυρίου
1757 536 1809 563 καί

155 595 231 621 κατὰ
246 593 299 621 τοῦ
312 591 442 628 Χριστοῦ
457 590 552 618 αὐτοῦ
562 599 569 606 ν
591 587 799 622 συνήχθησαν
823 587 879 622 γὰρ
905 586 952 614 ἐπ’
968 586 1112 620 ἀληθείας
1121 584 1172 611 ἐπὶ
1203 583 1258 611 τὸν
1274 583 1368 610 παῖδά
1381 590 1441 611 σου
1465 583 1598 618 Ἰησοῦν,
1618 583 1655 611 ὃν
1667 583 1807 619 ἔχρισας,

159 638 292 673 Ἡρώδης
303 647 335 665 τε
352 637 402 665 καὶ
419 637 546 668 Πόντιος
570 634 700 666 Πιλᾶτος
710 633 772 660 σὺν
784 633 887 660 ἔθνεσι
914 632 965 658 καὶ
998 631 1084 664 λαοῖς
1121 629 1259 664 Ἰσραὴλ,
1284 629 1410 664 ποιῆσαι
1431 629 1491 656 ὅσα
1508 630 1528 664 η
1550 630 1616 664 χεΙρ
1639 638 1700 657 σου
1719 630 1770 656 καί
1790 630 1809 664 ἡ

152 684 256 718 βουλή
282 692 340 711 σου
376 683 525 718 προώρισε
553 681 696 716 γενέσθαι
711 687 718 695 ·
741 679 792 707 καὶ
817 678 899 706 ἄλλα
921 678 956 705 δὲ
982 677 1076 712 μυρία
1084 675 1207 704 τοιαῦτά
1225 675 1338 712 ίὲστιν,
1365 675 1458 712 (dum
1481 676 1592 711 μικρὸν
1605 676 1736 711 ὕστερον
1754 675 1810 710 δη-

160 730 341 764 λωθήσεῗιιι.

196 775 267 804 XIV.
286 775 368 803 Vides
386 775 479 810 itaque
496 779 526 802 ut
540 774 657 802 absurda
674 779 720 802 tua
739 773 872 801 dissoluta
892 772 953 800 fue-

157 828 222 851 runt
237 825 398 857 argumenta
416 821 450 848 ab
465 821 630 856 evangelicis
650 819 864 855 apostolicisque
882 819 953 847 toni-

1042 770 1086 798 IA.
1095 769 1150 797 Ἴδε
1160 778 1201 797 σοι
1211 769 1302 797 τοίνυν
1316 769 1486 797 διαλέλυνται
1498 770 1533 797 τὰ
1541 769 1596 797 τῶν
1603 769 1708 805 προὸλη
1713 769 1811 805 μάτων

1006 819 1095 846 ἄτοπα
1108 819 1168 850 ταῖς
1181 818 1376 852 εὐαγγελικαῖς
1391 819 1438 845 καὶ
1458 817 1651 850 ἀποστολικαῖς
1671 817 1810 853 βρονταῖς,

159 869 257 900 tribus,
281 875 332 896 ceu
354 867 494 903 grandinis
515 867 640 902 quaedam
657 867 740 894 turris
756 870 889 901 perpetuo
904 866 953 893 de-

1013 865 1044 897 b;
1052 862 1097 892 οἷά
1110 873 1153 896 τις
1164 864 1286 900 χαλάζης
1301 864 1407 900 πύργος
1422 864 1496 900 lcod.
1514 864 1641 899 ῖχαλάνης
1656 863 1754 899 πυγδς]
1770 864 1812 895 είς

157 916 241 950 jecta.
253 914 318 942 dum
331 914 550 942 demonstratum
562 917 614 946 est,
630 922 645 940 a
655 913 736 940 Patre
747 913 855 940 Domini
867 913 954 940 nostri

157 962 223 989 Jesu
237 961 351 992 Christi,
371 960 505 988 invisibili
521 964 549 988 et
567 960 642 987 nulla
660 960 746 996 ﬁgura
759 959 885 994 praedito,
905 966 956 994 per

160 1007 258 1034 Filium
279 1006 351 1042 ejus,
366 1010 531 1040 cooperante
550 1009 646 1033 saneto
663 1005 784 1040 Spiritu,
800 1009 956 1032 creaturam

158 1058 269 1078 omnem
297 1055 351 1078 tam
374 1054 550 1085 apparentem
573 1057 655 1084 quam
685 1048 848 1076 invisibiletn
872 1047 957 1075 fuisse

158 1097 307 1125 conditam.
321 1096 453 1129 Quisnam
471 1096 504 1123 sit
520 1096 612 1130 itaque
624 1095 695 1130 apud
709 1102 758 1122 vos
769 1094 860 1122 cultus
873 1093 956 1126 Dens,

157 1142 311 1170 edisserite.
335 1141 435 1177 Utique
460 1142 536 1168 illum
562 1148 624 1169 esse
640 1141 738 1168 dicetis
758 1147 841 1176 quem
861 1139 956 1167 Manes

159 1189 253 1216 coluit.
267 1188 347 1216 Certe
363 1196 413 1216 vos
435 1188 581 1223 imaginem
601 1187 711 1222 quidem
728 1186 776 1214 Dei
796 1186 883 1214 nostri
897 1193 954 1213 non

159 1234 277 1266 vidistis,
293 1233 340 1268 qui
359 1233 514 1261 divinorum
531 1241 688 1260 sermonum
709 1232 881 1267 splendores,
902 1239 955 1259 ceu

159 1288 192 1306 ex
208 1279 265 1307 sole
274 1279 433 1315 imaginem,
445 1279 555 1306 emittit.
572 1279 664 1314 imago
676 1279 750 1306 enim
764 1278 840 1310 solis,
854 1278 952 1313 inquit,

160 1327 208 1352 lux
223 1330 274 1352 est.
293 1324 411 1352 Visualis
425 1332 490 1360 ergo
507 1325 546 1352 vis
561 1331 625 1351 cum
643 1324 680 1351 sit
695 1323 792 1351 debilis
803 1329 831 1350 et
846 1323 954 1350 inﬁrma

160 1372 193 1398 ad
203 1371 292 1398 solare
303 1379 402 1406 corpus
413 1371 474 1398 sine
485 1371 577 1405 aliquo
589 1370 753 1398 intermedio
764 1369 955 1404 spectandum,

165 1417 253 1444 utitur
278 1416 441 1443 intermedia
466 1416 583 1452 imagine
606 1419 689 1450 atque
711 1415 749 1442 ita
770 1415 830 1442 sine
857 1414 957 1442 damno

161 1462 324 1489 illustratur.
341 1461 387 1488 Sic
398 1461 519 1488 divinam
540 1469 649 1496 quoque
664 1465 692 1488 et
707 1460 896 1495 ineorpoream
916 1459 956 1486 lu-

161 1514 221 1534 cem
234 1506 359 1534 existima
374 1513 457 1540 puras
468 1510 575 1533 mentes
591 1505 739 1537 illustrare,
751 1511 802 1532 ceu
813 1504 891 1532 velox
905 1503 959 1530 l'ul-

162 1560 228 1588 gur,
250 1552 314 1579 dum
333 1551 508 1586 iucunditate
527 1555 663 1578 amatores
682 1558 747 1578 suos
770 1550 804 1577 ad
824 1549 958 1585 majorem

163 1598 341 1634 cupiditatem
355 1597 493 1630 incendit,
508 1601 590 1632 atque
604 1597 638 1624 ad
660 1596 807 1632 petendum
829 1596 959 1624 adhorta-

164 1650 217 1678 tur,
231 1649 262 1671 ut.
278 1644 300 1671 is
313 1644 360 1679 qui
377 1643 529 1670 iliustratus
540 1643 609 1676 fuit,
631 1643 683 1670 hac
696 1643 787 1670 divina
806 1649 915 1677 semper
933 1645 961 1669 et

120 1700 121 1704 η
164 1692 322 1726 incon‘upta
338 1690 399 1718 luce
414 1689 579 1718 illustretur.
604 1690 660 1717 Sed
680 1697 770 1724 neque
787 1696 883 1716 vocem
900 1689 961 1723 ejus

163 1737 259 1764 audire
282 1735 365 1763 vultis
386 1743 448 1770 qua:
466 1739 668 1770 praeceptorum
690 1734 893 1762 observantiam
909 1733 961 1760 im-

165 1787 252 1818 perat.
265 1781 333 1809 Nam
344 1781 485 1809 consecuti
501 1780 614 1808 etTectus
629 1781 821 1808 demonstrant
837 1788 885 1808 vos
902 1780 962 1815 ejus

165 1836 320 1856 sermonem
345 1827 419 1855 haud
440 1828 541 1855 habere
562 1827 590 1854 in
608 1827 686 1854 vobis
705 1831 874 1854 manentem.
894 1825 962 1853 Nam

164 1882 247 1909 quem
262 1874 320 1909 ipse
333 1873 416 1906 misit,
430 1873 494 1900 ltuic
508 1880 555 1900 vos
567 1880 622 1899 non
636 1872 759 1905 creditis,
781 1879 872 1906 neque
890 1871 963 1899 Scri-

165 1926 259 1956 pturas
281 1919 396 1947 scrutari
420 1919 512 1947 vultis.
525 1918 583 1946 Non
603 1918 676 1946 enirn
693 1918 855 1946 existimatis
874 1925 962 1953 neque

165 1965 282 2002 speratis
297 1965 380 1993 vitam
396 1965 424 1992 in
438 1964 489 1992 illis
500 1969 632 1992 aeternam
646 1964 757 1992 habere.
774 1963 829 1991 Illae
841 1963 914 1991 enim
927 1963 962 1991 de

165 2014 225 2048 ipso
239 2016 385 2044 testantur,
400 2011 519 2047 ideoque
534 2011 593 2039 illas
610 2019 666 2039 non
683 2010 858 2044 scrutamini,
875 2018 909 2038 ne
927 2010 960 2038 ad

165 2061 255 2095 ipsum
277 2059 394 2087 veniatis
418 2059 557 2093 vitamque
583 2063 714 2086 aeternam
741 2056 960 2092 eonsequamini.

165 2106 237 2134 Satis
250 2106 352 2141 quippe
364 2105 536 2140 exploratum
550 2109 592 2132 est
611 2112 659 2132 vos
673 2105 719 2132 Dei
740 2104 901 2132 charitatem
911 2103 962 2130 mi-

166 2153 240 2179 nime
263 2151 376 2179 habere.
391 2150 444 2184 Qui
466 2150 539 2178 enim
557 2150 616 2178 ﬁeri
632 2154 739 2185 potest,
755 2155 784 2177 ut
800 2149 962 2177 cbaritatetn

168 2197 214 2225 llei
233 2196 367 2228 habeatis,
386 2196 432 2231 qui
448 2195 597 2230 impiorum
614 2199 696 2229 atque
710 2193 847 2221 fallacium
865 2192 963 2221 stultas

167 2243 306 2272 doctrinas
317 2243 509 2278 magistrorum
525 2241 678 2273 sectamini,
695 2244 724 2268 et
737 2248 798 2268 eam
814 2248 875 2275 quae
888 2239 959 2274 apud

167 2291 254 2318 solum
272 2289 358 2318 Deum
373 2293 414 2317 est
429 2288 543 2324 gloriam
559 2295 614 2315 non
631 2287 769 2323 quaeritis?

205 2432 265 2460 XV.
288 2431 342 2458 Nos
358 2431 469 2465 quidem
493 2430 544 2458 etsi
567 2429 674 2456 carneis
692 2429 778 2456 oculis
800 2429 964 2457 invisibilcm

170 2480 256 2507 Deum
270 2486 331 2506 esse
345 2477 471 2509 fatemur,
483 2484 601 2511 namque
611 2477 665 2512 62
676 2477 867 2511 incorporeum
879 2484 894 2504 a
903 2484 962 2504 cor-

169 2532 253 2560 poreo
268 2531 350 2550 sensu
361 2522 476 2557 spectari
488 2522 656 2556 impossibile
668 2527 710 2549 est
720 2531 726 2555 ;
738 2530 792 2549 non
809 2522 910 2549 ideirco
921 2528 963 2550 ta-

171 2576 233 2596 men
254 2567 356 2594 divinis
370 2566 577 2601 operationibus
593 2567 797 2595 communicare
813 2567 963 2595 humanum

169 2622 256 2650 genus
266 2620 408 2648 negamus;
419 2613 465 2639 sed
476 2612 697 2640 intellectu-aliter
706 2621 754 2648 pro
764 2622 820 2641 sua:
826 2622 962 2650 quemque

169 2660 297 2696 puritalis
311 2659 396 2694 gradu
411 2659 502 2686 videre
516 2659 601 2686 Deum
612 2667 757 2687 censemus
770 2666 902 2696 quantum
911 2662 962 2689 ho-

170 2706 235 2733 mini
252 2705 292 2732 fas
309 2709 360 2736 est,
375 2712 406 2731 ea
423 2704 550 2731 nimirum
565 2705 670 2732 ratione
683 2713 744 2740 qua:
761 2711 825 2734 nota
842 2706 897 2734 Deo
913 2707 962 2734 soli

168 2751 293 2787 operanti
307 2756 366 2781 est.
383 2756 411 2778 ct
427 2751 461 2778 iis
472 2751 555 2778 etiam
567 2751 594 2777 in
609 2751 710 2785 quibus
726 2750 797 2780 Deus
813 2759 962 2788 operatur:

167 2805 323 2832 quanquam
346 2797 402 2824 tieri
418 2804 472 2824 non
489 2801 588 2832 potest,
615 2801 643 2823 ut
656 2797 743 2832 qualis
757 2804 913 2834 quantaque
930 2799 964 2827 sit

204 2874 226 2889 ⁸⁵
243 2876 302 2901 λαις
321 2884 356 2906 ιγ,
370 2876 466 2902 “23—45.

1006 910 1084 942 τέλος
1098 910 1319 944 καταϐληθέντα,
1333 910 1363 936 ὲν
1373 909 1414 945 τῷ
1426 908 1567 945 δειχθῆναι
1576 910 1618 936 ὅτι
1630 910 1644 936 6
1655 908 1751 945 Πατὴρ
1761 908 1812 936 τοῦ

1010 957 1114 992 Κυρίου
1126 957 1142 991 ἡ
1146 956 1206 992 μῶν
1219 956 1307 991 Ἰησοῦ
1314 955 1445 992 Χριστοῦ,
1454 957 1468 983 ὁ
1474 955 1589 991 ἀόρατος
1596 956 1642 983 καὶ
1655 954 1814 991 ἀσχημάτι-

1007 1011 1080 1036 στος,
1089 1002 1134 1030 διὰ
1141 1002 1188 1029 τοῦ
1202 1003 1266 1029 Υίοῦ
1276 1002 1359 1029 αὐτοῦ
1371 1004 1404 1038 τῇ
1417 1002 1566 1038 συνεργείιξ⁴
1577 1001 1625 1028 τοῦ
1635 1002 1715 1036 ἁγίου
1725 1001 1814 1028 Πνεύ-

1008 1059 1094 1086 ματος
1104 1051 1195 1077 πᾶσαν
1205 1050 1254 1085 τὴν
1268 1050 1360 1077 κτίσιν
1377 1050 1498 1086 φανεράν
1517 1058 1547 1077 τε
1559 1050 1607 1077 καὶ
1622 1050 1738 1085 ἀόρατον
1752 1057 1812 1076 συν-

1007 1097 1150 1132 εστήσατο.
1166 1096 1215 1128 Τίς
1227 1095 1275 1123 οὖν
1287 1097 1362 1123 ἐστιν
1373 1097 1388 1123 ὁ
1398 1096 1463 1132 παρ’
1480 1096 1557 1131 ὑμῶν
1567 1096 1635 1128 Θεὸς
1649 1095 1810 1131 σεϐόμενος,

1009 1142 1104 1169 εἴπατε
1116 1150 1123 1157 ·
1138 1142 1247 1174 πάντως
1261 1142 1316 1177 ἄρα
1333 1142 1375 1169 ὅτι
1392 1143 1406 1169 ὁ
1421 1141 1498 1177 παρὰ
1512 1141 1558 1168 τοῦ
1576 1142 1717 1171 Μάνεντος
1732 1141 1812 1168 σεϐό-

1010 1196 1090 1223 μενος
1096 1196 1103 1203 ·
1115 1188 1156 1214 ὅτι
1170 1187 1199 1214 δὲ
1209 1187 1288 1214 αὐτοὶ
1295 1186 1358 1214 οὔτε
1365 1185 1436 1219 εἶδος
1443 1187 1491 1214 τοῦ
1499 1187 1568 1214 Θεοῦ
1578 1187 1658 1223 ἡμῶν
1665 1188 1810 1223 ἑωράκατε

1008 1233 1056 1265 τὰς
1069 1233 1122 1260 τῶν
1133 1233 1214 1261 θείων
1223 1233 1307 1260 αὑτοῦ
1322 1233 1410 1268 λόγων
1425 1233 1570 1269 ἀστραπὰς
1581 1234 1619 1266 ὼς
1628 1230 1672 1261 οἷα
1685 1233 1716 1266 ἐξ
1729 1233 1810 1269 ἡλίου

1008 1277 1078 1310 εἶδος
1092 1279 1323 1314 ἑμπορευόμενον.
1335 1277 1412 1311 Εἶδος
1424 1279 1490 1314 γὰρ,
1505 1279 1598 1315 φησὶν,
1608 1279 1684 1315 ἡλίου
1692 1280 1722 1306 τδ
1733 1279 1792 1314 φῶς
1801 1287 1808 1295 ·

1011 1324 1098 1360 ἧγουν
1113 1325 1175 1360 δψις
1185 1325 1280 1356 ἄτονος
1294 1322 1363 1352 οὖσα
1384 1326 1433 1352 καὶ
1456 1325 1573 1361 ἀσθενὴς
1598 1326 1667 1361 πρὸς
1691 1325 1741 1362 τὴν
1759 1326 1809 1353 τοῦ

1006 1370 1120 1406 ἡλιακοῦ
1138 1371 1266 1406 σώματος
1280 1370 1354 1408 [cm].
1374 1371 1393 1398 f.
1409 1371 1471 1398 1'21.
1485 1371 1525 1408 l).]
1539 1364 1669 1408 ἀντωπῆν
1678 1372 1804 1407 ἀμέσως,

1006 1418 1135 1453 χρωμένη
1150 1418 1179 1443 ὲν
1196 1417 1273 1452 μέσῳ
1299 1417 1340 1453 τῷ
1359 1417 1425 1444 εἴδει
1445 1418 1493 1444 καὶ
1519 1417 1647 1450 ἀϐλαϐῶς
1660 1418 1809 1453 καταλάμ-

1007 1471 1087 1490 πεται
1098 1471 1105 1478 ·
1123 1462 1195 1490 οὓτω
1217 1463 1265 1490 καὶ
1287 1463 1318 1490 τὸ
1335 1463 1407 1490 θεῖον
1422 1463 1480 1498 φῶς
1495 1464 1544 1490 καὶ
1556 1463 1704 1499 ἀσώματον
1719 1464 1808 1490 ἐννόει

1009 1517 1055 1544 μοι
1082 1509 1129 1535 τδν
1154 1509 1362 1545 κεκαθαρμένον
1379 1509 1442 1537 νοῦν
1469 1509 1656 1545 περιλάμπειν
1679 1510 1809 1543 καθάπερ

1012 1554 1157 1590 ἀστραπῆς
1171 1555 1264 1590 τάχος,
1275 1555 1310 1590 τῇ
1330 1555 1480 1590 γλυκτύητι
1494 1556 1558 1587 τοὺς
1578 1555 1698 1592 ἐραστὰς
1719 1555 1807 1583 αὑτοῦ

1011 1600 1082 1636 πρὸς
1108 1600 1221 1636 μείζονα
1247 1601 1330 1627 πόθον
1361 1601 1518 1636 ἀναφλέγον
1552 1601 1600 1629 καὶ
1630 1601 1807 1637 παρακαλεῖν

1010 1647 1247 1683 προτρεπόμενον,
1263 1646 1379 1673 πάντοτε
1393 1647 1433 1682 τῷ
1451 1647 1565 1682 τοιούτῳ
1588 1648 1659 1681 φωτὶ
1689 1647 1729 1683 τῷ
1742 1647 1809 1682 θείῳ

1011 1692 1059 1719 καὶ
1081 1691 1226 1727 ἀκηράτῳ,
1253 1691 1442 1726 ὲλλάμπεσθαι
1457 1692 1488 1718 τὸ
1512 1692 1735 1728 ὲλλαμπόμενον·
1749 1692 1809 1719 ἀλλ’

1011 1738 1073 1766 οὒτε
1102 1738 1196 1773 φωνὴν
1222 1738 1306 1765 αὑτοῦ
1333 1738 1445 1766 ἀκούειν
1473 1738 1566 1766 θέλετε
1590 1739 1642 1775 τὴν
1655 1739 1711 1766 τῶν
1725 1738 1810 1766 θείων

1012 1784 1128 1811 ἐντολῶν
1143 1784 1311 1819 συντήρησιν
1324 1784 1535 1820 νομοθετοῦσαν.
1554 1785 1595 1812 Τὰ
1612 1785 1667 1820 γὰρ
1683 1786 1810 1820 ἑπόμενα

1012 1829 1149 1856 δείκνυσιν
1158 1829 1199 1856 ὃτι
1211 1830 1256 1856 τὸν
1268 1830 1347 1864 λόγον
1355 1830 1438 1858 αὐτοῦ
1452 1831 1482 1857 ὲν
1491 1831 1557 1866 ὑμῖν
1566 1831 1617 1858 οὐκ
1628 1831 1703 1866 ἔχετε
1712 1832 1810 1867 μένον-

1011 1876 1110 1902 τα.Ὃν
1122 1875 1175 1910 γὰρ
1182 1875 1264 1907 αὐτὸς
1273 1876 1442 1909 ἀπέστειλεν,
1451 1876 1538 1912 τούτῳ
1549 1877 1627 1913 ὑμεῖς
1635 1877 1666 1904 οὐ
1679 1877 1794 1904 πιστεύε
1801 1893 1810 1898 -

1010 1930 1052 1955 τε,
1068 1921 1099 1948 οὐ
1112 1921 1167 1958 γὰρ
1179 1921 1284 1948 δοκεῖτε
1310 1921 1370 1948 οὐδὲ
1388 1922 1480 1948 θέλετε
1507 1922 1582 1958 [eod.
1605 1923 1678 1958 θέτε]
1692 1923 1810 1959 ὲρευνᾷν

1011 1967 1060 1998 τὰς
1082 1966 1195 2002 Γραφάς
1208 1975 1215 1982 ·
1232 1967 1263 1993 οὺ
1281 1966 1336 2002 γὰρ
1351 1966 1456 1994 δοκεῖτε
1475 1967 1536 1994 οὐδὲ
1561 1967 1686 1999 ἐλπίζετε
1711 1969 1742 1994 ἐν
1758 1969 1811 1995 αὐ-

1011 2014 1070 2046 ταῖς
1083 2012 1155 2048 ζωὴν
1175 2013 1248 2048 ἔχειν
1261 2012 1387 2040 αἰώνιον
1405 2014 1507 2040 ἐκεῖναι
1523 2014 1578 2050 γάρ
1592 2015 1662 2041 εἰσιν
1682 2015 1710 2040 ai
1736 2023 1810 2050 μαρ-

1011 2058 1143 2094 τυροῦσαι
1165 2059 1231 2094 περὶ
1246 2058 1349 2086 αὑτοῦ·
1365 2059 1412 2086 καὶ
1434 2059 1479 2086 διὰ
1501 2059 1582 2086 τοῦτο
1602 2059 1654 2087 οὑκ
1677 2060 1810 2094 ὲρευνᾱτε

1012 2105 1109 2138 αὑτὰς,
1124 2105 1198 2137 ὅπως
1214 2105 1252 2140 μὴ
1280 2105 1377 2140 ἔλθητε
1390 2105 1460 2140 πρὸς
1476 2105 1570 2138 αὑτὸν,
1595 2105 1639 2132 τνα
1652 2104 1726 2141 ζωὴν
1741 2106 1810 2132 aieb-

1015 2160 1072 2178 νιον
1090 2151 1171 2186 ἕξητε
1182 2159 1196 2176 ·.
1210 2150 1345 2185 ἔγνωσται
1363 2151 1418 2187 γὰρ
1434 2151 1500 2187 περὶ
1517 2152 1594 2188 ὑμῶν
1618 2153 1660 2179 ὃτι
1677 2153 1726 2189 τὴν
1740 2153 1811 2187 ἀγά-

1014 2205 1069 2232 πην
1095 2196 1143 2223 τοῦ
1171 2196 1240 2223 Θεοῦ
1265 2196 1316 2223 οὑκ
1337 2196 1413 2232 ἔχετε
1429 2198 1458 2224 ὲν
1483 2198 1605 2230 ἑαυτοῖς·
1631 2198 1692 2230 πῶς
1705 2200 1762 2234 γὰρ
1784 2199 1810 2225 οἱ

1015 2244 1074 2274 ταῖς
1087 2244 1181 2275 κεναῖς
1197 2239 1245 2270 καὶ
1273 2243 1403 2278 ματαίαις
1425 2243 1517 2277 δόξαις
1535 2244 1591 2270 τῶν
1616 2244 1734 2271 ἀνοσίων
1761 2245 1810 2272 καὶ

1014 2288 1183 2316 ἀπατεώνων
1198 2289 1276 2324 ὑμῶν
1299 2288 1552 2322 ὲξακολουθοῦντες,
1579 2290 1628 2316 καὶ
1651 2290 1702 2326 τὴν
1726 2291 1805 2326 παρὰ

1013 2334 1061 2361 τοῦ
1088 2335 1170 2370 μόνου
1197 2335 1265 2362 Θεοῦ
1290 2335 1369 2368 δόξαν
1398 2336 1436 2372 μὴ
1459 2335 1665 2372 ἐπιζητοῦντες,
1694 2337 1811 2373 ἀγάπην

1015 2382 1094 2409 θείαν
1105 2381 1206 2417 ἓξητες

1051 2427 1102 2456 ΙΕ’.
1111 2428 1208 2464 Ἡμεῖς
1224 2428 1273 2464 μὲν
1285 2427 1332 2455 οὖν
1345 2429 1370 2455 εἰ
1388 2429 1434 2455 καὶ
1449 2428 1551 2465 σαρκὸς
1563 2428 1713 2465 ὀφθαλμοῖς
1725 2429 1814 2457 ἀθεώ-

1019 2483 1100 2510 ρητον
1118 2475 1163 2501 τὸν
1189 2475 1256 2501 Θεὸν
1269 2472 1340 2501 εἶναι
1354 2475 1540 2510 ὁμολογοῦμεν
1552 2475 1609 2510 (τὸν
1624 2476 1680 2512 γὰρ
1694 2476 1812 2511 ἀσώμα-

1017 2529 1063 2547 τον
1083 2522 1226 2556 σωματικῇ
1238 2521 1366 2556 αἰσθήσει
1385 2521 1518 2557 ὁραθῆναι
1538 2521 1693 2557 ἀδύνατον),
1709 2522 1769 2549 ἀλλ’
1783 2523 1813 2550 οὐ

1019 2568 1095 2603 παρὰ
1110 2568 1190 2594 τοῦτο
1201 2567 1256 2594 τῶν
1272 2567 1352 2594 θείων
1366 2567 1513 2603 ἐνεργειῶν
1523 2568 1658 2603 ἀμέτοχον
1670 2567 1701 2594 τὸ
1709 2568 1815 2604 ἀνθρὼ-

1019 2623 1098 2640 πινον
1113 2614 1191 2648 γένος
1212 2613 1287 2650 [σοᾱ.
1303 2614 1320 2640 ί.
1344 2615 1420 2650 122.]
1435 2615 1569 2649 ὑπάρχειν
1584 2614 1702 2649 λέγομεν
1717 2621 1725 2629 ·
1744 2614 1814 2641 ἀλλὰ

1018 2660 1119 2695 νοερῶς
1146 2661 1216 2686 κατὰ
1243 2660 1293 2696 τὴν
1327 2661 1475 2694 ἀναλογίαν
1493 2660 1543 2694 τῆς
1564 2659 1728 2694 καθάρσεως
1744 2661 1814 2696 ὁρᾷν

1018 2706 1064 2733 τὸν
1081 2706 1159 2738 Θεὸν,
1173 2707 1236 2733 ὅσον
1251 2707 1364 2742 ἐφικτόν
1379 2708 1453 2734 ἑστιν
1474 2706 1611 2742 ἀνθρώπῳ
1626 2706 1814 2742 γινώσκομεν,

1018 2755 1131 2790 τρόποις
1158 2752 1198 2787 οἷς
1230 2756 1311 2790 μόνος
1346 2753 1417 2782 οἶδεν
1443 2756 1457 2781 ὁ
1474 2754 1562 2781 ταῦτα
1577 2754 1710 2790 ἐνεργῶν,
1726 2756 1774 2782 καὶ
1791 2757 1815 2782 οἱ

1018 2801 1131 2829 τοιαῦτα
1150 2801 1360 2837 ἐνεργούμενα·
1381 2803 1403 2828 si
1425 2801 1471 2828 καὶ
1493 2800 1530 2836 μὴ
1549 2801 1603 2827 πᾶν
1619 2802 1733 2836 ἐφικτὸν
1753 2803 1817 2830 ὅσον
