1948 3070
175 174 243 207 1325

670 171 799 202 SERMO
821 171 834 200 Ι
854 168 1055 200 ADVERSUS
1075 167 1317 197 MANlCllrEOS.

1753 165 1820 197 132ῐί

174 230 248 256 ἐστὶν
272 229 302 255 τὺ
328 228 470 264 ἀμήχανον
500 226 589 253 έκεῖνο
617 226 665 253 καὶ
689 224 882 260 ἀκατάληπτον
908 222 963 258 φῶς

1018 221 1134 257 simplex
1154 221 1199 248 illa
1223 226 1252 249 et
1266 220 1554 256 incomprehensibilis
1577 221 1640 254 lux,
1667 226 1820 257 spectetur.

175 273 382 310 ἔνοπτρίζεσθαι
393 281 400 288 ·
421 272 548 307 ἀγγέλοις
561 272 616 307 γὰρ
632 271 722 305 ἁγίοις
736 271 902 304 δυσέφικτον
917 270 969 305 τῆς

175 321 251 352 θείας
278 319 450 356 φωτοχυσίας
477 318 607 352 πέλαγος,
633 317 700 344 ἀλλὰ
716 317 779 344 καθ’
804 317 866 343 ὅσον
893 315 969 342 ἐστὶν

176 365 272 396 σκεῦος
293 363 499 400 κεκαθαρμένον
518 362 714 397 ὲλλὰμπεσθαι,
731 361 826 396 ὥσπερ
840 360 882 396 ςὲν
899 359 969 395 ἡλίῳ

174 412 249 438 ἔστιν
265 411 329 438 ἰδεῖν
344 411 379 438 τὰ
392 410 501 445 καθαρὰ
515 410 562 436 καλ⁵
581 408 670 443 ὑλώδη
685 408 733 435 καὶ
750 408 901 443 λεπτότερα
921 406 970 433 καὶ¹

174 457 297 492 ὑδατὼδη
322 456 447 492 σώματα,
472 455 641 490 τρανοτέραν
665 454 781 490 ἡλιακὴν
807 453 971 488 λαμπηδόνα

174 503 369 538 είσδεχόμενα’
392 501 428 527 τὰ
453 501 475 527 δ’
491 500 602 527 ἐναντία
614 499 719 526 τούτων
740 498 866 534 ἀμυδρὰν
880 498 972 530 ἐξεπι-

175 547 296 578 πολαίως
320 546 369 573 καλ¹
384 545 464 580 μόνον
486 543 670 578 αὑγάζουσαν,
686 543 733 569 καὶ
750 542 788 577 μὴ
804 542 848 568 διὰ
860 541 909 576 τὴν
923 540 974 574 τῆς

174 593 241 629 ὕλης
257 591 518 627 ἀνεπιτηδειότητα*
540 590 613 616 οὕτω
629 589 676 616 καὶ
701 589 716 615 ό
730 588 797 619 Θεὸς
821 587 855 614 τὰ
883 586 974 613 πάντα

173 640 218 666 ἐπ’
247 639 308 674 ίσης
338 637 462 673 φωτίζει,
489 636 546 663 ἀλλ’
567 637 584 671 ἡ
607 636 724 671 διαφορὰ
745 634 799 662 τῶν
812 634 883 661 ὑλῶν
895 633 975 661 δοκεῖ

175 687 237 722 μὲν,
251 687 281 713 οὐ
301 685 392 716 καλῶς
418 684 456 716 δὲ,
482 684 547 716 τοὺς
564 684 614 719 μὲν
629 683 741 718 μᾶλλον,
761 682 825 713 τοὺς
841 681 870 708 δὲ
886 679 967 718 ἦττον

174 732 314 766 φωτίζειν.
340 731 418 757 Θέλει
430 729 486 765 γὰρ
505 730 518 756 ὁ
530 729 595 761 Θεδς
613 729 718 760 πάντας
734 727 898 762 ἀνθρώπους
912 735 966 753 σω-

173 777 266 811 θῆναι,
284 777 332 803 καὶ
351 777 391 808 είς
407 775 558 810 ἐπίγνωσιν
570 774 700 810 ἀληθείας
717 773 816 805 ἐλθεῖν,
830 773 861 800 οὐ
874 772 967 809 βιάζε-

171 834 217 852 ται
231 825 261 851 δέ
275 833 336 851 τινα
351 823 396 850 διὰ
409 823 440 850 τδ
453 821 636 854 αὐτεξούσιον.
651 821 729 856 Τάχα
742 820 771 847 δὲ
790 821 838 847 καὶ
851 820 901 852 τὰς
921 820 967 847 ἐπὶ

173 873 224 906 τῆς
239 871 291 905 γῆς
305 869 353 896 τοῦ
364 869 468 905 Κυρίου
483 868 644 904 σωματικὰς
653 867 703 902 τῆς
718 866 861 902 διατριϐῆς
871 866 966 900 θεοση-

175 916 255 948 μείας
282 915 416 950 ἁοράτους
445 912 515 940 εἶναί
543 921 627 948 φημι,
656 913 680 938 εί
697 913 745 938 καὶ
770 912 881 938 ἐδόκουν
894 911 966 938 τισὶν

171 959 288 995 ὁρᾶσθαι
305 959 350 986 διὰ
368 959 398 985 τὸ
412 958 601 992 ἀνέκφραστον
612 964 619 971 ⁸
635 958 676 984 ὅτι
695 957 724 983 οὺ
739 957 834 993 σμίλῃ,
849 957 881 983 οὐ
896 965 965 983 καυ-

169 1006 245 1041 τῆρι,
262 1006 293 1032 οὐ
311 1004 462 1040 φαρμάκῳ,
480 1003 530 1030 οὐκ
544 1002 617 1038 ἄλλῳ
640 1003 695 1029 τινὶ
723 1001 838 1038 ἰατρικῷ
863 1000 965 1037 βοηθή-

171 1060 238 1087 ματι
249 1051 317 1087 πρὸς
331 1051 366 1077 τὰ
376 1050 490 1077 τοιαῦτα
506 1049 620 1084 ἐχρᾶτο·
639 1048 707 1075 ἀλλὰ
724 1048 796 1083 λόγῳ
823 1047 964 1074 θάλασσαν

169 1097 310 1132 ὲχαλίνου,
343 1095 474 1131 δαίμονας
503 1095 680 1129 ἀπήλαυνεν,
706 1095 822 1129 νεκροὺς
851 1095 965 1126 ἀνίστα,

169 1143 282 1178 τυφλοῖς
296 1142 326 1169 τὸ
348 1142 458 1178 βλέπειν
472 1141 626 1177 ἐχαρίζετο,
641 1140 816 1175 παραλύτους
837 1140 967 1175 ἔσφιγγεν

171 1190 246 1226 [cod.
277 1189 297 1216 ι’.
324 1188 388 1215 422.
418 1188 467 1224 b.],
489 1187 608 1223 λεπροὺς
638 1187 876 1222 ὲκαθὰριζεν,καὶ
891 1186 965 1219 ἅπαξ

171 1235 266 1267 ἁπλῶς
282 1236 372 1262 πᾶσαν
399 1234 477 1261 νόσον
493 1234 541 1260 καὶ
552 1234 645 1260 πᾶσαν
658 1233 795 1268 μαλακίαν
817 1233 890 1268 λόγῳ
903 1232 964 1259 ὲθε-

172 1285 320 1320 ράπευσεν,
335 1283 381 1310 τὸν
397 1282 508 1318 Πατέρα
526 1281 596 1317 ἔχων
611 1283 640 1308 ὲν
652 1281 753 1317 ἑαυτῷ,
768 1281 816 1308 καὶ
832 1281 914 1312 αὐτὸς
926 1280 964 1307 ὢν

172 1332 222 1357 σὺν
234 1330 273 1364 τῷ
286 1330 375 1364 Πατρὶ
390 1328 573 1360 ἀδιαστάτως,
595 1328 643 1354 σὺν
659 1327 700 1363 τῷ
711 1327 781 1362 ἁγίῳ
804 1326 851 1353 καὶ
872 1327 964 1353 συναΐ-

171 1375 221 1410 δίῳ
244 1375 293 1401 καὶ
314 1373 443 1409 ζωοποιῷ
463 1373 622 1407 Πνεῦματι·
654 1373 704 1399 καὶ
739 1372 906 1407 σωματικῶς
936 1372 965 1398 ὲν

171 1422 248 1455 τόπῳ
270 1419 332 1446 τότε
352 1419 604 1454 περιγραφόμενος,
633 1418 682 1445 καὶ
706 1417 916 1454 ἀπερίγραπτος
931 1419 964 1453 τῇ

172 1466 234 1502 θείᾳ
248 1465 330 1501 οὐσίᾳ
343 1466 399 1498 τοῖς
422 1465 488 1491 πᾶσι
504 1463 601 1500 παρὼν
616 1463 664 1490 καὶ
689 1464 723 1491 τὰ
735 1465 825 1491 πάντα
839 1464 962 1499 πληρῶν,

170 1513 221 1539 ὅσα
231 1520 260 1538 τε
276 1513 305 1538 ὲν
316 1510 422 1547 οὐρανῷ
435 1511 482 1537 καὶ
498 1511 549 1537 ὅσα
565 1518 595 1536 τε
607 1511 653 1536 ἐπὶ
668 1510 719 1545 τῆς
741 1510 804 1544 γῆς,
821 1511 869 1536 καὶ
880 1510 906 1536 εί
921 1510 963 1541 τίς

170 1559 246 1585 ἐστιν
271 1558 354 1593 ἑτέρα
381 1557 470 1589 κτίσις
496 1556 551 1583 τῶν
584 1556 709 1591 οὐρανῶν
739 1556 885 1584 ἐπέκεινα·
917 1557 965 1583 καὶ

169 1604 278 1635 δεικνὺς
289 1604 328 1635 ὡς
342 1603 424 1634 αὑτός
437 1604 513 1630 ἐστιν
532 1603 546 1628 ὁ
560 1603 609 1629 καὶ
626 1602 672 1628 τὸν
699 1603 817 1637 οὐρανὸν
841 1603 888 1630 καὶ
916 1603 966 1638 τὴν

169 1651 221 1685 γῆν
239 1649 287 1676 καὶ
306 1648 356 1685 τὴν
376 1649 515 1676 Θάλασσαν
527 1649 573 1674 καὶ
588 1647 678 1674 πάντα
695 1649 730 1674 τὰ
745 1649 774 1675 ἐν
789 1649 881 1681 αὐτοῖς
894 1649 966 1685 λόγῳ

170 1696 298 1731 ποιήσας.
324 1695 353 1721 '0
370 1695 451 1726 αὐτὸς
468 1694 497 1720 δὲ
508 1694 575 1726 Θεὸς
585 1694 610 1720 εἰ
620 1693 669 1720 καὶ
682 1694 773 1729 σάρκα
785 1695 964 1729 προσέλαϐεν,

170 1743 219 1768 καὶ
244 1741 279 1768 τὰ
296 1741 410 1767 τοιαῦτα
424 1742 498 1777 λόγῳ
520 1742 642 1776 ἐνεργῶν
665 1741 805 1776 θεοπρεπῆ
825 1741 963 1776 θαύματα.

170 1787 230 1814 Τίνι
244 1787 300 1822 γὰρ
316 1786 390 1822 ἄλλῳ
414 1788 438 1813 εί
455 1787 492 1822 μὴ
512 1787 551 1822 τῷ
574 1786 679 1823 Κτίστῃ
707 1787 840 1814 ὑπακούει
857 1787 892 1813 τὰ
907 1787 964 1813 κτί-

170 1841 262 1868 σματα
273 1840 280 1865 ;
297 1832 365 1859 ἀλλὰ
378 1834 426 1859 καὶ
440 1833 480 1863 είς
488 1832 552 1863 τοὺς
563 1832 760 1867 ἀτελευτήτους
772 1832 848 1859 ἔσται
862 1832 964 1864 αἰῶνας

169 1879 224 1906 τῶν
237 1879 355 1911 αίώνιυν,
371 1878 407 1905 τὰ
420 1878 510 1905 πάντα
523 1878 708 1913 διακυϐερνῶν
720 1879 767 1904 καὶ
780 1878 899 1913 συνέχων
924 1878 964 1913 τῷ

170 1925 371 1960 παντοδυνάμῳ
390 1925 474 1951 αὑτοῦ
491 1925 539 1951 καὶ
554 1924 727 1959 προνοητικῶ
744 1924 907 1959 βουλήματι.

204 1970 264 2004 lq'.
283 1970 316 1997 Τί
339 1970 430 1997 τοίνυν
453 1970 539 2001 ἐστὶν,
563 1966 586 1996 ὦ
607 1966 694 2000 οὗτοι,
719 1970 733 1996 ό
759 1969 809 2005 τὴν
824 1969 961 2006 ὑμετέραν

168 2018 309 2045 διάστασιν
327 2017 374 2052 ἀφ’
398 2017 476 2052 ἡμῶν
505 2017 570 2051 ὑμῖν
598 2016 717 2051 ἐμποιεῖ,
743 2016 793 2050 τῆς
815 2016 960 2052 ἀκριϐείας

167 2065 222 2092 τῶν
239 2063 320 2100 ἱερῶν
333 2062 491 2099 μαρτυριῶν
505 2062 702 2098 προκειμένης,
716 2059 760 2093 αῖς
777 2062 857 2097 ὑμεῖς
867 2062 961 2096 λέγετε

167 2110 366 2143 ἔξακολουθείν,
396 2109 465 2145 πρὸς
491 2108 540 2144 τῆς
567 2108 699 2143 ἀληθείας
723 2108 838 2141 etnon;
857 2110 881 2136 εἰ
911 2110 962 2143 μὲν

167 2155 214 2183 οὖν
231 2156 335 2191 ἀληθὴς
352 2155 432 2190 λόγος
456 2155 485 2181 ὲν
513 2155 579 2190 ὑμῖν
604 2155 679 2181 ἐστιν
689 2155 730 2181 ὅτι
747 2156 804 2186 τοῖς
819 2154 866 2181 τοῦ
882 2155 960 2190 ἁγίου

167 2201 335 2235 Εὖαγγελίου
366 2201 414 2227 καὶ
441 2199 489 2226 τοῦ
511 2199 675 2226 Ἀποστόλου
702 2199 792 2234 λόγοις
815 2200 961 2233 ἐξακολου-

168 2248 261 2279 θεῐτε,
287 2246 367 2273 δεῦτε
394 2248 443 2273 καὶ
470 2245 668 2280 διαλεχθῶμεν,
697 2246 795 2281 κριτὰς
825 2247 961 2283 καταστή-

169 2301 267 2324 σαντες
287 2291 440 2324 ἀλλοεθνεῖς
456 2293 503 2319 καὶ
515 2292 747 2328 ἐτερογλώσσους,
764 2292 807 2319 ίνα
828 2294 865 2328 μὴ
880 2293 962 2326 δόξω-

169 2348 219 2375 μεν
234 2338 479 2365 καταδυναστεύειν
501 2339 589 2373 ὑμῶν,
605 2340 651 2365 καὶ
673 2339 722 2374 τὴν
743 2339 834 2375 κρίσιν
854 2347 957 2375 προαρ-

169 2385 283 2417 πάζειν·
299 2384 356 2411 ἀλλ’
373 2385 402 2417 ἐξ
429 2385 600 2412 ἀλλοπίστων
627 2386 778 2422 κριθῶμεν,
806 2387 845 2419 είς
878 2387 961 2421 μέσον

167 2432 214 2458 τοῦ
230 2431 408 2466 δικαστηρίου
434 2431 599 2466 προσθέντες
629 2431 703 2468 [θοὰ.
717 2432 737 2460 f.
751 2432 815 2468 125]
837 2433 873 2458 τὰ
899 2433 960 2468 ἱερὰ

166 2479 245 2513 λόγια
259 2479 305 2506 καὶ
335 2480 385 2513 τῆς
409 2478 487 2512 δίκης
516 2479 720 2515 γυμνασθείσης
747 2479 879 2515 ἀκριὸῶς,
903 2477 959 2506 οἷον

168 2525 250 2560 μέρος
269 2525 387 2559 νικήσει,
414 2524 442 2549 ὲν
467 2523 541 2558 αὐτῷ
562 2524 586 2550 οἱ
598 2524 700 2556 πάντες
724 2525 958 2561 προσδράμωμεν,

166 2571 262 2605 ὥσπερ
279 2570 363 2597 πάλαι
389 2570 535 2605 ’Λρχέλαος
548 2571 561 2597 ὁ
578 2570 727 2602 ἐπίσκοπος
741 2571 897 2607 Καρχάρων
910 2573 959 2607 τῆς

166 2617 382 2652 Μεσοποταμίας
403 2617 471 2650 πρὸς
488 2617 618 2644 Μάνεντα
634 2617 824 2653 διαλεγόμενος
842 2619 959 2654 πεποίη-

165 2671 229 2691 κεν·
255 2664 303 2690 καὶ
322 2663 366 2690 διὰ
385 2663 411 2689 τί
427 2664 494 2698 ἡμῖν
511 2663 560 2698 τὴν
575 2664 665 2690 αἰτίαν
690 2665 738 2698 τῆς
763 2664 792 2698 ἐξ
807 2665 886 2700 ἡμῶν
900 2665 957 2692 δια-

166 2710 288 2741 στάσεως
305 2709 382 2745 ὑμῶν
396 2709 567 2745 ﬂammate;
587 2710 647 2737 δέον
662 2711 800 2746 συμϐῆναι
812 2713 886 2747 ἡμᾶς
899 2713 957 2747 φιλ-

165 2755 286 2790 αδέλφως
315 2756 363 2782 καὶ
390 2755 595 2791 πνευματικῶς,
617 2757 696 2792 εῐπερ
712 2756 825 2790 θέλοιτε,
846 2759 893 2785 καὶ
921 2759 960 2785 δι·

165 2801 251 2831 καίως
279 2801 379 2836 μᾶλλον
392 2801 408 2834 ἥ
425 2801 600 2836 φιλονείκως·
615 2802 662 2829 καὶ
682 2803 697 2838 ἡ
715 2804 781 2839 παρ’
797 2804 876 2839 ἡμῶν
892 2814 957 2840 xpu-

165 2847 285 2882 τουμὲνη
303 2847 447 2880 ἁνύθευτος
465 2849 511 2875 καὶ
528 2848 679 2884 ἀμώμητος
691 2850 737 2876 καὶ
750 2850 853 2885 ἀληθὴς
869 2852 960 2884 πίστις

166 2890 195 2919 εὖ
209 2890 257 2918 οἷδ’
277 2893 318 2919 ὅτι
339 2893 461 2929 συνήθως
486 2895 604 2930 νικήσει,
625 2895 672 2921 καὶ
692 2895 750 2930 μετ’
766 2895 851 2931 αὐτὴν
873 2897 890 2931 ἡ
907 2897 960 2932 ιςιῆ-

1023 267 1146 303 Namque
1172 271 1199 295 et
1222 267 1326 302 angelis
1348 268 1453 295 sanctis
1473 275 1558 302 prope
1580 267 1751 296 inaccessum
1778 275 1822 297 est

1023 314 1118 342 effusa:
1127 313 1226 341 divina;
1238 313 1306 340 locis
1316 313 1438 348 pelagus,
1445 313 1499 340 sed‘
1506 321 1556 348 pro
1565 314 1639 341 vasis
1649 314 1690 341 sui
1701 315 1821 349 puritate

1022 360 1218 388 collustrantur
1233 369 1239 387 :
1261 359 1334 387 sicut
1355 359 1388 386 de
1403 359 1461 386 sole
1476 360 1622 387 observare
1639 360 1723 393 licet,
1741 361 1821 396 cujus

1024 407 1131 434 radium
1146 414 1212 441 pura
1225 413 1273 432 seu
1290 405 1386 436 vitrea,
1397 405 1517 437 subtilia,
1527 408 1575 432 aut
1588 413 1689 440 aquosa
1705 413 1820 441 corpora

1024 453 1105 480 facile
1121 452 1261 487 excipiunt
1275 460 1282 478 :
1297 451 1434 478 contraria
1457 456 1549 478 autem
1567 451 1654 480 levem
1669 460 1701 480 ac
1723 460 1822 488 super-

1023 498 1157 526 ﬁciarium
1175 505 1207 525 ac
1219 498 1264 524 vix
1292 497 1492 524 illuminantem
1503 517 1511 530 ,
1528 505 1584 525 non
1601 497 1716 525 interius
1736 505 1820 533 pene-

1025 549 1141 572 trantem
1158 544 1306 578 recipiunt,
1319 544 1383 578 quia
1396 544 1421 570 ei
1437 544 1474 570 rei
1490 544 1619 572 inhabilis
1636 545 1751 572 materia
1765 550 1818 572 est.

1024 591 1069 619 Sic
1083 591 1166 618 etiam
1188 591 1261 618 Deus
1277 591 1368 617 omnia
1386 591 1530 624 aequaliter
1544 591 1698 623 collustrat,
1717 592 1766 619 sed
1783 592 1819 619 ob

1026 637 1208 665 materialium
1219 636 1390 671 obiectorum
1406 636 1588 664 ditl‘crcntiam
1600 637 1719 670 videtur,
1732 645 1819 672 quan-

1021 691 1102 718 quam
1125 683 1197 710 haud
1221 687 1306 715 recte,
1326 682 1393 710 alios
1414 682 1518 717 magis,
1543 683 1612 711 alios
1638 691 1704 711 vero
1725 684 1819 711 minus

1022 730 1187 758 illuminare.
1208 729 1272 756 Vult
1292 729 1366 756 enim
1381 729 1453 756 Deus
1464 736 1561 757 omnes
1579 729 1707 757 homines
1728 730 1819 757 salvos

1022 775 1091 808 ﬁeri,
1103 781 1130 803 et
1140 775 1171 802 ad
1185 775 1352 809 agnitionem
1363 775 1488 802 veritatis
1498 775 1604 808 venire,
1615 775 1667 802 etsi
1679 775 1818 803 neminem

1021 822 1109 857 cogit,
1132 826 1163 848 ut
1179 821 1296 848 liberum
1318 825 1428 848 maneat.
1451 821 1606 848 arbitrium.
1628 820 1716 856 Prope
1736 822 1819 849 etiam

981 860 1004 889 Β
1019 867 1106 894 ausim
1124 866 1216 894 dicere
1231 866 1377 894 invisibilia
1393 866 1478 894 fuisse
1495 867 1604 894 Domini
1619 875 1681 894 cum
1699 868 1726 894 in
1743 872 1816 895 terra

1020 914 1210 941 demoraretur
1228 912 1375 946 miracula,
1399 913 1464 940 licet
1484 921 1517 940 ea
1540 913 1664 940 nonnulli
1679 921 1709 941 se
1724 913 1816 941 videre

1020 959 1170 994 putabant,
1188 958 1251 993 quia
1272 965 1367 993 reapse
1390 958 1537 986 ineﬂabilia
1560 964 1634 986 sunt.
1660 959 1718 986 Non
1743 959 1816 987 enim

1019 1005 1135 1040 scalpro,
1151 1009 1198 1032 aut
1218 1005 1352 1037 cauterio,
1369 1005 1411 1031 vel
1427 1004 1588 1039 pharmace,
1601 1004 1643 1031 vel
1655 1005 1708 1032 alio
1720 1006 1818 1040 quovis

1019 1052 1127 1079 medico
1150 1051 1288 1086 adiutorio
1307 1051 1342 1078 ad
1359 1058 1407 1078 eas
1427 1051 1585 1078 curationes
1604 1051 1750 1084 utebatur;
1767 1052 1816 1078 sed

1017 1099 1102 1126 verbo
1112 1105 1187 1125 mare
1196 1097 1400 1132 compescebat,
1411 1097 1550 1125 daemones
1560 1097 1681 1133 fugabat,
1692 1103 1816 1126 mortuos

1017 1144 1176 1176 suscitabat,
1195 1144 1275 1172 cacis
1291 1145 1380 1172 visum
1398 1144 1527 1176 donabat,
1547 1144 1711 1179 paralyticos
1726 1144 1817 1171 ﬁrma-

1015 1192 1079 1224 bat;
1096 1196 1124 1218 ct
1144 1195 1173 1218 ut
1189 1198 1244 1218 uno
1257 1190 1342 1217 verbo
1356 1190 1462 1222 dicam,
1483 1197 1566 1216 omne
1579 1190 1668 1217 morbi
1684 1197 1771 1225 genus
1787 1194 1816 1217 et

1014 1238 1152 1273 languoris
1174 1237 1258 1264 verbo
1280 1237 1417 1268 sanabat,
1431 1236 1541 1263 Patrem
1561 1236 1588 1263 in
1609 1243 1639 1264 se
1658 1244 1771 1271 gerens,
1788 1242 1818 1264 et

1015 1283 1073 1318 ipse
1085 1282 1112 1308 in
1126 1281 1206 1309 Patre
1223 1281 1380 1309 consistens
1394 1282 1511 1308 indivise
1523 1289 1585 1308 cum
1601 1288 1659 1308 sant
1669 1285 1696 1308 to
1710 1285 1737 1308 et
1747 1288 1818 1308 eoae—

1015 1334 1094 1356 terno
1109 1329 1217 1355 viviﬁco
1238 1327 1352 1362 Spiritu.
1370 1327 1403 1354 Et
1421 1332 1486 1355 tunc
1503 1328 1615 1362 quidem
1636 1328 1816 1362 corporaliter

1014 1373 1255 1408 circumscriptus,
1275 1374 1369 1400 divitia
1393 1379 1484 1400 tamen
1507 1373 1661 1401 substantia
1679 1374 1814 1405 i.:tinitus,

1014 1419 1122 1445 cunctis
1132 1426 1264 1453 praesens,
1275 1419 1367 1446 omnia
1381 1419 1509 1454 implens,
1522 1427 1693 1454 quaecunque
1704 1420 1730 1446 iu
1745 1421 1815 1448 coelo

1017 1469 1144 1498 terraque
1157 1469 1231 1497 sunt,
1242 1469 1270 1491 et
1278 1464 1299 1491 si
1310 1472 1362 1500 qua
1377 1465 1428 1491 alia
1440 1465 1510 1492 ultra
1521 1465 1605 1493 cmlos
1615 1470 1656 1493 est
1668 1470 1794 1493 creatura
1807 1475 1814 1494 :

979 1531 999 1560 ε
1016 1510 1262 1545 demonstransque
1283 1511 1411 1538 eumdem
1432 1519 1462 1538 se
1481 1519 1558 1544 esse,
1579 1511 1625 1547 qui
1642 1512 1740 1540 malum
1759 1518 1816 1540 ter-

1017 1564 1130 1591 ramque
1151 1560 1180 1583 ct
1195 1564 1269 1584 mare
1286 1561 1314 1585 et
1333 1557 1466 1592 quidquid
1485 1558 1527 1585 his
1545 1559 1714 1592 continetur,
1731 1560 1815 1587 verbo

992 1611 1000 1618 ν
1016 1604 1128 1630 creavit.
1144 1602 1216 1630 ldem
1236 1603 1307 1630 Deus
1326 1610 1438 1630 carnem
1452 1611 1561 1639 quoque
1580 1604 1634 1640 63
1652 1606 1813 1640 assumpsit.

1015 1652 1042 1675 et
1063 1652 1138 1675 tanta
1159 1648 1242 1675 verbo
1265 1649 1383 1683 patravit
1409 1649 1464 1676 Deo
1477 1649 1559 1685 digna
1571 1651 1713 1678 tniracnla.
1731 1650 1815 1678 l'orro

1015 1693 1125 1720 cuinam
1147 1693 1192 1720 alii
1219 1697 1318 1728 praeter
1336 1702 1418 1729 quam
1440 1694 1566 1722 Creatori
1583 1695 1718 1722 obediunt
1737 1704 1814 1724 crea-

1017 1739 1108 1766 turae?
1131 1740 1253 1774 Denique
1268 1748 1315 1775 per
1329 1740 1433 1767 inﬁnita
1455 1741 1555 1767 sa-cula
1577 1742 1742 1769 saeculorum
1757 1750 1816 1769 ma-

1018 1785 1103 1817 nebit,
1120 1791 1218 1813 cuncta
1236 1786 1402 1821 gubernans,
1417 1790 1445 1813 et
1458 1786 1642 1821 omnipotenti
1657 1794 1706 1814 sua
1721 1787 1814 1822 provi-

1019 1832 1109 1867 daque
1123 1832 1265 1859 voluntate
1282 1839 1463 1860 conservans.

1049 1970 1197 2004 XVI.Quid
1211 1976 1399 2005 ergo,qu:eso,
1409 1974 1530 1997 vestrum
1545 1977 1561 1996 a
1574 1969 1654 1997 nobis
1670 1969 1814 1998 dissidium

1010 2018 1120 2050 efﬁciat,
1138 2024 1200 2044 cum
1223 2021 1277 2043 tam
1295 2019 1422 2042 accurata
1439 2015 1516 2042 vobis
1529 2015 1585 2042 sint
1598 2016 1722 2050 exposita
1737 2024 1815 2044 sacra

1011 2063 1176 2094 testimonia,
1197 2061 1298 2096 quibus
1323 2066 1429 2088 vosmet
1444 2061 1556 2096 obsequi
1583 2061 1686 2093 dicitis,
1703 2062 1814 2089 tandem

1010 2111 1157 2147 aliquando
1178 2110 1284 2138 sincere
1308 2108 1460 2136 edisserite.
1481 2109 1508 2135 Si
1531 2113 1606 2136 certe
1620 2117 1684 2137 vere
1696 2109 1815 2137 aIIirma-

1013 2157 1048 2185 tis
1059 2161 1185 2184 sanctum
1198 2162 1247 2183 vos
1263 2154 1440 2189 Evangelium
1459 2157 1487 2181 ct
1498 2153 1620 2189 Apostoli
1637 2154 1709 2182 dicta
1724 2159 1814 2182 secta-

979 2214 999 2241 υ
1015 2203 1049 2234 ri,
1073 2202 1168 2229 adeste
1185 2200 1219 2227 ad
1238 2199 1444 2235 disputandum,
1470 2199 1628 2227 constitutis
1652 2199 1815 2236 alienigenis

1013 2254 1042 2276 et
1063 2248 1180 2276 diversae
1192 2247 1292 2281 linguae
1311 2245 1459 2280 iudicibus,
1478 2253 1514 2273 ne
1530 2253 1577 2274 vos
1595 2246 1752 2281 opprimere
1770 2247 1813 2274 vi-

1013 2295 1140 2326 deamur,
1165 2298 1193 2321 et
1211 2292 1345 2328 judicium
1368 2299 1571 2327 praeoccupare.
1597 2292 1686 2327 Atque
1710 2292 1748 2320 ita
1775 2292 1812 2320 ab

1012 2343 1107 2370 aliena:
1131 2346 1212 2370 sectze
1238 2339 1395 2368 hominibus
1420 2338 1587 2372 judiccmur,
1613 2338 1762 2374 propositis
1784 2339 1812 2365 in

1011 2390 1102 2418 medio
1122 2388 1248 2416 tribunali
1270 2386 1356 2414 sacris
1376 2386 1511 2419 oraculis,
1533 2386 1659 2421 factaque
1684 2385 1812 2421 diligenti

1011 2435 1197 2467 contentione,
1218 2439 1278 2462 utra
1303 2440 1366 2468 pars
1382 2432 1489 2465 vicerit,
1509 2441 1562 2460 una
1582 2441 1679 2460 omnes
1693 2441 1813 2461 concur-

1009 2490 1111 2509 ramns.
1131 2482 1210 2508 Sicut
1228 2481 1293 2508 olim
1317 2479 1468 2507 Archelaus
1489 2479 1692 2508 Carcbarorum
1708 2479 1737 2507 in
1753 2479 1811 2507 Me-

1008 2528 1160 2563 sopotamia
1185 2528 1331 2563 episcopus
1356 2535 1419 2555 cum
1445 2527 1553 2555 Manete
1578 2527 1722 2562 disputans
1743 2527 1810 2562 egit.

1008 2575 1064 2602 Cur
1081 2575 1161 2602 nobis
1174 2582 1286 2602 causam
1306 2575 1390 2602 vestri
1407 2583 1422 2601 a
1437 2575 1517 2602 nobis
1532 2574 1675 2602 dissensus
1689 2573 1808 2608 imputa-

1010 2621 1056 2654 tis,
1073 2628 1135 2648 eum
1151 2624 1275 2656 oporteat
1286 2620 1479 2648 nos~fraterne
1494 2625 1521 2648 et
1539 2627 1573 2647 ex
1590 2620 1693 2652 animo,
1709 2619 1732 2646 si
1747 2620 1810 2654 qui—

1012 2666 1074 2693 dem
1105 2666 1220 2698 velletis,
1242 2667 1416 2694 concordiam
1444 2666 1548 2700 tovere,
1574 2669 1602 2693 et.
1625 2665 1700 2700 juste
1718 2665 1811 2700 potius

1010 2719 1091 2746 quam
1111 2712 1282 2739 contentiose
1307 2712 1411 2747 agere?
1429 2712 1527 2740 Nostra
1550 2711 1644 2746 utique
1663 2711 1810 2746 praedanti-

1010 2766 1078 2785 nans
1091 2758 1209 2791 sincera,
1221 2758 1468 2793 irrcprehensibilis
1481 2765 1602 2793 veraque
1611 2757 1680 2785 ﬁdes
1691 2758 1808 2792 palmam

1010 2805 1070 2832 sine
1086 2805 1180 2837 dubio,
1204 2810 1234 2832 ut
1256 2806 1336 2837 solet,
1354 2805 1464 2837 referet,
1476 2805 1557 2839 eique
1572 2812 1654 2831 causa
1670 2803 1809 2838 adiudica-

1012 2852 1096 2879 bitur.
1109 2851 1204 2879 Vestra
1222 2857 1317 2880 contra
1331 2852 1435 2879 falsitas
1452 2850 1625 2886 explodetur,
1643 2854 1673 2876 ut
1689 2849 1810 2876 tenebras

1014 2899 1081 2926 solis
1107 2899 1251 2933 pra'sentia
1276 2899 1431 2926 vincuntur.
1455 2897 1510 2925 Cur
1546 2897 1601 2933 jam
1627 2896 1810 2927 contenditis,
