  <div class='ocr_page' id='page_1' title='image "/cluster/home/n/w/nwhite01/storage/ocr_20150623/104/njp.32101077772885/671.png"; bbox 0 0 1951 3048; ppageno 0'>
   <div class='ocr_carea' id='block_1_1' title="bbox 160 123 227 156">
    <p class='ocr_par' dir='ltr' id='par_1_1' title="bbox 160 123 227 156">
     <span class='ocr_line' id='line_1_1' title="bbox 160 123 227 156; baseline 0.015 -2"><span class='ocrx_word' id='word_1_1' title='bbox 160 123 227 156; x_wconf 76' lang='lat'><strong>1327</strong></span> 
     </span>
    </p>
   </div>
   <div class='ocr_carea' id='block_1_2' title="bbox 840 120 1110 152">
    <p class='ocr_par' dir='ltr' id='par_1_2' title="bbox 840 120 1110 152">
     <span class='ocr_line' id='line_1_2' title="bbox 840 120 1110 152; baseline -0.004 0"><span class='ocrx_word' id='word_1_2' title='bbox 840 120 955 152; x_wconf 83' lang='lat' dir='ltr'><strong>PETRI</strong></span> <span class='ocrx_word' id='word_1_3' title='bbox 983 120 1110 152; x_wconf 86' lang='lat' dir='ltr'><strong>SICULI</strong></span> 
     </span>
    </p>
   </div>
   <div class='ocr_carea' id='block_1_3' title="bbox 1737 120 1806 155">
    <p class='ocr_par' dir='ltr' id='par_1_3' title="bbox 1737 120 1806 155">
     <span class='ocr_line' id='line_1_3' title="bbox 1737 120 1806 155; baseline 0.029 -2"><span class='ocrx_word' id='word_1_4' title='bbox 1737 120 1806 155; x_wconf 77' lang='grc'><strong>1328</strong></span> 
     </span>
    </p>
   </div>
   <div class='ocr_carea' id='block_1_4' title="bbox 156 173 946 217">
    <p class='ocr_par' dir='ltr' id='par_1_4' title="bbox 156 176 946 217">
     <span class='ocr_line' id='line_1_4' title="bbox 156 176 946 217; baseline -0.008 -8"><span class='ocrx_word' id='word_1_5' title='bbox 156 186 239 217; x_wconf 83' lang='lat' dir='ltr'><strong>atque</strong></span> <span class='ocrx_word' id='word_1_6' title='bbox 265 180 421 208; x_wconf 79' lang='lat' dir='ltr'><strong>universam</strong></span> <span class='ocrx_word' id='word_1_7' title='bbox 450 184 551 207; x_wconf 86' lang='lat' dir='ltr'><strong>terram</strong></span> <span class='ocrx_word' id='word_1_8' title='bbox 567 186 599 207; x_wconf 87' lang='lat' dir='ltr'><strong>ac</strong></span> <span class='ocrx_word' id='word_1_9' title='bbox 625 178 726 205; x_wconf 72' lang='lat' dir='ltr'><strong>emtum</strong></span> <span class='ocrx_word' id='word_1_10' title='bbox 753 177 830 205; x_wconf 89' lang='lat' dir='ltr'><strong>vanis</strong></span> <span class='ocrx_word' id='word_1_11' title='bbox 855 176 946 204; x_wconf 75' lang='lat' dir='ltr'><strong>vestri:</strong></span> 
     </span>
    </p>
   </div>
   <div class='ocr_carea' id='block_1_5' title="bbox 998 173 1802 217">
    <p class='ocr_par' dir='ltr' id='par_1_5' title="bbox 1007 173 1802 211">
     <span class='ocr_line' id='line_1_5' title="bbox 1007 173 1802 211; baseline 0.001 -9"><span class='ocrx_word' id='word_1_12' title='bbox 1007 184 1057 210; x_wconf 86' lang='grc' dir='ltr'><strong>φος</strong></span> <span class='ocrx_word' id='word_1_13' title='bbox 1069 175 1230 211; x_wconf 76' lang='grc' dir='ltr'>γενήσεται*</span> <span class='ocrx_word' id='word_1_14' title='bbox 1244 175 1276 202; x_wconf 79' lang='grc' dir='ltr'>τὸ</span> <span class='ocrx_word' id='word_1_15' title='bbox 1292 174 1390 210; x_wconf 81' lang='grc' dir='ltr'>ψεῦδος</span> <span class='ocrx_word' id='word_1_16' title='bbox 1405 173 1484 210; x_wconf 82' lang='grc' dir='ltr'>ὑμῶν</span> <span class='ocrx_word' id='word_1_17' title='bbox 1502 173 1626 202; x_wconf 75' lang='grc' dir='ltr'>ἐκποδὼν</span> <span class='ocrx_word' id='word_1_18' title='bbox 1648 174 1802 211; x_wconf 73' lang='grc' dir='ltr'>οἰχήσεται,</span> 
     </span>
    </p>
   </div>
   <div class='ocr_carea' id='block_1_6' title="bbox 156 223 955 261">
    <p class='ocr_par' dir='ltr' id='par_1_6' title="bbox 156 223 955 261">
     <span class='ocr_line' id='line_1_6' title="bbox 156 223 955 261; baseline -0.006 -7"><span class='ocrx_word' id='word_1_19' title='bbox 156 226 336 254; x_wconf 84' lang='lat' dir='ltr'><strong>blateratibus</strong></span> <span class='ocrx_word' id='word_1_20' title='bbox 365 233 497 261; x_wconf 87' lang='lat' dir='ltr'><strong>superare</strong></span> <span class='ocrx_word' id='word_1_21' title='bbox 524 223 672 260; x_wconf 78' lang='lat' dir='ltr'><strong>speratis?</strong></span> <span class='ocrx_word' id='word_1_22' title='bbox 695 230 757 250; x_wconf 87' lang='lat' dir='ltr'><strong>nam</strong></span> <span class='ocrx_word' id='word_1_23' title='bbox 783 229 818 250; x_wconf 90' lang='lat' dir='ltr'><strong>ne</strong></span> <span class='ocrx_word' id='word_1_24' title='bbox 847 225 955 250; x_wconf 86' lang='lat' dir='ltr'><strong>constat</strong></span> 
     </span>
    </p>
   </div>
   <div class='ocr_carea' id='block_1_7' title="bbox 156 269 954 309">
    <p class='ocr_par' dir='ltr' id='par_1_7' title="bbox 156 269 954 309">
     <span class='ocr_line' id='line_1_7' title="bbox 156 269 954 309; baseline -0.008 -8"><span class='ocrx_word' id='word_1_25' title='bbox 156 273 267 309; x_wconf 81' lang='lat' dir='ltr'><strong>quidem</strong></span> <span class='ocrx_word' id='word_1_26' title='bbox 282 278 374 300; x_wconf 90' lang='lat' dir='ltr'><strong>utrum</strong></span> <span class='ocrx_word' id='word_1_27' title='bbox 392 280 441 300; x_wconf 91' lang='lat' dir='ltr'><strong>vos</strong></span> <span class='ocrx_word' id='word_1_28' title='bbox 456 272 484 299; x_wconf 89' lang='lat' dir='ltr'><strong>in</strong></span> <span class='ocrx_word' id='word_1_29' title='bbox 507 275 580 299; x_wconf 88' lang='lat' dir='ltr'><strong>terra</strong></span> <span class='ocrx_word' id='word_1_30' title='bbox 595 269 754 302; x_wconf 88' lang='lat' dir='ltr'><strong>versemini,</strong></span> <span class='ocrx_word' id='word_1_31' title='bbox 775 273 887 304; x_wconf 80' lang='lat' dir='ltr'><strong>propter</strong></span> <span class='ocrx_word' id='word_1_32' title='bbox 905 276 954 296; x_wconf 88' lang='lat' dir='ltr'><strong>vc-</strong></span> 
     </span>
    </p>
   </div>
   <div class='ocr_carea' id='block_1_8' title="bbox 155 314 957 350">
    <p class='ocr_par' dir='ltr' id='par_1_8' title="bbox 155 314 957 350">
     <span class='ocr_line' id='line_1_8' title="bbox 155 314 957 350; baseline -0.005 -5"><span class='ocrx_word' id='word_1_33' title='bbox 155 317 205 345; x_wconf 88' lang='lat' dir='ltr'><strong>stri</strong></span> <span class='ocrx_word' id='word_1_34' title='bbox 221 317 329 344; x_wconf 88' lang='lat' dir='ltr'><strong>numeri</strong></span> <span class='ocrx_word' id='word_1_35' title='bbox 352 317 523 348; x_wconf 90' lang='lat' dir='ltr'><strong>tenuitatem,</strong></span> <span class='ocrx_word' id='word_1_36' title='bbox 552 315 599 350; x_wconf 88' lang='lat' dir='ltr'><strong>qui</strong></span> <span class='ocrx_word' id='word_1_37' title='bbox 614 322 722 349; x_wconf 82' lang='lat' dir='ltr'><strong>semper</strong></span> <span class='ocrx_word' id='word_1_38' title='bbox 734 314 906 348; x_wconf 86' lang='lat' dir='ltr'><strong>decrescitis,</strong></span> <span class='ocrx_word' id='word_1_39' title='bbox 929 318 957 342; x_wconf 89' lang='lat' dir='ltr'><strong>et</strong></span> 
     </span>
    </p>
   </div>
   <div class='ocr_carea' id='block_1_9' title="bbox 156 359 957 397">
    <p class='ocr_par' dir='ltr' id='par_1_9' title="bbox 156 359 957 397">
     <span class='ocr_line' id='line_1_9' title="bbox 156 359 957 397; baseline -0.006 -7"><span class='ocrx_word' id='word_1_40' title='bbox 156 363 228 397; x_wconf 87' lang='lat' dir='ltr'><strong>apud</strong></span> <span class='ocrx_word' id='word_1_41' title='bbox 250 369 348 390; x_wconf 85' lang='lat' dir='ltr'><strong>omnes</strong></span> <span class='ocrx_word' id='word_1_42' title='bbox 373 366 468 396; x_wconf 74' lang='lat' dir='ltr'><strong>gentes</strong></span> <span class='ocrx_word' id='word_1_43' title='bbox 489 359 616 387; x_wconf 80' lang='lat' dir='ltr'><strong>ﬁduciam</strong></span> <span class='ocrx_word' id='word_1_44' title='bbox 636 359 763 386; x_wconf 81' lang='lat' dir='ltr'><strong>amittitis</strong></span> <span class='ocrx_word' id='word_1_45' title='bbox 781 368 789 392; x_wconf 82' lang='lat'><strong>;</strong></span> <span class='ocrx_word' id='word_1_46' title='bbox 806 363 835 386; x_wconf 90' lang='lat' dir='ltr'><strong>et</strong></span> <span class='ocrx_word' id='word_1_47' title='bbox 857 359 900 386; x_wconf 80' lang='lat' dir='ltr'><strong>vix</strong></span> <span class='ocrx_word' id='word_1_48' title='bbox 914 359 957 386; x_wconf 89' lang='lat' dir='ltr'><strong>hi-</strong></span> 
     </span>
    </p>
   </div>
   <div class='ocr_carea' id='block_1_10' title="bbox 155 405 953 442">
    <p class='ocr_par' dir='ltr' id='par_1_10' title="bbox 155 405 953 442">
     <span class='ocr_line' id='line_1_10' title="bbox 155 405 953 442; baseline -0.005 -6"><span class='ocrx_word' id='word_1_49' title='bbox 155 409 283 436; x_wconf 87' lang='lat' dir='ltr'><strong>rundinis</strong></span> <span class='ocrx_word' id='word_1_50' title='bbox 317 408 398 435; x_wconf 89' lang='lat' dir='ltr'><strong>nidus</strong></span> <span class='ocrx_word' id='word_1_51' title='bbox 431 414 486 442; x_wconf 63' lang='lat' dir='ltr'><strong>prae</strong></span> <span class='ocrx_word' id='word_1_52' title='bbox 509 406 616 434; x_wconf 67' lang='lat' dir='ltr'><strong>caeteris</strong></span> <span class='ocrx_word' id='word_1_53' title='bbox 642 405 824 433; x_wconf 77' lang='lat' dir='ltr'><strong>incolentibus</strong></span> <span class='ocrx_word' id='word_1_54' title='bbox 858 405 953 434; x_wconf 88' lang='lat' dir='ltr'><strong>orbem</strong></span> 
     </span>
    </p>
   </div>
   <div class='ocr_carea' id='block_1_11' title="bbox 154 451 954 488">
    <p class='ocr_par' dir='ltr' id='par_1_11' title="bbox 154 451 954 488">
     <span class='ocr_line' id='line_1_11' title="bbox 154 451 954 488; baseline -0.004 -6"><span class='ocrx_word' id='word_1_55' title='bbox 154 454 317 482; x_wconf 88' lang='lat' dir='ltr'><strong>Christianis</strong></span> <span class='ocrx_word' id='word_1_56' title='bbox 329 453 489 482; x_wconf 77' lang='lat' dir='ltr'><strong>orthodoxis</strong></span> <span class='ocrx_word' id='word_1_57' title='bbox 506 451 636 480; x_wconf 88' lang='lat' dir='ltr'><strong>videmini</strong></span> <span class='ocrx_word' id='word_1_58' title='bbox 652 460 659 479; x_wconf 89' lang='lat'><strong>:</strong></span> <span class='ocrx_word' id='word_1_59' title='bbox 683 456 732 479; x_wconf 91' lang='lat' dir='ltr'><strong>aut</strong></span> <span class='ocrx_word' id='word_1_60' title='bbox 751 451 887 488; x_wconf 78' lang='lat' dir='ltr'><strong>triangulo</strong></span> <span class='ocrx_word' id='word_1_61' title='bbox 902 451 954 479; x_wconf 88' lang='lat' dir='ltr'><strong>mi-</strong></span> 
     </span>
    </p>
   </div>
   <div class='ocr_carea' id='block_1_12' title="bbox 155 499 953 534">
    <p class='ocr_par' dir='ltr' id='par_1_12' title="bbox 155 499 953 534">
     <span class='ocr_line' id='line_1_12' title="bbox 155 499 953 534; baseline -0.003 -6"><span class='ocrx_word' id='word_1_62' title='bbox 155 501 230 528; x_wconf 92' lang='lat' dir='ltr'><strong>nimo</strong></span> <span class='ocrx_word' id='word_1_63' title='bbox 251 508 267 528; x_wconf 92' lang='lat' dir='ltr'><strong>a</strong></span> <span class='ocrx_word' id='word_1_64' title='bbox 286 500 383 528; x_wconf 87' lang='lat' dir='ltr'><strong>tellure</strong></span> <span class='ocrx_word' id='word_1_65' title='bbox 395 500 424 526; x_wconf 87' lang='lat' dir='ltr'><strong>in</strong></span> <span class='ocrx_word' id='word_1_66' title='bbox 443 499 570 527; x_wconf 60' lang='lat' dir='ltr'><strong>caelestes</strong></span> <span class='ocrx_word' id='word_1_67' title='bbox 599 499 725 534; x_wconf 84' lang='lat' dir='ltr'><strong>regiones</strong></span> <span class='ocrx_word' id='word_1_68' title='bbox 752 499 898 533; x_wconf 90' lang='lat' dir='ltr'><strong>producto,</strong></span> <span class='ocrx_word' id='word_1_69' title='bbox 923 503 953 526; x_wconf 91' lang='lat' dir='ltr'><strong>ut</strong></span> 
     </span>
    </p>
   </div>
   <div class='ocr_carea' id='block_1_13' title="bbox 153 545 952 580">
    <p class='ocr_par' dir='ltr' id='par_1_13' title="bbox 153 545 952 580">
     <span class='ocr_line' id='line_1_13' title="bbox 153 545 952 580; baseline -0.004 -6"><span class='ocrx_word' id='word_1_70' title='bbox 153 545 412 574; x_wconf 83' lang='lat' dir='ltr'><strong>mathematicorum</strong></span> <span class='ocrx_word' id='word_1_71' title='bbox 433 552 510 572; x_wconf 93' lang='lat' dir='ltr'><strong>more</strong></span> <span class='ocrx_word' id='word_1_72' title='bbox 534 545 689 580; x_wconf 83' lang='lat' dir='ltr'><strong>loquamur,</strong></span> <span class='ocrx_word' id='word_1_73' title='bbox 707 552 764 580; x_wconf 72' lang='lat' dir='ltr'><strong>pne</strong></span> <span class='ocrx_word' id='word_1_74' title='bbox 788 545 952 580; x_wconf 86' lang='lat' dir='ltr'><strong>populorum</strong></span> 
     </span>
    </p>
   </div>
   <div class='ocr_carea' id='block_1_14' title="bbox 153 590 953 626">
    <p class='ocr_par' dir='ltr' id='par_1_14' title="bbox 153 590 953 626">
     <span class='ocr_line' id='line_1_14' title="bbox 153 590 953 626; baseline -0.004 -6"><span class='ocrx_word' id='word_1_75' title='bbox 153 592 332 620; x_wconf 85' lang='lat' dir='ltr'><strong>universitate</strong></span> <span class='ocrx_word' id='word_1_76' title='bbox 355 591 515 620; x_wconf 80' lang='lat' dir='ltr'><strong>conferendi</strong></span> <span class='ocrx_word' id='word_1_77' title='bbox 532 599 538 618; x_wconf 90' lang='lat'>:</span> <span class='ocrx_word' id='word_1_78' title='bbox 557 599 588 618; x_wconf 88' lang='lat' dir='ltr'><strong>ac</strong></span> <span class='ocrx_word' id='word_1_79' title='bbox 604 590 688 619; x_wconf 82' lang='lat' dir='ltr'><strong>veluti</strong></span> <span class='ocrx_word' id='word_1_80' title='bbox 704 591 727 618; x_wconf 91' lang='lat' dir='ltr'><strong>si</strong></span> <span class='ocrx_word' id='word_1_81' title='bbox 746 598 868 626; x_wconf 58' lang='lat' dir='ltr'><strong>praesens</strong></span> <span class='ocrx_word' id='word_1_82' title='bbox 881 594 953 618; x_wconf 89' lang='lat' dir='ltr'><strong>tem-</strong></span> 
     </span>
    </p>
   </div>
   <div class='ocr_carea' id='block_1_15' title="bbox 152 637 956 675">
    <p class='ocr_par' dir='ltr' id='par_1_15' title="bbox 152 637 956 675">
     <span class='ocr_line' id='line_1_15' title="bbox 152 637 956 675; baseline -0.005 -8"><span class='ocrx_word' id='word_1_83' title='bbox 152 647 214 675; x_wconf 87' lang='lat' dir='ltr'><strong>pus.</strong></span> <span class='ocrx_word' id='word_1_84' title='bbox 225 647 289 667; x_wconf 92' lang='lat' dir='ltr'><strong>cum</strong></span> <span class='ocrx_word' id='word_1_85' title='bbox 305 642 420 674; x_wconf 86' lang='lat' dir='ltr'><strong>utroque</strong></span> <span class='ocrx_word' id='word_1_86' title='bbox 437 643 592 673; x_wconf 88' lang='lat' dir='ltr'><strong>temporum</strong></span> <span class='ocrx_word' id='word_1_87' title='bbox 610 637 812 672; x_wconf 59' lang='lat' dir='ltr'><strong>praeteritorum</strong></span> <span class='ocrx_word' id='word_1_88' title='bbox 832 644 910 672; x_wconf 82' lang='lat' dir='ltr'><strong>aeque</strong></span> <span class='ocrx_word' id='word_1_89' title='bbox 923 643 956 664; x_wconf 90' lang='lat' dir='ltr'><strong>ae</strong></span> 
     </span>
    </p>
   </div>
   <div class='ocr_carea' id='block_1_16' title="bbox 153 681 954 717">
    <p class='ocr_par' dir='ltr' id='par_1_16' title="bbox 153 681 954 717">
     <span class='ocr_line' id='line_1_16' title="bbox 153 681 954 717; baseline -0.002 -7"><span class='ocrx_word' id='word_1_90' title='bbox 153 683 308 711; x_wconf 76' lang='lat' dir='ltr'><strong>futurorum</strong></span> <span class='ocrx_word' id='word_1_91' title='bbox 332 682 430 717; x_wconf 78' lang='lat' dir='ltr'><strong>spatio,</strong></span> <span class='ocrx_word' id='word_1_92' title='bbox 447 682 527 717; x_wconf 79' lang='lat' dir='ltr'><strong>cujus</strong></span> <span class='ocrx_word' id='word_1_93' title='bbox 544 682 624 717; x_wconf 79' lang='lat' dir='ltr'><strong>longa</strong></span> <span class='ocrx_word' id='word_1_94' title='bbox 646 681 733 709; x_wconf 84' lang='lat' dir='ltr'><strong>series</strong></span> <span class='ocrx_word' id='word_1_95' title='bbox 747 681 899 717; x_wconf 75' lang='lat' dir='ltr'><strong>ignoratur,</strong></span> <span class='ocrx_word' id='word_1_96' title='bbox 917 682 954 708; x_wconf 83' lang='lat' dir='ltr'><strong>ita</strong></span> 
     </span>
    </p>
   </div>
   <div class='ocr_carea' id='block_1_17' title="bbox 152 726 954 762">
    <p class='ocr_par' dir='ltr' id='par_1_17' title="bbox 152 726 954 762">
     <span class='ocr_line' id='line_1_17' title="bbox 152 726 954 762; baseline -0.004 -6"><span class='ocrx_word' id='word_1_97' title='bbox 152 736 202 756; x_wconf 85' lang='lat' dir='ltr'><strong>vos</strong></span> <span class='ocrx_word' id='word_1_98' title='bbox 218 736 280 756; x_wconf 87' lang='lat' dir='ltr'><strong>cum</strong></span> <span class='ocrx_word' id='word_1_99' title='bbox 293 728 422 756; x_wconf 86' lang='lat' dir='ltr'><strong>universa</strong></span> <span class='ocrx_word' id='word_1_100' title='bbox 434 735 464 755; x_wconf 92' lang='lat' dir='ltr'><strong>re</strong></span> <span class='ocrx_word' id='word_1_101' title='bbox 475 728 567 755; x_wconf 85' lang='lat' dir='ltr'><strong>ci&#39;eata</strong></span> <span class='ocrx_word' id='word_1_102' title='bbox 580 727 778 762; x_wconf 86' lang='lat' dir='ltr'><strong>comparentini</strong></span> <span class='ocrx_word' id='word_1_103' title='bbox 792 735 799 754; x_wconf 88' lang='lat'>:</span> <span class='ocrx_word' id='word_1_104' title='bbox 816 726 858 754; x_wconf 85' lang='lat' dir='ltr'><strong>vel</strong></span> <span class='ocrx_word' id='word_1_105' title='bbox 877 731 954 762; x_wconf 78' lang='lat' dir='ltr'><strong>gutta</strong></span> 
     </span>
    </p>
   </div>
   <div class='ocr_carea' id='block_1_18' title="bbox 153 771 954 808">
    <p class='ocr_par' dir='ltr' id='par_1_18' title="bbox 153 771 954 808">
     <span class='ocr_line' id='line_1_18' title="bbox 153 771 954 808; baseline -0.001 -7"><span class='ocrx_word' id='word_1_106' title='bbox 153 774 235 801; x_wconf 87' lang='lat' dir='ltr'><strong>unica</strong></span> <span class='ocrx_word' id='word_1_107' title='bbox 250 781 312 802; x_wconf 89' lang='lat' dir='ltr'><strong>cum</strong></span> <span class='ocrx_word' id='word_1_108' title='bbox 330 778 385 801; x_wconf 89' lang='lat' dir='ltr'><strong>tota</strong></span> <span class='ocrx_word' id='word_1_109' title='bbox 400 780 532 808; x_wconf 87' lang='lat' dir='ltr'><strong>aquarum</strong></span> <span class='ocrx_word' id='word_1_110' title='bbox 546 777 663 805; x_wconf 81' lang='lat' dir='ltr'><strong>natura;</strong></span> <span class='ocrx_word' id='word_1_111' title='bbox 676 771 732 808; x_wconf 70' lang='grc'><strong>64</strong></span> <span class='ocrx_word' id='word_1_112' title='bbox 747 771 799 807; x_wconf 70' lang='lat' dir='ltr'><strong>vel}</strong></span> <span class='ocrx_word' id='word_1_113' title='bbox 812 771 835 799; x_wconf 95' lang='lat' dir='ltr'><strong>si</strong></span> <span class='ocrx_word' id='word_1_114' title='bbox 861 771 954 800; x_wconf 68' lang='lat' dir='ltr'><strong>herbae</strong></span> 
     </span>
    </p>
   </div>
   <div class='ocr_carea' id='block_1_19' title="bbox 150 818 948 853">
    <p class='ocr_par' dir='ltr' id='par_1_19' title="bbox 150 818 948 853">
     <span class='ocr_line' id='line_1_19' title="bbox 150 818 948 853; baseline -0.004 -5"><span class='ocrx_word' id='word_1_115' title='bbox 150 820 259 848; x_wconf 90' lang='lat' dir='ltr'><strong>culmus</strong></span> <span class='ocrx_word' id='word_1_116' title='bbox 276 827 339 847; x_wconf 88' lang='lat' dir='ltr'><strong>cum</strong></span> <span class='ocrx_word' id='word_1_117' title='bbox 363 819 491 847; x_wconf 85' lang='lat' dir='ltr'><strong>universa</strong></span> <span class='ocrx_word' id='word_1_118' title='bbox 510 823 584 846; x_wconf 88' lang='lat' dir='ltr'><strong>terra</strong></span> <span class='ocrx_word' id='word_1_119' title='bbox 600 818 760 846; x_wconf 85' lang='lat' dir='ltr'><strong>conferatur</strong></span> <span class='ocrx_word' id='word_1_120' title='bbox 776 826 782 845; x_wconf 92' lang='lat'>:</span> <span class='ocrx_word' id='word_1_121' title='bbox 804 818 847 845; x_wconf 92' lang='lat' dir='ltr'><strong>vel</strong></span> <span class='ocrx_word' id='word_1_122' title='bbox 866 818 948 853; x_wconf 91' lang='lat' dir='ltr'><strong>quid-</strong></span> 
     </span>
    </p>
   </div>
   <div class='ocr_carea' id='block_1_20' title="bbox 1003 219 1803 258">
    <p class='ocr_par' dir='ltr' id='par_1_20' title="bbox 1003 219 1803 258">
     <span class='ocr_line' id='line_1_20' title="bbox 1003 219 1803 258; baseline 0.004 -11"><span class='ocrx_word' id='word_1_123' title='bbox 1003 220 1099 256; x_wconf 84' lang='grc' dir='ltr'>ὧσπερ</span> <span class='ocrx_word' id='word_1_124' title='bbox 1110 220 1141 247; x_wconf 79' lang='grc' dir='ltr'><strong>τδ</strong></span> <span class='ocrx_word' id='word_1_125' title='bbox 1161 220 1258 252; x_wconf 82' lang='grc' dir='ltr'><strong>σκότος</strong></span> <span class='ocrx_word' id='word_1_126' title='bbox 1272 221 1306 256; x_wconf 82' lang='grc' dir='ltr'><strong>τῇ</strong></span> <span class='ocrx_word' id='word_1_127' title='bbox 1321 219 1370 246; x_wconf 83' lang='grc' dir='ltr'>τοῦ</span> <span class='ocrx_word' id='word_1_128' title='bbox 1384 219 1461 255; x_wconf 84' lang='grc' dir='ltr'><strong>ἡλίου</strong></span> <span class='ocrx_word' id='word_1_129' title='bbox 1473 220 1612 256; x_wconf 80' lang='grc' dir='ltr'>παρουσίᾳ</span> <span class='ocrx_word' id='word_1_130' title='bbox 1626 222 1803 258; x_wconf 82' lang='grc' dir='ltr'>μειούμενον,</span> 
     </span>
    </p>
   </div>
   <div class='ocr_carea' id='block_1_21' title="bbox 1004 265 1807 303">
    <p class='ocr_par' dir='ltr' id='par_1_21' title="bbox 1004 265 1807 303">
     <span class='ocr_line' id='line_1_21' title="bbox 1004 265 1807 303; baseline 0.005 -12"><span class='ocrx_word' id='word_1_131' title='bbox 1004 265 1061 292; x_wconf 80' lang='grc' dir='ltr'><strong>Καὶ</strong></span> <span class='ocrx_word' id='word_1_132' title='bbox 1075 265 1101 291; x_wconf 90' lang='grc' dir='ltr'><strong>τί</strong></span> <span class='ocrx_word' id='word_1_133' title='bbox 1115 265 1293 300; x_wconf 77' lang='grc' dir='ltr'><strong>φιλονεικεῖτε</strong></span> <span class='ocrx_word' id='word_1_134' title='bbox 1318 265 1366 292; x_wconf 77' lang='grc' dir='ltr'>καὶ</span> <span class='ocrx_word' id='word_1_135' title='bbox 1385 265 1475 292; x_wconf 82' lang='grc' dir='ltr'>οίεσθε</span> <span class='ocrx_word' id='word_1_136' title='bbox 1496 266 1588 293; x_wconf 79' lang='grc' dir='ltr'>πᾶσαν</span> <span class='ocrx_word' id='word_1_137' title='bbox 1610 267 1662 302; x_wconf 84' lang='grc' dir='ltr'>τὴν</span> <span class='ocrx_word' id='word_1_138' title='bbox 1686 267 1741 303; x_wconf 86' lang='grc' dir='ltr'>γῆν</span> <span class='ocrx_word' id='word_1_139' title='bbox 1755 269 1807 295; x_wconf 77' lang='grc' dir='ltr'>καὶ</span> 
     </span>
    </p>
   </div>
   <div class='ocr_carea' id='block_1_22' title="bbox 1003 312 1807 352">
    <p class='ocr_par' dir='ltr' id='par_1_22' title="bbox 1003 312 1807 352">
     <span class='ocr_line' id='line_1_22' title="bbox 1003 312 1807 352; baseline 0.005 -14"><span class='ocrx_word' id='word_1_140' title='bbox 1003 312 1050 340; x_wconf 82' lang='grc' dir='ltr'>τὸν</span> <span class='ocrx_word' id='word_1_141' title='bbox 1064 312 1179 348; x_wconf 80' lang='grc' dir='ltr'>οὐρανὸν</span> <span class='ocrx_word' id='word_1_142' title='bbox 1195 313 1276 348; x_wconf 82' lang='grc' dir='ltr'>νικᾷν</span> <span class='ocrx_word' id='word_1_143' title='bbox 1290 313 1350 344; x_wconf 87' lang='grc' dir='ltr'>ταῖς</span> <span class='ocrx_word' id='word_1_144' title='bbox 1367 312 1574 348; x_wconf 84' lang='grc' dir='ltr'>ματαιολογίαις</span> <span class='ocrx_word' id='word_1_145' title='bbox 1588 313 1682 349; x_wconf 85' lang='grc' dir='ltr'>ὑμῶν;</span> <span class='ocrx_word' id='word_1_146' title='bbox 1697 315 1722 341; x_wconf 83' lang='grc' dir='ltr'>οἱ</span> <span class='ocrx_word' id='word_1_147' title='bbox 1735 316 1807 352; x_wconf 68' lang='grc' dir='ltr'>μηδὲ</span> 
     </span>
    </p>
   </div>
   <div class='ocr_carea' id='block_1_23' title="bbox 1005 358 1802 396">
    <p class='ocr_par' dir='ltr' id='par_1_23' title="bbox 1005 358 1802 396">
     <span class='ocr_line' id='line_1_23' title="bbox 1005 358 1802 396; baseline 0.006 -12"><span class='ocrx_word' id='word_1_148' title='bbox 1005 358 1047 385; x_wconf 82' lang='grc' dir='ltr'>ὅτι</span> <span class='ocrx_word' id='word_1_149' title='bbox 1060 359 1121 385; x_wconf 77' lang='grc' dir='ltr'>ἐστὲ</span> <span class='ocrx_word' id='word_1_150' title='bbox 1135 359 1164 384; x_wconf 83' lang='grc' dir='ltr'>ὲν</span> <span class='ocrx_word' id='word_1_151' title='bbox 1178 359 1212 394; x_wconf 77' lang='grc' dir='ltr'>τῇ</span> <span class='ocrx_word' id='word_1_152' title='bbox 1231 359 1266 394; x_wconf 84' lang='grc' dir='ltr'>γῇ</span> <span class='ocrx_word' id='word_1_153' title='bbox 1284 359 1455 394; x_wconf 78' lang='grc' dir='ltr'><strong>φαινόμενοι,</strong></span> <span class='ocrx_word' id='word_1_154' title='bbox 1471 360 1504 395; x_wconf 82' lang='grc' dir='ltr'>τῇ</span> <span class='ocrx_word' id='word_1_155' title='bbox 1519 359 1644 396; x_wconf 72' lang='grc' dir='ltr'><strong>εὐτελείᾳ</strong></span> <span class='ocrx_word' id='word_1_156' title='bbox 1654 360 1735 388; x_wconf 85' lang='grc' dir='ltr'>τοῦτό</span> <span class='ocrx_word' id='word_1_157' title='bbox 1749 371 1802 389; x_wconf 86' lang='grc' dir='ltr'><strong>που</strong></span> 
     </span>
    </p>
   </div>
   <div class='ocr_carea' id='block_1_24' title="bbox 1007 404 1807 441">
    <p class='ocr_par' dir='ltr' id='par_1_24' title="bbox 1007 404 1807 441">
     <span class='ocr_line' id='line_1_24' title="bbox 1007 404 1807 441; baseline 0.008 -11"><span class='ocrx_word' id='word_1_158' title='bbox 1007 404 1054 431; x_wconf 72' lang='grc' dir='ltr'>καὶ</span> <span class='ocrx_word' id='word_1_159' title='bbox 1067 405 1101 440; x_wconf 85' lang='grc' dir='ltr'>τῇ</span> <span class='ocrx_word' id='word_1_160' title='bbox 1121 404 1275 440; x_wconf 86' lang='grc' dir='ltr'><strong>βραχύτητι</strong></span> <span class='ocrx_word' id='word_1_161' title='bbox 1298 404 1354 431; x_wconf 84' lang='grc' dir='ltr'><strong>τῶν</strong></span> <span class='ocrx_word' id='word_1_162' title='bbox 1374 405 1403 432; x_wconf 83' lang='grc' dir='ltr'>ὲν</span> <span class='ocrx_word' id='word_1_163' title='bbox 1417 405 1486 441; x_wconf 81' lang='grc' dir='ltr'>αὐτῇ</span> <span class='ocrx_word' id='word_1_164' title='bbox 1502 406 1652 433; x_wconf 82' lang='grc' dir='ltr'>οίκούντων</span> <span class='ocrx_word' id='word_1_165' title='bbox 1663 415 1670 422; x_wconf 89' lang='grc'>·</span> <span class='ocrx_word' id='word_1_166' title='bbox 1687 408 1807 436; x_wconf 73' lang='grc' dir='ltr'>πάντοτε</span> 
     </span>
    </p>
   </div>
   <div class='ocr_carea' id='block_1_25' title="bbox 1006 450 1806 490">
    <p class='ocr_par' dir='ltr' id='par_1_25' title="bbox 1006 450 1806 490">
     <span class='ocr_line' id='line_1_25' title="bbox 1006 450 1806 490; baseline 0.004 -12"><span class='ocrx_word' id='word_1_167' title='bbox 1006 450 1029 478; x_wconf 84' lang='grc' dir='ltr'>δ’</span> <span class='ocrx_word' id='word_1_168' title='bbox 1055 450 1262 486; x_wconf 77' lang='grc' dir='ltr'>ἐλαττούμενοι,</span> <span class='ocrx_word' id='word_1_169' title='bbox 1284 451 1334 478; x_wconf 82' lang='grc' dir='ltr'>καὶ</span> <span class='ocrx_word' id='word_1_170' title='bbox 1362 451 1453 485; x_wconf 81' lang='grc' dir='ltr'><strong>πάσης</strong></span> <span class='ocrx_word' id='word_1_171' title='bbox 1487 453 1647 488; x_wconf 61' lang='grc' dir='ltr'>παρρησίας</span> <span class='ocrx_word' id='word_1_172' title='bbox 1674 453 1806 490; x_wconf 78' lang='grc' dir='ltr'>ἀμέτοχοι</span> 
     </span>
    </p>
   </div>
   <div class='ocr_carea' id='block_1_26' title="bbox 1006 497 1806 537">
    <p class='ocr_par' dir='ltr' id='par_1_26' title="bbox 1006 497 1806 537">
     <span class='ocr_line' id='line_1_26' title="bbox 1006 497 1806 537; baseline 0.006 -14"><span class='ocrx_word' id='word_1_173' title='bbox 1006 497 1085 533; x_wconf 84' lang='grc' dir='ltr'>παρὰ</span> <span class='ocrx_word' id='word_1_174' title='bbox 1108 498 1176 524; x_wconf 82' lang='grc' dir='ltr'>πᾶσι</span> <span class='ocrx_word' id='word_1_175' title='bbox 1196 498 1255 530; x_wconf 87' lang='grc' dir='ltr'>τοῖς</span> <span class='ocrx_word' id='word_1_176' title='bbox 1280 497 1387 525; x_wconf 80' lang='grc' dir='ltr'>έθνεσιν</span> <span class='ocrx_word' id='word_1_177' title='bbox 1410 497 1600 534; x_wconf 83' lang='grc' dir='ltr'><strong>ὑπάρχοντες·</strong></span> <span class='ocrx_word' id='word_1_178' title='bbox 1618 500 1666 527; x_wconf 62' lang='grc' dir='ltr'><strong>καλ⁵</strong></span> <span class='ocrx_word' id='word_1_179' title='bbox 1691 501 1806 537; x_wconf 76' lang='grc' dir='ltr'>μηδ’ὡς</span> 
     </span>
    </p>
   </div>
   <div class='ocr_carea' id='block_1_27' title="bbox 1006 543 1806 582">
    <p class='ocr_par' dir='ltr' id='par_1_27' title="bbox 1006 543 1806 582">
     <span class='ocr_line' id='line_1_27' title="bbox 1006 543 1806 582; baseline 0.005 -12"><span class='ocrx_word' id='word_1_180' title='bbox 1006 543 1101 571; x_wconf 86' lang='grc' dir='ltr'>νοσσιὰ</span> <span class='ocrx_word' id='word_1_181' title='bbox 1116 543 1251 579; x_wconf 78' lang='grc' dir='ltr'>χελιδόνος</span> <span class='ocrx_word' id='word_1_182' title='bbox 1263 544 1333 578; x_wconf 75' lang='grc' dir='ltr'>πρὸς</span> <span class='ocrx_word' id='word_1_183' title='bbox 1348 544 1413 576; x_wconf 85' lang='grc' dir='ltr'>τοὺς</span> <span class='ocrx_word' id='word_1_184' title='bbox 1427 544 1457 570; x_wconf 75' lang='grc' dir='ltr'>ὲν</span> <span class='ocrx_word' id='word_1_185' title='bbox 1468 546 1504 580; x_wconf 83' lang='grc' dir='ltr'>γῇ</span> <span class='ocrx_word' id='word_1_186' title='bbox 1516 544 1660 578; x_wconf 73' lang='grc' dir='ltr'>οἰκοῦντας</span> <span class='ocrx_word' id='word_1_187' title='bbox 1671 546 1806 582; x_wconf 82' lang='grc' dir='ltr'>Χριστια-</span> 
     </span>
    </p>
   </div>
   <div class='ocr_carea' id='block_1_28' title="bbox 1007 590 1806 628">
    <p class='ocr_par' dir='ltr' id='par_1_28' title="bbox 1007 590 1806 628">
     <span class='ocr_line' id='line_1_28' title="bbox 1007 590 1806 628; baseline 0.004 -11"><span class='ocrx_word' id='word_1_188' title='bbox 1007 591 1070 623; x_wconf 85' lang='grc' dir='ltr'>νοὺς</span> <span class='ocrx_word' id='word_1_189' title='bbox 1083 590 1241 626; x_wconf 79' lang='grc' dir='ltr'>όρθοδόξους</span> <span class='ocrx_word' id='word_1_190' title='bbox 1255 591 1468 627; x_wconf 84' lang='grc' dir='ltr'>συγκρινόμενοι</span> <span class='ocrx_word' id='word_1_191' title='bbox 1479 599 1487 607; x_wconf 92' lang='grc'>·</span> <span class='ocrx_word' id='word_1_192' title='bbox 1504 591 1521 627; x_wconf 82' lang='grc' dir='ltr'>ἢ</span> <span class='ocrx_word' id='word_1_193' title='bbox 1542 592 1688 628; x_wconf 82' lang='grc' dir='ltr'>ἀκαριαῖον</span> <span class='ocrx_word' id='word_1_194' title='bbox 1702 594 1806 628; x_wconf 86' lang='grc' dir='ltr'>τριγώ-</span> 
     </span>
    </p>
   </div>
   <div class='ocr_carea' id='block_1_29' title="bbox 1005 638 1804 676">
    <p class='ocr_par' dir='ltr' id='par_1_29' title="bbox 1005 638 1804 676">
     <span class='ocr_line' id='line_1_29' title="bbox 1005 638 1804 676; baseline 0.004 -12"><span class='ocrx_word' id='word_1_195' title='bbox 1005 645 1052 664; x_wconf 80' lang='grc' dir='ltr'><strong>νου</strong></span> <span class='ocrx_word' id='word_1_196' title='bbox 1077 638 1217 673; x_wconf 84' lang='grc' dir='ltr'>σχήματος</span> <span class='ocrx_word' id='word_1_197' title='bbox 1231 638 1287 665; x_wconf 77' lang='grc' dir='ltr'><strong>ἀπὸ</strong></span> <span class='ocrx_word' id='word_1_198' title='bbox 1301 638 1354 673; x_wconf 80' lang='grc' dir='ltr'>γῆς</span> <span class='ocrx_word' id='word_1_199' title='bbox 1379 638 1449 673; x_wconf 80' lang='grc' dir='ltr'>πρὸς</span> <span class='ocrx_word' id='word_1_200' title='bbox 1473 638 1523 670; x_wconf 80' lang='grc' dir='ltr'><strong>τὰς</strong></span> <span class='ocrx_word' id='word_1_201' title='bbox 1538 638 1684 674; x_wconf 80' lang='grc' dir='ltr'>οὐρανίους</span> <span class='ocrx_word' id='word_1_202' title='bbox 1703 639 1804 676; x_wconf 79' lang='grc' dir='ltr'>μοίρας</span> 
     </span>
    </p>
   </div>
   <div class='ocr_carea' id='block_1_30' title="bbox 1003 682 1805 722">
    <p class='ocr_par' dir='ltr' id='par_1_30' title="bbox 1003 682 1805 722">
     <span class='ocr_line' id='line_1_30' title="bbox 1003 682 1805 722; baseline 0.004 -13"><span class='ocrx_word' id='word_1_203' title='bbox 1003 682 1136 718; x_wconf 78' lang='grc' dir='ltr'><strong>ἠγμένον⁹</strong></span> <span class='ocrx_word' id='word_1_204' title='bbox 1155 683 1357 719; x_wconf 78' lang='grc' dir='ltr'>μαθηματικῶς</span> <span class='ocrx_word' id='word_1_205' title='bbox 1380 684 1480 717; x_wconf 78' lang='grc' dir='ltr'>εἰπεῖν,</span> <span class='ocrx_word' id='word_1_206' title='bbox 1494 683 1564 720; x_wconf 81' lang='grc' dir='ltr'>πρὸς</span> <span class='ocrx_word' id='word_1_207' title='bbox 1581 685 1671 712; x_wconf 83' lang='grc' dir='ltr'>πάντά</span> <span class='ocrx_word' id='word_1_208' title='bbox 1691 686 1726 713; x_wconf 85' lang='grc' dir='ltr'>τὰ</span> <span class='ocrx_word' id='word_1_209' title='bbox 1739 685 1805 722; x_wconf 73' lang='grc' dir='ltr'>ἔθνη</span> 
     </span>
    </p>
   </div>
   <div class='ocr_carea' id='block_1_31' title="bbox 1003 728 1807 766">
    <p class='ocr_par' dir='ltr' id='par_1_31' title="bbox 1003 728 1807 766">
     <span class='ocr_line' id='line_1_31' title="bbox 1003 728 1807 766; baseline 0.002 -10"><span class='ocrx_word' id='word_1_210' title='bbox 1003 728 1218 764; x_wconf 80' lang='grc' dir='ltr'>ἀπεικαζόμενοι</span> <span class='ocrx_word' id='word_1_211' title='bbox 1231 737 1238 744; x_wconf 63' lang='grc' dir='ltr'><strong>ι</strong></span> <span class='ocrx_word' id='word_1_212' title='bbox 1253 728 1270 764; x_wconf 85' lang='grc' dir='ltr'><strong>ἦ</strong></span> <span class='ocrx_word' id='word_1_213' title='bbox 1286 729 1335 756; x_wconf 84' lang='grc' dir='ltr'>τοῦ</span> <span class='ocrx_word' id='word_1_214' title='bbox 1360 728 1409 756; x_wconf 79' lang='grc' dir='ltr'>νῦν</span> <span class='ocrx_word' id='word_1_215' title='bbox 1435 729 1532 765; x_wconf 88' lang='grc' dir='ltr'>χρόνου</span> <span class='ocrx_word' id='word_1_216' title='bbox 1553 731 1588 766; x_wconf 83' lang='grc' dir='ltr'><strong>τῇ</strong></span> <span class='ocrx_word' id='word_1_217' title='bbox 1607 729 1669 757; x_wconf 80' lang='grc' dir='ltr'>καθ’</span> <span class='ocrx_word' id='word_1_218' title='bbox 1685 730 1807 766; x_wconf 78' lang='grc' dir='ltr'>ἑκάτερα</span> 
     </span>
    </p>
   </div>
   <div class='ocr_carea' id='block_1_32' title="bbox 1003 775 1808 813">
    <p class='ocr_par' dir='ltr' id='par_1_32' title="bbox 1003 775 1808 813">
     <span class='ocr_line' id='line_1_32' title="bbox 1003 775 1808 813; baseline 0.002 -11"><span class='ocrx_word' id='word_1_219' title='bbox 1003 775 1057 802; x_wconf 86' lang='grc' dir='ltr'>τῶν</span> <span class='ocrx_word' id='word_1_220' title='bbox 1071 776 1178 811; x_wconf 87' lang='grc' dir='ltr'>χρόνων</span> <span class='ocrx_word' id='word_1_221' title='bbox 1192 775 1277 811; x_wconf 77' lang='grc' dir='ltr'>ἄμφω</span> <span class='ocrx_word' id='word_1_222' title='bbox 1291 775 1443 809; x_wconf 82' lang='grc' dir='ltr'>διαστάσει,</span> <span class='ocrx_word' id='word_1_223' title='bbox 1459 777 1493 812; x_wconf 82' lang='grc' dir='ltr'>τῇ</span> <span class='ocrx_word' id='word_1_224' title='bbox 1511 776 1658 813; x_wconf 82' lang='grc' dir='ltr'><strong>ἀδηλότητι</strong></span> <span class='ocrx_word' id='word_1_225' title='bbox 1679 778 1730 813; x_wconf 87' lang='grc' dir='ltr'>τῆς</span> <span class='ocrx_word' id='word_1_226' title='bbox 1742 786 1808 804; x_wconf 81' lang='grc' dir='ltr'>συν-</span> 
     </span>
    </p>
   </div>
   <div class='ocr_carea' id='block_1_33' title="bbox 1003 821 1805 860">
    <p class='ocr_par' dir='ltr' id='par_1_33' title="bbox 1003 821 1805 860">
     <span class='ocr_line' id='line_1_33' title="bbox 1003 821 1805 860; baseline 0.004 -12"><span class='ocrx_word' id='word_1_227' title='bbox 1003 821 1094 856; x_wconf 86' lang='grc' dir='ltr'>εχείας</span> <span class='ocrx_word' id='word_1_228' title='bbox 1111 821 1181 857; x_wconf 79' lang='grc' dir='ltr'>πρὸς</span> <span class='ocrx_word' id='word_1_229' title='bbox 1198 822 1289 849; x_wconf 79' lang='grc' dir='ltr'>πᾶσαν</span> <span class='ocrx_word' id='word_1_230' title='bbox 1305 821 1356 858; x_wconf 85' lang='grc' dir='ltr'>τὴν</span> <span class='ocrx_word' id='word_1_231' title='bbox 1369 822 1452 857; x_wconf 82' lang='grc' dir='ltr'>φύσιν</span> <span class='ocrx_word' id='word_1_232' title='bbox 1469 822 1753 859; x_wconf 74' lang='grc' dir='ltr'>παραλαμϐανόμενοι</span> <span class='ocrx_word' id='word_1_233' title='bbox 1764 832 1771 840; x_wconf 88' lang='grc'>·</span> <span class='ocrx_word' id='word_1_234' title='bbox 1786 825 1805 860; x_wconf 83' lang='grc' dir='ltr'>ἦ</span> 
     </span>
    </p>
   </div>
   <div class='ocr_carea' id='block_1_34' title="bbox 151 859 946 905">
    <p class='ocr_par' dir='ltr' id='par_1_34' title="bbox 151 866 946 903">
     <span class='ocr_line' id='line_1_34' title="bbox 151 866 946 903; baseline -0.003 -8"><span class='ocrx_word' id='word_1_235' title='bbox 151 868 217 903; x_wconf 92' lang='lat' dir='ltr'><strong>quid</strong></span> <span class='ocrx_word' id='word_1_236' title='bbox 242 867 361 902; x_wconf 84' lang='lat' dir='ltr'><strong>denique</strong></span> <span class='ocrx_word' id='word_1_237' title='bbox 385 867 530 894; x_wconf 90' lang='lat' dir='ltr'><strong>minimum</strong></span> <span class='ocrx_word' id='word_1_238' title='bbox 555 866 626 893; x_wconf 91' lang='lat' dir='ltr'><strong>inter</strong></span> <span class='ocrx_word' id='word_1_239' title='bbox 642 866 755 893; x_wconf 89' lang='lat' dir='ltr'><strong>minima</strong></span> <span class='ocrx_word' id='word_1_240' title='bbox 771 870 823 898; x_wconf 84' lang='lat' dir='ltr'><strong>est,</strong></span> <span class='ocrx_word' id='word_1_241' title='bbox 842 870 869 893; x_wconf 92' lang='lat' dir='ltr'><strong>et</strong></span> <span class='ocrx_word' id='word_1_242' title='bbox 882 873 946 901; x_wconf 91' lang='lat' dir='ltr'><strong>qua-</strong></span> 
     </span>
    </p>
   </div>
   <div class='ocr_carea' id='block_1_35' title="bbox 998 859 1805 905">
    <p class='ocr_par' dir='ltr' id='par_1_35' title="bbox 1004 859 1805 905">
     <span class='ocr_line' id='line_1_35' title="bbox 1004 859 1805 905; baseline 0.004 -12"><span class='ocrx_word' id='word_1_243' title='bbox 1004 867 1082 903; x_wconf 81' lang='grc' dir='ltr'>ρανὶς</span> <span class='ocrx_word' id='word_1_244' title='bbox 1108 867 1157 902; x_wconf 89' lang='grc' dir='ltr'><strong>μία</strong></span> <span class='ocrx_word' id='word_1_245' title='bbox 1182 866 1251 902; x_wconf 78' lang='grc' dir='ltr'>πρὸς</span> <span class='ocrx_word' id='word_1_246' title='bbox 1279 867 1373 894; x_wconf 82' lang='grc' dir='ltr'>πᾶσαν</span> <span class='ocrx_word' id='word_1_247' title='bbox 1399 867 1455 894; x_wconf 88' lang='grc' dir='ltr'><strong>τῶν</strong></span> <span class='ocrx_word' id='word_1_248' title='bbox 1483 867 1588 895; x_wconf 82' lang='grc' dir='ltr'>ὑδάτων</span> <span class='ocrx_word' id='word_1_249' title='bbox 1604 869 1654 904; x_wconf 86' lang='grc' dir='ltr'>τὴν</span> <span class='ocrx_word' id='word_1_250' title='bbox 1671 859 1805 905; x_wconf 58' lang='grc' dir='ltr'>φύσινῆ</span> 
     </span>
    </p>
   </div>
   <div class='ocr_carea' id='block_1_36' title="bbox 151 911 949 949">
    <p class='ocr_par' dir='ltr' id='par_1_36' title="bbox 151 911 949 949">
     <span class='ocr_line' id='line_1_36' title="bbox 151 911 949 949; baseline -0.003 -9"><span class='ocrx_word' id='word_1_251' title='bbox 151 913 218 941; x_wconf 89' lang='lat' dir='ltr'><strong>libet.</strong></span> <span class='ocrx_word' id='word_1_252' title='bbox 232 913 372 949; x_wconf 78' lang='lat' dir='ltr'><strong>indignum</strong></span> <span class='ocrx_word' id='word_1_253' title='bbox 387 911 602 947; x_wconf 86' lang='lat' dir='ltr'><strong>comparatione.</strong></span> <span class='ocrx_word' id='word_1_254' title='bbox 618 911 684 943; x_wconf 68' lang='lat' dir='ltr'><strong>Lex,</strong></span> <span class='ocrx_word' id='word_1_255' title='bbox 701 911 791 946; x_wconf 85' lang='lat' dir='ltr'><strong>inquit</strong></span> <span class='ocrx_word' id='word_1_256' title='bbox 807 911 949 944; x_wconf 85' lang='lat' dir='ltr'><strong>Dominus,</strong></span> 
     </span>
    </p>
   </div>
   <div class='ocr_carea' id='block_1_37' title="bbox 151 957 950 991">
    <p class='ocr_par' dir='ltr' id='par_1_37' title="bbox 151 957 950 991">
     <span class='ocr_line' id='line_1_37' title="bbox 151 957 950 991; baseline -0.004 -4"><span class='ocrx_word' id='word_1_257' title='bbox 151 961 184 987; x_wconf 84' lang='lat' dir='ltr'><strong>de</strong></span> <span class='ocrx_word' id='word_1_258' title='bbox 203 958 269 987; x_wconf 81' lang='lat' dir='ltr'><strong>Sion</strong></span> <span class='ocrx_word' id='word_1_259' title='bbox 285 959 375 991; x_wconf 75' lang='lat' dir='ltr'><strong>exibit,</strong></span> <span class='ocrx_word' id='word_1_260' title='bbox 391 963 416 986; x_wconf 83' lang='lat' dir='ltr'><strong>et</strong></span> <span class='ocrx_word' id='word_1_261' title='bbox 431 958 538 986; x_wconf 84' lang='lat' dir='ltr'><strong>verbum</strong></span> <span class='ocrx_word' id='word_1_262' title='bbox 555 958 662 985; x_wconf 77' lang='lat' dir='ltr'><strong>Domini</strong></span> <span class='ocrx_word' id='word_1_263' title='bbox 681 958 712 985; x_wconf 84' lang='lat' dir='ltr'><strong>de</strong></span> <span class='ocrx_word' id='word_1_264' title='bbox 728 957 880 985; x_wconf 71' lang='lat' dir='ltr'><strong>Jerusalem</strong></span> <span class='ocrx_word' id='word_1_265' title='bbox 898 957 921 974; x_wconf 77' lang='lat'><strong>°’</strong></span> <span class='ocrx_word' id='word_1_266' title='bbox 939 966 950 991; x_wconf 72' lang='lat'><strong>,-</strong></span> 
     </span>
    </p>
   </div>
   <div class='ocr_carea' id='block_1_38' title="bbox 150 1003 950 1038">
    <p class='ocr_par' dir='ltr' id='par_1_38' title="bbox 150 1003 950 1038">
     <span class='ocr_line' id='line_1_38' title="bbox 150 1003 950 1038; baseline -0.004 -5"><span class='ocrx_word' id='word_1_267' title='bbox 150 1013 207 1033; x_wconf 91' lang='lat' dir='ltr'><strong>non</strong></span> <span class='ocrx_word' id='word_1_268' title='bbox 230 1011 322 1032; x_wconf 90' lang='lat' dir='ltr'><strong>autem</strong></span> <span class='ocrx_word' id='word_1_269' title='bbox 348 1005 383 1032; x_wconf 94' lang='lat' dir='ltr'><strong>de</strong></span> <span class='ocrx_word' id='word_1_270' title='bbox 407 1004 528 1032; x_wconf 86' lang='lat' dir='ltr'><strong>Tibriea.</strong></span> <span class='ocrx_word' id='word_1_271' title='bbox 552 1003 631 1038; x_wconf 83' lang='lat' dir='ltr'><strong>Quod</strong></span> <span class='ocrx_word' id='word_1_272' title='bbox 656 1004 678 1031; x_wconf 90' lang='lat' dir='ltr'><strong>si</strong></span> <span class='ocrx_word' id='word_1_273' title='bbox 697 1003 817 1031; x_wconf 80' lang='lat' dir='ltr'><strong>faustum</strong></span> <span class='ocrx_word' id='word_1_274' title='bbox 841 1003 894 1030; x_wconf 92' lang='lat' dir='ltr'><strong>hoc</strong></span> <span class='ocrx_word' id='word_1_275' title='bbox 921 1007 950 1030; x_wconf 90' lang='lat' dir='ltr'><strong>et</strong></span> 
     </span>
    </p>
   </div>
   <div class='ocr_carea' id='block_1_39' title="bbox 149 1049 949 1086">
    <p class='ocr_par' dir='ltr' id='par_1_39' title="bbox 149 1049 949 1086">
     <span class='ocr_line' id='line_1_39' title="bbox 149 1049 949 1086; baseline -0.004 -7"><span class='ocrx_word' id='word_1_276' title='bbox 149 1051 284 1086; x_wconf 88' lang='lat' dir='ltr'><strong>optimum</strong></span> <span class='ocrx_word' id='word_1_277' title='bbox 302 1051 398 1078; x_wconf 89' lang='lat' dir='ltr'><strong>audire</strong></span> <span class='ocrx_word' id='word_1_278' title='bbox 412 1058 428 1078; x_wconf 89' lang='lat' dir='ltr'><strong>a</strong></span> <span class='ocrx_word' id='word_1_279' title='bbox 445 1050 525 1078; x_wconf 90' lang='lat' dir='ltr'><strong>nobis</strong></span> <span class='ocrx_word' id='word_1_280' title='bbox 535 1050 682 1078; x_wconf 89' lang='lat' dir='ltr'><strong>consilium</strong></span> <span class='ocrx_word' id='word_1_281' title='bbox 699 1058 754 1078; x_wconf 90' lang='lat' dir='ltr'><strong>non</strong></span> <span class='ocrx_word' id='word_1_282' title='bbox 767 1049 854 1082; x_wconf 80' lang='lat' dir='ltr'><strong>fertis,</strong></span> <span class='ocrx_word' id='word_1_283' title='bbox 868 1056 949 1084; x_wconf 83' lang='lat' dir='ltr'><strong>pror-</strong></span> 
     </span>
    </p>
   </div>
   <div class='ocr_carea' id='block_1_40' title="bbox 149 1096 950 1133">
    <p class='ocr_par' dir='ltr' id='par_1_40' title="bbox 149 1096 950 1133">
     <span class='ocr_line' id='line_1_40' title="bbox 149 1096 950 1133; baseline -0.001 -8"><span class='ocrx_word' id='word_1_284' title='bbox 149 1105 197 1125; x_wconf 86' lang='lat' dir='ltr'><strong>sus</strong></span> <span class='ocrx_word' id='word_1_285' title='bbox 235 1097 292 1133; x_wconf 87' lang='lat' dir='ltr'><strong>jam</strong></span> <span class='ocrx_word' id='word_1_286' title='bbox 316 1097 462 1125; x_wconf 82' lang='lat' dir='ltr'><strong>ostenditis</strong></span> <span class='ocrx_word' id='word_1_287' title='bbox 493 1104 542 1124; x_wconf 91' lang='lat' dir='ltr'><strong>vos</strong></span> <span class='ocrx_word' id='word_1_288' title='bbox 570 1104 709 1125; x_wconf 87' lang='lat' dir='ltr'><strong>sacrarum</strong></span> <span class='ocrx_word' id='word_1_289' title='bbox 744 1096 950 1132; x_wconf 83' lang='lat' dir='ltr'><strong>Scripturarum</strong></span> 
     </span>
    </p>
   </div>
   <div class='ocr_carea' id='block_1_41' title="bbox 150 1142 950 1178">
    <p class='ocr_par' dir='ltr' id='par_1_41' title="bbox 150 1142 950 1178">
     <span class='ocr_line' id='line_1_41' title="bbox 150 1142 950 1178; baseline -0.003 -7"><span class='ocrx_word' id='word_1_290' title='bbox 150 1144 257 1171; x_wconf 92' lang='lat' dir='ltr'><strong>nullum</strong></span> <span class='ocrx_word' id='word_1_291' title='bbox 286 1151 366 1171; x_wconf 92' lang='lat' dir='ltr'><strong>usum</strong></span> <span class='ocrx_word' id='word_1_292' title='bbox 393 1143 514 1175; x_wconf 85' lang='lat' dir='ltr'><strong>habere.</strong></span> <span class='ocrx_word' id='word_1_293' title='bbox 536 1143 589 1171; x_wconf 90' lang='lat' dir='ltr'><strong>nisi</strong></span> <span class='ocrx_word' id='word_1_294' title='bbox 612 1147 749 1178; x_wconf 76' lang='lat' dir='ltr'><strong>quatenus</strong></span> <span class='ocrx_word' id='word_1_295' title='bbox 777 1142 810 1170; x_wconf 90' lang='lat' dir='ltr'><strong>ad</strong></span> <span class='ocrx_word' id='word_1_296' title='bbox 835 1142 950 1170; x_wconf 88' lang='lat' dir='ltr'><strong>aliarum</strong></span> 
     </span>
    </p>
   </div>
   <div class='ocr_carea' id='block_1_42' title="bbox 151 1188 950 1225">
    <p class='ocr_par' dir='ltr' id='par_1_42' title="bbox 151 1188 950 1225">
     <span class='ocr_line' id='line_1_42' title="bbox 151 1188 950 1225; baseline -0.003 -8"><span class='ocrx_word' id='word_1_297' title='bbox 151 1191 292 1219; x_wconf 63' lang='lat' dir='ltr'><strong>liazreseon</strong></span> <span class='ocrx_word' id='word_1_298' title='bbox 315 1190 439 1218; x_wconf 87' lang='lat' dir='ltr'><strong>velamen</strong></span> <span class='ocrx_word' id='word_1_299' title='bbox 464 1189 587 1225; x_wconf 84' lang='lat' dir='ltr'><strong>prodest.</strong></span> <span class='ocrx_word' id='word_1_300' title='bbox 607 1189 755 1225; x_wconf 85' lang='lat' dir='ltr'><strong>Propterea</strong></span> <span class='ocrx_word' id='word_1_301' title='bbox 777 1188 812 1216; x_wconf 92' lang='lat' dir='ltr'><strong>ad</strong></span> <span class='ocrx_word' id='word_1_302' title='bbox 826 1188 950 1216; x_wconf 85' lang='lat' dir='ltr'><strong>veritatis</strong></span> 
     </span>
    </p>
   </div>
   <div class='ocr_carea' id='block_1_43' title="bbox 149 1235 950 1272">
    <p class='ocr_par' dir='ltr' id='par_1_43' title="bbox 149 1235 950 1272">
     <span class='ocr_line' id='line_1_43' title="bbox 149 1235 950 1272; baseline -0.002 -8"><span class='ocrx_word' id='word_1_303' title='bbox 149 1237 243 1264; x_wconf 90' lang='lat' dir='ltr'><strong>lumen</strong></span> <span class='ocrx_word' id='word_1_304' title='bbox 268 1236 340 1264; x_wconf 82' lang='lat' dir='ltr'><strong>haud</strong></span> <span class='ocrx_word' id='word_1_305' title='bbox 359 1236 490 1264; x_wconf 84' lang='lat' dir='ltr'><strong>acceditis</strong></span> <span class='ocrx_word' id='word_1_306' title='bbox 502 1256 510 1269; x_wconf 82' lang='lat'><strong>,</strong></span> <span class='ocrx_word' id='word_1_307' title='bbox 529 1236 593 1271; x_wconf 86' lang='lat' dir='ltr'><strong>quia</strong></span> <span class='ocrx_word' id='word_1_308' title='bbox 610 1244 658 1263; x_wconf 90' lang='lat' dir='ltr'><strong>vos</strong></span> <span class='ocrx_word' id='word_1_309' title='bbox 676 1243 843 1272; x_wconf 72' lang='lat' dir='ltr'><strong>magnopere</strong></span> <span class='ocrx_word' id='word_1_310' title='bbox 866 1235 950 1270; x_wconf 89' lang='lat' dir='ltr'><strong>pudet</strong></span> 
     </span>
    </p>
   </div>
   <div class='ocr_carea' id='block_1_44' title="bbox 150 1281 947 1317">
    <p class='ocr_par' dir='ltr' id='par_1_44' title="bbox 150 1281 947 1317">
     <span class='ocr_line' id='line_1_44' title="bbox 150 1281 947 1317; baseline -0.003 -7"><span class='ocrx_word' id='word_1_311' title='bbox 150 1287 286 1310; x_wconf 87' lang='lat' dir='ltr'><strong>nocturna</strong></span> <span class='ocrx_word' id='word_1_312' title='bbox 301 1288 392 1310; x_wconf 89' lang='lat' dir='ltr'><strong>vestra</strong></span> <span class='ocrx_word' id='word_1_313' title='bbox 408 1290 469 1317; x_wconf 66' lang='lat' dir='ltr'><strong>quae</strong></span> <span class='ocrx_word' id='word_1_314' title='bbox 484 1281 562 1310; x_wconf 83' lang='lat' dir='ltr'><strong>eﬂ&#39;ari</strong></span> <span class='ocrx_word' id='word_1_315' title='bbox 579 1290 634 1310; x_wconf 89' lang='lat' dir='ltr'><strong>non</strong></span> <span class='ocrx_word' id='word_1_316' title='bbox 651 1282 715 1309; x_wconf 86' lang='lat' dir='ltr'><strong>licet</strong></span> <span class='ocrx_word' id='word_1_317' title='bbox 729 1289 823 1316; x_wconf 83' lang='lat' dir='ltr'><strong>opera,</strong></span> <span class='ocrx_word' id='word_1_318' title='bbox 848 1281 947 1309; x_wconf 90' lang='lat' dir='ltr'><strong>diurna</strong></span> 
     </span>
    </p>
   </div>
   <div class='ocr_carea' id='block_1_45' title="bbox 149 1327 945 1364">
    <p class='ocr_par' dir='ltr' id='par_1_45' title="bbox 149 1327 945 1364">
     <span class='ocr_line' id='line_1_45' title="bbox 149 1327 945 1364; baseline -0.001 -8"><span class='ocrx_word' id='word_1_319' title='bbox 149 1330 209 1357; x_wconf 86' lang='lat' dir='ltr'><strong>luce</strong></span> <span class='ocrx_word' id='word_1_320' title='bbox 223 1329 359 1356; x_wconf 84' lang='lat' dir='ltr'><strong>illustrare</strong></span> <span class='ocrx_word' id='word_1_321' title='bbox 372 1329 516 1364; x_wconf 72' lang='lat' dir='ltr'><strong>palamque</strong></span> <span class='ocrx_word' id='word_1_322' title='bbox 534 1328 641 1361; x_wconf 80' lang='lat' dir='ltr'><strong>facere,</strong></span> <span class='ocrx_word' id='word_1_323' title='bbox 660 1328 708 1356; x_wconf 91' lang='lat' dir='ltr'><strong>sed</strong></span> <span class='ocrx_word' id='word_1_324' title='bbox 723 1327 855 1355; x_wconf 87' lang='lat' dir='ltr'><strong>adversus</strong></span> <span class='ocrx_word' id='word_1_325' title='bbox 869 1327 945 1355; x_wconf 87' lang='lat' dir='ltr'><strong>stoli-</strong></span> 
     </span>
    </p>
   </div>
   <div class='ocr_carea' id='block_1_46' title="bbox 1003 911 1805 950">
    <p class='ocr_par' dir='ltr' id='par_1_46' title="bbox 1003 911 1805 950">
     <span class='ocr_line' id='line_1_46' title="bbox 1003 911 1805 950; baseline 0.002 -10"><span class='ocrx_word' id='word_1_326' title='bbox 1003 912 1080 949; x_wconf 68' lang='grc' dir='ltr'><strong>[θοὰ.</strong></span> <span class='ocrx_word' id='word_1_327' title='bbox 1097 912 1116 940; x_wconf 79' lang='lat' dir='ltr'><strong>f.</strong></span> <span class='ocrx_word' id='word_1_328' title='bbox 1133 913 1184 940; x_wconf 74' lang='grc'><strong>125</strong></span> <span class='ocrx_word' id='word_1_329' title='bbox 1199 911 1242 948; x_wconf 78' lang='grc'><strong>1).]</strong></span> <span class='ocrx_word' id='word_1_330' title='bbox 1261 912 1362 948; x_wconf 79' lang='grc' dir='ltr'>βοτάνη</span> <span class='ocrx_word' id='word_1_331' title='bbox 1381 913 1432 948; x_wconf 86' lang='grc' dir='ltr'><strong>μία</strong></span> <span class='ocrx_word' id='word_1_332' title='bbox 1449 913 1519 949; x_wconf 77' lang='grc' dir='ltr'>πρὸς</span> <span class='ocrx_word' id='word_1_333' title='bbox 1545 913 1595 950; x_wconf 79' lang='grc' dir='ltr'>τὴν</span> <span class='ocrx_word' id='word_1_334' title='bbox 1608 914 1661 950; x_wconf 82' lang='grc' dir='ltr'>γῆν</span> <span class='ocrx_word' id='word_1_335' title='bbox 1677 914 1805 942; x_wconf 73' lang='grc' dir='ltr'>ἃπασαν·</span> 
     </span>
    </p>
   </div>
   <div class='ocr_carea' id='block_1_47' title="bbox 1003 957 1808 995">
    <p class='ocr_par' dir='ltr' id='par_1_47' title="bbox 1003 957 1808 995">
     <span class='ocr_line' id='line_1_47' title="bbox 1003 957 1808 995; baseline 0.002 -10"><span class='ocrx_word' id='word_1_336' title='bbox 1003 957 1047 993; x_wconf 77' lang='grc' dir='ltr'>ἢὸ</span> <span class='ocrx_word' id='word_1_337' title='bbox 1063 966 1089 984; x_wconf 90' lang='grc' dir='ltr'><strong>τι</strong></span> <span class='ocrx_word' id='word_1_338' title='bbox 1105 958 1138 986; x_wconf 83' lang='grc' dir='ltr'><strong>άν</strong></span> <span class='ocrx_word' id='word_1_339' title='bbox 1153 966 1197 991; x_wconf 83' lang='grc' dir='ltr'><strong>τις</strong></span> <span class='ocrx_word' id='word_1_340' title='bbox 1219 957 1284 985; x_wconf 77' lang='grc' dir='ltr'>ἄλλο</span> <span class='ocrx_word' id='word_1_341' title='bbox 1299 957 1373 985; x_wconf 77' lang='grc' dir='ltr'>εἴποι</span> <span class='ocrx_word' id='word_1_342' title='bbox 1391 958 1447 985; x_wconf 83' lang='grc' dir='ltr'><strong>τῶν</strong></span> <span class='ocrx_word' id='word_1_343' title='bbox 1469 958 1620 994; x_wconf 78' lang='grc' dir='ltr'>ἐλαχίστων</span> <span class='ocrx_word' id='word_1_344' title='bbox 1635 959 1808 995; x_wconf 79' lang='grc' dir='ltr'>ὲλαχιστότα-</span> 
     </span>
    </p>
   </div>
   <div class='ocr_carea' id='block_1_48' title="bbox 1001 1003 1806 1041">
    <p class='ocr_par' dir='ltr' id='par_1_48' title="bbox 1001 1003 1806 1041">
     <span class='ocr_line' id='line_1_48' title="bbox 1001 1003 1806 1041; baseline 0.005 -11"><span class='ocrx_word' id='word_1_345' title='bbox 1001 1012 1058 1036; x_wconf 82' lang='grc' dir='ltr'>τον,</span> <span class='ocrx_word' id='word_1_346' title='bbox 1071 1003 1118 1030; x_wconf 78' lang='grc' dir='ltr'>καὶ</span> <span class='ocrx_word' id='word_1_347' title='bbox 1132 1003 1243 1037; x_wconf 79' lang='grc' dir='ltr'>ἀνάξιον</span> <span class='ocrx_word' id='word_1_348' title='bbox 1259 1004 1449 1040; x_wconf 77' lang='grc' dir='ltr'>συγκρίσεως’</span> <span class='ocrx_word' id='word_1_349' title='bbox 1462 1005 1563 1040; x_wconf 80' lang='grc' dir='ltr'>Νόμος</span> <span class='ocrx_word' id='word_1_350' title='bbox 1575 1005 1643 1041; x_wconf 87' lang='grc' dir='ltr'>γὰρ,</span> <span class='ocrx_word' id='word_1_351' title='bbox 1653 1006 1733 1041; x_wconf 70' lang='grc' dir='ltr'>φησι,</span> <span class='ocrx_word' id='word_1_352' title='bbox 1747 1008 1806 1034; x_wconf 82' lang='grc' dir='ltr'><strong>Κυ-</strong></span> 
     </span>
    </p>
   </div>
   <div class='ocr_carea' id='block_1_49' title="bbox 998 1049 1804 1087">
    <p class='ocr_par' dir='ltr' id='par_1_49' title="bbox 998 1049 1804 1087">
     <span class='ocr_line' id='line_1_49' title="bbox 998 1049 1804 1087; baseline 0.005 -11"><span class='ocrx_word' id='word_1_353' title='bbox 998 1049 1069 1084; x_wconf 83' lang='grc' dir='ltr'>ρίου</span> <span class='ocrx_word' id='word_1_354' title='bbox 1087 1049 1122 1077; x_wconf 63' lang='lat' dir='ltr'><strong>ex</strong></span> <span class='ocrx_word' id='word_1_355' title='bbox 1139 1049 1218 1077; x_wconf 80' lang='grc' dir='ltr'><strong>Σιὼν</strong></span> <span class='ocrx_word' id='word_1_356' title='bbox 1235 1050 1440 1083; x_wconf 72' lang='grc' dir='ltr'>ἐξελεύσεται,</span> <span class='ocrx_word' id='word_1_357' title='bbox 1462 1050 1512 1077; x_wconf 77' lang='grc' dir='ltr'>καὶ</span> <span class='ocrx_word' id='word_1_358' title='bbox 1527 1051 1620 1087; x_wconf 76' lang='grc' dir='ltr'>λόγος</span> <span class='ocrx_word' id='word_1_359' title='bbox 1647 1053 1756 1086; x_wconf 82' lang='grc' dir='ltr'>Κυρίου</span> <span class='ocrx_word' id='word_1_360' title='bbox 1770 1053 1804 1086; x_wconf 79' lang='grc' dir='ltr'><strong>ἐξ</strong></span> 
     </span>
    </p>
   </div>
   <div class='ocr_carea' id='block_1_50' title="bbox 1009 1094 1805 1131">
    <p class='ocr_par' dir='ltr' id='par_1_50' title="bbox 1009 1094 1805 1131">
     <span class='ocr_line' id='line_1_50' title="bbox 1009 1094 1805 1131; baseline 0.006 -10"><span class='ocrx_word' id='word_1_361' title='bbox 1009 1094 1229 1130; x_wconf 75' lang='grc' dir='ltr'>Ἰερουσαλὴμ,</span> <span class='ocrx_word' id='word_1_362' title='bbox 1254 1096 1292 1131; x_wconf 87' lang='grc' dir='ltr'><strong>μὴ</strong></span> <span class='ocrx_word' id='word_1_363' title='bbox 1319 1095 1373 1123; x_wconf 82' lang='grc' dir='ltr'><strong>ἀπὸ</strong></span> <span class='ocrx_word' id='word_1_364' title='bbox 1397 1095 1540 1131; x_wconf 81' lang='grc' dir='ltr'>Τιὸρικῆς.</span> <span class='ocrx_word' id='word_1_365' title='bbox 1572 1097 1605 1123; x_wconf 84' lang='lat' dir='ltr'><strong>El</strong></span> <span class='ocrx_word' id='word_1_366' title='bbox 1631 1096 1654 1124; x_wconf 87' lang='grc' dir='ltr'>δ’</span> <span class='ocrx_word' id='word_1_367' title='bbox 1677 1098 1728 1124; x_wconf 83' lang='grc' dir='ltr'>οὐκ</span> <span class='ocrx_word' id='word_1_368' title='bbox 1756 1098 1805 1126; x_wconf 81' lang='grc' dir='ltr'><strong>ἀν-</strong></span> 
     </span>
    </p>
   </div>
   <div class='ocr_carea' id='block_1_51' title="bbox 999 1140 1804 1180">
    <p class='ocr_par' dir='ltr' id='par_1_51' title="bbox 999 1140 1804 1180">
     <span class='ocr_line' id='line_1_51' title="bbox 999 1140 1804 1180; baseline 0.005 -13"><span class='ocrx_word' id='word_1_369' title='bbox 999 1140 1094 1176; x_wconf 84' lang='grc' dir='ltr'>έχεσθε</span> <span class='ocrx_word' id='word_1_370' title='bbox 1105 1142 1208 1177; x_wconf 86' lang='grc' dir='ltr'>ταύτης</span> <span class='ocrx_word' id='word_1_371' title='bbox 1216 1141 1333 1169; x_wconf 81' lang='grc' dir='ltr'>ἀκοῦσαι</span> <span class='ocrx_word' id='word_1_372' title='bbox 1349 1141 1399 1177; x_wconf 85' lang='grc' dir='ltr'><strong>τῆς</strong></span> <span class='ocrx_word' id='word_1_373' title='bbox 1410 1142 1502 1174; x_wconf 87' lang='grc' dir='ltr'>αίσίας</span> <span class='ocrx_word' id='word_1_374' title='bbox 1517 1142 1565 1169; x_wconf 65' lang='grc' dir='ltr'><strong>καὶ¹</strong></span> <span class='ocrx_word' id='word_1_375' title='bbox 1576 1143 1724 1179; x_wconf 86' lang='grc' dir='ltr'>καλλίστης</span> <span class='ocrx_word' id='word_1_376' title='bbox 1739 1144 1804 1180; x_wconf 89' lang='grc' dir='ltr'>βου-</span> 
     </span>
    </p>
   </div>
   <div class='ocr_carea' id='block_1_52' title="bbox 997 1187 1804 1226">
    <p class='ocr_par' dir='ltr' id='par_1_52' title="bbox 997 1187 1804 1226">
     <span class='ocr_line' id='line_1_52' title="bbox 997 1187 1804 1226; baseline 0.005 -12"><span class='ocrx_word' id='word_1_377' title='bbox 997 1187 1048 1223; x_wconf 86' lang='grc' dir='ltr'>λῆς</span> <span class='ocrx_word' id='word_1_378' title='bbox 1058 1188 1149 1223; x_wconf 83' lang='grc' dir='ltr'>ἡμῶν,</span> <span class='ocrx_word' id='word_1_379' title='bbox 1165 1187 1276 1220; x_wconf 82' lang='grc' dir='ltr'>πάντως</span> <span class='ocrx_word' id='word_1_380' title='bbox 1295 1188 1412 1215; x_wconf 80' lang='grc' dir='ltr'>αὐτόθεν</span> <span class='ocrx_word' id='word_1_381' title='bbox 1433 1188 1573 1216; x_wconf 84' lang='grc' dir='ltr'>δείκνυται</span> <span class='ocrx_word' id='word_1_382' title='bbox 1589 1190 1631 1216; x_wconf 80' lang='grc' dir='ltr'>ὅτι</span> <span class='ocrx_word' id='word_1_383' title='bbox 1646 1189 1703 1217; x_wconf 87' lang='grc' dir='ltr'><strong>τῶν</strong></span> <span class='ocrx_word' id='word_1_384' title='bbox 1719 1191 1804 1226; x_wconf 87' lang='grc' dir='ltr'>ἱερῶν</span> 
     </span>
    </p>
   </div>
   <div class='ocr_carea' id='block_1_53' title="bbox 998 1233 1804 1272">
    <p class='ocr_par' dir='ltr' id='par_1_53' title="bbox 998 1233 1804 1272">
     <span class='ocr_line' id='line_1_53' title="bbox 998 1233 1804 1272; baseline 0.005 -12"><span class='ocrx_word' id='word_1_385' title='bbox 998 1233 1085 1268; x_wconf 85' lang='grc' dir='ltr'>λόγων</span> <span class='ocrx_word' id='word_1_386' title='bbox 1096 1233 1146 1269; x_wconf 86' lang='grc' dir='ltr'>τὴν</span> <span class='ocrx_word' id='word_1_387' title='bbox 1160 1235 1259 1270; x_wconf 85' lang='grc' dir='ltr'>χρῆσιν</span> <span class='ocrx_word' id='word_1_388' title='bbox 1271 1234 1334 1261; x_wconf 84' lang='grc' dir='ltr'>καθ’</span> <span class='ocrx_word' id='word_1_389' title='bbox 1346 1235 1446 1270; x_wconf 83' lang='grc' dir='ltr'>ἑαυτὴν</span> <span class='ocrx_word' id='word_1_390' title='bbox 1460 1234 1512 1262; x_wconf 85' lang='grc' dir='ltr'>οὐκ</span> <span class='ocrx_word' id='word_1_391' title='bbox 1527 1235 1615 1271; x_wconf 77' lang='grc' dir='ltr'>ἔχετε,</span> <span class='ocrx_word' id='word_1_392' title='bbox 1634 1236 1703 1263; x_wconf 85' lang='grc' dir='ltr'>ἀλλὰ</span> <span class='ocrx_word' id='word_1_393' title='bbox 1720 1237 1804 1272; x_wconf 89' lang='grc' dir='ltr'>μόνον</span> 
     </span>
    </p>
   </div>
   <div class='ocr_carea' id='block_1_54' title="bbox 999 1279 1803 1319">
    <p class='ocr_par' dir='ltr' id='par_1_54' title="bbox 999 1279 1803 1319">
     <span class='ocr_line' id='line_1_54' title="bbox 999 1279 1803 1319; baseline 0.005 -13"><span class='ocrx_word' id='word_1_394' title='bbox 999 1280 1069 1315; x_wconf 73' lang='grc' dir='ltr'>πρὸς</span> <span class='ocrx_word' id='word_1_395' title='bbox 1092 1280 1257 1315; x_wconf 79' lang='grc' dir='ltr'>ὲπικάλυψιν</span> <span class='ocrx_word' id='word_1_396' title='bbox 1279 1279 1381 1316; x_wconf 76' lang='grc' dir='ltr'>ἐτέρων</span> <span class='ocrx_word' id='word_1_397' title='bbox 1397 1279 1445 1316; x_wconf 83' lang='lat' dir='ltr'><strong>[an</strong></span> <span class='ocrx_word' id='word_1_398' title='bbox 1468 1288 1518 1316; x_wconf 87' lang='lat' dir='ltr'><strong>pro</strong></span> <span class='ocrx_word' id='word_1_399' title='bbox 1536 1281 1691 1318; x_wconf 80' lang='grc' dir='ltr'>ὑμετέρων]</span> <span class='ocrx_word' id='word_1_400' title='bbox 1724 1283 1803 1319; x_wconf 74' lang='grc' dir='ltr'>αἰρέ-</span> 
     </span>
    </p>
   </div>
   <div class='ocr_carea' id='block_1_55' title="bbox 997 1326 1802 1364">
    <p class='ocr_par' dir='ltr' id='par_1_55' title="bbox 997 1326 1802 1364">
     <span class='ocr_line' id='line_1_55' title="bbox 997 1326 1802 1364; baseline 0.004 -11"><span class='ocrx_word' id='word_1_401' title='bbox 997 1334 1084 1353; x_wconf 89' lang='grc' dir='ltr'>σεων·</span> <span class='ocrx_word' id='word_1_402' title='bbox 1101 1326 1150 1353; x_wconf 80' lang='grc' dir='ltr'>καὶ</span> <span class='ocrx_word' id='word_1_403' title='bbox 1177 1326 1222 1354; x_wconf 84' lang='grc' dir='ltr'><strong>διὰ</strong></span> <span class='ocrx_word' id='word_1_404' title='bbox 1243 1326 1323 1353; x_wconf 82' lang='grc' dir='ltr'>τοῦτο</span> <span class='ocrx_word' id='word_1_405' title='bbox 1339 1327 1389 1353; x_wconf 82' lang='grc' dir='ltr'>οὐκ</span> <span class='ocrx_word' id='word_1_406' title='bbox 1402 1326 1515 1362; x_wconf 77' lang='grc' dir='ltr'>ἔρχεσθε</span> <span class='ocrx_word' id='word_1_407' title='bbox 1540 1327 1610 1363; x_wconf 83' lang='grc' dir='ltr'>πρὸς</span> <span class='ocrx_word' id='word_1_408' title='bbox 1627 1328 1659 1354; x_wconf 81' lang='grc' dir='ltr'>τὸ</span> <span class='ocrx_word' id='word_1_409' title='bbox 1675 1329 1734 1362; x_wconf 86' lang='grc' dir='ltr'>φῶς</span> <span class='ocrx_word' id='word_1_410' title='bbox 1747 1328 1802 1364; x_wconf 86' lang='grc' dir='ltr'>τῆς</span> 
     </span>
    </p>
   </div>
   <div class='ocr_carea' id='block_1_56' title="bbox 148 1372 946 1410">
    <p class='ocr_par' dir='ltr' id='par_1_56' title="bbox 148 1373 946 1410">
     <span class='ocr_line' id='line_1_56' title="bbox 148 1373 946 1410; baseline -0.001 -9"><span class='ocrx_word' id='word_1_411' title='bbox 148 1376 198 1402; x_wconf 77' lang='lat' dir='ltr'><strong>dos</strong></span> <span class='ocrx_word' id='word_1_412' title='bbox 214 1378 320 1402; x_wconf 86' lang='lat' dir='ltr'><strong>tantum</strong></span> <span class='ocrx_word' id='word_1_413' title='bbox 339 1373 531 1409; x_wconf 87' lang='lat' dir='ltr'><strong>simplicesque</strong></span> <span class='ocrx_word' id='word_1_414' title='bbox 547 1373 673 1401; x_wconf 83' lang='lat' dir='ltr'><strong>homines</strong></span> <span class='ocrx_word' id='word_1_415' title='bbox 686 1373 804 1410; x_wconf 77' lang='lat' dir='ltr'><strong>gladium</strong></span> <span class='ocrx_word' id='word_1_416' title='bbox 823 1377 946 1401; x_wconf 89' lang='lat' dir='ltr'><strong>vestrum</strong></span> 
     </span>
    </p>
   </div>
   <div class='ocr_carea' id='block_1_57' title="bbox 998 1372 1799 1410">
    <p class='ocr_par' dir='ltr' id='par_1_57' title="bbox 998 1372 1799 1410">
     <span class='ocr_line' id='line_1_57' title="bbox 998 1372 1799 1410; baseline 0.004 -11"><span class='ocrx_word' id='word_1_417' title='bbox 998 1372 1125 1408; x_wconf 72' lang='grc' dir='ltr'>ἀληθείας</span> <span class='ocrx_word' id='word_1_418' title='bbox 1140 1372 1236 1408; x_wconf 83' lang='grc' dir='ltr'>ὥσπερ</span> <span class='ocrx_word' id='word_1_419' title='bbox 1257 1373 1448 1408; x_wconf 73' lang='grc' dir='ltr'>αἰσχυνόμενοι</span> <span class='ocrx_word' id='word_1_420' title='bbox 1477 1373 1525 1400; x_wconf 74' lang='grc' dir='ltr'>καὶ</span> <span class='ocrx_word' id='word_1_421' title='bbox 1554 1374 1738 1410; x_wconf 79' lang='grc' dir='ltr'>ὲρυθριῶντες</span> <span class='ocrx_word' id='word_1_422' title='bbox 1762 1377 1799 1402; x_wconf 72' lang='grc' dir='ltr'>τὰ</span> 
     </span>
    </p>
   </div>
   <div class='ocr_carea' id='block_1_58' title="bbox 148 1419 944 1455">
    <p class='ocr_par' dir='ltr' id='par_1_58' title="bbox 148 1419 944 1455">
     <span class='ocr_line' id='line_1_58' title="bbox 148 1419 944 1455; baseline 0 -8"><span class='ocrx_word' id='word_1_423' title='bbox 148 1420 228 1448; x_wconf 88' lang='lat' dir='ltr'><strong>melle</strong></span> <span class='ocrx_word' id='word_1_424' title='bbox 242 1419 340 1447; x_wconf 91' lang='lat' dir='ltr'><strong>illitum</strong></span> <span class='ocrx_word' id='word_1_425' title='bbox 355 1425 525 1452; x_wconf 82' lang='lat' dir='ltr'><strong>exserentes,</strong></span> <span class='ocrx_word' id='word_1_426' title='bbox 541 1420 634 1447; x_wconf 88' lang='lat' dir='ltr'><strong>omnia</strong></span> <span class='ocrx_word' id='word_1_427' title='bbox 652 1419 680 1447; x_wconf 90' lang='lat' dir='ltr'><strong>in</strong></span> <span class='ocrx_word' id='word_1_428' title='bbox 696 1419 816 1448; x_wconf 86' lang='lat' dir='ltr'><strong>tenebris</strong></span> <span class='ocrx_word' id='word_1_429' title='bbox 828 1419 944 1455; x_wconf 78' lang='lat' dir='ltr'><strong>profun-</strong></span> 
     </span>
    </p>
   </div>
   <div class='ocr_carea' id='block_1_59' title="bbox 147 1465 490 1502">
    <p class='ocr_par' dir='ltr' id='par_1_59' title="bbox 147 1465 490 1502">
     <span class='ocr_line' id='line_1_59' title="bbox 147 1465 490 1502; baseline 0.003 -9"><span class='ocrx_word' id='word_1_430' title='bbox 147 1465 235 1501; x_wconf 88' lang='lat' dir='ltr'><strong>daque</strong></span> <span class='ocrx_word' id='word_1_431' title='bbox 254 1471 337 1495; x_wconf 87' lang='lat' dir='ltr'><strong>nocte</strong></span> <span class='ocrx_word' id='word_1_432' title='bbox 350 1466 490 1502; x_wconf 79' lang='lat' dir='ltr'><strong>peragitis.</strong></span> 
     </span>
    </p>
   </div>
   <div class='ocr_carea' id='block_1_60' title="bbox 993 1418 1801 1456">
    <p class='ocr_par' dir='ltr' id='par_1_60' title="bbox 993 1418 1801 1456">
     <span class='ocr_line' id='line_1_60' title="bbox 993 1418 1801 1456; baseline 0.002 -10"><span class='ocrx_word' id='word_1_433' title='bbox 993 1419 1091 1451; x_wconf 81' lang='grc' dir='ltr'>νυκτὸς</span> <span class='ocrx_word' id='word_1_434' title='bbox 1112 1419 1182 1455; x_wconf 75' lang='grc' dir='ltr'>ἔργα</span> <span class='ocrx_word' id='word_1_435' title='bbox 1198 1419 1254 1446; x_wconf 87' lang='grc' dir='ltr'><strong>τῶν</strong></span> <span class='ocrx_word' id='word_1_436' title='bbox 1275 1418 1470 1455; x_wconf 76' lang='grc' dir='ltr'>ἁρῤητοποιῶν</span> <span class='ocrx_word' id='word_1_437' title='bbox 1483 1418 1524 1455; x_wconf 84' lang='grc' dir='ltr'>τῷ</span> <span class='ocrx_word' id='word_1_438' title='bbox 1539 1419 1590 1455; x_wconf 78' lang='grc' dir='ltr'>τῆς</span> <span class='ocrx_word' id='word_1_439' title='bbox 1605 1420 1711 1456; x_wconf 80' lang='grc' dir='ltr'>ἡμέρας</span> <span class='ocrx_word' id='word_1_440' title='bbox 1728 1421 1801 1455; x_wconf 81' lang='grc' dir='ltr'>φωτὶ</span> 
     </span>
    </p>
   </div>
   <div class='ocr_carea' id='block_1_61' title="bbox 991 1465 1800 1502">
    <p class='ocr_par' dir='ltr' id='par_1_61' title="bbox 991 1465 1800 1502">
     <span class='ocr_line' id='line_1_61' title="bbox 991 1465 1800 1502; baseline 0.002 -10"><span class='ocrx_word' id='word_1_441' title='bbox 991 1465 1192 1493; x_wconf 84' lang='grc' dir='ltr'>ἀνακαλύπτειν</span> <span class='ocrx_word' id='word_1_442' title='bbox 1208 1467 1254 1492; x_wconf 79' lang='grc' dir='ltr'>καὶ</span> <span class='ocrx_word' id='word_1_443' title='bbox 1265 1466 1334 1492; x_wconf 83' lang='grc' dir='ltr'>πᾶσι</span> <span class='ocrx_word' id='word_1_444' title='bbox 1351 1466 1536 1502; x_wconf 85' lang='grc' dir='ltr'>δημοσιεύειν,</span> <span class='ocrx_word' id='word_1_445' title='bbox 1549 1466 1619 1494; x_wconf 73' lang='grc' dir='ltr'>ἀλλὰ</span> <span class='ocrx_word' id='word_1_446' title='bbox 1636 1467 1717 1502; x_wconf 90' lang='grc' dir='ltr'>μόνον</span> <span class='ocrx_word' id='word_1_447' title='bbox 1727 1466 1800 1494; x_wconf 76' lang='grc' dir='ltr'>κατὰ</span> 
     </span>
    </p>
   </div>
   <div class='ocr_carea' id='block_1_62' title="bbox 147 1511 1800 1549">
    <p class='ocr_par' dir='ltr' id='par_1_62' title="bbox 147 1511 1800 1549">
     <span class='ocr_line' id='line_1_62' title="bbox 147 1511 1800 1549; baseline 0.001 -10"><span class='ocrx_word' id='word_1_448' title='bbox 147 1511 201 1539; x_wconf 89' lang='grc' dir='ltr'>τῶν</span> <span class='ocrx_word' id='word_1_449' title='bbox 219 1513 342 1549; x_wconf 79' lang='grc' dir='ltr'>ἀνοήτων</span> <span class='ocrx_word' id='word_1_450' title='bbox 359 1513 406 1540; x_wconf 85' lang='grc' dir='ltr'><strong>καὶ</strong></span> <span class='ocrx_word' id='word_1_451' title='bbox 419 1512 527 1547; x_wconf 84' lang='grc' dir='ltr'>ἀφελῶν</span> <span class='ocrx_word' id='word_1_452' title='bbox 542 1511 694 1548; x_wconf 83' lang='grc' dir='ltr'>ἀνθρώπων</span> <span class='ocrx_word' id='word_1_453' title='bbox 706 1512 754 1548; x_wconf 81' lang='grc' dir='ltr'>τὴν</span> <span class='ocrx_word' id='word_1_454' title='bbox 769 1513 907 1548; x_wconf 86' lang='grc' dir='ltr'>μάχαιραν</span> <span class='ocrx_word' id='word_1_455' title='bbox 924 1511 1012 1548; x_wconf 81' lang='grc' dir='ltr'>μέλιτι</span> <span class='ocrx_word' id='word_1_456' title='bbox 1029 1511 1214 1548; x_wconf 82' lang='grc' dir='ltr'>κεχρισμένην</span> <span class='ocrx_word' id='word_1_457' title='bbox 1240 1512 1408 1549; x_wconf 82' lang='grc' dir='ltr'>προσφέρειν</span> <span class='ocrx_word' id='word_1_458' title='bbox 1427 1513 1457 1540; x_wconf 79' lang='grc' dir='ltr'>ὲν</span> <span class='ocrx_word' id='word_1_459' title='bbox 1475 1512 1567 1540; x_wconf 83' lang='grc' dir='ltr'>σκότει</span> <span class='ocrx_word' id='word_1_460' title='bbox 1581 1513 1629 1540; x_wconf 77' lang='grc' dir='ltr'>καὶ</span> <span class='ocrx_word' id='word_1_461' title='bbox 1643 1514 1722 1541; x_wconf 81' lang='grc' dir='ltr'>νυκτὶ</span> <span class='ocrx_word' id='word_1_462' title='bbox 1749 1512 1800 1549; x_wconf 85' lang='grc' dir='ltr'>βα-</span> 
     </span>
    </p>
   </div>
   <div class='ocr_carea' id='block_1_63' title="bbox 146 1559 561 1595">
    <p class='ocr_par' dir='ltr' id='par_1_63' title="bbox 146 1559 561 1595">
     <span class='ocr_line' id='line_1_63' title="bbox 146 1559 561 1595; baseline 0 -9"><span class='ocrx_word' id='word_1_463' title='bbox 146 1559 207 1595; x_wconf 80' lang='grc' dir='ltr'>θείᾳ</span> <span class='ocrx_word' id='word_1_464' title='bbox 222 1559 310 1586; x_wconf 89' lang='grc' dir='ltr'>πάντα</span> <span class='ocrx_word' id='word_1_465' title='bbox 322 1559 561 1595; x_wconf 77' lang='grc' dir='ltr'>διαπραττόμενοι.</span> 
     </span>
    </p>
   </div>
   <div class='ocr_carea' id='block_1_64' title="bbox 183 1584 946 1642">
    <p class='ocr_par' dir='ltr' id='par_1_64' title="bbox 183 1584 943 1642">
     <span class='ocr_line' id='line_1_64' title="bbox 183 1584 943 1642; baseline 0.001 -9"><span class='ocrx_word' id='word_1_466' title='bbox 627 1605 770 1640; x_wconf 88' lang='lat' dir='ltr'><strong>perducta,</strong></span> <span class='ocrx_word' id='word_1_467' title='bbox 787 1605 859 1634; x_wconf 89' lang='lat' dir='ltr'><strong>aliud</strong></span> <span class='ocrx_word' id='word_1_468' title='bbox 876 1614 943 1642; x_wconf 90' lang='lat' dir='ltr'><strong>quo-</strong></span> 
     </span>
    </p>
   </div>
   <div class='ocr_carea' id='block_1_65' title="bbox 998 1584 1799 1642">
    <p class='ocr_par' dir='ltr' id='par_1_65' title="bbox 1033 1584 1799 1642">
     <span class='ocr_line' id='line_1_65' title="bbox 1033 1584 1799 1642; baseline 0.001 -10"><span class='ocrx_word' id='word_1_469' title='bbox 1033 1604 1082 1632; x_wconf 90' lang='lat' dir='ltr'><strong>lZ&#39;.</strong></span> <span class='ocrx_word' id='word_1_470' title='bbox 1105 1604 1239 1633; x_wconf 85' lang='grc' dir='ltr'>Ἐνταῦοα</span> <span class='ocrx_word' id='word_1_471' title='bbox 1261 1605 1290 1632; x_wconf 75' lang='grc' dir='ltr'>δὲ</span> <span class='ocrx_word' id='word_1_472' title='bbox 1310 1604 1359 1632; x_wconf 78' lang='grc' dir='ltr'>τοῦ</span> <span class='ocrx_word' id='word_1_473' title='bbox 1381 1605 1463 1640; x_wconf 85' lang='grc' dir='ltr'>λόγου</span> <span class='ocrx_word' id='word_1_474' title='bbox 1484 1584 1644 1642; x_wconf 75' lang='grc' dir='ltr'>γενόμενος,</span> <span class='ocrx_word' id='word_1_475' title='bbox 1668 1606 1799 1638; x_wconf 76' lang='grc' dir='ltr'>ἐξετάσαι</span> 
     </span>
    </p>
   </div>
   <div class='ocr_carea' id='block_1_66' title="bbox 146 1652 946 1688">
    <p class='ocr_par' dir='ltr' id='par_1_66' title="bbox 146 1652 946 1688">
     <span class='ocr_line' id='line_1_66' title="bbox 146 1652 946 1688; baseline 0 -8"><span class='ocrx_word' id='word_1_476' title='bbox 146 1660 200 1688; x_wconf 92' lang='lat' dir='ltr'><strong>que</strong></span> <span class='ocrx_word' id='word_1_477' title='bbox 215 1652 370 1688; x_wconf 87' lang='lat' dir='ltr'><strong>disquirere</strong></span> <span class='ocrx_word' id='word_1_478' title='bbox 386 1652 517 1685; x_wconf 86' lang='lat' dir='ltr'><strong>conabor,</strong></span> <span class='ocrx_word' id='word_1_479' title='bbox 532 1652 566 1680; x_wconf 87' lang='lat' dir='ltr'><strong>ab</strong></span> <span class='ocrx_word' id='word_1_480' title='bbox 583 1652 616 1680; x_wconf 89' lang='lat' dir='ltr'><strong>iis</strong></span> <span class='ocrx_word' id='word_1_481' title='bbox 629 1659 679 1679; x_wconf 81' lang='lat' dir='ltr'><strong>ceu</strong></span> <span class='ocrx_word' id='word_1_482' title='bbox 691 1652 812 1680; x_wconf 88' lang='lat' dir='ltr'><strong>validum</strong></span> <span class='ocrx_word' id='word_1_483' title='bbox 832 1653 946 1688; x_wconf 88' lang='lat' dir='ltr'><strong>produci</strong></span> 
     </span>
    </p>
   </div>
   <div class='ocr_carea' id='block_1_67' title="bbox 147 1697 946 1734">
    <p class='ocr_par' dir='ltr' id='par_1_67' title="bbox 147 1697 946 1734">
     <span class='ocr_line' id='line_1_67' title="bbox 147 1697 946 1734; baseline 0 -8"><span class='ocrx_word' id='word_1_484' title='bbox 147 1699 270 1727; x_wconf 88' lang='lat' dir='ltr'><strong>solitum.</strong></span> <span class='ocrx_word' id='word_1_485' title='bbox 296 1698 438 1734; x_wconf 81' lang='lat' dir='ltr'><strong>Regnavit,</strong></span> <span class='ocrx_word' id='word_1_486' title='bbox 455 1698 543 1730; x_wconf 89' lang='lat' dir='ltr'><strong>aiunt,</strong></span> <span class='ocrx_word' id='word_1_487' title='bbox 564 1706 634 1725; x_wconf 72' lang='lat' dir='ltr'><strong>mars</strong></span> <span class='ocrx_word' id='word_1_488' title='bbox 649 1698 682 1725; x_wconf 82' lang='lat' dir='ltr'><strong>ab</strong></span> <span class='ocrx_word' id='word_1_489' title='bbox 695 1697 800 1725; x_wconf 83' lang='lat' dir='ltr'><strong>Adamo</strong></span> <span class='ocrx_word' id='word_1_490' title='bbox 814 1706 896 1734; x_wconf 75' lang='lat' dir='ltr'><strong>usque</strong></span> <span class='ocrx_word' id='word_1_491' title='bbox 911 1699 946 1726; x_wconf 85' lang='lat' dir='ltr'><strong>ad</strong></span> 
     </span>
    </p>
   </div>
   <div class='ocr_carea' id='block_1_68' title="bbox 147 1743 945 1779">
    <p class='ocr_par' dir='ltr' id='par_1_68' title="bbox 147 1743 945 1779">
     <span class='ocr_line' id='line_1_68' title="bbox 147 1743 945 1779; baseline -0.003 -7"><span class='ocrx_word' id='word_1_492' title='bbox 147 1744 253 1779; x_wconf 72' lang='lat' dir='ltr'><strong>Moysen</strong></span> <span class='ocrx_word' id='word_1_493' title='bbox 271 1744 306 1772; x_wconf 81' lang='lat'><strong>’°.</strong></span> <span class='ocrx_word' id='word_1_494' title='bbox 322 1744 390 1771; x_wconf 89' lang='lat' dir='ltr'><strong>ltem</strong></span> <span class='ocrx_word' id='word_1_495' title='bbox 408 1752 415 1771; x_wconf 90' lang='lat'><strong>:</strong></span> <span class='ocrx_word' id='word_1_496' title='bbox 432 1747 462 1771; x_wconf 85' lang='lat' dir='ltr'><strong>ut</strong></span> <span class='ocrx_word' id='word_1_497' title='bbox 479 1747 567 1770; x_wconf 92' lang='lat' dir='ltr'><strong>morte</strong></span> <span class='ocrx_word' id='word_1_498' title='bbox 580 1750 629 1770; x_wconf 86' lang='lat' dir='ltr'><strong>sua</strong></span> <span class='ocrx_word' id='word_1_499' title='bbox 641 1743 796 1770; x_wconf 85' lang='lat' dir='ltr'><strong>destrueret</strong></span> <span class='ocrx_word' id='word_1_500' title='bbox 811 1743 885 1770; x_wconf 91' lang='lat' dir='ltr'><strong>illum</strong></span> <span class='ocrx_word' id='word_1_501' title='bbox 899 1743 945 1779; x_wconf 92' lang='lat' dir='ltr'><strong>qui</strong></span> 
     </span>
    </p>
   </div>
   <div class='ocr_carea' id='block_1_69' title="bbox 147 1788 945 1825">
    <p class='ocr_par' dir='ltr' id='par_1_69' title="bbox 147 1788 945 1825">
     <span class='ocr_line' id='line_1_69' title="bbox 147 1788 945 1825; baseline -0.003 -7"><span class='ocrx_word' id='word_1_502' title='bbox 147 1790 244 1818; x_wconf 89' lang='lat' dir='ltr'><strong>mortis</strong></span> <span class='ocrx_word' id='word_1_503' title='bbox 252 1793 416 1825; x_wconf 77' lang='lat' dir='ltr'><strong>potestatem</strong></span> <span class='ocrx_word' id='word_1_504' title='bbox 427 1789 548 1821; x_wconf 82' lang='lat' dir='ltr'><strong>tenebat,</strong></span> <span class='ocrx_word' id='word_1_505' title='bbox 556 1788 584 1816; x_wconf 93' lang='lat' dir='ltr'><strong>id</strong></span> <span class='ocrx_word' id='word_1_506' title='bbox 600 1793 642 1816; x_wconf 87' lang='lat' dir='ltr'><strong>est</strong></span> <span class='ocrx_word' id='word_1_507' title='bbox 653 1788 802 1816; x_wconf 86' lang='lat' dir='ltr'><strong>diabolum.</strong></span> <span class='ocrx_word' id='word_1_508' title='bbox 813 1789 945 1816; x_wconf 81' lang='lat' dir='ltr'><strong>Animad-</strong></span> 
     </span>
    </p>
   </div>
   <div class='ocr_carea' id='block_1_70' title="bbox 148 1835 945 1870">
    <p class='ocr_par' dir='ltr' id='par_1_70' title="bbox 148 1835 945 1870">
     <span class='ocr_line' id='line_1_70' title="bbox 148 1835 945 1870; baseline -0.003 -6"><span class='ocrx_word' id='word_1_509' title='bbox 148 1836 337 1869; x_wconf 84' lang='lat' dir='ltr'><strong>verte,&#39;aiunt,</strong></span> <span class='ocrx_word' id='word_1_510' title='bbox 353 1835 491 1870; x_wconf 89' lang='lat' dir='ltr'><strong>quomodo</strong></span> <span class='ocrx_word' id='word_1_511' title='bbox 503 1835 651 1870; x_wconf 81' lang='lat' dir='ltr'><strong>Apostolus</strong></span> <span class='ocrx_word' id='word_1_512' title='bbox 670 1839 833 1870; x_wconf 87' lang='lat' dir='ltr'><strong>potestatem</strong></span> <span class='ocrx_word' id='word_1_513' title='bbox 848 1835 945 1863; x_wconf 89' lang='lat' dir='ltr'><strong>mortis</strong></span> 
     </span>
    </p>
   </div>
   <div class='ocr_carea' id='block_1_71' title="bbox 146 1881 946 1917">
    <p class='ocr_par' dir='ltr' id='par_1_71' title="bbox 146 1881 946 1917">
     <span class='ocr_line' id='line_1_71' title="bbox 146 1881 946 1917; baseline -0.001 -7"><span class='ocrx_word' id='word_1_514' title='bbox 146 1883 241 1911; x_wconf 88' lang='lat' dir='ltr'><strong>haberi</strong></span> <span class='ocrx_word' id='word_1_515' title='bbox 257 1891 273 1909; x_wconf 89' lang='lat' dir='ltr'><strong>a</strong></span> <span class='ocrx_word' id='word_1_516' title='bbox 289 1882 398 1910; x_wconf 88' lang='lat' dir='ltr'><strong>diabolo</strong></span> <span class='ocrx_word' id='word_1_517' title='bbox 418 1881 499 1910; x_wconf 87' lang='lat' dir='ltr'><strong>dicat.</strong></span> <span class='ocrx_word' id='word_1_518' title='bbox 516 1882 587 1915; x_wconf 85' lang='lat' dir='ltr'><strong>Quid</strong></span> <span class='ocrx_word' id='word_1_519' title='bbox 603 1889 668 1917; x_wconf 79' lang='lat' dir='ltr'><strong>ergo</strong></span> <span class='ocrx_word' id='word_1_520' title='bbox 681 1889 732 1910; x_wconf 91' lang='lat' dir='ltr'><strong>nos</strong></span> <span class='ocrx_word' id='word_1_521' title='bbox 750 1881 784 1909; x_wconf 88' lang='lat' dir='ltr'><strong>ad</strong></span> <span class='ocrx_word' id='word_1_522' title='bbox 800 1881 858 1909; x_wconf 77' lang='lat' dir='ltr'><strong>haec</strong></span> <span class='ocrx_word' id='word_1_523' title='bbox 880 1881 946 1909; x_wconf 91' lang='lat' dir='ltr'><strong>dici-</strong></span> 
     </span>
    </p>
   </div>
   <div class='ocr_carea' id='block_1_72' title="bbox 146 1927 944 1965">
    <p class='ocr_par' dir='ltr' id='par_1_72' title="bbox 146 1927 944 1965">
     <span class='ocr_line' id='line_1_72' title="bbox 146 1927 944 1965; baseline -0.003 -8"><span class='ocrx_word' id='word_1_524' title='bbox 146 1929 231 1957; x_wconf 87' lang='lat' dir='ltr'><strong>mus?</strong></span> <span class='ocrx_word' id='word_1_525' title='bbox 256 1928 360 1965; x_wconf 78' lang='lat' dir='ltr'><strong>Regum</strong></span> <span class='ocrx_word' id='word_1_526' title='bbox 381 1929 510 1964; x_wconf 86' lang='lat' dir='ltr'><strong>majestas</strong></span> <span class='ocrx_word' id='word_1_527' title='bbox 531 1929 629 1956; x_wconf 87' lang='lat' dir='ltr'><strong>timore</strong></span> <span class='ocrx_word' id='word_1_528' title='bbox 647 1932 675 1956; x_wconf 88' lang='lat' dir='ltr'><strong>et</strong></span> <span class='ocrx_word' id='word_1_529' title='bbox 691 1928 835 1956; x_wconf 89' lang='lat' dir='ltr'><strong>clementia</strong></span> <span class='ocrx_word' id='word_1_530' title='bbox 852 1927 944 1956; x_wconf 84' lang='lat' dir='ltr'><strong>ﬁrma-</strong></span> 
     </span>
    </p>
   </div>
   <div class='ocr_carea' id='block_1_73' title="bbox 144 1976 944 2014">
    <p class='ocr_par' dir='ltr' id='par_1_73' title="bbox 144 1976 944 2014">
     <span class='ocr_line' id='line_1_73' title="bbox 144 1976 944 2014; baseline -0.003 -9"><span class='ocrx_word' id='word_1_531' title='bbox 144 1983 199 2006; x_wconf 92' lang='lat' dir='ltr'><strong>tur.</strong></span> <span class='ocrx_word' id='word_1_532' title='bbox 215 1977 248 2005; x_wconf 88' lang='lat' dir='ltr'><strong>Et</strong></span> <span class='ocrx_word' id='word_1_533' title='bbox 264 1977 403 2014; x_wconf 86' lang='lat' dir='ltr'><strong>improbos</strong></span> <span class='ocrx_word' id='word_1_534' title='bbox 416 1976 528 2012; x_wconf 89' lang='lat' dir='ltr'><strong>quidem</strong></span> <span class='ocrx_word' id='word_1_535' title='bbox 547 1977 715 2012; x_wconf 89' lang='lat' dir='ltr'><strong>hostilesque</strong></span> <span class='ocrx_word' id='word_1_536' title='bbox 733 1976 846 2004; x_wconf 92' lang='lat' dir='ltr'><strong>verbera</strong></span> <span class='ocrx_word' id='word_1_537' title='bbox 861 1981 944 2011; x_wconf 92' lang='lat' dir='ltr'><strong>atque</strong></span> 
     </span>
    </p>
   </div>
   <div class='ocr_carea' id='block_1_74' title="bbox 143 2022 943 2057">
    <p class='ocr_par' dir='ltr' id='par_1_74' title="bbox 143 2022 943 2057">
     <span class='ocr_line' id='line_1_74' title="bbox 143 2022 943 2057; baseline -0.003 -5"><span class='ocrx_word' id='word_1_538' title='bbox 143 2030 275 2057; x_wconf 86' lang='lat' dir='ltr'><strong>terrores,</strong></span> <span class='ocrx_word' id='word_1_539' title='bbox 290 2024 378 2052; x_wconf 90' lang='lat' dir='ltr'><strong>bonos</strong></span> <span class='ocrx_word' id='word_1_540' title='bbox 394 2028 486 2051; x_wconf 89' lang='lat' dir='ltr'><strong>autem</strong></span> <span class='ocrx_word' id='word_1_541' title='bbox 504 2027 532 2051; x_wconf 89' lang='lat' dir='ltr'><strong>et</strong></span> <span class='ocrx_word' id='word_1_542' title='bbox 553 2023 655 2051; x_wconf 88' lang='lat' dir='ltr'><strong>amicos</strong></span> <span class='ocrx_word' id='word_1_543' title='bbox 669 2023 762 2051; x_wconf 69' lang='lat' dir='ltr'><strong>laetitia</strong></span> <span class='ocrx_word' id='word_1_544' title='bbox 777 2026 806 2050; x_wconf 88' lang='lat' dir='ltr'><strong>et</strong></span> <span class='ocrx_word' id='word_1_545' title='bbox 819 2022 879 2050; x_wconf 90' lang='lat' dir='ltr'><strong>laus</strong></span> <span class='ocrx_word' id='word_1_546' title='bbox 898 2030 943 2050; x_wconf 84' lang='lat' dir='ltr'><strong>se-</strong></span> 
     </span>
    </p>
   </div>
   <div class='ocr_carea' id='block_1_75' title="bbox 143 2069 944 2107">
    <p class='ocr_par' dir='ltr' id='par_1_75' title="bbox 143 2069 944 2107">
     <span class='ocr_line' id='line_1_75' title="bbox 143 2069 944 2107; baseline -0.001 -9"><span class='ocrx_word' id='word_1_547' title='bbox 143 2071 261 2107; x_wconf 88' lang='lat' dir='ltr'><strong>quitur:</strong></span> <span class='ocrx_word' id='word_1_548' title='bbox 286 2075 315 2098; x_wconf 90' lang='lat' dir='ltr'><strong>et</strong></span> <span class='ocrx_word' id='word_1_549' title='bbox 338 2070 398 2099; x_wconf 90' lang='lat' dir='ltr'><strong>illos</strong></span> <span class='ocrx_word' id='word_1_550' title='bbox 420 2070 515 2105; x_wconf 85' lang='lat' dir='ltr'><strong>utique</strong></span> <span class='ocrx_word' id='word_1_551' title='bbox 535 2069 645 2097; x_wconf 87' lang='lat' dir='ltr'><strong>vincula</strong></span> <span class='ocrx_word' id='word_1_552' title='bbox 662 2073 691 2097; x_wconf 94' lang='lat' dir='ltr'><strong>et</strong></span> <span class='ocrx_word' id='word_1_553' title='bbox 716 2077 842 2098; x_wconf 89' lang='lat' dir='ltr'><strong>carceres</strong></span> <span class='ocrx_word' id='word_1_554' title='bbox 861 2073 944 2104; x_wconf 88' lang='lat' dir='ltr'><strong>atque</strong></span> 
     </span>
    </p>
   </div>
   <div class='ocr_carea' id='block_1_76' title="bbox 143 2115 943 2152">
    <p class='ocr_par' dir='ltr' id='par_1_76' title="bbox 143 2115 943 2152">
     <span class='ocr_line' id='line_1_76' title="bbox 143 2115 943 2152; baseline -0.003 -7"><span class='ocrx_word' id='word_1_555' title='bbox 143 2117 286 2146; x_wconf 78' lang='lat' dir='ltr'><strong>carniﬁces</strong></span> <span class='ocrx_word' id='word_1_556' title='bbox 304 2116 347 2144; x_wconf 91' lang='lat' dir='ltr'><strong>his</strong></span> <span class='ocrx_word' id='word_1_557' title='bbox 372 2115 511 2152; x_wconf 70' lang='lat' dir='ltr'><strong>praepositi</strong></span> <span class='ocrx_word' id='word_1_558' title='bbox 536 2115 676 2147; x_wconf 82' lang='lat' dir='ltr'><strong>cohibent,</strong></span> <span class='ocrx_word' id='word_1_559' title='bbox 697 2123 793 2151; x_wconf 76' lang='lat' dir='ltr'><strong>regum</strong></span> <span class='ocrx_word' id='word_1_560' title='bbox 807 2115 886 2151; x_wconf 87' lang='lat' dir='ltr'><strong>jussu</strong></span> <span class='ocrx_word' id='word_1_561' title='bbox 901 2115 943 2143; x_wconf 88' lang='lat' dir='ltr'><strong>eis</strong></span> 
     </span>
    </p>
   </div>
   <div class='ocr_carea' id='block_1_77' title="bbox 144 2162 942 2198">
    <p class='ocr_par' dir='ltr' id='par_1_77' title="bbox 144 2162 942 2198">
     <span class='ocr_line' id='line_1_77' title="bbox 144 2162 942 2198; baseline -0.003 -6"><span class='ocrx_word' id='word_1_562' title='bbox 144 2165 257 2192; x_wconf 90' lang='lat' dir='ltr'><strong>traditos</strong></span> <span class='ocrx_word' id='word_1_563' title='bbox 281 2173 289 2198; x_wconf 90' lang='lat'>;</span> <span class='ocrx_word' id='word_1_564' title='bbox 319 2164 424 2192; x_wconf 86' lang='lat' dir='ltr'><strong>amicos</strong></span> <span class='ocrx_word' id='word_1_565' title='bbox 447 2167 539 2190; x_wconf 88' lang='lat' dir='ltr'><strong>autem</strong></span> <span class='ocrx_word' id='word_1_566' title='bbox 562 2162 667 2198; x_wconf 87' lang='lat' dir='ltr'><strong>optimo</strong></span> <span class='ocrx_word' id='word_1_567' title='bbox 686 2163 783 2198; x_wconf 87' lang='lat' dir='ltr'><strong>quovis</strong></span> <span class='ocrx_word' id='word_1_568' title='bbox 807 2162 942 2190; x_wconf 82' lang='lat' dir='ltr'><strong>beneﬁcio</strong></span> 
     </span>
    </p>
   </div>
   <div class='ocr_carea' id='block_1_78' title="bbox 143 2208 942 2246">
    <p class='ocr_par' dir='ltr' id='par_1_78' title="bbox 143 2208 942 2246">
     <span class='ocr_line' id='line_1_78' title="bbox 143 2208 942 2246; baseline -0.003 -8"><span class='ocrx_word' id='word_1_569' title='bbox 143 2218 221 2246; x_wconf 73' lang='lat' dir='ltr'><strong>reges</strong></span> <span class='ocrx_word' id='word_1_570' title='bbox 234 2214 438 2246; x_wconf 84' lang='lat' dir='ltr'><strong>prosequuntur</strong></span> <span class='ocrx_word' id='word_1_571' title='bbox 450 2218 456 2236; x_wconf 91' lang='lat'><strong>:</strong></span> <span class='ocrx_word' id='word_1_572' title='bbox 467 2209 540 2244; x_wconf 86' lang='lat' dir='ltr'><strong>quod</strong></span> <span class='ocrx_word' id='word_1_573' title='bbox 548 2209 571 2236; x_wconf 88' lang='lat' dir='ltr'><strong>si</strong></span> <span class='ocrx_word' id='word_1_574' title='bbox 584 2209 668 2244; x_wconf 90' lang='lat' dir='ltr'><strong>aliqui</strong></span> <span class='ocrx_word' id='word_1_575' title='bbox 680 2208 818 2236; x_wconf 89' lang='lat' dir='ltr'><strong>interdum</strong></span> <span class='ocrx_word' id='word_1_576' title='bbox 829 2216 942 2244; x_wconf 86' lang='lat' dir='ltr'><strong>parum-</strong></span> 
     </span>
    </p>
   </div>
   <div class='ocr_carea' id='block_1_79' title="bbox 143 2254 939 2291">
    <p class='ocr_par' dir='ltr' id='par_1_79' title="bbox 143 2254 939 2291">
     <span class='ocr_line' id='line_1_79' title="bbox 143 2254 939 2291; baseline -0.001 -8"><span class='ocrx_word' id='word_1_577' title='bbox 143 2263 193 2290; x_wconf 90' lang='lat' dir='ltr'><strong>per</strong></span> <span class='ocrx_word' id='word_1_578' title='bbox 211 2260 315 2288; x_wconf 84' lang='lat' dir='ltr'><strong>errent,</strong></span> <span class='ocrx_word' id='word_1_579' title='bbox 338 2263 386 2283; x_wconf 87' lang='lat' dir='ltr'><strong>eos</strong></span> <span class='ocrx_word' id='word_1_580' title='bbox 407 2261 521 2290; x_wconf 85' lang='lat' dir='ltr'><strong>paterno</strong></span> <span class='ocrx_word' id='word_1_581' title='bbox 540 2262 634 2282; x_wconf 87' lang='lat' dir='ltr'><strong>amore</strong></span> <span class='ocrx_word' id='word_1_582' title='bbox 655 2254 774 2283; x_wconf 90' lang='lat' dir='ltr'><strong>breviter</strong></span> <span class='ocrx_word' id='word_1_583' title='bbox 796 2254 939 2291; x_wconf 77' lang='lat' dir='ltr'><strong>castigant.</strong></span> 
     </span>
    </p>
   </div>
   <div class='ocr_carea' id='block_1_80' title="bbox 999 1651 1800 1687">
    <p class='ocr_par' dir='ltr' id='par_1_80' title="bbox 999 1651 1800 1687">
     <span class='ocr_line' id='line_1_80' title="bbox 999 1651 1800 1687; baseline 0 -9"><span class='ocrx_word' id='word_1_584' title='bbox 999 1651 1168 1686; x_wconf 87' lang='grc' dir='ltr'>πειράσομαι</span> <span class='ocrx_word' id='word_1_585' title='bbox 1188 1651 1236 1678; x_wconf 79' lang='grc' dir='ltr'>καὶ</span> <span class='ocrx_word' id='word_1_586' title='bbox 1258 1651 1352 1687; x_wconf 71' lang='grc' dir='ltr'>ἕτερον</span> <span class='ocrx_word' id='word_1_587' title='bbox 1367 1651 1433 1687; x_wconf 86' lang='grc' dir='ltr'>παρ’</span> <span class='ocrx_word' id='word_1_588' title='bbox 1450 1651 1554 1684; x_wconf 85' lang='grc' dir='ltr'>αὐτοῖς,</span> <span class='ocrx_word' id='word_1_589' title='bbox 1567 1651 1607 1684; x_wconf 88' lang='grc' dir='ltr'>ὼς</span> <span class='ocrx_word' id='word_1_590' title='bbox 1628 1651 1740 1687; x_wconf 80' lang='grc' dir='ltr'>ίσχυρδν</span> <span class='ocrx_word' id='word_1_591' title='bbox 1754 1651 1800 1678; x_wconf 89' lang='grc' dir='ltr'>λε-</span> 
     </span>
    </p>
   </div>
   <div class='ocr_carea' id='block_1_81' title="bbox 997 1697 1799 1733">
    <p class='ocr_par' dir='ltr' id='par_1_81' title="bbox 997 1697 1799 1733">
     <span class='ocr_line' id='line_1_81' title="bbox 997 1697 1799 1733; baseline 0 -9"><span class='ocrx_word' id='word_1_592' title='bbox 997 1697 1114 1733; x_wconf 87' lang='grc' dir='ltr'>γόμενον</span> <span class='ocrx_word' id='word_1_593' title='bbox 1140 1705 1146 1712; x_wconf 90' lang='grc'>·</span> <span class='ocrx_word' id='word_1_594' title='bbox 1170 1698 1389 1732; x_wconf 78' lang='grc' dir='ltr'>Ἐϐασίλευσε”,</span> <span class='ocrx_word' id='word_1_595' title='bbox 1417 1697 1512 1732; x_wconf 74' lang='grc' dir='ltr'>φησὶν,</span> <span class='ocrx_word' id='word_1_596' title='bbox 1543 1699 1560 1725; x_wconf 81' lang='grc' dir='ltr'><strong>ό</strong></span> <span class='ocrx_word' id='word_1_597' title='bbox 1589 1697 1719 1731; x_wconf 80' lang='grc' dir='ltr'>θάνατος</span> <span class='ocrx_word' id='word_1_598' title='bbox 1736 1697 1799 1725; x_wconf 81' lang='grc' dir='ltr'><strong>ἀπὸ</strong></span> 
     </span>
    </p>
   </div>
   <div class='ocr_carea' id='block_1_82' title="bbox 1004 1743 1799 1779">
    <p class='ocr_par' dir='ltr' id='par_1_82' title="bbox 1004 1743 1799 1779">
     <span class='ocr_line' id='line_1_82' title="bbox 1004 1743 1799 1779; baseline 0.001 -9"><span class='ocrx_word' id='word_1_599' title='bbox 1004 1743 1096 1778; x_wconf 82' lang='grc' dir='ltr'>Ἀδὰμ</span> <span class='ocrx_word' id='word_1_600' title='bbox 1112 1743 1203 1779; x_wconf 81' lang='grc' dir='ltr'>μέχρι</span> <span class='ocrx_word' id='word_1_601' title='bbox 1226 1743 1386 1777; x_wconf 81' lang='grc' dir='ltr'>Μωῠσέως.</span> <span class='ocrx_word' id='word_1_602' title='bbox 1406 1744 1472 1777; x_wconf 76' lang='grc' dir='ltr'>Καὶ,</span> <span class='ocrx_word' id='word_1_603' title='bbox 1494 1743 1538 1771; x_wconf 81' lang='grc' dir='ltr'>ἵνα</span> <span class='ocrx_word' id='word_1_604' title='bbox 1559 1743 1603 1771; x_wconf 83' lang='grc' dir='ltr'><strong>διὰ</strong></span> <span class='ocrx_word' id='word_1_605' title='bbox 1617 1743 1664 1771; x_wconf 79' lang='grc' dir='ltr'>τοῦ</span> <span class='ocrx_word' id='word_1_606' title='bbox 1680 1744 1799 1771; x_wconf 87' lang='grc' dir='ltr'>θανάτου</span> 
     </span>
    </p>
   </div>
   <div class='ocr_carea' id='block_1_83' title="bbox 997 1789 1798 1826">
    <p class='ocr_par' dir='ltr' id='par_1_83' title="bbox 997 1789 1798 1826">
     <span class='ocr_line' id='line_1_83' title="bbox 997 1789 1798 1826; baseline 0 -10"><span class='ocrx_word' id='word_1_607' title='bbox 997 1791 1161 1826; x_wconf 81' lang='grc' dir='ltr'>καταργήσῃ</span> <span class='ocrx_word' id='word_1_608' title='bbox 1176 1789 1222 1816; x_wconf 82' lang='grc' dir='ltr'>τὸν</span> <span class='ocrx_word' id='word_1_609' title='bbox 1234 1790 1338 1825; x_wconf 85' lang='grc' dir='ltr'>κράτος</span> <span class='ocrx_word' id='word_1_610' title='bbox 1353 1789 1449 1825; x_wconf 74' lang='grc' dir='ltr'>ἔχοντα</span> <span class='ocrx_word' id='word_1_611' title='bbox 1460 1789 1508 1816; x_wconf 80' lang='grc' dir='ltr'><strong>τοῦ</strong></span> <span class='ocrx_word' id='word_1_612' title='bbox 1526 1789 1653 1820; x_wconf 87' lang='grc' dir='ltr'>θανάτου,</span> <span class='ocrx_word' id='word_1_613' title='bbox 1669 1790 1798 1817; x_wconf 80' lang='grc' dir='ltr'>τουτέστι</span> 
     </span>
    </p>
   </div>
   <div class='ocr_carea' id='block_1_84' title="bbox 996 1835 1798 1871">
    <p class='ocr_par' dir='ltr' id='par_1_84' title="bbox 996 1835 1798 1871">
     <span class='ocr_line' id='line_1_84' title="bbox 996 1835 1798 1871; baseline 0 -9"><span class='ocrx_word' id='word_1_614' title='bbox 996 1837 1043 1862; x_wconf 59' lang='grc' dir='ltr'><strong>τὸν</strong></span> <span class='ocrx_word' id='word_1_615' title='bbox 1060 1835 1199 1868; x_wconf 76' lang='grc' dir='ltr'>διάϐολον,</span> <span class='ocrx_word' id='word_1_616' title='bbox 1219 1835 1283 1868; x_wconf 83' lang='grc' dir='ltr'>Ἴδε,</span> <span class='ocrx_word' id='word_1_617' title='bbox 1299 1836 1377 1871; x_wconf 79' lang='grc' dir='ltr'>φησὶ,</span> <span class='ocrx_word' id='word_1_618' title='bbox 1391 1835 1450 1867; x_wconf 84' lang='grc' dir='ltr'><strong>πῶς</strong></span> <span class='ocrx_word' id='word_1_619' title='bbox 1462 1835 1493 1862; x_wconf 83' lang='grc' dir='ltr'><strong>τὸ</strong></span> <span class='ocrx_word' id='word_1_620' title='bbox 1506 1836 1606 1871; x_wconf 88' lang='grc' dir='ltr'>κράτος</span> <span class='ocrx_word' id='word_1_621' title='bbox 1620 1835 1667 1862; x_wconf 83' lang='grc' dir='ltr'>τοῦ</span> <span class='ocrx_word' id='word_1_622' title='bbox 1679 1835 1798 1863; x_wconf 86' lang='grc' dir='ltr'>θανάτου</span> 
     </span>
    </p>
   </div>
   <div class='ocr_carea' id='block_1_85' title="bbox 996 1878 1800 1917">
    <p class='ocr_par' dir='ltr' id='par_1_85' title="bbox 996 1878 1800 1917">
     <span class='ocr_line' id='line_1_85' title="bbox 996 1878 1800 1917; baseline 0 -9"><span class='ocrx_word' id='word_1_623' title='bbox 996 1881 1043 1908; x_wconf 76' lang='grc' dir='ltr'>τὸν</span> <span class='ocrx_word' id='word_1_624' title='bbox 1058 1881 1182 1908; x_wconf 76' lang='grc' dir='ltr'>διάϐολον</span> <span class='ocrx_word' id='word_1_625' title='bbox 1201 1881 1275 1916; x_wconf 83' lang='grc' dir='ltr'>λέγει</span> <span class='ocrx_word' id='word_1_626' title='bbox 1299 1881 1382 1916; x_wconf 74' lang='grc' dir='ltr'>ἔχειν.</span> <span class='ocrx_word' id='word_1_627' title='bbox 1408 1881 1441 1908; x_wconf 88' lang='grc' dir='ltr'>Τί</span> <span class='ocrx_word' id='word_1_628' title='bbox 1460 1878 1507 1908; x_wconf 85' lang='grc' dir='ltr'>οὖν</span> <span class='ocrx_word' id='word_1_629' title='bbox 1527 1882 1609 1916; x_wconf 81' lang='grc' dir='ltr'>ἡμεῖς</span> <span class='ocrx_word' id='word_1_630' title='bbox 1626 1881 1695 1917; x_wconf 79' lang='grc' dir='ltr'>πρὸς</span> <span class='ocrx_word' id='word_1_631' title='bbox 1718 1881 1800 1908; x_wconf 84' lang='grc' dir='ltr'>τοῦτο</span> 
     </span>
    </p>
   </div>
   <div class='ocr_carea' id='block_1_86' title="bbox 996 1927 1797 1964">
    <p class='ocr_par' dir='ltr' id='par_1_86' title="bbox 996 1927 1797 1964">
     <span class='ocr_line' id='line_1_86' title="bbox 996 1927 1797 1964; baseline 0 -10"><span class='ocrx_word' id='word_1_632' title='bbox 996 1928 1131 1964; x_wconf 81' lang='grc' dir='ltr'>έροῦμεν;</span> <span class='ocrx_word' id='word_1_633' title='bbox 1156 1928 1211 1954; x_wconf 88' lang='grc' dir='ltr'><strong>τῶν</strong></span> <span class='ocrx_word' id='word_1_634' title='bbox 1233 1927 1367 1964; x_wconf 84' lang='grc' dir='ltr'>βασιλέων</span> <span class='ocrx_word' id='word_1_635' title='bbox 1385 1927 1416 1954; x_wconf 78' lang='grc' dir='ltr'>τὸ</span> <span class='ocrx_word' id='word_1_636' title='bbox 1439 1927 1517 1960; x_wconf 84' lang='grc' dir='ltr'>κλέος</span> <span class='ocrx_word' id='word_1_637' title='bbox 1543 1927 1619 1963; x_wconf 80' lang='grc' dir='ltr'>φόϐῳ</span> <span class='ocrx_word' id='word_1_638' title='bbox 1635 1928 1682 1954; x_wconf 76' lang='grc' dir='ltr'>καὶ</span> <span class='ocrx_word' id='word_1_639' title='bbox 1702 1928 1797 1962; x_wconf 83' lang='grc' dir='ltr'>πραΰ-</span> 
     </span>
    </p>
   </div>
   <div class='ocr_carea' id='block_1_87' title="bbox 994 1972 1799 2009">
    <p class='ocr_par' dir='ltr' id='par_1_87' title="bbox 994 1972 1799 2009">
     <span class='ocr_line' id='line_1_87' title="bbox 994 1972 1799 2009; baseline -0.001 -8"><span class='ocrx_word' id='word_1_640' title='bbox 994 1982 1058 2009; x_wconf 83' lang='grc' dir='ltr'>τητι</span> <span class='ocrx_word' id='word_1_641' title='bbox 1079 1973 1248 2009; x_wconf 83' lang='grc' dir='ltr'>κρατύνεται</span> <span class='ocrx_word' id='word_1_642' title='bbox 1258 1982 1265 1989; x_wconf 70' lang='grc' dir='ltr'><strong>ι</strong></span> <span class='ocrx_word' id='word_1_643' title='bbox 1285 1974 1333 2001; x_wconf 86' lang='grc' dir='ltr'>καὶ</span> <span class='ocrx_word' id='word_1_644' title='bbox 1347 1973 1405 2005; x_wconf 83' lang='grc' dir='ltr'>τοῖς</span> <span class='ocrx_word' id='word_1_645' title='bbox 1423 1972 1476 2008; x_wconf 79' lang='grc' dir='ltr'>μὲν</span> <span class='ocrx_word' id='word_1_646' title='bbox 1497 1972 1611 2008; x_wconf 83' lang='grc' dir='ltr'>φαύλοις</span> <span class='ocrx_word' id='word_1_647' title='bbox 1625 1973 1674 2000; x_wconf 73' lang='grc' dir='ltr'>καὶ</span> <span class='ocrx_word' id='word_1_648' title='bbox 1688 1973 1799 2009; x_wconf 79' lang='grc' dir='ltr'>ἐχθροῖς</span> 
     </span>
    </p>
   </div>
   <div class='ocr_carea' id='block_1_88' title="bbox 995 2019 1798 2057">
    <p class='ocr_par' dir='ltr' id='par_1_88' title="bbox 995 2019 1798 2057">
     <span class='ocr_line' id='line_1_88' title="bbox 995 2019 1798 2057; baseline 0 -10"><span class='ocrx_word' id='word_1_649' title='bbox 995 2021 1025 2047; x_wconf 81' lang='grc' dir='ltr'>αἱ</span> <span class='ocrx_word' id='word_1_650' title='bbox 1040 2020 1145 2056; x_wconf 72' lang='grc' dir='ltr'>πληγαὶ</span> <span class='ocrx_word' id='word_1_651' title='bbox 1163 2021 1212 2048; x_wconf 76' lang='grc' dir='ltr'>καὶ</span> <span class='ocrx_word' id='word_1_652' title='bbox 1234 2020 1260 2047; x_wconf 76' lang='grc' dir='ltr'>οἱ</span> <span class='ocrx_word' id='word_1_653' title='bbox 1286 2020 1363 2057; x_wconf 92' lang='lat' dir='ltr'><strong>[cod.</strong></span> <span class='ocrx_word' id='word_1_654' title='bbox 1383 2019 1404 2047; x_wconf 80' lang='grc' dir='ltr'>ι.</span> <span class='ocrx_word' id='word_1_655' title='bbox 1423 2019 1486 2056; x_wconf 64' lang='grc'><strong>124]</strong></span> <span class='ocrx_word' id='word_1_656' title='bbox 1503 2020 1592 2055; x_wconf 74' lang='grc' dir='ltr'>φόϐοι,</span> <span class='ocrx_word' id='word_1_657' title='bbox 1605 2021 1664 2052; x_wconf 85' lang='grc' dir='ltr'>τοῖς</span> <span class='ocrx_word' id='word_1_658' title='bbox 1682 2020 1798 2055; x_wconf 80' lang='grc' dir='ltr'>ἀγαθοῖς</span> 
     </span>
    </p>
   </div>
   <div class='ocr_carea' id='block_1_89' title="bbox 994 2065 1798 2102">
    <p class='ocr_par' dir='ltr' id='par_1_89' title="bbox 994 2065 1798 2102">
     <span class='ocr_line' id='line_1_89' title="bbox 994 2065 1798 2102; baseline 0 -9"><span class='ocrx_word' id='word_1_659' title='bbox 994 2066 1024 2093; x_wconf 82' lang='grc' dir='ltr'>δὲ</span> <span class='ocrx_word' id='word_1_660' title='bbox 1049 2067 1097 2093; x_wconf 69' lang='grc' dir='ltr'>καὶ</span> <span class='ocrx_word' id='word_1_661' title='bbox 1121 2066 1210 2101; x_wconf 86' lang='grc' dir='ltr'>φίλοις</span> <span class='ocrx_word' id='word_1_662' title='bbox 1231 2068 1248 2102; x_wconf 82' lang='grc' dir='ltr'><strong>ἡ</strong></span> <span class='ocrx_word' id='word_1_663' title='bbox 1275 2066 1348 2102; x_wconf 85' lang='grc' dir='ltr'>χαρὰ</span> <span class='ocrx_word' id='word_1_664' title='bbox 1374 2066 1423 2093; x_wconf 74' lang='grc' dir='ltr'>καὶ</span> <span class='ocrx_word' id='word_1_665' title='bbox 1443 2067 1458 2093; x_wconf 84' lang='grc' dir='ltr'><strong>ό</strong></span> <span class='ocrx_word' id='word_1_666' title='bbox 1487 2065 1598 2098; x_wconf 74' lang='grc' dir='ltr'>ἔπαινος</span> <span class='ocrx_word' id='word_1_667' title='bbox 1614 2066 1730 2093; x_wconf 73' lang='grc' dir='ltr'>ἕπεται·</span> <span class='ocrx_word' id='word_1_668' title='bbox 1747 2067 1798 2094; x_wconf 81' lang='grc' dir='ltr'>καὶ</span> 
     </span>
    </p>
   </div>
   <div class='ocr_carea' id='block_1_90' title="bbox 994 2111 1796 2148">
    <p class='ocr_par' dir='ltr' id='par_1_90' title="bbox 994 2111 1796 2148">
     <span class='ocr_line' id='line_1_90' title="bbox 994 2111 1796 2148; baseline 0 -9"><span class='ocrx_word' id='word_1_669' title='bbox 994 2112 1058 2144; x_wconf 85' lang='grc' dir='ltr'>τοὺς</span> <span class='ocrx_word' id='word_1_670' title='bbox 1074 2111 1125 2147; x_wconf 79' lang='grc' dir='ltr'>μὲν</span> <span class='ocrx_word' id='word_1_671' title='bbox 1141 2112 1231 2148; x_wconf 83' lang='grc' dir='ltr'>δεσμὰ</span> <span class='ocrx_word' id='word_1_672' title='bbox 1245 2112 1294 2139; x_wconf 75' lang='grc' dir='ltr'>καὶ</span> <span class='ocrx_word' id='word_1_673' title='bbox 1309 2111 1431 2147; x_wconf 75' lang='grc' dir='ltr'>φυλακαὶ</span> <span class='ocrx_word' id='word_1_674' title='bbox 1455 2112 1503 2138; x_wconf 82' lang='grc' dir='ltr'>καὶ</span> <span class='ocrx_word' id='word_1_675' title='bbox 1516 2112 1610 2147; x_wconf 86' lang='grc' dir='ltr'>δήμιοι</span> <span class='ocrx_word' id='word_1_676' title='bbox 1625 2112 1674 2140; x_wconf 77' lang='grc' dir='ltr'><strong>ἐπὶ</strong></span> <span class='ocrx_word' id='word_1_677' title='bbox 1688 2112 1796 2145; x_wconf 82' lang='grc' dir='ltr'>τούτοις</span> 
     </span>
    </p>
   </div>
   <div class='ocr_carea' id='block_1_91' title="bbox 995 2157 1797 2194">
    <p class='ocr_par' dir='ltr' id='par_1_91' title="bbox 995 2157 1797 2194">
     <span class='ocr_line' id='line_1_91' title="bbox 995 2157 1797 2194; baseline 0.002 -10"><span class='ocrx_word' id='word_1_678' title='bbox 995 2157 1166 2189; x_wconf 83' lang='grc' dir='ltr'>καθεστῶτες</span> <span class='ocrx_word' id='word_1_679' title='bbox 1181 2157 1353 2190; x_wconf 77' lang='grc' dir='ltr'>παιδεύουσι,</span> <span class='ocrx_word' id='word_1_680' title='bbox 1370 2159 1404 2193; x_wconf 84' lang='grc' dir='ltr'>τῇ</span> <span class='ocrx_word' id='word_1_681' title='bbox 1423 2157 1478 2184; x_wconf 85' lang='grc' dir='ltr'><strong>τῶν</strong></span> <span class='ocrx_word' id='word_1_682' title='bbox 1493 2157 1628 2193; x_wconf 83' lang='grc' dir='ltr'>βασιλέων</span> <span class='ocrx_word' id='word_1_683' title='bbox 1646 2158 1797 2194; x_wconf 78' lang='grc' dir='ltr'>προστάξει</span> 
     </span>
    </p>
   </div>
   <div class='ocr_carea' id='block_1_92' title="bbox 995 2203 1797 2240">
    <p class='ocr_par' dir='ltr' id='par_1_92' title="bbox 995 2203 1797 2240">
     <span class='ocr_line' id='line_1_92' title="bbox 995 2203 1797 2240; baseline 0.001 -10"><span class='ocrx_word' id='word_1_684' title='bbox 995 2203 1247 2240; x_wconf 73' lang='grc' dir='ltr'>παραδιδομένους·</span> <span class='ocrx_word' id='word_1_685' title='bbox 1271 2204 1335 2236; x_wconf 79' lang='grc' dir='ltr'>τοὺς</span> <span class='ocrx_word' id='word_1_686' title='bbox 1356 2204 1386 2231; x_wconf 88' lang='grc' dir='ltr'>δὲ</span> <span class='ocrx_word' id='word_1_687' title='bbox 1411 2204 1506 2238; x_wconf 86' lang='grc' dir='ltr'>φίλους</span> <span class='ocrx_word' id='word_1_688' title='bbox 1531 2204 1556 2231; x_wconf 86' lang='grc' dir='ltr'><strong>οι</strong></span> <span class='ocrx_word' id='word_1_689' title='bbox 1583 2203 1703 2240; x_wconf 85' lang='grc' dir='ltr'>βασιλεῖς</span> <span class='ocrx_word' id='word_1_690' title='bbox 1727 2205 1797 2232; x_wconf 79' lang='grc' dir='ltr'>πᾶσι</span> 
     </span>
    </p>
   </div>
   <div class='ocr_carea' id='block_1_93' title="bbox 998 2249 1798 2286">
    <p class='ocr_par' dir='ltr' id='par_1_93' title="bbox 998 2249 1798 2286">
     <span class='ocr_line' id='line_1_93' title="bbox 998 2249 1798 2286; baseline 0.001 -10"><span class='ocrx_word' id='word_1_691' title='bbox 998 2251 1055 2282; x_wconf 87' lang='grc' dir='ltr'>τοῖς</span> <span class='ocrx_word' id='word_1_692' title='bbox 1082 2249 1148 2285; x_wconf 82' lang='grc' dir='ltr'>παρ’</span> <span class='ocrx_word' id='word_1_693' title='bbox 1173 2249 1280 2277; x_wconf 80' lang='grc' dir='ltr'>ἑαυτῶν</span> <span class='ocrx_word' id='word_1_694' title='bbox 1301 2249 1456 2282; x_wconf 86' lang='grc' dir='ltr'>καλλίστοις</span> <span class='ocrx_word' id='word_1_695' title='bbox 1487 2249 1702 2286; x_wconf 80' lang='grc' dir='ltr'>θεραπεύουσιν·</span> <span class='ocrx_word' id='word_1_696' title='bbox 1719 2250 1798 2277; x_wconf 76' lang='grc' dir='ltr'>ἐστιν</span> 
     </span>
    </p>
   </div>
   <div class='ocr_carea' id='block_1_94' title="bbox 142 2291 946 2337">
    <p class='ocr_par' dir='ltr' id='par_1_94' title="bbox 142 2301 941 2337">
     <span class='ocr_line' id='line_1_94' title="bbox 142 2301 941 2337; baseline 0 -9"><span class='ocrx_word' id='word_1_697' title='bbox 142 2301 213 2334; x_wconf 86' lang='lat' dir='ltr'><strong>Quid</strong></span> <span class='ocrx_word' id='word_1_698' title='bbox 230 2305 258 2328; x_wconf 89' lang='lat' dir='ltr'><strong>tu</strong></span> <span class='ocrx_word' id='word_1_699' title='bbox 274 2309 340 2329; x_wconf 88' lang='lat' dir='ltr'><strong>vero</strong></span> <span class='ocrx_word' id='word_1_700' title='bbox 356 2301 498 2330; x_wconf 83' lang='lat' dir='ltr'><strong>existimas</strong></span> <span class='ocrx_word' id='word_1_701' title='bbox 515 2301 549 2329; x_wconf 90' lang='lat' dir='ltr'><strong>de</strong></span> <span class='ocrx_word' id='word_1_702' title='bbox 568 2301 725 2329; x_wconf 84' lang='lat' dir='ltr'><strong>adversario</strong></span> <span class='ocrx_word' id='word_1_703' title='bbox 742 2301 788 2329; x_wconf 93' lang='lat' dir='ltr'><strong>illo</strong></span> <span class='ocrx_word' id='word_1_704' title='bbox 802 2305 830 2328; x_wconf 90' lang='lat' dir='ltr'><strong>et</strong></span> <span class='ocrx_word' id='word_1_705' title='bbox 845 2309 941 2337; x_wconf 87' lang='lat' dir='ltr'><strong>super-</strong></span> 
     </span>
    </p>
   </div>
   <div class='ocr_carea' id='block_1_95' title="bbox 998 2291 1797 2337">
    <p class='ocr_par' dir='ltr' id='par_1_95' title="bbox 998 2294 1797 2329">
     <span class='ocr_line' id='line_1_95' title="bbox 998 2294 1797 2329; baseline 0.001 -7"><span class='ocrx_word' id='word_1_706' title='bbox 998 2295 1040 2322; x_wconf 78' lang='grc' dir='ltr'>’ὀτε</span> <span class='ocrx_word' id='word_1_707' title='bbox 1065 2296 1113 2322; x_wconf 76' lang='grc' dir='ltr'>καὶ</span> <span class='ocrx_word' id='word_1_708' title='bbox 1138 2294 1169 2328; x_wconf 77' lang='grc' dir='ltr'>ἐξ</span> <span class='ocrx_word' id='word_1_709' title='bbox 1191 2295 1282 2322; x_wconf 82' lang='grc' dir='ltr'>αὐτῶν</span> <span class='ocrx_word' id='word_1_710' title='bbox 1306 2304 1383 2327; x_wconf 85' lang='grc' dir='ltr'>τινας</span> <span class='ocrx_word' id='word_1_711' title='bbox 1401 2295 1605 2328; x_wconf 81' lang='grc' dir='ltr'>ὀλισθαίνοντας</span> <span class='ocrx_word' id='word_1_712' title='bbox 1630 2297 1659 2323; x_wconf 77' lang='grc' dir='ltr'>ἐν</span> <span class='ocrx_word' id='word_1_713' title='bbox 1688 2296 1797 2329; x_wconf 80' lang='grc' dir='ltr'>τούτοις</span> 
     </span>
    </p>
   </div>
   <div class='ocr_carea' id='block_1_96' title="bbox 143 2341 946 2382">
    <p class='ocr_par' dir='ltr' id='par_1_96' title="bbox 143 2346 940 2382">
     <span class='ocr_line' id='line_1_96' title="bbox 143 2346 940 2382; baseline 0 -8"><span class='ocrx_word' id='word_1_714' title='bbox 143 2348 189 2379; x_wconf 88' lang='lat' dir='ltr'><strong>ho,</strong></span> <span class='ocrx_word' id='word_1_715' title='bbox 213 2347 260 2382; x_wconf 90' lang='lat' dir='ltr'><strong>qui</strong></span> <span class='ocrx_word' id='word_1_716' title='bbox 280 2347 350 2374; x_wconf 91' lang='lat' dir='ltr'><strong>nihil</strong></span> <span class='ocrx_word' id='word_1_717' title='bbox 364 2347 458 2379; x_wconf 86' lang='lat' dir='ltr'><strong>habet.</strong></span> <span class='ocrx_word' id='word_1_718' title='bbox 473 2351 501 2375; x_wconf 87' lang='lat' dir='ltr'><strong>et</strong></span> <span class='ocrx_word' id='word_1_719' title='bbox 515 2347 607 2374; x_wconf 87' lang='lat' dir='ltr'><strong>omnia</strong></span> <span class='ocrx_word' id='word_1_720' title='bbox 621 2354 651 2374; x_wconf 94' lang='lat' dir='ltr'><strong>se</strong></span> <span class='ocrx_word' id='word_1_721' title='bbox 666 2346 767 2374; x_wconf 87' lang='lat' dir='ltr'><strong>habere</strong></span> <span class='ocrx_word' id='word_1_722' title='bbox 781 2350 878 2382; x_wconf 88' lang='lat' dir='ltr'><strong>putat;</strong></span> <span class='ocrx_word' id='word_1_723' title='bbox 894 2347 940 2382; x_wconf 92' lang='lat' dir='ltr'><strong>qui</strong></span> 
     </span>
    </p>
   </div>
   <div class='ocr_carea' id='block_1_97' title="bbox 998 2341 1796 2382">
    <p class='ocr_par' dir='ltr' id='par_1_97' title="bbox 998 2341 1796 2379">
     <span class='ocr_line' id='line_1_97' title="bbox 998 2341 1796 2379; baseline 0 -10"><span class='ocrx_word' id='word_1_724' title='bbox 998 2343 1187 2378; x_wconf 85' lang='grc' dir='ltr'>φιλοστόργως</span> <span class='ocrx_word' id='word_1_725' title='bbox 1211 2342 1281 2378; x_wconf 87' lang='grc' dir='ltr'>πρὸς</span> <span class='ocrx_word' id='word_1_726' title='bbox 1323 2342 1422 2379; x_wconf 78' lang='grc' dir='ltr'>μικρὸν</span> <span class='ocrx_word' id='word_1_727' title='bbox 1449 2341 1633 2370; x_wconf 82' lang='grc' dir='ltr'>παιδεύουσιν,</span> <span class='ocrx_word' id='word_1_728' title='bbox 1656 2341 1719 2374; x_wconf 83' lang='grc' dir='ltr'><strong>Πῶς</strong></span> <span class='ocrx_word' id='word_1_729' title='bbox 1746 2342 1796 2369; x_wconf 79' lang='grc' dir='ltr'>οὖν</span> 
     </span>
    </p>
   </div>
   <div class='ocr_carea' id='block_1_98' title="bbox 141 2392 940 2428">
    <p class='ocr_par' dir='ltr' id='par_1_98' title="bbox 141 2392 940 2428">
     <span class='ocr_line' id='line_1_98' title="bbox 141 2392 940 2428; baseline -0.003 -6"><span class='ocrx_word' id='word_1_730' title='bbox 141 2393 266 2422; x_wconf 86' lang='lat' dir='ltr'><strong>mendaci</strong></span> <span class='ocrx_word' id='word_1_731' title='bbox 289 2393 420 2428; x_wconf 88' lang='lat' dir='ltr'><strong>jactantia</strong></span> <span class='ocrx_word' id='word_1_732' title='bbox 443 2393 482 2420; x_wconf 87' lang='lat' dir='ltr'><strong>ait</strong></span> <span class='ocrx_word' id='word_1_733' title='bbox 507 2393 565 2420; x_wconf 71' lang='lat' dir='ltr'><strong>haac</strong></span> <span class='ocrx_word' id='word_1_734' title='bbox 591 2392 642 2428; x_wconf 91' lang='lat' dir='ltr'><strong>ipsi</strong></span> <span class='ocrx_word' id='word_1_735' title='bbox 665 2400 726 2420; x_wconf 88' lang='lat' dir='ltr'><strong>esse</strong></span> <span class='ocrx_word' id='word_1_736' title='bbox 745 2392 856 2425; x_wconf 87' lang='lat' dir='ltr'><strong>tradita,</strong></span> <span class='ocrx_word' id='word_1_737' title='bbox 877 2400 940 2420; x_wconf 92' lang='lat' dir='ltr'><strong>cum</strong></span> 
     </span>
    </p>
   </div>
   <div class='ocr_carea' id='block_1_99' title="bbox 142 2438 939 2476">
    <p class='ocr_par' dir='ltr' id='par_1_99' title="bbox 142 2438 939 2476">
     <span class='ocr_line' id='line_1_99' title="bbox 142 2438 939 2476; baseline -0.004 -8"><span class='ocrx_word' id='word_1_738' title='bbox 142 2448 239 2476; x_wconf 86' lang='lat' dir='ltr'><strong>reapse</strong></span> <span class='ocrx_word' id='word_1_739' title='bbox 253 2448 289 2468; x_wconf 90' lang='lat' dir='ltr'><strong>ne</strong></span> <span class='ocrx_word' id='word_1_740' title='bbox 304 2445 399 2468; x_wconf 88' lang='lat' dir='ltr'><strong>contra</strong></span> <span class='ocrx_word' id='word_1_741' title='bbox 410 2447 508 2475; x_wconf 87' lang='lat' dir='ltr'><strong>porcos</strong></span> <span class='ocrx_word' id='word_1_742' title='bbox 521 2439 632 2474; x_wconf 89' lang='lat' dir='ltr'><strong>quidem</strong></span> <span class='ocrx_word' id='word_1_743' title='bbox 645 2438 749 2472; x_wconf 84' lang='lat' dir='ltr'><strong>absque</strong></span> <span class='ocrx_word' id='word_1_744' title='bbox 765 2438 811 2465; x_wconf 91' lang='lat' dir='ltr'><strong>Dei</strong></span> <span class='ocrx_word' id='word_1_745' title='bbox 824 2445 939 2466; x_wconf 83' lang='lat' dir='ltr'><strong>conces-</strong></span> 
     </span>
    </p>
   </div>
   <div class='ocr_carea' id='block_1_100' title="bbox 142 2483 939 2522">
    <p class='ocr_par' dir='ltr' id='par_1_100' title="bbox 142 2483 939 2522">
     <span class='ocr_line' id='line_1_100' title="bbox 142 2483 939 2522; baseline -0.005 -8"><span class='ocrx_word' id='word_1_746' title='bbox 142 2487 220 2514; x_wconf 91' lang='lat' dir='ltr'><strong>sione</strong></span> <span class='ocrx_word' id='word_1_747' title='bbox 233 2490 398 2522; x_wconf 83' lang='lat' dir='ltr'><strong>potestatem</strong></span> <span class='ocrx_word' id='word_1_748' title='bbox 414 2485 541 2513; x_wconf 88' lang='lat' dir='ltr'><strong>habuerit</strong></span> <span class='ocrx_word' id='word_1_749' title='bbox 555 2485 567 2511; x_wconf 89' lang='lat'><strong>?</strong></span> <span class='ocrx_word' id='word_1_750' title='bbox 585 2484 700 2512; x_wconf 83' lang='lat' dir='ltr'><strong>Prorsus</strong></span> <span class='ocrx_word' id='word_1_751' title='bbox 715 2483 784 2511; x_wconf 87' lang='lat' dir='ltr'><strong>nihil</strong></span> <span class='ocrx_word' id='word_1_752' title='bbox 799 2488 842 2511; x_wconf 89' lang='lat' dir='ltr'><strong>est</strong></span> <span class='ocrx_word' id='word_1_753' title='bbox 852 2483 939 2516; x_wconf 85' lang='lat' dir='ltr'><strong>aliud,</strong></span> 
     </span>
    </p>
   </div>
   <div class='ocr_carea' id='block_1_101' title="bbox 141 2529 940 2568">
    <p class='ocr_par' dir='ltr' id='par_1_101' title="bbox 141 2529 940 2568">
     <span class='ocr_line' id='line_1_101' title="bbox 141 2529 940 2568; baseline -0.005 -8"><span class='ocrx_word' id='word_1_754' title='bbox 141 2540 222 2568; x_wconf 89' lang='lat' dir='ltr'><strong>quam</strong></span> <span class='ocrx_word' id='word_1_755' title='bbox 230 2532 340 2560; x_wconf 88' lang='lat' dir='ltr'><strong>rabidus</strong></span> <span class='ocrx_word' id='word_1_756' title='bbox 346 2531 456 2567; x_wconf 88' lang='lat' dir='ltr'><strong>quidam</strong></span> <span class='ocrx_word' id='word_1_757' title='bbox 463 2531 518 2567; x_wconf 77' lang='lat'><strong>65</strong></span> <span class='ocrx_word' id='word_1_758' title='bbox 528 2530 660 2563; x_wconf 79' lang='lat' dir='ltr'><strong>carnifex,</strong></span> <span class='ocrx_word' id='word_1_759' title='bbox 671 2530 718 2565; x_wconf 90' lang='lat' dir='ltr'><strong>qui</strong></span> <span class='ocrx_word' id='word_1_760' title='bbox 728 2530 871 2557; x_wconf 89' lang='lat' dir='ltr'><strong>hominum</strong></span> <span class='ocrx_word' id='word_1_761' title='bbox 878 2529 940 2556; x_wconf 92' lang='lat' dir='ltr'><strong>ani-</strong></span> 
     </span>
    </p>
   </div>
   <div class='ocr_carea' id='block_1_102' title="bbox 141 2577 940 2612">
    <p class='ocr_par' dir='ltr' id='par_1_102' title="bbox 141 2577 940 2612">
     <span class='ocr_line' id='line_1_102' title="bbox 141 2577 940 2612; baseline -0.006 -4"><span class='ocrx_word' id='word_1_762' title='bbox 141 2588 200 2608; x_wconf 89' lang='lat' dir='ltr'><strong>mas</strong></span> <span class='ocrx_word' id='word_1_763' title='bbox 219 2580 348 2608; x_wconf 86' lang='lat' dir='ltr'><strong>mandato</strong></span> <span class='ocrx_word' id='word_1_764' title='bbox 362 2579 410 2607; x_wconf 88' lang='lat' dir='ltr'><strong>Dei</strong></span> <span class='ocrx_word' id='word_1_765' title='bbox 426 2578 532 2607; x_wconf 79' lang='lat' dir='ltr'><strong>vinctas</strong></span> <span class='ocrx_word' id='word_1_766' title='bbox 549 2578 637 2606; x_wconf 89' lang='lat' dir='ltr'><strong>tenuit</strong></span> <span class='ocrx_word' id='word_1_767' title='bbox 657 2577 693 2605; x_wconf 88' lang='lat' dir='ltr'><strong>ob</strong></span> <span class='ocrx_word' id='word_1_768' title='bbox 712 2581 853 2612; x_wconf 84' lang='lat' dir='ltr'><strong>peccatum</strong></span> <span class='ocrx_word' id='word_1_769' title='bbox 875 2584 940 2612; x_wconf 91' lang='lat' dir='ltr'><strong>pro-</strong></span> 
     </span>
    </p>
   </div>
   <div class='ocr_carea' id='block_1_103' title="bbox 136 2622 940 2663">
    <p class='ocr_par' dir='ltr' id='par_1_103' title="bbox 136 2622 940 2663">
     <span class='ocr_line' id='line_1_103' title="bbox 136 2622 940 2663; baseline -0.007 -8"><span class='ocrx_word' id='word_1_770' title='bbox 136 2626 282 2663; x_wconf 76' lang='lat' dir='ltr'><strong>genitoris,</strong></span> <span class='ocrx_word' id='word_1_771' title='bbox 305 2632 392 2660; x_wconf 91' lang='lat' dir='ltr'><strong>usque</strong></span> <span class='ocrx_word' id='word_1_772' title='bbox 412 2624 447 2652; x_wconf 86' lang='lat' dir='ltr'><strong>ad</strong></span> <span class='ocrx_word' id='word_1_773' title='bbox 471 2623 580 2652; x_wconf 87' lang='lat' dir='ltr'><strong>Domini</strong></span> <span class='ocrx_word' id='word_1_774' title='bbox 601 2622 688 2651; x_wconf 85' lang='lat' dir='ltr'><strong>nostri</strong></span> <span class='ocrx_word' id='word_1_775' title='bbox 707 2630 769 2650; x_wconf 93' lang='lat' dir='ltr'><strong>cum</strong></span> <span class='ocrx_word' id='word_1_776' title='bbox 791 2629 876 2650; x_wconf 88' lang='lat' dir='ltr'><strong>carne</strong></span> <span class='ocrx_word' id='word_1_777' title='bbox 892 2623 940 2650; x_wconf 83' lang='lat' dir='ltr'><strong>ad-</strong></span> 
     </span>
    </p>
   </div>
   <div class='ocr_carea' id='block_1_104' title="bbox 139 2670 940 2708">
    <p class='ocr_par' dir='ltr' id='par_1_104' title="bbox 139 2670 940 2708">
     <span class='ocr_line' id='line_1_104' title="bbox 139 2670 940 2708; baseline -0.005 -7"><span class='ocrx_word' id='word_1_778' title='bbox 139 2679 264 2702; x_wconf 88' lang='lat' dir='ltr'><strong>ventum.</strong></span> <span class='ocrx_word' id='word_1_779' title='bbox 289 2673 351 2708; x_wconf 87' lang='lat' dir='ltr'><strong>lpse</strong></span> <span class='ocrx_word' id='word_1_780' title='bbox 375 2672 451 2700; x_wconf 89' lang='lat' dir='ltr'><strong>enim</strong></span> <span class='ocrx_word' id='word_1_781' title='bbox 477 2672 549 2699; x_wconf 88' lang='lat' dir='ltr'><strong>Deus</strong></span> <span class='ocrx_word' id='word_1_782' title='bbox 574 2676 670 2699; x_wconf 89' lang='lat' dir='ltr'><strong>noster</strong></span> <span class='ocrx_word' id='word_1_783' title='bbox 696 2675 726 2698; x_wconf 94' lang='lat' dir='ltr'><strong>ut</strong></span> <span class='ocrx_word' id='word_1_784' title='bbox 747 2670 825 2698; x_wconf 80' lang='lat' dir='ltr'><strong>fortis</strong></span> <span class='ocrx_word' id='word_1_785' title='bbox 853 2671 940 2698; x_wconf 90' lang='lat' dir='ltr'><strong>victor</strong></span> 
     </span>
    </p>
   </div>
   <div class='ocr_carea' id='block_1_105' title="bbox 139 2717 937 2755">
    <p class='ocr_par' dir='ltr' id='par_1_105' title="bbox 139 2717 937 2755">
     <span class='ocr_line' id='line_1_105' title="bbox 139 2717 937 2755; baseline -0.005 -7"><span class='ocrx_word' id='word_1_786' title='bbox 139 2721 238 2748; x_wconf 78' lang='lat' dir='ltr'><strong>inferni</strong></span> <span class='ocrx_word' id='word_1_787' title='bbox 249 2728 340 2748; x_wconf 84' lang='lat' dir='ltr'><strong>arcam</strong></span> <span class='ocrx_word' id='word_1_788' title='bbox 348 2719 489 2755; x_wconf 65' lang='lat' dir='ltr'><strong>praedatus</strong></span> <span class='ocrx_word' id='word_1_789' title='bbox 497 2723 550 2751; x_wconf 81' lang='lat' dir='ltr'><strong>est,</strong></span> <span class='ocrx_word' id='word_1_790' title='bbox 561 2717 668 2746; x_wconf 83' lang='lat' dir='ltr'><strong>vinctos</strong></span> <span class='ocrx_word' id='word_1_791' title='bbox 673 2724 783 2745; x_wconf 86' lang='lat' dir='ltr'><strong>carcere</strong></span> <span class='ocrx_word' id='word_1_792' title='bbox 789 2717 937 2752; x_wconf 82' lang='lat' dir='ltr'><strong>expedivit,</strong></span> 
     </span>
    </p>
   </div>
   <div class='ocr_carea' id='block_1_106' title="bbox 139 2763 933 2802">
    <p class='ocr_par' dir='ltr' id='par_1_106' title="bbox 139 2763 933 2802">
     <span class='ocr_line' id='line_1_106' title="bbox 139 2763 933 2802; baseline -0.006 -7"><span class='ocrx_word' id='word_1_793' title='bbox 139 2768 210 2795; x_wconf 87' lang='lat' dir='ltr'><strong>hanc</strong></span> <span class='ocrx_word' id='word_1_794' title='bbox 243 2767 301 2802; x_wconf 89' lang='lat' dir='ltr'><strong>ipse</strong></span> <span class='ocrx_word' id='word_1_795' title='bbox 329 2766 402 2794; x_wconf 87' lang='lat' dir='ltr'><strong>viam</strong></span> <span class='ocrx_word' id='word_1_796' title='bbox 434 2764 635 2792; x_wconf 85' lang='lat' dir='ltr'><strong>resurrectione</strong></span> <span class='ocrx_word' id='word_1_797' title='bbox 663 2771 714 2792; x_wconf 83' lang='lat' dir='ltr'><strong>sua</strong></span> <span class='ocrx_word' id='word_1_798' title='bbox 745 2763 933 2799; x_wconf 79' lang='lat' dir='ltr'><strong>patefaciens,</strong></span> 
     </span>
    </p>
   </div>
   <div class='ocr_carea' id='block_1_107' title="bbox 173 2853 621 2888">
    <p class='ocr_par' dir='ltr' id='par_1_107' title="bbox 173 2853 621 2888">
     <span class='ocr_line' id='line_1_107' title="bbox 173 2853 621 2888; baseline -0.004 -5"><span class='ocrx_word' id='word_1_799' title='bbox 173 2857 194 2872; x_wconf 75' lang='lat'><strong>&quot;</strong></span> <span class='ocrx_word' id='word_1_800' title='bbox 214 2857 264 2883; x_wconf 78' lang='lat' dir='ltr'><strong>lsa.</strong></span> <span class='ocrx_word' id='word_1_801' title='bbox 285 2863 315 2888; x_wconf 88' lang='lat' dir='ltr'><strong>tl,</strong></span> <span class='ocrx_word' id='word_1_802' title='bbox 332 2855 348 2883; x_wconf 75' lang='grc'><strong>5</strong></span> <span class='ocrx_word' id='word_1_803' title='bbox 397 2854 422 2870; x_wconf 80' lang='lat'><strong><em>&quot;°</em></strong></span> <span class='ocrx_word' id='word_1_804' title='bbox 442 2855 560 2885; x_wconf 75' lang='lat' dir='ltr'><strong>iiom.v,</strong></span> <span class='ocrx_word' id='word_1_805' title='bbox 579 2853 621 2881; x_wconf 77' lang='grc' dir='ltr'><strong>Η.</strong></span> 
     </span>
    </p>
   </div>
   <div class='ocr_carea' id='block_1_108' title="bbox 995 2387 1797 2423">
    <p class='ocr_par' dir='ltr' id='par_1_108' title="bbox 995 2387 1797 2423">
     <span class='ocr_line' id='line_1_108' title="bbox 995 2387 1797 2423; baseline -0.002 -7"><span class='ocrx_word' id='word_1_806' title='bbox 995 2387 1068 2416; x_wconf 76' lang='grc' dir='ltr'>εἷναί</span> <span class='ocrx_word' id='word_1_807' title='bbox 1081 2397 1122 2415; x_wconf 88' lang='grc' dir='ltr'><strong>σοι</strong></span> <span class='ocrx_word' id='word_1_808' title='bbox 1145 2388 1220 2415; x_wconf 88' lang='grc' dir='ltr'>δοκεῖ</span> <span class='ocrx_word' id='word_1_809' title='bbox 1234 2388 1248 2414; x_wconf 82' lang='grc' dir='ltr'><strong>ό</strong></span> <span class='ocrx_word' id='word_1_810' title='bbox 1262 2387 1451 2423; x_wconf 86' lang='grc' dir='ltr'>ἀντικείμενος</span> <span class='ocrx_word' id='word_1_811' title='bbox 1461 2387 1509 2414; x_wconf 82' lang='grc' dir='ltr'>καὶ</span> <span class='ocrx_word' id='word_1_812' title='bbox 1524 2387 1762 2423; x_wconf 81' lang='grc' dir='ltr'>ὑπεραιρόμενος,</span> <span class='ocrx_word' id='word_1_813' title='bbox 1780 2388 1797 2414; x_wconf 81' lang='grc' dir='ltr'><strong>ο</strong></span> 
     </span>
    </p>
   </div>
   <div class='ocr_carea' id='block_1_109' title="bbox 996 2433 1795 2471">
    <p class='ocr_par' dir='ltr' id='par_1_109' title="bbox 996 2433 1795 2471">
     <span class='ocr_line' id='line_1_109' title="bbox 996 2433 1795 2471; baseline -0.001 -10"><span class='ocrx_word' id='word_1_814' title='bbox 996 2435 1078 2471; x_wconf 86' lang='grc' dir='ltr'>μηδὲν</span> <span class='ocrx_word' id='word_1_815' title='bbox 1091 2434 1160 2470; x_wconf 76' lang='grc' dir='ltr'>ἔχων</span> <span class='ocrx_word' id='word_1_816' title='bbox 1171 2434 1218 2461; x_wconf 75' lang='grc' dir='ltr'>καὶ</span> <span class='ocrx_word' id='word_1_817' title='bbox 1233 2434 1324 2462; x_wconf 86' lang='grc' dir='ltr'>πάντα</span> <span class='ocrx_word' id='word_1_818' title='bbox 1333 2434 1458 2470; x_wconf 74' lang='grc' dir='ltr'>οἰόμενος</span> <span class='ocrx_word' id='word_1_819' title='bbox 1469 2433 1607 2469; x_wconf 84' lang='grc' dir='ltr'>κατέχειν,</span> <span class='ocrx_word' id='word_1_820' title='bbox 1624 2433 1671 2460; x_wconf 73' lang='grc' dir='ltr'>καὶ</span> <span class='ocrx_word' id='word_1_821' title='bbox 1686 2433 1795 2468; x_wconf 85' lang='grc' dir='ltr'>ψευδῶς</span> 
     </span>
    </p>
   </div>
   <div class='ocr_carea' id='block_1_110' title="bbox 991 2479 1796 2516">
    <p class='ocr_par' dir='ltr' id='par_1_110' title="bbox 991 2479 1796 2516">
     <span class='ocr_line' id='line_1_110' title="bbox 991 2479 1796 2516; baseline -0.001 -9"><span class='ocrx_word' id='word_1_822' title='bbox 991 2479 1178 2516; x_wconf 83' lang='grc' dir='ltr'>φασμαλογῶν</span> <span class='ocrx_word' id='word_1_823' title='bbox 1207 2480 1256 2506; x_wconf 77' lang='grc' dir='ltr'>καὶ</span> <span class='ocrx_word' id='word_1_824' title='bbox 1281 2479 1379 2514; x_wconf 85' lang='grc' dir='ltr'>λέγων,</span> <span class='ocrx_word' id='word_1_825' title='bbox 1410 2480 1452 2506; x_wconf 74' lang='grc' dir='ltr'>ὅτι</span> <span class='ocrx_word' id='word_1_826' title='bbox 1466 2479 1560 2506; x_wconf 80' lang='grc' dir='ltr'>Ταῦτα</span> <span class='ocrx_word' id='word_1_827' title='bbox 1584 2480 1647 2515; x_wconf 70' lang='grc' dir='ltr'>ἐμοὶ</span> <span class='ocrx_word' id='word_1_828' title='bbox 1675 2479 1796 2515; x_wconf 85' lang='grc' dir='ltr'>παραδέ-</span> 
     </span>
    </p>
   </div>
   <div class='ocr_carea' id='block_1_111' title="bbox 990 2526 1795 2562">
    <p class='ocr_par' dir='ltr' id='par_1_111' title="bbox 990 2526 1795 2562">
     <span class='ocr_line' id='line_1_111' title="bbox 990 2526 1795 2562; baseline -0.002 -8"><span class='ocrx_word' id='word_1_829' title='bbox 990 2527 1114 2557; x_wconf 82' lang='grc' dir='ltr'>δονται,ὀ</span> <span class='ocrx_word' id='word_1_830' title='bbox 1128 2526 1196 2562; x_wconf 77' lang='grc' dir='ltr'>μηδὲ</span> <span class='ocrx_word' id='word_1_831' title='bbox 1211 2526 1282 2553; x_wconf 83' lang='grc' dir='ltr'>κατὰ</span> <span class='ocrx_word' id='word_1_832' title='bbox 1291 2526 1392 2562; x_wconf 86' lang='grc' dir='ltr'>χοίρων</span> <span class='ocrx_word' id='word_1_833' title='bbox 1404 2526 1530 2560; x_wconf 77' lang='grc' dir='ltr'>ἐξουσίαν</span> <span class='ocrx_word' id='word_1_834' title='bbox 1543 2526 1613 2562; x_wconf 75' lang='grc' dir='ltr'>ἔχων</span> <span class='ocrx_word' id='word_1_835' title='bbox 1622 2546 1628 2558; x_wconf 89' lang='grc'><em>.</em></span> <span class='ocrx_word' id='word_1_836' title='bbox 1645 2527 1710 2554; x_wconf 76' lang='grc' dir='ltr'>ἄνευ</span> <span class='ocrx_word' id='word_1_837' title='bbox 1725 2526 1795 2553; x_wconf 77' lang='grc' dir='ltr'>Θεοῦ</span> 
     </span>
    </p>
   </div>
   <div class='ocr_carea' id='block_1_112' title="bbox 993 2572 1794 2610">
    <p class='ocr_par' dir='ltr' id='par_1_112' title="bbox 993 2572 1794 2610">
     <span class='ocr_line' id='line_1_112' title="bbox 993 2572 1794 2610; baseline -0.002 -9"><span class='ocrx_word' id='word_1_838' title='bbox 993 2574 1212 2610; x_wconf 81' lang='grc' dir='ltr'>συγχωρήσεως;</span> <span class='ocrx_word' id='word_1_839' title='bbox 1231 2573 1341 2604; x_wconf 85' lang='grc' dir='ltr'>πάντως</span> <span class='ocrx_word' id='word_1_840' title='bbox 1354 2572 1409 2608; x_wconf 86' lang='grc' dir='ltr'>γὰρ</span> <span class='ocrx_word' id='word_1_841' title='bbox 1423 2572 1461 2604; x_wconf 81' lang='grc' dir='ltr'><strong>ὡς</strong></span> <span class='ocrx_word' id='word_1_842' title='bbox 1478 2572 1617 2608; x_wconf 86' lang='grc' dir='ltr'>δυσμενής</span> <span class='ocrx_word' id='word_1_843' title='bbox 1629 2581 1672 2604; x_wconf 85' lang='grc' dir='ltr'><strong>τις</strong></span> <span class='ocrx_word' id='word_1_844' title='bbox 1694 2572 1794 2608; x_wconf 84' lang='grc' dir='ltr'>δήμιός</span> 
     </span>
    </p>
   </div>
   <div class='ocr_carea' id='block_1_113' title="bbox 995 2618 1793 2655">
    <p class='ocr_par' dir='ltr' id='par_1_113' title="bbox 995 2618 1793 2655">
     <span class='ocr_line' id='line_1_113' title="bbox 995 2618 1793 2655; baseline -0.003 -8"><span class='ocrx_word' id='word_1_845' title='bbox 995 2621 1065 2652; x_wconf 75' lang='grc' dir='ltr'>ἐστι,</span> <span class='ocrx_word' id='word_1_846' title='bbox 1081 2620 1132 2652; x_wconf 84' lang='grc' dir='ltr'>τὰς</span> <span class='ocrx_word' id='word_1_847' title='bbox 1145 2619 1201 2646; x_wconf 87' lang='grc' dir='ltr'>τῶν</span> <span class='ocrx_word' id='word_1_848' title='bbox 1217 2618 1371 2655; x_wconf 82' lang='grc' dir='ltr'>ἀνθρώπων</span> <span class='ocrx_word' id='word_1_849' title='bbox 1385 2619 1476 2655; x_wconf 75' lang='grc' dir='ltr'>ψυχὰς</span> <span class='ocrx_word' id='word_1_850' title='bbox 1499 2619 1647 2655; x_wconf 78' lang='grc' dir='ltr'>προστάξει</span> <span class='ocrx_word' id='word_1_851' title='bbox 1661 2618 1708 2646; x_wconf 87' lang='grc' dir='ltr'>τοῦ</span> <span class='ocrx_word' id='word_1_852' title='bbox 1722 2619 1793 2645; x_wconf 74' lang='grc' dir='ltr'>Θεοῦ</span> 
     </span>
    </p>
   </div>
   <div class='ocr_carea' id='block_1_114' title="bbox 995 2666 1793 2703">
    <p class='ocr_par' dir='ltr' id='par_1_114' title="bbox 995 2666 1793 2703">
     <span class='ocr_line' id='line_1_114' title="bbox 995 2666 1793 2703; baseline -0.003 -8"><span class='ocrx_word' id='word_1_853' title='bbox 995 2668 1118 2703; x_wconf 80' lang='grc' dir='ltr'>κατέχων</span> <span class='ocrx_word' id='word_1_854' title='bbox 1143 2667 1187 2694; x_wconf 83' lang='grc' dir='ltr'>διὰ</span> <span class='ocrx_word' id='word_1_855' title='bbox 1213 2667 1263 2703; x_wconf 81' lang='grc' dir='ltr'>τὴν</span> <span class='ocrx_word' id='word_1_856' title='bbox 1289 2666 1337 2694; x_wconf 83' lang='grc' dir='ltr'>τοῦ</span> <span class='ocrx_word' id='word_1_857' title='bbox 1356 2667 1530 2702; x_wconf 83' lang='grc' dir='ltr'>προπάτορος</span> <span class='ocrx_word' id='word_1_858' title='bbox 1546 2667 1695 2703; x_wconf 80' lang='grc' dir='ltr'>ἁμαρτίαν,</span> <span class='ocrx_word' id='word_1_859' title='bbox 1710 2666 1793 2701; x_wconf 77' lang='grc' dir='ltr'>μέχρι</span> 
     </span>
    </p>
   </div>
   <div class='ocr_carea' id='block_1_115' title="bbox 993 2712 1791 2750">
    <p class='ocr_par' dir='ltr' id='par_1_115' title="bbox 993 2712 1791 2750">
     <span class='ocr_line' id='line_1_115' title="bbox 993 2712 1791 2750; baseline -0.004 -9"><span class='ocrx_word' id='word_1_860' title='bbox 993 2715 1044 2750; x_wconf 79' lang='grc' dir='ltr'><strong>τῆς</strong></span> <span class='ocrx_word' id='word_1_861' title='bbox 1058 2715 1087 2741; x_wconf 79' lang='grc' dir='ltr'>ἐν</span> <span class='ocrx_word' id='word_1_862' title='bbox 1103 2714 1186 2750; x_wconf 79' lang='grc' dir='ltr'>σαρκὶ</span> <span class='ocrx_word' id='word_1_863' title='bbox 1201 2713 1356 2749; x_wconf 73' lang='grc' dir='ltr'>παρουσίας</span> <span class='ocrx_word' id='word_1_864' title='bbox 1369 2713 1416 2740; x_wconf 73' lang='grc' dir='ltr'>τοῦ</span> <span class='ocrx_word' id='word_1_865' title='bbox 1431 2713 1534 2748; x_wconf 68' lang='grc' dir='ltr'>Κυρίου</span> <span class='ocrx_word' id='word_1_866' title='bbox 1554 2714 1600 2739; x_wconf 79' lang='grc' dir='ltr'>καὶ</span> <span class='ocrx_word' id='word_1_867' title='bbox 1612 2712 1679 2739; x_wconf 78' lang='grc' dir='ltr'>Θεοῦ</span> <span class='ocrx_word' id='word_1_868' title='bbox 1699 2712 1791 2747; x_wconf 83' lang='grc' dir='ltr'>ἡμῶν.</span> 
     </span>
    </p>
   </div>
   <div class='ocr_carea' id='block_1_116' title="bbox 989 2758 1794 2795">
    <p class='ocr_par' dir='ltr' id='par_1_116' title="bbox 989 2758 1794 2795">
     <span class='ocr_line' id='line_1_116' title="bbox 989 2758 1794 2795; baseline -0.002 -8"><span class='ocrx_word' id='word_1_869' title='bbox 989 2761 1077 2792; x_wconf 76' lang='grc' dir='ltr'>Αὐτὸς</span> <span class='ocrx_word' id='word_1_870' title='bbox 1095 2760 1150 2795; x_wconf 81' lang='grc' dir='ltr'>γὰρ</span> <span class='ocrx_word' id='word_1_871' title='bbox 1176 2760 1190 2786; x_wconf 75' lang='grc' dir='ltr'>ὁ</span> <span class='ocrx_word' id='word_1_872' title='bbox 1213 2759 1280 2792; x_wconf 72' lang='grc' dir='ltr'>Θεὸς</span> <span class='ocrx_word' id='word_1_873' title='bbox 1308 2759 1387 2795; x_wconf 82' lang='grc' dir='ltr'>ἡμῶν</span> <span class='ocrx_word' id='word_1_874' title='bbox 1403 2759 1441 2791; x_wconf 79' lang='grc' dir='ltr'>ὡς</span> <span class='ocrx_word' id='word_1_875' title='bbox 1463 2759 1596 2795; x_wconf 77' lang='grc' dir='ltr'>κραταιὸς</span> <span class='ocrx_word' id='word_1_876' title='bbox 1624 2758 1739 2795; x_wconf 84' lang='grc' dir='ltr'>νικητὴς</span> <span class='ocrx_word' id='word_1_877' title='bbox 1758 2758 1794 2785; x_wconf 78' lang='grc' dir='ltr'>τὰ</span> 
     </span>
    </p>
   </div>
  </div>
