1948 3070
159 184 170 216 1
176 185 229 217 333

647 184 775 215 SERMO
795 185 824 215 Il
847 183 1049 215 ADVERSUS
1065 181 1307 213 MANICHEOS.

1750 179 1801 211 33$

159 241 231 274 ἓγνω
241 240 337 275 αὐτὴν,
351 239 401 266 οὐκ
416 240 450 267 ἂν
464 239 574 274 ἀδελφοὶ
589 240 671 267 αὐτοῦ
688 240 790 276 Κυρίου
803 240 929 274 ἐλέγοντο
938 241 952 267 ὁ

1008 239 1152 274 ignovisset,
1161 239 1233 266 haud
1244 245 1311 266 sane
1321 239 1480 266 dicerentur
1489 238 1576 273 ipsius
1585 235 1691 264 Domini
1705 236 1806 263 fratres

165 286 293 319 Ἰάκωϐος
307 287 354 313 καὶ
369 288 384 313 ὁ
405 286 506 318 Ἰούδας
516 288 562 314 καὶ
579 287 670 322 Ἰωσῆ,
682 288 706 314 οἱ
719 287 773 314 υἱοὶ
779 287 828 314 τοῦ
844 287 954 322 Ἰωσήφ.

161 334 194 359 ’Ὠ
212 333 262 368 τῆς
274 333 369 364 ἀνοίας
381 340 388 349 ⁸
401 333 473 368 τάχα
483 333 517 360 ἂν
533 333 566 360 σύ
579 342 613 368 γε
628 334 701 361 κατὰ
720 334 801 361 τοῦτο
816 333 864 361 καὶ
889 334 956 365 τοὺς

159 377 206 404 ἐπὶ
220 377 268 403 τοῦ
284 377 357 412 ίεροῦ
369 377 430 404 τότε
447 379 584 412 παρόντας
602 378 769 411 ἀποστόλους
783 379 832 405 καὶ
843 378 954 409 λοιποὺς

158 422 256 457 δχλους
270 422 417 455 ὑπολάϐοις
435 423 567 458 γεννῆσαι
581 424 631 458 τὴν
654 423 815 459 Θεομήτορα
827 431 834 437 '
858 423 952 459 ἐπειδὴ

159 467 285 498 ἐκτείνας
296 469 341 495 ἐπ’
355 469 456 501 αὐτοὺς
465 470 479 496 ὁ
495 470 597 505 Κύριος
605 469 678 506 [cm].
692 470 711 497 ί.
726 470 800 506 153.]
814 470 864 506 τὴν
872 471 952 505 χεῖρα

159 513 244 540 αὑτοῦ
269 511 346 540 εἶπεν
361 522 368 530 ·
399 514 472 541 Ἰδοὺ
492 516 518 542 οι
547 515 675 550 ἀδελφοί
694 524 754 550 μου
770 522 778 530 ⁸
800 515 886 548 ὅστις
898 515 954 550 γὰρ

159 559 200 586 ἂν
214 559 329 592 ποιήσῃ
359 560 393 586 τὸ
413 559 530 595 θέλημα
552 561 607 588 τοῦ
630 562 748 596 Πατρός
763 569 835 596 μου,
863 559 954 594 οὗτός

158 613 218 639 μου
229 605 278 632 καὶ
289 605 424 640 ἀδελφὸς
438 606 487 632 καὶ
500 606 618 641 ἀδελφὴ
646 606 695 634 καί
709 606 807 642 μήτηρ
826 606 922 633 ἐστιν·
936 605 954 641 ἢ

160 649 244 676 πάλιν
262 650 326 681 τοὺς
355 650 523 682 ἀποστόλους
546 652 595 679 καὶ
611 652 675 684 τοὺς
690 652 786 687 δχλους
813 651 955 687 μητρικῶς

161 696 348 731 ἀπογεννῆσαι
376 697 422 723 τὸν
452 697 567 733 Κύριον,
587 698 683 732 ἐπειδὴ
707 698 818 733 εἴρηκεν
843 698 954 730 αὐτοὺς,

160 741 199 773 ὡς
210 740 242 767 τὸ
250 741 356 776 θέλημα
370 741 454 769 αὐτοῦ
469 743 626 776 ποιοῦντας,
635 745 676 771 ὃτι
689 744 790 780 Μήτηρ
802 743 853 779 μού
865 745 955 776 ὲσ-τινς

161 787 209 814 καὶ
220 787 270 822 οὐχ
281 787 330 814 ἕνα
344 789 541 824 γεγεννηκέναι
555 789 647 822 αὐτὸν,
664 790 733 817 ἀλλὰ
747 790 874 823 πολλοὺς,
887 790 957 826 ὅπερ

160 834 301 868 ἀμήχανον
313 842 320 848 ·
333 834 380 861 καὶ
397 837 426 861 ὲν
440 837 474 870 τῇ
490 836 638 863 ἀναστάσει
654 836 797 872 εἰρηκότος
813 837 881 871 πρὸς
906 837 957 872 τὴν

159 877 342 913 Μαγδαληνὴν
360 879 470 914 Μαρίαν
483 899 490 911 ,
512 881 675 915 Πορεύθητι
698 881 775 915 ,πρὸς
784 881 857 914 τοὺς
867 881 954 910 ἀδελ-

1005 284 1133 316 Jacobus,
1147 287 1174 311 et
1190 283 1284 316 Iudas,
1303 288 1330 312 et
1343 284 1473 319 Jose.qui
1485 283 1598 318 Josepbi
1615 282 1662 310 filii
1677 281 1800 309 fuerunt.

1005 330 1028 357 0
1042 330 1176 358 insaniam
1190 331 1196 358 l
1213 329 1338 358 Fortasse
1355 335 1383 357 tu
1404 330 1456 358 hoc
1470 334 1551 358 utens
1565 328 1720 360 ratiocinio,
1737 335 1803 362 apo-

1005 376 1089 404 stolos
1105 384 1216 411 quoque
1233 380 1261 403 et
1272 377 1402 411 populum
1420 376 1554 410 reliquum
1573 379 1640 403 tunc
1657 375 1683 401 in
1701 374 1804 408 tetnplo

1003 427 1166 457 praesentem
1190 423 1375 457 suspicaberis
1406 423 1440 450 de
1468 422 1583 456 Deipara
1615 426 1714 452 natos,
1738 420 1803 455 quia

1003 469 1122 496 extentis
1147 475 1210 503 erga
1239 475 1287 496 eos
1305 468 1432 496 manibus
1456 467 1587 495 Dominus
1614 467 1705 494 dixit:
1733 466 1802 493 Ecce

1004 515 1100 551 fratres
1120 515 1172 542 mei
1185 523 1194 542 .'
1217 515 1366 550 quicunque
1377 515 1447 541 enim
1466 514 1629 540 voluntatem
1645 512 1736 539 Patris
1751 512 1803 538 mei

1004 561 1106 597 fecerit,
1128 561 1172 588 hic
1193 569 1266 588 meus
1289 562 1373 596 frater
1388 565 1412 588 et
1428 569 1504 588 soror
1517 565 1543 587 et
1557 564 1643 587 mater
1656 564 1694 586 est
1707 559 1740 586 ".
1760 559 1802 585 An

1005 615 1100 635 rursus
1112 607 1244 642 putabitis
1257 607 1395 642 apostolos
1407 611 1490 641 atque
1502 606 1597 634 turbas
1610 605 1706 633 matris
1717 605 1804 632 instar

1005 658 1097 681 ortum
1115 653 1231 680 Domino
1247 653 1367 686 dedisse,
1381 653 1512 688 quoniam
1533 652 1591 687 ipse
1607 652 1686 683 dixit,
1700 658 1748 678 eos
1758 650 1804 685 qui

1007 700 1177 727 voluntatem
1199 699 1271 728 illius
1287 699 1413 732 fecerint,
1427 703 1543 726 matrem
1559 706 1637 726 suam
1653 698 1806 725 esse?tunc

1006 747 1080 775 enim
1107 755 1161 774 non
1189 747 1224 774 ab
1253 754 1309 774 uno
1328 747 1377 774 sed
1391 754 1407 773 a
1423 746 1549 781 pluribus
1565 745 1663 773 fuisset
1686 743 1805 780 genitus,

1007 794 1081 829 quod
1101 793 1271 828 impossibile
1287 797 1339 821 est.
1362 793 1477 828 insuper
1492 800 1554 819 cum
1585 791 1655 819 facta
1683 797 1808 818 resurre-

1007 839 1100 866 ctione
1125 838 1193 866 dixit
1222 838 1313 866 Maria:
1338 838 1526 874 Magdalente:
1547 837 1630 872 Perge
1653 837 1688 863 ad
1712 836 1807 871 fratres

1007 893 1089 918 meos,
1105 891 1128 912 et
1141 885 1183 912 dic
1200 885 1254 912 illis
1267 893 1276 912 :
1291 884 1409 912 Ascendo
1425 885 1460 912 ad
1477 885 1587 912 Patrem
1600 891 1687 910 meum
1711 887 1735 909 et
1758 881 1810 909 Pa-

158 924 236 958 φούς
243 933 315 958 μου,
330 925 380 952 καί
394 925 460 953 εἰπὲ
475 927 579 960 αὐτοῖς
590 934 597 942 °
613 927 775 955 Ἀναϐαίνω
799 928 875 962 πρὸς
899 928 953 955 τὸν·

1008 938 1073 960 trem
1086 937 1212 965 vestrum,
1227 933 1309 959 Deum
1323 940 1410 958 meum
1427 936 1451 958 et
1465 931 1548 958 Deum
1557 936 1672 958 vestrum
1683 930 1706 947 "
1715 938 1724 962 ;
1734 929 1808 964 quod

158 971 275 1005 Πατέρα
281 980 343 1006 μου
352 974 402 1000 καὶ
417 973 534 1008 Πατέρα
549 974 643 1009 ὑμῶν,
660 976 708 1002 καί
730 975 805 1002 Θεόν
829 984 889 1010 μου
903 974 954 1001 καὶ

160 1017 236 1044 θεὸν
263 1017 349 1053 ὑμῶν
362 1026 369 1033 ·
401 1018 443 1045 ὃτι
466 1019 496 1046 δὲ
520 1021 585 1056 περὶ
607 1020 662 1048 τῶν
691 1021 851 1048 ἀποστόλων
874 1022 954 1048 τοῦτο

158 1063 253 1096 ἔλεγεν
269 1065 316 1090 καὶ
334 1064 366 1091 οὐ
393 1065 459 1100 περὶ
477 1065 533 1092 τῶν
561 1066 627 1093 υἱῶν
646 1067 746 1102 Ἰωσὴφ
760 1067 816 1094 τῶν
843 1068 954 1103 νομιζο-

160 1109 250 1144 μένων
266 1108 335 1136 εἶναι
353 1111 478 1146 ἀδελφῶν
492 1112 587 1145 αὐτοῦ,
609 1113 640 1140 τὸ
652 1113 786 1149 ἑπόμενον
805 1114 953 1141 δείκνυσιν.

158 1155 290 1190 Ἔρχεται
302 1156 368 1192 γὰρ,
385 1158 464 1192 φησὶ,
485 1159 581 1194 Μαρία
595 1160 612 1195 ἡ
627 1160 794 1196 Μαγδαληνὴ
812 1161 956 1195 ἀπαγγέλ-

158 1202 242 1229 λουσα
252 1204 309 1234 τοῖς
329 1205 467 1239 μαθηταῖς
492 1206 532 1232 ὅτι
559 1206 667 1242 ἑώρακε
692 1207 739 1234 τὸν
766 1207 879 1242 Κύριον,
909 1208 958 1234 καὶ

158 1248 247 1275 ταῦτα
271 1246 351 1276 εἶπεν
380 1250 462 1285 αὐτῇ,
490 1251 587 1278 Τοίνυν
621 1252 672 1278 καὶ
699 1253 764 1283 τοὺς
789 1253 957 1285 ἀποστόλους

158 1295 238 1325 θεοὺς
249 1296 381 1334 ἀποφήσῃ
401 1299 473 1326 κατά
491 1299 538 1327 τὸν
555 1299 601 1326 σὺν
626 1300 706 1334 λόγον
737 1300 956 1336 γεγεννημένους

159 1341 192 1367 ὲκ
201 1341 253 1376 τῆς
263 1343 310 1369 τοῦ
327 1343 434 1379 Πατρὸς
445 1345 550 1378 οὐσίας,
577 1346 646 1382 ὅπερ
672 1346 819 1373 ἀδύνατονο
837 1346 884 1373 τοῦ
900 1346 955 1382 γὰρ

160 1387 227 1414 Υίοῦ
242 1389 345 1424 κυρίως
360 1389 409 1425 μὲν
426 1390 532 1426 Πατὴρ,
548 1392 579 1418 οὺ
592 1392 695 1428 κυρίως
722 1392 752 1419 δὲ
776 1393 843 1424 Θεός
855 1401 864 1409 ο
887 1392 957 1420 ἀλλά

161 1434 233 1460 κατὰ
247 1434 297 1469 μὲν
312 1435 363 1470 τὴν
377 1435 479 1470 σάρκα,
491 1435 557 1467 Θεός
571 1443 578 1451 '
595 1437 667 1464 κατά
692 1437 721 1464 δὲ
743 1437 794 1473 τὴν
817 1438 868 1472 τῆς
882 1437 957 1468 θείας

160 1480 256 1512 οὐσίας
269 1481 432 1516 ταυτότητα,
450 1482 546 1518 Πατήρ
558 1491 565 1498 ·
591 1483 647 1510 τῶν
671 1483 693 1510 δ’
713 1483 882 1515 ἀποστόλων,
906 1492 956 1509 κυ-

162 1524 229 1558 ρίως
245 1523 295 1559 μὲν
310 1524 386 1556 Θεὸς,
404 1526 434 1552 ού
446 1526 549 1561 κυρίως
563 1527 591 1553 δὲ
605 1527 700 1563 Πατήρ
718 1536 724 1543 ·
744 1528 811 1555 ἀλλὰ
824 1528 895 1554 κατὰ
908 1528 959 1563 μὲν

1008 979 1061 1007 hoc
1080 979 1190 1014 quidem
1206 978 1240 1005 de
1262 977 1391 1013 apostolis
1407 978 1516 1008 dixerit.
1539 985 1593 1004 non
1607 981 1700 1004 autem
1713 976 1747 1003 de
1761 975 1808 1002 Jo—

1008 1024 1076 1059 sepb
1092 1023 1162 1054 filiis,
1179 1024 1224 1058 qui
1248 1024 1308 1058 ejus
1321 1023 1420 1050 fratres
1434 1023 1672 1053 existimabantur,
1693 1022 1808 1049 demou-

1008 1073 1111 1097 stratur
1137 1069 1164 1096 in
1189 1069 1380 1104 sequentibus.
1410 1067 1492 1096 Venit
1521 1068 1615 1099 enim,
1643 1068 1693 1098 ait,
1723 1066 1807 1093 Maria

1009 1115 1167 1151 Magdalene
1179 1115 1311 1142 nuntians
1325 1114 1467 1150 discipulis
1481 1122 1511 1142 se
1529 1115 1629 1142 vidisse
1648 1113 1807 1145 Dominum.

1008 1168 1034 1190 et
1047 1162 1099 1190 sibi
1112 1163 1170 1190 haec
1187 1162 1290 1190 diserte
1304 1161 1416 1189 dixisse.
1435 1161 1508 1194 Quin
1525 1161 1592 1188 adeo
1605 1161 1687 1188 etiam
1700 1163 1808 1195 aposto—

1007 1208 1048 1235 los
1059 1208 1125 1236 deos
1140 1215 1202 1235 esse
1216 1207 1360 1239 decernes,
1377 1215 1426 1242 pro
1439 1207 1586 1234 verborum
1604 1210 1713 1233 tuorum
1728 1213 1807 1236 sono,

1005 1261 1039 1280 ex
1054 1253 1144 1288 patris
1163 1252 1315 1280 substantia
1329 1252 1446 1288 genitos,
1468 1252 1541 1287 quod
1562 1255 1604 1278 est
1628 1250 1807 1286 impossibile.

1005 1298 1072 1326 Nam
1090 1298 1150 1326 Filii
1164 1298 1275 1334 proprie
1291 1297 1371 1324 Pater
1383 1302 1435 1330 est,
1449 1297 1599 1332 improprie
1610 1301 1701 1324 autem
1719 1296 1790 1323 Deus
1802 1304 1809 1327 ;

1005 1344 1052 1372 sed
1079 1349 1215 1379 quatenus
1234 1344 1287 1377 ;ille
1302 1350 1367 1371 caro
1379 1347 1430 1376 est,
1458 1343 1552 1375 Deus;
1582 1347 1718 1377 quatenus
1738 1350 1805 1369 vero

1006 1389 1126 1417 divinam
1135 1388 1343 1416 habeteamdem
1351 1388 1543 1421 substantiam,
1552 1388 1689 1415 Paterest.
1696 1388 1795 1415 Contra
1802 1407 1808 1418 .

1007 1434 1194 1470 apostolorum
1204 1433 1312 1469 proprie
1324 1438 1366 1461 est
1375 1433 1457 1466 Deus,
1469 1434 1620 1469 improprie
1633 1434 1713 1461 Pater
1725 1443 1732 1461 ι
1744 1441 1807 1461 nam

1007 1486 1143 1516 quatentts
1156 1481 1303 1509 creationis
1322 1489 1404 1508 causa
1418 1480 1478 1513 fuit,
1495 1481 1698 1516 Deus68cst;
1723 1480 1808 1515 gratia

1008 1531 1099 1554 autem
1112 1526 1203 1554 Pater.
1216 1526 1388 1562 Quapropter
1400 1531 1428 1553 et
1440 1526 1572 1554 Dominus
1583 1533 1614 1553 ac
1628 1526 1699 1553 Deus
1714 1530 1809 1553 noster

159 1570 190 1595 τ),
205 1571 348 1604 ποιητικὸν
367 1571 465 1605 αἴτιον,
486 1573 554 1605 Θεός
572 1582 579 1589 ·
598 1576 669 1601 κατὰ
685 1574 713 1601 δὲ
729 1575 820 1610 χάριν,
844 1575 956 1610 Πατήρ·

1011 1581 1066 1601 non
1087 1579 1129 1601 est
1151 1573 1314 1609 dedignatus
1338 1573 1422 1600 frater
1439 1578 1534 1600 noster
1549 1573 1653 1605 vocari,
1668 1573 1734 1600 dttm
1749 1573 1806 1600 ait:

159 1615 199 1642 Δι’
213 1616 228 1642 ὃ
240 1616 287 1643 καὶ
304 1617 318 1643 ό
333 1617 436 1654 Κύριος
462 1619 510 1646 καὶ
525 1619 591 1652 Θεὸς
610 1621 690 1656 ἡμῶν
719 1621 770 1648 οὐκ
799 1621 955 1657 ἀπηξίωσεν

161 1662 278 1697 ἁδελφὸς
288 1663 368 1699 ἡμῶν
383 1664 518 1701 κληθῆναι
533 1666 632 1700 λέγων,
657 1667 698 1694 ὅτι
714 1664 799 1699 Οὗτός
814 1676 864 1702 μου
880 1667 957 1694 ἀδελ-

161 1708 211 1742 φός
223 1709 294 1741 ἐστι,
310 1711 380 1736 κατά
394 1711 475 1746 χάριν
485 1711 619 1747 δηλονότι,
634 1713 706 1749 lead.
720 1714 739 1740 f.
754 1714 815 1741 153.
831 1713 870 1749 In]
883 1714 958 1746 ὅστις

162 1755 272 1789 ποιήσει
285 1756 315 1782 τὸ
330 1756 437 1792 θέλημα
453 1758 500 1784 τοῦ
515 1759 622 1795 Πατρός
640 1768 692 1795 μου
712 1760 755 1787 τοῦ
768 1761 797 1786 ἐν
811 1761 954 1796 οὐρανοῖς·

161 1801 194 1826 ὲκ
207 1801 236 1827 δὲ
250 1801 298 1828 τοῦ
314 1804 365 1838 τῆς
378 1803 554 1840 Θεομήτορος
575 1806 715 1840 πανάγνου
736 1805 864 1842 σώματος
893 1807 957 1833 ναὸν

162 1847 252 1882 ἑαυτῷ
269 1848 481 1884 ἀχειρότευκτον
494 1851 669 1886 ὑπεστήσατο
681 1852 762 1887 μόνος
773 1861 781 1869 ·
794 1853 886 1885 καθὼς
914 1853 957 1880 λέ-

163 1902 206 1927 γει
238 1895 344 1927 Παῦλος
360 1903 367 1910 '
398 1896 630 1928 Ἐξαπέστειλεν
659 1899 676 1925 ὸ
705 1898 777 1932 Θεὸς
807 1899 861 1926 τὸν
888 1899 959 1926 Υίὸν

1011 1620 1060 1648 Hic
1073 1624 1114 1648 est
1125 1620 1209 1647 frater
1222 1627 1310 1651 meus,
1328 1619 1412 1655 gratia
1433 1619 1573 1652 nimirum,
1586 1619 1632 1654 qui
1649 1619 1736 1646 Patris
1754 1620 1810 1646 mei

1010 1667 1130 1694 caelestis
1156 1666 1323 1694 voluntatem
1349 1665 1455 1694 fecerit.
1479 1665 1607 1692 .lamvero
1631 1672 1664 1692 ex
1688 1665 1810 1699 Dcipara:

1010 1712 1185 1740 sanctissimo
1201 1719 1316 1746 corpore
1329 1711 1460 1746 templum
1479 1712 1530 1739 sibi
1552 1719 1606 1738 non
1622 1710 1810 1738 manufactum

1010 1760 1085 1787 solus
1106 1759 1234 1790 confecit,
1263 1763 1291 1786 ut
1310 1759 1348 1785 ait
1377 1758 1500 1786 Paulus:
1524 1758 1596 1785 Misit
1620 1758 1689 1785 Deus
1712 1757 1808 1784 Filium

1009 1814 1087 1833 suum
1101 1810 1192 1832 uatum
1207 1813 1239 1832 ea:
1254 1805 1364 1831 muliere
1378 1805 1412 1831 ⁸⁸.
1427 1804 1460 1831 Ει
1478 1805 1624 1831 Matthaeus
1642 1803 1808 1839 evangelista

1006 1853 1094 1880 dicit:
1119 1851 1161 1879 Ea:
1188 1852 1246 1886 ipsa
1267 1856 1361 1878 nutum
1382 1859 1436 1878 esse
1452 1851 1544 1878 Iesum
1565 1851 1609 1886 qui
1627 1851 1725 1878 dicitur
1736 1849 1810 1878 Chri-

1007 1903 1064 1926 stus
1075 1898 1110 1925 ".

161 1940 256 1967 αὑτοῦ
284 1940 474 1976 γεννώμενον
487 1943 523 1969 ἐκ
541 1943 695 1977 γυναικός.
710 1945 767 1971 Καὶ
789 1944 929 1976 Ματθαίος
952 1945 966 1971 ὁ
983 1943 1181 1979 εὐαγγελιστής
1203 1952 1286 1980 φησιν
1300 1963 1308 1975 ,
1326 1943 1366 1970 ὅτι
1407 1942 1454 1974 Ἐξ
1480 1941 1576 1975 αὐτῆς
1585 1940 1734 1977 ἐγεννήθη
1753 1941 1812 1974 Ἰηο

162 1989 241 2020 σοὺς
256 1989 447 2024 όλεγόμενος
477 1991 615 2025 Χριστός.

200 2037 235 2064 l".
258 2037 339 2065 Ἀλλά
354 2038 444 2074 δεῦρο,
461 2039 569 2075 ἀνόητε,
586 2041 634 2067 καὶ
656 2041 706 2076 τῆς
721 2041 894 2076 κακουργίας
908 2041 957 2075 τὴν

162 2082 262 2110 λύτταν
276 2083 424 2119 ἀφέμενος,
441 2083 504 2119 λέγε
523 2085 631 2121 τρανῶς
643 2086 693 2122 τῆς
714 2086 765 2121 σῆς
773 2085 910 2121 αἱρέσεως
927 2087 959 2112 τὸ

162 2130 264 2157 ἄτοπον
281 2137 288 2143 ⁸
304 2131 452 2166 οὐρανόθεν
474 2131 584 2167 δοκήσει
602 2133 651 2159 καὶ
676 2133 812 2169 φαντασίᾳ
845 2133 957 2167 λέγουσι

1045 2040 1091 2068 Ill.
1116 2039 1168 2067 Sed
1191 2040 1245 2067 huc
1266 2039 1370 2072 adesto,
1397 2039 1502 2071 insane,
1529 2042 1557 2066 et
1579 2039 1679 2066 omissa
1700 2039 1811 2067 malitia:

1008 2085 1095 2115 rabie.
1124 2085 1229 2120 explica
1261 2085 1335 2112 clare
1355 2085 1495 2112 hmrescos
1524 2088 1578 2111 tute
1599 2084 1807 2112 absurditatem.

1008 2133 1091 2159 Aiunt
1111 2131 1256 2159 Dominum
1281 2138 1382 2165 corpus
1400 2138 1480 2157 suutn
1503 2130 1538 2158 de
1556 2131 1625 2158 cmlo
1647 2136 1812 2166 apparenter

162 2178 333 2211 καταγαγεῖν
343 2177 374 2204 τὺ
387 2178 467 2213 σῶμα
483 2179 528 2206 τὸν
540 2178 652 2215 Κύριον,
669 2180 717 2206 καὶ
733 2179 771 2211 ὡς
784 2179 829 2206 διὰ
841 2180 956 2215 σωλῆνος

1009 2184 1114 2208 tantum
1135 2184 1163 2207 et
1179 2179 1382 2214 pliantasticum
1397 2179 1540 2211 detulisse,
1557 2182 1585 2205 et
1604 2186 1653 2213 per
1667 2179 1809 2213 Deiparam

163 2222 212 2255 τῆς
225 2222 396 2257 θεομήτορος
412 2223 598 2259 διεληλυθέναι
613 2232 620 2239 '
643 2225 762 2260 ἀρχαίαν
784 2225 834 2252 καὶ
853 2225 956 2260 ταύτην

1010 2226 1087 2261 quasi
1113 2225 1230 2252 fistulam
1257 2231 1431 2260 permeasse.
1451 2223 1528 2251 Hanc
1551 2231 1661 2259 quoque
1688 2229 1808 2252 veterem

164 2265 341 2300 ὑπάρχουσαν
359 2267 476 2302 αἵρεσιν,
494 2269 684 2304 ἑρανιζόμενοι
703 2270 792 2297 πάντα
807 2270 841 2297 τὰ
869 2271 954 2307 δηλη-

162 2311 258 2346 τήρια,
279 2311 374 2347 ὥσπερ
403 2315 427 2340 οἱ
454 2315 600 2351 ἐχέφρονες
617 2316 652 2343 τὰ
673 2315 844 2352 ἀλεξιτήρια.
872 2317 959 2344 Πόθεν

163 2357 244 2384 τοῦτο
261 2358 404 2392 λαὸόντεςς
433 2360 464 2387 ὲκ
477 2361 525 2387 τοῦ
543 2361 589 2388 τὸν
606 2362 770 2389 ’Δπόστολον
789 2363 930 2398 εἰρηκέναι
951 2371 959 2378 ’

171 2404 202 2430 '0
229 2404 347 2438 πρῶτος
361 2405 516 2440 ἅνθρωπος
535 2408 571 2434 ἐκ
583 2407 641 2442 γῆς
651 2409 765 2442 χοτκὸς,
784 2411 800 2436 ὀ
816 2409 958 2443 δεύτερος

163 2450 320 2484 ἄνθρωπος·
339 2452 356 2478 ό
374 2452 482 2486 Κύριος
495 2453 530 2485 ἐξ
547 2455 689 2488 οὐρανοῦ.
712 2455 744 2482 Ὢ
760 2457 809 2491 τῆς
832 2456 959 2487 ἀναιδοῦς

165 2496 322 2532 πωρώσεως
337 2497 393 2524 τῶν
417 2500 544 2533 πάντοτε,
560 2501 598 2532 ὡς
620 2502 732 2535 οἴονται,
753 2502 956 2538 μανθανόντων,

166 2544 214 2570 καὶ
231 2543 367 2578 μηδέποτε
383 2545 424 2576 είς
439 2546 590 2580 ἐπίγνωσιν
612 2548 743 2584 ἀληθείας
763 2549 853 2577 ἐλθεῖν
878 2549 958 2576 δυνα-

166 2590 266 2625 μένων.
281 2589 366 2617 Τοῦτο
382 2591 437 2627 γάρ
447 2593 523 2620 ἐστιν
536 2594 629 2626 αὐτοῖς
650 2595 696 2621 διὰ
714 2595 815 2630 πολλῆς
838 2595 957 2629 σπουδῆς

164 2637 312 2671 ἀγόμενον,
327 2637 358 2663 τὸ
372 2638 421 2664 ἐπὶ
447 2639 581 2674 στόματος
604 2641 659 2667 ἀπὺ
684 2641 801 2675 στήθους
818 2642 914 2677 φέρειν
927 2642 958 2667 τὸ

166 2682 333 2717 Ιῦύαγγέλιον
350 2685 397 2710 καὶ
408 2684 454 2711 τδν
476 2685 647 2716 Ἀπόστολον.
676 2686 776 2722 ἄνδρας
785 2695 814 2713 τε
837 2689 884 2713 καὶ
909 2696 958 2721 γυ-

165 2731 273 2761 ναῖκας,
300 2729 430 2762 ἀστικούς
449 2739 479 2757 τε
505 2732 553 2758 καὶ
569 2733 634 2763 τοὺς
660 2732 822 2767 ἀγροίκους·
841 2733 879 2764 ὡς
900 2733 959 2760 ἔστι

165 2776 448 2810 θαυμάσαι-πολλάκις
462 2777 521 2810 πῶς
531 2779 580 2804 καὶ
605 2778 631 2804 οί
649 2779 717 2814 παρ’
748 2779 840 2812 αὺτοῖς
866 2780 958 2815 ὑπάρ-

166 2829 259 2856 χοντες
275 2821 346 2856 [c0d.
357 2822 376 2850 Γ.
394 2822 469 2859 154.]
481 2823 582 2850 Σκύθαι
599 2824 699 2859 ὠνητοὶ
724 2824 822 2858 δοῦλοι,
840 2826 872 2853 ἐκ
898 2825 959 2853 τού-

1010 2272 1149 2302 hmresim.
1173 2280 1235 2299 cum
1261 2271 1368 2299 caeteris
1387 2271 1502 2298 venenis
1523 2271 1574 2298 sibi
1598 2273 1809 2306 conquirentcs,

1009 2320 1105 2346 eodem
1128 2318 1220 2346 studio
1243 2325 1298 2353 quo
1317 2317 1420 2346 cordati
1445 2317 1572 2344 homines
1591 2317 1714 2344 antidota
1734 2325 1810 2344 comv

1010 2370 1116 2401 parant.
1133 2365 1277 2392 Undenam
1289 2371 1371 2400 porro
1386 2365 1412 2392 id
1429 2364 1479 2392 sibi
1494 2369 1672 2399 sumpserunt
1684 2364 1696 2391 ?
1708 2372 1808 2399 nempe

1011 2411 1157 2447 Apostolus
1182 2412 1275 2439 dixit:
1303 2411 1411 2438 Primus
1435 2411 1512 2438 homo
1527 2412 1558 2438 de
1583 2416 1655 2439 terra
1677 2416 1806 2443 terrenus,

1009 2459 1137 2485 secundus
1161 2458 1238 2484 homo
1260 2457 1387 2484 Dominus
1404 2458 1436 2484 de
1451 2457 1515 2484 malo
1533 2457 1553 2484 ‘.
1572 2457 1594 2484 0
1619 2457 1805 2492 impudentem

1011 2505 1162 2532 caecitatem
1184 2504 1325 2531 hominum
1341 2511 1451 2539 semper
1467 2509 1497 2530 ut
1518 2509 1615 2539 putant
1629 2503 1806 2531 discentium.

1011 2555 1039 2578 et
1056 2551 1089 2578 ad
1105 2551 1228 2578 veritatis
1239 2550 1364 2577 notitiam
1377 2550 1470 2577 venire
1480 2558 1620 2584 nunquam
1633 2550 1780 2577 valentium
1799 2552 1805 2577 !

1014 2597 1070 2624 lloc
1091 2597 1164 2624 enim
1189 2597 1260 2632 apud
1285 2596 1346 2623 illos
1370 2605 1478 2623 summo
1497 2597 1588 2624 studio
1604 2596 1804 2631 frequentatur,

1014 2648 1043 2670 ut
1058 2643 1232 2678 Evangelium
1248 2647 1274 2670 ct
1295 2643 1454 2677 Apostolum
1471 2651 1485 2670 a
1503 2648 1614 2677 pectore
1629 2643 1662 2670 ad
1686 2650 1717 2669 os
1729 2642 1806 2669 defo-

1015 2695 1084 2721 rant,
1102 2690 1152 2717 viri
1178 2697 1256 2724 aeque
1271 2697 1303 2717 ac
1317 2689 1456 2722 mulieres,
1476 2690 1571 2716 urbani
1593 2689 1672 2716 simul
1688 2694 1716 2716 ct
1728 2697 1807 2724 agre-

1013 2742 1069 2764 stes
1085 2745 1091 2763 :
1115 2736 1151 2763 ita
1167 2741 1198 2764 ut
1209 2743 1280 2772 szrpc
1297 2736 1389 2763 mirari
1410 2736 1489 2763 liceat
1503 2736 1624 2771 scythica
1647 2736 1728 2762 etiam
1746 2743 1807 2770 qtnc

1012 2783 1084 2818 apud
1108 2783 1181 2818 ipsos
1201 2786 1265 2810 sunt
1287 2782 1432 2816 mancipia,
1454 2789 1486 2809 cu
1503 2782 1546 2808 his
1564 2781 1641 2808 libris
1665 2782 1805 2809 materiam

1012 2827 1169 2863 disputandi
1191 2835 1309 2859 sumere,
1326 2827 1433 2855 etiamsi
1453 2827 1574 2854 nondum
1597 2826 1688 2863 lingua
1710 2836 1805 2855 corum

203 2911 226 2926 ’θ
242 2911 334 2940 .llatth.
353 2921 402 2947 xtl,
418 2914 468 2948 49,
485 2915 528 2942 50.
567 2917 589 2933 ’7
611 2916 689 2944 Joan.
710 2925 755 2950 rx,
775 2917 817 2944 l7.
857 2917 878 2934 °‘
893 2917 952 2945 Gal.
970 2926 1006 2952 tv,
1024 2918 1050 2946 4.
1090 2920 1112 2936 ’⁵
1129 2919 1225 2947 Matth.
1242 2929 1261 2953 ι,
1284 2921 1325 2948 l6.
1367 2921 1372 2936 '
1389 2920 1398 2947 Ι
1414 2920 1476 2948 Cor.
1495 2927 1540 2952 xv,
1555 2920 1600 2947 47.
