1948 3070
153 181 221 214 1335

151 243 184 269 ad
201 242 322 270 Grzecam
339 241 484 269 dialoctum
505 242 572 270 satis
587 241 623 269 sit
638 241 748 272 inﬂexa,
770 240 818 267 sed
835 240 952 275 ccspitet
966 243 990 271 Α

152 289 242 316 adhuc
255 293 284 316 et
299 288 343 316 vix
361 288 504 316 articulate
520 288 658 322 loquatur.
676 286 722 314 Sic
740 294 805 322 ergo
817 286 879 322 ipsi.
894 285 950 314 Nos

152 342 218 362 vero
232 334 361 365 dicimus.
373 335 445 369 quod
462 342 561 369 corpus
578 341 658 360 suum
674 333 708 360 de
725 333 795 360 ccelo
809 332 949 365 detulerit,

153 387 288 414 nusquam
307 387 368 407 esse
388 380 519 414 scriptum
537 384 584 406 aut
599 378 685 405 credi.
710 377 776 404 Nam
800 377 822 404 si
844 376 952 404 caelitus

152 424 318 454 advenisset,
343 432 393 451 cur
420 424 528 451 Davidis
551 424 623 451 ﬁlius
649 428 677 450 et
704 423 854 450 Abraliami
871 427 953 457 atque

155 471 274 497 hominis
294 475 479 504 nuncupatur,
499 475 526 497 et
542 477 576 497 ex
594 469 638 497 his
656 469 781 504 patribus
800 468 951 495 secundum

153 523 266 544 carnem
288 515 395 542 natus?
411 515 469 542 Alia
491 515 608 550 plurima
628 519 692 542 sunt
709 514 877 550 huiusmodi,
892 521 953 548 quae

153 562 182 589 in
195 562 347 597 subiunctis
359 567 471 598 propter
481 569 615 589 summam
627 569 710 597 quam
720 561 858 596 postulant
870 560 952 589 fidem

154 608 291 636 dicentur.

191 747 238 776 1V.
252 748 306 776 Sed
322 749 373 777 hoc
385 749 508 784 apprime
521 748 802 778 .animadvertendum
818 753 870 781 est,
883 749 958 783 quod

157 794 369 822 resurrectionis
385 794 458 829 apud
478 794 635 821 Corinthios
654 797 785 825 assertor,
801 793 897 820 mundi
915 793 957 821 sol

158 839 408 874 splendidissimus,
432 846 477 866 vas
493 838 645 871 electionis,
665 837 807 873 sapientiae
820 837 955 865 inexhau-

158 870 229 913 stum
240 886 362 921 pelagus,
373 885 527 921 adhuc69
537 885 590 912 illis
600 870 821 912 disci-edentibus
833 888 958 919 proptera
971 870 995 900 Β

161 938 193 957 ea
208 931 280 965 quod
301 931 336 958 ab
351 931 448 958 alienis
464 930 604 965 magistris
618 934 646 957 et
662 929 735 957 haud
755 937 822 957 sana
835 930 959 958 doctrina

163 976 269 1011 abrepti
298 976 416 1008 fuerant,
438 976 557 1011 primus,
575 975 674 1010 inquit,
697 975 818 1002 Adamus
831 975 865 1002 de
885 979 958 1002 terra

166 1028 301 1055 terrenus,
323 1022 486 1057 corruptelae
505 1030 537 1050 ac
559 1022 657 1049 moi-tis
679 1021 864 1049 liam-ditatem
888 1022 959 1049 natis

161 1068 218 1095 suis
233 1067 356 1102 reliquit,
373 1068 437 1102 quia
464 1067 692 1103 transgressionis
708 1071 802 1094 auctor
817 1066 879 1094 fuit.
899 1065 959 1094 Non

161 1114 235 1141 enim
259 1122 376 1149 corpore
396 1118 502 1142 tantum
516 1114 660 1141 constabat
685 1113 719 1140 de
736 1118 806 1140 terra
827 1112 958 1145 formato,

162 1167 258 1187 verum
274 1160 357 1187 etiam
371 1159 466 1188 divino
477 1159 570 1186 alllatu
582 1167 596 1186 a
612 1166 667 1193 quo
682 1159 773 1185 anima
788 1162 880 1185 creata
896 1158 958 1185 fuit.

163 1204 309 1233 Secundus
335 1205 418 1232 homo
443 1205 575 1232 Dominus
599 1204 634 1232 de
661 1204 731 1231 cado
750 1208 801 1235 est,
824 1208 960 1238 quatenus

162 1255 273 1278 aeternae
287 1250 349 1278 vitae
365 1255 393 1278 et
405 1250 672 1285 incorruptibilitatis
694 1249 758 1276 facit
773 1256 820 1276 eos
837 1248 960 1276 hzeredes

163 1296 299 1329 caelestes,
317 1296 363 1331 qui
386 1304 434 1331 per
446 1304 543 1331 aquam
560 1301 588 1323 et
602 1295 735 1330 Spiritum
758 1294 821 1322 facti
840 1300 906 1321 sunt
920 1295 961 1321 fa-

163 1344 284 1371 miliares
305 1344 365 1378 ejus
385 1344 411 1370 in
435 1343 618 1378 baptismate.
639 1342 738 1377 quibus
753 1342 812 1376 ipse
832 1346 962 1376 tanquam

163 1391 330 1419 obedientia:
342 1391 473 1426 magister
489 1390 626 1424 praesidet.
642 1389 748 1424 Quippe
765 1396 821 1416 non
835 1393 877 1432 ιθ
891 1388 964 1416 Deus

164 1436 335 1471 simpliciter,
352 1437 400 1463 sed
414 1435 589 1462 incarnatus:
605 1442 695 1469 neque
709 1434 830 1461 vicissim
845 1439 888 1461 est
905 1441 965 1461 me-

164 1490 210 1509 rus
232 1483 326 1515 homo,
349 1481 398 1509 sed
422 1481 592 1518 bypostatice
609 1480 712 1508 unitus.
727 1480 797 1516 Ergo
809 1484 838 1507 ut
852 1479 897 1507 ille
912 1483 967 1507 ter-

165 1535 260 1561 renus,
280 1527 320 1555 sic
337 1531 365 1554 et
387 1527 433 1554 isti
449 1526 553 1554 terreni
570 1529 644 1560 sunt,
664 1533 764 1560 nempe
778 1525 902 1553 nondum
916 1525 963 1552 ba-

165 1574 293 1609 ptismate
311 1575 338 1600 in
353 1573 453 1601 melius
476 1573 584 1600 mutati.
605 1573 695 1607 Atque
713 1576 744 1599 ut
767 1571 812 1599 ille
831 1570 961 1604 ccelestis,

166 1621 205 1648 sic
225 1621 271 1648 isti
291 1620 417 1648 similiter
442 1620 586 1653 cmlestes,
613 1619 659 1654 qui
683 1617 893 1653 regeneratione
915 1625 965 1652 per

165 1675 265 1702 aquam
281 1672 309 1694 et
320 1667 451 1702 Spiritum
465 1670 531 1694 sunt
543 1665 641 1693 renati.
655 1665 742 1700 Atque
757 1668 787 1691 ut
800 1663 964 1698 portavimus

167 1713 264 1740 terreni
281 1713 437 1748 imaginem,
451 1713 490 1740 ita
506 1712 618 1739 catenis
631 1719 733 1747 quoque
748 1715 882 1746 portemus
896 1711 965 1737 imu-

165 1760 274 1795 ginem'
298 1767 307 1786 :
333 1759 413 1787 sicuti
442 1767 557 1794 corpore
577 1759 660 1794 geniti
680 1758 792 1789 fuimus.
816 1757 853 1784 ita
868 1757 964 1792 spiritu

167 1813 352 1833 renascantur.
382 1804 483 1832 Deinde
505 1804 672 1831 concludens
686 1804 726 1831 ait
743 1812 750 1830 :
768 1803 837 1835 Quia
858 1811 921 1829 caro
943 1807 967 1829 et

166 1851 275 1886 sanguis
294 1859 403 1884 regnum
420 1850 468 1877 Dei
484 1850 642 1877 hwreditare
664 1857 717 1876 non
733 1853 842 1884 possunt
859 1856 868 1876 :
885 1856 969 1884 neque

167 1898 300 1932 corruptio
324 1897 530 1931 incorruptelam
562 1896 701 1931 possidebit
719 1896 745 1922 ³.
770 1895 849 1922 Patet
876 1899 968 1922 autem

168 1952 243 1976 eum,
252 1944 297 1979 qui
308 1948 390 1971 natus
401 1948 444 1971 est
455 1948 559 1971 tantum
574 1943 601 1970 in
614 1942 730 1975 Adamo,
744 1947 772 1970 et
783 1950 838 1969 non
856 1946 969 1970 renatus

169 1992 331 2026 baptismate
351 1991 377 2018 in
392 1991 505 2019 Christo
519 1994 581 2026 post
594 1998 694 2017 novum
709 1990 758 2017 hoc
775 1990 847 2016 illius
861 1996 964 2024 prince-

169 2042 259 2073 ptnm,
287 2044 401 2073 regnum
431 2036 478 2064 Dei
502 2036 665 2064 hmreditare
687 2043 742 2064 non
770 2043 861 2071 posse,
883 2038 966 2070 prout

169 2085 292 2112 divinum
316 2085 431 2111 vetitum
460 2083 524 2110 fert.
548 2082 606 2110 Hoc
628 2090 694 2118 ergo
719 2081 855 2118 signiﬁcat
881 2080 965 2108 dictio

169 2131 298 2159 Dominus
319 2131 351 2158 de
372 2130 445 2163 caelo,
465 2129 538 2164 quod
558 2137 658 2165 nempe
679 2127 893 2165 regenerationis
916 2134 966 2162 per

829 178 946 209 PETRI
975 177 1101 208 SICULI

1004 248 1059 266 των
1070 238 1255 272 διαλέγονται,
1272 237 1354 272 μήπω
1364 235 1413 271 τῆς
1421 234 1546 269 γλώττης
1559 233 1650 260 αὐτῶν
1665 233 1734 268 πρὸς
1747 234 1800 267 τὴν

1006 285 1146 321 Ἑλληνίδα
1163 284 1305 312 διάλεκτον
1320 281 1450 317 καθαρῶς
1474 279 1704 314 ἀπευθυνθείσης,
1730 279 1803 306 ἀλλὰ

1002 331 1238 366 συγκεκομμένως
1258 330 1308 365 μὲν
1337 329 1384 356 καὶ
1405 327 1443 359 ὡς
1471 326 1561 353 εἰπεῖν
1578 325 1779 360 ἀδιαρθρώτως
1793 333 1801 341 ·

1000 376 1110 410 λέγουσι
1125 375 1147 402 δ’
1176 375 1240 402 οὖν’
1263 374 1360 408 Ἡμεῖς
1375 373 1404 398 δέ
1426 379 1516 406 φαμεν
1536 370 1578 396 ὅτι
1600 368 1747 403 οὐρανόθεν
1768 367 1802 394 τὸ

1004 422 1085 458 σῶμα
1101 422 1271 455 καταγαγεῖν
1283 419 1328 447 τὸν
1349 415 1452 453 Κύριον
1475 414 1595 451 οὐδαμοῦ
1606 414 1667 440 οὑδὲ
1696 414 1803 458 γέγρα-

1005 477 1082 500 πται,
1110 467 1171 494 οὐδὲ
1198 466 1366 494 πιστεύεται.
1394 464 1426 490 El.
1454 462 1504 498 μὲν
1519 461 1574 497 γὰρ
1590 460 1739 496 οὐρανόθεν
1753 457 1802 494 ἦν,

1004 515 1076 546 τίνος
1085 515 1166 550 χάριν
1180 515 1238 545 υἱδς
1254 512 1336 540 Δαόὶδ
1358 511 1407 538 καὶ
1430 507 1629 544 Ἀϐραὰμ⁴καὶ
1650 505 1800 541 ἀνθρώπου

1003 561 1181 596 ὀνομάζεται,
1211 560 1258 586 καὶ
1289 560 1322 585 ὲκ
1347 558 1402 584 τῶν
1431 555 1561 591 πατέρων
1586 552 1660 580 εἶναι
1680 553 1712 579 τὸ
1729 552 1804 579 κατὰ

1004 607 1108 643 σάρκας
1124 607 1172 634 καὶ
1185 606 1253 634 ἄλλα
1269 604 1355 631 πολλὰ
1370 601 1484 630 τοιαῦτα
1499 600 1574 627 ἔστιν
1596 599 1699 633 εὑρεῖν,
1727 597 1804 631 ἅπερ

1003 653 1033 680 δν
1044 654 1100 684 τοῖς
1110 650 1344 686 ὑποτεταγμένοις
1354 649 1399 676 διὰ
1422 647 1454 674 τὸ
1479 645 1703 681 ἀξιοπιστότερον
1726 643 1804 670 λελέ-

1006 699 1091 732 ξεται.

1041 744 1079 772 Δ’.
1102 744 1182 771 Ἀλλὰ
1194 743 1303 775 πάντως
1319 741 1399 769 τοῦτο
1419 741 1471 777 χρὴ
1493 739 1607 767 σκοπεῖν
1626 738 1668 765 ὅτι
1693 738 1709 764 ὁ
1735 736 1805 772 περὶ

1008 790 1182 821 ἀναστάσεως
1195 790 1250 821 τοῖς
1263 788 1419 824 Κορινθίοις
1437 785 1642 821 διαλεγόμενος,
1671 785 1686 810 ὸ
1699 783 1748 818 τῆς
1762 783 1804 809 οι-

1009 837 1147 873 κουμένης
1164 835 1359 871 λαμπρότατος
1368 834 1455 869 ἥλιος,
1481 833 1512 859 τὺ
1528 831 1625 862 σκεῦος
1647 830 1697 866 τῆς
1723 828 1805 856 ἐκλο-

1010 884 1073 918 γῆς,
1097 883 1128 909 τὸ
1145 883 1194 918 τῆς
1215 882 1313 916 σοφίας
1341 879 1540 913 ἁνεξάντλητον
1567 877 1697 910 πέλαγος,
1713 875 1806 902 διαπι-

1011 928 1122 956 στοῦσιν
1135 928 1174 954 ἑτι
1187 927 1232 954 διὰ
1248 927 1279 954 τὸ
1291 928 1350 958 τοῖς
1373 923 1627 961 ὲτεροδιδασκὰλοις
1654 922 1701 948 καὶ
1717 921 1754 955 μὴ
1771 921 1806 955 τῇ

1009 974 1171 1010 ὑγιαινούσῃ
1192 973 1355 1008 διδασκαλίᾳ
1388 969 1613 1004 συνεπάγεσθαι,
1645 969 1660 995 ὁ
1686 967 1807 1002 πρῶτος,

1009 1021 1120 1056 ἔφησεν,
1139 1020 1225 1054 Ἀδὰμ
1241 1020 1274 1045 ὲκ
1297 1020 1348 1053 γῆς
1370 1017 1474 1052 χοῑκὸς,
1498 1014 1549 1050 τὴν
1565 1014 1616 1049 τῆς
1639 1013 1742 1048 φθορᾶς
1758 1012 1809 1038 καὶ

1009 1067 1056 1094 τοῦ
1072 1067 1189 1094 θανάτου
1200 1063 1383 1101 κληρονομίαν
1401 1063 1458 1094 τοῖς
1472 1060 1509 1095 ea
1524 1060 1607 1087 αὑτοῦ
1636 1057 1811 1093 γεγεννημέ-

1011 1119 1067 1144 νοις
1081 1111 1253 1140 καταλιπὼν,
1268 1109 1306 1141 ὡς
1330 1109 1380 1143 τῆς
1404 1107 1589 1143 παραϐάσεως
1616 1105 1713 1135 αἴτιος.
1740 1102 1811 1129 Οὐδὲ

1012 1159 1067 1193 γὰρ
1080 1159 1112 1184 ὲκ
1128 1157 1254 1192 σώματος
1272 1156 1355 1191 μόνου
1369 1154 1486 1188 συνέστη
1500 1152 1547 1179 τοῦ
1572 1152 1604 1178 ὲκ
1627 1150 1677 1185 γῆς
1692 1148 1810 1176 διαπλα-

1014 1205 1136 1236 σθέντος,
1149 1203 1220 1230 ἀλλὰ
1234 1203 1282 1229 καὶ
1297 1203 1330 1228 ὲκ
1343 1199 1392 1228 τοῦ
1416 1199 1489 1226 θείου
1513 1197 1712 1233 ὲμφυσήματος
1727 1195 1742 1221 ὖ
1759 1195 1812 1230 τὴν

1014 1250 1104 1286 ψυχὴν
1117 1249 1336 1285 ἐδημιούργησεν
1353 1256 1359 1262 ·
1376 1248 1390 1273 ό
1409 1246 1535 1280 δεύτερος
1554 1243 1697 1278 ἄνθρωπος
1721 1242 1735 1268 ό
1751 1241 1811 1268 Κὺο

1016 1306 1074 1333 ριος
1085 1297 1115 1329 ἐξ
1126 1295 1254 1332 οὐρανοῦ,
1263 1295 1301 1327 ὡς
1311 1294 1360 1329 τῆς
1370 1293 1481 1320 αἰωνίου
1490 1291 1564 1326 ζωῆς
1576 1291 1623 1317 καὶ
1637 1290 1688 1324 τῆς
1702 1288 1810 1323 ἀφθαρ-

1016 1344 1077 1375 σίας
1102 1342 1288 1378 κληρονόμους
1311 1339 1454 1374 οὐρανίους
1482 1336 1566 1364 ποιῶν
1580 1336 1644 1366 τοὺς
1657 1335 1692 1361 δι’
1714 1333 1812 1365 ὕδατος

1014 1391 1063 1418 καὶ
1083 1389 1242 1424 Πνεύματος
1271 1385 1476 1421 οἰκειουμένους
1490 1383 1565 1418 αὐτῷ
1588 1383 1617 1408 ὲν
1651 1380 1690 1415 τῷ
1707 1379 1809 1415 βαπτί-

1017 1436 1156 1472 σματι,ὡς
1163 1435 1213 1470 τῆς
1222 1434 1346 1466 ὑπακοῆς
1352 1430 1513 1461 διδάσκαλος
1524 1428 1572 1455 καὶ
1584 1427 1657 1464 [cmL
1670 1426 1689 1453 f.
1705 1426 1756 1453 154
1770 1424 1811 1460 ι›.]

1017 1481 1185 1517 ἀρχηγέτης.
1204 1480 1271 1506 Οὐδὲ
1282 1478 1337 1512 γὰρ
1346 1475 1448 1513 γυμνὸς
1465 1475 1544 1506 Θεὸς.
1577 1473 1645 1501 ἀλλὰ
1669 1481 1813 1508 σεσαρκω-

1020 1527 1100 1562 μένος
1118 1534 1126 1542 ·
1147 1526 1209 1553 οὐδὲ
1225 1525 1307 1552 πάλιν
1320 1524 1398 1559 ψιλὸς
1409 1522 1564 1556 ἄνθρωπος,
1580 1519 1649 1547 ἀλλὰ
1664 1519 1725 1546 καθ’
1746 1518 1814 1545 ὑπό-

1017 1581 1112 1600 στασιν
1140 1573 1299 1608 ἡνωμένος·
1323 1568 1381 1602 οἷος
1401 1570 1416 1596 ὁ
1442 1569 1545 1604 χοῐκὺς,
1576 1565 1696 1594 τοιοῦτοι
1717 1565 1766 1592 καὶ
1785 1564 1812 1590 οἱ

1014 1620 1115 1656 χοῖκοὶ,
1129 1620 1153 1646 ot
1175 1619 1260 1654 μὴτῷ
1278 1617 1450 1653 βαπτίσματι
1464 1614 1658 1650 βελτιωθέντες
1669 1621 1676 1628 ·
1691 1612 1739 1639 καὶ
1755 1608 1813 1643 οἶος

1013 1668 1027 1693 ό
1035 1666 1208 1701 ἐπουράνιος,
1219 1664 1338 1691 τοιοῦτοι
1350 1663 1398 1690 καὶ
1408 1664 1433 1689 οἱ
1448 1661 1619 1697 ἐπουράνιοι,
1632 1661 1656 1686 oi.
1666 1660 1699 1694 τῇ
1712 1658 1815 1692 παλιγ-

1013 1713 1126 1748 γενεσίᾳ
1137 1711 1171 1739 δι’
1189 1711 1286 1742 ὓδατος
1302 1709 1349 1736 καὶ
1365 1708 1526 1743 Πνεύματος
1541 1705 1646 1734 ἄνωθεν
1660 1706 1814 1739 ἁναγεννη-

1015 1759 1123 1790 θέντες·
1143 1757 1197 1785 Καὶ
1225 1756 1324 1789 καθὼς
1342 1754 1532 1790 ἑφορέσαμεν
1558 1752 1618 1787 τὴν
1641 1752 1745 1778 εικόνιι
1759 1749 1815 1777 τοῦ

1016 1806 1129 1841 χοϊκοῦ,
1151 1805 1328 1839 φορέσωμεν
1343 1803 1394 1830 καὶ
1414 1801 1474 1836 τὴν
1498 1801 1601 1828 εἰκόνα
1616 1799 1670 1826 τοῦ
1686 1799 1818 1832 ἑποιφα-

1015 1854 1084 1880 ’νίου
1105 1861 1111 1867 ·
1128 1851 1220 1882 καθὼς
1248 1849 1414 1885 σωματικῶς
1438 1847 1635 1883 ἐγεννήθημεν,
1664 1845 1818 1880 ἀναγεννη-

1018 1898 1110 1933 θῶμεν
1117 1897 1165 1925 καὶ
1175 1895 1370 1930 πνευματικῶς
1389 1902 1397 1909 ·
1416 1892 1475 1921 εἶτα
1487 1891 1683 1928 συμπεραίνων
1691 1890 1793 1923 ἐπάγει
1808 1909 1817 1921 ,

1017 1946 1059 1972 ὄτι
1071 1944 1150 1978 Σὰρξ
1161 1943 1210 1970 καὶ
1220 1939 1291 1977 αἷμα
1305 1941 1472 1974 βασιλείαν
1483 1939 1557 1966 Θεοῦ
1584 1936 1818 1971 κληρονομῆσαι

1018 1991 1054 2018 οὐ
1071 1991 1216 2018 δύνανται
1227 1997 1235 2005 ο
1252 1988 1324 2016 οὐδὲ
1333 1988 1352 2021 ή
1373 1985 1535 2022 φθορὰτὴν
1548 1984 1722 2020 ἀφθαρσίαν
1741 1985 1816 2016 κλη-

1014 2037 1192 2072 ρονομήσει.
1212 2035 1296 2071 Δῆλον
1307 2035 1348 2062 ὅτι
1367 2035 1382 2061 ὁ
1395 2033 1538 2069 γεννηθεὶς
1562 2033 1596 2066 τῇ
1621 2030 1711 2066 φθορᾷ
1735 2030 1818 2065 μόνον

1019 2084 1048 2110 ἐν
1058 2082 1097 2118 τῷ
1116 2083 1212 2117 Ἀδὰμ,
1222 2082 1269 2108 καὶ
1286 2081 1324 2116 μὴ
1339 2081 1372 2107 δι’
1391 2080 1488 2110 ὓδατος
1513 2078 1561 2104 καὶ
1572 2076 1733 2111 Πνεύματος
1747 2075 1817 2102 ἀνα-

1019 2129 1161 2164 γεννηθεὶς
1178 2129 1207 2155 ὲν
1227 2127 1266 2162 τῷ
1286 2125 1398 2161 Χριστῷ
1417 2124 1488 2161 μετὰ
1519 2123 1622 2158 ταύτην
1643 2122 1693 2156 τὴν
1719 2120 1818 2155 καινὴν

169 2186 269 2213 aquam
294 2182 322 2205 et
340 2177 471 2212 Spiritum
496 2176 576 2204 nobis
597 2176 680 2203 fuerit
704 2180 809 2203 auctor.
839 2174 962 2202 Fortasse

1020 2175 1182 2211 νομοθεσίαν
1198 2173 1293 2206 αὑτοῦ,
1310 2172 1450 2207 βασιλείαν
1465 2170 1534 2198 Θεοῦ
1550 2167 1760 2204 κληρονομῆσαι
1786 2166 1817 2193 οὑ

170 2226 253 2253 etiam
267 2225 320 2252 hoc
333 2224 425 2252 divina
441 2222 677 2250 condescensione
699 2222 802 2249 dictum
816 2229 877 2249 esse
891 2225 962 2248 recte

1020 2224 1140 2255 δύναται,
1158 2223 1229 2249 κατὰ
1243 2222 1292 2258 τὴν
1308 2221 1383 2248 θείαν
1397 2219 1537 2254 ἀπόφασιν
1550 2226 1557 2233 ⁸
1578 2215 1718 2244 καὶτοῦτο
1741 2213 1820 2248 δηλοῖ

171 2273 331 2304 aestimabis.
362 2272 490 2308 quoniam
512 2272 583 2299 Deus
607 2271 717 2299 coalitus
741 2271 911 2298 descendens
935 2279 962 2298 at

1018 2272 1059 2305 τὸ,
1082 2272 1113 2298 '0
1131 2272 1237 2305 Κύριος
1248 2269 1283 2302 ἐξ
1304 2267 1436 2304 οὐρανοῦ
1450 2265 1676 2300 ἁναγγεννήσεως
1704 2261 1820 2308 γέγονεν

174 2319 310 2351 homines,
324 2319 480 2346 humanitus
493 2323 673 2346 conversatus
685 2322 737 2351 est,
747 2325 862 2345 manens
878 2321 971 2344 tamen

174 2367 203 2393 in
223 2373 271 2393 sua
294 2366 418 2394 claritate
441 2374 473 2393 ac
495 2365 617 2400 potentia
638 2369 668 2391 ut
683 2372 734 2391 nos
747 2364 780 2391 ad
804 2371 833 2391 se
852 2364 973 2391 traheret

175 2412 245 2439 inl'ra
261 2412 376 2447 positos.
390 2411 456 2439 Nam
471 2412 573 2439 idcirco
585 2411 723 2438 hominem
738 2417 766 2437 se
780 2417 812 2437 ac
827 2409 973 2437 Dominum

175 2459 346 2493 nuncupavit
367 2458 468 2493 duplici
488 2459 539 2485 hac
564 2456 747 2492 appellatione
766 2456 833 2483 duas
859 2461 971 2483 naturas

176 2509 204 2532 et
217 2503 475 2540 unnmhypostasim
490 2504 617 2530 innuens.
637 2501 805 2529 Vocabulum
817 2506 907 2529 autem
923 2502 971 2528 do—

175 2558 222 2578 nec
238 2558 288 2577 nos
303 2550 348 2577 hic
360 2559 413 2577 non
436 2550 567 2585 temporis
582 2549 830 2577 demonstrativum
853 2548 970 2577 dicimus

175 2596 222 2624 sed
243 2597 416 2624 indefinitum
424 2617 433 2625 .

174 2643 224 2674 τὰς
239 2643 285 2669 δύο
309 2642 405 2678 φύσεις
420 2643 468 2670 καὶ
481 2642 532 2677 τὴν
552 2642 616 2677 μίαν
643 2641 794 2668 ὑπόστασιν
816 2640 1006 2676 αἰνιττόμενος

175 2698 223 2716 νου
239 2689 389 2724 δηλωτικόν
401 2698 492 2724 φαμεν
512 2689 660 2725 ὑπάρχειν,
675 2687 744 2714 ἀλλὰ
760 2688 898 2724 ἀόριστον.

178 2736 234 2772 70
245 2736 278 2765 ν.
298 2737 328 2765 Et
344 2737 398 2765 hoc
414 2738 500 2772 probe
515 2746 564 2766 vos
581 2736 765 2773 cognoscetis,
781 2737 827 2772 qui
845 2737 969 2764 futurum

179 2783 259 2811 unice
289 2784 419 2811 saaculum
437 2788 597 2819 exspectare
623 2792 673 2813 vos
689 2785 821 2817 dicentes,
849 2783 878 2810 in
902 2790 973 2818 pra:—

178 2830 252 2857 senti
276 2835 369 2858 autem
399 2831 586 2866 voluptatibus
609 2835 637 2859 et
674 2830 858 2859 incredulitati
888 2830 974 2865 perti—

218 2920 228 2935 ²
244 2920 362 2950 lThcss.
379 2931 408 2956 n,
427 2924 452 2951 4.
489 2923 499 2938 ³
517 2921 581 2958 Sap.
595 2931 633 2956 v1,
651 2922 676 2950 7.
696 2922 722 2949 ί.

1019 2319 1086 2353 ἡμῖν
1096 2318 1202 2349 αῖτιος’
1225 2316 1289 2347 ἴσως
1307 2316 1335 2342 δὲ
1363 2315 1411 2342 καὶ
1436 2313 1480 2340 διὰ
1503 2312 1553 2347 τὴν
1573 2310 1649 2337 θείαν
1678 2306 1820 2342 συγκατά-

1021 2364 1101 2391 ὃασιν
1115 2363 1195 2391 τοῦτο
1207 2363 1354 2394 ὑπολάϐοις
1368 2360 1507 2396 λελέχθαι,
1535 2357 1629 2392 ἐπειδὴ
1643 2357 1658 2382 ὁ
1681 2355 1748 2386 Θεὸς
1774 2354 1820 2380 οὑ-

1023 2411 1135 2446 ρανόθεν
1149 2409 1326 2445 συγκαταϐὰς
1348 2410 1404 2440 τοῖς
1426 2406 1583 2443 ἀνθρώποις
1611 2403 1650 2435 ὡς
1673 2401 1820 2446 ἄνθρωπος

1024 2444 1246 2493 συνανεστρᾶφη,
1261 2456 1306 2482 ἐπὶ
1314 2455 1366 2489 τῆς
1378 2453 1482 2484 οἰκείας
1496 2451 1584 2487 μένων
1612 2446 1758 2484 περιωπῆς
1773 2444 1821 2493 καὶ

1023 2490 1177 2539 δυνάμεως,
1193 2490 1233 2530 tv"
1242 2503 1315 2538 ἡμᾶς
1331 2500 1433 2536 ἐλκύσῃ
1451 2498 1520 2534 πρὸς
1531 2496 1627 2524 ἑαυτὸν
1639 2494 1716 2521 κάτω
1725 2490 1823 2539 κειμε-

1023 2536 1099 2583 νουςί
1113 2549 1215 2577 Τούτου
1226 2536 1281 2585 γαρ
1290 2548 1370 2584 χάριν
1379 2545 1461 2574 αὑτὸν
1478 2545 1526 2572 καὶ
1535 2543 1682 2578 ἄνθρωπον
1696 2539 1744 2585 και
1764 2536 1821 2564 Κύ-

1028 2605 1084 2633 ριον
1095 2596 1250 2631 ὠνόμασεν,
1265 2596 1298 2622 ὲκ
1313 2593 1361 2620 τοῦ
1381 2589 1588 2627 συναμφοτέρου
1617 2587 1673 2613 τῶν
1693 2584 1821 2618 κλήσεων

1016 2630 1076 2669 ι’τδ
1093 2642 1122 2669 δὲ
1144 2641 1209 2675 ἕως.
1231 2641 1312 2679 ημεϊς
1330 2638 1449 2666 ἐνταῦθα
1478 2635 1551 2673 [θοι.
1566 2631 1677 2668 £135.}
1697 2631 1729 2658 οὐ
1757 2630 1822 2665 χρό-

1061 2735 1101 2763 Ε’.
1118 2736 1173 2763 Καὶ
1191 2738 1271 2762 τοῦτο
1296 2732 1437 2768 γνώσεσθε
1470 2730 1520 2766 μὲν
1539 2728 1621 2763 ὑμεῖς
1648 2724 1786 2761 ἀκριϐῶς.
1801 2733 1824 2751 ω

1026 2779 1111 2814 οὗτοι,
1125 2781 1203 2808 οῐτὸν
1214 2780 1301 2808 αἰῶνα
1313 2780 1360 2806 τδν
1369 2778 1499 2814 μέλλοντα
1513 2774 1563 2802 καὶ
1579 2774 1670 2809 μόνον,
1685 2771 1724 2803 ὥς
1739 2779 1823 2805 φατε,

1028 2827 1197 2861 ἐλπίζοντες,
1213 2828 1242 2854 ὲν
1254 2826 1283 2854 δὲ
1304 2825 1343 2861 τῷ
1356 2824 1471 2860 παρόντι
1487 2822 1547 2853 ταῖς
1571 2819 1680 2856 ἡδοναῖς
1709 2817 1760 2844 καὶ
1789 2817 1823 2852 τῇ
