1948 3070
142 156 208 190 1337

622 154 751 186 SERMO
770 153 801 184 II
822 151 1024 184 ADVERSUS
1051 153 1296 187 MANICILEOS.

1714 155 1782 189 i338

139 211 254 247 ἀπιστία
270 209 412 246 ἀκορέστῳ
433 210 490 244 ἕξει
514 209 735 246 καταχρώμενοι,
765 209 865 241 οἵτινες
882 209 933 235 οὐκ

997 212 1093 239 Iaciter
1117 212 1211 245 dediti,
1229 212 1314 240 futuri
1327 212 1528 248 iucunditatem
1554 220 1609 240 non
1625 220 1784 248 conseque-

140 256 316 290 έπιτεύξεσθε
327 256 431 291 τῆςτοῦ
456 256 599 291 μέλλοντος
622 255 802 291 γλυκύτητος.
829 255 859 282 '0
879 263 934 281 πα-

143 304 196 340 ρὼν
211 304 266 339 γὰρ
283 303 329 330 τοῦ
345 303 490 337 μέλλοντος
502 302 645 338 πρόξενος,
672 302 841 337 διαμερίζων
871 301 936 328 ἐκά-

143 359 198 385 στῳ
216 349 272 376 τῶν
296 348 481 384 βεϐιωμένων,
506 348 562 374 εἴτε
591 348 702 382 φαύλων
729 349 786 375 εἴτε
811 347 934 381 ἀγαθῶν,

141 396 191 431 τὴν
206 395 386 423 ἀνταπόδοσιν
401 403 407 409 ’
426 394 509 421 πόθεν
521 394 550 421 δὲ
564 395 628 429 περὶ
644 395 692 421 τοῦ
706 394 764 428 ἕως
780 393 935 429 γνώσεσθε;

142 443 172 469 ὲν
183 441 223 476 τῷ
246 441 293 468 τὸν
311 441 415 476 Κύριον
443 441 585 476 εἰρηκέναι
605 442 662 473 τοῖς
684 441 774 475 ἁγίοις
801 440 937 476 μαθηταῖς

144 487 240 516 αὑτοῦ·
253 487 308 515 Καὶ
321 487 386 514 ιδοὺ
401 486 458 521 ἐγὼ
480 487 546 521 μεθ’
567 486 651 521 ὑμῶν
676 488 734 522 ειμι
753 486 856 519 πάσας
885 486 939 518 τὰς

144 534 268 569 ἡμέρας,
282 534 339 566 ἕως
355 532 410 567 τῆς
437 535 617 566 συντελείας
635 533 689 560 τοῦ
709 533 829 565 αἰῶνος.
854 532 887 559 Τί
911 532 940 558 δὲ

144 582 215 617 ἄρας
233 582 302 617 μετὰ
318 581 368 617 τὴν
398 580 554 607 συντέλειαν
579 580 627 607 τοῦ
654 580 764 612 αἰῶνος,
792 580 843 606 οὐκ
864 579 941 606 ἔσται

147 627 206 662 μετ’
219 627 324 660 αὐτῶν;
335 627 382 654 καὶ
398 626 463 658 τίςό
476 626 569 660 λόγος;
589 626 649 653 καθ’
665 626 738 661 ὑμᾶς
752 626 807 661 γὰρ
831 625 942 656 πάντως

145 673 200 700 ἀπὸ
212 674 274 700 τὸτε
284 672 356 700 θέλει
371 671 441 699 εἶναι
459 673 517 708 μετ’
526 672 628 704 αὐτῶν,
646 673 694 699 καὶ
710 673 741 699 οὑ
764 672 810 699 νῦν
826 679 833 687 '
849 671 941 703 καθὼς

145 720 251 754 λέγετε,
270 719 311 745 ὅτι
319 718 365 745 τοῦ
380 718 524 754 μέλλοντος
535 719 582 745 καὶ
593 719 624 745 οὐ
638 718 684 745 τοῦ
696 719 831 754 παρόντος
843 718 942 750 αἰῶνος

146 766 194 793 καὶ
207 766 313 801 κόσμου
326 765 382 800 ἔχει
406 765 456 800 τὴν
477 765 602 798 ἐξουσίαν
619 773 627 782 ο
644 765 713 792 ἀλλὰ
743 765 791 792 καὶ
808 765 862 796 ἕως
880 765 942 792 τότε

145 811 194 838 καὶ
209 811 263 837 ἀπὸ
274 810 334 837 τότε
343 810 419 837 ἔσται
435 811 464 836 ὲν
474 810 577 841 αὐτοῖς,
589 809 638 836 καὶ
653 809 761 836 ἔσονται
785 809 835 836 σὺν
864 807 941 843 αὐτῷ

987 259 1065 286 mini.
1097 258 1164 286 Nam
1179 266 1301 293 praesens
1329 259 1457 286 smculum
1485 264 1626 294 comparat
1641 260 1721 287 nobis
1738 260 1785 287 fu—-

988 311 1092 338 turum,
1117 305 1241 333 tribuens
1263 305 1378 341 singulis
1404 305 1450 340 qui
1480 306 1534 333 vita
1560 310 1624 333 sunt
1650 306 1783 339 defuncti,

989 352 1124 379 malorum
1157 351 1350 386 bonorumque
1379 356 1491 379 actuum
1522 352 1784 380 remunerationem.

990 399 1135 427 Undenam
1148 406 1214 426 vero
1231 398 1360 426 dictionis
1374 398 1456 425 donec
1474 406 1585 426 sensum
1600 398 1786 433 cognoscetis?

989 445 1094 480 Nempe
1113 452 1147 472 ex
1162 452 1195 472 eo
1211 445 1282 479 quod
1300 444 1433 472 Dominus
1448 444 1551 471 sanctis
1569 444 1711 479 discipulis
1726 444 1785 471 suis

989 490 1144 518 dixeritzEt
1157 498 1213 517 ecce
1228 498 1275 525 ego
1306 490 1439 517 vobiscum
1454 497 1514 517 sum
1544 490 1665 516 omnibus
1682 489 1785 522 diebus,

989 536 1071 563 donec
1086 535 1213 562 amulum
1228 539 1423 562 consummatur
1437 535 1458 562 ⁸.
1476 534 1547 568 Quid
1563 534 1645 569 ergo?
1659 538 1721 570 post
1733 542 1787 563 sa!-

991 582 1045 610 culi
1080 581 1346 609 consummationem
1377 581 1453 608 haud
1488 581 1601 608 ulterius
1636 588 1699 608 cum
1733 580 1788 608 illis

992 629 1065 656 erit?
1087 627 1160 660 Quid
1180 627 1316 655 dicimus?
1339 626 1407 654 Nam
1424 627 1451 653 in
1470 631 1563 654 vestra
1591 627 1702 661 quidem
1724 634 1788 654 sen-

991 675 1087 706 tentia.
1106 682 1139 701 ex
1161 674 1207 701 illo
1232 681 1346 709 prorsus
1374 677 1499 708 tempore
1526 681 1588 700 cum
1607 673 1647 700 eis
1661 680 1722 701 esse
1739 680 1788 700 vo-

976 722 1038 755 ‘let,
1056 729 1112 749 non
1133 720 1160 748 in
1175 720 1319 756 praesenti;
1340 719 1471 755 quoniam
1487 719 1578 748 dicitis
1598 727 1660 747 eum
1691 719 1787 752 futuri,

991 775 1047 795 non
1060 766 1203 802 praesentis
1217 765 1310 793 saeculi
1329 772 1362 793 ac
1375 765 1481 798 mundi,
1495 765 1598 792 habere
1612 768 1788 800 potestatem.

991 814 1073 849 Atqui
1102 813 1230 840 Christus
1245 816 1274 839 et
1287 819 1374 847 usque
1396 811 1430 839 ad
1454 811 1481 838 id
1505 815 1614 846 tempus
1639 814 1667 837 et
1690 810 1790 838 exinde

148 857 186 891 μὴ
196 857 252 892 ὅρῳ
265 857 318 883 τινὶ¹
333 855 533 892 περατούμενοι
543 865 550 872 ·
563 856 716 890 γνώσονται
733 855 762 882 δὲ
785 854 867 882 τοῦτο
891 855 941 882 καὶ

997 869 1057 888 cum
1082 860 1150 895 ipsis
1166 859 1227 890 erit,
1258 863 1286 886 et
1316 859 1343 886 hi
1360 866 1422 886 cum
1441 866 1475 886 eo
1491 863 1573 885 erunt
1593 857 1670 885 nullo
1695 856 1791 884 termi-

147 888 171 929 οἰ
179 888 243 934 ταῖς*
251 902 359 934 λοιπαῖς
367 888 462 936 ἀγίαις
475 888 597 937 Γραφαῖ;
608 901 829 937 ἐντυγχάνοντες,
841 901 943 933 πολλὰς

997 916 1033 936 no
1057 888 1179 935 limitati.
1210 906 1384 942 Cognoscent
1409 906 1461 933 hoc
1490 905 1574 932 etiam
1594 904 1641 939 qui
1672 903 1792 938 reliquas

147 949 196 976 καὶ
203 949 287 980 ἄλλας
302 948 456 984 μαρτυρίας
471 948 588 983 ἔχοντες,
604 947 676 974 κατὰ
687 948 718 974 τὸ
734 948 763 974 ὲν
785 949 817 982 τῇ
833 947 942 974 Γενέσει

148 994 306 1030 λεγόμενον,
317 995 358 1021 ὅτι
369 995 420 1021 οὐκ
429 994 595 1029 ἀνέστρεψεν
609 995 623 1021 ὁ
637 994 721 1029 κόραξ
737 995 765 1020 ἐν
775 995 808 1029 τῇ
823 993 942 1028 κιϐωτῷ,

147 1038 250 1073 ἓωςοῦ
274 1040 427 1076 ἐξηράνθη
453 1041 487 1068 τὸ
510 1041 590 1076 ὕδωρ
616 1041 675 1069 ἀπὸ
701 1041 865 1076 προσώπου
886 1041 942 1075 τῆς

149 1086 226 1122 γῆς·
257 1087 346 1113 καίτοι
375 1095 407 1121 γε
433 1087 493 1114 οὐδὲ
523 1087 568 1114 ὅτε
591 1087 728 1124 ἐξηράνθη
757 1087 940 1124 ἀνέστρεψεν·

149 1133 197 1161 καί
217 1141 224 1149 ·
242 1133 321 1166 ’Έως
339 1134 412 1160 πότε
431 1133 470 1168 (7)
484 1154 491 1166 ,
525 1135 624 1168 Κύριε,
654 1134 789 1168 ἐπιλήσῃ
812 1143 872 1168 μου
902 1134 946 1166 εις

148 1179 236 1212 τέλος
253 1179 324 1215 [cod.
342 1179 430 1207 L155
455 1179 516 1215 b.];
541 1181 571 1206 οὐ
599 1179 654 1215 γὰρ
681 1182 710 1207 ὲν
735 1180 823 1216 τούτῳ
850 1180 946 1216 χρόνον

150 1223 313 1260 διορίζεται·
326 1225 375 1252 καὶ
393 1224 461 1251 ἀλλὰ
477 1225 562 1261 μυρία
574 1225 713 1262 εὑρήσεις.

187 1319 233 1351 ς’.
251 1318 285 1344 Ὃ
297 1317 326 1344 δέ
345 1326 390 1352 μοι
403 1318 449 1344 ἐπὶ
459 1317 521 1344 νοῦν
528 1316 623 1353 ἦλθεν,
639 1318 709 1356 ὅπερ
724 1319 868 1350 αὐτόπτως
896 1319 946 1346 αὐ-

150 1365 207 1394 τοῖς
225 1363 357 1396 πολλάκις
381 1365 591 1401 προσωμίλησα,
617 1364 702 1397 λέξων
716 1365 855 1401 ἔρχομαι·
881 1365 950 1401 ληρ-

151 1410 293 1445 ῳδούντων
304 1410 394 1438 αὐτῶν
408 1411 539 1443 πολλάκις
548 1412 596 1438 καὶ
605 1411 818 1447 φληναφούντων
828 1411 893 1447 περὶ
901 1412 951 1446 τῆς

158 1456 353 1492 Ἀειπαρθένου
366 1458 414 1483 καὶ
429 1457 561 1484 Θεοτόκου
575 1458 696 1494 Μαρίας,
712 1458 805 1493 ἔλεγον
816 1457 872 1492 ἐγὼ
882 1458 951 1493 πρὸς

151 1503 250 1535 αὐτούς
268 1511 276 1520 ·
294 1504 330 1530 Οὐ
347 1503 496 1539 θαυμάξω,
512 1501 534 1531 ὦ
564 1501 648 1536 οὗτοι,
675 1504 752 1539 ὑμῶν
776 1505 816 1537 είς
845 1504 947 1540 ταύτην

994 959 1105 983 sanctas
1119 954 1275 988 Scripturas
1300 952 1454 983 consulent.
1470 951 1522 978 alia
1539 950 1593 978 illic
1619 949 1704 976 multa
1721 957 1790 976 nan-

993 1003 1128 1030 ciscentes
1161 999 1334 1031 testimonia;
1363 998 1439 1026 velut
1469 997 1536 1025 illud
1560 996 1588 1023 in
1616 995 1716 1024 Genesi
1743 994 1791 1022 ubi

994 1055 1094 1076 corvus
1111 1047 1144 1074 ad
1164 1054 1254 1074 arcam
1269 1045 1369 1073 dicitur
1389 1052 1443 1071 non
1462 1043 1586 1076 rediisse,
1615 1044 1696 1069 donec
1714 1049 1791 1077 aqua:

993 1097 1158 1123 siccarentur
1189 1094 1218 1120 in
1239 1097 1316 1120 terra:
1343 1091 1479 1127 superﬁcie
1503 1090 1534 1123 ⁸;
1561 1095 1718 1124 quanquam
1755 1094 1792 1115 ne

994 1147 1089 1178 postea
1100 1141 1211 1177 quidem
1227 1147 1308 1173 quam
1321 1146 1396 1174 aqum
1410 1137 1518 1165 siccata;
1535 1135 1637 1163 fuerint
1651 1134 1743 1163 rediit.
1758 1133 1793 1160 Et

993 1189 1060 1217 illud
1097 1198 1104 1216 :
1141 1188 1294 1223 Usquequo,
1322 1185 1431 1212 Domine
1449 1205 1456 1217 ,
1486 1182 1648 1210 obliviscaris
1674 1182 1727 1208 mei
1764 1181 1793 1207 in

993 1238 1073 1272 ﬁnem
1089 1235 1118 1262 δῖ’
1134 1242 1189 1262 non
1207 1233 1279 1261 enim
1296 1232 1346 1259 hac
1361 1230 1497 1258 locutione
1515 1234 1623 1263 tempus
1641 1226 1746 1255 deﬁnit.
1761 1225 1795 1253 Et

993 1282 1111 1318 plurima
1136 1281 1189 1307 alia
1220 1277 1392 1313 comperies;

1034 1327 1078 1354 Vl.
1107 1326 1188 1353 Nunc
1220 1323 1293 1359 quod
1323 1323 1350 1349 in
1382 1325 1502 1348 mentem
1529 1319 1596 1346 mihi
1627 1317 1713 1349 venit,
1746 1315 1795 1351 qui

999 1380 1070 1407 saepe
1085 1378 1177 1399 coram
1194 1377 1255 1398 cum
1281 1368 1334 1395 illis
1347 1375 1408 1394 sum
1433 1365 1596 1396 collocutus,
1629 1363 1721 1390 dicere
1745 1369 1794 1397 ag-

1000 1419 1119 1456 gredior.
1149 1416 1217 1444 Cum
1243 1415 1262 1442 ii
1290 1421 1362 1448 saepe
1385 1415 1555 1456 nugarentur
1578 1417 1610 1436 ac
1628 1409 1797 1456 blaterarent

1001 1450 1035 1491 de
1058 1468 1167 1496 semper
1193 1459 1299 1494 virgine
1329 1456 1440 1491 deipara
1475 1453 1569 1486 Maria,
1600 1451 1729 1487 equidem
1762 1450 1797 1478 iis

1002 1495 1126 1537 dicebam
1151 1514 1158 1532 :
1187 1504 1231 1533 Nil
1255 1502 1350 1535 miror,
1377 1508 1426 1528 vos
1452 1500 1480 1527 in
1499 1498 1612 1526 Mariam
1643 1504 1706 1525 esse
1737 1495 1797 1522 ιιιτι-

153 1550 389 1585 βλασφημούντων
408 1550 461 1576 τῶν
475 1551 523 1577 καὶ
537 1551 583 1578 τὸν
598 1551 663 1578 Υίὺν
682 1551 768 1587 αὐτῆς
784 1551 831 1577 τὸν
857 1550 946 1586 ἀληθῆ

1000 1556 1140 1592 sphemos,
1165 1551 1210 1588 qui
1236 1549 1306 1578 Filio
1321 1546 1468 1584 ejusSDeo
1490 1552 1558 1573 vero
1590 1543 1720 1593 audacter
1744 1542 1798 1569 imr-

151 1597 218 1624 Θεὸν
233 1597 457 1632 ἁνεπαισχύντως
473 1597 519 1624 καὶ
534 1597 660 1632 θρασέως
677 1597 768 1633 ἔργοις
789 1596 947 1633 ἐνυϐριζόν-

151 1652 217 1676 των,
232 1644 257 1670 ει
272 1645 321 1670 καὶ
333 1643 426 1678 λόγοις
443 1643 525 1679 τιμᾷν
554 1643 768 1679 σχηματίζεσθε,
791 1643 837 1670 τὸν
856 1643 948 1678 πάσης

151 1689 232 1724 δόξης
246 1690 294 1716 καὶ
308 1690 392 1724 τιμῆς
419 1690 614 1726 ὑπεραπείρως
639 1690 786 1726 ἀνώτερον.
814 1689 877 1722 Πῶς
893 1689 949 1725 γὰρ

152 1736 204 1762 οὐκ
218 1735 342 1770 ἐναργῶς
358 1735 463 1770 ὕϐρεως
478 1735 563 1768 ἀξιον,
579 1735 609 1762 τὸ
632 1736 794 1771 ἀποστερεῖν
817 1736 864 1763 τὸν
891 1736 950 1762 Κύ-

155 1790 212 1817 ριον
226 1781 276 1816 τῆς
290 1781 369 1816 δόξης
383 1782 432 1816 τῆς
449 1781 608 1813 δεσποτείας
632 1783 680 1809 καὶ
705 1783 867 1819 κυριότητος
894 1782 950 1809 τῶν

153 1828 237 1855 αὑτοῦ
252 1827 423 1863 ποιημάτων,
437 1827 471 1854 δι’
485 1825 516 1855 οὗ
537 1828 571 1855 τὰ
596 1829 686 1855 πάντα
700 1829 822 1863 γέγονεν,
846 1829 894 1856 καὶ¹
918 1825 949 1857 οὗ

154 1875 241 1911 χωρὶς
258 1874 334 1901 οὐδὲν
349 1874 404 1901 τῶν
416 1874 501 1901 ὅντων
511 1875 636 1909 ὲγένετο;
653 1876 684 1902 Et
707 1877 763 1912 γὰρ
791 1877 950 1912 πεισθείητε

153 1921 216 1952 ταῖς
241 1919 435 1954 εὺαγγελικαῖς
459 1921 507 1947 καὶ
532 1921 727 1954 ἀποστολικαίς
758 1924 949 1958 παραινέσεσι,

155 1967 204 1993 καὶ
222 1966 269 1993 τὸν
281 1967 413 2001 ὑμέτερον
426 1966 528 2002 αὐχένα
540 1967 585 1993 τὸν
601 1967 720 2003 ἀχαμπῆ
739 1968 786 1994 καὶ
808 1968 950 2003 ἀγέρωχον

154 2013 194 2049 τῷ
205 2013 318 2048 χρηστῷ
334 2012 409 2048 ζυγῷ
424 2013 607 2046 ὑποκλίνοιτε,
625 2013 674 2040 τοῦ
690 2014 790 2041 εἰδέναι
810 2015 889 2050 μόνον
901 2015 951 2041 αὑ-

155 2061 202 2087 τὸν
217 2060 284 2087 Θεὸν
301 2060 350 2087 σὺν
368 2060 457 2096 Πατρὶ
477 2060 524 2087 καὶ
540 2060 680 2095 Πνεύματι
705 2060 752 2087 τὸν
777 2060 863 2092 ὄντως
886 2060 952 2087 ὄντα

155 2107 234 2139 Θεὸν,
252 2106 327 2134 οὐδὲν
337 2107 368 2133 τὸ
381 2106 505 2134 κωλύσον
517 2107 590 2142 ὑμᾶς
601 2108 649 2134 καὶ
662 2107 766 2142 ταύτην
780 2107 950 2143 ὁμολογῆσαι

156 2153 195 2184 ὡς
212 2152 269 2179 ἐστι
284 2153 469 2189 δεδοξασμένη
485 2154 531 2180 καὶ
547 2154 807 2190 ὑπερευλογημένη,
821 2154 853 2181 οὐ
872 2154 950 2187 Θεὸς,

157 2198 225 2225 ἀλλά
236 2198 317 2233 μόνον
324 2199 393 2226 Θεοῦ
400 2198 564 2235 ἦττων[ςοά.
572 2197 789 2236 ἦττον].πάντων
799 2199 827 2226 δὲ
835 2200 950 2235 κτισμά-

156 2253 212 2271 των
223 2243 310 2280 ὕπερ;
323 2246 354 2271 Et
361 2245 389 2272 δὲ
399 2233 436 2281 μὴ
447 2233 501 2274 τιν’
511 2246 576 2273 Υίὸν
584 2233 672 2281 αὐτῆς
679 2246 767 2281 ἀληθῆ
777 2246 844 2273 Θεὸν
855 2233 951 2282 ὁμολο-
968 2233 992 2262 Ι)

157 2292 243 2325 γεῖτε,
253 2290 312 2321 πῶς
319 2290 368 2325 τὴν
379 2292 427 2326 τῆς
433 2291 599 2328 σαρκώσεως
609 2292 692 2319 αὑτοῦ
700 2293 817 2329 Μητέρα
826 2294 952 2329 τιμήσοι-

158 2343 203 2368 τες
216 2335 242 2361 oi.
260 2335 313 2370 γὰρ
329 2336 366 2370 μὴ
378 2336 443 2362 Θεὸν
453 2337 647 2372 ὁμολογοῦντες
657 2338 672 2373 ἢ
681 2338 826 2373 τιμῶντες,
836 2338 896 2370 πῶς
906 2338 953 2366 ἄν-

159 2380 270 2416 θρωπον
280 2382 432 2416 τιμήσωσιν
443 2390 450 2414 ;
461 2382 518 2415 πῶς
532 2382 560 2409 δὲ
574 2385 621 2409 καὶ
639 2383 689 2415 τὰς
706 2384 811 2411 ἑαυτῶν
831 2385 953 2420 μητέρας

159 2427 224 2462 παρ’
239 2426 326 2453 ἄλλων
341 2427 544 2462 ἅτιμαζομένας
563 2428 638 2464 [cod.
653 2429 671 2456 Γ.
691 2429 764 2466 156.]
778 2430 950 2459 διεκδικεῖτε.

158 2472 208 2500 καὶ
224 2473 288 2503 τοὺς
304 2473 435 2507 ὑϐριστὰς
449 2474 538 2501 αὐτῶν
557 2475 704 2510 ἀμύνεσθε,
733 2477 780 2503 καὶ
803 2478 952 2511 σωφρονεῖν

158 2519 246 2551 αὑτὰς
262 2519 384 2555 παντοίῳ
398 2520 491 2556 τρόπῳ
504 2523 676 2557 μηχανᾶσθε,
694 2522 742 2550 τοῦ
766 2523 834 2550 Θεοῦ
859 2523 887 2550 δὲ
903 2523 953 2560 τὴν

159 2566 285 2601 Μητέρα,
303 2567 352 2601 τὴν
363 2567 472 2602 ἁσχέτῳ
486 2568 556 2602 φωτὶ
576 2568 626 2604 τῆς
643 2569 770 2604 θεότητος
791 2571 838 2597 καὶ
863 2570 953 2606 ψυχὴν

159 2613 208 2640 καὶ
222 2612 302 2647 σῶμα
324 2613 546 2649 κεκαθαρμένην,
570 2615 617 2642 καὶ
639 2615 682 2642 διὰ
701 2616 781 2643 τοῦτο
812 2617 954 2652 ἀνέπαφον

159 2658 253 2694 πάσης
269 2659 360 2695 χειρὸς
375 2660 549 2695 ἀνθρωπίνης
567 2661 738 2697 ὑπάρξασαν,
753 2663 802 2699 τὴν
822 2664 952 2700 Ἀειπάρ-

159 2704 236 2732 Θενον
248 2706 295 2732 καὶ
308 2706 497 2740 ἀεισέϐαστον,
513 2707 546 2742 ἣν
570 2708 659 2744 ἐαυτῷ
672 2710 685 2735 ὁ
704 2709 771 2742 Θεὸς
797 2711 837 2743 εὶς
860 2719 953 2738 κατοι-

197 2794 208 2807 ⁵
225 2790 319 2822 Matth.
334 2803 394 2828 xm,
413 2795 457 2823 18.
495 2796 506 2812 ⁸
518 2796 578 2824 Act.
593 2804 667 2829 xxvn,
679 2797 723 2826 ‘29.
770 2799 780 2815 ⁵
797 2799 892 2828 Matth.
904 2809 924 2833 ι,
941 2800 987 2828 20.

998 1588 1188 1639 pudenterque
1214 1593 1418 1625 conviciamini.
1445 1591 1537 1621 verbis
1571 1590 1635 1618 licet
1651 1588 1795 1616 honorare

998 1634 1144 1678 simulatis,
1182 1643 1230 1679 qui
1257 1641 1349 1670 omnia
1382 1639 1466 1675 gloria
1493 1641 1520 1665 et
1550 1637 1655 1664 honore
1687 1634 1797 1661 inﬁnite

997 1694 1122 1730 superior
1154 1695 1207 1719 est.
1241 1687 1342 1722 Quidni
1362 1685 1436 1714 enim
1465 1683 1611 1711 manifesta
1636 1681 1736 1730 iniuria
1764 1679 1800 1708 sit

999 1726 1121 1777 spoliare
1145 1737 1291 1765 Dominum
1322 1733 1414 1769 gloriae
1442 1734 1581 1766 potestate
1600 1736 1633 1756 ac
1655 1726 1797 1756 dominatu

999 1773 1189 1816 creaturarum
1217 1788 1341 1813 suarum,
1368 1786 1418 1814 per
1441 1778 1493 1814 ³1],
1510 1783 1592 1812 quem
1614 1773 1706 1802 omnia
1733 1777 1799 1801 sunt

998 1833 1081 1865 facta,
1110 1835 1138 1859 et
1155 1831 1284 1863 sinequo
1303 1825 1372 1854 nihil
1386 1831 1483 1852 eorum
1512 1829 1573 1857 quae
1596 1824 1707 1849 exstant
1731 1827 1798 1854 pro-

999 1880 1111 1908 ductum
1139 1876 1212 1904 fuit?
1233 1874 1262 1902 Si
1284 1873 1358 1902 enim
1386 1869 1552 1905 evangelicis
1583 1866 1797 1903 apostolicisque

999 1924 1116 1952 monitis
1158 1921 1306 1958 pareretis,
1338 1917 1508 1953 rigidamque
1539 1919 1660 1942 vestram
1693 1920 1725 1940 ac
1753 1919 1801 1938 su-

999 1972 1112 2007 perbam
1150 1968 1286 1997 cervicem
1318 1965 1394 1993 suavi
1421 1963 1486 1998 iugo
1521 1959 1723 1996 supponeretis.
1761 1958 1797 1985 ob

999 2004 1222 2053 cognoscendum
1257 2013 1346 2041 solum
1384 2011 1475 2045 ipsum
1506 2008 1592 2035 Deum
1626 2013 1689 2034 cum
1719 2004 1800 2032 Patre

999 2051 1182 2098 etVSpiritu,
1212 2068 1286 2093 eum,
1309 2058 1444 2092 inquam,
1470 2054 1517 2089 qui
1549 2060 1614 2081 vere
1640 2051 1712 2079 Deus
1740 2054 1798 2083 est;

1000 2113 1070 2141 nihil
1095 2112 1152 2147 jam
1181 2115 1230 2137 vos
1259 2104 1418 2141 impediret,
1450 2099 1597 2147 quominus
1626 2098 1699 2126 hanc
1723 2103 1795 2132 quo-

1002 2167 1057 2195 que
1089 2146 1304 2185 conﬁteremini,
1334 2149 1408 2185 quod
1436 2148 1472 2175 sit
1501 2146 1620 2182 gloriosa
1641 2148 1694 2195 et“
1712 2150 1796 2194 sum-

1005 2188 1216 2234 mehenedicta,
1244 2197 1318 2225 haud
1347 2202 1414 2224 sane
1438 2194 1503 2224 Dea,
1522 2192 1570 2220 sed
1600 2190 1648 2218 uni
1676 2189 1732 2217 Deo
1755 2188 1800 2215 in-

1005 2251 1100 2282 ferior,
1118 2247 1194 2276 omni
1221 2250 1313 2273 autem
1339 2246 1472 2270 creaturae
1492 2237 1629 2274 superior.
1662 2235 1741 2269 Quod
1776 2234 1799 2262 si

1001 2297 1100 2325 Filium
1126 2295 1186 2330 ejus
1203 2299 1299 2321 verum
1323 2289 1409 2317 Deum
1436 2295 1492 2315 non
1521 2283 1703 2316 confitemini,
1726 2289 1799 2317 quo-

1001 2343 1084 2371 modo
1107 2327 1198 2369 carnis
1225 2338 1285 2373 ejus
1308 2339 1423 2363 matrem
1447 2330 1641 2361 honorabitis?
1664 2328 1731 2356 Nam
1748 2327 1796 2362 qui

1003 2391 1088 2417 Deum
1120 2394 1173 2415 nec
1194 2383 1362 2413 confitentur
1390 2388 1442 2408 nec
1473 2379 1621 2410 honorant,
1658 2375 1705 2411 qui
1740 2372 1800 2402 ﬁeri

1003 2439 1092 2472 potest
1116 2439 1147 2462 ut
1172 2433 1208 2464 ei.
1233 2438 1294 2467 quae
1318 2430 1401 2457 homo
1422 2431 1474 2459 est,
1501 2426 1634 2453 honorem
1658 2419 1801 2472 tribuant?

1002 2467 1057 2510 Dur
1082 2485 1173 2508 autem
1202 2483 1304 2506 matres
1329 2475 1447 2510 quisque
1475 2476 1580 2500 vestras
1602 2467 1800 2504 aquihuslibet

1002 2528 1136 2557 dedecore
1165 2524 1276 2552 affectas
1292 2519 1450 2552 defenditis,
1481 2522 1509 2545 et
1537 2523 1631 2544 earum
1649 2513 1802 2542 oti‘ensores

1002 2572 1177 2604 ulciscimini,
1196 2570 1363 2604 easdemque
1380 2565 1496 2594 omnino
1519 2563 1634 2599 pudicas
1651 2567 1714 2588 esse
1731 2566 1799 2586 con-

1004 2620 1133 2652 tenditis;
1150 2618 1199 2646 Dei
1224 2621 1319 2645 autem
1344 2613 1470 2644 Matrem,
1484 2610 1565 2646 cujus
1582 2607 1673 2636 anima
1683 2609 1719 2652 et
1733 2611 1798 2632 cor-

1007 2673 1059 2702 pus
1079 2651 1266 2700 copiosissima
1295 2659 1404 2688 deitatis
1419 2658 1465 2685 lux
1491 2653 1657 2702 puriﬁcavit,
1681 2651 1800 2684 ideoque

1008 2697 1130 2747 qualibet
1147 2709 1267 2737 humana
1295 2713 1377 2734 manu
1393 2703 1466 2738 tangi
1492 2709 1547 2730 non
1574 2697 1674 2735 potuit,
1691 2701 1802 2729 semper

198 2880 235 2915 (7)
250 2879 297 2907 llic
319 2880 414 2907 Latine
438 2880 529 2908 dicere
553 2889 605 2909 non
634 2882 774 2916 potuimus
791 2883 928 2917 donec,cx

997 2889 1044 2910 nco
1067 2882 1120 2913 ἕως
1133 2881 1208 2907 πότε.
