1948 3070
171 139 240 172 1339

848 140 963 170 PETRI
990 141 1118 172 SICULI

1745 144 1813 176 13:0

167 197 292 232 inquam,
319 196 451 233 virginem
481 205 589 232 semper
617 201 773 233 augustam,
801 205 883 232 quam
912 197 961 225 sibi

1017 198 1080 225 κίαν
1097 199 1250 233 ἐξελέξατο,
1258 199 1306 227 καὶ
1319 199 1401 226 πάλιν
1408 199 1521 227 διελθὼν
1533 201 1733 237 κεκλεισμένην
1745 208 1811 228 κατ’

167 243 242 271 Deus
258 244 292 271 ad
312 244 522 271 inhabitandum
552 244 661 279 delegit.
673 252 811 279 quamque
826 244 909 272 etiam
931 245 960 272 in

168 295 249 325 partu
273 290 394 318 clausam
417 298 479 318 esse
502 290 576 323 sivit,
598 290 763 325 virginitatis
789 290 850 318 luce
879 298 962 324 supra

168 336 235 364 solis
255 337 348 364 radios
367 337 570 371 splendentem,
595 336 747 372 impudenti
770 344 819 364 vos
851 337 963 364 audaci-

167 390 222 417 que
243 383 411 410 contumelia
436 382 564 410 alﬁcitis?
579 382 655 410 Hanc
674 383 734 410 sine
758 383 841 411 dubio
861 383 962 411 adver-

167 437 216 457 sus
249 437 297 457 vos
315 429 463 457 ulciscctur
479 429 565 458 Filius
591 429 652 464 ejus
673 435 701 458 et
728 430 850 458 universi
866 431 963 459 mundi

166 475 250 502 Deus.
278 475 367 510 Atque
383 475 448 503 hinc
462 479 538 510 patet
554 476 678 511 nequitia
699 480 803 509 vestra,
821 477 886 504 dum
909 484 965 505 non

166 520 255 548 solum
278 525 370 548 vestra
392 522 511 556 panditis
536 522 744 557 perversissima
755 523 895 559 dogmata.
911 532 961 552 ve-

166 575 227 594 rum
240 568 321 595 etiam
341 573 444 596 temere
461 568 679 604 stultissimeque
704 569 779 598 illam
795 570 965 598 dehonesta-

165 612 214 645 tis,
234 621 316 648 quam
335 621 371 640 ne
391 614 523 641 caelorum
536 614 647 649 quidem
667 614 785 642 virtutes
801 614 884 650 digne
909 622 962 642 un-

165 666 247 693 quam
264 659 406 687 celebrare
432 663 597 694 potuerunt.

205 703 259 731 Vll.
288 705 369 732 Aliud
396 689 505 740 quoque
530 705 760 734 considerandum
797 711 850 735 est.
874 689 975 746 Reges

165 750 281 781 terreni,
304 751 347 777 vel
391 751 514 786 gentium
531 751 671 786 principes
696 752 740 779 vel
751 753 895 787 praesides,
915 758 964 781 aut

163 794 243 822 liberi
259 795 415 830 optimates,
431 797 556 831 quaedam
583 797 686 825 habere
707 798 798 826 solent
810 806 876 827 vasa
900 800 963 834 qui-

163 842 216 869 bus
237 842 287 876 ipsi
314 843 365 870 soli
391 847 517 876 utuntur,
548 849 630 879 atque
657 845 691 873 ab
721 845 845 880 ipsorum
863 847 960 876 subdi-

165 892 256 915 torum
280 889 409 917 manibus
423 898 536 925 prorsus
548 891 621 927 tangi
642 900 696 919 non
721 892 798 924 licet,
822 901 883 928 quae
902 902 960 922 me-

166 938 224 961 tum
249 935 397 969 quemdam
423 937 466 964 vel
487 937 546 964 solo
567 937 693 971 inspectu
723 938 860 973 injiciunt.
890 939 961 968 Sunt

163 979 230 1007 item
253 981 378 1008 nonnulli
402 989 497 1010 eorum
519 983 638 1019 cognati.
655 991 689 1011 eo
704 984 791 1020 magis
806 986 841 1013 ab
866 987 957 1013 omni-

163 1025 217 1053 bus
247 1026 412 1060 honorandi,
436 1035 491 1063 quo
507 1029 568 1057 illos
582 1037 684 1064 genere
710 1031 824 1065 propius
845 1032 960 1060 contin-

165 1077 244 1108 gunt.
274 1073 346 1106 Quid
363 1078 454 1101 autem
482 1083 642 1110 germanum
675 1077 763 1112 magis
779 1082 826 1104 aut
842 1079 957 1113 propin-

164 1117 246 1152 quius
271 1119 378 1146 matre?
403 1119 482 1151 Quod
507 1120 530 1148 si
545 1120 590 1148 Dei
608 1121 661 1156 72
681 1121 767 1150 Mater
793 1127 836 1150 est
861 1124 960 1151 immu-

165 1163 285 1191 tabilitcr
313 1165 460 1198 incarnati,
494 1174 652 1202 novumque
679 1172 708 1195 et
723 1168 823 1196 mirum
846 1174 888 1197 est
913 1178 961 1205 pa-

167 1213 268 1235 tratum
303 1217 351 1244 per
379 1217 440 1237 eam
465 1211 637 1246 mysterium,
664 1212 834 1248 insuperque
858 1222 961 1242 novum

165 1261 280 1288 prorsus
308 1255 359 1282 sub
385 1255 456 1283 cutio
472 1256 525 1284 fuit
548 1257 681 1293 virginem
713 1259 774 1287 sine
803 1259 854 1287 viri
879 1268 962 1295 opera

165 1307 263 1335 parere
289 1300 393 1335 ﬁlium;
422 1307 525 1337 quanta
552 1303 732 1332 admiratione
754 1306 962 1340 reverentiaque

166 1346 280 1382 dignum
307 1349 343 1375 sit
371 1350 575 1377 sanctissimum
607 1351 673 1378 illud
699 1356 727 1379 et
747 1352 962 1379 sacratissimum

165 1393 295 1427 septum?
314 1393 342 1420 Si
367 1401 433 1429 ergo
460 1394 611 1423 inanimata
642 1396 798 1424 mortalium
825 1397 962 1432 corrupti-

164 1438 260 1466 bilium
279 1444 510 1476 peccatorumque
528 1442 671 1470 hominum
684 1450 748 1470 vasa
766 1447 843 1471 tanto
858 1443 964 1471 honore

167 1483 321 1518 dignamur,
356 1489 511 1521 matresque
546 1494 641 1514 eorum
673 1488 780 1515 cunctis
799 1488 959 1515 eorumdem

1013 244 1116 278 έλιπεν,
1134 245 1174 281 τῷ
1192 247 1242 281 τῆς
1257 246 1408 282 παρθενίας
1428 248 1498 282 φωτὶ
1513 247 1584 283 ὑπὲρ
1603 248 1654 280 τὰς
1668 248 1715 274 τοῦ
1736 249 1811 283 ἡλίου

1014 290 1203 326 μαρμαρυγὰς
1219 291 1484 327 ἀπαστράπτουσαν.
1514 292 1740 328 ὰνεπαισχὺντως
1765 295 1811 321 καὶ

1013 337 1136 371 θρασέως
1150 337 1292 374 ὑϐρίζετε;
1308 338 1341 374 ῆν
1352 338 1521 374 διεκδικήσει
1539 339 1648 371 πάντως
1667 339 1696 366 ὲν
1718 339 1783 375 ὑμῖν
1797 341 1810 366 ό

1013 383 1077 416 Υἱὸς
1093 384 1179 420 αὐτῆς
1188 385 1236 412 καὶ
1243 385 1310 417 Θεὸς
1321 385 1369 412 τοῦ
1388 386 1509 417 παντόςς
1525 386 1623 413 Καίτοι
1639 393 1672 420 γε
1691 386 1723 412 ὲκ
1747 386 1811 413 τού-

1013 438 1062 456 του
1076 429 1215 457 δείκνυται
1241 431 1258 466 ή
1284 431 1370 458 κακία
1395 430 1474 465 ὑμῶν
1491 432 1522 457 ὲν
1539 431 1580 466 τῷ
1613 431 1650 466 μὴ
1680 431 1762 466 μόνον
1778 431 1811 458 τὰ

1014 476 1080 510 ὑμῖν
1088 475 1220 504 δοκοῦντα
1236 476 1391 513 διηγεῖσθαι
1406 477 1581 512 πάνστρεσλα
1591 477 1726 512 δόγματα,
1743 477 1811 505 ἀλλὰ

1013 523 1044 549 τὸ
1058 523 1213 559 προχείρως
1226 523 1274 550 καὶ
1289 523 1449 559 ὰκορέστως
1465 523 1556 559 μάτην
1588 524 1746 560 ὲνυὸριζειν
1759 525 1810 552 αὖ-

1013 569 1073 603 τὴν.
1092 569 1126 605 ἢν
1136 570 1198 597 οὐδὲ
1205 570 1261 597 τῶν
1270 569 1395 605 οὐρανῶν
1401 571 1430 597 al
1446 570 1577 606 δυνάμεις
1586 570 1672 603 ἀξίως
1687 571 1810 607 ὑμνῆσαι

1014 615 1184 651 δεδύνηνται.

1049 706 1086 734 Ζ’.
1101 707 1239 734 Σκεπτὲον
1248 706 1277 734 δὲ
1288 707 1336 734 καὶ
1350 707 1438 738 οὕτως
1454 715 1462 723 ο
1477 707 1503 734 οἱ
1518 706 1640 741 βασιλεῖς
1652 708 1702 743 τῆς
1717 700 1781 743 γῆς.
1795 707 1812 743 ἢ

1011 753 1153 789 ὲθνάρχαι,
1177 754 1195 789 ἢ
1224 753 1366 788 ἄρχοντες,
1385 753 1402 788 ἢ
1431 753 1603 786 αὺτεξοῠσιοι
1632 753 1724 789 ἔχουσί
1750 763 1813 781 τινα

1013 799 1109 836 σκεύη,
1120 797 1161 831 οἷς
1172 800 1250 827 αὐτοὶ
1262 800 1310 827 καὶ
1325 800 1403 836 μόνοι
1415 800 1545 836 χρῶνται,
1556 800 1603 826 καὶ
1618 801 1675 831 τοῖς
1697 800 1811 835 ὑποχει-

1018 846 1084 881 ρίοις
1098 846 1187 873 αὐτῶν
1206 847 1323 882 πάμπαν
1341 846 1511 881 ὑπάρχουσιν
1519 847 1655 882 ἀπρόσιτα
1666 847 1715 874 καὶ
1729 847 1811 881 ἀνεγ-

1012 892 1137 928 χείρητα,
1151 892 1211 924 δέος
1230 893 1398 927 ἐμποιοῦντα
1417 893 1464 920 καὶ
1493 893 1574 928 μόνον
1590 892 1736 928 ἷόρώμενα.
1757 893 1813 920 Καὶ

1009 940 1063 966 εἰσί
1086 948 1159 971 τινες
1176 941 1319 974 συγγενεῖς
1341 939 1432 966 αὐτῶν
1458 939 1558 970 οἵτινες
1575 939 1716 973 ὀφείλουσι
1734 939 1813 974 παρὰ

1009 986 1119 1013 πάντων
1143 986 1254 1013 πλείονα
1284 986 1375 1022 τιμὴν·
1402 984 1583 1020 εἰσδέχεσθαι,
1600 985 1662 1012 καθ’
1689 985 1752 1012 ὅσον
1776 986 1811 1020 τῇ

1010 1030 1156 1066 συγγενείᾳ
1182 1030 1421 1066 προσεγγίζουσιν.
1447 1030 1480 1056 Τί
1503 1029 1532 1056 δὲ
1557 1029 1661 1065 μητρὸς
1682 1028 1756 1065 [cod.
1784 1028 1804 1056 l'.

1009 1077 1070 1104 156.
1095 1076 1134 1113 b.]
1150 1077 1362 1112 γνησιώτερονῆ
1379 1075 1548 1111 ὲγγύτερον;
1567 1075 1599 1102 Et
1625 1075 1654 1101 δὲ
1679 1075 1728 1102 καὶ
1743 1074 1812 1102 Θεοῦ

1009 1122 1110 1158 Μήτηρ
1143 1122 1203 1149 ἐστὶ
1230 1121 1442 1157 σεσαρκωμένου
1473 1119 1662 1150 ἀναλλοιώτως
1677 1141 1686 1152 ,
1716 1118 1813 1146 καινὸν

1009 1168 1040 1195 δὲ
1067 1168 1114 1195 κα)⁵
1128 1167 1282 1204 παράδοξον
1302 1167 1452 1203 μυστήριον
1474 1167 1622 1202 πρόσεστιν
1634 1167 1665 1192 τδ
1677 1165 1712 1192 δι’
1724 1165 1812 1200 αὐτῆς

1010 1214 1184 1249 τελούμενον,
1199 1214 1279 1241 τοῦτο
1302 1213 1331 1240 δὲ
1355 1213 1396 1240 ἔτι
1412 1213 1492 1248 μόνον
1506 1212 1602 1239 καινὸν
1627 1211 1743 1246 γεγονὸς
1758 1212 1812 1238 ὑπὸ

1011 1260 1058 1287 τὺν
1069 1260 1155 1295 ἥλιον,
1167 1259 1198 1286 τὸ
1212 1259 1348 1294 παρθένον
1357 1259 1421 1286 ἄνευ
1432 1258 1529 1292 ἀνδρὸς
1539 1258 1630 1284 τεκεῖν
1646 1257 1715 1288 υίὺν,
1725 1257 1810 1283 πόσου

1011 1305 1149 1340 θαύματος
1162 1305 1209 1332 καὶ
1232 1305 1315 1340 τιμῆς
1330 1304 1405 1336 ἄξιον
1427 1304 1458 1331 τὸ
1487 1303 1621 1337 πανάγιον
1649 1303 1739 1329 ἐκεῖνο
1762 1303 1812 1328 καὶ

1010 1351 1170 1387 ἁγιαστικὸν
1193 1351 1312 1386 ὑπάρχει
1338 1350 1454 1385 τέμενος
1469 1358 1477 1382 ;
1494 1349 1526 1376 Εἰ
1541 1347 1588 1376 οὖν
1606 1348 1641 1376 τὰ
1663 1348 1750 1383 σκεύη
1775 1348 1811 1374 τὰ

1011 1399 1104 1435 ἄψυχα
1116 1398 1171 1426 τῶν
1187 1397 1292 1434 θνητῶν
1305 1398 1353 1424 καὶ
1366 1396 1496 1432 φθαρτῶν
1511 1396 1560 1423 καὶ
1572 1395 1746 1431 ἁμαρτωλῶν
1760 1395 1811 1421 ἀν-

1013 1445 1130 1481 θρώπων
1143 1444 1273 1479 τοιαύτης
1284 1444 1368 1479 τιμῆς
1391 1442 1542 1476 ἀξιοῦνται,
1556 1442 1605 1469 καὶ
1631 1442 1658 1469 αἱ
1689 1442 1809 1477 μητέρες

1016 1491 1106 1519 αὐτῶν
1122 1492 1177 1522 τοῖς
1198 1489 1331 1526 ὑπηκόοις
1346 1488 1436 1516 αὐτῶν
1445 1488 1528 1515 πᾶσιν
1537 1488 1708 1523 ὑπάρχουσιν
1725 1486 1811 1521 ἀπρό-

165 1530 282 1557 subditis
296 1534 361 1558 sunt
380 1531 575 1566 inaccessae,et
590 1534 712 1569 cognatis
730 1534 859 1562 omnibus
873 1534 961 1562 hono-

1016 1545 1085 1575 61.10.!
1100 1537 1148 1563 καὶ
1159 1536 1270 1564 πάντων
1286 1534 1425 1569 συγγενῶν
1440 1534 1614 1569 τιμιώτεραι,
1643 1532 1690 1559 τοῦ
1709 1540 1811 1559 παντο·-

165 1577 324 1611 rabiliores;
342 1577 479 1607 Creatoris
506 1580 629 1608 omnium
646 1586 674 1608 et
694 1580 858 1615 Regnatoris
870 1589 964 1609 sacra-

165 1623 302 1650 tissimum
315 1624 510 1660 habitaculum,
525 1627 675 1654 animatum
687 1627 829 1662 palatium,
846 1627 963 1656 thronus

165 1669 357 1698 sanctissimus
379 1672 509 1707 mysticus
523 1680 556 1700 ac
571 1677 684 1701 sanctus
702 1673 799 1708 regalis
816 1673 962 1707 thalamus.

164 1717 301 1750 quomodo
327 1717 475 1753 abszjusto
502 1719 624 1754 Josepho
649 1719 793 1747 adeundus
820 1719 927 1752 fuisset,
948 1728 964 1748 a

164 1770 255 1794 servo,
277 1763 399 1798 inquam,
435 1765 505 1792 ﬁdeli
532 1770 560 1792 et
583 1765 659 1800 justo
684 1765 818 1793 incantati
843 1774 877 1794 cx
904 1767 962 1802 ipsa

165 1807 223 1837 Dei,
235 1809 466 1842 quemadmodum
481 1818 530 1838 vos
547 1811 701 1838 nebulones
715 1812 930 1847 blasphematis?

204 1854 274 1881 Vlll.
291 1854 391 1883 Multas
414 1857 459 1884 illc
487 1857 609 1892 quidem,
628 1862 723 1893 utpote
745 1858 814 1893 legis
843 1859 961 1894 peritus,

167 1901 275 1928 steriles
296 1902 421 1929 audierat
443 1908 546 1938 praeter
571 1908 681 1931 aetatem
707 1904 878 1939 concepisse,
904 1913 962 1932 non

168 1946 229 1974 sine
264 1951 357 1974 tamen
382 1948 454 1976 virili
482 1956 577 1984 opera.
605 1949 851 1977 Verumenimvero
881 1951 963 1985 virgi-

167 2000 230 2020 nem
264 1992 325 2021 sine
354 1994 459 2021 semine
487 1995 638 2030 peperisse,
675 2004 810 2031 nusquam
834 2001 960 2025 noverat.

167 2038 222 2066 Sed
235 2039 310 2066 enim
326 2039 418 2074 justus
432 2048 495 2068 cum
516 2046 599 2075 esset,
619 2042 713 2070 divina
733 2043 839 2070 visione
863 2043 963 2079 dignus

164 2089 208 2113 est
235 2085 356 2118 habitus,
386 2095 440 2122 qua
456 2088 580 2116 monitus
609 2088 661 2116 fuit
688 2096 724 2116 ne
745 2089 867 2116 verendo
897 2089 963 2117 huic

166 2132 292 2168 prodigio
319 2133 477 2161 subservire
505 2138 651 2162 metueret.
677 2134 736 2162 Nisi
754 2135 826 2162 enim
848 2135 885 2163 ita
898 2136 963 2163 fuis-

166 2182 221 2212 set,
252 2187 303 2206 cur
331 2179 456 2208 docilitcr
479 2180 587 2215 jubenti
605 2181 703 2217 angelo
722 2182 846 2212 credens.
862 2182 954 2210 statim

1016 1583 1126 1610 κτίστου
1144 1583 1191 1610 καὶ
1201 1581 1397 1617 παμϐασιλέως
1413 1580 1443 1608 τὸ
1456 1579 1660 1615 πανιερώτατον
1677 1586 1809 1612 κατοικη-

1016 1630 1119 1665 τήριον,
1132 1628 1163 1655 τὸ
1183 1628 1307 1663 ἔμψυχον
1330 1627 1472 1657 παλάτιον.
1483 1627 1498 1653 ό
1513 1625 1647 1660 πανάγιος
1670 1625 1776 1661 θρόνος,
1793 1625 1809 1659 ἡ

1015 1673 1134 1709 μυστικὴ
1150 1673 1196 1700 καὶ
1210 1673 1276 1708 ἁγία
1289 1672 1415 1709 βασιλικὴ
1432 1671 1522 1707 κλίνη,
1538 1671 1597 1703 πῶς
1620 1672 1675 1706 ἄρα
1692 1670 1811 1706 προσιτὴ

1013 1721 1135 1755 ἐγεγόνει
1159 1719 1259 1755 Ἰωσὴφ
1271 1719 1311 1754 τῷ
1327 1719 1436 1754 δικαίῳ,
1445 1718 1533 1752 δούλῳ
1547 1717 1638 1752 πιστῷ
1660 1717 1812 1752 καὶδικαίῳ

1012 1766 1060 1793 τοῦ
1081 1766 1111 1798 έξ
1129 1766 1216 1801 αὐτῆς
1237 1765 1428 1800 σαρκωθέντος
1453 1764 1522 1791 Θεοῦ
1542 1763 1702 1799 ὑπάρχοντι,
1717 1762 1814 1794 καθὼς

1013 1813 1101 1844 αὑτοὶ,
1112 1810 1135 1839 ὦ
1147 1812 1252 1844 πλάνοι,
1265 1811 1434 1846 δυσφημεῖτε
1447 1819 1455 1843 ;

1049 1857 1090 1884 H'.
1105 1857 1208 1889 Πολλὰς
1224 1857 1274 1892 μὲν
1299 1857 1354 1892 γὰρ
1367 1856 1448 1887 αὐτὸς
1471 1855 1509 1887 ὡς
1523 1855 1682 1891 νομομαθὴς
1699 1855 1812 1890 στείρας

1011 1902 1127 1938 ἠκηκόει
1139 1902 1205 1938 παρ’
1223 1902 1332 1938 ἠλικίαν
1346 1901 1568 1937 κυοφορησάσας,
1581 1901 1639 1927 ἀλλ’
1657 1901 1687 1933 ἐξ
1700 1901 1813 1936 ἀνδρῶν

1014 1948 1234 1984 σπερμανθείσας
1252 1956 1258 1963 ·
1269 1947 1299 1974 τὸ
1315 1947 1344 1973 δὲ
1355 1946 1489 1982 παρθένον
1505 1947 1633 1982 ἀσπόρως
1647 1947 1749 1978 τεκεῖν.
1766 1947 1814 1973 οὺ-

1012 1996 1087 2023 δέπω
1102 1995 1246 2030 ἠπίστατο.
1261 1994 1372 2026 Δίκαιος
1383 1993 1411 2020 δὲ
1424 1993 1461 2020 ὣν
1480 1993 1584 2028 ἠξιώθη
1600 1995 1651 2028 τῆς
1663 1993 1739 2025 θείας
1759 1993 1812 2020 ὀπ-

1012 2043 1109 2074 τασίας
1122 2041 1255 2078 λεγούσης
1276 2040 1347 2068 ὥστε
1366 2041 1404 2076 μὴ
1428 2040 1580 2076 φοὸηθῆναι
1598 2040 1812 2076 διακονήσασθαι

1012 2089 1051 2124 τῷ
1070 2088 1178 2124 φρικτῷ
1205 2087 1292 2123 τούτῳ
1317 2087 1448 2122 θαύματι.
1471 2088 1503 2114 Et
1526 2087 1581 2122 γὰρ
1605 2087 1642 2122 μὴ
1669 2086 1749 2113 τοῦτο
1765 2085 1812 2122 ἦν,

1012 2135 1057 2162 διὰ
1073 2135 1100 2162 τί
1115 2133 1250 2166 εὐπειθῶς
1271 2133 1310 2169 τῷ
1328 2133 1525 2169 προστάττοντι
1549 2132 1657 2167 ἀγγέλῳ
1677 2132 1810 2165 πεισθεὶς.

1010 2181 1090 2213 εὐθὺς
1107 2181 1263 2217 ὑπήκουσεν
1285 2180 1419 2216 εἰρηκότι,
1447 2179 1495 2214 Μὴ
1516 2179 1653 2214 φοϐηθῇς
1676 2181 1812 2214 παραλα-

165 2224 364 2259 obtemperavit
386 2225 488 2253 dicenti
511 2234 517 2253 :
545 2225 604 2253 Noli
632 2226 728 2254 timere
751 2227 877 2262 accipere
904 2227 956 2255 Ma-

1014 2227 1078 2255 ϐεἷν
1088 2227 1207 2262 Μαριὰμ
1218 2225 1290 2262 (cod.
1305 2226 1324 2253 ί.
1342 2226 1416 2262 157.)
1427 2225 1486 2260 τὴν
1499 2225 1628 2260 γυναῖκά
1642 2233 1702 2253 σου
1714 2234 1724 2258 ;
1740 2225 1814 2260 Γυνὴ

167 2270 235 2298 riam
252 2271 397 2307 conjugem
416 2273 510 2300 tuam?
536 2273 642 2308 Conqu
662 2274 735 2301 enim
764 2274 837 2302 illius
852 2274 961 2302 interim

166 2315 317 2350 prudenter
348 2317 502 2351 dicebatur,
528 2323 558 2346 ut
573 2320 705 2355 mysterio
723 2319 848 2347 velamen
871 2321 960 2355 ﬁeret,

166 2362 238 2396 quod
257 2363 387 2397 paulatim
408 2365 639 2393 manifestandum
665 2371 734 2400 erat,
766 2375 817 2395 ceu
835 2368 877 2395 sol
898 2376 964 2396 sen-

168 2408 219 2435 sim
243 2413 272 2436 et
294 2417 350 2437 non
372 2410 462 2438 subito
488 2411 604 2439 inﬁrmis
632 2411 720 2439 oculis
751 2412 884 2447 objectus.
913 2413 964 2440 At-

167 2459 259 2482 tamen
275 2460 337 2490 post
352 2455 475 2484 divinum
491 2461 611 2492 partum,
625 2457 681 2491 jam
698 2465 755 2485 non
777 2458 837 2492 ejus
851 2458 964 2493 conjux,

167 2501 218 2528 sed
243 2502 322 2536 pueri
353 2507 440 2530 mater
469 2503 504 2530 ab
533 2503 629 2539 angelo
656 2504 728 2532 dicta
757 2509 810 2532 est.
836 2504 966 2532 Jamvero

169 2547 234 2574 binc
249 2552 364 2583 apparet
379 2549 407 2576 in
433 2553 508 2576 metu
528 2554 556 2577 et
584 2549 664 2578 anxia
682 2550 852 2578 dubitatione
879 2550 966 2578 fuisse

167 2593 333 2626 seniculum,
357 2598 440 2630 atque
460 2596 484 2623 ei
505 2596 630 2632 prodigio
655 2597 842 2625 obsecundare
864 2604 964 2625 veren~

169 2645 235 2667 tem.
262 2640 333 2676 Ergo
360 2640 416 2668 ait:
445 2640 522 2674 Quod
545 2642 618 2669 enim
639 2642 667 2670 in
684 2650 716 2670 ca
742 2647 836 2670 uatum
852 2647 904 2675 est,
929 2643 962 2670 de

168 2684 273 2720 Spiritu
290 2690 385 2714 sancto
402 2686 429 2714 in
448 2694 479 2714 ea
496 2691 594 2715 natum
617 2692 669 2720 cst,
687 2695 741 2715 non
756 2692 849 2715 autem
872 2689 962 2716 aliun-

168 2732 202 2758 de
218 2731 373 2768 ingressum
383 2733 414 2761 “.
430 2733 590 2768 Rursusque
603 2733 667 2761 alibi
683 2734 748 2762 dicit
763 2735 877 2769 angelus
899 2734 963 2763 Vir-

168 2777 241 2811 gini:
271 2778 304 2804 Et
325 2787 383 2806 ecce
410 2779 541 2814 concipias
561 2780 588 2805 in
606 2784 680 2806 utero
705 2785 729 2806 ct
755 2781 843 2815 paries
866 2781 963 2815 ﬁlium,

170 2825 295 2859 dabitque
314 2826 338 2852 ei
368 2825 498 2853 Dominus
525 2825 595 2853 Deus
622 2827 746 2853 Ilu‘onnm
775 2826 886 2854 Doridis
910 2836 962 2863 pa-

208 2879 235 2894 “
256 2879 352 2908 Matth.
368 2890 388 2914 I,
404 2883 448 2910 20.

1011 2273 1065 2307 γὰρ
1079 2272 1162 2299 αὑτοῦ
1177 2272 1246 2304 τέως
1260 2271 1440 2306 οἰκονομικῶς
1465 2270 1586 2305 ἐλέγετο,
1603 2271 1674 2298 ὥστε
1695 2271 1813 2298 συσκιὰ-

1012 2319 1108 2352 ζεσθαι
1127 2320 1157 2346 τὸ
1173 2319 1334 2354 μυστήριον,
1350 2318 1483 2344 καὶκατὰ
1505 2317 1604 2353 μικρὸν
1629 2318 1814 2353 παρεκφαίνε-

1014 2365 1078 2392 σθαι
1100 2365 1226 2400 καθάπερ
1246 2364 1322 2399 ἥλιος
1351 2364 1444 2399 ἡρέμα
1474 2364 1523 2391 καὶ
1537 2364 1588 2391 οὐκ
1614 2364 1722 2399 ἀθρόως
1753 2365 1814 2396 ταῖς

1014 2412 1156 2439 ἀσθενέσιν
1187 2411 1280 2446 ὕψεσιν
1298 2411 1512 2446 ὲκφαινόμενος·
1532 2411 1603 2446 μετὰ
1625 2410 1655 2437 δὲ
1673 2411 1719 2437 τὸν
1739 2411 1814 2438 θεῖον

1015 2459 1105 2491 τόκον,
1118 2459 1148 2486 οὑ
1163 2458 1231 2493 γυνὴ
1247 2457 1343 2490 αὑτοῦ,
1362 2457 1429 2484 ἀλλὰ
1446 2458 1540 2493 μήτηρ
1567 2456 1616 2484 τοῦ
1631 2456 1743 2484 παιδίου
1760 2457 1816 2484 ὑπὸ

1014 2507 1061 2532 τοῦ
1078 2505 1196 2541 ἀγγέλου
1221 2505 1340 2539 ἐλέγετο.
1365 2504 1505 2531 Δείκνυσιν
1520 2501 1567 2531 οὖν
1578 2503 1705 2531 ἐντεῦθεν
1719 2506 1762 2531 ὅτι
1783 2506 1816 2532 ἒν

1015 2551 1091 2587 φόϐῳ
1108 2551 1156 2578 καὶ
1180 2550 1287 2586 ἀγωνίᾳ
1303 2547 1336 2585 ἦν
1348 2551 1362 2576 ό
1377 2549 1545 2586 πρεσϐύτης,
1564 2549 1602 2585 μὴ
1622 2550 1731 2585 τολμῶν
1747 2550 1815 2577 δια-

1014 2599 1128 2633 κονῆσαι
1143 2597 1183 2632 τῷ
1203 2597 1334 2632 γαύματι.
1352 2598 1385 2624 Τὸ
1395 2597 1450 2632 γὰρ
1460 2596 1496 2623 ἐν
1506 2596 1596 2631 αὐτῇ,
1613 2598 1692 2632 φησι,
1706 2606 1817 2632 γεννη-

1017 2645 1080 2676 θὲν,
1090 2644 1124 2671 ἐκ
1135 2643 1309 2678 Πνεύματός
1322 2643 1408 2670 ἐστιν·
1423 2643 1515 2678 ἁγίου
1527 2651 1533 2658 ·
1547 2644 1576 2670 ὲν
1587 2643 1654 2679 αὐτῇ
1669 2644 1816 2678 γεννηθὲν,

1016 2691 1066 2726 οὐχ
1082 2690 1215 2726 ἑτέρωθεν
1228 2690 1396 2717 ὑπεισελθόν.
1412 2690 1465 2717 Καὶ
1480 2690 1562 2717 πάλιν
1577 2689 1692 2725 ἑτέρωθι
1703 2691 1717 2717 ὁ
1730 2690 1819 2724 ἄγγε-

1017 2736 1063 2767 λός
1079 2745 1144 2771 φησι
1158 2735 1226 2770 πρὸς
1241 2735 1290 2770 τὴν
1308 2734 1446 2769 Παρθένον
1460 2743 1467 2750 ·
1492 2734 1547 2761 Καὶ
1570 2735 1636 2762 ἰδοὺ
1660 2735 1817 2771 cauam,

1018 2783 1053 2809 ἐν
1064 2782 1181 2817 γαστρὶ,
1198 2781 1248 2808 καὶ
1262 2781 1333 2815 τέξῃ
1351 2782 1430 2814 Υιόν,
1448 2781 1497 2807 καὶ
1505 2780 1597 2808 δώσει
1611 2781 1693 2814 αὑτῷ
1705 2782 1818 2816 Κύριος

1021 2831 1036 2856 ό
1051 2829 1122 2862 Θεὸς
1132 2828 1184 2856 τὸν
1198 2829 1308 2864 θρόνον
1321 2827 1410 2856 mea
1425 2828 1478 2855 τοῦ
1490 2828 1603 2862 πατρὸς
1614 2827 1709 2856 αὑτοῦ
1723 2838 1729 2845 ·
1743 2828 1819 2856 ὥστε
