  <div class='ocr_page' id='page_1' title='image "/cluster/home/n/w/nwhite01/storage/ocr_20150623/104/njp.32101077772885/678.png"; bbox 0 0 1948 3070; ppageno 0'>
   <div class='ocr_carea' id='block_1_1' title="bbox 145 187 1788 225">
    <p class='ocr_par' dir='ltr' id='par_1_1' title="bbox 145 187 1788 225">
     <span class='ocr_line' id='line_1_1' title="bbox 145 187 1788 225; baseline -0.005 0"><span class='ocrx_word' id='word_1_1' title='bbox 145 192 210 225; x_wconf 86' lang='grc'><strong>1341</strong></span> <span class='ocrx_word' id='word_1_2' title='bbox 409 209 413 213; x_wconf 85' lang='grc'><strong>-</strong></span> <span class='ocrx_word' id='word_1_3' title='bbox 633 189 762 220; x_wconf 78' lang='lat' dir='ltr'><strong>SERMO</strong></span> <span class='ocrx_word' id='word_1_4' title='bbox 781 190 812 220; x_wconf 91' lang='lat' dir='ltr'><strong>II</strong></span> <span class='ocrx_word' id='word_1_5' title='bbox 833 187 1034 221; x_wconf 80' lang='lat' dir='ltr'><strong>ADVERSUS</strong></span> <span class='ocrx_word' id='word_1_6' title='bbox 1054 188 1295 219; x_wconf 71' lang='lat' dir='ltr'><strong>MANICH/EOS.</strong></span> <span class='ocrx_word' id='word_1_7' title='bbox 1718 189 1788 223; x_wconf 70' lang='lat'><strong>1342</strong></span> 
     </span>
    </p>
   </div>
   <div class='ocr_carea' id='block_1_2' title="bbox 144 245 934 285">
    <p class='ocr_par' dir='ltr' id='par_1_2' title="bbox 144 245 934 285">
     <span class='ocr_line' id='line_1_2' title="bbox 144 245 934 285; baseline -0.005 -10"><span class='ocrx_word' id='word_1_8' title='bbox 144 251 168 277; x_wconf 82' lang='grc' dir='ltr'><strong>εἰ</strong></span> <span class='ocrx_word' id='word_1_9' title='bbox 200 249 238 285; x_wconf 87' lang='grc' dir='ltr'>μὴ</span> <span class='ocrx_word' id='word_1_10' title='bbox 256 248 288 274; x_wconf 77' lang='grc' dir='ltr'>ἐκ</span> <span class='ocrx_word' id='word_1_11' title='bbox 301 247 351 282; x_wconf 82' lang='grc' dir='ltr'><strong>τῆς</strong></span> <span class='ocrx_word' id='word_1_12' title='bbox 361 245 496 281; x_wconf 78' lang='grc' dir='ltr'><strong>παρθένου</strong></span> <span class='ocrx_word' id='word_1_13' title='bbox 512 245 562 280; x_wconf 80' lang='grc' dir='ltr'>τὴν</span> <span class='ocrx_word' id='word_1_14' title='bbox 575 245 665 281; x_wconf 81' lang='grc' dir='ltr'>σάρκα</span> <span class='ocrx_word' id='word_1_15' title='bbox 677 245 859 281; x_wconf 76' lang='grc' dir='ltr'>προσέλαϐεν,</span> <span class='ocrx_word' id='word_1_16' title='bbox 876 245 934 279; x_wconf 81' lang='grc' dir='ltr'>ἥτις</span> 
     </span>
    </p>
   </div>
   <div class='ocr_carea' id='block_1_3' title="bbox 989 245 1788 285">
    <p class='ocr_par' dir='ltr' id='par_1_3' title="bbox 991 245 1788 283">
     <span class='ocr_line' id='line_1_3' title="bbox 991 245 1788 283; baseline 0.003 -10"><span class='ocrx_word' id='word_1_17' title='bbox 991 247 1039 274; x_wconf 77' lang='lat' dir='ltr'><strong>tris</strong></span> <span class='ocrx_word' id='word_1_18' title='bbox 1069 245 1155 281; x_wconf 80' lang='lat' dir='ltr'><strong>ejus&quot;.</strong></span> <span class='ocrx_word' id='word_1_19' title='bbox 1177 245 1375 278; x_wconf 83' lang='lat' dir='ltr'><strong>Quamobrem,</strong></span> <span class='ocrx_word' id='word_1_20' title='bbox 1395 245 1449 272; x_wconf 91' lang='lat' dir='ltr'><strong>nisi</strong></span> <span class='ocrx_word' id='word_1_21' title='bbox 1480 252 1590 272; x_wconf 82' lang='lat' dir='ltr'><strong>carnem</strong></span> <span class='ocrx_word' id='word_1_22' title='bbox 1619 253 1652 272; x_wconf 79' lang='lat' dir='ltr'><strong>ex</strong></span> <span class='ocrx_word' id='word_1_23' title='bbox 1676 246 1788 283; x_wconf 76' lang='lat' dir='ltr'><strong>Virgine</strong></span> 
     </span>
    </p>
   </div>
   <div class='ocr_carea' id='block_1_4' title="bbox 144 290 934 330">
    <p class='ocr_par' dir='ltr' id='par_1_4' title="bbox 144 292 934 330">
     <span class='ocr_line' id='line_1_4' title="bbox 144 292 934 330; baseline -0.005 -7"><span class='ocrx_word' id='word_1_24' title='bbox 144 296 268 330; x_wconf 83' lang='grc' dir='ltr'><strong>θυγάτηρ</strong></span> <span class='ocrx_word' id='word_1_25' title='bbox 282 292 315 329; x_wconf 85' lang='grc' dir='ltr'>ἦν</span> <span class='ocrx_word' id='word_1_26' title='bbox 327 293 375 320; x_wconf 85' lang='grc' dir='ltr'>τοῦ</span> <span class='ocrx_word' id='word_1_27' title='bbox 391 292 482 323; x_wconf 77' lang='grc' dir='ltr'>Δαὸἱδ,</span> <span class='ocrx_word' id='word_1_28' title='bbox 494 293 544 319; x_wconf 82' lang='grc' dir='ltr'><strong>οὐκ</strong></span> <span class='ocrx_word' id='word_1_29' title='bbox 557 292 589 318; x_wconf 86' lang='grc' dir='ltr'>ἂν</span> <span class='ocrx_word' id='word_1_30' title='bbox 604 293 687 319; x_wconf 73' lang='grc' dir='ltr'>Δαϐὶδ</span> <span class='ocrx_word' id='word_1_31' title='bbox 709 293 767 319; x_wconf 73' lang='grc' dir='ltr'>υἱὸν</span> <span class='ocrx_word' id='word_1_32' title='bbox 779 293 861 319; x_wconf 81' lang='grc' dir='ltr'>αὑτὸν</span> <span class='ocrx_word' id='word_1_33' title='bbox 874 292 934 319; x_wconf 74' lang='grc' dir='ltr'><strong>ἐκά-</strong></span> 
     </span>
    </p>
   </div>
   <div class='ocr_carea' id='block_1_5' title="bbox 989 290 1787 330">
    <p class='ocr_par' dir='ltr' id='par_1_5' title="bbox 990 290 1787 326">
     <span class='ocr_line' id='line_1_5' title="bbox 990 290 1787 326; baseline -0.001 -7"><span class='ocrx_word' id='word_1_34' title='bbox 990 292 1165 326; x_wconf 87' lang='lat' dir='ltr'><strong>sumpsisset,</strong></span> <span class='ocrx_word' id='word_1_35' title='bbox 1194 299 1256 326; x_wconf 69' lang='lat' dir='ltr'><strong>qua:</strong></span> <span class='ocrx_word' id='word_1_36' title='bbox 1290 290 1399 318; x_wconf 88' lang='lat' dir='ltr'><strong>Davidis</strong></span> <span class='ocrx_word' id='word_1_37' title='bbox 1417 290 1471 318; x_wconf 83' lang='lat' dir='ltr'><strong>lilia</strong></span> <span class='ocrx_word' id='word_1_38' title='bbox 1494 295 1564 322; x_wconf 82' lang='lat' dir='ltr'><strong>erat,</strong></span> <span class='ocrx_word' id='word_1_39' title='bbox 1585 291 1708 326; x_wconf 88' lang='lat' dir='ltr'><strong>profecto</strong></span> <span class='ocrx_word' id='word_1_40' title='bbox 1724 299 1787 319; x_wconf 89' lang='lat' dir='ltr'><strong>eum</strong></span> 
     </span>
    </p>
   </div>
   <div class='ocr_carea' id='block_1_6' title="bbox 144 336 934 376">
    <p class='ocr_par' dir='ltr' id='par_1_6' title="bbox 144 336 934 376">
     <span class='ocr_line' id='line_1_6' title="bbox 144 336 934 376; baseline -0.004 -8"><span class='ocrx_word' id='word_1_41' title='bbox 144 341 243 376; x_wconf 65' lang='grc' dir='ltr'>λεσεν.ξ</span> <span class='ocrx_word' id='word_1_42' title='bbox 255 339 337 367; x_wconf 73' lang='grc' dir='ltr'><strong>Δαῦὶδ</strong></span> <span class='ocrx_word' id='word_1_43' title='bbox 352 340 406 375; x_wconf 81' lang='grc' dir='ltr'><strong>γὰρ</strong></span> <span class='ocrx_word' id='word_1_44' title='bbox 419 339 539 374; x_wconf 84' lang='grc' dir='ltr'>γηγενὴς</span> <span class='ocrx_word' id='word_1_45' title='bbox 553 336 587 374; x_wconf 86' lang='grc' dir='ltr'>ἦν</span> <span class='ocrx_word' id='word_1_46' title='bbox 602 339 650 365; x_wconf 79' lang='grc' dir='ltr'>τοῦ</span> <span class='ocrx_word' id='word_1_47' title='bbox 664 339 801 374; x_wconf 77' lang='grc' dir='ltr'>Ἀϐραὰμ,</span> <span class='ocrx_word' id='word_1_48' title='bbox 816 339 863 365; x_wconf 70' lang='grc' dir='ltr'><strong>καὶ</strong></span> <span class='ocrx_word' id='word_1_49' title='bbox 890 338 934 365; x_wconf 71' lang='grc' dir='ltr'>τοῦ</span> 
     </span>
    </p>
   </div>
   <div class='ocr_carea' id='block_1_7' title="bbox 989 336 1788 376">
    <p class='ocr_par' dir='ltr' id='par_1_7' title="bbox 989 336 1788 372">
     <span class='ocr_line' id='line_1_7' title="bbox 989 336 1788 372; baseline -0.001 -7"><span class='ocrx_word' id='word_1_50' title='bbox 989 338 1074 365; x_wconf 84' lang='lat' dir='ltr'><strong>filium</strong></span> <span class='ocrx_word' id='word_1_51' title='bbox 1095 336 1206 364; x_wconf 84' lang='lat' dir='ltr'><strong>Davidis</strong></span> <span class='ocrx_word' id='word_1_52' title='bbox 1230 344 1284 364; x_wconf 91' lang='lat' dir='ltr'><strong>n0n</strong></span> <span class='ocrx_word' id='word_1_53' title='bbox 1301 336 1506 371; x_wconf 75' lang='lat' dir='ltr'><strong>appellavisset.</strong></span> <span class='ocrx_word' id='word_1_54' title='bbox 1533 336 1586 372; x_wconf 81' lang='lat'><strong>73</strong></span> <span class='ocrx_word' id='word_1_55' title='bbox 1610 337 1695 365; x_wconf 83' lang='lat' dir='ltr'><strong>David</strong></span> <span class='ocrx_word' id='word_1_56' title='bbox 1713 337 1788 365; x_wconf 87' lang='lat' dir='ltr'><strong>enim</strong></span> 
     </span>
    </p>
   </div>
   <div class='ocr_carea' id='block_1_8' title="bbox 150 382 934 423">
    <p class='ocr_par' dir='ltr' id='par_1_8' title="bbox 150 385 934 423">
     <span class='ocr_line' id='line_1_8' title="bbox 150 385 934 423; baseline -0.005 -8"><span class='ocrx_word' id='word_1_57' title='bbox 150 388 237 423; x_wconf 87' lang='grc' dir='ltr'>Ἀδὰμ</span> <span class='ocrx_word' id='word_1_58' title='bbox 251 387 395 421; x_wconf 78' lang='grc' dir='ltr'>ἀπόγονος,</span> <span class='ocrx_word' id='word_1_59' title='bbox 410 386 460 412; x_wconf 80' lang='grc' dir='ltr'><strong>οὐκ</strong></span> <span class='ocrx_word' id='word_1_60' title='bbox 472 385 618 420; x_wconf 77' lang='grc' dir='ltr'><strong>οὐρανόθεν</strong></span> <span class='ocrx_word' id='word_1_61' title='bbox 643 385 674 412; x_wconf 76' lang='grc' dir='ltr'>τὸ</span> <span class='ocrx_word' id='word_1_62' title='bbox 695 385 775 420; x_wconf 81' lang='grc' dir='ltr'>σῶμα</span> <span class='ocrx_word' id='word_1_63' title='bbox 791 385 916 420; x_wconf 76' lang='grc' dir='ltr'>ἐσχηκώς</span> <span class='ocrx_word' id='word_1_64' title='bbox 929 393 934 400; x_wconf 90' lang='grc'>·</span> 
     </span>
    </p>
   </div>
   <div class='ocr_carea' id='block_1_9' title="bbox 989 382 1787 423">
    <p class='ocr_par' dir='ltr' id='par_1_9' title="bbox 989 382 1787 418">
     <span class='ocr_line' id='line_1_9' title="bbox 989 382 1787 418; baseline 0 -8"><span class='ocrx_word' id='word_1_65' title='bbox 989 383 1023 410; x_wconf 88' lang='lat' dir='ltr'><strong>de</strong></span> <span class='ocrx_word' id='word_1_66' title='bbox 1046 382 1132 417; x_wconf 91' lang='lat' dir='ltr'><strong>stirpe</strong></span> <span class='ocrx_word' id='word_1_67' title='bbox 1161 382 1309 409; x_wconf 79' lang='lat' dir='ltr'><strong>Abrahami</strong></span> <span class='ocrx_word' id='word_1_68' title='bbox 1331 386 1400 414; x_wconf 88' lang='lat' dir='ltr'><strong>erat,</strong></span> <span class='ocrx_word' id='word_1_69' title='bbox 1426 386 1454 410; x_wconf 92' lang='lat' dir='ltr'><strong>et</strong></span> <span class='ocrx_word' id='word_1_70' title='bbox 1480 382 1515 409; x_wconf 90' lang='lat' dir='ltr'><strong>de</strong></span> <span class='ocrx_word' id='word_1_71' title='bbox 1540 383 1637 410; x_wconf 80' lang='lat' dir='ltr'><strong>Adami</strong></span> <span class='ocrx_word' id='word_1_72' title='bbox 1659 383 1787 418; x_wconf 80' lang='lat' dir='ltr'><strong>posteris,</strong></span> 
     </span>
    </p>
   </div>
   <div class='ocr_carea' id='block_1_10' title="bbox 143 428 934 467">
    <p class='ocr_par' dir='ltr' id='par_1_10' title="bbox 143 430 934 467">
     <span class='ocr_line' id='line_1_10' title="bbox 143 430 934 467; baseline -0.004 -7"><span class='ocrx_word' id='word_1_73' title='bbox 143 434 190 460; x_wconf 75' lang='grc' dir='ltr'><strong>καὶ</strong></span> <span class='ocrx_word' id='word_1_74' title='bbox 212 433 305 465; x_wconf 81' lang='grc' dir='ltr'>πάλιν,</span> <span class='ocrx_word' id='word_1_75' title='bbox 321 433 442 467; x_wconf 76' lang='grc' dir='ltr'>Πνεῦμα</span> <span class='ocrx_word' id='word_1_76' title='bbox 451 432 539 466; x_wconf 79' lang='grc' dir='ltr'>ἅγιον·</span> <span class='ocrx_word' id='word_1_77' title='bbox 549 431 748 459; x_wconf 71' lang='grc' dir='ltr'><strong>ἐπελεύσεται</strong></span> <span class='ocrx_word' id='word_1_78' title='bbox 763 431 813 458; x_wconf 79' lang='grc' dir='ltr'><strong>ἐπὶ</strong></span> <span class='ocrx_word' id='word_1_79' title='bbox 826 431 874 462; x_wconf 78' lang='grc' dir='ltr'>σὲ,</span> <span class='ocrx_word' id='word_1_80' title='bbox 889 430 934 458; x_wconf 69' lang='grc' dir='ltr'><strong>καὶ</strong></span> 
     </span>
    </p>
   </div>
   <div class='ocr_carea' id='block_1_11' title="bbox 989 428 1786 467">
    <p class='ocr_par' dir='ltr' id='par_1_11' title="bbox 989 428 1786 463">
     <span class='ocr_line' id='line_1_11' title="bbox 989 428 1786 463; baseline 0 -7"><span class='ocrx_word' id='word_1_81' title='bbox 989 437 1045 456; x_wconf 92' lang='lat' dir='ltr'><strong>non</strong></span> <span class='ocrx_word' id='word_1_82' title='bbox 1074 433 1166 456; x_wconf 88' lang='lat' dir='ltr'><strong>autem</strong></span> <span class='ocrx_word' id='word_1_83' title='bbox 1195 428 1304 456; x_wconf 82' lang='lat' dir='ltr'><strong>caelitus</strong></span> <span class='ocrx_word' id='word_1_84' title='bbox 1338 435 1439 462; x_wconf 88' lang='lat' dir='ltr'><strong>c0rpus</strong></span> <span class='ocrx_word' id='word_1_85' title='bbox 1469 428 1596 463; x_wconf 85' lang='lat' dir='ltr'><strong>adeptus.</strong></span> <span class='ocrx_word' id='word_1_86' title='bbox 1631 429 1663 456; x_wconf 86' lang='lat' dir='ltr'><strong>Et</strong></span> <span class='ocrx_word' id='word_1_87' title='bbox 1677 429 1786 457; x_wconf 84' lang='lat' dir='ltr'><strong>denuo:</strong></span> 
     </span>
    </p>
   </div>
   <div class='ocr_carea' id='block_1_12' title="bbox 144 473 934 515">
    <p class='ocr_par' dir='ltr' id='par_1_12' title="bbox 144 477 934 515">
     <span class='ocr_line' id='line_1_12' title="bbox 144 477 934 515; baseline -0.005 -7"><span class='ocrx_word' id='word_1_88' title='bbox 144 481 272 515; x_wconf 80' lang='grc' dir='ltr'>δύναμις</span> <span class='ocrx_word' id='word_1_89' title='bbox 280 481 427 514; x_wconf 80' lang='grc' dir='ltr'><strong>Ὑψίστου</strong></span> <span class='ocrx_word' id='word_1_90' title='bbox 441 479 616 507; x_wconf 76' lang='grc' dir='ltr'><strong>ἐπισκιάσει</strong></span> <span class='ocrx_word' id='word_1_91' title='bbox 630 486 690 506; x_wconf 86' lang='grc' dir='ltr'>σοι·</span> <span class='ocrx_word' id='word_1_92' title='bbox 699 478 737 506; x_wconf 80' lang='grc' dir='ltr'>δι’</span> <span class='ocrx_word' id='word_1_93' title='bbox 748 478 763 505; x_wconf 86' lang='grc' dir='ltr'>ὃ</span> <span class='ocrx_word' id='word_1_94' title='bbox 773 478 822 505; x_wconf 75' lang='grc' dir='ltr'><strong>καὶ</strong></span> <span class='ocrx_word' id='word_1_95' title='bbox 834 477 866 505; x_wconf 81' lang='grc' dir='ltr'>τὸ</span> <span class='ocrx_word' id='word_1_96' title='bbox 873 486 934 512; x_wconf 82' lang='grc' dir='ltr'><strong>τεν·</strong></span> 
     </span>
    </p>
   </div>
   <div class='ocr_carea' id='block_1_13' title="bbox 989 473 1789 515">
    <p class='ocr_par' dir='ltr' id='par_1_13' title="bbox 990 473 1789 508">
     <span class='ocr_line' id='line_1_13' title="bbox 990 473 1789 508; baseline 0.003 -8"><span class='ocrx_word' id='word_1_97' title='bbox 990 473 1110 508; x_wconf 80' lang='lat' dir='ltr'><strong>Spiritus</strong></span> <span class='ocrx_word' id='word_1_98' title='bbox 1124 478 1234 501; x_wconf 77' lang='lat' dir='ltr'><strong>sanctus</strong></span> <span class='ocrx_word' id='word_1_99' title='bbox 1251 473 1416 507; x_wconf 74' lang='lat' dir='ltr'><strong>superueniet</strong></span> <span class='ocrx_word' id='word_1_100' title='bbox 1439 473 1467 500; x_wconf 84' lang='lat' dir='ltr'><strong>in</strong></span> <span class='ocrx_word' id='word_1_101' title='bbox 1480 478 1504 500; x_wconf 85' lang='lat' dir='ltr'><strong>te</strong></span> <span class='ocrx_word' id='word_1_102' title='bbox 1517 479 1541 501; x_wconf 77' lang='lat' dir='ltr'><strong>et</strong></span> <span class='ocrx_word' id='word_1_103' title='bbox 1559 475 1644 501; x_wconf 75' lang='lat' dir='ltr'><strong>virtus</strong></span> <span class='ocrx_word' id='word_1_104' title='bbox 1657 474 1789 502; x_wconf 73' lang='lat' dir='ltr'><strong>Altissimi</strong></span> 
     </span>
    </p>
   </div>
   <div class='ocr_carea' id='block_1_14' title="bbox 144 519 934 560">
    <p class='ocr_par' dir='ltr' id='par_1_14' title="bbox 144 523 934 560">
     <span class='ocr_line' id='line_1_14' title="bbox 144 523 934 560; baseline -0.003 -8"><span class='ocrx_word' id='word_1_105' title='bbox 144 525 391 560; x_wconf 63' lang='lat' dir='ltr'><strong>véysrorﬁytor,</strong></span> <span class='ocrx_word' id='word_1_106' title='bbox 412 525 442 558; x_wconf 76' lang='grc' dir='ltr'>ἐξ</span> <span class='ocrx_word' id='word_1_107' title='bbox 454 525 539 560; x_wconf 86' lang='grc' dir='ltr'>αὐτῆς</span> <span class='ocrx_word' id='word_1_108' title='bbox 553 524 676 559; x_wconf 84' lang='grc' dir='ltr'>δηλονότι</span> <span class='ocrx_word' id='word_1_109' title='bbox 691 523 874 559; x_wconf 80' lang='grc' dir='ltr'><strong>γεννώμενον,</strong></span> <span class='ocrx_word' id='word_1_110' title='bbox 890 524 934 550; x_wconf 61' lang='grc' dir='ltr'><strong>οὐ)</strong></span> 
     </span>
    </p>
   </div>
   <div class='ocr_carea' id='block_1_15' title="bbox 989 519 1789 560">
    <p class='ocr_par' dir='ltr' id='par_1_15' title="bbox 990 519 1789 554">
     <span class='ocr_line' id='line_1_15' title="bbox 990 519 1789 554; baseline 0.001 -7"><span class='ocrx_word' id='word_1_111' title='bbox 990 519 1156 547; x_wconf 78' lang='lat' dir='ltr'><strong>obumbrabit</strong></span> <span class='ocrx_word' id='word_1_112' title='bbox 1172 520 1221 546; x_wconf 83' lang='lat' dir='ltr'><strong>tibi</strong></span> <span class='ocrx_word' id='word_1_113' title='bbox 1236 519 1275 546; x_wconf 61' lang='lat'><strong>7*.</strong></span> <span class='ocrx_word' id='word_1_114' title='bbox 1292 519 1358 546; x_wconf 87' lang='lat' dir='ltr'><strong>Ideo</strong></span> <span class='ocrx_word' id='word_1_115' title='bbox 1372 523 1399 546; x_wconf 89' lang='lat' dir='ltr'><strong>et</strong></span> <span class='ocrx_word' id='word_1_116' title='bbox 1413 519 1486 554; x_wconf 91' lang='lat' dir='ltr'><strong>quod</strong></span> <span class='ocrx_word' id='word_1_117' title='bbox 1504 524 1634 547; x_wconf 76' lang='lat' dir='ltr'><strong>nascetur</strong></span> <span class='ocrx_word' id='word_1_118' title='bbox 1650 525 1789 553; x_wconf 87' lang='lat' dir='ltr'><strong>sanctum,</strong></span> 
     </span>
    </p>
   </div>
   <div class='ocr_carea' id='block_1_16' title="bbox 144 569 941 606">
    <p class='ocr_par' dir='ltr' id='par_1_16' title="bbox 144 569 941 606">
     <span class='ocr_line' id='line_1_16' title="bbox 144 569 941 606; baseline -0.001 -9"><span class='ocrx_word' id='word_1_119' title='bbox 144 571 194 606; x_wconf 82' lang='grc' dir='ltr'><strong>ἠδη</strong></span> <span class='ocrx_word' id='word_1_120' title='bbox 210 570 411 606; x_wconf 82' lang='grc' dir='ltr'><strong>γεγεννημένον</strong></span> <span class='ocrx_word' id='word_1_121' title='bbox 424 571 472 597; x_wconf 73' lang='grc' dir='ltr'><strong>καὶ</strong></span> <span class='ocrx_word' id='word_1_122' title='bbox 481 569 640 597; x_wconf 84' lang='grc' dir='ltr'>ὑπεισελθὸν</span> <span class='ocrx_word' id='word_1_123' title='bbox 653 570 827 603; x_wconf 81' lang='grc' dir='ltr'><strong>ἐπείσακτον,</strong></span> <span class='ocrx_word' id='word_1_124' title='bbox 846 569 941 606; x_wconf 79' lang='grc' dir='ltr'>ὥσπερ</span> 
     </span>
    </p>
   </div>
   <div class='ocr_carea' id='block_1_17' title="bbox 144 617 528 652">
    <p class='ocr_par' dir='ltr' id='par_1_17' title="bbox 144 617 528 652">
     <span class='ocr_line' id='line_1_17' title="bbox 144 617 528 652; baseline 0 -8"><span class='ocrx_word' id='word_1_125' title='bbox 144 618 170 644; x_wconf 80' lang='lat' dir='ltr'><strong>ot</strong></span> <span class='ocrx_word' id='word_1_126' title='bbox 187 617 347 645; x_wconf 82' lang='grc' dir='ltr'>ἀπαίδευτοι</span> <span class='ocrx_word' id='word_1_127' title='bbox 365 617 528 652; x_wconf 84' lang='grc' dir='ltr'>φάσκουσιν.</span> 
     </span>
    </p>
   </div>
   <div class='ocr_carea' id='block_1_18' title="bbox 181 705 941 742">
    <p class='ocr_par' dir='ltr' id='par_1_18' title="bbox 181 705 941 742">
     <span class='ocr_line' id='line_1_18' title="bbox 181 705 941 742; baseline 0 -9"><span class='ocrx_word' id='word_1_128' title='bbox 181 707 220 733; x_wconf 79' lang='lat'><strong>6&#39;.</strong></span> <span class='ocrx_word' id='word_1_129' title='bbox 243 707 312 733; x_wconf 85' lang='grc' dir='ltr'>Πότε</span> <span class='ocrx_word' id='word_1_130' title='bbox 338 706 367 733; x_wconf 81' lang='grc' dir='ltr'><strong>δὲ</strong></span> <span class='ocrx_word' id='word_1_131' title='bbox 387 707 436 733; x_wconf 77' lang='grc' dir='ltr'><strong>καὶ</strong></span> <span class='ocrx_word' id='word_1_132' title='bbox 461 707 532 742; x_wconf 82' lang='grc' dir='ltr'>ἀνήρ</span> <span class='ocrx_word' id='word_1_133' title='bbox 560 715 604 738; x_wconf 86' lang='grc' dir='ltr'><strong>τις</strong></span> <span class='ocrx_word' id='word_1_134' title='bbox 626 706 731 739; x_wconf 84' lang='grc' dir='ltr'>δίκαιος</span> <span class='ocrx_word' id='word_1_135' title='bbox 762 706 812 742; x_wconf 81' lang='grc' dir='ltr'>τὴν</span> <span class='ocrx_word' id='word_1_136' title='bbox 843 705 941 733; x_wconf 78' lang='grc' dir='ltr'>ἑαυτοῦ</span> 
     </span>
    </p>
   </div>
   <div class='ocr_carea' id='block_1_19' title="bbox 147 753 941 789">
    <p class='ocr_par' dir='ltr' id='par_1_19' title="bbox 147 753 941 789">
     <span class='ocr_line' id='line_1_19' title="bbox 147 753 941 789; baseline 0.001 -10"><span class='ocrx_word' id='word_1_137' title='bbox 147 753 262 788; x_wconf 84' lang='grc' dir='ltr'><strong>μνῆστιν</strong></span> <span class='ocrx_word' id='word_1_138' title='bbox 288 753 360 789; x_wconf 78' lang='grc' dir='ltr'>ὁρῶν</span> <span class='ocrx_word' id='word_1_139' title='bbox 383 753 601 787; x_wconf 82' lang='grc' dir='ltr'>ὲγκυμονοῠσαν,</span> <span class='ocrx_word' id='word_1_140' title='bbox 628 755 652 780; x_wconf 83' lang='grc' dir='ltr'>εἰ</span> <span class='ocrx_word' id='word_1_141' title='bbox 677 754 716 789; x_wconf 83' lang='grc' dir='ltr'>μὴ</span> <span class='ocrx_word' id='word_1_142' title='bbox 751 753 941 789; x_wconf 78' lang='grc' dir='ltr'>πληροφορίαν</span> 
     </span>
    </p>
   </div>
   <div class='ocr_carea' id='block_1_20' title="bbox 145 798 940 835">
    <p class='ocr_par' dir='ltr' id='par_1_20' title="bbox 145 798 940 835">
     <span class='ocr_line' id='line_1_20' title="bbox 145 798 940 835; baseline 0.003 -10"><span class='ocrx_word' id='word_1_143' title='bbox 145 798 247 831; x_wconf 74' lang='grc' dir='ltr'>δέξαιτο</span> <span class='ocrx_word' id='word_1_144' title='bbox 263 798 301 831; x_wconf 85' lang='grc' dir='ltr'>ὼς</span> <span class='ocrx_word' id='word_1_145' title='bbox 316 799 349 826; x_wconf 83' lang='grc' dir='ltr'><strong>ὲκ</strong></span> <span class='ocrx_word' id='word_1_146' title='bbox 365 799 524 834; x_wconf 79' lang='grc' dir='ltr'>Πνεύματός</span> <span class='ocrx_word' id='word_1_147' title='bbox 534 800 608 826; x_wconf 79' lang='grc' dir='ltr'>ἐστιν</span> <span class='ocrx_word' id='word_1_148' title='bbox 623 799 703 834; x_wconf 80' lang='grc' dir='ltr'>ἁγίου</span> <span class='ocrx_word' id='word_1_149' title='bbox 719 800 749 827; x_wconf 83' lang='grc' dir='ltr'>τὸ</span> <span class='ocrx_word' id='word_1_150' title='bbox 765 799 940 835; x_wconf 77' lang='grc' dir='ltr'><strong>τελούμενον,</strong></span> 
     </span>
    </p>
   </div>
   <div class='ocr_carea' id='block_1_21' title="bbox 145 845 941 883">
    <p class='ocr_par' dir='ltr' id='par_1_21' title="bbox 145 845 941 883">
     <span class='ocr_line' id='line_1_21' title="bbox 145 845 941 883; baseline 0.001 -11"><span class='ocrx_word' id='word_1_151' title='bbox 145 845 272 881; x_wconf 80' lang='grc' dir='ltr'><strong>ἀνέχεται</strong></span> <span class='ocrx_word' id='word_1_152' title='bbox 289 847 323 882; x_wconf 81' lang='grc' dir='ltr'>τῇ</span> <span class='ocrx_word' id='word_1_153' title='bbox 340 846 532 883; x_wconf 80' lang='grc' dir='ltr'>ὲγκυμονούσῃ</span> <span class='ocrx_word' id='word_1_154' title='bbox 556 847 708 874; x_wconf 84' lang='grc' dir='ltr'>συνοδεύειν</span> <span class='ocrx_word' id='word_1_155' title='bbox 725 848 774 875; x_wconf 76' lang='grc' dir='ltr'><strong>καὶ</strong></span> <span class='ocrx_word' id='word_1_156' title='bbox 794 855 941 883; x_wconf 87' lang='grc' dir='ltr'>συμπαρα-</span> 
     </span>
    </p>
   </div>
   <div class='ocr_carea' id='block_1_22' title="bbox 989 566 1788 601">
    <p class='ocr_par' dir='ltr' id='par_1_22' title="bbox 989 566 1788 601">
     <span class='ocr_line' id='line_1_22' title="bbox 989 566 1788 601; baseline 0.001 -8"><span class='ocrx_word' id='word_1_157' title='bbox 989 574 1024 594; x_wconf 78' lang='lat' dir='ltr'><strong>ex</strong></span> <span class='ocrx_word' id='word_1_158' title='bbox 1042 566 1099 600; x_wconf 87' lang='lat' dir='ltr'><strong>ipsa</strong></span> <span class='ocrx_word' id='word_1_159' title='bbox 1125 566 1231 593; x_wconf 73' lang='lat' dir='ltr'><strong>scilicet</strong></span> <span class='ocrx_word' id='word_1_160' title='bbox 1244 566 1367 601; x_wconf 79' lang='lat' dir='ltr'><strong>genitum</strong></span> <span class='ocrx_word' id='word_1_161' title='bbox 1383 585 1390 596; x_wconf 88' lang='lat'><em>.</em></span> <span class='ocrx_word' id='word_1_162' title='bbox 1415 573 1470 592; x_wconf 87' lang='lat' dir='ltr'><strong>non</strong></span> <span class='ocrx_word' id='word_1_163' title='bbox 1492 566 1549 600; x_wconf 89' lang='lat' dir='ltr'><strong>jam</strong></span> <span class='ocrx_word' id='word_1_164' title='bbox 1568 571 1649 593; x_wconf 86' lang='lat' dir='ltr'><strong>antea</strong></span> <span class='ocrx_word' id='word_1_165' title='bbox 1672 566 1788 599; x_wconf 83' lang='lat' dir='ltr'><strong>factum.</strong></span> 
     </span>
    </p>
   </div>
   <div class='ocr_carea' id='block_1_23' title="bbox 990 612 1790 648">
    <p class='ocr_par' dir='ltr' id='par_1_23' title="bbox 990 612 1790 648">
     <span class='ocr_line' id='line_1_23' title="bbox 990 612 1790 648; baseline 0.001 -8"><span class='ocrx_word' id='word_1_166' title='bbox 990 617 1018 640; x_wconf 87' lang='lat' dir='ltr'><strong>et</strong></span> <span class='ocrx_word' id='word_1_167' title='bbox 1037 620 1086 648; x_wconf 91' lang='lat' dir='ltr'><strong>per</strong></span> <span class='ocrx_word' id='word_1_168' title='bbox 1102 612 1319 648; x_wconf 79' lang='lat' dir='ltr'><strong>suppositionem</strong></span> <span class='ocrx_word' id='word_1_169' title='bbox 1335 612 1539 646; x_wconf 90' lang='lat' dir='ltr'><strong>subinductum,</strong></span> <span class='ocrx_word' id='word_1_170' title='bbox 1556 617 1587 640; x_wconf 89' lang='lat' dir='ltr'><strong>ut</strong></span> <span class='ocrx_word' id='word_1_171' title='bbox 1603 612 1681 641; x_wconf 87' lang='lat' dir='ltr'><strong>aiunt</strong></span> <span class='ocrx_word' id='word_1_172' title='bbox 1694 613 1790 642; x_wconf 86' lang='lat' dir='ltr'><strong>ineru-</strong></span> 
     </span>
    </p>
   </div>
   <div class='ocr_carea' id='block_1_24' title="bbox 990 658 1053 686">
    <p class='ocr_par' dir='ltr' id='par_1_24' title="bbox 990 658 1053 686">
     <span class='ocr_line' id='line_1_24' title="bbox 990 658 1053 686; baseline 0 0"><span class='ocrx_word' id='word_1_173' title='bbox 990 658 1053 686; x_wconf 90' lang='lat' dir='ltr'><strong>diti.</strong></span> 
     </span>
    </p>
   </div>
   <div class='ocr_carea' id='block_1_25' title="bbox 1027 703 1789 739">
    <p class='ocr_par' dir='ltr' id='par_1_25' title="bbox 1027 703 1789 739">
     <span class='ocr_line' id='line_1_25' title="bbox 1027 703 1789 739; baseline 0.003 -8"><span class='ocrx_word' id='word_1_174' title='bbox 1027 703 1072 731; x_wconf 76' lang='lat' dir='ltr'><strong>IX.</strong></span> <span class='ocrx_word' id='word_1_175' title='bbox 1087 703 1267 737; x_wconf 86' lang='lat' dir='ltr'><strong>Quandonam</strong></span> <span class='ocrx_word' id='word_1_176' title='bbox 1291 707 1385 731; x_wconf 82' lang='lat' dir='ltr'><strong>autent</strong></span> <span class='ocrx_word' id='word_1_177' title='bbox 1413 703 1456 730; x_wconf 86' lang='lat' dir='ltr'><strong>vir</strong></span> <span class='ocrx_word' id='word_1_178' title='bbox 1479 703 1572 738; x_wconf 86' lang='lat' dir='ltr'><strong>justus</strong></span> <span class='ocrx_word' id='word_1_179' title='bbox 1594 704 1789 739; x_wconf 80' lang='lat' dir='ltr'><strong>desponsatam</strong></span> 
     </span>
    </p>
   </div>
   <div class='ocr_carea' id='block_1_26' title="bbox 990 749 1789 786">
    <p class='ocr_par' dir='ltr' id='par_1_26' title="bbox 990 749 1789 786">
     <span class='ocr_line' id='line_1_26' title="bbox 990 749 1789 786; baseline 0 -8"><span class='ocrx_word' id='word_1_180' title='bbox 990 758 1066 778; x_wconf 89' lang='lat' dir='ltr'><strong>suam</strong></span> <span class='ocrx_word' id='word_1_181' title='bbox 1081 750 1220 786; x_wconf 82' lang='lat' dir='ltr'><strong>gravidam</strong></span> <span class='ocrx_word' id='word_1_182' title='bbox 1236 749 1342 782; x_wconf 87' lang='lat' dir='ltr'><strong>videns,</strong></span> <span class='ocrx_word' id='word_1_183' title='bbox 1359 749 1412 776; x_wconf 85' lang='lat' dir='ltr'><strong>nisi</strong></span> <span class='ocrx_word' id='word_1_184' title='bbox 1430 749 1623 777; x_wconf 82' lang='lat' dir='ltr'><strong>confirmatum</strong></span> <span class='ocrx_word' id='word_1_185' title='bbox 1635 750 1661 777; x_wconf 91' lang='lat' dir='ltr'><strong>ei</strong></span> <span class='ocrx_word' id='word_1_186' title='bbox 1680 750 1789 782; x_wconf 79' lang='lat' dir='ltr'><strong>fuisset,</strong></span> 
     </span>
    </p>
   </div>
   <div class='ocr_carea' id='block_1_27' title="bbox 990 794 1789 831">
    <p class='ocr_par' dir='ltr' id='par_1_27' title="bbox 990 794 1789 831">
     <span class='ocr_line' id='line_1_27' title="bbox 990 794 1789 831; baseline 0 -9"><span class='ocrx_word' id='word_1_187' title='bbox 990 804 1006 823; x_wconf 85' lang='lat' dir='ltr'><strong>a</strong></span> <span class='ocrx_word' id='word_1_188' title='bbox 1023 796 1127 831; x_wconf 88' lang='lat' dir='ltr'><strong>Spiritu</strong></span> <span class='ocrx_word' id='word_1_189' title='bbox 1153 799 1249 823; x_wconf 90' lang='lat' dir='ltr'><strong>sancto</strong></span> <span class='ocrx_word' id='word_1_190' title='bbox 1272 795 1299 822; x_wconf 91' lang='lat' dir='ltr'><strong>id</strong></span> <span class='ocrx_word' id='word_1_191' title='bbox 1331 794 1472 827; x_wconf 72' lang='lat' dir='ltr'><strong>effectum,</strong></span> <span class='ocrx_word' id='word_1_192' title='bbox 1498 802 1598 830; x_wconf 86' lang='lat' dir='ltr'><strong>passus</strong></span> <span class='ocrx_word' id='word_1_193' title='bbox 1625 800 1698 823; x_wconf 75' lang='lat' dir='ltr'><strong>esset</strong></span> <span class='ocrx_word' id='word_1_194' title='bbox 1726 804 1789 824; x_wconf 88' lang='lat' dir='ltr'><strong>cum</strong></span> 
     </span>
    </p>
   </div>
   <div class='ocr_carea' id='block_1_28' title="bbox 995 840 1790 874">
    <p class='ocr_par' dir='ltr' id='par_1_28' title="bbox 995 840 1790 874">
     <span class='ocr_line' id='line_1_28' title="bbox 995 840 1790 874; baseline 0 -5"><span class='ocrx_word' id='word_1_195' title='bbox 995 845 1103 869; x_wconf 87' lang='lat' dir='ltr'><strong>uterum</strong></span> <span class='ocrx_word' id='word_1_196' title='bbox 1132 840 1239 869; x_wconf 82' lang='lat' dir='ltr'><strong>ferente</strong></span> <span class='ocrx_word' id='word_1_197' title='bbox 1264 841 1317 868; x_wconf 83' lang='lat' dir='ltr'><strong>iter</strong></span> <span class='ocrx_word' id='word_1_198' title='bbox 1332 840 1423 868; x_wconf 85' lang='lat' dir='ltr'><strong>facere</strong></span> <span class='ocrx_word' id='word_1_199' title='bbox 1437 845 1467 868; x_wconf 85' lang='lat' dir='ltr'><strong>et</strong></span> <span class='ocrx_word' id='word_1_200' title='bbox 1492 841 1629 874; x_wconf 86' lang='lat' dir='ltr'><strong>comitari,</strong></span> <span class='ocrx_word' id='word_1_201' title='bbox 1654 846 1683 869; x_wconf 79' lang='lat' dir='ltr'><strong>et</strong></span> <span class='ocrx_word' id='word_1_202' title='bbox 1708 842 1790 869; x_wconf 83' lang='lat' dir='ltr'><strong>simul</strong></span> 
     </span>
    </p>
   </div>
   <div class='ocr_carea' id='block_1_29' title="bbox 148 887 934 928">
    <p class='ocr_par' dir='ltr' id='par_1_29' title="bbox 148 890 934 928">
     <span class='ocr_line' id='line_1_29' title="bbox 148 890 934 928; baseline 0.003 -12"><span class='ocrx_word' id='word_1_203' title='bbox 148 890 250 924; x_wconf 75' lang='grc' dir='ltr'>μένειν,</span> <span class='ocrx_word' id='word_1_204' title='bbox 269 891 317 917; x_wconf 80' lang='grc' dir='ltr'><strong>καὶ</strong></span> <span class='ocrx_word' id='word_1_205' title='bbox 331 891 605 926; x_wconf 72' lang='grc' dir='ltr'>συναπογράφεσθαι,</span> <span class='ocrx_word' id='word_1_206' title='bbox 625 891 699 927; x_wconf 89' lang='lat' dir='ltr'><strong>[cod.</strong></span> <span class='ocrx_word' id='word_1_207' title='bbox 716 891 735 919; x_wconf 84' lang='lat' dir='ltr'><strong>f.</strong></span> <span class='ocrx_word' id='word_1_208' title='bbox 755 893 808 920; x_wconf 74' lang='grc'><strong>157</strong></span> <span class='ocrx_word' id='word_1_209' title='bbox 833 892 874 928; x_wconf 64' lang='grc' dir='ltr'><strong>ιλ]</strong></span> <span class='ocrx_word' id='word_1_210' title='bbox 893 892 934 918; x_wconf 49' lang='grc' dir='ltr'><strong>κατ</strong></span> 
     </span>
    </p>
   </div>
   <div class='ocr_carea' id='block_1_30' title="bbox 989 887 1790 928">
    <p class='ocr_par' dir='ltr' id='par_1_30' title="bbox 995 887 1790 923">
     <span class='ocr_line' id='line_1_30' title="bbox 995 887 1790 923; baseline 0.001 -8"><span class='ocrx_word' id='word_1_211' title='bbox 995 888 1124 921; x_wconf 85' lang='lat' dir='ltr'><strong>describi,</strong></span> <span class='ocrx_word' id='word_1_212' title='bbox 1141 892 1224 923; x_wconf 87' lang='lat' dir='ltr'><strong>atque</strong></span> <span class='ocrx_word' id='word_1_213' title='bbox 1246 887 1390 915; x_wconf 81' lang='lat' dir='ltr'><strong>habitare?</strong></span> <span class='ocrx_word' id='word_1_214' title='bbox 1411 888 1550 922; x_wconf 89' lang='lat' dir='ltr'><strong>quomodo</strong></span> <span class='ocrx_word' id='word_1_215' title='bbox 1575 892 1670 915; x_wconf 88' lang='lat' dir='ltr'><strong>natum</strong></span> <span class='ocrx_word' id='word_1_216' title='bbox 1691 888 1790 916; x_wconf 88' lang='lat' dir='ltr'><strong>Filium</strong></span> 
     </span>
    </p>
   </div>
   <div class='ocr_carea' id='block_1_31' title="bbox 147 933 934 972">
    <p class='ocr_par' dir='ltr' id='par_1_31' title="bbox 147 935 934 972">
     <span class='ocr_line' id='line_1_31' title="bbox 147 935 934 972; baseline 0.004 -11"><span class='ocrx_word' id='word_1_217' title='bbox 147 935 295 968; x_wconf 84' lang='grc' dir='ltr'>συνοικεῖν;</span> <span class='ocrx_word' id='word_1_218' title='bbox 319 935 367 962; x_wconf 72' lang='grc' dir='ltr'>καὶ</span> <span class='ocrx_word' id='word_1_219' title='bbox 392 935 438 961; x_wconf 80' lang='grc' dir='ltr'>τὸν</span> <span class='ocrx_word' id='word_1_220' title='bbox 463 935 595 970; x_wconf 79' lang='grc' dir='ltr'>τεχθέντα</span> <span class='ocrx_word' id='word_1_221' title='bbox 627 936 710 963; x_wconf 83' lang='grc' dir='ltr'>παῖδα</span> <span class='ocrx_word' id='word_1_222' title='bbox 738 936 869 972; x_wconf 83' lang='grc' dir='ltr'>ἀφιεροῦν</span> <span class='ocrx_word' id='word_1_223' title='bbox 894 937 934 964; x_wconf 80' lang='grc' dir='ltr'><strong>κα¹</strong></span> 
     </span>
    </p>
   </div>
   <div class='ocr_carea' id='block_1_32' title="bbox 989 933 1788 972">
    <p class='ocr_par' dir='ltr' id='par_1_32' title="bbox 993 933 1788 970">
     <span class='ocr_line' id='line_1_32' title="bbox 993 933 1788 970; baseline 0 -8"><span class='ocrx_word' id='word_1_224' title='bbox 993 942 1156 962; x_wconf 85' lang='lat' dir='ltr'><strong>consecrare</strong></span> <span class='ocrx_word' id='word_1_225' title='bbox 1186 938 1214 962; x_wconf 91' lang='lat' dir='ltr'><strong>et</strong></span> <span class='ocrx_word' id='word_1_226' title='bbox 1240 933 1413 962; x_wconf 83' lang='lat' dir='ltr'><strong>sanctificare</strong></span> <span class='ocrx_word' id='word_1_227' title='bbox 1443 941 1477 961; x_wconf 80' lang='lat' dir='ltr'><strong>ex</strong></span> <span class='ocrx_word' id='word_1_228' title='bbox 1509 934 1578 969; x_wconf 92' lang='lat' dir='ltr'><strong>legis</strong></span> <span class='ocrx_word' id='word_1_229' title='bbox 1613 935 1788 970; x_wconf 66' lang='lat' dir='ltr'><strong>praescripto,</strong></span> 
     </span>
    </p>
   </div>
   <div class='ocr_carea' id='block_1_33' title="bbox 148 979 934 1018">
    <p class='ocr_par' dir='ltr' id='par_1_33' title="bbox 148 979 934 1018">
     <span class='ocr_line' id='line_1_33' title="bbox 148 979 934 1018; baseline 0.004 -12"><span class='ocrx_word' id='word_1_230' title='bbox 148 979 276 1014; x_wconf 76' lang='grc' dir='ltr'>ἀγιάζειν</span> <span class='ocrx_word' id='word_1_231' title='bbox 307 980 380 1007; x_wconf 79' lang='grc' dir='ltr'>κατὰ</span> <span class='ocrx_word' id='word_1_232' title='bbox 402 981 450 1007; x_wconf 88' lang='grc' dir='ltr'><strong>τὺν</strong></span> <span class='ocrx_word' id='word_1_233' title='bbox 478 981 572 1015; x_wconf 85' lang='grc' dir='ltr'>νόμον,</span> <span class='ocrx_word' id='word_1_234' title='bbox 597 982 643 1008; x_wconf 79' lang='grc' dir='ltr'><strong>τὸν</strong></span> <span class='ocrx_word' id='word_1_235' title='bbox 669 981 724 1009; x_wconf 81' lang='grc' dir='ltr'><strong>τῶν</strong></span> <span class='ocrx_word' id='word_1_236' title='bbox 753 982 839 1016; x_wconf 86' lang='grc' dir='ltr'>ἁγίων</span> <span class='ocrx_word' id='word_1_237' title='bbox 855 983 934 1018; x_wconf 83' lang='grc' dir='ltr'>ὑπερ-</span> 
     </span>
    </p>
   </div>
   <div class='ocr_carea' id='block_1_34' title="bbox 989 979 1790 1018">
    <p class='ocr_par' dir='ltr' id='par_1_34' title="bbox 992 979 1790 1009">
     <span class='ocr_line' id='line_1_34' title="bbox 992 979 1790 1009; baseline 0.001 -1"><span class='ocrx_word' id='word_1_238' title='bbox 992 980 1123 1008; x_wconf 84' lang='lat' dir='ltr'><strong>Sanctum</strong></span> <span class='ocrx_word' id='word_1_239' title='bbox 1139 984 1297 1008; x_wconf 84' lang='lat' dir='ltr'><strong>sanctorum</strong></span> <span class='ocrx_word' id='word_1_240' title='bbox 1323 985 1352 1008; x_wconf 88' lang='lat' dir='ltr'><strong>et</strong></span> <span class='ocrx_word' id='word_1_241' title='bbox 1375 979 1460 1008; x_wconf 88' lang='lat' dir='ltr'><strong>totius</strong></span> <span class='ocrx_word' id='word_1_242' title='bbox 1478 981 1586 1008; x_wconf 87' lang='lat' dir='ltr'><strong>ordinis</strong></span> <span class='ocrx_word' id='word_1_243' title='bbox 1610 982 1790 1009; x_wconf 84' lang='lat' dir='ltr'><strong>sacerdotalis</strong></span> 
     </span>
    </p>
   </div>
   <div class='ocr_carea' id='block_1_35' title="bbox 153 1025 934 1064">
    <p class='ocr_par' dir='ltr' id='par_1_35' title="bbox 153 1025 934 1064">
     <span class='ocr_line' id='line_1_35' title="bbox 153 1025 934 1064; baseline 0.005 -12"><span class='ocrx_word' id='word_1_244' title='bbox 153 1026 231 1060; x_wconf 85' lang='grc' dir='ltr'>ἁγιον</span> <span class='ocrx_word' id='word_1_245' title='bbox 251 1026 298 1052; x_wconf 71' lang='grc' dir='ltr'><strong>καὶ</strong></span> <span class='ocrx_word' id='word_1_246' title='bbox 317 1025 408 1062; x_wconf 83' lang='grc' dir='ltr'><strong>πάσης</strong></span> <span class='ocrx_word' id='word_1_247' title='bbox 433 1026 579 1062; x_wconf 62' lang='grc' dir='ltr'>ιεραρχίας</span> <span class='ocrx_word' id='word_1_248' title='bbox 594 1027 708 1063; x_wconf 80' lang='grc' dir='ltr'>δοτῆρα,</span> <span class='ocrx_word' id='word_1_249' title='bbox 725 1028 754 1054; x_wconf 86' lang='grc' dir='ltr'>ὲν</span> <span class='ocrx_word' id='word_1_250' title='bbox 773 1028 882 1064; x_wconf 81' lang='grc' dir='ltr'>οὐρανῷ</span> <span class='ocrx_word' id='word_1_251' title='bbox 897 1029 934 1056; x_wconf 74' lang='grc' dir='ltr'>κα</span> 
     </span>
    </p>
   </div>
   <div class='ocr_carea' id='block_1_36' title="bbox 989 1025 1790 1064">
    <p class='ocr_par' dir='ltr' id='par_1_36' title="bbox 993 1025 1790 1061">
     <span class='ocr_line' id='line_1_36' title="bbox 993 1025 1790 1061; baseline 0.003 -9"><span class='ocrx_word' id='word_1_252' title='bbox 993 1025 1020 1052; x_wconf 93' lang='lat' dir='ltr'><strong>in</strong></span> <span class='ocrx_word' id='word_1_253' title='bbox 1034 1026 1102 1053; x_wconf 78' lang='lat' dir='ltr'><strong>coelo</strong></span> <span class='ocrx_word' id='word_1_254' title='bbox 1118 1026 1182 1053; x_wconf 88' lang='lat' dir='ltr'><strong>etin</strong></span> <span class='ocrx_word' id='word_1_255' title='bbox 1196 1030 1268 1053; x_wconf 88' lang='lat' dir='ltr'><strong>terra</strong></span> <span class='ocrx_word' id='word_1_256' title='bbox 1285 1025 1449 1053; x_wconf 85' lang='lat' dir='ltr'><strong>auctorem?</strong></span> <span class='ocrx_word' id='word_1_257' title='bbox 1465 1030 1494 1053; x_wconf 92' lang='lat' dir='ltr'><strong>et</strong></span> <span class='ocrx_word' id='word_1_258' title='bbox 1504 1025 1633 1053; x_wconf 88' lang='lat' dir='ltr'><strong>eumdem</strong></span> <span class='ocrx_word' id='word_1_259' title='bbox 1645 1026 1709 1061; x_wconf 77' lang='lat' dir='ltr'><strong>fuga</strong></span> <span class='ocrx_word' id='word_1_260' title='bbox 1723 1027 1790 1054; x_wconf 82' lang='lat' dir='ltr'><strong>sub-</strong></span> 
     </span>
    </p>
   </div>
   <div class='ocr_carea' id='block_1_37' title="bbox 148 1071 934 1110">
    <p class='ocr_par' dir='ltr' id='par_1_37' title="bbox 148 1072 934 1110">
     <span class='ocr_line' id='line_1_37' title="bbox 148 1072 934 1110; baseline 0.005 -13"><span class='ocrx_word' id='word_1_261' title='bbox 148 1072 195 1098; x_wconf 77' lang='grc' dir='ltr'><strong>ἐπὶ</strong></span> <span class='ocrx_word' id='word_1_262' title='bbox 212 1072 264 1108; x_wconf 90' lang='grc' dir='ltr'><strong>γῆς</strong></span> <span class='ocrx_word' id='word_1_263' title='bbox 290 1073 466 1108; x_wconf 73' lang='grc' dir='ltr'>ὑπάρχοντας</span> <span class='ocrx_word' id='word_1_264' title='bbox 494 1073 542 1100; x_wconf 77' lang='grc' dir='ltr'>καὶ</span> <span class='ocrx_word' id='word_1_265' title='bbox 571 1073 736 1108; x_wconf 77' lang='grc' dir='ltr'>φυγαδεύειν</span> <span class='ocrx_word' id='word_1_266' title='bbox 758 1075 850 1107; x_wconf 78' lang='grc' dir='ltr'>αὐτὸν,</span> <span class='ocrx_word' id='word_1_267' title='bbox 871 1075 934 1110; x_wconf 81' lang='grc' dir='ltr'><strong>μᾶλ-</strong></span> 
     </span>
    </p>
   </div>
   <div class='ocr_carea' id='block_1_38' title="bbox 989 1071 1789 1110">
    <p class='ocr_par' dir='ltr' id='par_1_38' title="bbox 994 1071 1789 1108">
     <span class='ocr_line' id='line_1_38' title="bbox 994 1071 1789 1108; baseline 0 -7"><span class='ocrx_word' id='word_1_268' title='bbox 994 1074 1106 1106; x_wconf 87' lang='lat' dir='ltr'><strong>ducere,</strong></span> <span class='ocrx_word' id='word_1_269' title='bbox 1120 1074 1162 1100; x_wconf 85' lang='lat' dir='ltr'><strong>vel</strong></span> <span class='ocrx_word' id='word_1_270' title='bbox 1184 1073 1275 1108; x_wconf 86' lang='lat' dir='ltr'><strong>potius</strong></span> <span class='ocrx_word' id='word_1_271' title='bbox 1303 1072 1383 1100; x_wconf 89' lang='lat' dir='ltr'><strong>simul</strong></span> <span class='ocrx_word' id='word_1_272' title='bbox 1410 1072 1519 1108; x_wconf 81' lang='lat' dir='ltr'><strong>fugari?</strong></span> <span class='ocrx_word' id='word_1_273' title='bbox 1536 1071 1568 1100; x_wconf 85' lang='lat' dir='ltr'><strong>Et</strong></span> <span class='ocrx_word' id='word_1_274' title='bbox 1590 1073 1624 1100; x_wconf 86' lang='lat' dir='ltr'><strong>de</strong></span> <span class='ocrx_word' id='word_1_275' title='bbox 1644 1073 1707 1108; x_wconf 84' lang='lat' dir='ltr'><strong>fuga</strong></span> <span class='ocrx_word' id='word_1_276' title='bbox 1725 1081 1789 1101; x_wconf 90' lang='lat' dir='ltr'><strong>cum</strong></span> 
     </span>
    </p>
   </div>
   <div class='ocr_carea' id='block_1_39' title="bbox 146 1118 934 1156">
    <p class='ocr_par' dir='ltr' id='par_1_39' title="bbox 146 1118 934 1156">
     <span class='ocr_line' id='line_1_39' title="bbox 146 1118 934 1156; baseline 0.003 -11"><span class='ocrx_word' id='word_1_277' title='bbox 146 1118 192 1145; x_wconf 91' lang='grc' dir='ltr'>λον</span> <span class='ocrx_word' id='word_1_278' title='bbox 207 1118 236 1145; x_wconf 82' lang='grc' dir='ltr'>δὲ</span> <span class='ocrx_word' id='word_1_279' title='bbox 263 1119 540 1153; x_wconf 76' lang='grc' dir='ltr'>φυγαδεύεσθαιςκαὶ</span> <span class='ocrx_word' id='word_1_280' title='bbox 554 1119 587 1146; x_wconf 84' lang='grc' dir='ltr'>ἐκ</span> <span class='ocrx_word' id='word_1_281' title='bbox 610 1121 660 1155; x_wconf 84' lang='grc' dir='ltr'><strong>τῆς</strong></span> <span class='ocrx_word' id='word_1_282' title='bbox 684 1120 775 1154; x_wconf 76' lang='grc' dir='ltr'>φυγῆς</span> <span class='ocrx_word' id='word_1_283' title='bbox 795 1120 844 1147; x_wconf 76' lang='grc' dir='ltr'>σὺν</span> <span class='ocrx_word' id='word_1_284' title='bbox 867 1120 934 1156; x_wconf 61' lang='grc' dir='ltr'>αὐτᾷ</span> 
     </span>
    </p>
   </div>
   <div class='ocr_carea' id='block_1_40' title="bbox 989 1118 1788 1156">
    <p class='ocr_par' dir='ltr' id='par_1_40' title="bbox 994 1119 1788 1155">
     <span class='ocr_line' id='line_1_40' title="bbox 994 1119 1788 1155; baseline 0.001 -8"><span class='ocrx_word' id='word_1_285' title='bbox 994 1120 1091 1147; x_wconf 86' lang='lat' dir='ltr'><strong>eodem</strong></span> <span class='ocrx_word' id='word_1_286' title='bbox 1109 1127 1142 1147; x_wconf 88' lang='lat' dir='ltr'><strong>ac</strong></span> <span class='ocrx_word' id='word_1_287' title='bbox 1158 1125 1247 1147; x_wconf 82' lang='lat' dir='ltr'><strong>matre</strong></span> <span class='ocrx_word' id='word_1_288' title='bbox 1261 1119 1321 1154; x_wconf 86' lang='lat' dir='ltr'><strong>ejus</strong></span> <span class='ocrx_word' id='word_1_289' title='bbox 1338 1127 1372 1146; x_wconf 83' lang='lat' dir='ltr'><strong>ex</strong></span> <span class='ocrx_word' id='word_1_290' title='bbox 1393 1119 1511 1154; x_wconf 67' lang='lat' dir='ltr'><strong>Egypto</strong></span> <span class='ocrx_word' id='word_1_291' title='bbox 1531 1120 1643 1151; x_wconf 81' lang='lat' dir='ltr'><strong>reverti,</strong></span> <span class='ocrx_word' id='word_1_292' title='bbox 1657 1124 1740 1155; x_wconf 87' lang='lat' dir='ltr'><strong>atque</strong></span> <span class='ocrx_word' id='word_1_293' title='bbox 1754 1121 1788 1148; x_wconf 92' lang='lat' dir='ltr'><strong>ad</strong></span> 
     </span>
    </p>
   </div>
   <div class='ocr_carea' id='block_1_41' title="bbox 147 1165 934 1202">
    <p class='ocr_par' dir='ltr' id='par_1_41' title="bbox 147 1165 934 1202">
     <span class='ocr_line' id='line_1_41' title="bbox 147 1165 934 1202; baseline 0.004 -11"><span class='ocrx_word' id='word_1_294' title='bbox 147 1165 195 1191; x_wconf 79' lang='grc' dir='ltr'><strong>καὶ</strong></span> <span class='ocrx_word' id='word_1_295' title='bbox 209 1166 242 1200; x_wconf 84' lang='grc' dir='ltr'>τῇ</span> <span class='ocrx_word' id='word_1_296' title='bbox 255 1165 428 1200; x_wconf 74' lang='grc' dir='ltr'>μητρὶαύτοῦ</span> <span class='ocrx_word' id='word_1_297' title='bbox 442 1166 471 1198; x_wconf 74' lang='grc' dir='ltr'>ἐξ</span> <span class='ocrx_word' id='word_1_298' title='bbox 479 1165 618 1199; x_wconf 79' lang='grc' dir='ltr'>Αἰγύπτου</span> <span class='ocrx_word' id='word_1_299' title='bbox 632 1166 845 1202; x_wconf 77' lang='grc' dir='ltr'>ἐπανέρχεσθαι,</span> <span class='ocrx_word' id='word_1_300' title='bbox 860 1166 908 1194; x_wconf 75' lang='grc' dir='ltr'>καὶ</span> <span class='ocrx_word' id='word_1_301' title='bbox 915 1168 934 1193; x_wconf 63' lang='lat' dir='ltr'><strong>tt</strong></span> 
     </span>
    </p>
   </div>
   <div class='ocr_carea' id='block_1_42' title="bbox 989 1165 1791 1202">
    <p class='ocr_par' dir='ltr' id='par_1_42' title="bbox 993 1166 1791 1202">
     <span class='ocr_line' id='line_1_42' title="bbox 993 1166 1791 1202; baseline 0 -8"><span class='ocrx_word' id='word_1_302' title='bbox 993 1168 1052 1194; x_wconf 87' lang='lat' dir='ltr'><strong>dies</strong></span> <span class='ocrx_word' id='word_1_303' title='bbox 1065 1167 1150 1194; x_wconf 84' lang='lat' dir='ltr'><strong>festos</strong></span> <span class='ocrx_word' id='word_1_304' title='bbox 1163 1166 1377 1202; x_wconf 85' lang='lat' dir='ltr'><strong>Hierosolymam</strong></span> <span class='ocrx_word' id='word_1_305' title='bbox 1389 1167 1480 1200; x_wconf 88' lang='lat' dir='ltr'><strong>ipsum</strong></span> <span class='ocrx_word' id='word_1_306' title='bbox 1497 1173 1591 1193; x_wconf 87' lang='lat' dir='ltr'><strong>secum</strong></span> <span class='ocrx_word' id='word_1_307' title='bbox 1602 1166 1751 1198; x_wconf 87' lang='lat' dir='ltr'><strong>deducere.</strong></span> <span class='ocrx_word' id='word_1_308' title='bbox 1763 1173 1791 1194; x_wconf 82' lang='lat' dir='ltr'><strong>et</strong></span> 
     </span>
    </p>
   </div>
   <div class='ocr_carea' id='block_1_43' title="bbox 148 1211 934 1248">
    <p class='ocr_par' dir='ltr' id='par_1_43' title="bbox 148 1211 934 1248">
     <span class='ocr_line' id='line_1_43' title="bbox 148 1211 934 1248; baseline 0.004 -11"><span class='ocrx_word' id='word_1_309' title='bbox 148 1213 208 1243; x_wconf 79' lang='grc' dir='ltr'>ταῖς</span> <span class='ocrx_word' id='word_1_310' title='bbox 222 1211 329 1246; x_wconf 79' lang='grc' dir='ltr'>ἑορταῖς</span> <span class='ocrx_word' id='word_1_311' title='bbox 346 1211 435 1246; x_wconf 79' lang='grc' dir='ltr'>ἑαυτῷ</span> <span class='ocrx_word' id='word_1_312' title='bbox 451 1213 618 1246; x_wconf 81' lang='grc' dir='ltr'>συναγαγεῖν</span> <span class='ocrx_word' id='word_1_313' title='bbox 633 1213 673 1244; x_wconf 87' lang='grc' dir='ltr'>εἰς</span> <span class='ocrx_word' id='word_1_314' title='bbox 698 1213 886 1248; x_wconf 82' lang='grc' dir='ltr'>Ἰερουσαλὴμ,</span> <span class='ocrx_word' id='word_1_315' title='bbox 898 1214 934 1240; x_wconf 81' lang='grc' dir='ltr'><strong>κα</strong></span> 
     </span>
    </p>
   </div>
   <div class='ocr_carea' id='block_1_44' title="bbox 989 1211 1788 1248">
    <p class='ocr_par' dir='ltr' id='par_1_44' title="bbox 993 1212 1788 1244">
     <span class='ocr_line' id='line_1_44' title="bbox 993 1212 1788 1244; baseline 0 -4"><span class='ocrx_word' id='word_1_316' title='bbox 993 1212 1048 1240; x_wconf 91' lang='lat' dir='ltr'><strong>illic</strong></span> <span class='ocrx_word' id='word_1_317' title='bbox 1063 1220 1096 1239; x_wconf 89' lang='lat' dir='ltr'><strong>eo</strong></span> <span class='ocrx_word' id='word_1_318' title='bbox 1107 1217 1267 1240; x_wconf 82' lang='lat' dir='ltr'><strong>remanente</strong></span> <span class='ocrx_word' id='word_1_319' title='bbox 1281 1212 1386 1244; x_wconf 88' lang='lat' dir='ltr'><strong>dolere,</strong></span> <span class='ocrx_word' id='word_1_320' title='bbox 1401 1212 1473 1239; x_wconf 87' lang='lat' dir='ltr'><strong>haud</strong></span> <span class='ocrx_word' id='word_1_321' title='bbox 1490 1219 1558 1239; x_wconf 87' lang='lat' dir='ltr'><strong>sane</strong></span> <span class='ocrx_word' id='word_1_322' title='bbox 1581 1212 1615 1240; x_wconf 89' lang='lat' dir='ltr'><strong>de</strong></span> <span class='ocrx_word' id='word_1_323' title='bbox 1629 1213 1788 1240; x_wconf 86' lang='lat' dir='ltr'><strong>errabundo</strong></span> 
     </span>
    </p>
   </div>
   <div class='ocr_carea' id='block_1_45' title="bbox 147 1256 934 1295">
    <p class='ocr_par' dir='ltr' id='par_1_45' title="bbox 147 1256 933 1295">
     <span class='ocr_line' id='line_1_45' title="bbox 147 1256 933 1295; baseline 0.003 -11"><span class='ocrx_word' id='word_1_324' title='bbox 147 1258 313 1292; x_wconf 81' lang='grc' dir='ltr'>ἀπομένοντι</span> <span class='ocrx_word' id='word_1_325' title='bbox 325 1257 482 1290; x_wconf 80' lang='grc' dir='ltr'>ὀδυνᾶσθαι,</span> <span class='ocrx_word' id='word_1_326' title='bbox 499 1259 548 1293; x_wconf 65' lang='grc' dir='ltr'><strong>οὐχ</strong></span> <span class='ocrx_word' id='word_1_327' title='bbox 561 1259 598 1290; x_wconf 83' lang='grc' dir='ltr'>ὡς</span> <span class='ocrx_word' id='word_1_328' title='bbox 612 1258 778 1295; x_wconf 80' lang='grc' dir='ltr'>πλανηθέντι</span> <span class='ocrx_word' id='word_1_329' title='bbox 792 1256 837 1286; x_wconf 77' lang='grc' dir='ltr'><strong>οἷα</strong></span> <span class='ocrx_word' id='word_1_330' title='bbox 857 1260 933 1286; x_wconf 71' lang='grc' dir='ltr'>παιδὶ</span> 
     </span>
    </p>
   </div>
   <div class='ocr_carea' id='block_1_46' title="bbox 989 1256 1791 1295">
    <p class='ocr_par' dir='ltr' id='par_1_46' title="bbox 995 1258 1791 1295">
     <span class='ocr_line' id='line_1_46' title="bbox 995 1258 1791 1295; baseline 0.001 -9"><span class='ocrx_word' id='word_1_331' title='bbox 995 1263 1025 1286; x_wconf 86' lang='grc' dir='ltr'><strong>ιιι</strong></span> <span class='ocrx_word' id='word_1_332' title='bbox 1039 1266 1135 1294; x_wconf 88' lang='lat' dir='ltr'><strong>puero,</strong></span> <span class='ocrx_word' id='word_1_333' title='bbox 1148 1258 1231 1291; x_wconf 89' lang='lat' dir='ltr'><strong>absit,</strong></span> <span class='ocrx_word' id='word_1_334' title='bbox 1246 1258 1293 1286; x_wconf 88' lang='lat' dir='ltr'><strong>sed</strong></span> <span class='ocrx_word' id='word_1_335' title='bbox 1313 1258 1376 1293; x_wconf 87' lang='lat' dir='ltr'><strong>quia</strong></span> <span class='ocrx_word' id='word_1_336' title='bbox 1391 1262 1466 1285; x_wconf 86' lang='lat' dir='ltr'><strong>tanto</strong></span> <span class='ocrx_word' id='word_1_337' title='bbox 1482 1258 1581 1293; x_wconf 80' lang='lat' dir='ltr'><strong>gaudio</strong></span> <span class='ocrx_word' id='word_1_338' title='bbox 1596 1263 1625 1286; x_wconf 86' lang='lat' dir='ltr'><strong>et</strong></span> <span class='ocrx_word' id='word_1_339' title='bbox 1649 1259 1735 1295; x_wconf 87' lang='lat' dir='ltr'><strong>gloria</strong></span> <span class='ocrx_word' id='word_1_340' title='bbox 1747 1260 1791 1287; x_wconf 89' lang='lat' dir='ltr'><strong>vel</strong></span> 
     </span>
    </p>
   </div>
   <div class='ocr_carea' id='block_1_47' title="bbox 150 1303 934 1341">
    <p class='ocr_par' dir='ltr' id='par_1_47' title="bbox 150 1303 934 1341">
     <span class='ocr_line' id='line_1_47' title="bbox 150 1303 934 1341; baseline 0.005 -12"><span class='ocrx_word' id='word_1_341' title='bbox 150 1305 188 1339; x_wconf 84' lang='grc' dir='ltr'>μὴ</span> <span class='ocrx_word' id='word_1_342' title='bbox 206 1304 322 1338; x_wconf 84' lang='grc' dir='ltr'>γένοιτο,</span> <span class='ocrx_word' id='word_1_343' title='bbox 339 1303 396 1330; x_wconf 83' lang='grc' dir='ltr'>ἀλλ’</span> <span class='ocrx_word' id='word_1_344' title='bbox 411 1305 452 1331; x_wconf 83' lang='grc' dir='ltr'>ὃτι</span> <span class='ocrx_word' id='word_1_345' title='bbox 476 1305 605 1341; x_wconf 79' lang='grc' dir='ltr'>τοιαύτης</span> <span class='ocrx_word' id='word_1_346' title='bbox 630 1306 717 1341; x_wconf 80' lang='grc' dir='ltr'>χαρᾶς</span> <span class='ocrx_word' id='word_1_347' title='bbox 743 1315 772 1332; x_wconf 88' lang='grc' dir='ltr'><strong>τε</strong></span> <span class='ocrx_word' id='word_1_348' title='bbox 800 1306 847 1334; x_wconf 73' lang='grc' dir='ltr'><strong>καὶ</strong></span> <span class='ocrx_word' id='word_1_349' title='bbox 867 1306 934 1341; x_wconf 60' lang='grc' dir='ltr'>δόξηη</span> 
     </span>
    </p>
   </div>
   <div class='ocr_carea' id='block_1_48' title="bbox 989 1303 1791 1341">
    <p class='ocr_par' dir='ltr' id='par_1_48' title="bbox 995 1304 1791 1340">
     <span class='ocr_line' id='line_1_48' title="bbox 995 1304 1791 1340; baseline 0.003 -9"><span class='ocrx_word' id='word_1_350' title='bbox 995 1305 1071 1332; x_wconf 84' lang='lat' dir='ltr'><strong>brevi</strong></span> <span class='ocrx_word' id='word_1_351' title='bbox 1088 1310 1210 1340; x_wconf 82' lang='lat' dir='ltr'><strong>tempore</strong></span> <span class='ocrx_word' id='word_1_352' title='bbox 1220 1305 1332 1332; x_wconf 75' lang='lat' dir='ltr'><strong>orbatus</strong></span> <span class='ocrx_word' id='word_1_353' title='bbox 1349 1304 1472 1332; x_wconf 77' lang='lat' dir='ltr'><strong>fuisset?</strong></span> <span class='ocrx_word' id='word_1_354' title='bbox 1493 1304 1555 1332; x_wconf 82' lang='lat' dir='ltr'><strong>Jam</strong></span> <span class='ocrx_word' id='word_1_355' title='bbox 1571 1305 1618 1340; x_wconf 91' lang='lat' dir='ltr'><strong>qui</strong></span> <span class='ocrx_word' id='word_1_356' title='bbox 1637 1311 1691 1333; x_wconf 87' lang='lat' dir='ltr'><strong>tam</strong></span> <span class='ocrx_word' id='word_1_357' title='bbox 1710 1314 1791 1334; x_wconf 88' lang='lat' dir='ltr'><strong>reve-</strong></span> 
     </span>
    </p>
   </div>
   <div class='ocr_carea' id='block_1_49' title="bbox 148 1350 934 1389">
    <p class='ocr_par' dir='ltr' id='par_1_49' title="bbox 148 1350 934 1389">
     <span class='ocr_line' id='line_1_49' title="bbox 148 1350 934 1389; baseline 0.004 -12"><span class='ocrx_word' id='word_1_358' title='bbox 148 1351 201 1377; x_wconf 70' lang='grc' dir='ltr'>κᾶν</span> <span class='ocrx_word' id='word_1_359' title='bbox 219 1350 288 1386; x_wconf 79' lang='grc' dir='ltr'>πρὸς</span> <span class='ocrx_word' id='word_1_360' title='bbox 315 1350 402 1386; x_wconf 85' lang='grc' dir='ltr'>βραχὺ</span> <span class='ocrx_word' id='word_1_361' title='bbox 425 1351 564 1386; x_wconf 79' lang='grc' dir='ltr'><strong>ἐχωρίσθη</strong></span> <span class='ocrx_word' id='word_1_362' title='bbox 581 1361 588 1385; x_wconf 89' lang='grc'><strong>;</strong></span> <span class='ocrx_word' id='word_1_363' title='bbox 607 1353 654 1378; x_wconf 85' lang='grc' dir='ltr'><strong>καὶ</strong></span> <span class='ocrx_word' id='word_1_364' title='bbox 680 1353 694 1379; x_wconf 87' lang='grc' dir='ltr'>ὁ</span> <span class='ocrx_word' id='word_1_365' title='bbox 708 1352 823 1380; x_wconf 85' lang='grc' dir='ltr'>τοιαῦτα</span> <span class='ocrx_word' id='word_1_366' title='bbox 843 1354 934 1389; x_wconf 69' lang='grc' dir='ltr'>φρικτί</span> 
     </span>
    </p>
   </div>
   <div class='ocr_carea' id='block_1_50' title="bbox 989 1350 1792 1389">
    <p class='ocr_par' dir='ltr' id='par_1_50' title="bbox 995 1350 1792 1388">
     <span class='ocr_line' id='line_1_50' title="bbox 995 1350 1792 1388; baseline 0.001 -10"><span class='ocrx_word' id='word_1_367' title='bbox 995 1351 1080 1378; x_wconf 88' lang='lat' dir='ltr'><strong>renda</strong></span> <span class='ocrx_word' id='word_1_368' title='bbox 1100 1358 1133 1378; x_wconf 87' lang='lat' dir='ltr'><strong>ac</strong></span> <span class='ocrx_word' id='word_1_369' title='bbox 1148 1350 1216 1377; x_wconf 89' lang='lat' dir='ltr'><strong>mira</strong></span> <span class='ocrx_word' id='word_1_370' title='bbox 1239 1350 1363 1384; x_wconf 86' lang='lat' dir='ltr'><strong>vidisset,</strong></span> <span class='ocrx_word' id='word_1_371' title='bbox 1382 1351 1521 1386; x_wconf 89' lang='lat' dir='ltr'><strong>quomodo</strong></span> <span class='ocrx_word' id='word_1_372' title='bbox 1540 1351 1574 1379; x_wconf 90' lang='lat' dir='ltr'><strong>de</strong></span> <span class='ocrx_word' id='word_1_373' title='bbox 1596 1352 1693 1386; x_wconf 88' lang='lat' dir='ltr'><strong>copula</strong></span> <span class='ocrx_word' id='word_1_374' title='bbox 1717 1352 1792 1388; x_wconf 79' lang='lat' dir='ltr'><strong>cogi-</strong></span> 
     </span>
    </p>
   </div>
   <div class='ocr_carea' id='block_1_51' title="bbox 148 1396 934 1434">
    <p class='ocr_par' dir='ltr' id='par_1_51' title="bbox 148 1397 932 1434">
     <span class='ocr_line' id='line_1_51' title="bbox 148 1397 932 1434; baseline 0.005 -12"><span class='ocrx_word' id='word_1_375' title='bbox 148 1397 196 1423; x_wconf 78' lang='grc' dir='ltr'><strong>καὶ</strong></span> <span class='ocrx_word' id='word_1_376' title='bbox 219 1397 366 1432; x_wconf 82' lang='grc' dir='ltr'>θαυμαστὰ</span> <span class='ocrx_word' id='word_1_377' title='bbox 379 1397 451 1430; x_wconf 84' lang='grc' dir='ltr'>ἰδὼν,</span> <span class='ocrx_word' id='word_1_378' title='bbox 467 1398 533 1424; x_wconf 85' lang='grc' dir='ltr'>πότε</span> <span class='ocrx_word' id='word_1_379' title='bbox 553 1398 607 1425; x_wconf 83' lang='grc' dir='ltr'>κᾶν</span> <span class='ocrx_word' id='word_1_380' title='bbox 629 1399 755 1434; x_wconf 79' lang='grc' dir='ltr'>ἐννοῆσαι</span> <span class='ocrx_word' id='word_1_381' title='bbox 786 1401 932 1427; x_wconf 84' lang='grc' dir='ltr'>συνουσίαν</span> 
     </span>
    </p>
   </div>
   <div class='ocr_carea' id='block_1_52' title="bbox 989 1396 1791 1434">
    <p class='ocr_par' dir='ltr' id='par_1_52' title="bbox 996 1396 1791 1431">
     <span class='ocr_line' id='line_1_52' title="bbox 996 1396 1791 1431; baseline 0.004 -8"><span class='ocrx_word' id='word_1_382' title='bbox 996 1400 1090 1428; x_wconf 84' lang='lat' dir='ltr'><strong>lasset,</strong></span> <span class='ocrx_word' id='word_1_383' title='bbox 1106 1397 1148 1424; x_wconf 88' lang='lat' dir='ltr'><strong>vel</strong></span> <span class='ocrx_word' id='word_1_384' title='bbox 1160 1396 1308 1431; x_wconf 89' lang='lat' dir='ltr'><strong>quidquam</strong></span> <span class='ocrx_word' id='word_1_385' title='bbox 1326 1397 1431 1430; x_wconf 80' lang='lat' dir='ltr'><strong>agitare</strong></span> <span class='ocrx_word' id='word_1_386' title='bbox 1457 1397 1551 1424; x_wconf 87' lang='lat' dir='ltr'><strong>animo</strong></span> <span class='ocrx_word' id='word_1_387' title='bbox 1570 1398 1701 1426; x_wconf 86' lang='lat' dir='ltr'><strong>adversus</strong></span> <span class='ocrx_word' id='word_1_388' title='bbox 1716 1406 1791 1426; x_wconf 81' lang='lat' dir='ltr'><strong>sem-</strong></span> 
     </span>
    </p>
   </div>
   <div class='ocr_carea' id='block_1_53' title="bbox 147 1442 934 1482">
    <p class='ocr_par' dir='ltr' id='par_1_53' title="bbox 147 1442 934 1482">
     <span class='ocr_line' id='line_1_53' title="bbox 147 1442 934 1482; baseline 0.005 -13"><span class='ocrx_word' id='word_1_389' title='bbox 147 1443 165 1477; x_wconf 87' lang='grc' dir='ltr'>ἦ</span> <span class='ocrx_word' id='word_1_390' title='bbox 182 1442 371 1479; x_wconf 77' lang='grc' dir='ltr'>ἐνθυμηθῆναι</span> <span class='ocrx_word' id='word_1_391' title='bbox 389 1445 461 1471; x_wconf 81' lang='grc' dir='ltr'>κατὰ</span> <span class='ocrx_word' id='word_1_392' title='bbox 473 1446 523 1480; x_wconf 83' lang='grc' dir='ltr'><strong>τῆς</strong></span> <span class='ocrx_word' id='word_1_393' title='bbox 539 1445 722 1480; x_wconf 82' lang='grc' dir='ltr'>ἁειπαρθένου</span> <span class='ocrx_word' id='word_1_394' title='bbox 746 1446 909 1482; x_wconf 78' lang='grc' dir='ltr'>ἐτόλμησεν,</span> <span class='ocrx_word' id='word_1_395' title='bbox 928 1450 934 1473; x_wconf 68' lang='lat' dir='ltr'><strong>t</strong></span> 
     </span>
    </p>
   </div>
   <div class='ocr_carea' id='block_1_54' title="bbox 989 1442 1793 1482">
    <p class='ocr_par' dir='ltr' id='par_1_54' title="bbox 995 1442 1793 1478">
     <span class='ocr_line' id='line_1_54' title="bbox 995 1442 1793 1478; baseline 0.004 -8"><span class='ocrx_word' id='word_1_396' title='bbox 995 1451 1044 1478; x_wconf 85' lang='lat' dir='ltr'><strong>per</strong></span> <span class='ocrx_word' id='word_1_397' title='bbox 1059 1442 1199 1478; x_wconf 74' lang='lat' dir='ltr'><strong>Virginem</strong></span> <span class='ocrx_word' id='word_1_398' title='bbox 1225 1451 1310 1471; x_wconf 90' lang='lat' dir='ltr'><strong>ausus</strong></span> <span class='ocrx_word' id='word_1_399' title='bbox 1323 1443 1430 1475; x_wconf 79' lang='lat' dir='ltr'><strong>fuisset,</strong></span> <span class='ocrx_word' id='word_1_400' title='bbox 1447 1451 1510 1470; x_wconf 88' lang='lat' dir='ltr'><strong>cum</strong></span> <span class='ocrx_word' id='word_1_401' title='bbox 1525 1444 1584 1478; x_wconf 87' lang='lat' dir='ltr'><strong>ipse</strong></span> <span class='ocrx_word' id='word_1_402' title='bbox 1608 1444 1681 1472; x_wconf 90' lang='lat' dir='ltr'><strong>inter</strong></span> <span class='ocrx_word' id='word_1_403' title='bbox 1696 1453 1793 1473; x_wconf 85' lang='lat' dir='ltr'><strong>servos</strong></span> 
     </span>
    </p>
   </div>
   <div class='ocr_carea' id='block_1_55' title="bbox 148 1489 934 1528">
    <p class='ocr_par' dir='ltr' id='par_1_55' title="bbox 148 1489 934 1528">
     <span class='ocr_line' id='line_1_55' title="bbox 148 1489 934 1528; baseline 0.006 -14"><span class='ocrx_word' id='word_1_404' title='bbox 148 1489 177 1514; x_wconf 77' lang='grc' dir='ltr'>ἐν</span> <span class='ocrx_word' id='word_1_405' title='bbox 199 1490 257 1520; x_wconf 82' lang='grc' dir='ltr'>τοῖς</span> <span class='ocrx_word' id='word_1_406' title='bbox 279 1489 326 1516; x_wconf 79' lang='grc' dir='ltr'><strong>τοῦ</strong></span> <span class='ocrx_word' id='word_1_407' title='bbox 349 1490 418 1517; x_wconf 77' lang='grc' dir='ltr'>Θεοῦ</span> <span class='ocrx_word' id='word_1_408' title='bbox 447 1490 553 1522; x_wconf 86' lang='grc' dir='ltr'>δούλοις</span> <span class='ocrx_word' id='word_1_409' title='bbox 575 1492 785 1524; x_wconf 69' lang='grc' dir='ltr'>εὐπειθὲπατος</span> <span class='ocrx_word' id='word_1_410' title='bbox 809 1493 934 1528; x_wconf 66' lang='grc' dir='ltr'>ὑπάρχωι</span> 
     </span>
    </p>
   </div>
   <div class='ocr_carea' id='block_1_56' title="bbox 989 1489 1791 1528">
    <p class='ocr_par' dir='ltr' id='par_1_56' title="bbox 995 1489 1791 1526">
     <span class='ocr_line' id='line_1_56' title="bbox 995 1489 1791 1526; baseline 0.004 -10"><span class='ocrx_word' id='word_1_411' title='bbox 995 1489 1041 1517; x_wconf 88' lang='lat' dir='ltr'><strong>Dei</strong></span> <span class='ocrx_word' id='word_1_412' title='bbox 1058 1490 1302 1518; x_wconf 87' lang='lat' dir='ltr'><strong>obedientissimus</strong></span> <span class='ocrx_word' id='word_1_413' title='bbox 1317 1496 1391 1517; x_wconf 89' lang='lat' dir='ltr'><strong>esset</strong></span> <span class='ocrx_word' id='word_1_414' title='bbox 1406 1498 1437 1518; x_wconf 88' lang='lat' dir='ltr'><strong>ac</strong></span> <span class='ocrx_word' id='word_1_415' title='bbox 1447 1490 1561 1525; x_wconf 82' lang='lat' dir='ltr'><strong>justus?</strong></span> <span class='ocrx_word' id='word_1_416' title='bbox 1581 1490 1629 1518; x_wconf 83' lang='lat' dir='ltr'><strong>Vc]</strong></span> <span class='ocrx_word' id='word_1_417' title='bbox 1653 1493 1791 1526; x_wconf 90' lang='lat' dir='ltr'><strong>quomodo</strong></span> 
     </span>
    </p>
   </div>
   <div class='ocr_carea' id='block_1_57' title="bbox 147 1535 934 1574">
    <p class='ocr_par' dir='ltr' id='par_1_57' title="bbox 147 1535 934 1574">
     <span class='ocr_line' id='line_1_57' title="bbox 147 1535 934 1574; baseline 0.004 -12"><span class='ocrx_word' id='word_1_418' title='bbox 147 1535 194 1562; x_wconf 72' lang='grc' dir='ltr'><strong>καὶ</strong></span> <span class='ocrx_word' id='word_1_419' title='bbox 213 1535 337 1568; x_wconf 81' lang='grc' dir='ltr'>δίκαιος;</span> <span class='ocrx_word' id='word_1_420' title='bbox 357 1536 374 1572; x_wconf 80' lang='grc' dir='ltr'><strong>ἢ</strong></span> <span class='ocrx_word' id='word_1_421' title='bbox 395 1537 461 1563; x_wconf 80' lang='grc' dir='ltr'>πότε</span> <span class='ocrx_word' id='word_1_422' title='bbox 478 1538 492 1563; x_wconf 84' lang='grc' dir='ltr'><strong>ό</strong></span> <span class='ocrx_word' id='word_1_423' title='bbox 519 1537 586 1569; x_wconf 76' lang='grc' dir='ltr'>Θεὸς</span> <span class='ocrx_word' id='word_1_424' title='bbox 599 1538 686 1572; x_wconf 77' lang='grc' dir='ltr'>Λόγος</span> <span class='ocrx_word' id='word_1_425' title='bbox 711 1538 842 1574; x_wconf 80' lang='grc' dir='ltr'>ἠνέσχετο</span> <span class='ocrx_word' id='word_1_426' title='bbox 864 1539 934 1574; x_wconf 69' lang='grc' dir='ltr'><strong>ῑναὴ</strong></span> 
     </span>
    </p>
   </div>
   <div class='ocr_carea' id='block_1_58' title="bbox 989 1535 1791 1574">
    <p class='ocr_par' dir='ltr' id='par_1_58' title="bbox 997 1535 1791 1570">
     <span class='ocr_line' id='line_1_58' title="bbox 997 1535 1791 1570; baseline 0.001 -7"><span class='ocrx_word' id='word_1_427' title='bbox 997 1537 1070 1564; x_wconf 88' lang='lat' dir='ltr'><strong>Deus</strong></span> <span class='ocrx_word' id='word_1_428' title='bbox 1093 1535 1213 1564; x_wconf 80' lang='lat' dir='ltr'><strong>Verbum</strong></span> <span class='ocrx_word' id='word_1_429' title='bbox 1240 1543 1317 1564; x_wconf 84' lang='lat' dir='ltr'><strong>suam</strong></span> <span class='ocrx_word' id='word_1_430' title='bbox 1345 1536 1494 1563; x_wconf 85' lang='lat' dir='ltr'><strong>secundum</strong></span> <span class='ocrx_word' id='word_1_431' title='bbox 1524 1544 1635 1563; x_wconf 83' lang='lat' dir='ltr'><strong>carnem</strong></span> <span class='ocrx_word' id='word_1_432' title='bbox 1663 1542 1791 1570; x_wconf 89' lang='lat' dir='ltr'><strong>matrem,</strong></span> 
     </span>
    </p>
   </div>
   <div class='ocr_carea' id='block_1_59' title="bbox 146 1580 934 1620">
    <p class='ocr_par' dir='ltr' id='par_1_59' title="bbox 146 1581 934 1620">
     <span class='ocr_line' id='line_1_59' title="bbox 146 1581 934 1620; baseline 0.005 -13"><span class='ocrx_word' id='word_1_433' title='bbox 146 1581 219 1608; x_wconf 77' lang='grc' dir='ltr'>κατὰ</span> <span class='ocrx_word' id='word_1_434' title='bbox 234 1582 323 1617; x_wconf 81' lang='grc' dir='ltr'>σάρκα</span> <span class='ocrx_word' id='word_1_435' title='bbox 337 1583 430 1618; x_wconf 84' lang='grc' dir='ltr'>μήτηρ</span> <span class='ocrx_word' id='word_1_436' title='bbox 452 1583 547 1614; x_wconf 77' lang='grc' dir='ltr'>αὑτοῦ,</span> <span class='ocrx_word' id='word_1_437' title='bbox 560 1584 607 1610; x_wconf 84' lang='grc' dir='ltr'>καὶ</span> <span class='ocrx_word' id='word_1_438' title='bbox 621 1584 710 1611; x_wconf 79' lang='grc' dir='ltr'>ἄλλοιν</span> <span class='ocrx_word' id='word_1_439' title='bbox 735 1584 844 1620; x_wconf 81' lang='grc' dir='ltr'>τιθηνὺς</span> <span class='ocrx_word' id='word_1_440' title='bbox 861 1585 934 1620; x_wconf 73' lang='grc' dir='ltr'>γενή-</span> 
     </span>
    </p>
   </div>
   <div class='ocr_carea' id='block_1_60' title="bbox 989 1580 1791 1620">
    <p class='ocr_par' dir='ltr' id='par_1_60' title="bbox 995 1582 1791 1618">
     <span class='ocr_line' id='line_1_60' title="bbox 995 1582 1791 1618; baseline 0 -8"><span class='ocrx_word' id='word_1_441' title='bbox 995 1583 1108 1611; x_wconf 87' lang='lat' dir='ltr'><strong>aliorum</strong></span> <span class='ocrx_word' id='word_1_442' title='bbox 1133 1591 1243 1618; x_wconf 90' lang='lat' dir='ltr'><strong>quoque</strong></span> <span class='ocrx_word' id='word_1_443' title='bbox 1266 1583 1416 1610; x_wconf 89' lang='lat' dir='ltr'><strong>liberorum</strong></span> <span class='ocrx_word' id='word_1_444' title='bbox 1445 1582 1503 1610; x_wconf 78' lang='lat' dir='ltr'><strong>fieri</strong></span> <span class='ocrx_word' id='word_1_445' title='bbox 1535 1583 1671 1610; x_wconf 88' lang='lat' dir='ltr'><strong>nutricem</strong></span> <span class='ocrx_word' id='word_1_446' title='bbox 1689 1584 1791 1611; x_wconf 86' lang='lat' dir='ltr'><strong>tolera-</strong></span> 
     </span>
    </p>
   </div>
   <div class='ocr_carea' id='block_1_61' title="bbox 147 1628 934 1667">
    <p class='ocr_par' dir='ltr' id='par_1_61' title="bbox 147 1628 934 1667">
     <span class='ocr_line' id='line_1_61' title="bbox 147 1628 934 1667; baseline 0.006 -13"><span class='ocrx_word' id='word_1_447' title='bbox 147 1636 225 1655; x_wconf 84' lang='grc' dir='ltr'>σεται</span> <span class='ocrx_word' id='word_1_448' title='bbox 242 1636 250 1660; x_wconf 84' lang='lat'><strong>;</strong></span> <span class='ocrx_word' id='word_1_449' title='bbox 267 1628 283 1664; x_wconf 83' lang='grc' dir='ltr'>ἢ</span> <span class='ocrx_word' id='word_1_450' title='bbox 300 1629 366 1656; x_wconf 81' lang='grc' dir='ltr'>πότε</span> <span class='ocrx_word' id='word_1_451' title='bbox 383 1630 399 1664; x_wconf 87' lang='grc' dir='ltr'><strong>ή</strong></span> <span class='ocrx_word' id='word_1_452' title='bbox 428 1630 549 1664; x_wconf 85' lang='grc' dir='ltr'>παναγία</span> <span class='ocrx_word' id='word_1_453' title='bbox 572 1631 722 1666; x_wconf 78' lang='grc' dir='ltr'>Παρθένος,</span> <span class='ocrx_word' id='word_1_454' title='bbox 744 1632 760 1667; x_wconf 83' lang='grc' dir='ltr'>ἡ</span> <span class='ocrx_word' id='word_1_455' title='bbox 779 1631 868 1667; x_wconf 79' lang='grc' dir='ltr'>ψυχὴν</span> <span class='ocrx_word' id='word_1_456' title='bbox 896 1633 934 1659; x_wconf 85' lang='grc' dir='ltr'>κα¹</span> 
     </span>
    </p>
   </div>
   <div class='ocr_carea' id='block_1_62' title="bbox 989 1628 1790 1667">
    <p class='ocr_par' dir='ltr' id='par_1_62' title="bbox 993 1629 1790 1665">
     <span class='ocr_line' id='line_1_62' title="bbox 993 1629 1790 1665; baseline -0.001 -8"><span class='ocrx_word' id='word_1_457' title='bbox 993 1629 1101 1657; x_wconf 81' lang='lat' dir='ltr'><strong>visset?</strong></span> <span class='ocrx_word' id='word_1_458' title='bbox 1128 1629 1176 1656; x_wconf 85' lang='lat' dir='ltr'><strong>Vel</strong></span> <span class='ocrx_word' id='word_1_459' title='bbox 1195 1629 1334 1664; x_wconf 89' lang='lat' dir='ltr'><strong>quomodo</strong></span> <span class='ocrx_word' id='word_1_460' title='bbox 1353 1629 1473 1663; x_wconf 89' lang='lat' dir='ltr'><strong>denique</strong></span> <span class='ocrx_word' id='word_1_461' title='bbox 1497 1629 1670 1657; x_wconf 82' lang='lat' dir='ltr'><strong>sanctissima</strong></span> <span class='ocrx_word' id='word_1_462' title='bbox 1695 1629 1790 1665; x_wconf 82' lang='lat' dir='ltr'><strong>Virgo,</strong></span> 
     </span>
    </p>
   </div>
   <div class='ocr_carea' id='block_1_63' title="bbox 146 1674 938 1714">
    <p class='ocr_par' dir='ltr' id='par_1_63' title="bbox 146 1674 938 1714">
     <span class='ocr_line' id='line_1_63' title="bbox 146 1674 938 1714; baseline 0.005 -13"><span class='ocrx_word' id='word_1_463' title='bbox 146 1674 237 1710; x_wconf 84' lang='grc' dir='ltr'>σάρκα</span> <span class='ocrx_word' id='word_1_464' title='bbox 251 1675 320 1711; x_wconf 82' lang='grc' dir='ltr'>ὑπὲρ</span> <span class='ocrx_word' id='word_1_465' title='bbox 334 1675 383 1707; x_wconf 84' lang='grc' dir='ltr'><strong>τὰς</strong></span> <span class='ocrx_word' id='word_1_466' title='bbox 409 1677 554 1712; x_wconf 74' lang='grc' dir='ltr'>οὐρανίους</span> <span class='ocrx_word' id='word_1_467' title='bbox 574 1677 706 1712; x_wconf 83' lang='grc' dir='ltr'>δυνάμεις</span> <span class='ocrx_word' id='word_1_468' title='bbox 731 1677 938 1714; x_wconf 80' lang='grc' dir='ltr'>κεκαθαρμένη,</span> 
     </span>
    </p>
   </div>
   <div class='ocr_carea' id='block_1_64' title="bbox 146 1720 942 1759">
    <p class='ocr_par' dir='ltr' id='par_1_64' title="bbox 146 1720 942 1759">
     <span class='ocr_line' id='line_1_64' title="bbox 146 1720 942 1759; baseline 0.006 -13"><span class='ocrx_word' id='word_1_469' title='bbox 146 1720 252 1755; x_wconf 86' lang='grc' dir='ltr'>φρίττω</span> <span class='ocrx_word' id='word_1_470' title='bbox 268 1722 369 1754; x_wconf 76' lang='grc' dir='ltr'>εἰπεῖν,</span> <span class='ocrx_word' id='word_1_471' title='bbox 389 1722 469 1749; x_wconf 86' lang='grc' dir='ltr'>τοῦτο</span> <span class='ocrx_word' id='word_1_472' title='bbox 494 1723 676 1756; x_wconf 81' lang='grc' dir='ltr'>κατεδέξατο;</span> <span class='ocrx_word' id='word_1_473' title='bbox 693 1724 791 1751; x_wconf 73' lang='grc' dir='ltr'>πολλαὶ</span> <span class='ocrx_word' id='word_1_474' title='bbox 809 1725 864 1759; x_wconf 86' lang='grc' dir='ltr'><strong>γὰρ</strong></span> <span class='ocrx_word' id='word_1_475' title='bbox 890 1734 942 1759; x_wconf 89' lang='grc' dir='ltr'>γυ-</span> 
     </span>
    </p>
   </div>
   <div class='ocr_carea' id='block_1_65' title="bbox 145 1769 942 1804">
    <p class='ocr_par' dir='ltr' id='par_1_65' title="bbox 145 1769 942 1804">
     <span class='ocr_line' id='line_1_65' title="bbox 145 1769 942 1804; baseline 0.004 -8"><span class='ocrx_word' id='word_1_476' title='bbox 145 1770 238 1800; x_wconf 82' lang='grc' dir='ltr'>ναῖκες</span> <span class='ocrx_word' id='word_1_477' title='bbox 254 1769 320 1804; x_wconf 81' lang='grc' dir='ltr'>παρ’</span> <span class='ocrx_word' id='word_1_478' title='bbox 337 1770 404 1804; x_wconf 83' lang='grc' dir='ltr'>ἡμῖν</span> <span class='ocrx_word' id='word_1_479' title='bbox 418 1771 475 1801; x_wconf 82' lang='grc' dir='ltr'>τοῖς</span> <span class='ocrx_word' id='word_1_480' title='bbox 490 1771 664 1804; x_wconf 81' lang='grc' dir='ltr'>Χριστιανοῑς</span> <span class='ocrx_word' id='word_1_481' title='bbox 683 1772 747 1803; x_wconf 87' lang='grc' dir='ltr'>είσι,</span> <span class='ocrx_word' id='word_1_482' title='bbox 762 1774 819 1804; x_wconf 82' lang='grc' dir='ltr'>τοῖς</span> <span class='ocrx_word' id='word_1_483' title='bbox 836 1772 942 1799; x_wconf 75' lang='grc' dir='ltr'><strong>ἐπωνύ-</strong></span> 
     </span>
    </p>
   </div>
   <div class='ocr_carea' id='block_1_66' title="bbox 147 1814 940 1852">
    <p class='ocr_par' dir='ltr' id='par_1_66' title="bbox 147 1814 940 1852">
     <span class='ocr_line' id='line_1_66' title="bbox 147 1814 940 1852; baseline 0.008 -12"><span class='ocrx_word' id='word_1_484' title='bbox 147 1822 208 1848; x_wconf 84' lang='grc' dir='ltr'>μοις</span> <span class='ocrx_word' id='word_1_485' title='bbox 226 1814 348 1849; x_wconf 78' lang='grc' dir='ltr'>Χριστοῦ</span> <span class='ocrx_word' id='word_1_486' title='bbox 368 1815 415 1841; x_wconf 76' lang='grc' dir='ltr'><strong>καὶ</strong></span> <span class='ocrx_word' id='word_1_487' title='bbox 432 1816 482 1849; x_wconf 83' lang='grc' dir='ltr'><strong>τῆς</strong></span> <span class='ocrx_word' id='word_1_488' title='bbox 495 1816 576 1850; x_wconf 84' lang='grc' dir='ltr'>ἁγίας</span> <span class='ocrx_word' id='word_1_489' title='bbox 602 1818 714 1852; x_wconf 82' lang='grc' dir='ltr'>Μητρὸς</span> <span class='ocrx_word' id='word_1_490' title='bbox 725 1818 808 1845; x_wconf 77' lang='grc' dir='ltr'>αὑτοῦ</span> <span class='ocrx_word' id='word_1_491' title='bbox 824 1819 940 1852; x_wconf 82' lang='grc' dir='ltr'>δούλοις,</span> 
     </span>
    </p>
   </div>
   <div class='ocr_carea' id='block_1_67' title="bbox 143 1858 941 1899">
    <p class='ocr_par' dir='ltr' id='par_1_67' title="bbox 143 1858 941 1899">
     <span class='ocr_line' id='line_1_67' title="bbox 143 1858 941 1899; baseline 0.006 -13"><span class='ocrx_word' id='word_1_492' title='bbox 143 1861 200 1890; x_wconf 84' lang='grc' dir='ltr'>τοῖς</span> <span class='ocrx_word' id='word_1_493' title='bbox 215 1858 245 1891; x_wconf 64' lang='lat' dir='ltr'><strong>se</strong></span> <span class='ocrx_word' id='word_1_494' title='bbox 260 1859 345 1893; x_wconf 81' lang='grc' dir='ltr'>αὐτῆς</span> <span class='ocrx_word' id='word_1_495' title='bbox 360 1860 581 1895; x_wconf 83' lang='grc' dir='ltr'>νομοθετηθεῖσιν</span> <span class='ocrx_word' id='word_1_496' title='bbox 594 1863 662 1897; x_wconf 79' lang='grc' dir='ltr'>πρὸς</span> <span class='ocrx_word' id='word_1_497' title='bbox 679 1863 791 1897; x_wconf 80' lang='grc' dir='ltr'>ἁγνείας</span> <span class='ocrx_word' id='word_1_498' title='bbox 805 1865 853 1891; x_wconf 80' lang='grc' dir='ltr'><strong>καὶ</strong></span> <span class='ocrx_word' id='word_1_499' title='bbox 868 1873 941 1899; x_wconf 70' lang='grc' dir='ltr'>πιρ-</span> 
     </span>
    </p>
   </div>
   <div class='ocr_carea' id='block_1_68' title="bbox 144 1905 936 1943">
    <p class='ocr_par' dir='ltr' id='par_1_68' title="bbox 144 1905 936 1943">
     <span class='ocr_line' id='line_1_68' title="bbox 144 1905 936 1943; baseline 0.009 -13"><span class='ocrx_word' id='word_1_500' title='bbox 144 1905 236 1936; x_wconf 80' lang='grc' dir='ltr'>Θενίας</span> <span class='ocrx_word' id='word_1_501' title='bbox 270 1905 482 1942; x_wconf 76' lang='grc' dir='ltr'>ἀσφαλεστάτην</span> <span class='ocrx_word' id='word_1_502' title='bbox 515 1908 684 1943; x_wconf 83' lang='grc' dir='ltr'>συντήρησιν</span> <span class='ocrx_word' id='word_1_503' title='bbox 703 1929 710 1941; x_wconf 75' lang='lat'><strong>,</strong></span> <span class='ocrx_word' id='word_1_504' title='bbox 746 1909 847 1941; x_wconf 79' lang='grc' dir='ltr'>αἵτινες</span> <span class='ocrx_word' id='word_1_505' title='bbox 875 1911 936 1942; x_wconf 80' lang='grc' dir='ltr'>ἐνὸς</span> 
     </span>
    </p>
   </div>
   <div class='ocr_carea' id='block_1_69' title="bbox 144 1951 940 1991">
    <p class='ocr_par' dir='ltr' id='par_1_69' title="bbox 144 1951 940 1991">
     <span class='ocr_line' id='line_1_69' title="bbox 144 1951 940 1991; baseline 0.008 -14"><span class='ocrx_word' id='word_1_506' title='bbox 144 1951 238 1983; x_wconf 67' lang='grc' dir='ltr'>παιδὸς</span> <span class='ocrx_word' id='word_1_507' title='bbox 251 1952 370 1986; x_wconf 82' lang='grc' dir='ltr'>μητέρες</span> <span class='ocrx_word' id='word_1_508' title='bbox 380 1952 533 1988; x_wconf 79' lang='grc' dir='ltr'>γινόμεναι,</span> <span class='ocrx_word' id='word_1_509' title='bbox 555 1954 650 1989; x_wconf 81' lang='grc' dir='ltr'>ἑτέρου</span> <span class='ocrx_word' id='word_1_510' title='bbox 666 1955 761 1990; x_wconf 76' lang='grc' dir='ltr'>ἀνδρὸς</span> <span class='ocrx_word' id='word_1_511' title='bbox 789 1956 940 1991; x_wconf 84' lang='grc' dir='ltr'>συνάφειαν</span> 
     </span>
    </p>
   </div>
   <div class='ocr_carea' id='block_1_70' title="bbox 143 1998 940 2033">
    <p class='ocr_par' dir='ltr' id='par_1_70' title="bbox 143 1998 940 2033">
     <span class='ocr_line' id='line_1_70' title="bbox 143 1998 940 2033; baseline 0.006 -10"><span class='ocrx_word' id='word_1_512' title='bbox 143 1999 174 2024; x_wconf 84' lang='grc' dir='ltr'>οὐ</span> <span class='ocrx_word' id='word_1_513' title='bbox 191 1998 359 2032; x_wconf 83' lang='grc' dir='ltr'>προσίενται.</span> <span class='ocrx_word' id='word_1_514' title='bbox 378 1999 433 2025; x_wconf 81' lang='grc' dir='ltr'><strong>Καὶ</strong></span> <span class='ocrx_word' id='word_1_515' title='bbox 445 2000 515 2026; x_wconf 65' lang='grc' dir='ltr'>εἰσὶν</span> <span class='ocrx_word' id='word_1_516' title='bbox 530 1999 608 2026; x_wconf 75' lang='grc' dir='ltr'>ἄλλαι</span> <span class='ocrx_word' id='word_1_517' title='bbox 628 2000 657 2026; x_wconf 76' lang='grc' dir='ltr'>αἳ</span> <span class='ocrx_word' id='word_1_518' title='bbox 676 2001 816 2033; x_wconf 81' lang='grc' dir='ltr'>παντελῶς</span> <span class='ocrx_word' id='word_1_519' title='bbox 838 2002 940 2028; x_wconf 80' lang='grc' dir='ltr'>ἀνέπα-</span> 
     </span>
    </p>
   </div>
   <div class='ocr_carea' id='block_1_71' title="bbox 144 2045 939 2082">
    <p class='ocr_par' dir='ltr' id='par_1_71' title="bbox 144 2045 939 2082">
     <span class='ocr_line' id='line_1_71' title="bbox 144 2045 939 2082; baseline 0.005 -11"><span class='ocrx_word' id='word_1_520' title='bbox 144 2053 192 2079; x_wconf 81' lang='grc' dir='ltr'><strong>φοι</strong></span> <span class='ocrx_word' id='word_1_521' title='bbox 218 2045 394 2080; x_wconf 74' lang='grc' dir='ltr'>διαμένουσιν</span> <span class='ocrx_word' id='word_1_522' title='bbox 416 2046 509 2081; x_wconf 75' lang='grc' dir='ltr'>πάσης</span> <span class='ocrx_word' id='word_1_523' title='bbox 535 2047 668 2082; x_wconf 80' lang='grc' dir='ltr'>ἀνδρικῆς</span> <span class='ocrx_word' id='word_1_524' title='bbox 680 2048 830 2082; x_wconf 80' lang='grc' dir='ltr'>συναφείας</span> <span class='ocrx_word' id='word_1_525' title='bbox 844 2057 874 2074; x_wconf 88' lang='grc' dir='ltr'><strong>τε</strong></span> <span class='ocrx_word' id='word_1_526' title='bbox 892 2049 939 2075; x_wconf 77' lang='grc' dir='ltr'><strong>καὶ</strong></span> 
     </span>
    </p>
   </div>
   <div class='ocr_carea' id='block_1_72' title="bbox 142 2091 937 2130">
    <p class='ocr_par' dir='ltr' id='par_1_72' title="bbox 142 2091 937 2130">
     <span class='ocr_line' id='line_1_72' title="bbox 142 2091 937 2130; baseline 0.006 -13"><span class='ocrx_word' id='word_1_527' title='bbox 142 2092 214 2126; x_wconf 84' lang='grc' dir='ltr'>ἁφῆς</span> <span class='ocrx_word' id='word_1_528' title='bbox 226 2091 275 2119; x_wconf 81' lang='grc' dir='ltr'><strong>καὶ</strong></span> <span class='ocrx_word' id='word_1_529' title='bbox 289 2092 397 2126; x_wconf 75' lang='grc' dir='ltr'>ὁμιλίας</span> <span class='ocrx_word' id='word_1_530' title='bbox 411 2100 418 2107; x_wconf 94' lang='grc'><strong>·</strong></span> <span class='ocrx_word' id='word_1_531' title='bbox 434 2092 506 2128; x_wconf 91' lang='lat' dir='ltr'><strong>[cod.</strong></span> <span class='ocrx_word' id='word_1_532' title='bbox 527 2102 545 2120; x_wconf 92' lang='grc' dir='ltr'>ι.</span> <span class='ocrx_word' id='word_1_533' title='bbox 562 2093 627 2130; x_wconf 74' lang='grc'><strong>158]</strong></span> <span class='ocrx_word' id='word_1_534' title='bbox 643 2095 690 2121; x_wconf 84' lang='grc' dir='ltr'><strong>καί</strong></span> <span class='ocrx_word' id='word_1_535' title='bbox 704 2103 758 2130; x_wconf 83' lang='grc' dir='ltr'><strong>περ</strong></span> <span class='ocrx_word' id='word_1_536' title='bbox 773 2095 808 2122; x_wconf 71' lang='grc' dir='ltr'><strong>τὰ</strong></span> <span class='ocrx_word' id='word_1_537' title='bbox 824 2095 873 2130; x_wconf 86' lang='grc' dir='ltr'><strong>τῆς</strong></span> <span class='ocrx_word' id='word_1_538' title='bbox 888 2094 937 2122; x_wconf 86' lang='grc' dir='ltr'>τοῦ</span> 
     </span>
    </p>
   </div>
   <div class='ocr_carea' id='block_1_73' title="bbox 141 2136 940 2175">
    <p class='ocr_par' dir='ltr' id='par_1_73' title="bbox 141 2136 940 2175">
     <span class='ocr_line' id='line_1_73' title="bbox 141 2136 940 2175; baseline 0.006 -12"><span class='ocrx_word' id='word_1_539' title='bbox 141 2136 210 2164; x_wconf 84' lang='grc' dir='ltr'>Θεοῦ</span> <span class='ocrx_word' id='word_1_540' title='bbox 228 2137 340 2173; x_wconf 79' lang='grc' dir='ltr'>Μητρὸς</span> <span class='ocrx_word' id='word_1_541' title='bbox 362 2137 432 2174; x_wconf 80' lang='grc' dir='ltr'>ὑπὲρ</span> <span class='ocrx_word' id='word_1_542' title='bbox 446 2138 535 2165; x_wconf 83' lang='grc' dir='ltr'>πάντα</span> <span class='ocrx_word' id='word_1_543' title='bbox 548 2139 602 2165; x_wconf 75' lang='grc' dir='ltr'>εἰσὶ</span> <span class='ocrx_word' id='word_1_544' title='bbox 624 2140 659 2166; x_wconf 84' lang='grc' dir='ltr'><strong>τὰ</strong></span> <span class='ocrx_word' id='word_1_545' title='bbox 673 2139 758 2175; x_wconf 84' lang='grc' dir='ltr'>ὀρατὰ</span> <span class='ocrx_word' id='word_1_546' title='bbox 777 2141 826 2167; x_wconf 79' lang='grc' dir='ltr'><strong>καὶ</strong></span> <span class='ocrx_word' id='word_1_547' title='bbox 843 2141 879 2168; x_wconf 72' lang='grc' dir='ltr'><strong>τὰ</strong></span> <span class='ocrx_word' id='word_1_548' title='bbox 893 2141 940 2168; x_wconf 68' lang='grc' dir='ltr'><strong>ἁόο</strong></span> 
     </span>
    </p>
   </div>
   <div class='ocr_carea' id='block_1_74' title="bbox 143 2184 938 2222">
    <p class='ocr_par' dir='ltr' id='par_1_74' title="bbox 143 2184 938 2222">
     <span class='ocr_line' id='line_1_74' title="bbox 143 2184 938 2222; baseline 0.008 -12"><span class='ocrx_word' id='word_1_549' title='bbox 143 2192 222 2218; x_wconf 79' lang='grc' dir='ltr'>ρατα.</span> <span class='ocrx_word' id='word_1_550' title='bbox 235 2184 306 2219; x_wconf 81' lang='grc' dir='ltr'>πλὴν</span> <span class='ocrx_word' id='word_1_551' title='bbox 324 2184 406 2219; x_wconf 84' lang='grc' dir='ltr'>μόνου</span> <span class='ocrx_word' id='word_1_552' title='bbox 424 2184 503 2216; x_wconf 82' lang='grc' dir='ltr'>Θεοῦ,</span> <span class='ocrx_word' id='word_1_553' title='bbox 517 2185 676 2222; x_wconf 75' lang='grc' dir='ltr'>ἐνδοξότερα</span> <span class='ocrx_word' id='word_1_554' title='bbox 691 2196 721 2214; x_wconf 85' lang='grc' dir='ltr'><strong>τε</strong></span> <span class='ocrx_word' id='word_1_555' title='bbox 739 2188 785 2214; x_wconf 80' lang='grc' dir='ltr'>καὶ</span> <span class='ocrx_word' id='word_1_556' title='bbox 812 2187 938 2221; x_wconf 80' lang='grc' dir='ltr'>ὲξαισιώ-</span> 
     </span>
    </p>
   </div>
   <div class='ocr_carea' id='block_1_75' title="bbox 140 2229 952 2267">
    <p class='ocr_par' dir='ltr' id='par_1_75' title="bbox 140 2229 952 2267">
     <span class='ocr_line' id='line_1_75' title="bbox 140 2229 952 2267; baseline 0.009 -13"><span class='ocrx_word' id='word_1_557' title='bbox 140 2236 223 2264; x_wconf 82' lang='grc' dir='ltr'>τερα·</span> <span class='ocrx_word' id='word_1_558' title='bbox 242 2230 289 2255; x_wconf 68' lang='grc' dir='ltr'><strong>καὶ</strong></span> <span class='ocrx_word' id='word_1_559' title='bbox 308 2229 338 2256; x_wconf 85' lang='grc' dir='ltr'>οὐ</span> <span class='ocrx_word' id='word_1_560' title='bbox 352 2229 433 2265; x_wconf 86' lang='grc' dir='ltr'>μόνον</span> <span class='ocrx_word' id='word_1_561' title='bbox 448 2231 588 2264; x_wconf 81' lang='grc' dir='ltr'>γυναῖκες,</span> <span class='ocrx_word' id='word_1_562' title='bbox 602 2231 670 2258; x_wconf 74' lang='grc' dir='ltr'>ἀλλὰ</span> <span class='ocrx_word' id='word_1_563' title='bbox 684 2233 732 2259; x_wconf 74' lang='grc' dir='ltr'><strong>καὶ</strong></span> <span class='ocrx_word' id='word_1_564' title='bbox 747 2233 844 2267; x_wconf 77' lang='grc' dir='ltr'>ἄνδρες</span> <span class='ocrx_word' id='word_1_565' title='bbox 858 2234 952 2261; x_wconf 76' lang='grc' dir='ltr'>ἄπει-.</span> 
     </span>
    </p>
   </div>
   <div class='ocr_carea' id='block_1_76' title="bbox 142 2274 938 2315">
    <p class='ocr_par' dir='ltr' id='par_1_76' title="bbox 142 2274 938 2315">
     <span class='ocr_line' id='line_1_76' title="bbox 142 2274 938 2315; baseline 0.009 -16"><span class='ocrx_word' id='word_1_566' title='bbox 142 2282 185 2309; x_wconf 85' lang='grc' dir='ltr'><strong>ροι</strong></span> <span class='ocrx_word' id='word_1_567' title='bbox 211 2274 327 2301; x_wconf 83' lang='grc' dir='ltr'>τοιοῦτοι</span> <span class='ocrx_word' id='word_1_568' title='bbox 362 2275 492 2310; x_wconf 78' lang='grc' dir='ltr'>παρθένοι</span> <span class='ocrx_word' id='word_1_569' title='bbox 518 2277 648 2310; x_wconf 84' lang='grc' dir='ltr'>γεγόνασι</span> <span class='ocrx_word' id='word_1_570' title='bbox 679 2279 726 2304; x_wconf 82' lang='grc' dir='ltr'><strong>καὶ</strong></span> <span class='ocrx_word' id='word_1_571' title='bbox 757 2279 826 2305; x_wconf 75' lang='grc' dir='ltr'>εἰσίν</span> <span class='ocrx_word' id='word_1_572' title='bbox 841 2279 890 2315; x_wconf 86' lang='grc'><strong>(8).</strong></span> <span class='ocrx_word' id='word_1_573' title='bbox 906 2280 938 2306; x_wconf 81' lang='lat' dir='ltr'><strong>Et</strong></span> 
     </span>
    </p>
   </div>
   <div class='ocr_carea' id='block_1_77' title="bbox 140 2319 938 2362">
    <p class='ocr_par' dir='ltr' id='par_1_77' title="bbox 140 2319 938 2362">
     <span class='ocr_line' id='line_1_77' title="bbox 140 2319 938 2362; baseline 0.008 -16"><span class='ocrx_word' id='word_1_574' title='bbox 140 2319 187 2347; x_wconf 77' lang='grc' dir='ltr'>οὖν</span> <span class='ocrx_word' id='word_1_575' title='bbox 206 2320 230 2346; x_wconf 80' lang='grc' dir='ltr'>οἱ</span> <span class='ocrx_word' id='word_1_576' title='bbox 257 2320 375 2352; x_wconf 79' lang='grc' dir='ltr'>εὐτελεῖς</span> <span class='ocrx_word' id='word_1_577' title='bbox 400 2322 448 2348; x_wconf 70' lang='grc' dir='ltr'><strong>καὶ</strong></span> <span class='ocrx_word' id='word_1_578' title='bbox 463 2323 568 2356; x_wconf 79' lang='grc' dir='ltr'>ἀχρεῖοι</span> <span class='ocrx_word' id='word_1_579' title='bbox 598 2322 687 2350; x_wconf 87' lang='grc' dir='ltr'>δοῦλοι</span> <span class='ocrx_word' id='word_1_580' title='bbox 708 2324 837 2351; x_wconf 86' lang='grc' dir='ltr'>τοιούτων</span> <span class='ocrx_word' id='word_1_581' title='bbox 859 2335 938 2362; x_wconf 86' lang='grc' dir='ltr'>χαρι-</span> 
     </span>
    </p>
   </div>
   <div class='ocr_carea' id='block_1_78' title="bbox 141 2364 936 2405">
    <p class='ocr_par' dir='ltr' id='par_1_78' title="bbox 141 2364 936 2405">
     <span class='ocr_line' id='line_1_78' title="bbox 141 2364 936 2405; baseline 0.011 -15"><span class='ocrx_word' id='word_1_582' title='bbox 141 2365 252 2398; x_wconf 82' lang='grc' dir='ltr'>σμάτων</span> <span class='ocrx_word' id='word_1_583' title='bbox 281 2364 429 2398; x_wconf 77' lang='grc' dir='ltr'>ἀξιοῦνται,</span> <span class='ocrx_word' id='word_1_584' title='bbox 445 2367 462 2401; x_wconf 80' lang='grc' dir='ltr'>ἡ</span> <span class='ocrx_word' id='word_1_585' title='bbox 491 2367 567 2403; x_wconf 75' lang='grc' dir='ltr'>πηγὴ</span> <span class='ocrx_word' id='word_1_586' title='bbox 599 2368 654 2395; x_wconf 82' lang='grc' dir='ltr'>τῶν</span> <span class='ocrx_word' id='word_1_587' title='bbox 684 2370 864 2405; x_wconf 81' lang='grc' dir='ltr'>χαρισμάτων</span> <span class='ocrx_word' id='word_1_588' title='bbox 887 2372 936 2399; x_wconf 79' lang='grc' dir='ltr'><strong>καὶ</strong></span> 
     </span>
    </p>
   </div>
   <div class='ocr_carea' id='block_1_79' title="bbox 140 2411 934 2452">
    <p class='ocr_par' dir='ltr' id='par_1_79' title="bbox 140 2411 934 2452">
     <span class='ocr_line' id='line_1_79' title="bbox 140 2411 934 2452; baseline 0.011 -16"><span class='ocrx_word' id='word_1_589' title='bbox 140 2411 221 2437; x_wconf 88' lang='grc' dir='ltr'>Οείων</span> <span class='ocrx_word' id='word_1_590' title='bbox 243 2411 353 2447; x_wconf 85' lang='grc' dir='ltr'>δωρεῶν</span> <span class='ocrx_word' id='word_1_591' title='bbox 375 2412 520 2448; x_wconf 77' lang='grc' dir='ltr'>ὑπάρξασα</span> <span class='ocrx_word' id='word_1_592' title='bbox 545 2415 574 2440; x_wconf 84' lang='grc' dir='ltr'>ὲν</span> <span class='ocrx_word' id='word_1_593' title='bbox 591 2414 630 2450; x_wconf 85' lang='grc' dir='ltr'>τῷ</span> <span class='ocrx_word' id='word_1_594' title='bbox 661 2416 775 2452; x_wconf 75' lang='grc' dir='ltr'>ὀνόματι</span> <span class='ocrx_word' id='word_1_595' title='bbox 800 2418 847 2444; x_wconf 78' lang='grc' dir='ltr'>τοῦ</span> <span class='ocrx_word' id='word_1_596' title='bbox 867 2418 934 2445; x_wconf 83' lang='grc' dir='ltr'>Υἱοῦ</span> 
     </span>
    </p>
   </div>
   <div class='ocr_carea' id='block_1_80' title="bbox 140 2458 935 2499">
    <p class='ocr_par' dir='ltr' id='par_1_80' title="bbox 140 2458 935 2499">
     <span class='ocr_line' id='line_1_80' title="bbox 140 2458 935 2499; baseline 0.01 -16"><span class='ocrx_word' id='word_1_597' title='bbox 140 2458 241 2492; x_wconf 68' lang='grc' dir='ltr'>αὐτῆς,</span> <span class='ocrx_word' id='word_1_598' title='bbox 259 2458 362 2493; x_wconf 80' lang='grc' dir='ltr'>Κυρίου</span> <span class='ocrx_word' id='word_1_599' title='bbox 383 2459 411 2486; x_wconf 79' lang='grc' dir='ltr'><strong>δὲ</strong></span> <span class='ocrx_word' id='word_1_600' title='bbox 439 2460 567 2487; x_wconf 80' lang='grc' dir='ltr'>καὶθεοῦ</span> <span class='ocrx_word' id='word_1_601' title='bbox 593 2462 673 2497; x_wconf 79' lang='grc' dir='ltr'>ἡμῶν</span> <span class='ocrx_word' id='word_1_602' title='bbox 703 2463 791 2498; x_wconf 85' lang='grc' dir='ltr'>ἰησοῦ</span> <span class='ocrx_word' id='word_1_603' title='bbox 814 2464 935 2499; x_wconf 84' lang='grc' dir='ltr'>Χριστοῦ</span> 
     </span>
    </p>
   </div>
   <div class='ocr_carea' id='block_1_81' title="bbox 138 2504 929 2547">
    <p class='ocr_par' dir='ltr' id='par_1_81' title="bbox 138 2504 929 2547">
     <span class='ocr_line' id='line_1_81' title="bbox 138 2504 929 2547; baseline 0.009 -16"><span class='ocrx_word' id='word_1_604' title='bbox 138 2504 187 2531; x_wconf 83' lang='grc' dir='ltr'>τοῦ</span> <span class='ocrx_word' id='word_1_605' title='bbox 211 2505 270 2537; x_wconf 76' lang='grc' dir='ltr'>ἐνὸς</span> <span class='ocrx_word' id='word_1_606' title='bbox 286 2505 336 2538; x_wconf 84' lang='grc' dir='ltr'><strong>τῆς</strong></span> <span class='ocrx_word' id='word_1_607' title='bbox 352 2506 434 2540; x_wconf 81' lang='grc' dir='ltr'>ἁγίας</span> <span class='ocrx_word' id='word_1_608' title='bbox 462 2507 587 2541; x_wconf 82' lang='grc' dir='ltr'>Τριάδος,</span> <span class='ocrx_word' id='word_1_609' title='bbox 601 2508 659 2541; x_wconf 78' lang='grc' dir='ltr'>πῶς</span> <span class='ocrx_word' id='word_1_610' title='bbox 678 2509 793 2546; x_wconf 73' lang='grc' dir='ltr'>ἄμοιρος</span> <span class='ocrx_word' id='word_1_611' title='bbox 822 2511 929 2547; x_wconf 80' lang='grc' dir='ltr'>ὑπῆρξε</span> 
     </span>
    </p>
   </div>
   <div class='ocr_carea' id='block_1_82' title="bbox 176 2594 634 2627">
    <p class='ocr_par' dir='ltr' id='par_1_82' title="bbox 176 2594 634 2627">
     <span class='ocr_line' id='line_1_82' title="bbox 176 2594 634 2627; baseline 0.009 -6"><span class='ocrx_word' id='word_1_612' title='bbox 176 2596 185 2610; x_wconf 91' lang='grc'><strong>⁷</strong></span> <span class='ocrx_word' id='word_1_613' title='bbox 198 2594 266 2622; x_wconf 85' lang='lat' dir='ltr'><strong>Luc.</strong></span> <span class='ocrx_word' id='word_1_614' title='bbox 283 2603 302 2627; x_wconf 89' lang='grc' dir='ltr'><strong>ι,</strong></span> <span class='ocrx_word' id='word_1_615' title='bbox 317 2594 363 2627; x_wconf 75' lang='grc'>51,</span> <span class='ocrx_word' id='word_1_616' title='bbox 379 2596 424 2623; x_wconf 81' lang='grc'><strong>59.</strong></span> <span class='ocrx_word' id='word_1_617' title='bbox 463 2597 484 2612; x_wconf 79' lang='grc'><strong>⁷”</strong></span> <span class='ocrx_word' id='word_1_618' title='bbox 504 2596 571 2626; x_wconf 88' lang='lat' dir='ltr'><strong>ibid.</strong></span> <span class='ocrx_word' id='word_1_619' title='bbox 589 2597 634 2625; x_wconf 73' lang='lat'><strong>55.</strong></span> 
     </span>
    </p>
   </div>
   <div class='ocr_carea' id='block_1_83' title="bbox 173 2675 924 2712">
    <p class='ocr_par' dir='ltr' id='par_1_83' title="bbox 173 2675 924 2712">
     <span class='ocr_line' id='line_1_83' title="bbox 173 2675 924 2712; baseline 0.008 -10"><span class='ocrx_word' id='word_1_620' title='bbox 173 2676 211 2712; x_wconf 79' lang='lat'><strong>(8)</strong></span> <span class='ocrx_word' id='word_1_621' title='bbox 227 2677 267 2703; x_wconf 86' lang='lat' dir='ltr'><strong>En</strong></span> <span class='ocrx_word' id='word_1_622' title='bbox 288 2675 377 2703; x_wconf 88' lang='lat' dir='ltr'><strong>adhuc</strong></span> <span class='ocrx_word' id='word_1_623' title='bbox 396 2683 494 2703; x_wconf 85' lang='lat' dir='ltr'><strong>novam</strong></span> <span class='ocrx_word' id='word_1_624' title='bbox 515 2677 552 2711; x_wconf 90' lang='lat' dir='ltr'><strong>pii</strong></span> <span class='ocrx_word' id='word_1_625' title='bbox 568 2677 710 2705; x_wconf 74' lang='lat' dir='ltr'><strong>caelibatus</strong></span> <span class='ocrx_word' id='word_1_626' title='bbox 727 2678 924 2708; x_wconf 85' lang='lat' dir='ltr'><strong>laudationem.</strong></span> 
     </span>
    </p>
   </div>
   <div class='ocr_carea' id='block_1_84' title="bbox 136 2712 924 2747">
    <p class='ocr_par' dir='ltr' id='par_1_84' title="bbox 136 2712 924 2747">
     <span class='ocr_line' id='line_1_84' title="bbox 136 2712 924 2747; baseline 0.003 -7"><span class='ocrx_word' id='word_1_627' title='bbox 136 2712 171 2740; x_wconf 87' lang='lat' dir='ltr'><strong>Et</strong></span> <span class='ocrx_word' id='word_1_628' title='bbox 188 2712 298 2746; x_wconf 87' lang='lat' dir='ltr'><strong>quidem</strong></span> <span class='ocrx_word' id='word_1_629' title='bbox 314 2712 413 2739; x_wconf 87' lang='lat' dir='ltr'><strong>nobilis</strong></span> <span class='ocrx_word' id='word_1_630' title='bbox 423 2712 546 2739; x_wconf 86' lang='lat' dir='ltr'><strong>laudator</strong></span> <span class='ocrx_word' id='word_1_631' title='bbox 561 2714 689 2747; x_wconf 78' lang='lat' dir='ltr'><strong>apparuit</strong></span> <span class='ocrx_word' id='word_1_632' title='bbox 704 2714 829 2742; x_wconf 67' lang='lat' dir='ltr'><strong>cmlibum</strong></span> <span class='ocrx_word' id='word_1_633' title='bbox 853 2717 924 2742; x_wconf 88' lang='lat' dir='ltr'><strong>mul-</strong></span> 
     </span>
    </p>
   </div>
   <div class='ocr_carea' id='block_1_85' title="bbox 136 2747 923 2786">
    <p class='ocr_par' dir='ltr' id='par_1_85' title="bbox 136 2747 923 2786">
     <span class='ocr_line' id='line_1_85' title="bbox 136 2747 923 2786; baseline 0.008 -13"><span class='ocrx_word' id='word_1_634' title='bbox 136 2752 229 2786; x_wconf 78' lang='lat' dir='ltr'><strong>torum</strong></span> <span class='ocrx_word' id='word_1_635' title='bbox 244 2747 288 2786; x_wconf 76' lang='lat' dir='ltr'><strong>sui</strong></span> <span class='ocrx_word' id='word_1_636' title='bbox 313 2747 443 2786; x_wconf 63' lang='lat' dir='ltr'><strong>temporis</strong></span> <span class='ocrx_word' id='word_1_637' title='bbox 455 2748 675 2786; x_wconf 59' lang='lat' dir='ltr'><strong>Christianorum</strong></span> <span class='ocrx_word' id='word_1_638' title='bbox 688 2757 802 2786; x_wconf 69' lang='lat' dir='ltr'><strong>magnus</strong></span> <span class='ocrx_word' id='word_1_639' title='bbox 814 2758 923 2786; x_wconf 85' lang='lat' dir='ltr'><strong>quoque</strong></span> 
     </span>
    </p>
   </div>
   <div class='ocr_carea' id='block_1_86' title="bbox 135 2781 924 2820">
    <p class='ocr_par' dir='ltr' id='par_1_86' title="bbox 135 2781 924 2820">
     <span class='ocr_line' id='line_1_86' title="bbox 135 2781 924 2820; baseline 0.006 -12"><span class='ocrx_word' id='word_1_640' title='bbox 135 2781 304 2820; x_wconf 65' lang='lat' dir='ltr'><strong>cresaricnsis</strong></span> <span class='ocrx_word' id='word_1_641' title='bbox 320 2782 453 2820; x_wconf 67' lang='lat' dir='ltr'><strong>Eusebius</strong></span> <span class='ocrx_word' id='word_1_642' title='bbox 466 2783 602 2820; x_wconf 22' lang='lat' dir='ltr'><strong>inbitupcr</strong></span> <span class='ocrx_word' id='word_1_643' title='bbox 616 2783 724 2811; x_wconf 84' lang='lat' dir='ltr'><strong>detecto</strong></span> <span class='ocrx_word' id='word_1_644' title='bbox 734 2781 924 2820; x_wconf 62' lang='lat' dir='ltr'><strong>Theophanis:</strong></span> 
     </span>
    </p>
   </div>
   <div class='ocr_carea' id='block_1_87' title="bbox 135 2818 923 2852">
    <p class='ocr_par' dir='ltr' id='par_1_87' title="bbox 135 2818 923 2852">
     <span class='ocr_line' id='line_1_87' title="bbox 135 2818 923 2852; baseline 0.006 -9"><span class='ocrx_word' id='word_1_645' title='bbox 135 2825 217 2852; x_wconf 81' lang='lat' dir='ltr'><strong>opere</strong></span> <span class='ocrx_word' id='word_1_646' title='bbox 235 2818 279 2844; x_wconf 68' lang='lat' dir='ltr'><strong>liti.</strong></span> <span class='ocrx_word' id='word_1_647' title='bbox 299 2825 328 2844; x_wconf 90' lang='grc' dir='ltr'><strong>ιιι</strong></span> <span class='ocrx_word' id='word_1_648' title='bbox 345 2818 390 2850; x_wconf 73' lang='grc'>21,</span> <span class='ocrx_word' id='word_1_649' title='bbox 406 2818 451 2845; x_wconf 74' lang='lat'><strong>22.</strong></span> <span class='ocrx_word' id='word_1_650' title='bbox 464 2818 556 2845; x_wconf 85' lang='lat' dir='ltr'><strong>Nihilo</strong></span> <span class='ocrx_word' id='word_1_651' title='bbox 579 2823 668 2846; x_wconf 80' lang='lat' dir='ltr'><strong>tamen</strong></span> <span class='ocrx_word' id='word_1_652' title='bbox 691 2819 782 2847; x_wconf 90' lang='lat' dir='ltr'><strong>minus</strong></span> <span class='ocrx_word' id='word_1_653' title='bbox 798 2818 923 2848; x_wconf 80' lang='lat' dir='ltr'><strong>hodierni</strong></span> 
     </span>
    </p>
   </div>
   <div class='ocr_carea' id='block_1_88' title="bbox 136 2853 922 2889">
    <p class='ocr_par' dir='ltr' id='par_1_88' title="bbox 136 2853 922 2889">
     <span class='ocr_line' id='line_1_88' title="bbox 136 2853 922 2889; baseline 0.006 -11"><span class='ocrx_word' id='word_1_654' title='bbox 136 2857 301 2888; x_wconf 76' lang='lat' dir='ltr'><strong>sparguntur</strong></span> <span class='ocrx_word' id='word_1_655' title='bbox 325 2853 419 2886; x_wconf 74' lang='lat' dir='ltr'><strong>libelli,</strong></span> <span class='ocrx_word' id='word_1_656' title='bbox 437 2854 494 2889; x_wconf 77' lang='lat' dir='ltr'><strong>qui</strong></span> <span class='ocrx_word' id='word_1_657' title='bbox 524 2854 574 2888; x_wconf 76' lang='lat' dir='ltr'><strong>pim</strong></span> <span class='ocrx_word' id='word_1_658' title='bbox 598 2854 763 2888; x_wconf 77' lang='lat' dir='ltr'><strong>virginitatis</strong></span> <span class='ocrx_word' id='word_1_659' title='bbox 794 2856 922 2883; x_wconf 83' lang='lat' dir='ltr'><strong>instituto</strong></span> 
     </span>
    </p>
   </div>
   <div class='ocr_carea' id='block_1_89' title="bbox 134 2888 924 2925">
    <p class='ocr_par' dir='ltr' id='par_1_89' title="bbox 134 2888 924 2925">
     <span class='ocr_line' id='line_1_89' title="bbox 134 2888 924 2925; baseline 0.005 -11"><span class='ocrx_word' id='word_1_660' title='bbox 134 2888 233 2925; x_wconf 75' lang='lat' dir='ltr'><strong>acriter</strong></span> <span class='ocrx_word' id='word_1_661' title='bbox 248 2888 404 2925; x_wconf 71' lang='lat' dir='ltr'><strong>dctrahunt.</strong></span> <span class='ocrx_word' id='word_1_662' title='bbox 420 2888 493 2916; x_wconf 88' lang='lat' dir='ltr'><strong>Nihil</strong></span> <span class='ocrx_word' id='word_1_663' title='bbox 511 2897 575 2924; x_wconf 75' lang='lat' dir='ltr'><strong>ergo</strong></span> <span class='ocrx_word' id='word_1_664' title='bbox 589 2889 661 2925; x_wconf 79' lang='lat' dir='ltr'><strong>valet</strong></span> <span class='ocrx_word' id='word_1_665' title='bbox 673 2891 759 2917; x_wconf 86' lang='lat' dir='ltr'><strong>honor</strong></span> <span class='ocrx_word' id='word_1_666' title='bbox 775 2895 924 2925; x_wconf 68' lang='lat' dir='ltr'><strong>perpetuus</strong></span> 
     </span>
    </p>
   </div>
   <div class='ocr_carea' id='block_1_90' title="bbox 135 2923 920 2962">
    <p class='ocr_par' dir='ltr' id='par_1_90' title="bbox 135 2923 920 2962">
     <span class='ocr_line' id='line_1_90' title="bbox 135 2923 920 2962; baseline 0.005 -12"><span class='ocrx_word' id='word_1_667' title='bbox 135 2923 282 2960; x_wconf 79' lang='lat' dir='ltr'><strong>\it&#39;ginilati</strong></span> <span class='ocrx_word' id='word_1_668' title='bbox 297 2923 330 2951; x_wconf 85' lang='lat' dir='ltr'><strong>ab</strong></span> <span class='ocrx_word' id='word_1_669' title='bbox 354 2925 477 2953; x_wconf 79' lang='lat' dir='ltr'><strong>ecclesiae</strong></span> <span class='ocrx_word' id='word_1_670' title='bbox 490 2925 610 2953; x_wconf 78' lang='lat' dir='ltr'><strong>habitus</strong></span> <span class='ocrx_word' id='word_1_671' title='bbox 624 2924 636 2950; x_wconf 73' lang='lat'><strong>‘3</strong></span> <span class='ocrx_word' id='word_1_672' title='bbox 650 2925 761 2954; x_wconf 79' lang='lat' dir='ltr'><strong>Frustra</strong></span> <span class='ocrx_word' id='word_1_673' title='bbox 776 2923 920 2962; x_wconf 72' lang='lat' dir='ltr'><strong>virginita-</strong></span> 
     </span>
    </p>
   </div>
   <div class='ocr_carea' id='block_1_91' title="bbox 992 1675 1791 1710">
    <p class='ocr_par' dir='ltr' id='par_1_91' title="bbox 992 1675 1791 1710">
     <span class='ocr_line' id='line_1_91' title="bbox 992 1675 1791 1710; baseline 0 -8"><span class='ocrx_word' id='word_1_674' title='bbox 992 1676 1072 1710; x_wconf 83' lang='lat' dir='ltr'><strong>cujus</strong></span> <span class='ocrx_word' id='word_1_675' title='bbox 1085 1675 1177 1702; x_wconf 88' lang='lat' dir='ltr'><strong>anima</strong></span> <span class='ocrx_word' id='word_1_676' title='bbox 1203 1679 1232 1702; x_wconf 89' lang='lat' dir='ltr'><strong>et</strong></span> <span class='ocrx_word' id='word_1_677' title='bbox 1258 1682 1322 1702; x_wconf 87' lang='lat' dir='ltr'><strong>caro</strong></span> <span class='ocrx_word' id='word_1_678' title='bbox 1347 1675 1408 1709; x_wconf 87' lang='lat' dir='ltr'><strong>plus</strong></span> <span class='ocrx_word' id='word_1_679' title='bbox 1428 1682 1510 1709; x_wconf 88' lang='lat' dir='ltr'><strong>quam</strong></span> <span class='ocrx_word' id='word_1_680' title='bbox 1527 1675 1652 1702; x_wconf 71' lang='lat' dir='ltr'><strong>ctelestes</strong></span> <span class='ocrx_word' id='word_1_681' title='bbox 1673 1675 1791 1702; x_wconf 72' lang='lat' dir='ltr'><strong>virtutes</strong></span> 
     </span>
    </p>
   </div>
   <div class='ocr_carea' id='block_1_92' title="bbox 993 1722 1791 1758">
    <p class='ocr_par' dir='ltr' id='par_1_92' title="bbox 993 1722 1791 1758">
     <span class='ocr_line' id='line_1_92' title="bbox 993 1722 1791 1758; baseline 0 -8"><span class='ocrx_word' id='word_1_682' title='bbox 993 1723 1137 1758; x_wconf 82' lang='lat' dir='ltr'><strong>puriﬁcata</strong></span> <span class='ocrx_word' id='word_1_683' title='bbox 1151 1723 1250 1754; x_wconf 88' lang='lat' dir='ltr'><strong>fuerat,</strong></span> <span class='ocrx_word' id='word_1_684' title='bbox 1265 1722 1413 1757; x_wconf 85' lang='lat' dir='ltr'><strong>quomodo,</strong></span> <span class='ocrx_word' id='word_1_685' title='bbox 1430 1722 1554 1757; x_wconf 84' lang='lat' dir='ltr'><strong>inquam,</strong></span> <span class='ocrx_word' id='word_1_686' title='bbox 1569 1723 1595 1750; x_wconf 95' lang='lat' dir='ltr'><strong>id</strong></span> <span class='ocrx_word' id='word_1_687' title='bbox 1615 1723 1687 1757; x_wconf 91' lang='lat' dir='ltr'><strong>quod</strong></span> <span class='ocrx_word' id='word_1_688' title='bbox 1699 1722 1791 1751; x_wconf 80' lang='lat' dir='ltr'><strong>dicere</strong></span> 
     </span>
    </p>
   </div>
   <div class='ocr_carea' id='block_1_93' title="bbox 992 1768 1791 1803">
    <p class='ocr_par' dir='ltr' id='par_1_93' title="bbox 992 1768 1791 1803">
     <span class='ocr_line' id='line_1_93' title="bbox 992 1768 1791 1803; baseline -0.003 -6"><span class='ocrx_word' id='word_1_689' title='bbox 992 1770 1091 1797; x_wconf 86' lang='lat' dir='ltr'><strong>horreo</strong></span> <span class='ocrx_word' id='word_1_690' title='bbox 1108 1777 1187 1803; x_wconf 83' lang='lat' dir='ltr'><strong>passa</strong></span> <span class='ocrx_word' id='word_1_691' title='bbox 1197 1769 1291 1796; x_wconf 88' lang='lat' dir='ltr'><strong>esset?</strong></span> <span class='ocrx_word' id='word_1_692' title='bbox 1303 1768 1394 1795; x_wconf 69' lang='lat' dir='ltr'><strong>Multae</strong></span> <span class='ocrx_word' id='word_1_693' title='bbox 1405 1768 1477 1795; x_wconf 81' lang='lat' dir='ltr'><strong>enim</strong></span> <span class='ocrx_word' id='word_1_694' title='bbox 1495 1773 1559 1796; x_wconf 90' lang='lat' dir='ltr'><strong>sunt</strong></span> <span class='ocrx_word' id='word_1_695' title='bbox 1575 1768 1705 1795; x_wconf 90' lang='lat' dir='ltr'><strong>mulieres</strong></span> <span class='ocrx_word' id='word_1_696' title='bbox 1717 1768 1791 1803; x_wconf 88' lang='lat' dir='ltr'><strong>apud</strong></span> 
     </span>
    </p>
   </div>
   <div class='ocr_carea' id='block_1_94' title="bbox 991 1814 1790 1850">
    <p class='ocr_par' dir='ltr' id='par_1_94' title="bbox 991 1814 1790 1850">
     <span class='ocr_line' id='line_1_94' title="bbox 991 1814 1790 1850; baseline -0.003 -7"><span class='ocrx_word' id='word_1_697' title='bbox 991 1823 1042 1843; x_wconf 91' lang='lat' dir='ltr'><strong>nos</strong></span> <span class='ocrx_word' id='word_1_698' title='bbox 1049 1815 1231 1847; x_wconf 83' lang='lat' dir='ltr'><strong>Christianos,</strong></span> <span class='ocrx_word' id='word_1_699' title='bbox 1242 1815 1288 1850; x_wconf 86' lang='lat' dir='ltr'><strong>qui</strong></span> <span class='ocrx_word' id='word_1_700' title='bbox 1299 1819 1401 1842; x_wconf 78' lang='lat' dir='ltr'><strong>sancta:</strong></span> <span class='ocrx_word' id='word_1_701' title='bbox 1409 1815 1500 1842; x_wconf 77' lang='lat' dir='ltr'><strong>Matris</strong></span> <span class='ocrx_word' id='word_1_702' title='bbox 1507 1815 1567 1849; x_wconf 79' lang='lat' dir='ltr'><strong>ejus</strong></span> <span class='ocrx_word' id='word_1_703' title='bbox 1577 1814 1671 1842; x_wconf 86' lang='lat' dir='ltr'><strong>famuli</strong></span> <span class='ocrx_word' id='word_1_704' title='bbox 1683 1822 1790 1846; x_wconf 83' lang='lat' dir='ltr'><strong>sumus,</strong></span> 
     </span>
    </p>
   </div>
   <div class='ocr_carea' id='block_1_95' title="bbox 992 1861 1789 1898">
    <p class='ocr_par' dir='ltr' id='par_1_95' title="bbox 992 1861 1789 1898">
     <span class='ocr_line' id='line_1_95' title="bbox 992 1861 1789 1898; baseline -0.003 -8"><span class='ocrx_word' id='word_1_705' title='bbox 992 1867 1074 1898; x_wconf 90' lang='lat' dir='ltr'><strong>atque</strong></span> <span class='ocrx_word' id='word_1_706' title='bbox 1087 1863 1122 1890; x_wconf 87' lang='lat' dir='ltr'><strong>ab</strong></span> <span class='ocrx_word' id='word_1_707' title='bbox 1132 1862 1228 1890; x_wconf 86' lang='lat' dir='ltr'><strong>eadem</strong></span> <span class='ocrx_word' id='word_1_708' title='bbox 1245 1862 1279 1890; x_wconf 90' lang='lat' dir='ltr'><strong>ad</strong></span> <span class='ocrx_word' id='word_1_709' title='bbox 1291 1862 1438 1897; x_wconf 88' lang='lat' dir='ltr'><strong>puritatem</strong></span> <span class='ocrx_word' id='word_1_710' title='bbox 1455 1861 1674 1898; x_wconf 81' lang='lat' dir='ltr'><strong>virginitatisque</strong></span> <span class='ocrx_word' id='word_1_711' title='bbox 1686 1866 1789 1888; x_wconf 84' lang='lat' dir='ltr'><strong>arctam</strong></span> 
     </span>
    </p>
   </div>
   <div class='ocr_carea' id='block_1_96' title="bbox 991 1908 1789 1942">
    <p class='ocr_par' dir='ltr' id='par_1_96' title="bbox 991 1908 1789 1942">
     <span class='ocr_line' id='line_1_96' title="bbox 991 1908 1789 1942; baseline -0.003 -6"><span class='ocrx_word' id='word_1_712' title='bbox 991 1909 1146 1936; x_wconf 82' lang='lat' dir='ltr'><strong>custodiam</strong></span> <span class='ocrx_word' id='word_1_713' title='bbox 1161 1909 1280 1936; x_wconf 89' lang='lat' dir='ltr'><strong>instituti</strong></span> <span class='ocrx_word' id='word_1_714' title='bbox 1310 1908 1424 1939; x_wconf 86' lang='lat' dir='ltr'><strong>fuimus.</strong></span> <span class='ocrx_word' id='word_1_715' title='bbox 1446 1908 1539 1935; x_wconf 77' lang='lat' dir='ltr'><strong>multae</strong></span> <span class='ocrx_word' id='word_1_716' title='bbox 1562 1913 1638 1940; x_wconf 85' lang='lat' dir='ltr'><strong>sunt.</strong></span> <span class='ocrx_word' id='word_1_717' title='bbox 1665 1909 1789 1942; x_wconf 83' lang='lat' dir='ltr'><strong>inquam,</strong></span> 
     </span>
    </p>
   </div>
   <div class='ocr_carea' id='block_1_97' title="bbox 991 1954 1789 1990">
    <p class='ocr_par' dir='ltr' id='par_1_97' title="bbox 991 1954 1789 1990">
     <span class='ocr_line' id='line_1_97' title="bbox 991 1954 1789 1990; baseline -0.001 -8"><span class='ocrx_word' id='word_1_718' title='bbox 991 1963 1052 1990; x_wconf 64' lang='lat' dir='ltr'><strong>quat</strong></span> <span class='ocrx_word' id='word_1_719' title='bbox 1065 1955 1120 1982; x_wconf 84' lang='lat' dir='ltr'><strong>ﬁlio</strong></span> <span class='ocrx_word' id='word_1_720' title='bbox 1135 1963 1190 1982; x_wconf 87' lang='lat' dir='ltr'><strong>uno</strong></span> <span class='ocrx_word' id='word_1_721' title='bbox 1207 1959 1346 1989; x_wconf 89' lang='lat' dir='ltr'><strong>suscepto,</strong></span> <span class='ocrx_word' id='word_1_722' title='bbox 1362 1954 1475 1982; x_wconf 84' lang='lat' dir='ltr'><strong>alterius</strong></span> <span class='ocrx_word' id='word_1_723' title='bbox 1494 1954 1545 1981; x_wconf 89' lang='lat' dir='ltr'><strong>viri</strong></span> <span class='ocrx_word' id='word_1_724' title='bbox 1561 1954 1719 1989; x_wconf 81' lang='lat' dir='ltr'><strong>coniugium</strong></span> <span class='ocrx_word' id='word_1_725' title='bbox 1733 1961 1789 1981; x_wconf 87' lang='lat' dir='ltr'><strong>non</strong></span> 
     </span>
    </p>
   </div>
   <div class='ocr_carea' id='block_1_98' title="bbox 991 1999 1788 2034">
    <p class='ocr_par' dir='ltr' id='par_1_98' title="bbox 991 1999 1788 2034">
     <span class='ocr_line' id='line_1_98' title="bbox 991 1999 1788 2034; baseline -0.001 -7"><span class='ocrx_word' id='word_1_726' title='bbox 991 2001 1152 2028; x_wconf 84' lang='lat' dir='ltr'><strong>admittunt.</strong></span> <span class='ocrx_word' id='word_1_727' title='bbox 1176 2000 1248 2027; x_wconf 84' lang='lat' dir='ltr'><strong>Sunt</strong></span> <span class='ocrx_word' id='word_1_728' title='bbox 1268 2000 1329 2027; x_wconf 71' lang='lat' dir='ltr'><strong>alia:</strong></span> <span class='ocrx_word' id='word_1_729' title='bbox 1354 2007 1415 2034; x_wconf 69' lang='lat' dir='ltr'><strong>qua:</strong></span> <span class='ocrx_word' id='word_1_730' title='bbox 1432 2007 1546 2034; x_wconf 90' lang='lat' dir='ltr'><strong>prorsus</strong></span> <span class='ocrx_word' id='word_1_731' title='bbox 1565 1999 1703 2026; x_wconf 88' lang='lat' dir='ltr'><strong>immunes</strong></span> <span class='ocrx_word' id='word_1_732' title='bbox 1724 2007 1788 2034; x_wconf 86' lang='lat' dir='ltr'><strong>pcr-</strong></span> 
     </span>
    </p>
   </div>
   <div class='ocr_carea' id='block_1_99' title="bbox 989 2046 1786 2081">
    <p class='ocr_par' dir='ltr' id='par_1_99' title="bbox 989 2046 1786 2081">
     <span class='ocr_line' id='line_1_99' title="bbox 989 2046 1786 2081; baseline -0.003 -7"><span class='ocrx_word' id='word_1_733' title='bbox 989 2052 1103 2074; x_wconf 85' lang='lat' dir='ltr'><strong>manent</strong></span> <span class='ocrx_word' id='word_1_734' title='bbox 1123 2047 1209 2075; x_wconf 87' lang='lat' dir='ltr'><strong>virilis</strong></span> <span class='ocrx_word' id='word_1_735' title='bbox 1221 2047 1325 2081; x_wconf 76' lang='lat' dir='ltr'><strong>copulae</strong></span> <span class='ocrx_word' id='word_1_736' title='bbox 1335 2051 1363 2074; x_wconf 90' lang='lat' dir='ltr'><strong>et</strong></span> <span class='ocrx_word' id='word_1_737' title='bbox 1376 2051 1518 2074; x_wconf 75' lang='lat' dir='ltr'><strong>contactus</strong></span> <span class='ocrx_word' id='word_1_738' title='bbox 1535 2051 1618 2080; x_wconf 80' lang='lat' dir='ltr'><strong>atque</strong></span> <span class='ocrx_word' id='word_1_739' title='bbox 1632 2046 1786 2073; x_wconf 88' lang='lat' dir='ltr'><strong>convictus.</strong></span> 
     </span>
    </p>
   </div>
   <div class='ocr_carea' id='block_1_100' title="bbox 990 2092 1788 2128">
    <p class='ocr_par' dir='ltr' id='par_1_100' title="bbox 990 2092 1788 2128">
     <span class='ocr_line' id='line_1_100' title="bbox 990 2092 1788 2128; baseline -0.003 -7"><span class='ocrx_word' id='word_1_740' title='bbox 990 2094 1080 2121; x_wconf 86' lang='lat' dir='ltr'><strong>Decus</strong></span> <span class='ocrx_word' id='word_1_741' title='bbox 1100 2093 1201 2128; x_wconf 83' lang='lat' dir='ltr'><strong>alioqui</strong></span> <span class='ocrx_word' id='word_1_742' title='bbox 1235 2093 1357 2128; x_wconf 71' lang='lat' dir='ltr'><strong>Deiparze</strong></span> <span class='ocrx_word' id='word_1_743' title='bbox 1380 2093 1499 2120; x_wconf 83' lang='lat' dir='ltr'><strong>visibilia</strong></span> <span class='ocrx_word' id='word_1_744' title='bbox 1526 2093 1617 2120; x_wconf 82' lang='lat' dir='ltr'><strong>omnia</strong></span> <span class='ocrx_word' id='word_1_745' title='bbox 1644 2099 1671 2120; x_wconf 88' lang='lat' dir='ltr'><strong>et</strong></span> <span class='ocrx_word' id='word_1_746' title='bbox 1693 2092 1788 2119; x_wconf 68' lang='lat' dir='ltr'><strong>invisi~</strong></span> 
     </span>
    </p>
   </div>
   <div class='ocr_carea' id='block_1_101' title="bbox 988 2137 1788 2174">
    <p class='ocr_par' dir='ltr' id='par_1_101' title="bbox 988 2137 1788 2174">
     <span class='ocr_line' id='line_1_101' title="bbox 988 2137 1788 2174; baseline 0 -9"><span class='ocrx_word' id='word_1_747' title='bbox 988 2138 1052 2166; x_wconf 88' lang='lat' dir='ltr'><strong>bilia</strong></span> <span class='ocrx_word' id='word_1_748' title='bbox 1081 2139 1199 2171; x_wconf 83' lang='lat' dir='ltr'><strong>excedit,</strong></span> <span class='ocrx_word' id='word_1_749' title='bbox 1226 2138 1283 2166; x_wconf 88' lang='lat' dir='ltr'><strong>Deo</strong></span> <span class='ocrx_word' id='word_1_750' title='bbox 1303 2138 1361 2166; x_wconf 88' lang='lat' dir='ltr'><strong>solo</strong></span> <span class='ocrx_word' id='word_1_751' title='bbox 1389 2143 1514 2174; x_wconf 77' lang='lat' dir='ltr'><strong>excepto,</strong></span> <span class='ocrx_word' id='word_1_752' title='bbox 1542 2137 1718 2173; x_wconf 83' lang='lat' dir='ltr'><strong>quantumvis</strong></span> <span class='ocrx_word' id='word_1_753' title='bbox 1733 2137 1788 2173; x_wconf 67' lang='grc'><strong>74</strong></span> 
     </span>
    </p>
   </div>
   <div class='ocr_carea' id='block_1_102' title="bbox 988 2185 1787 2221">
    <p class='ocr_par' dir='ltr' id='par_1_102' title="bbox 988 2185 1787 2221">
     <span class='ocr_line' id='line_1_102' title="bbox 988 2185 1787 2221; baseline -0.003 -8"><span class='ocrx_word' id='word_1_754' title='bbox 988 2185 1102 2221; x_wconf 81' lang='lat' dir='ltr'><strong>glOriosa</strong></span> <span class='ocrx_word' id='word_1_755' title='bbox 1132 2190 1159 2213; x_wconf 87' lang='lat' dir='ltr'><strong>et</strong></span> <span class='ocrx_word' id='word_1_756' title='bbox 1187 2185 1297 2213; x_wconf 77' lang='lat' dir='ltr'><strong>eximia.</strong></span> <span class='ocrx_word' id='word_1_757' title='bbox 1341 2185 1395 2214; x_wconf 86' lang='lat' dir='ltr'><strong>Sed</strong></span> <span class='ocrx_word' id='word_1_758' title='bbox 1429 2190 1457 2213; x_wconf 87' lang='lat' dir='ltr'><strong>et</strong></span> <span class='ocrx_word' id='word_1_759' title='bbox 1496 2185 1546 2213; x_wconf 83' lang='lat' dir='ltr'><strong>viri</strong></span> <span class='ocrx_word' id='word_1_760' title='bbox 1577 2185 1714 2212; x_wconf 88' lang='lat' dir='ltr'><strong>innumeri</strong></span> <span class='ocrx_word' id='word_1_761' title='bbox 1739 2192 1787 2218; x_wconf 84' lang='lat' dir='ltr'><strong>pa-</strong></span> 
     </span>
    </p>
   </div>
   <div class='ocr_carea' id='block_1_103' title="bbox 990 2231 1786 2268">
    <p class='ocr_par' dir='ltr' id='par_1_103' title="bbox 990 2231 1786 2268">
     <span class='ocr_line' id='line_1_103' title="bbox 990 2231 1786 2268; baseline -0.001 -9"><span class='ocrx_word' id='word_1_762' title='bbox 990 2232 1056 2260; x_wconf 85' lang='lat' dir='ltr'><strong>riter</strong></span> <span class='ocrx_word' id='word_1_763' title='bbox 1100 2232 1221 2268; x_wconf 82' lang='lat' dir='ltr'><strong>virgines</strong></span> <span class='ocrx_word' id='word_1_764' title='bbox 1252 2231 1365 2259; x_wconf 84' lang='lat' dir='ltr'><strong>fuerunt</strong></span> <span class='ocrx_word' id='word_1_765' title='bbox 1405 2236 1433 2259; x_wconf 88' lang='lat' dir='ltr'><strong>et</strong></span> <span class='ocrx_word' id='word_1_766' title='bbox 1468 2236 1544 2259; x_wconf 88' lang='lat' dir='ltr'><strong>sunt.</strong></span> <span class='ocrx_word' id='word_1_767' title='bbox 1562 2231 1590 2258; x_wconf 87' lang='lat' dir='ltr'><strong>Si</strong></span> <span class='ocrx_word' id='word_1_768' title='bbox 1616 2239 1681 2265; x_wconf 76' lang='lat' dir='ltr'><strong>ergo</strong></span> <span class='ocrx_word' id='word_1_769' title='bbox 1718 2231 1786 2259; x_wconf 91' lang='lat' dir='ltr'><strong>viles</strong></span> 
     </span>
    </p>
   </div>
   <div class='ocr_carea' id='block_1_104' title="bbox 986 2273 1784 2314">
    <p class='ocr_par' dir='ltr' id='par_1_104' title="bbox 986 2273 1784 2314">
     <span class='ocr_line' id='line_1_104' title="bbox 986 2273 1784 2314; baseline -0.001 -7"><span class='ocrx_word' id='word_1_770' title='bbox 986 2273 1153 2314; x_wconf 84' lang='lat' dir='ltr'><strong>inutilesque</strong></span> <span class='ocrx_word' id='word_1_771' title='bbox 1209 2279 1303 2307; x_wconf 84' lang='lat' dir='ltr'><strong>famuli</strong></span> <span class='ocrx_word' id='word_1_772' title='bbox 1360 2279 1522 2314; x_wconf 75' lang='lat' dir='ltr'><strong>huiusmodi</strong></span> <span class='ocrx_word' id='word_1_773' title='bbox 1567 2278 1784 2306; x_wconf 84' lang='lat' dir='ltr'><strong>charismatibus</strong></span> 
     </span>
    </p>
   </div>
   <div class='ocr_carea' id='block_1_105' title="bbox 986 2325 1784 2362">
    <p class='ocr_par' dir='ltr' id='par_1_105' title="bbox 986 2325 1784 2362">
     <span class='ocr_line' id='line_1_105' title="bbox 986 2325 1784 2362; baseline -0.003 -9"><span class='ocrx_word' id='word_1_774' title='bbox 986 2327 1061 2362; x_wconf 81' lang='lat' dir='ltr'><strong>digni</strong></span> <span class='ocrx_word' id='word_1_775' title='bbox 1076 2327 1221 2359; x_wconf 84' lang='lat' dir='ltr'><strong>habentur,</strong></span> <span class='ocrx_word' id='word_1_776' title='bbox 1239 2326 1283 2354; x_wconf 90' lang='lat' dir='ltr'><strong>illa</strong></span> <span class='ocrx_word' id='word_1_777' title='bbox 1294 2334 1355 2361; x_wconf 72' lang='lat' dir='ltr'><strong>quae</strong></span> <span class='ocrx_word' id='word_1_778' title='bbox 1364 2326 1560 2354; x_wconf 87' lang='lat' dir='ltr'><strong>charismatum</strong></span> <span class='ocrx_word' id='word_1_779' title='bbox 1572 2325 1784 2357; x_wconf 85' lang='lat' dir='ltr'><strong>divinorumque</strong></span> 
     </span>
    </p>
   </div>
   <div class='ocr_carea' id='block_1_106' title="bbox 985 2370 1784 2405">
    <p class='ocr_par' dir='ltr' id='par_1_106' title="bbox 985 2370 1784 2405">
     <span class='ocr_line' id='line_1_106' title="bbox 985 2370 1784 2405; baseline -0.004 -4"><span class='ocrx_word' id='word_1_780' title='bbox 985 2374 1121 2402; x_wconf 82' lang='lat' dir='ltr'><strong>bonorum</strong></span> <span class='ocrx_word' id='word_1_781' title='bbox 1132 2373 1194 2401; x_wconf 85' lang='lat' dir='ltr'><strong>fons</strong></span> <span class='ocrx_word' id='word_1_782' title='bbox 1209 2378 1261 2404; x_wconf 88' lang='lat' dir='ltr'><strong>est,</strong></span> <span class='ocrx_word' id='word_1_783' title='bbox 1276 2373 1303 2400; x_wconf 92' lang='lat' dir='ltr'><strong>in</strong></span> <span class='ocrx_word' id='word_1_784' title='bbox 1315 2373 1427 2400; x_wconf 89' lang='lat' dir='ltr'><strong>nomine</strong></span> <span class='ocrx_word' id='word_1_785' title='bbox 1443 2371 1502 2399; x_wconf 77' lang='lat' dir='ltr'><strong>Filii</strong></span> <span class='ocrx_word' id='word_1_786' title='bbox 1514 2372 1568 2405; x_wconf 90' lang='lat' dir='ltr'><strong>sui,</strong></span> <span class='ocrx_word' id='word_1_787' title='bbox 1580 2371 1686 2399; x_wconf 87' lang='lat' dir='ltr'><strong>Domini</strong></span> <span class='ocrx_word' id='word_1_788' title='bbox 1697 2370 1784 2398; x_wconf 83' lang='lat' dir='ltr'><strong>nostri</strong></span> 
     </span>
    </p>
   </div>
   <div class='ocr_carea' id='block_1_107' title="bbox 990 2418 1784 2454">
    <p class='ocr_par' dir='ltr' id='par_1_107' title="bbox 990 2418 1784 2454">
     <span class='ocr_line' id='line_1_107' title="bbox 990 2418 1784 2454; baseline -0.001 -7"><span class='ocrx_word' id='word_1_789' title='bbox 990 2420 1095 2454; x_wconf 89' lang='lat' dir='ltr'><strong>Deique</strong></span> <span class='ocrx_word' id='word_1_790' title='bbox 1107 2419 1174 2447; x_wconf 82' lang='lat' dir='ltr'><strong>.Iesu</strong></span> <span class='ocrx_word' id='word_1_791' title='bbox 1197 2419 1311 2452; x_wconf 87' lang='lat' dir='ltr'><strong>Christi,</strong></span> <span class='ocrx_word' id='word_1_792' title='bbox 1329 2419 1376 2454; x_wconf 92' lang='lat' dir='ltr'><strong>qui</strong></span> <span class='ocrx_word' id='word_1_793' title='bbox 1390 2426 1462 2446; x_wconf 91' lang='lat' dir='ltr'><strong>unus</strong></span> <span class='ocrx_word' id='word_1_794' title='bbox 1484 2419 1518 2446; x_wconf 91' lang='lat' dir='ltr'><strong>de</strong></span> <span class='ocrx_word' id='word_1_795' title='bbox 1537 2424 1631 2446; x_wconf 79' lang='lat' dir='ltr'><strong>sancta</strong></span> <span class='ocrx_word' id='word_1_796' title='bbox 1646 2418 1784 2446; x_wconf 86' lang='lat' dir='ltr'><strong>Trinitate</strong></span> 
     </span>
    </p>
   </div>
   <div class='ocr_carea' id='block_1_108' title="bbox 989 2465 1785 2501">
    <p class='ocr_par' dir='ltr' id='par_1_108' title="bbox 989 2465 1785 2501">
     <span class='ocr_line' id='line_1_108' title="bbox 989 2465 1785 2501; baseline -0.003 -8"><span class='ocrx_word' id='word_1_797' title='bbox 989 2471 1044 2499; x_wconf 81' lang='lat' dir='ltr'><strong>est,</strong></span> <span class='ocrx_word' id='word_1_798' title='bbox 1073 2466 1211 2501; x_wconf 90' lang='lat' dir='ltr'><strong>quomodo</strong></span> <span class='ocrx_word' id='word_1_799' title='bbox 1235 2473 1335 2500; x_wconf 85' lang='lat' dir='ltr'><strong>expers</strong></span> <span class='ocrx_word' id='word_1_800' title='bbox 1356 2465 1440 2493; x_wconf 90' lang='lat' dir='ltr'><strong>fuerit</strong></span> <span class='ocrx_word' id='word_1_801' title='bbox 1460 2469 1515 2492; x_wconf 86' lang='lat' dir='ltr'><strong>tam</strong></span> <span class='ocrx_word' id='word_1_802' title='bbox 1535 2465 1649 2500; x_wconf 91' lang='lat' dir='ltr'><strong>proprio</strong></span> <span class='ocrx_word' id='word_1_803' title='bbox 1672 2469 1701 2492; x_wconf 87' lang='lat' dir='ltr'><strong>et</strong></span> <span class='ocrx_word' id='word_1_804' title='bbox 1726 2468 1785 2491; x_wconf 88' lang='lat' dir='ltr'><strong>tam</strong></span> 
     </span>
    </p>
   </div>
   <div class='ocr_carea' id='block_1_109' title="bbox 988 2510 1783 2548">
    <p class='ocr_par' dir='ltr' id='par_1_109' title="bbox 988 2510 1783 2548">
     <span class='ocr_line' id='line_1_109' title="bbox 988 2510 1783 2548; baseline -0.003 -8"><span class='ocrx_word' id='word_1_805' title='bbox 988 2513 1122 2548; x_wconf 87' lang='lat' dir='ltr'><strong>peculiari</strong></span> <span class='ocrx_word' id='word_1_806' title='bbox 1139 2512 1317 2544; x_wconf 83' lang='lat' dir='ltr'><strong>charismate,</strong></span> <span class='ocrx_word' id='word_1_807' title='bbox 1336 2511 1410 2548; x_wconf 91' lang='lat' dir='ltr'><strong>quod</strong></span> <span class='ocrx_word' id='word_1_808' title='bbox 1431 2519 1491 2539; x_wconf 86' lang='lat' dir='ltr'><strong>cam</strong></span> <span class='ocrx_word' id='word_1_809' title='bbox 1507 2511 1593 2539; x_wconf 82' lang='lat' dir='ltr'><strong>solam</strong></span> <span class='ocrx_word' id='word_1_810' title='bbox 1619 2519 1668 2547; x_wconf 90' lang='lat' dir='ltr'><strong>pro</strong></span> <span class='ocrx_word' id='word_1_811' title='bbox 1691 2510 1783 2546; x_wconf 75' lang='lat' dir='ltr'><strong>digni-</strong></span> 
     </span>
    </p>
   </div>
   <div class='ocr_carea' id='block_1_110' title="bbox 981 2677 1780 2717">
    <p class='ocr_par' dir='ltr' id='par_1_110' title="bbox 981 2677 1780 2717">
     <span class='ocr_line' id='line_1_110' title="bbox 981 2677 1780 2717; baseline -0.005 -9"><span class='ocrx_word' id='word_1_812' title='bbox 981 2685 1035 2708; x_wconf 90' lang='lat' dir='ltr'><strong>tem</strong></span> <span class='ocrx_word' id='word_1_813' title='bbox 1052 2680 1243 2717; x_wconf 77' lang='lat' dir='ltr'><strong>laudaveruut,</strong></span> <span class='ocrx_word' id='word_1_814' title='bbox 1258 2682 1348 2717; x_wconf 90' lang='lat' dir='ltr'><strong>primo</strong></span> <span class='ocrx_word' id='word_1_815' title='bbox 1360 2681 1472 2716; x_wconf 88' lang='lat' dir='ltr'><strong>quidem</strong></span> <span class='ocrx_word' id='word_1_816' title='bbox 1490 2679 1517 2717; x_wconf 80' lang='lat' dir='ltr'><strong>in</strong></span> <span class='ocrx_word' id='word_1_817' title='bbox 1533 2678 1682 2717; x_wconf 65' lang='lat' dir='ltr'><strong>evangeliis</strong></span> <span class='ocrx_word' id='word_1_818' title='bbox 1697 2677 1780 2706; x_wconf 76' lang='lat' dir='ltr'><strong>Chri-</strong></span> 
     </span>
    </p>
   </div>
   <div class='ocr_carea' id='block_1_111' title="bbox 981 2714 1781 2748">
    <p class='ocr_par' dir='ltr' id='par_1_111' title="bbox 981 2714 1781 2748">
     <span class='ocr_line' id='line_1_111' title="bbox 981 2714 1781 2748; baseline -0.004 -5"><span class='ocrx_word' id='word_1_819' title='bbox 981 2721 1040 2744; x_wconf 77' lang='lat' dir='ltr'><strong>stus</strong></span> <span class='ocrx_word' id='word_1_820' title='bbox 1054 2716 1195 2748; x_wconf 88' lang='lat' dir='ltr'><strong>Dominus,</strong></span> <span class='ocrx_word' id='word_1_821' title='bbox 1210 2714 1309 2744; x_wconf 77' lang='lat' dir='ltr'><strong>deinde</strong></span> <span class='ocrx_word' id='word_1_822' title='bbox 1325 2714 1425 2744; x_wconf 84' lang='lat' dir='ltr'><strong>Paulus</strong></span> <span class='ocrx_word' id='word_1_823' title='bbox 1436 2716 1463 2743; x_wconf 89' lang='lat' dir='ltr'><strong>in</strong></span> <span class='ocrx_word' id='word_1_824' title='bbox 1474 2714 1615 2746; x_wconf 62' lang='lat' dir='ltr'><strong>epistolis,</strong></span> <span class='ocrx_word' id='word_1_825' title='bbox 1623 2719 1649 2741; x_wconf 85' lang='lat' dir='ltr'><strong>et</strong></span> <span class='ocrx_word' id='word_1_826' title='bbox 1657 2714 1781 2741; x_wconf 80' lang='lat' dir='ltr'><strong>Joannes</strong></span> 
     </span>
    </p>
   </div>
   <div class='ocr_carea' id='block_1_112' title="bbox 980 2750 1778 2787">
    <p class='ocr_par' dir='ltr' id='par_1_112' title="bbox 980 2750 1778 2787">
     <span class='ocr_line' id='line_1_112' title="bbox 980 2750 1778 2787; baseline -0.004 -8"><span class='ocrx_word' id='word_1_827' title='bbox 980 2753 1007 2779; x_wconf 93' lang='lat' dir='ltr'><strong>in</strong></span> <span class='ocrx_word' id='word_1_828' title='bbox 1024 2752 1208 2787; x_wconf 83' lang='lat' dir='ltr'><strong>Apocalypsi?</strong></span> <span class='ocrx_word' id='word_1_829' title='bbox 1233 2752 1306 2780; x_wconf 85' lang='lat' dir='ltr'><strong>Nihil</strong></span> <span class='ocrx_word' id='word_1_830' title='bbox 1323 2753 1453 2786; x_wconf 86' lang='lat' dir='ltr'><strong>deinceps</strong></span> <span class='ocrx_word' id='word_1_831' title='bbox 1468 2750 1623 2787; x_wconf 73' lang='lat' dir='ltr'><strong>eﬂeccrunt</strong></span> <span class='ocrx_word' id='word_1_832' title='bbox 1647 2754 1686 2777; x_wconf 93' lang='lat' dir='ltr'><strong>tot</strong></span> <span class='ocrx_word' id='word_1_833' title='bbox 1698 2750 1778 2787; x_wconf 83' lang='lat' dir='ltr'><strong>lucu-</strong></span> 
     </span>
    </p>
   </div>
   <div class='ocr_carea' id='block_1_113' title="bbox 980 2784 1780 2822">
    <p class='ocr_par' dir='ltr' id='par_1_113' title="bbox 980 2784 1780 2822">
     <span class='ocr_line' id='line_1_113' title="bbox 980 2784 1780 2822; baseline -0.003 -8"><span class='ocrx_word' id='word_1_834' title='bbox 980 2784 1158 2816; x_wconf 45' lang='lat' dir='ltr'><strong>lentissimis‘.</strong></span> <span class='ocrx_word' id='word_1_835' title='bbox 1175 2796 1236 2822; x_wconf 81' lang='lat' dir='ltr'><strong>quae</strong></span> <span class='ocrx_word' id='word_1_836' title='bbox 1263 2792 1381 2818; x_wconf 74' lang='lat' dir='ltr'><strong>exstant.</strong></span> <span class='ocrx_word' id='word_1_837' title='bbox 1414 2784 1470 2822; x_wconf 73' lang='lat' dir='ltr'><strong>pro</strong></span> <span class='ocrx_word' id='word_1_838' title='bbox 1489 2785 1647 2822; x_wconf 63' lang='lat' dir='ltr'><strong>virginitate</strong></span> <span class='ocrx_word' id='word_1_839' title='bbox 1669 2784 1780 2819; x_wconf 87' lang='lat' dir='ltr'><strong>scriptis</strong></span> 
     </span>
    </p>
   </div>
   <div class='ocr_carea' id='block_1_114' title="bbox 978 2819 1776 2856">
    <p class='ocr_par' dir='ltr' id='par_1_114' title="bbox 978 2819 1776 2856">
     <span class='ocr_line' id='line_1_114' title="bbox 978 2819 1776 2856; baseline -0.005 -6"><span class='ocrx_word' id='word_1_840' title='bbox 978 2822 1105 2850; x_wconf 77' lang='lat' dir='ltr'><strong>Clemens</strong></span> <span class='ocrx_word' id='word_1_841' title='bbox 1132 2819 1281 2853; x_wconf 68' lang='lat' dir='ltr'><strong>Rullianus.</strong></span> <span class='ocrx_word' id='word_1_842' title='bbox 1306 2819 1431 2853; x_wconf 66' lang='lat' dir='ltr'><strong>Basilius,</strong></span> <span class='ocrx_word' id='word_1_843' title='bbox 1456 2819 1604 2856; x_wconf 78' lang='lat' dir='ltr'><strong>Gregorius</strong></span> <span class='ocrx_word' id='word_1_844' title='bbox 1626 2819 1776 2856; x_wconf 76' lang='lat' dir='ltr'><strong>Nysscnus.</strong></span> 
     </span>
    </p>
   </div>
   <div class='ocr_carea' id='block_1_115' title="bbox 979 2855 1776 2894">
    <p class='ocr_par' dir='ltr' id='par_1_115' title="bbox 979 2855 1776 2894">
     <span class='ocr_line' id='line_1_115' title="bbox 979 2855 1776 2894; baseline -0.004 -10"><span class='ocrx_word' id='word_1_845' title='bbox 979 2859 1198 2894; x_wconf 75' lang='lat' dir='ltr'><strong>Chrysostomus,</strong></span> <span class='ocrx_word' id='word_1_846' title='bbox 1209 2857 1585 2894; x_wconf 78' lang='lat' dir='ltr'><strong>Epiphanius,Hicronymus,</strong></span> <span class='ocrx_word' id='word_1_847' title='bbox 1594 2855 1776 2892; x_wconf 81' lang='lat' dir='ltr'><strong>Augustinus,</strong></span> 
     </span>
    </p>
   </div>
   <div class='ocr_carea' id='block_1_116' title="bbox 981 2893 1253 2929">
    <p class='ocr_par' dir='ltr' id='par_1_116' title="bbox 981 2893 1253 2929">
     <span class='ocr_line' id='line_1_116' title="bbox 981 2893 1253 2929; baseline -0.004 -8"><span class='ocrx_word' id='word_1_848' title='bbox 981 2893 1112 2927; x_wconf 80' lang='lat' dir='ltr'><strong>Isidorus,</strong></span> <span class='ocrx_word' id='word_1_849' title='bbox 1129 2894 1231 2929; x_wconf 83' lang='lat' dir='ltr'><strong>aliique</strong></span> <span class='ocrx_word' id='word_1_850' title='bbox 1243 2894 1253 2920; x_wconf 62' lang='grc' dir='ltr'><em>Τ</em></span> 
     </span>
    </p>
   </div>
  </div>
