1948 3070
163 174 233 208 1343

840 180 957 211 PETRI
985 181 1113 213 SICULI

1739 187 1810 220 1314

165 236 220 260 tate
231 232 357 267 decebat,
370 240 425 268 pne
437 233 490 262 alio
507 235 615 262 mortali
627 235 735 271 quovis,
752 244 852 272 nempe
863 237 961 265 utsine

1020 237 1134 266 τοιούτου
1151 239 1300 268 ίδιαιτάτου
1317 240 1387 277 αὕτη
1401 242 1448 270 καὶ
1465 243 1608 279 ὲξαιρέτου
1622 245 1808 281 χαρίσματος,

163 278 271 306 semine
300 287 389 315 regem
419 279 566 308 Dominum
591 282 723 316 pareret?
747 282 837 318 Atque
864 283 900 311 ob
933 283 962 311 id

164 323 335 352 inaccessum
347 325 427 359 foret,
439 327 513 362 quod
532 328 716 355 reverentiam
738 329 781 356 vel
792 329 873 357 unice
887 330 963 365 cogi-

165 374 251 397 latum
268 371 377 403 incutit,
395 377 520 400 sanctum
533 373 598 401 illud
611 378 639 401 et
662 375 840 403 tremendum
855 376 962 404 anima-

163 419 221 442 tum
234 424 297 450 vas;
314 417 350 444 ita
364 421 394 444 ut
405 418 522 446 maxima
535 420 729 448 convenientia
738 426 823 455 esset,
836 430 869 449 eo
879 430 962 457 quem

163 461 240 489 solus
257 462 315 497 ipse
330 463 381 490 scit
392 464 484 495 modo,
497 472 559 492 cum
573 465 633 500 ejus
644 465 804 495 honoranda
819 472 846 496 ιιι
855 472 960 503 sancta,

163 514 246 542 quam
264 508 298 536 de
314 508 398 537 Maria
414 511 542 546 sumpsit,
560 511 748 541 incarnatione
763 514 776 541 ?

200 606 235 635 Χ.
249 608 307 637 Hoc
322 609 405 638 etiam
428 611 629 646 animadverte,
653 614 728 649 quod
749 619 814 643 ante
837 615 961 645 divinum

163 654 273 688 quidem
304 663 413 690 partum
430 659 544 693 angelus
564 658 686 695 Josepho
712 661 772 689 ait:
805 661 847 689 Ne
866 663 961 691 timeas

164 701 282 735 (recipere
292 701 411 729 Mariam
419 703 557 739 conjugem
571 710 654 733 tuam.
671 705 820 742 Conjugem
833 708 961 744 appellat,

164 752 201 772 ne
213 745 236 773 is
249 747 430 780 existimaret,
447 749 633 784 suspicionem
647 751 764 786 aliquam
778 760 839 781 esse
851 754 884 782 de
903 754 961 782 vir-

164 791 238 826 gine.
255 791 320 819 Post
335 792 510 821 Servatorem
531 799 623 823 autem
650 802 730 831 partu
746 798 863 832 editum,
888 800 962 828 haud

164 837 280 865 ulterius
291 838 436 875 coniugem
457 840 525 868 dixit
541 849 547 867 :
563 841 619 869 Ceu
635 850 701 870 sene
711 851 744 871 ex
758 845 873 879 patratis
893 850 959 874 tunc

165 883 306 911 miraculis
321 885 386 912 satis
399 885 561 914 conﬁrmato
572 907 580 919 ,
597 888 670 922 quod
682 889 806 917 divinum
821 890 887 918 illud
902 899 958 919 non

165 928 316 956 humanum
337 934 409 958 esset
438 932 597 967 negotium:
618 932 745 961 videlicet
766 942 801 962 ex
823 935 962 972 Magorum

165 974 297 1008 adventu,
309 977 468 1012 angelorum
491 978 650 1014 hymnodia,
670 982 824 1017 peregrinae
841 987 869 1010 et
880 991 963 1011 εισι-ιι

164 1019 278 1047 bilantis
293 1021 378 1049 stella:
394 1030 477 1050 cursu
495 1023 775 1060 insolito,{pastorum
792 1027 962 1062 interventu,

164 1070 248 1101 atque
260 1067 288 1094 in
306 1068 404 1103 primis
431 1074 510 1104 partu
527 1071 587 1099 sine
608 1072 713 1100 dolore.
732 1073 787 1101 Sed
810 1075 882 1102 enim
898 1076 963 1110 quid

165 1114 224 1140 ait?
236 1114 321 1150 Surge
330 1120 354 1142 et
367 1117 457 1151 accipe
473 1125 586 1152 puerum
605 1127 636 1146 ac
650 1124 765 1148 matrem
779 1122 847 1156 ejus,
864 1127 888 1150 et
901 1124 964 1159 fuge

165 1160 194 1186 in
205 1159 360 1196 [Egyptum
392 1161 423 1189 Et
440 1168 558 1197 postea:
584 1163 678 1200 Surge,
706 1166 806 1200 inquit,
826 1172 850 1193 et
871 1168 963 1203 accipe

165 1212 290 1239 puerum,
306 1211 330 1233 et
341 1207 407 1234 vade
416 1207 443 1234 in
458 1211 558 1235 terram
569 1207 681 1236 Israelis
692 1209 746 1237 7“.
759 1211 883 1244 Quanam
896 1220 963 1240 vero

166 1251 195 1278 in
224 1251 365 1286 Scriptura
393 1253 561 1288 comperisti
578 1255 665 1290 ipsam
679 1255 764 1284 alium
785 1266 895 1293 quoque
914 1266 963 1294 pe-

166 1296 273 1333 perisse
287 1298 435 1334 aliquando
445 1301 580 1334 puerum?
592 1301 650 1329 Nisi
659 1302 729 1330 forte
736 1310 770 1330 ex
780 1304 865 1331 multa
873 1309 964 1332 vestra

168 1343 290 1378 nequitia
311 1352 343 1371 ac
362 1349 473 1379 stupore
489 1346 542 1382 ’15
566 1352 664 1375 contra
691 1356 801 1385 semper
828 1350 963 1386 virginem

169 1389 370 1426 Deiparamque
391 1392 504 1420 Mariam
519 1401 616 1429 nugas,
638 1393 801 1423 latrantium
821 1403 898 1424 more
917 1405 964 1425 ca-

169 1445 248 1471 num,
263 1446 297 1466 ex
310 1438 420 1474 impuro
434 1447 483 1468 ore
496 1441 588 1469 ves‘tro
605 1441 633 1469 in
650 1448 758 1470 cassum
772 1442 920 1472 eﬂunditis.

977 911 999 938 Β

206 1573 254 1601 XI.
280 1574 318 1602 De
342 1574 406 1602 ﬁliis
420 1580 511 1603 autem
527 1583 542 1602 a
556 1575 676 1610 Josepho
699 1583 766 1604 sene
780 1580 844 1604 ante
863 1575 965 1604 Christi
979 1580 1002 1610 ο

171 1619 320 1648 adventum
335 1621 445 1656 genitis,
457 1622 519 1657 quis
536 1621 588 1650 ﬁde
601 1622 709 1658 dignior
726 1622 803 1650 testis
822 1622 966 1658 sit,-quam

171 1666 224 1701 ipsi
237 1667 274 1694 illi
293 1667 393 1701 sancti,
408 1668 455 1703 qui
471 1676 566 1696 servos
581 1676 610 1697 se
623 1677 679 1696 non
694 1669 793 1696 fratres
804 1669 967 1704 appellant?

172 1714 293 1746 Quorum
315 1722 387 1742 unus
411 1715 496 1742 dicit:
522 1715 639 1743 lacubus
667 1715 715 1743 Dei
731 1719 755 1742 et
778 1715 885 1743 Domini
918 1723 967 1743 ηοο

172 1761 221 1787 atri
247 1760 312 1788 Jesu
346 1760 444 1789 Christi
476 1770 565 1789 servus
588 1762 609 1794 ⁸,
640 1761 769 1789 videlicet
795 1769 967 1797 nequaquam

173 1805 269 1833 frater.
286 1806 361 1833 Alter
374 1813 440 1834 vero
455 1815 464 1834 :
480 1806 565 1834 Iudas
575 1806 640 1834 Jesu
654 1807 755 1835 Christi
768 1815 859 1834 servus
872 1811 901 1835 et
911 1815 968 1835 non

174 1853 255 1884 dixit,
274 1852 368 1880 frater.
386 1852 540 1888 Statimque
557 1853 651 1880 addit:
679 1854 764 1889 frater
776 1858 866 1880 autem
885 1853 968 1881 Jaco-

1011 284 1081 319 ὅπερ
1095 285 1164 320 αὐτῇ
1187 285 1235 312 καὶ
1266 286 1334 323 μόνῃ
1352 286 1436 320 ἀξίως
1449 287 1613 324 ἔπρεπεν,ἢ
1639 289 1712 325 ἄλλῳ
1741 291 1808 324 τινὶ,

1011 330 1041 357 τδ
1055 330 1084 363 ἐξ
1107 331 1193 367 αὐτῆς
1222 333 1314 359 τεκεῖν
1337 333 1467 369 ἀσπόρως
1480 333 1527 361 τὸν
1542 334 1656 370 βασιλέα
1684 336 1807 372 Κύριονς

1011 376 1059 403 καὶ
1079 376 1125 403 διὰ
1151 377 1230 404 τοῦτο
1246 378 1405 414 ἀπρόσιτον,
1424 380 1483 412 δέος
1499 381 1632 416 ἐμποιοῦν
1659 382 1708 409 καὶ
1726 382 1810 417 μόνον

1012 422 1170 457 νοούμενον,
1187 423 1265 458 ἅγιον
1291 424 1339 452 καὶ
1354 425 1469 460 φοϐερὸν
1487 426 1610 462 ἔμψυχον
1635 427 1743 462 σκεῦος,
1758 429 1810 456 καὶ

1012 469 1175 503 συγγένειαν
1201 470 1358 506 ἀκροτάτην
1381 471 1504 507 ὑπάρξαι
1524 473 1574 508 τῆς
1588 473 1672 501 αὑτοῦ
1699 475 1806 510 τιμίας,

1011 513 1049 546 ὡς
1059 515 1142 547 αὐτὸς
1159 516 1240 551 μόνος
1264 513 1345 551 οἶδεν,
1361 517 1410 545 καὶ
1438 518 1521 553 ἁγίας
1539 518 1570 552 ἐξ
1587 519 1673 556 αὐτῆς
1699 522 1809 557 σαρκῶ-

1012 568 1095 594 σεως;

1047 607 1076 634 I'.
1092 607 1192 634 Σκόπει
1214 607 1244 636 δὲ
1261 609 1309 636 καὶ
1335 609 1426 643 τοῦτο,
1442 609 1484 638 ὅτι
1515 611 1570 647 πρὸ
1595 611 1646 647 μὲν
1667 611 1715 639 τοῦ
1733 612 1808 640 θείου

1011 652 1091 679 τόκου
1102 654 1116 680 ὁ
1134 653 1251 688 ἄγγελος
1263 655 1332 690 πρὸς
1348 656 1395 683 τὸν
1417 657 1518 692 Ἰωσήφ
1535 666 1630 692 φησιν·
1647 659 1696 693 Μὴ
1715 661 1810 694 φοϐη-

1010 696 1068 731 θῇς
1096 699 1282 733 παραλαϐεῖν
1313 700 1436 736 Μαριὰμ
1470 701 1529 736 τὴν
1564 702 1694 738 γυναῖκά
1736 713 1808 732 σου.

1013 744 1134 772 Γυναῖκα
1158 745 1187 772 δὲ
1213 746 1295 773 αὑτοῦ
1321 745 1410 780 εἶπεν,
1423 747 1494 775 ὥστε
1516 749 1554 784 μὴ
1579 750 1704 786 νομίζειν
1724 751 1810 778 αὐτὸν

1010 791 1250 820 ὲπιὸουλευθεῖσαν
1262 793 1396 829 ὑπάρχειν
1407 794 1456 829 τὴν
1469 795 1615 831 παρθένον.
1633 797 1711 824 Μετὰ
1726 797 1755 824 δὲ
1761 797 1810 824 τὸν

1011 837 1145 873 σωτήριον
1160 837 1250 869 τόκον.
1268 839 1361 865 οὐκέτι
1373 840 1491 873 γυναῖκα
1500 840 1582 867 αὐτοῦ
1596 838 1685 873 εἴπεν,
1698 841 1736 873 ὡς
1751 843 1810 874 τοῖς

1013 882 1134 918 θαύμασι
1150 884 1206 916 τοῖς
1219 883 1280 911 τότε
1295 885 1454 920 γενομένοις
1475 885 1522 912 τοῦ
1539 886 1693 921 πρεσϐύτου
1708 888 1810 920 ἱκανῶς

1014 930 1211 965 βεδαιωθέντος
1223 931 1295 958 θεῖον
1309 929 1380 958 εῖναι
1395 933 1426 959 τὺ
1441 934 1559 969 πρᾶγμα
1577 934 1624 961 καὶ
1639 935 1689 961 οὐκ
1704 934 1811 971 ἀνθρώ-

1013 984 1110 1003 πινον·
1126 976 1199 1011 λέγω
1224 977 1253 1004 δὲ
1281 979 1314 1014 τῇ
1338 978 1394 1005 τῶν
1419 979 1515 1014 μάγων
1532 980 1724 1017 ἐπιδημίᾳ,τῇ
1753 981 1811 1008 τῶν

1013 1021 1137 1056 ἀγγέλων
1161 1022 1294 1059 ὑμνῳδίᾳ,
1319 1023 1360 1059 τῷ
1390 1023 1467 1058 ξένου
1495 1025 1543 1052 καὶ
1570 1026 1807 1062 παρηλλαγμένου

1013 1068 1130 1104 ἀστέρος
1157 1068 1270 1105 ἐξαισίῳ
1296 1069 1400 1106 δρόμῳ,
1437 1072 1472 1107 τῇ
1499 1071 1554 1098 τῶν
1582 1072 1722 1107 ποιμένων
1749 1074 1813 1101 ἐπι-

1015 1113 1124 1149 στασίᾳ,
1143 1114 1190 1140 καὶ
1211 1114 1264 1150 πρὸ
1275 1114 1390 1149 τούτων,
1415 1117 1449 1152 τῇ
1469 1116 1592 1153 ἀνωδίνῳ
1617 1117 1709 1154 λοχείᾳ
1723 1119 1813 1146 ’ἀλλά

1012 1158 1038 1185 τί
1057 1167 1156 1195 φησιν;
1177 1160 1323 1195 Ἐγερθεὶς
1335 1161 1492 1195 παράλαὸε
1504 1162 1539 1189 τὸ
1554 1163 1687 1197 παιδίον,
1696 1164 1745 1191 καὶ
1754 1164 1813 1199 τὴν

1009 1204 1124 1240 μητέρα
1140 1205 1243 1238 αὐτοῦ,
1257 1206 1306 1233 καὶ
1314 1207 1407 1242 φεῦγε
1418 1209 1462 1241 εις
1473 1208 1639 1244 Αιγυπτον·
1654 1210 1704 1236 καὶ
1716 1210 1810 1238 πάλιν·

1019 1249 1175 1284 Ἐγερθεὶς,
1195 1251 1274 1286 φησὶ,
1296 1251 1451 1286 παράλαϐε
1472 1252 1507 1279 τὸ
1530 1252 1660 1285 παιδίον.
1677 1253 1728 1281 καὶ
1754 1253 1813 1288 τὴν

1010 1294 1125 1330 μητέρα
1138 1295 1242 1330 αὐτοῦ,
1264 1296 1314 1323 καί
1332 1297 1464 1331 πορεύου
1479 1298 1522 1331 εὶς
1542 1298 1603 1333 γῆν
1622 1299 1749 1334 Ἰσραήλ
1762 1307 1769 1314 ο
1782 1299 1813 1326 ἐν

1014 1340 1079 1377 ποίᾳ
1093 1341 1122 1368 δὲ
1138 1343 1231 1378 γραφῇ
1251 1338 1330 1379 εὗρες
1344 1343 1463 1380 λεγούσῃ
1480 1343 1567 1380 αὐτὴν
1579 1344 1628 1371 καὶ
1645 1345 1740 1381 ἕτερον
1754 1345 1813 1372 υίόν

1013 1387 1144 1422 γεννῆσαί
1158 1396 1240 1422 ποτε;
1261 1389 1286 1415 εί
1297 1388 1335 1424 μὴ
1346 1389 1378 1416 ἐκ
1393 1390 1562 1425 κακουργίας
1574 1391 1621 1417 καὶ
1629 1390 1733 1426 πολλῆς
1760 1391 1812 1426 ἑμ-

1015 1432 1181 1469 6ροντησίας
1206 1435 1279 1462 κατὰ
1304 1435 1354 1470 τῆς
1385 1435 1581 1472 Ἀειπαρθένου
1603 1437 1651 1463 καὶ
1678 1437 1814 1464 Θεοτόκου

1016 1479 1128 1515 Μαρίας
1139 1479 1190 1512 τὰς
1202 1480 1350 1517 φλυαρίας,
1368 1481 1448 1518 δίκην
1469 1482 1559 1510 κυνῶν
1574 1483 1766 1510 ὑλακτούντων
1781 1484 1814 1510 ἐκ

1016 1525 1072 1553 τῶν
1089 1527 1275 1563 ἀνοσιουργῶν
1296 1528 1375 1564 ὑμῶν
1393 1529 1535 1564 στομάτων
1560 1529 1649 1565 μάτην
1665 1529 1812 1566 ἐκφέρετε.

1052 1572 1104 1599 IA’.
1125 1573 1193 1609 Περ¹ίΙ
1209 1573 1238 1600 δὲ
1254 1573 1309 1600 τῶν
1322 1575 1389 1601 υῑῶν
1405 1575 1504 1611 Ἰωσὴφ
1516 1575 1564 1602 τοῦ
1580 1575 1735 1611 πρεσϐύτου
1760 1575 1817 1602 τῶν

1021 1618 1118 1654 πρώην
1133 1619 1208 1653 αὺτῷ
1230 1620 1416 1656 γεννηθέντων
1437 1622 1488 1657 τῆς
1507 1621 1554 1648 τοῦ
1574 1622 1695 1657 Χριστοῦ
1714 1631 1818 1659 παρου-

1022 1665 1094 1698 σίας,
1105 1665 1147 1698 τίς
1160 1666 1382 1702 ἀξιοπιστότερος
1399 1667 1504 1704 μάρτυς
1524 1668 1638 1695 ἐκείνων
1653 1668 1744 1695 αὐτῶν
1757 1669 1818 1695 ἔστι

1021 1711 1144 1745 δικαίων,
1168 1712 1279 1745 δούλους
1303 1714 1417 1745 ἑαυτοὺς
1438 1714 1644 1750 ὁμολογούντων
1664 1715 1719 1742 οὐδ’
1739 1715 1820 1742 ἀδελ-

1023 1758 1108 1794 φούς;
1121 1755 1158 1786 ὧν
1170 1760 1185 1786 ὁ
1201 1760 1250 1796 μὲν
1262 1759 1380 1796 ἔφησεν*
1404 1760 1538 1795 Ἰάκωϐος
1553 1761 1628 1789 Θεοῦ
1643 1761 1692 1788 καὶ
1708 1761 1821 1796 Κυρίου

1029 1806 1132 1841 Ἰησοῦ
1145 1806 1276 1840 Χριστοῦ
1287 1806 1410 1840 δοῦλος,
1427 1807 1474 1834 καὶ
1488 1807 1538 1834 οὐκ
1552 1808 1666 1843 ἀδελφὸς
1679 1807 1819 1843 δηλονότι·

1027 1853 1074 1879 καὶ
1085 1852 1099 1879 ὁ
1113 1852 1217 1888 ἕτερος·
1235 1853 1352 1886 Ἰούδας
1372 1853 1476 1887 Ἰησοῦ
1489 1854 1620 1888 Χριστοῦ
1634 1853 1757 1886 δοῦλος,
1770 1854 1823 1881 οὐκ

176 1900 202 1926 bi
214 1899 258 1924 "r
273 1906 418 1927 erroneam
440 1899 526 1927 veluti
543 1900 684 1935 corrigens
699 1900 849 1928 multorum
863 1900 967 1936 opinio-

1022 1897 1137 1933 ἀδελφὸς
1149 1897 1248 1925 εἰπών’
1263 1899 1310 1925 καὶ
1323 1899 1405 1932 εὐθὺς
1416 1898 1555 1936 ἐπιφέρει,
1570 1899 1703 1935 ἀδελφὸς
1710 1900 1745 1926 δὲ
1763 1900 1823 1927 Ἰα-

175 1953 251 1978 nem,
267 1945 412 1981 palamque
425 1946 533 1974 cunctis
542 1946 673 1974 nuntians
688 1947 785 1974 audire
794 1947 967 1975 volentibus:

1023 1943 1129 1971 mbé‘ov'
1142 1944 1192 1980 τὴν
1203 1944 1418 1980 πεπλανημένην
1428 1945 1533 1972 ἔννοιαν
1542 1946 1597 1973 τῶν
1609 1946 1715 1973 πολλῶν
1725 1946 1824 1982 ὥσπερ

178 1991 281 2019 Servus
297 1999 370 2023 sum.
385 1999 401 2019 ο
421 1992 557 2025 homines,
577 1991 682 2019 Domini
693 1991 759 2020 Jesu
774 1992 887 2021 Christi.
915 1992 967 2019 Cur

1023 1989 1261 2026 ὲπιδιορθούμενος
1272 1991 1301 2018 ὲν
1312 1991 1352 2026 τῷ
1362 1992 1460 2025 εἰπεῖν,
1472 1992 1604 2027 ἁθελέοὸς
1614 1992 1650 2019 δὲ
1667 1992 1822 2021 Ἰακώϐου.

177 2045 222 2065 me
244 2037 355 2066 fratrem
376 2039 436 2074 ejus
451 2039 565 2071 vocatis,
582 2038 662 2074 cujus
675 2039 810 2074 stupenda
830 2039 967 2066 nativitate

1025 2038 1074 2064 καὶ
1091 2037 1187 2072 σαφῶς
1209 2038 1277 2065 πᾶσι
1294 2037 1464 2073 διαγγέλλων
1483 2040 1541 2071 τοῖς
1555 2039 1666 2067 ἀκούειν
1683 2040 1824 2067 ἐθέλουσιν

177 2085 304 2113 ccelestes
321 2093 431 2121 quoque
443 2086 561 2113 virtutes
573 2086 696 2114 attonitae
712 2085 833 2118 fuerunt,
852 2093 915 2113 cum
933 2085 967 2112 di-

1026 2084 1067 2111 ὅτι
1085 2084 1185 2116 Δοῦλός
1200 2085 1269 2120 εἰμι,
1286 2085 1443 2120 ἄνθρωποι,
1459 2085 1507 2113 τοῦ
1525 2085 1630 2122 Κυρίου
1648 2085 1737 2122 Ἰησοῦ
1755 2087 1821 2123 Χρι-

177 2131 250 2159 vinae
260 2131 475 2167 dispensationis
492 2132 653 2168 mysterium
670 2139 800 2160 enarrare
815 2132 967 2168 nequirent‘

1028 2130 1103 2158 στοῦ.
1117 2131 1151 2157 Τί
1166 2139 1201 2166 με
1216 2129 1325 2158 καλεῖτε
1340 2131 1456 2166 ἀδελφὺν
1467 2131 1562 2166 αὑτοῦ,
1578 2129 1609 2159 οὗ
1623 2133 1652 2159 ὲν
1661 2132 1701 2168 τῷ
1715 2132 1823 2168 φρικτῷ

180 2178 237 2207 Etsi
262 2179 308 2206 ille
328 2179 488 2207 humanitus
508 2179 601 2207 omnia
627 2179 721 2207 audire
739 2187 795 2206 non
816 2178 967 2210 recusabat,

1027 2176 1100 2212 τόκῳ
1120 2177 1167 2204 καὶ
1192 2177 1220 2204 αι
1236 2176 1397 2212 ὑπουράνιοι
1418 2177 1549 2213 δυνάμεις
1563 2177 1766 2214 ἐξεπλάγησαν,
1786 2179 1824 2214 μὴ

179 2225 387 2254 inﬁrmitatibus
417 2226 521 2254 nostris
545 2225 700 2262 indulgens.
727 2225 796 2253 Nam
812 2230 840 2253 et
862 2224 964 2260 Ioseph

1029 2220 1196 2256 εὐποροῦσαι
1212 2221 1263 2257 τῆς
1275 2221 1353 2253 θείας
1373 2221 1531 2256 οἰκονομίας
1547 2221 1628 2258 [θοὰ.
1643 2222 1663 2250 f.
1681 2223 1744 2251 159.
1757 2221 1767 2258 ]
1779 2223 1826 2250 ἀν-

180 2271 280 2300 Filium
307 2271 438 2308 appellari
455 2273 465 2289 ⁵
482 2280 512 2300 se
532 2273 658 2306 audiens,
683 2279 841 2307 quanquam
861 2271 967 2299 minimi

1028 2267 1154 2303 ἀγγεῖλαι
1176 2268 1208 2295 τὺ
1234 2268 1400 2304 μυστήριον;
1426 2269 1452 2295 εί
1474 2270 1523 2296 καὶ
1535 2269 1717 2305 ἀνθρωπίνως
1735 2270 1826 2297 πάντα

180 2322 269 2351 esset,
287 2326 343 2346 non
360 2326 433 2355 aegre
447 2319 553 2347 ferebat
568 2327 575 2345 :
589 2323 618 2346 et
629 2318 706 2353 quasi
722 2317 800 2346 faber
814 2324 863 2353 per
877 2321 978 2345 contu-

181 2364 291 2392 meliam
306 2373 321 2392 a
340 2366 519 2394 mendacibus
534 2365 636 2393 Iudaeis
652 2369 774 2397 vocatus,
794 2372 850 2392 non
875 2365 977 2392 irasce-

182 2411 272 2439 batur.
291 2412 326 2440 Et
340 2419 355 2439 a
371 2412 450 2440 nobis
472 2417 537 2440 ante
558 2412 619 2448 ejus
632 2412 781 2440 adventum
802 2419 835 2438 ex
856 2410 977 2446 Josepho

182 2457 301 2493 genitus,
320 2457 433 2491 Jacobo,
448 2457 577 2493 linquam,
597 2457 671 2490 Jose,
696 2462 724 2485 et
741 2456 864 2490 Simone,
882 2460 910 2483 et
931 2462 977 2484 me

181 2510 292 2538 quoque
302 2503 374 2534 Juda
384 2503 418 2536 ‘9,
430 2503 466 2531 ob
481 2503 601 2539 priorem
616 2507 740 2531 nostram
751 2502 975 2530 incredulitatem

184 2548 314 2583 rejectus,
334 2556 391 2576 non
405 2549 564 2583 excanduit,
583 2550 675 2577 sciens
688 2551 816 2577 humanae
830 2548 975 2576 inﬁrmita-

182 2593 217 2621 tis
241 2593 427 2630 fragilitatem,
451 2594 515 2623 dum
533 2603 596 2623 eum
617 2596 822 2631 alloqueremur
837 2596 974 2629 ltauquam

181 2645 263 2668 aetate
278 2641 414 2677 corporali
427 2642 543 2678 priores,
561 2642 677 2678 ideoque
684 2643 711 2671 ei
723 2642 896 2676 aemulantes,
907 2649 972 2677 pro-

219 2697 264 2715 ?“
278 2698 374 2727 Matth.
390 2707 409 2728 ιι
420 2722 427 2733 ,
442 2700 487 2728 20.
527 2701 537 2718 ⁸
548 2701 606 2729 Jac.
626 2709 645 2736 ι,
664 2701 690 2729 l.
726 2701 755 2719 "
769 2700 832 2729 Jud.
847 2702 873 2729 1.
911 2701 922 2717 ⁸
934 2699 1014 2727 Joan.

223 2763 264 2801 (9i
279 2763 357 2797 Quod
371 2764 470 2792 beatus
480 2764 618 2800 Iosephus
626 2773 659 2801 οξ
672 2765 763 2800 priore
774 2765 900 2801 conjuge,
913 2767 977 2790 ante

187 2799 299 2839 nuptias
310 2807 379 2839 eum
393 2808 503 2839 semper
513 2799 617 2835 virgine
629 2799 724 2839 hiat-ia,
737 2799 837 2839 lilieros
848 2799 978 2839 suscepe-

189 2835 236 2865 rit,
248 2834 294 2868 qui
310 2834 412 2862 idcirco
429 2834 526 2863 latiore
543 2834 625 2863 sensu
639 2836 741 2863 fuerint
752 2835 850 2863 fratres
859 2834 976 2866 Domini,

189 2876 245 2910 rion
266 2869 336 2896 Petri
357 2870 438 2910 hujus
452 2872 652 2910 tantummodo,
673 2872 720 2898 sed
739 2876 767 2910 c_t.
784 2870 977 2910 nonnullorum

190 2901 301 2930 Patrum
318 2901 453 2933 sententia
468 2905 529 2940 fuit,
543 2914 613 2941 quos
624 2901 689 2935 citat
699 2914 732 2934 ex
748 2906 865 2935 Baronio
880 2905 979 2934 Sandi-

1027 2315 1188 2351 κατεδέχετο
1207 2315 1328 2348 ἀκούειν,
1344 2315 1574 2350 συγκαταϐαίνων
1593 2317 1654 2349 ταῖς
1669 2316 1827 2348 ἀσθενείαις

1026 2361 1106 2398 ἡμῶν
1116 2371 1123 2378 ·
1137 2362 1186 2389 καὶ
1202 2362 1257 2398 γὰρ
1271 2363 1320 2390 καὶ
1334 2362 1392 2395 uio:
1410 2362 1510 2399 Ἰωσὴφ
1529 2363 1648 2395 ἀκούων,
1662 2360 1765 2398 καίπερ
1787 2362 1826 2399 μὴ

1027 2408 1065 2436 ὢν
1078 2409 1134 2441 υῑδς
1148 2408 1243 2441 αὐτοῦ,
1255 2409 1305 2436 οὐκ
1317 2409 1497 2444 ἐδυσχέρανεν
1505 2417 1511 2425 ·
1527 2409 1575 2437 καὶ
1588 2409 1627 2442 ὡς
1638 2409 1744 2436 τέκτων
1754 2410 1826 2436 ὀνει-

1027 2455 1129 2488 δισθεὶς
1156 2455 1209 2483 ὑπὸ
1223 2455 1279 2482 τῶν
1303 2455 1416 2483 πλάνων
1438 2455 1587 2489 Ἰουδαίων,
1609 2456 1661 2483 οὐκ
1678 2455 1825 2491 ὠργίσθη·

1029 2502 1076 2528 καὶ
1092 2501 1157 2537 παρ’
1178 2501 1258 2537 ἡμῶν
1278 2500 1333 2528 τῶν
1346 2501 1401 2537 πρὸ
1424 2501 1476 2537 τῆς
1495 2501 1580 2529 αὐτοῦ
1596 2501 1751 2538 παρουσίας
1763 2510 1828 2536 γενο

1027 2546 1163 2582 νηθέντων
1188 2547 1227 2583 τῷ
1252 2547 1351 2583 Ἰωσὴφ
1367 2548 1406 2583 (9)
1433 2547 1575 2581 Ἰακὼσου,
1603 2549 1652 2576 καὶ
1670 2548 1763 2584 Ἰωσῆ,
1780 2549 1828 2576 καὶ

1027 2594 1159 2629 Σίμωνος,
1180 2594 1228 2621 καὶ
1249 2594 1318 2630 ἐμοῦ
1333 2594 1416 2622 αὑτοῦ
1438 2594 1533 2628 1ἰούδα,
1549 2594 1580 2628 ἐξ
1596 2595 1727 2627 ἀπιστίας
1746 2595 1828 2631 ἡμῶν

1025 2639 1075 2674 τῆς
1092 2638 1189 2675 πρώην
1202 2639 1434 2676 ἀπελαυνόμενος,
1443 2640 1494 2667 οὐκ
1508 2639 1669 2676 ἐμηνίασεν,
1683 2639 1763 2672 εἰδὼς
1774 2640 1826 2675 τῆς

1028 2705 1066 2731 vr,
1077 2696 1124 2724 42.
1161 2697 1184 2713 ¹⁰
1197 2696 1358 2731 Matthxi",
1371 2697 1416 2726 55.

1030 2758 1284 2798 nius_llist:_famil.
1302 2768 1373 2798 sacr.
1384 2768 1413 2798 ρΖ
1427 2759 1481 2798 425
1493 2767 1500 2792 ;
1515 2757 1723 2798 contradicente
1734 2761 1830 2798 tamen

1030 2796 1154 2833 apprime
1172 2795 1337 2833 Hieronymo
1348 2793 1559 2833 in_'lll_atlh._cap.
1578 2801 1627 2821 nl.
1643 2793 1691 2833 _his
1708 2793 1802 2833 verhis
1821 2802 1830 2821 :

1034 2802 1064 2829 ap
1087 2803 1154 2822 rime
1172 2802 1374 2831 meronymom
1390 2802 1485 2822 mattn.
1498 2802 1559 2828 cap.
1578 2802 1627 2821 xu.
1648 2802 1691 2820 ms
1708 2802 1802 2833 vernis
1821 2802 1830 2821 :

1034 2840 1043 2857 ι
1060 2802 1175 2862 διιίᾱιιιη
1194 2831 1294 2859 fratres
1306 2830 1415 2859 Domini
1428 2831 1461 2858 de
1476 2829 1528 2856 alia
1542 2836 1626 2856 uxore
1640 2827 1743 2863 Joscph
1758 2827 1831 2856 ﬁlios

1035 2875 1044 2891 ι
1071 2866 1261 2901 suspicantur,
1280 2871 1429 2904 sequentes
1454 2864 1830 2904 deliramentaapoerypljo-

1037 2911 1045 2928 ι
1071 2897 1142 2936 rum,
1159 2907 1187 2930 et
1207 2897 1353 2938 quamdam
1378 2901 1479 2929 Esham
1510 2897 1700 2928 mulierculam
1724 2897 1832 2927 conﬁn-
