1948 3070
143 158 209 191 1345

141 215 317 252 ἀνθρωπίνης
333 213 477 246 ἀσθενείας
493 213 525 240 τδ
542 214 692 248 εὺόλισθον,
708 214 842 249 λεγόντων
856 214 935 250 ἡμῶν
951 218 974 246 Α

141 263 209 298 πρὸς
233 262 326 294 αὑτὸν,
349 261 387 293 ὼς
412 261 460 288 ᾰτε
484 260 603 297 πρώτων
622 262 655 297 τῇ
674 262 820 297 σωματικῇ
843 261 937 297 ἡλικία

141 307 330 344 ὑπαρχόντων,
345 307 394 334 καὶ
408 307 452 334 διὰ
465 307 545 334 τοῦτο
557 307 784 342 ζηλοτυπούντων
799 307 873 342 αὐτῷ
892 307 938 334 διὰ

140 354 171 381 τδ
183 353 276 389 ἀκμὴν
289 353 499 389 πεπωρωμένην
512 353 586 388 ἔχειν
599 353 649 389 τὴν
666 353 791 389 καρδίαν,
802 353 841 385 ὥς
854 360 937 388 φησιν

141 401 155 427 ό
170 401 370 436 εὐαγγελιστής
380 408 387 415 ·
405 400 453 427 καὶ
468 400 603 434 λεγόντων
615 400 717 433 αὐτῶν,
729 399 878 434 Μετάϐηθι
890 399 937 426 ἐν-

140 447 257 479 τεῦθεν,
273 447 322 474 καί
336 447 449 474 ἄπελθε
461 448 504 480 είς
521 446 580 482 τὴν
599 446 762 480 Ἰουδαίαν,
778 446 831 475 ἵνα
846 446 896 474 καὶ
909 447 937 473 οι

139 492 270 527 μαθηταί
297 500 357 520 σου
382 492 559 527 θεωρήσωσι
585 492 623 520 τὰ
648 492 722 528 ἔργα
747 500 817 524 σου,
847 493 868 519 d
896 493 937 520 σὺ

141 537 253 571 ποιεῖς·
269 538 449 570 ἀπιστοῦντες
462 537 537 573 αὑτῷ
552 538 597 565 διὰ
612 538 643 565 τὸ
655 537 758 569 ἀτελῶς
771 537 937 570 διακεῖσθαι,

141 585 189 611 καὶ
203 585 286 620 μήπω
296 584 337 620 τῷ
349 584 419 620 ἁγίῳ
429 584 570 620 Πνεύματι
583 584 790 620 βαπτισθέντες.
804 584 861 618 Τῆς
872 583 938 618 γοῦν

143 631 218 662 θείας
240 631 403 666 ἐπιφανείας
416 631 464 658 τοῦ
484 631 564 666 ἁγίου
584 630 745 666 Πνεύματος
762 630 936 664 ἀξιωθέντες,

142 677 179 710 ὥς
193 686 276 713 φησιν
289 678 307 713 ἡ
323 678 371 704 τοῦ
389 677 524 712 ἀψευδοῦς
548 676 708 712 ὑπόσχεσις,
723 676 772 704 νῦν
787 676 825 708 ὼς
839 676 938 710 τέλειοι

141 724 254 756 τελείοις
279 724 344 759 ὑμῖν
359 725 426 751 πᾶσι
438 725 494 756 τοῖς
510 724 563 751 ὑπὸ
573 723 619 751 τὸν
640 722 757 759 οὐρανὸν
777 723 936 750 ἐπιστέλλο-

143 779 203 805 μεν,
218 771 259 797 ὅτι
274 770 362 797 δοῦλοί
379 771 463 805 ἐσμεν
476 770 524 805 τοῦ
539 770 655 805 Κυρίου,
669 770 719 797 οὐκ
732 769 844 803 ἀδελφοί
855 777 862 784 ⁸
881 768 939 804 ἐγὼ

141 815 170 841 δὲ
188 814 288 847 Ἰούδας
313 814 362 841 καὶ
384 814 525 848 Ἰάκωϐος,
541 814 654 848 ἀδελφοὶ
673 813 797 849 ἀλλήλων
811 813 936 850 ὑπάρχο-

143 869 203 895 μεν.
216 860 294 896 Τάχα
307 860 336 887 δὲ
354 860 398 888 διὰ
410 860 490 887 τοῦτο
504 861 551 887 καὶ
563 861 577 887 ὁ
589 860 692 895 Κύριος
703 860 742 892 ὡς
757 859 938 895 προγνώστης
953 853 975 880 Β

140 906 190 941 οὐχ
207 905 248 932 ἐνί
265 914 319 933 τινι
336 905 367 939 ἐξ
390 906 482 933 αὐτῶν
496 906 546 941 τὴν
565 905 760 940 ’Δειπάρθενον
779 905 827 933 καὶ
843 905 940 932 Θεοτό-

141 961 189 979 κον
214 953 244 979 ἐν
262 952 302 988 τῷ
324 952 434 988 σταυρῷ
452 952 626 989 κρεμάμενος
643 951 791 987 παρέθετο,
812 951 882 979 ἀλλὰ
897 951 937 986 τῷ

142 998 226 1034 [c0d.
243 997 263 1026 f.
292 998 353 1025 159.
373 997 425 1034 1).]
439 998 563 1033 Θεολόγῳ
576 997 624 1025 καὶ
641 998 750 1033 μαθητῇ
771 998 882 1033 Ἰωάννῃ
901 997 940 1034 τῷ

142 1043 194 1079 υἱῷ
221 1042 378 1077 Ζεϐεδαίου,
400 1043 446 1070 ἵνα
469 1042 582 1074 τελείως
594 1043 659 1074 τοὺς
679 1042 798 1074 πλάνους
818 1042 939 1069 ἀποδου-

141 1089 245 1126 κολήσῃ
259 1089 309 1126 τῆς
325 1089 539 1125 πεπλανημένης
553 1089 643 1116 αὐτῶν
656 1089 773 1121 ἐννοίας.
789 1089 821 1115 Εἰ
831 1089 885 1124 γὰρ
899 1089 938 1124 μὴ

139 1135 220 1163 τοῦτο
240 1133 287 1171 ἦν,
308 1136 368 1167 πῶς
386 1135 527 1171 ἐνεδέχετο
553 1135 597 1162 ἵνα
617 1135 681 1166 τοὺς
694 1135 771 1166 υἱοὺς
786 1134 881 1169 αὐτῆς,
901 1134 939 1166 ὥς

141 1189 222 1216 φατε,
243 1181 349 1208 ἐάσασα
371 1181 432 1217 μεθ’
446 1181 542 1217 ἐτέρου
566 1181 752 1216 συνοικήσειή
774 1179 939 1216 Ἀειπάρθε-

142 1236 207 1261 νος;
229 1227 301 1254 Ἀλλ’
327 1227 423 1263 ὥσπερ
441 1224 520 1259 οὗτος
538 1227 553 1253 ὁ
567 1226 703 1261 παρθένος
723 1226 772 1253 καὶ
788 1225 938 1260 Θεολόγος,

142 1273 257 1307 ἀδελφὸς
274 1272 329 1299 ὐπὸ
340 1272 388 1300 τοῦ
400 1272 505 1308 Κυρίου
524 1272 647 1306 ἐλέγετο,
663 1271 750 1302 οὕτως
763 1271 884 1298 κάκεῖνοι
895 1270 940 1298 διὰ

141 1318 192 1354 τὴν
213 1318 373 1354 οἰκονομίαν
394 1318 505 1353 ἀδελφοὶ
527 1318 663 1352 ἐλέγοντο,
685 1317 735 1352 οὐχ
750 1316 804 1343 ὑπὸ
814 1316 862 1342 τοῦ
879 1317 939 1343 Κυ-

144 1365 214 1401 ρίου,
238 1364 296 1390 ἀλλ¹
321 1363 375 1390 ὑπὸ
395 1363 451 1390 τῶν
466 1363 570 1398 ὄχλων·
595 1362 716 1398 οὐδαμοῦ
730 1363 786 1397 γὰρ
811 1361 939 1397 εὑρήσεις

142 1410 188 1437 τὸν
211 1409 314 1445 Κύριον
337 1409 470 1444 ἀδελφοὺς
485 1408 568 1436 αὐτοῦ
584 1408 696 1440 τούτους
711 1408 937 1442 ἀποκαλέσαντα,

143 1455 168 1481 εί
186 1455 225 1490 μὴ
243 1455 268 1481 ot
285 1454 430 1482 ἀπόστολοι
447 1454 496 1481 καὶ
516 1454 541 1480 οί
554 1453 628 1489 ὄχλοι
642 1453 754 1486 τούτους
768 1453 856 1485 οὕτως
870 1453 937 1480 ὠνό-

145 1484 232 1536 μάίζον
243 1508 249 1514 ·
263 1499 345 1527 τοῦτο
357 1500 412 1535 γὰρ
426 1500 443 1535 ὴ
456 1484 607 1535 οἰκονομία.
629 1499 712 1527 ’Δλλὰ
725 1484 813 1527 ταῦτα
829 1484 879 1534 μέν
889 1499 937 1526 ἐπὶ
951 1484 975 1514 Β

142 1546 281 1574 τοσοῦτον.
300 1545 361 1573 Τῶν
371 1546 400 1573 δὲ
413 1546 494 1582 ἱερῶν
507 1545 665 1582 μαρτυριῶν
677 1545 802 1573 ἐντεῦθεν
814 1545 937 1581 ἁπάρξο-

145 1602 206 1629 μαι,
233 1593 399 1621 δεικνύντων
422 1594 455 1620 ἐκ
469 1593 629 1628 σπέρματος
647 1592 774 1628 ’Δϐραὰμ
787 1592 835 1619 καὶ
854 1591 938 1619 Δαδὶδ

628 158 758 189 SERMO
775 159 806 189 II
823 157 1025 190 ADVERSUS
1044 157 1285 192 MANICWEOS.

1713 159 1781 192 i346

989 220 1051 251 pter
1063 223 1200 244 summam
1213 215 1301 244 nostri
1322 216 1414 245 cordis
1424 216 1588 249 caecitatem,
1599 221 1632 244 ut
1646 216 1684 244 ait
1697 224 1784 245 evan-

986 261 1093 297 gelista,
1109 262 1189 297 eique
1204 262 1329 291 dicentes
1345 272 1351 290 :
1371 263 1467 290 Transi
1479 264 1552 295 hinc,
1571 268 1596 290 et
1607 263 1674 290 vade
1689 264 1718 290 in
1735 263 1782 290 Ju-

985 307 1083 341 daam,
1095 313 1124 335 ut
1136 312 1160 335 et
1172 308 1212 335 tui
1218 308 1341 343 discipuﬁ
1347 317 1427 344 opera
1436 314 1481 336 tua
1492 317 1551 345 quia
1557 309 1623 345 facis
1631 309 1737 336 uideant
1748 310 1782 337 ”.

986 355 1124 383 Nimirum
1136 355 1161 383 ei
1179 363 1234 383 non
1253 356 1410 389 credentes,
1425 361 1538 392 propter
1547 361 1669 384 nostram
1685 355 1784 391 imper-

985 401 1150 434 rectionem,
1176 402 1232 438 '76
1252 406 1281 430 et
1305 402 1370 437 quia
1399 403 1523 430 nondum
1548 403 1637 430 sancti
1664 402 1784 438 Spiritus

985 447 1153 483 baptismum
1174 456 1376 483 receperamus.
1405 448 1459 476 Sed
1474 448 1549 476 enim
1572 452 1667 484 postea
1687 449 1784 476 divino

986 492 1075 520 sancti
1090 492 1210 528 Spiritus
1227 493 1348 522 adventu
1362 494 1437 529 digni
1450 493 1547 527 habiti,
1560 498 1591 521 ut
1604 493 1712 521 dixerat
1723 494 1785 529 ejus

986 538 1033 573 qui
1048 545 1104 566 non
1129 538 1262 566 mentitur
1281 539 1439 574 promissio,
1451 547 1526 567 nunc
1544 543 1574 567 ut
1587 539 1700 574 perfecti
1718 548 1784 575 per-

987 584 1067 613 fectis
1088 584 1168 612 vobis
1191 585 1319 612 omnibus
1339 590 1475 620 quotquot
1496 585 1525 612 in
1549 589 1622 613 terra
1648 586 1741 614 vivitis
1762 585 1784 603 ¹¹

988 630 1146 664 scribimus,
1163 638 1213 658 nos
1225 631 1333 658 Domini
1347 639 1442 659 servos
1456 639 1517 659 esse
1531 639 1585 659 non
1601 632 1711 660 fratres.
1728 631 1785 668 Ego

986 684 1054 704 vero
1066 676 1152 704 ludas
1167 682 1195 705 et
1207 676 1337 710 Jacobus,
1351 677 1452 705 fratres
1466 685 1574 705 sumus.
1592 677 1720 705 Fortasse
1734 685 1786 704 au-

988 727 1042 751 tem
1061 723 1096 751 ob
1107 723 1135 751 id
1150 724 1240 759 ipsum
1254 723 1396 757 Dominus,
1413 724 1497 752 futuri
1516 732 1571 752 non
1584 724 1705 756 nescius,
1717 732 1788 752 neu-

988 769 1024 797 tri
1041 777 1075 797 ex
1091 769 1136 797 his
1150 777 1261 805 semper
1277 769 1420 806 Virginem
1444 770 1645 806 Deiparamque
1660 770 1687 797 in
1703 777 1786 797 cruce

989 814 1115 848 pendens
1131 814 1345 848 commendavit,
1357 816 1406 843 sed
1424 815 1524 843 Joanni
1537 815 1683 851 discipulo,
1699 815 1785 842 Joan-

989 859 1029 892 ni,
1046 859 1169 894 inquam,
1190 859 1314 888 Zebedaei
1328 860 1393 894 ﬁlio,
1407 865 1437 887 ut
1451 860 1564 887 omnino
1579 860 1728 887 mendaces
1737 859 1787 888 Ju-

989 904 1064 932 daeos
1079 912 1094 931 a
1105 912 1155 931 sua
1167 903 1233 937 falsa
1246 905 1378 940 opinione
1391 905 1555 933 retraheret.
1575 904 1634 932 Nisi
1654 905 1727 932 enim
1742 913 1786 934 res

989 949 1026 977 ita
1042 957 1072 977 se
1090 949 1215 982 haberet,
1232 950 1370 984 quomodo
1384 957 1482 985 passus
1496 954 1579 982 esset,
1600 954 1631 976 ut
1647 949 1712 976 ﬁliis
1730 950 1788 978 suis

989 999 1020 1023 ut
1041 1003 1091 1023 vos
1108 995 1208 1030 idicitis
1230 995 1352 1029 omissis,
1373 1003 1437 1023 cum
1452 995 1506 1022 alio
1526 994 1663 1022 habitaret
1683 994 1788 1031 Virgo?

989 1041 1091 1069 Verum
1106 1045 1136 1069 ut
1152 1042 1199 1069 hic
1218 1042 1295 1077 virgo
1313 1046 1340 1069 et
1353 1041 1508 1077 theologus.
1531 1041 1616 1068 frater
1629 1048 1644 1067 a
1669 1040 1788 1069 Domino

988 1088 1188 1123 appellabatur,
1204 1087 1242 1116 ita
1259 1093 1288 1116 et
1301 1087 1340 1116 illi
1351 1087 1566 1124 dispensationis
1581 1095 1664 1115 causa
1686 1087 1788 1116 fratres

988 1142 1044 1162 nou
1059 1142 1075 1162 a
1092 1134 1206 1161 Domino
1221 1135 1268 1162 sed
1287 1142 1302 1162 a
1320 1134 1408 1162 turbis
1427 1134 1630 1162 vocitabantur.
1642 1134 1785 1169 Nusquam

988 1181 1062 1208 enim
1086 1180 1239 1216 comperies
1256 1181 1307 1208 hos
1324 1188 1339 1207 a
1367 1180 1484 1208 Domino
1500 1180 1599 1207 fratres
1615 1180 1766 1215 appellatos
1778 1201 1787 1213 ,

988 1227 1037 1255 sed
1048 1226 1083 1254 ab
1099 1227 1232 1261 apostolis
1242 1231 1347 1254 tantum
1363 1226 1505 1261 turbisque
1527 1233 1561 1254 eo
1577 1226 1657 1253 titulo
1673 1226 1790 1254 denota-

989 1273 1100 1301 bantur.
1122 1272 1169 1301 Sic
1191 1273 1265 1301 enim
1289 1273 1502 1308 dispensationis
1518 1272 1587 1300 ratio
1601 1272 1715 1300 ferebat.
1733 1271 1789 1300 Sed

989 1318 1049 1346 haec
1061 1319 1205 1346 hactenus.
1229 1318 1309 1346 Nunc
1328 1325 1469 1346 sacrorum
1491 1317 1711 1345 testimoniorum
1736 1317 1788 1344 ini-

989 1365 1056 1392 tium
1075 1364 1183 1398 faciam,
1205 1372 1266 1400 quae
1276 1365 1477 1397 demonstrant,
1494 1364 1528 1392 de
1542 1363 1690 1391 Abrahami
1707 1362 1788 1390 Davi-

987 1412 1084 1447 disque
1103 1411 1191 1447 stir‘pe
1204 1415 1290 1439 ortam
1308 1411 1464 1446 Deiparam,
1481 1414 1563 1445 atque
1574 1418 1607 1438 ex
1622 1411 1680 1445 ipsa
1693 1409 1789 1437 Domi—

988 1466 1056 1486 num
1078 1462 1203 1486 nostrum
1215 1457 1309 1486 Jesum
1323 1457 1462 1485 Christum
1483 1461 1578 1485 natum
1599 1464 1672 1490 esse,
1695 1463 1787 1491 neque

991 1502 1102 1530 aliunde
1113 1509 1214 1537 corpns
1229 1510 1309 1530 suum
1324 1501 1464 1530 habuisse.
1492 1503 1503 1537 ξ

143 1625 325 1675 γεγεννῆσθαι
337 1638 389 1674 τὴν
402 1625 549 1672 Θεοτόκονξ
565 1640 615 1666 καὶ
629 1638 658 1673 ἐξ
675 1625 762 1675 αῦτῆς
773 1638 937 1675 γεννηθῆναι
951 1639 998 1667 τὸν
1013 1625 1117 1675 Κύριον
1127 1637 1208 1674 ἡμῶν
1225 1638 1330 1674 Ἰησοῦν
1355 1638 1485 1674 Χριστὸν,
1503 1637 1551 1664 καὶ
1574 1637 1625 1674 οὐχ
1654 1635 1790 1672 ἑτέρωθεν

143 1684 280 1719 ἐσχηκότα
290 1684 320 1710 τὸ
334 1684 426 1719 σῶμα.

181 1731 339 1768 Μαρτυρίαι
361 1732 411 1767 τῆς
433 1731 508 1764 θείας
536 1732 649 1769 Γραφῆς
676 1730 877 1769 συνηγοροῦσαι
901 1732 940 1769 τῷ

145 1778 256 1814 ῥηθέντι
268 1777 352 1813 λόγῳ.

187 1824 238 1850 Ἐκ
249 1823 304 1850 τοῦ
316 1823 393 1850 κατὰ
404 1823 556 1851 Ματθαῖον·
565 1824 761 1859 Εὑαγταιιου.

144 1859 162 1868 ’⁵
180 1869 277 1902 Βίϐλος
291 1870 426 1904 γενέσεως
446 1870 534 1904 Ἰησοῦ
545 1870 676 1906 Χριστοῦ,
684 1880 712 1898 κ.
727 1880 754 1898 τ.
768 1871 794 1899 λ.

1030 1729 1134 1758 Divinas
1159 1728 1309 1766 Scriptum
1330 1728 1498 1762 testimonia,
1521 1736 1582 1764 quae
1603 1728 1719 1757 recitato
1731 1737 1791 1758 ser-

995 1777 1071 1805 moni
1085 1776 1282 1812 suffragantur.

1033 1823 1075 1851 Ea:
1088 1822 1223 1858 evangelia
1235 1822 1379 1849 secundum
1389 1821 1555 1849 Matt/unum.

1032 1869 1115 1897 Liber
1126 1869 1314 1905 generationis
1328 1868 1395 1896 Jesu
1406 1867 1520 1902 Christi,
1535 1871 1592 1896 etc.

181 1971 334 2007 Sequuntur
346 1972 374 1999 in
394 1972 481 2000 codice
496 1980 512 1999 α
526 1973 546 2008 Ῑ.
562 1971 614 2000 159
628 1972 654 2000 b.
674 1972 709 2000 ad
717 1973 738 2008 f.
759 1972 822 2005 lu,
842 1971 994 1999 testimonia
1012 1977 1045 1998 ea;
1060 1969 1165 2004 Genesi,
1181 1969 1334 2005 Evangelii;
1346 1968 1426 1997 Lucae
1442 1974 1466 1998 et
1479 1969 1602 2002 Joannis,
1625 1967 1705 1996 Pauli
1723 1977 1789 2005 apo-

145 2015 209 2044 stoli
220 2015 349 2051 Epistolis
359 2016 395 2043 ad
410 2016 553 2050 Romanos,
568 2017 604 2044 ad
614 2016 726 2045 Galatas
742 2020 768 2044 et
782 2016 818 2043 ad
829 2015 1002 2044 Timotheum.

183 2094 204 2110 “
220 2094 299 2123 Joan.
320 2103 368 2128 vn,
385 2095 412 2124 5.
453 2096 475 2113 "
502 2096 600 2125 Matth.
617 2104 691 2130 xxiv,
715 2096 761 2125 49.

151 2201 162 2218 (
186 2189 291 2219 gentes.
314 2185 370 2214 Nos
394 2191 496 2218 autem.
512 2187 584 2215 sicut
600 2187 629 2214 in
651 2187 731 2220 libro,
743 2195 826 2222 quem
842 2190 939 2222 contra

151 2238 160 2255 ι
187 2223 342 2252 Helvidium
363 2224 532 2258 scripsimus.
546 2224 714 2255 continetur,
736 2221 835 2250 fratres
851 2221 940 2258 Domi-

150 2275 159 2291 ε
186 2261 226 2294 ni,
239 2267 295 2288 non
309 2259 378 2287 ﬁlios
392 2256 504 2295 Ioseph.
523 2259 572 2287 sed
584 2258 766 2287 consobrinos
779 2256 939 2289 Salvator-is,

995 2194 1005 2210 ι
1028 2184 1215 2220 intelligimus.
1227 2189 1280 2212 etc.
1296 2194 1305 2211 ι
1323 2184 1413 2220 Atque
1433 2183 1486 2212 hoc
1498 2183 1579 2219 vulgo
1594 2181 1639 2218 pie
1658 2181 1714 2217 jam
1727 2187 1788 2209 (ιι-οε

992 2220 1067 2249 ditur
1080 2221 1109 2249 in
1123 2225 1179 2249 tota
1192 2220 1326 2249 Ecclesia.
