1948 3070
193 153 259 184 1347

870 149 985 181 PETRI
1013 149 1140 180 SICULI

1769 149 1840 182 i3i8

297 307 474 375 ΤΟΥ
501 305 790 374 ΑΥΤΟΥ
829 304 1179 371 ΠΕΤΡΟΥ
1209 303 1730 373 ΣΙΚΕΔΙΩΤΟΥ

792 426 978 470 ΛΟΓΟΣ
1014 425 1227 469 ΤΡΙΤΟΣ.

188 516 270 543 Κατὰ
282 515 341 543 τῶν
351 515 452 543 αὐτῶν
469 516 680 544 Παυλικιάνων
707 518 742 543 λε

745 517 859 550 τόν-των
882 517 927 543 ὅτι
956 518 972 543 ὀ
994 516 1103 549 Κύριος
1127 516 1175 543 ἐπὶ
1199 516 1253 544 τοῦ
1275 516 1401 543 δείπνου
1416 515 1478 548 τοῖς
1492 513 1641 550 μαθηταῖς
1665 513 1761 550 αὐτοῦ
1781 513 1838 540 οὑκ

222 551 336 578 ἔδωκεν
360 551 481 585 ἀληθῶς
513 551 606 586 ἄρτον
639 552 688 579 καὶ
711 549 806 583 οἶνον,
837 552 919 579 ἀλλὰ
942 552 1150 585 παριιϐολιλιῶς
1174 551 1230 586 (10)
1253 550 1348 584 εἶπεν,
1368 549 1498 584 Λάϐετε,
1517 550 1647 586 φάγετε,
1671 550 1706 576 τὰ
1715 549 1838 584 ῥήματα

222 586 316 614 αὑτοῦ
329 586 437 622 λέγων·
459 587 510 614 καί
525 586 672 622 οὐδαμοῦ,
687 587 779 622 φησι,
796 588 999 621 παρείληπται
1017 587 1107 614 τοῦτο
1123 588 1231 614 ποιεῖν.

401 746 454 781 ⁷⁷
477 759 920 839 EJUSDEM
977 758 1264 835 PETRI
1311 756 1622 836 SICULI

740 903 961 956 SEBMO
992 903 1295 956 TERTIUS.

188 1011 307 1042 Contra
322 1010 442 1041 eosdem
461 1010 678 1046 Puult'ct'anos.
693 1010 756 1050 qui
774 1009 885 1050 dicunt
908 1010 1076 1050 Dominum
1105 1011 1140 1041 in
1160 1006 1245 1041 cana
1267 1010 1437 1050 discipulis
1465 1011 1533 1041 suis
1555 1009 1640 1040 haud
1651 1018 1723 1050 cere
1747 1009 1840 1050 obtu-

229 1051 301 1082 lisse
327 1060 438 1090 panem
461 1060 497 1080 ac
510 1050 630 1086 vinum,
647 1048 896 1088 sed'parabolice
915 1049 1077 1090 locutum.
1092 1050 1224 1088 Sumite,
1247 1048 1454 1086 manducata;
1469 1059 1579 1089 nempe
1594 1049 1690 1080 verba
1708 1058 1768 1079 sua
1783 1048 1839 1079 de-

227 1088 379 1121 ηοιαηὶίο.
397 1089 504 1130 Neque
530 1090 565 1120 id
588 1098 721 1129 usquam
743 1089 856 1129 fecisse
878 1088 1033 1120 traditum
1057 1089 1178 1120 dicunt.

223 1253 246 1281 ι.
263 1253 304 1281 Εη
322 1253 379 1288 jam
394 1252 428 1281 ad
440 1252 510 1281 duas
519 1253 667 1289 praedictas
680 1255 788 1283 tertiam
801 1255 874 1284 hanc
890 1256 988 1292 adjun-

1075 1258 1115 1286 A’.
1140 1258 1205 1286 Ἰδοὺ
1230 1258 1302 1294 πρὸς
1324 1258 1381 1290 τοῖς
1403 1257 1464 1284 δυσὶ
1486 1257 1578 1293 τρίτον
1595 1256 1662 1292 ἡμῖν
1680 1254 1838 1291 προκείσθω

187 1299 278 1335 gimus
289 1298 512 1326 lucubrationem
532 1298 605 1326 circa
621 1299 792 1327 tremendam
807 1300 986 1335 divinamque

186 1350 347 1373 sanctorum
374 1345 566 1381 mysteriorum
592 1345 786 1378 initiationem,
812 1354 873 1381 quae
897 1346 986 1374 inedia

188 1392 240 1419 fuit.
255 1392 327 1419 inter
341 1392 448 1419 Domini
461 1392 634 1419 nativitatem
648 1396 677 1419 et
693 1392 816 1426 ejusdem
835 1392 988 1420 crueiﬁxio-

188 1446 265 1466 nem.
284 1438 343 1466 Jam
356 1446 421 1466 vero
439 1439 513 1473 quod
528 1438 641 1466 evidens
655 1439 693 1465 sit
705 1438 766 1466 haec
781 1438 928 1470 institutio,
946 1438 987 1465 si-

187 1490 236 1513 cut
251 1485 334 1512 etiam
351 1486 440 1513 sancti
458 1485 585 1520 baptismi
600 1493 632 1512 ex
648 1493 719 1520 aqua
727 1489 756 1513 et
772 1485 875 1519 Spiritu
890 1490 986 1512 sancto

189 1539 245 1566 quo
268 1531 420 1559 Christiani
444 1538 541 1559 omnes
560 1531 726 1563 imbuimur,
748 1538 838 1565 neque
856 1530 890 1558 ab
919 1530 986 1565 ipsis

190 1577 248 1605 ﬁeri
269 1577 408 1605 calumnia
422 1577 521 1611 possit.
539 1580 651 1612 propter
671 1576 732 1611 ejus
752 1575 792 1603 rei
816 1575 986 1611 simplicissi-

189 1632 264 1652 mam
276 1625 305 1651 in
318 1624 410 1652 divina
429 1623 571 1658 Scriptura
587 1623 864 1654 demonstrationem,
879 1623 986 1649 cunctis

189 1676 233 1698 est
245 1670 428 1706 exploratum.
454 1670 640 1696 Nihilominus
660 1669 687 1696 in
708 1670 759 1696 hoe
777 1668 859 1696 etiam
878 1669 984 1703 simpli-

189 1723 282 1742 exores
305 1715 434 1750 decipere
453 1719 591 1742 conantur
604 1714 632 1741 hi
643 1713 754 1742 seelesti
769 1713 893 1741 dicentes
904 1734 912 1746 ,
928 1721 985 1741 non

189 1767 319 1796 oportere
340 1761 412 1788 hanc
435 1761 571 1796 liturg‘am
596 1768 747 1796 peragere,
771 1767 861 1796 neque
878 1767 986 1788 sacrum

191 1807 305 1842 pretiosi
324 1807 447 1842 corporis
462 1815 494 1834 ac
507 1807 651 1842 sanguinis
666 1807 773 1834 Domini
787 1806 890 1842 Deique
901 1807 988 1835 nostri

191 1851 391 1878 nutrimentum
413 1851 596 1886 participare,
619 1859 731 1879 causam
750 1853 861 1887 quidem
886 1853 989 1880 nullam

191 1901 304 1929 prorsus
318 1893 474 1927 afferentes,
493 1901 606 1931 propter
619 1897 840 1932 evangelicorum
856 1897 986 1932 apostoli-

1036 1305 1186 1339 κεφάλαιον
1204 1305 1270 1340 περὶ
1288 1304 1340 1339 τῆς
1362 1303 1482 1338 φρικτῆς
1507 1303 1556 1330 καὶ
1577 1303 1653 1334 θείας
1678 1301 1733 1329 τῶν
1750 1301 1838 1335 ἁγίων

1037 1350 1197 1386 μυστηρίων
1218 1351 1357 1385 μυήσεως,
1373 1350 1416 1376 ὅτι
1437 1350 1508 1385 μέση
1522 1350 1571 1384 τῆς
1583 1348 1632 1375 τοῦ
1648 1348 1754 1383 Κυρίου
1774 1355 1836 1381 γεν-

1035 1398 1140 1432 νήσεως
1161 1398 1208 1424 καὶ
1229 1397 1280 1432 τῆς
1300 1396 1480 1432 σταυρώσεως
1501 1395 1585 1422 αὑτοῦ
1611 1393 1682 1430 αὕτη
1709 1394 1834 1428 γέγονεν.

1037 1441 1099 1469 Ὀτι
1117 1442 1167 1477 μὲν
1181 1442 1236 1477 γὰρ
1255 1442 1374 1477 φανερόν
1396 1443 1453 1468 ἐστι
1476 1441 1566 1473 τοῦτο,
1585 1440 1623 1472 ὡς
1642 1439 1691 1467 καὶ
1709 1439 1740 1466 τὸ
1758 1439 1835 1473 ἆγιον

1037 1487 1182 1522 βάπτισμα
1194 1488 1225 1514 τὸ
1239 1487 1274 1514 δι’
1291 1487 1387 1519 ὕδατος
1401 1488 1449 1514 καὶ
1466 1486 1625 1522 Πνεύματος
1637 1486 1728 1520 ἁγίου,
1740 1485 1755 1511 ὃ
1766 1485 1835 1512 πὰν-

1035 1541 1081 1565 τες
1106 1533 1267 1568 Χριστιανοὶ
1292 1532 1491 1568 βαπτιζόμεθα,
1516 1533 1564 1559 καὶ
1589 1533 1627 1567 μὴ
1654 1531 1835 1566 διαϐληθῆναι

1035 1579 1102 1615 παρ’
1120 1578 1209 1606 αὐτῶν
1229 1579 1388 1614 δυνάμενον,
1404 1579 1442 1611 ὼς
1467 1578 1659 1612 ἁπλουστάτην
1674 1577 1736 1611 εχον
1754 1577 1783 1602 ὲν
1799 1577 1833 1612 τῇ

1034 1625 1095 1660 θείᾳ.
1118 1626 1214 1661 Γραφῇ
1237 1626 1288 1660 τὴν
1308 1624 1436 1660 δήλωσιν,
1459 1626 1526 1651 πᾶσι
1550 1623 1684 1659 πρόδηλον
1707 1621 1787 1658 [cmL
1814 1620 1835 1647 f.

1035 1671 1083 1698 Mt
1102 1670 1143 1707 b.J
1154 1679 1161 1685 '
1180 1671 1255 1706 ὅμως
1267 1671 1314 1698 καὶ
1328 1672 1357 1697 ὲν
1373 1671 1461 1705 τούτῳ
1481 1669 1630 1705 πειρῶνται
1652 1668 1717 1699 τοὺς
1732 1667 1836 1694 ἁπλου-

1037 1717 1151 1752 στέρους
1177 1717 1361 1744 ὑποκλὲπτειν
1387 1717 1412 1742 oi.
1437 1716 1541 1743 ἀνόσιοι
1561 1715 1702 1749 λέγοντες,
1721 1713 1758 1748 μὴ
1778 1712 1837 1738 δεῖν

1036 1762 1209 1798 λειτουργίαν
1227 1763 1357 1798 τοιαύτην
1381 1761 1575 1794 ἐπιτελεῖσθαι,
1594 1759 1663 1796 μηδὲ
1687 1760 1739 1794 τῆς
1757 1759 1837 1794 ἱερᾶς

1036 1809 1143 1844 τροφῆς
1167 1808 1215 1835 τοῦ
1237 1809 1329 1844 τιμίου
1359 1808 1487 1844 σώματος
1509 1807 1556 1834 τοῦ
1579 1806 1682 1842 Κυρίου
1705 1806 1752 1832 καὶ
1766 1804 1837 1831 Θεοῦ

1038 1853 1118 1889 ἡμῶν
1135 1854 1261 1889 μετέχειν
1284 1854 1375 1881 αἰτίαν
1389 1853 1504 1885 ἐντελῶς
1525 1853 1562 1889 μὴ
1584 1852 1774 1887 ιπιφέροντες,
1792 1850 1839 1876 διὰ

1041 1900 1072 1927 τὸ
1092 1900 1147 1927 τῶν
1171 1901 1358 1935 εὑαγγελικῶν
1384 1901 1430 1927 καὶ
1456 1899 1645 1927 ἀποπολικῶν
1675 1897 1839 1933 μαρτυριῶν

190 1948 342 1975 eorumque
364 1941 584 1968 testimoniorum
607 1942 720 1970 minime
748 1943 853 1970 variam
875 1948 988 1971 senten-

1041 1947 1183 1974 ἁποίκιλον
1200 1947 1364 1983 γνώρισμα·
1387 1947 1513 1982 λέγοντες
1527 1946 1555 1973 δὲ
1579 1945 1659 1980 μόνον
1673 1945 1715 1971 ὃτι
1732 1943 1840 1979 συμὸο-

191 1987 258 2014 tiam
271 1996 278 2020 ;
294 1987 341 2014 sed
358 1987 464 2015 aienles
477 1988 679 2020 tantummodo,
694 1988 798 2016 dictum
812 1988 897 2016 fuisse
914 1997 987 2025 sym-

193 2033 281 2061 bolice
299 2041 315 2060 a
332 2033 450 2061 Domino
469 2043 475 2061 :
493 2034 605 2067 Sumite,
623 2035 793 2067 manducata,
815 2040 839 2062 et
855 2036 934 2062 bibite
956 2044 989 2063 ex

192 2089 221 2107 eo
244 2088 332 2107 omnes
346 2080 389 2113 ";
410 2080 476 2115 .ipsa
503 2088 553 2108 sua
570 2081 699 2108 videlicet
722 2081 806 2109 verba
827 2081 987 2113 denotante,

190 2126 322 2160 quoniam
341 2126 412 2152 nihil
432 2126 468 2153 ibi
488 2134 584 2161 reapse
607 2131 667 2154 erat
678 2126 760 2162 panis
776 2131 804 2154 et
826 2127 893 2154 vini.
910 2126 989 2159 Quod

191 2177 378 2200 commentum
395 2172 458 2200 ideo
474 2172 592 2200 fortasse
607 2173 675 2208 ipsis
689 2173 856 2209 excogitavit
877 2173 933 2208 78
948 2173 989 2200 in-

192 2219 271 2246 \idus
291 2219 428 2252 diabolus,
446 2227 482 2246 ne
497 2219 597 2246 divina:
612 2219 820 2247 communionis
834 2219 940 2246 lumine
955 2218 990 2244 il-

192 2266 355 2292 lustrentur.
381 2265 462 2293 Certe
479 2265 532 2292 hoc
547 2265 614 2300 ipsis
626 2266 683 2300 jam
703 2274 757 2292 non
773 2266 846 2297 licet,
862 2265 924 2300 quia
947 2264 990 2292 di-

193 2311 256 2337 vino
279 2310 415 2345 baptismo
433 2318 491 2337 non
518 2315 583 2338 sunt
607 2311 739 2346 perfecti,
763 2318 853 2345 neque
884 2311 911 2338 in
939 2311 991 2338 ﬁde

192 2357 345 2384 orthodoxa
360 2356 523 2384 conﬁrmati.
534 2357 602 2385 Nam
616 2357 708 2385 divina
721 2357 881 2385 communio
894 2365 909 2384 a
926 2364 990 2391 pcr-

193 2403 272 2430 fectis
287 2408 369 2437 atque
391 2403 518 2431 ﬁdelibus
541 2404 740 2439 participatur:
760 2403 929 2438 imperfectis
945 2411 993 2430 au-

193 2454 248 2476 tem
265 2453 293 2476 et
307 2456 362 2475 non
378 2450 546 2485 consignatis
558 2454 640 2484 atque
653 2449 809 2476 inﬁdelibus
826 2456 940 2484 prorsus
951 2453 993 2476 est

193 2495 335 2524 inaccessa
347 2500 374 2523 et
392 2496 742 2530 ineommunicabilis,quia
757 2500 854 2530 sponte
866 2495 900 2522 ad
922 2495 992 2523 veri-

193 2546 278 2568 tatem
303 2542 461 2569 ementium.
481 2541 573 2569 Omnis
589 2542 658 2569 enim
671 2542 716 2577 qui
734 2541 804 2568 male
825 2542 892 2576 agit,
909 2545 939 2568 ut
954 2541 993 2568 ait

193 2595 301 2614 sacrum
321 2588 473 2619 oraculum,
493 2587 575 2615 lucem
590 2589 666 2615 odit:
687 2596 718 2614 ac
737 2592 875 2623 propterea
896 2590 930 2614 ad
947 2587 990 2614 ίιι-

192 2642 247 2660 cem
263 2642 313 2660 non
336 2634 455 2667 veniunt,
469 2639 496 2660 ut
511 2643 562 2661 non
583 2639 734 2670 arguantur
752 2642 830 2668 opera
847 2642 938 2660 eorum
956 2634 988 2660 “.

228 2679 262 2706 ll.
274 2679 330 2707 Nos
341 2688 407 2716 ergo
423 2681 505 2708 unius
519 2681 698 2715 eiusdemque
714 2681 760 2708 Dei
776 2680 916 2708 credimus
928 2688 990 2708 esse

231 2759 358 2787 “Matth.
379 2769 452 2793 uri,
468 2760 512 2788 26.
554 2760 575 2776 ³⁸
588 2760 667 2788 Joan.
687 2769 727 2791 Ill,
743 2759 788 2786 ‘20.

231 2843 292 2880 (tot
309 2843 347 2869 Ita
375 2843 419 2870 hic
441 2843 537 2871 codex.
560 2844 615 2871 Sed
632 2849 723 2871 tamen
747 2852 774 2880 ῃ.
802 2844 846 2877 14,
866 2851 917 2871 nec
935 2849 990 2870 non

195 2885 228 2910 pa
233 2886 247 2903 u
252 2878 277 2903 lo
287 2879 358 2905 intra
375 2879 548 2914 συμῦολικῶς

1036 1992 1120 2024 λιχῶς
1135 1992 1242 2028 εἴρηται
1258 1993 1310 2019 ὑπὸ
1322 1992 1370 2019 τοῦ
1394 1992 1497 2027 Κυρίου
1521 1991 1562 2023 τὸ,
1575 1989 1699 2022 Λὰὄετε,
1715 1988 1838 2024 φάγετε,

1037 2038 1088 2066 καὶ
1102 2039 1186 2066 πίετε
1200 2038 1233 2070 ἐξ
1246 2038 1340 2065 αὑτοῦ
1355 2037 1467 2071 πάντες
1479 2046 1486 2052 ·
1505 2037 1540 2063 τὰ
1557 2037 1670 2072 ῥήματα
1690 2034 1775 2061 αὑτοῦ
1791 2034 1838 2060 λέ-

1037 2093 1105 2119 γων,
1123 2085 1185 2111 ἐπεὶ
1201 2084 1252 2111 οὐκ
1268 2082 1302 2119 ἦν
1316 2083 1426 2118 ἀληθῶς
1441 2083 1523 2118 ἄρτος
1539 2082 1587 2109 καὶ
1601 2079 1687 2112 οἶνος·
1703 2081 1775 2115 τάχα
1789 2080 1840 2106 καὶ

1038 2130 1118 2157 τοῦτο
1130 2129 1177 2156 τοῦ
1191 2129 1310 2165 πονηροῦ
1326 2130 1446 2164 σόφισμα
1459 2127 1652 2165 βασκαίνοντος
1663 2127 1757 2158 αὐτοῖς
1768 2125 1840 2161 πρὸς

1039 2176 1070 2202 τὸ
1083 2176 1120 2210 μὴ
1134 2176 1173 2210 τῷ
1183 2174 1316 2210 φωτισμῷ
1327 2175 1377 2210 τῆς
1389 2174 1463 2206 θείας
1476 2172 1667 2209 ἑλλαμφθῆναι
1679 2171 1838 2202 κοινωνίας·

1040 2220 1102 2247 οὐδὲ
1119 2221 1175 2255 γὰρ
1190 2220 1270 2247 τοῦτο
1286 2220 1398 2255 θεμιτὸν
1420 2220 1512 2251 αὐτοῖς
1527 2219 1646 2253 ὑπάρχει
1663 2217 1701 2253 μὴ
1717 2217 1758 2252 τῷ
1774 2216 1841 2252 θείῳ

1042 2267 1211 2302 βαπτίσματι
1227 2267 1405 2301 τελεσθεῖσιν,
1421 2268 1470 2294 καὶ
1484 2268 1517 2303 τῇ
1535 2266 1669 2301 ὀρθοδόξῳ
1682 2265 1775 2291 πίστει
1792 2264 1838 2299 βεσ

1041 2313 1214 2340 δαιωοεϊσιν·
1241 2315 1258 2350 ἠ
1275 2314 1330 2349 γὰρ
1353 2314 1414 2340 θεία
1429 2313 1568 2346 κοινωνία,
1584 2312 1638 2339 τῶν
1660 2311 1842 2346 τετελειωμέ-

1041 2368 1095 2386 νων
1112 2359 1159 2385 καὶ
1173 2360 1279 2386 πιστῶν
1294 2361 1352 2386 ὲστι
1365 2359 1516 2396 μετάληψις
1527 2367 1534 2374 ·
1549 2360 1606 2390 τοῖς
1621 2357 1651 2384 δὲ
1667 2357 1778 2384 ἀτελέσι
1793 2358 1842 2383 καὶ

1040 2405 1238 2441 ἀσφραγίστοις
1255 2406 1310 2441 (Η)
1325 2407 1373 2433 καὶ
1389 2406 1526 2437 ἀπίστοις,
1551 2404 1668 2439 πάμπαν
1691 2402 1843 2438 ἀπρόσιτος

1042 2451 1161 2487 ὑπάρχει
1184 2452 1231 2478 καὶ
1255 2452 1408 2488 ἀμέτοχος,
1430 2451 1475 2478 διὰ
1488 2452 1518 2478 τὺ
1539 2451 1569 2483 ἐξ
1584 2450 1710 2477 ἑκουσίου
1726 2448 1842 2483 γνώμης

1041 2496 1210 2530 τυφλώττειν
1233 2497 1333 2528 αὐτοὺς
1350 2497 1414 2532 περὶ
1438 2497 1487 2532 τὴν
1503 2496 1650 2528 ἀλήθειαν·
1669 2493 1734 2526 Πᾶς
1750 2494 1806 2528 γὰρ
1826 2494 1843 2519 ὁ

1042 2541 1146 2576 φαῦλα
1168 2542 1327 2577 πράσσων,
1351 2543 1388 2574 ὥς
1406 2552 1474 2578 φησι
1488 2543 1519 2569 τὸ
1539 2541 1612 2577 ἱερὸν
1636 2541 1738 2574 λόγιον,
1759 2537 1845 2574 μισεῖ

1046 2589 1077 2614 τι)
1089 2588 1152 2624 φῶς
1161 2597 1167 2604 ·
1180 2589 1231 2616 καί
1246 2589 1295 2616 διὰ
1307 2590 1395 2617 τοῦτο
1409 2590 1465 2617 οὐκ
1478 2589 1617 2623 ἔρχονται
1631 2586 1707 2622 «pet;
1719 2585 1752 2612 τὸ
1768 2584 1841 2620 φῶς.

1044 2635 1104 2667 ἵνα,
1115 2634 1158 2670 μὴ
1173 2635 1360 2670 ἐλεγχθῶσιν
1374 2636 1475 2664 αὐτῶν
1489 2637 1525 2663 τὰ
1540 2635 1621 2670 ἔργα.

1081 2681 1117 2708 ιν.
1140 2682 1238 2717 Ἡμεῖς
1260 2683 1351 2709 τοίνυν
1375 2683 1434 2714 ἐνὸς
1449 2682 1498 2709 καὶ
1513 2681 1560 2708 τοῦ
1575 2679 1657 2707 αὑτοῦ
1682 2678 1752 2706 Θεοῦ
1773 2675 1842 2704 εἶναι

1087 2841 1110 2876 (t
1120 2840 1143 2874 Ι)
1158 2840 1240 2869 Vides
1250 2842 1415 2869 Manielimos
1427 2843 1487 2869 sine
1499 2841 1640 2876 Buptismo
1655 2846 1683 2869 et
1697 2841 1758 2868 sine
1769 2840 1843 2867 Cou-

1043 2878 1208 2910 ﬁrmntione,
1222 2883 1304 2913 atque
1320 2886 1369 2906 usu
1382 2877 1570 2906 liuciiaristiae.
