1948 3070
131 167 200 198 1349

130 223 295 258 πιστεύομεν
313 222 345 249 τὸ
365 219 570 255 παντοδύναμον
593 219 772 254 πρόσταγμα,
788 218 818 245 ἐν
829 219 863 253 τῇ
876 216 925 243 τοῦ
942 221 964 247 Α

130 271 234 305 κόσμου
250 269 356 304 γενέσει
367 267 415 294 τοῦ
433 267 480 294 ὑπ’
495 265 578 293 αὑτοῦ
599 265 757 295 κτισθέντος
772 264 925 300 είρηκότοςο

130 314 341 349 Βλαστησάτω
355 315 375 348 ἡ
394 312 431 349 Im”
447 312 525 349 [cod.
540 312 559 340 ί.
581 311 645 347 ΗΞ]
656 310 796 344 βοτάνην
806 310 927 344 χόρτου,

130 361 258 395 o’asipor
273 360 393 395 σπέρμα
408 359 485 386 κατὰ
498 358 586 394 γένος
604 357 655 384 καὶ
670 357 735 384 καθ’
750 357 925 391 ὀμοιότητα’

131 408 177 434 καὶ
195 406 280 434 εἰσέτι
295 407 343 434 καὶ
364 405 412 434 νῦν
430 405 470 440 τῷ
484 405 549 440 θείῳ
564 404 716 431 ὑπείκουσα
732 403 925 438 προστάγματι

130 455 220 481 πάντα
240 454 276 480 τὰ
290 453 363 488 φυτὰ
381 451 548 483 ἁνελλειπῶς
571 451 688 487 ὲτησίως
702 450 815 485 ἐκφέρει
826 457 833 464 ·
855 449 884 475 ὲν
896 448 925 475 δὲ

130 499 169 534 τῷ
183 499 250 535 ίερῷ
262 499 363 534 δείπνῳ
376 500 432 530 τοῖς
445 498 534 532 ἁγίοις
548 497 709 528 ἀποστόλοις
722 496 804 532 ἄρτον
817 494 925 530 ἀληθῶς

130 545 179 572 καὶ
189 543 260 572 οἶνον
266 544 356 576 δόντος
368 545 415 571 καὶ
427 543 565 576 λέξαντος,
580 541 701 574 Λάϐετε,
708 537 817 575 φάγετε
826 539 927 575 [τοῦτό

130 592 196 618 ἐστι
213 590 246 618 τὸ
258 589 345 624 σῶμά
357 588 448 625 you].
463 589 514 616 καὶ
537 589 621 615 alere
633 588 669 620 ἐξ
683 586 777 614 αὑτοῦ
796 585 924 618 πάντες,

130 636 220 663 τοῦτό
231 636 298 663 ἐστι
313 635 346 662 τὸ
360 634 432 670 αἴμιὶ
449 644 520 670 μου.
536 634 569 661 τὸ
580 633 634 668 τῆς
646 632 754 667 καινῆς
768 632 925 666 διαθήκης,

130 683 164 709 τὸ
185 682 262 717 ὑπὲρ
277 681 361 716 ὑμῶν
376 681 426 708 καί
448 680 575 708 πολλῶν
590 680 796 714 ἐκχυνόμενον
810 680 854 712 εὶς
869 679 927 712 τὴν

130 729 209 764 ἐμὴν
220 727 397 764 ἀνάμνησιν
406 736 414 745 θ
427 729 476 755 καὶ
488 727 535 755 νῦν
550 727 597 755 καὶ
609 726 693 753 είσέτι
706 726 737 753 τὸ
752 726 817 752 αὐτὸ
829 725 926 760 διαφυ-

130 775 259 803 λάττεται
274 775 440 812 πρόσταγμα
449 775 482 810 τῇ
496 774 551 801 τῶν
564 772 710 809 ὑπηρετῶν
726 772 868 809 ἱερουργίᾳ
882 780 926 799 τε-

129 821 303 857 λειούμενον·
335 821 442 857 ὁρατῶς
471 820 521 855 μὲν
549 819 597 847 τοῦ
621 819 705 862 ἄρτου
729 817 924 855 προκειμένου,

129 869 254 904 ἀοράτως
271 868 300 895 δὲ
313 868 360 895 τοῦ
377 867 513 902 παναγίου
534 866 732 902 ὲπιφοιτῶντος
748 865 922 901 Πνεὺματος,

129 914 177 941 καὶ
193 915 227 941 τὰ
242 913 427 949 προτιθέμενα
447 913 609 948 ἀγιάξοντος
620 921 627 928 ·
648 912 697 939 καὶ
708 911 758 939 οὐκ
777 911 922 941 ἀντίτυπα,

128 959 186 986 ἀλλ’
201 959 268 986 αὐτὸ
287 959 318 986 τὸ
333 959 466 994 πανάγιον
484 958 565 993 σῶμα
579 958 626 984 καὶ
643 957 674 984 τὸ
686 956 778 992 τίμιον
793 953 864 991 αἷμα
875 955 923 982 τοῦ

129 1005 232 1040 Κυρίου
243 1005 291 1032 καὶ
302 1004 370 1033 Θεοῦ
386 1004 467 1040 ἡμῶν
482 1003 680 1035 ἀπο-τελοῦντος
692 1003 748 1038 (12)
758 1023 765 1035 ,
780 1001 809 1034 ἐξ
826 999 856 1029 οὗ
876 1001 924 1029 καὶ

127 1052 209 1086 ἡμεῖς
229 1052 254 1078 οἱ
279 1051 438 1087 ἁμαρτωλοὶ
453 1050 637 1086 ἁγιαζόμεοα,
657 1049 698 1081 είς
718 1049 816 1083 ἄφεσιν
831 1048 924 1083 ἁμαρ-

127 1096 193 1124 τιῶν
213 1097 480 1132 μεταλαμῦάνοντες.

162 1141 199 1170 Γ.
222 1142 291 1177 Ἀγε
312 1142 345 1178 δὴ
361 1144 409 1169 na).
423 1142 472 1173 τὰς
488 1142 553 1177 περὶ
564 1140 660 1168 τούτου
678 1133 754 1176 ῑὲρᾲς
766 1140 870 1175 ῥήσεις,
885 1138 924 1170 ὡς

941 892 962 920 Β

127 1187 276 1214 διάκεινται
289 1187 318 1214 ὲν
330 1189 391 1218 ταῖς
405 1187 491 1222 ἱεραῖς
505 1186 639 1218 πυκταῖς
653 1185 871 1220 ὑπογράψωμεν,
885 1183 924 1218 τῷ

127 1233 309 1268 ἁπλουστάτῳ
321 1233 368 1260 καὶ
384 1233 522 1268 ἁποικίλῳ
537 1233 587 1268 τῆς
605 1232 734 1267 φράσεως
748 1230 840 1258 αὐτῶν
854 1230 924 1265 πρὸς

127 1277 301 1311 ἀξιοπιστίαν
323 1278 371 1305 τοῦ
396 1279 530 1313 παρόντος
557 1278 716 1313 ζητήματος
744 1276 920 1312 ἀρκούμενοι.

127 1323 176 1355 Τίς
190 1324 244 1359 γὰρ
258 1324 480 1360 ἀξιοπιστότερος
489 1323 538 1350 τοῦ
552 1323 637 1356 Beati;
650 1323 691 1354 τίς
701 1323 730 1349 δὲ
747 1323 806 1358 μετ’
819 1323 924 1349 ἐκεῖνον

127 1369 220 1405 ἕτερος
233 1391 241 1402 ,
269 1369 340 1406 πλὴν
360 1370 414 1397 τῶν
435 1369 580 1397 αὐτοπτῶν
594 1369 678 1396 αὐτοῦ
708 1369 756 1396 καὶ
778 1367 924 1405 ὑπηρετῶν

129 1414 201 1451 [cod.
219 1416 239 1443 l'.
257 1416 318 1443 142.
335 1415 388 1452 ι›.],
407 1416 462 1442 τῶν
482 1415 686 1450 εὐαγγελιστῶν
701 1415 774 1449 λέγω
789 1414 836 1441 καὶ
853 1414 924 1440 ἀπο-

83 1454 88 1458 .
127 1463 240 1495 στόλων,
255 1463 375 1498 ὑπάρχει
387 1462 564 1497 πιστότερος;
579 1461 665 1492 ὃντως
677 1460 781 1493 οὐδείς’
791 1460 839 1487 καὶ
855 1460 926 1495 μάρ-

126 1517 175 1541 τυς
189 1509 236 1536 καὶ
251 1510 265 1536 ὁ
292 1509 371 1543 λόγος
388 1510 434 1536 καὶ
451 1510 465 1535 ὁ
490 1508 546 1544 βίος
566 1508 657 1535 αὐτῶν
677 1508 725 1535 καὶ
740 1507 775 1534 τὰ
793 1506 922 1542 Θαύματα

126 1555 236 1591 ἄληπτα
250 1556 326 1591 παρὰ
342 1557 426 1582 πᾶσιν
441 1556 600 1591 ὑπάρχοντα
613 1554 661 1581 καὶ
677 1553 861 1588 ἀνεπίληπτα,
874 1553 922 1580 καὶ
935 1567 957 1598 C

125 1601 270 1628 δεικνύντα
285 1601 396 1633 δούλους
408 1600 456 1628 τοῦ
470 1601 539 1628 Θεοῦ
554 1600 698 1635 ἀληθινοὺς
715 1599 816 1630 αὐτοὺς
833 1598 923 1634 ὑπάρ-

126 1655 184 1681 χειν
211 1648 260 1673 καὶ
285 1647 438 1682 μάρτυρας.
468 1647 513 1674 Διὸ
536 1646 586 1674 καὶ
609 1645 658 1673 νῦν
683 1644 774 1672 αὐτῶν
789 1644 923 1679 λεγόντων

125 1693 299 1729 ἀκούσωμεν.

162 1739 321 1774 Μαρτυρίαι
345 1740 396 1775 τῆς
419 1739 496 1771 θείας
520 1739 632 1776 Γραφῆς
657 1737 858 1775 συνηγοροῦσαι
883 1737 923 1773 τῷ

128 1785 238 1820 ῥηθέντι
249 1785 333 1821 λόγῳ.

168 1832 221 1858 Ἐκ
235 1831 289 1858 τοῦ
302 1830 378 1858 κατὰ
393 1829 546 1858 Ματθαῒον
561 1829 760 1865 Εὺιιγγελίου.

168 1877 316 1912 Ἐποίησαν
330 1876 360 1903 δὲ
380 1877 404 1903 οἱ
426 1875 558 1912 μαθηταὶ,
575 1876 613 1907 ὡς
630 1875 776 1908 συνέταξεν
793 1875 887 1907 αὐτοῖς
908 1876 923 1902 ὁ

144 1923 250 1958 Ιησοῦς,
266 1923 313 1950 καὶ
327 1923 481 1958 ἡτοίμασαν
496 1922 526 1949 τὸ
539 1923 645 1957 Πάσχα.
660 1930 724 1950 κ.τ,
736 1922 761 1948 λ.

618 161 746 192 SERMO
766 160 814 191 III
834 158 1034 190 ADVERSUS
1052 159 1294 190 MANICHJEOS.

1709 157 1778 190 1350

980 220 1146 251 praeceptum
1162 215 1349 250 omnipotens,
1365 214 1445 242 initio
1456 214 1567 250 quidem
1581 215 1678 243 mundi
1693 217 1728 244 ab
1743 225 1777 244 eo

977 261 1092 294 conditi,
1112 261 1232 290 dicentis
1250 270 1258 288 :
1275 261 1410 289 Cerminet
1430 266 1503 288 terra
1521 261 1629 290 herbam
1652 264 1715 299 feni,
1735 265 1778 298 {a-

976 308 1087 336 cientem
1095 316 1185 335 semen
1193 308 1221 335 in
1232 315 1280 334 suo
1293 315 1510 344 unamquamque
1516 317 1609 345 genere
1615 311 1736 344 acspecie
1743 310 1777 338 ¹¹¹⁵.

975 354 1009 382 Ει
1041 361 1076 381 θη
1094 362 1181 389 usque
1202 354 1284 382 hodie
1302 353 1397 382 divino
1421 359 1559 390 praecepto
1583 356 1778 391 obtemperans

976 408 1058 429 omne
1081 394 1169 436 genus
1192 400 1319 435 stirpium
1335 400 1478 427 annuatim
1505 400 1696 429 indeﬁcienter
1710 410 1778 437 pro-

975 447 1060 475 ducit.
1082 447 1111 474 ln
1133 455 1211 474 sacra
1230 454 1294 474 vero
1317 455 1395 475 coena
1413 448 1516 476 sanctis
1527 449 1657 484 apostolis
1677 456 1777 483 panem

975 501 1040 521 vere
1051 494 1203 528 vinumque
1215 501 1278 520 cum
1288 494 1446 521 exhibuerit
1456 493 1600 528 Dominus,
1609 495 1774 530 dixeritque:

976 538 1089 569 Sumite.
1105 539 1264 566 manducata
1279 538 1339 574 [hoc
1350 544 1388 566 est
1400 548 1494 574 corpus
1511 540 1610 576 meum]
1623 549 1632 573 ;
1648 545 1673 568 et
1694 541 1776 568 bibite

976 594 1008 613 ex
1026 594 1056 613 eo
1074 594 1173 618 omnes,
1186 586 1228 612 hic
1249 590 1287 613 est
1309 586 1419 620 sanguis
1440 595 1513 613 meus
1533 587 1593 614 novi
1614 588 1776 622 leuamenti,

975 632 1045 666 quod
1060 639 1108 666 pro
1121 631 1192 658 vobis
1210 636 1234 658 et
1251 639 1299 666 pro
1316 631 1407 658 multis
1423 632 1569 667 effundatur
1589 633 1618 659 in
1636 634 1775 660 remissio-

975 685 1034 704 nem
1051 682 1220 712 peccatorum
1233 677 1300 704 :Itoc
1317 678 1398 713 facite
1422 678 1449 704 in
1474 686 1562 705 meam
1584 687 1777 706 commemora-

975 722 1072 748 tionem
1084 722 1125 755 ης
1141 729 1216 749 nunc
1232 721 1323 750 adhuc
1338 722 1408 749 idem
1433 723 1596 751 observatur
1613 725 1776 752 mandatum

975 767 1131 795 divinorum
1145 767 1336 795 ministrorum
1347 775 1425 795 sacro
1433 767 1523 795 ollicio
1534 773 1774 802 consummatum;

975 814 1124 842 visibiliter
1145 813 1256 849 quidem
1278 821 1350 849 pane
1363 814 1515 849 proposito,
1531 814 1707 843 invisibiliter
1727 823 1776 842 au-

978 864 1034 888 tem
1060 860 1274 896 superveniente
1298 860 1473 888 sanctissimo
1491 860 1595 896 Spiritu
1609 882 1616 895 ,
1637 866 1666 889 et
1684 862 1775 890 oblata

977 907 1188 941 sanctiﬁcante;
1216 915 1269 934 nec
1288 915 1353 934 sane
1371 908 1504 943 antitypa,
1520 908 1569 936 sed
1590 912 1715 936 sanctum
1731 909 1774 944 ip-

977 960 1037 980 sum
1067 960 1168 987 corpus
1191 952 1398 987 pretii-sumque
1421 953 1583 989 sanguinem
1609 954 1717 982 Domini
1742 962 1775 982 ac

975 998 1023 1026 Dei
1033 999 1123 1026 nostri
1137 998 1288 1032 elﬁciente;
1302 1006 1336 1026 ex
1350 1007 1406 1034 quo
1423 1007 1475 1027 nos
1488 1008 1598 1035 quoque
1611 1006 1775 1036 peccatores

975 1045 1196 1078 sanctiﬁcamur,
1217 1045 1283 1073 dum
1305 1045 1334 1073 in
1349 1045 1544 1074 remissionem
1566 1047 1709 1083 culparum
1725 1055 1773 1075 su-

976 1091 1090 1118 mimus.
1675 1122 1677 1125 ι

1009 1135 1056 1163 lli.
1082 1136 1178 1172 Agesis
1195 1136 1230 1165 de
1243 1137 1296 1165 hac
1309 1145 1421 1173 quoque
1435 1137 1564 1174 dogmate
1579 1145 1673 1166 sacras
1694 1139 1773 1167 locu-

973 1181 1072 1215 tiones,
1101 1187 1183 1217 prout
1206 1182 1234 1210 in
1251 1183 1337 1210 sacris
1358 1183 1547 1211 voluminibus
1571 1184 1677 1219 jacent,
1700 1185 1774 1213 infra

973 1230 1138 1262 scribamus,
1151 1231 1357 1266 simplicissime
1370 1231 1493 1267 ipsarum
1509 1236 1538 1260 et
1548 1236 1693 1260 constante
1710 1241 1772 1261 ver—

972 1275 1069 1303 borum
1084 1281 1178 1304 tenore
1192 1277 1225 1304 ad
1239 1279 1384 1312 praesentis
1391 1279 1585 1306 controversiae
1596 1280 1765 1308 auctoralem

977 1322 1166 1350 deﬁnitionem
1186 1323 1241 1358 79
1260 1324 1394 1351 contenti.
1416 1324 1484 1357 Quis
1498 1325 1571 1351 enim
1586 1325 1641 1352 Deo
1661 1325 1715 1352 ﬁde
1729 1325 1773 1353 di-

976 1368 1079 1403 gnior?
1094 1368 1162 1401 Quis
1179 1373 1242 1403 post
1257 1376 1319 1396 eum
1333 1369 1414 1401 alius,
1431 1374 1530 1404 praeter
1545 1377 1593 1397 eos
1605 1370 1651 1404 qui
1664 1370 1690 1397 ei
1703 1378 1772 1398 ocu-

976 1414 1022 1442 lati
1046 1418 1130 1442 testes
1142 1414 1298 1447 adl‘uerunt,
1311 1416 1494 1450 evangelistas
1508 1416 1569 1443 dico
1586 1421 1614 1443 et
1633 1416 1773 1450 apostolos

976 1461 1109 1496 majorem
1119 1465 1240 1488 nostram
1254 1461 1381 1488 ﬁduciam
1396 1461 1536 1496 postulat?
1549 1461 1666 1490 Prorsus
1677 1470 1770 1490 nemo.

977 1506 1067 1535 Testis
1083 1515 1174 1534 sermo
1191 1515 1288 1535 eorum
1303 1512 1332 1535 et
1345 1508 1400 1536 vita
1412 1508 1534 1543 itemque
1548 1508 1690 1540 miracula,
1709 1517 1772 1544 quae

980 1553 1055 1589 apud
1079 1561 1176 1580 omnes
1198 1553 1311 1581 indubia
1330 1554 1537 1589 sunt,nul|ique
1560 1554 1770 1590 reprehensioni

974 1599 1104 1633 obnoxia,
1118 1607 1235 1634 quaeque
1250 1599 1324 1635 ipsos
1337 1608 1417 1628 veros
1434 1600 1480 1628 Dei
1498 1601 1615 1628 famulos
1630 1606 1772 1637 testesque

972 1645 1058 1674 fuisse
1075 1646 1276 1674 demonstrant.
1293 1647 1363 1682 Ergo
1380 1647 1455 1682 ipsos
1467 1655 1542 1674 nunc
1556 1647 1700 1683 loquentes
1719 1656 1770 1676 au-

972 1692 1091 1720 diamus.

1008 1739 1113 1767 Divina:
1131 1739 1282 1775 Scriptura:
1306 1739 1474 1773 testimonia,
1497 1747 1558 1775 qua:
1581 1740 1697 1768 recitato
1716 1748 1772 1770 ser-

975 1786 1049 1813 moni
1064 1785 1262 1822 suﬁ‘ragantur.

1011 1831 1054 1858 Ea;
1067 1831 1212 1868 Evangelia
1227 1827 1370 1859 secundum
1387 1831 1552 1860 Matt/mum.

1010 1869 1148 1905 Fecerunt
1170 1883 1261 1905 autem
1275 1878 1401 1913 discipuli
1422 1882 1504 1913 prout
1525 1878 1648 1914 jusserat
1657 1878 1710 1907 illis
1724 1879 1771 1908 Je-

974 1929 1023 1950 sus
1033 1928 1071 1956 ,et
1085 1928 1251 1958 paraverunt
1264 1924 1379 1957 Pascha,
1394 1928 1449 1952 etc.

164 1980 199 2007 In
214 1981 264 2007 hac
279 1981 378 2016 pagina
396 1980 448 2007 M2
459 1981 473 2008 b
488 1980 584 2007 desinit
600 1979 729 2014 abruptus
751 1979 844 2006 tertius
862 1987 958 2010 sermo,
974 1987 1020 2006 seu
1035 1980 1186 2006 testimonia
1199 1979 1275 2007 illum
1298 1981 1485 2014 conﬁrmantia
1496 2001 1504 2014 ,
1524 1989 1583 2016 qum
1600 1985 1669 2008 certe
1688 1982 1771 2016 petita

127 2026 235 2060 luerunt
248 2031 304 2060 post
322 2025 477 2052 Mattha'unt
498 2033 530 2051 ea:
548 2023 643 2052 Marco
660 2028 684 2050 et
707 2023 779 2050 Luca
794 2023 932 2058 Pauloque
957 2022 1002 2049 ubi
1019 2024 1051 2050 de
1072 2024 1240 2051 sanctissima
1256 2024 1427 2051 Eurhurislia
1441 2025 1594 2060 loquuntur.
1615 2025 1647 2052 In
1662 2025 1771 2052 amissis

127 2075 218 2096 autem
232 2069 343 2105 reliquis
358 2070 445 2104 operis
457 2068 676 2104 quaternionibus
689 2067 825 2102 perierunt
834 2072 886 2094 tres
895 2067 1054 2101 posteriores
1063 2067 1133 2097 libri.
1147 2076 1212 2103 quas
1225 2074 1319 2094 auuor
1331 2069 1451 2102 promisit
1467 2069 1495 2096 in
1508 2068 1618 2095 historia
1628 2077 1654 2104 ρ.
1670 2069 1769 2102 15-16,

127 2121 220 2148 nempe
230 2114 262 2140 de
272 2118 372 2141 sancta:
384 2113 470 2140 crucis
487 2112 571 2146 cultu,
581 2115 614 2139 de
626 2111 724 2139 Veteris
738 2111 899 2138 Testamenti
908 2113 1081 2144 auctoritate,
1098 2117 1123 2140 et
1143 2114 1175 2140 de
1198 2113 1373 2140 ecclesiastica
1397 2113 1560 2141 hierarchia.
1578 2114 1668 2141 Alium
1684 2115 1773 2148 operis

129 2159 276 2193 pleniorem
290 2159 407 2185 codicem
423 2161 516 2193 optare
536 2158 622 2193 magis
633 2165 714 2192 quam
727 2164 835 2191 sperare
851 2156 921 2183 licet.
937 2155 990 2184 Sed
1012 2161 1154 2192 antequam
1176 2157 1209 2184 de
1227 2158 1275 2184 hoc
1286 2166 1363 2192 opere
1385 2158 1472 2185 dicere
1485 2158 1585 2191 desino,
1607 2166 1705 2193 nequeo
1718 2166 1771 2185 non

125 2203 223 2229 mirari
234 2202 316 2229 Joan.
329 2202 481 2238 Chrislop/t.
498 2202 636 2236 Wallium,
653 2202 699 2236 qui
713 2201 741 2228 in
759 2201 836 2236 pra’f.
850 2201 886 2227 ad
900 2201 994 2228 anecd.
1010 2200 1057 2228 Gr.
1072 2205 1091 2228 t.
1111 2200 1153 2234 Il,
1172 2201 1282 2228 Petrum
1296 2206 1414 2229 nostrum
1431 2201 1549 2229 Siculum
1564 2203 1628 2238 facit
1640 2201 1772 2230 Constan-

126 2246 343 2281 tinopolitanum,
354 2252 477 2274 sanctum
489 2246 731 2281 Tltanmaturgum,
746 2251 771 2272 et
790 2245 948 2280 Argivorum
969 2245 1131 2280 episcopum,
1149 2246 1230 2272 citato
1245 2245 1376 2272 Bollando
1394 2250 1414 2273 ι.
1430 2245 1461 2273 ll
1474 2245 1567 2279 ἔτἰιίιν.⁷
1588 2254 1614 2280 p.
1633 2245 1686 2273 610
1698 2247 1770 2275 (cum

126 2291 211 2317 citare
225 2290 354 2317 debuisset
368 2296 388 2317 t.
401 2290 415 2317 1
429 2290 507 2322 Maii,
529 2299 556 2323 p.
577 2290 653 2325 428).
675 2289 727 2317 Sed
741 2297 835 2324 reapse
849 2289 916 2316 nihil
933 2297 1072 2316 commune
1086 2289 1182 2317 habent
1196 2289 1291 2317 Petrus
1308 2289 1416 2318 Siculus
1433 2295 1458 2318 et
1472 2289 1568 2318 Petrus
1577 2290 1701 2325 Argivus,
1718 2297 1772 2316 nou

127 2338 247 2367 a-tutem,
259 2341 312 2360 non
326 2335 457 2368 patriam,
474 2341 525 2361 non
535 2333 678 2365 miracula,
692 2341 744 2360 non
755 2333 816 2360 uiue
826 2333 938 2368 denique
952 2334 1151 2369 professionem.

164 2404 185 2420 "
202 2403 298 2432 Matth.
317 2411 389 2435 XXVI,
405 2404 452 2437 26,
467 2404 513 2431 27.

161 2463 217 2498 (12)
244 2463 440 2492 Animadverte
466 2464 628 2500 praeclarum
663 2464 852 2492 testimonium
887 2464 922 2492 de
949 2463 1122 2492 Sanctissima
1139 2463 1322 2492 Eucharistia.

136 2561 1757 2579 *______________________‘_==__=

791 2645 1104 2692 MONITUM.

162 2745 284 2773 Orationi
301 2745 425 2780 sequenti
441 2752 472 2772 ea
489 2749 594 2772 tantum
607 2744 797 2780 prmmittenda
813 2751 957 2772 censemus
976 2752 1039 2780 quae
1059 2745 1093 2772 de
1108 2753 1160 2772 nis.
1176 2745 1273 2773 Graeco
1290 2745 1393 2778 codice,
1405 2745 1494 2781 deque
1508 2749 1621 2773 auctore
1633 2745 1770 2775 versionis

124 2798 207 2825 quam
225 2790 391 2818 Benedictus
403 2790 501 2817 Piazza
512 2789 618 2821 edidit,
630 2790 760 2816 adnotata
781 2789 956 2824 reperiuntur
971 2787 1006 2814 ad
1017 2788 1120 2815 calcem
1133 2788 1309 2823 exemplaris,
1325 2788 1398 2823 quod
1411 2788 1437 2815 in
1449 2787 1645 2815 l’anormilana
1654 2788 1769 2825 Collegii

126 2835 189 2860 Soc.
204 2833 267 2860 Jrsu
286 2834 449 2861 bibliotheca
465 2839 632 2861 asservatur.
648 2833 720 2860 Sunt
731 2837 822 2860 autem
836 2840 898 2867 qua:
910 2836 1063 2866 sequuntur
1076 2841 1082 2858 :
1099 2831 1293 2860 Tssrmouwn
1309 2839 1503 2860 sxscmr-ronls
1518 2839 1551 2858 E1
1566 2839 1765 2860 INTERPRETIS:

125 2878 278 2914 Iiequisitus
303 2878 334 2904 ab
356 2878 434 2906 .vldm.
448 2877 509 2906 Rev.
535 2877 616 2905 Putre
633 2877 749 2905 Antonio
768 2875 856 2904 Maria
873 2875 966 2904 Portio
983 2875 1043 2904 Sac.
1061 2875 1125 2903 Jcsu
1141 2896 1147 2907 ,
1168 2875 1223 2911 Ego
1242 2877 1428 2911 infrascriptus
1446 2875 1545 2904 σηπίαν
1558 2876 1656 2912 lingua:
1670 2877 1766 2912 lector,
