1948 3070
180 153 245 186 1351
714 154 828 184 PETRI
857 153 1048 184 ARGORUM
1068 152 1241 184 EPISCOPI
1753 152 1824 186 1352

175 226 200 248 et
217 218 380 246 bibliothecis
393 218 474 253 hujus
491 217 585 254 Magni
602 223 627 245 et
646 217 719 253 Regii
734 218 890 245 monasterii
908 216 986 245 SSmi
1001 215 1151 244 Saluatoris
1170 216 1302 244 Messanae
1317 217 1344 243 in
1360 217 1454 252 lingua
1469 216 1554 244 Phari
1573 223 1673 249 custos,
1689 223 1825 245 annuente

177 263 244 291 linto
257 262 287 290 S.
304 262 352 290 Th.
369 261 397 289 Μ
401 282 406 288 .
423 261 457 288 Ι).
470 260 573 289 Bsilio
583 262 615 288 de
624 261 752 296 Neapoli,
764 261 883 296 ejusdem
894 261 1048 288 monasterii
1058 260 1162 291 abbate,
1171 260 1300 295 exscripsi
1310 268 1342 287 ex
1357 261 1445 287 codice
1457 260 1541 288 XLII
1554 261 1635 288 dicite
1648 260 1825 292 bibliothecae.

175 313 201 336 et
230 307 326 334 Latine
351 306 459 333 reddidi
483 307 647 341 superiorem
677 305 825 333 orationem
844 304 874 333 S.
891 305 923 333 P.
945 304 983 332 N.
1002 304 1086 338 Petri,
1104 305 1218 340 episcopi
1235 306 1386 340 Argorum,
1409 306 1437 332 in
1451 306 1656 340 Conceptionem
1678 305 1707 332 δ.
1726 305 1825 338 Amne.

176 353 283 387 quando
300 351 333 379 S.
352 350 399 377 Dei
415 349 575 377 Genitricem
591 350 722 383 concepit.

214 396 263 424 Est
275 401 362 422 autent
379 396 462 422 codex
476 395 642 430 hujusmodi,
658 395 769 430 integer,
796 395 1023 427 membranaceus,
1041 394 1070 421 in
1088 394 1153 428 folio
1168 393 1276 428 majori,
1292 393 1384 421 Grteco
1409 402 1518 422 numero
1540 393 1610 426 ΜΒ,
1631 393 1659 421 id
1680 397 1720 420 est
1740 391 1825 420 XLII

178 440 344 475 obsignatus,
361 439 512 473 tabulisque
529 438 681 473 leucoplnea
698 438 766 471 pelle
780 447 795 465 a
813 443 885 474 tergo
901 439 1026 466 cunteetis
1041 444 1194 473 coopertus,
1209 439 1402 474 inscriptusque
1420 439 1540 466 exterius
1556 439 1611 472 sic,
1626 436 1716 464 MET.
1735 445 1828 472 nempe

180 483 381 517 Metap/trastte.
397 482 530 510 Cancrum
545 483 589 517 qui
606 482 684 509 illum
699 483 805 517 scripsit
822 483 927 516 Daniel,
943 483 1133 518 πανηγυρικὸν
1149 487 1235 510 vocat.

218 527 314 554 Totum
330 527 378 553 hoc
392 535 456 560 opus
473 526 664 562 πανηγυρικὸν
677 527 778 553 duobus
790 526 966 553 voluminibus
978 527 1096 561 ejusdem
1115 527 1195 562 ferme
1211 527 1290 555 molis
1307 533 1332 554 et
1349 528 1512 556 characteris
1528 529 1694 561 continetur;
1711 529 1828 564 atquein

178 572 213 599 iis
227 573 316 598 varias
333 578 380 605 per
393 579 494 598 annum
508 570 642 605 legendas,
655 571 694 597 vel
706 572 850 604 orationes,
867 571 906 598 vel
921 576 1076 598 sanctorum
1087 571 1213 598 historias
1225 572 1350 606 reperies.
1365 571 1398 598 In
1408 571 1494 606 priori
1505 572 1587 605 igitur
1602 572 1744 604 uolumine,
1756 572 1828 606 quod

181 615 339 648 festivitates
355 614 457 641 exhibet
472 614 505 640 ab
523 614 584 641 Kal.
607 613 769 648 Septembris
789 623 870 649 usque
892 615 926 641 ad
947 623 976 642 ιιι
995 615 1067 642 Non.
1090 616 1202 650 Aprilis,
1227 624 1241 642 v
1272 615 1338 642 Idus
1353 615 1503 643 Decembris
1520 616 1630 643 habetur
1644 616 1717 643 dicta
1733 616 1830 644 Oratio

182 659 212 688 S.
229 659 261 688 P.
279 659 316 686 Ν.
332 659 405 686 Petri
420 659 545 693 episcopi,
561 659 685 685 undecim
696 658 778 693 ferme
789 659 919 686 columnis
928 660 1114 694 comprehensa
1126 667 1135 686 :
1147 660 1241 695 incipit
1255 661 1288 686 ab
1300 660 1403 687 ultimis
1414 660 1504 688 decem
1517 661 1596 687 lineis
1612 660 1717 688 ultimae
1728 661 1832 687 colum—

181 712 224 732 na:
240 704 421 739 quttterniortis
435 702 470 729 20
486 711 566 738 usque
579 703 613 730 ad
630 702 728 730 lineam
743 703 778 731 30
790 703 920 731 columntc
935 704 964 731 Η
980 704 1162 739 quaternionis
1179 705 1323 738 sequentis.
1340 703 1459 740 Singula:
1477 712 1537 731 vero
1556 703 1687 732 columnte
1707 705 1783 732 lineis
1796 704 1832 731 b5

182 753 212 776 ut
229 748 375 783 plurimum
391 747 598 775 concluduntur.
616 746 739 782 Scriptus
756 752 795 774 est
809 753 897 775 autem
916 747 999 775 codex
1013 748 1055 775 hic
1071 756 1141 775 anno
1157 748 1229 776 68l6
1245 749 1277 776 ab
1296 748 1328 776 0.
1346 749 1377 777 C.
1392 749 1457 785 (hoc
1473 753 1514 777 est
1529 749 1726 777 sexmillesimo
1739 750 1831 777 octin-

183 794 336 828 gentesimo
351 793 459 819 decimo
483 796 561 820 sexto
573 793 608 819 ab
623 793 689 820 orbe
706 792 825 828 condito)
844 797 872 819 ut
891 792 977 820 (ἔγωεὶ
993 792 1152 828 calligraplti
1163 798 1321 828 supputant,
1338 793 1365 820 id
1379 798 1418 820 est
1432 801 1503 820 anno
1518 792 1719 820 Inearnationis
1737 792 1833 819 Domi-

185 837 251 864 nicn'
274 836 350 864 l508.
366 836 469 863 Etenim
484 836 512 862 in
532 836 585 870 [ine
614 836 713 863 codicis
727 837 824 872 legitur
839 841 903 864 nota
920 838 978 865 haec
992 843 1002 864 :

1057 836 1187 873 τελειώθη
1215 836 1246 863 τὸ
1259 838 1347 872 παρὸν
1374 837 1569 872 Πανηγυρικὸν
1595 836 1640 863 διὰ
1666 837 1758 872 χειρὸς
1783 836 1833 863 τοῦ

184 880 350 916 ἀμαρτωλοῦ
379 879 480 915 Δανιὴλ
504 880 552 906 καὶ
579 880 759 914 σκευώφυλας
777 880 838 916 (sic)
865 881 915 916 τῆς
943 881 1065 916 μεγάλης
1098 881 1220 917 μάνδραις
1245 881 1291 908 τοῦ
1317 882 1444 917 Σωτῆρος
1466 881 1642 917 ἀκρωτηρίου
1663 881 1834 915 Μεσσήνης.

185 925 260 960 Μηνὶ
284 924 466 960 Σεπτεμϐρίῳ
481 925 521 955 εἰς
537 923 561 959 β’
581 924 675 960 ἡμέρᾳ
699 925 852 958 Σαϐϐάτου,
867 925 927 961 ὥρᾳ
942 925 975 958 0',
992 925 1069 958 ἔτους
1087 924 1181 958 ςωις’,
1200 926 1315 953 ἰνδίκτου
1332 925 1368 959 ς’.
1387 925 1518 962 Εὗχεσθε,
1536 927 1583 953 καὶ
1601 926 1638 962 μὴ
1654 926 1813 961 καταρᾶσθε
1825 945 1833 956 ,

186 969 228 995 ὅτι
245 970 259 995 ὁ
274 969 390 1004 γράφων
410 968 600 1004 παραγράφει.
621 978 630 994 ι
650 968 757 996 Scilicet
771 978 778 996 ε
799 979 808 995 ι
824 969 976 1005 Explicitus
991 978 1006 997 e

1057 970 1097 997 hic
1118 969 1303 1005 Panegyricus
1322 971 1391 998 liber
1403 978 1487 998 manu
1508 971 1658 1005 peccatoris
1679 969 1792 1001 Daniel.
1805 974 1835 997 et

188 1012 401 1048 Scr-\opliylacis
427 1019 533 1047 magnae
562 1012 683 1040 Mandraa
697 1012 848 1040 Salvatoris
863 1014 1042 1048 promontorii
1060 1013 1203 1046 Messanae,
1223 1022 1250 1040 IV
1269 1014 1338 1041 Non.
1354 1022 1442 1042 mens.
1458 1013 1639 1050 Septembris,
1653 1014 1697 1042 dic
1711 1013 1836 1046 Sabbali,

190 1057 256 1082 hora
271 1055 300 1088 9,
319 1063 392 1082 anno
415 1055 496 1089 68w,
520 1055 669 1083 indictione
689 1064 735 1089 νι,
759 1055 841 1084 Orate
861 1064 911 1092 pro
935 1065 990 1092 me,
1008 1062 1035 1086 et
1057 1066 1114 1086 non
1133 1058 1304 1086 maledicatis
1322 1059 1407 1091 mihi,
1427 1059 1557 1094 quoniam
1572 1059 1619 1094 qui
1640 1059 1747 1091 scribit,
1765 1057 1838 1086 scri-

189 1099 280 1126 bendo
299 1104 381 1126 errat.
402 1108 411 1125 ι

226 1143 257 1171 In
272 1151 383 1179 quorum
404 1144 496 1179 ﬁdem,
516 1149 570 1173 etc.
584 1144 664 1174 Prid.
680 1144 755 1174 Non.
767 1145 914 1174 Februarii
931 1147 983 1175 An.
999 1145 1108 1174 Domini
1122 1146 1201 1174 ΠΗ.

1090 1190 1262 1219 Bessnlcrus
1280 1190 1469 1219 MONALDINIUS
1486 1189 1729 1218 HIEROIONACIIUS.

1124 1235 1165 1262 Ita
1184 1240 1238 1268 est,
1264 1235 1353 1263 Anus
1366 1235 1495 1263 Bssunus
1505 1241 1539 1262 ns
1562 1233 1695 1261 Neseou.

334 1275 419 1304 Locus
432 1276 453 1312 ἰ-
465 1276 568 1312 Sigilli.

609 1462 788 1508 PETRI
827 1461 1119 1509 ARGORUM
1157 1460 1432 1508 EPISCOPI

857 1568 1186 1634 ORATIO.

201 1688 294 1716 Sancti
308 1688 398 1715 Patris
414 1687 499 1715 nostri
513 1685 727 1724 PetriArgorum
743 1689 855 1724 episcopi
864 1688 950 1716 oratio
964 1689 993 1716 in

1057 1688 1103 1716 Γοῦ
1127 1688 1172 1724 ἐν.
1184 1687 1281 1722 ἁγίοις
1296 1687 1413 1724 Πατρρς
1429 1685 1520 1724 manu
1538 1685 1652 1724 ΠέτροΡ
1671 1684 1844 1724 ἐςτιςγκόξεου

234 1723 434 1759 Conceptionem
452 1727 552 1750 sancta:
574 1720 658 1751 Anna:
673 1720 779 1759 quamlo
794 1720 910 1759 concepit
930 1733 993 1751 sun-

1089 1721 1197 1758 Ἀργῶν
1207 1720 1303 1758 ’λόγος
1312 1720 1424 1756 εὶςντὴν
1439 1722 1601 1759 Σύλλῃψιν
1610 1720 1662 1759 τῇς·
1679 1721 1767 1759 ἁγίας
1781 1721 1846 1748 ’Δγ-

234 1764 305 1786 ctam
323 1758 370 1786 Dei
386 1758 543 1785 Genitricem
549 1777 556 1785 .
678 1757 683 1759 ’
873 1757 878 1759 ⁷

1083 1757 1152 1794 γῆς,
1170 1759 1246 1786 ὅταν
1254 1757 1426 1786 συνέλαϐεν
1439 1758 1496 1791 τὴν
1513 1757 1604 1791 ἁγίαν
1617 1757 1778 1783 Osci-dicor.

490 1815 617 1849 Benedic,
630 1815 723 1844 Pater.

236 1873 257 1900 l.
272 1873 338 1901 Cum
355 1879 454 1907 magna
467 1873 605 1906 maximis,
620 1873 795 1908 inauditaque
811 1874 917 1902 videam
936 1881 999 1909 por-

203 1922 286 1950 tentis
308 1928 476 1956 praecurrere
502 1926 644 1956 portenta,
667 1922 776 1958 ingenti
789 1923 881 1950 cordis
901 1922 1000 1957 gaudio

202 1968 322 2004 gestiens
338 1968 366 1995 in
386 1967 595 1994 admirationem
613 1967 714 2003 rapior,
729 1973 756 1996 et
772 1968 920 1996 Dominicae
936 1976 1000 2003 erga

205 2021 255 2042 nos
266 2013 461 2041 misericordiae
472 2013 590 2047 viscera,
609 2014 865 2049 providentiamque
880 2014 1000 2041 divinam

205 2060 279 2088 omni
293 2060 460 2095 cOgitatione
476 2058 606 2093 majorem
631 2064 743 2094 stupens
767 2060 896 2088 demiror.
917 2059 1003 2088 Hodie

206 2106 279 2136 enim
301 2110 400 2133 nostra:
417 2113 479 2132 cum
504 2105 559 2133 Deo
578 2106 806 2134 reconciliationis
826 2111 920 2141 aperta
936 2113 1003 2133 con-

207 2152 362 2187 spiciuntur
375 2150 487 2178 indicio.
505 2150 590 2178 Hodie
613 2156 710 2179 natura
733 2156 838 2183 nostra,
852 2151 916 2179 olim
932 2151 1003 2185 reje-

208 2205 263 2231 ctn,
290 2198 345 2233 jam
359 2205 414 2224 sum
436 2197 464 2224 in
485 2196 628 2232 pristinum
659 2197 838 2225 restitutionis
856 2196 1004 2232 primordia

209 2244 344 2279 aspiciens
358 2242 509 2270 hilarescit.
526 2242 612 2270 Hodie
626 2243 705 2278 primi
723 2248 863 2277 parentes,
877 2243 940 2269 dum
961 2249 1005 2269 as-

210 2294 291 2318 souat
314 2297 409 2317 eorum
434 2289 562 2322 auribus,
580 2289 637 2324 jam
664 2289 821 2316 solvendam
846 2289 919 2316 illam
944 2295 1006 2316 esse

211 2335 374 2363 sententiam
385 2355 393 2368 ,
409 2342 460 2370 qua
476 2335 578 2362 editum
601 2335 690 2362 fuerat.
705 2335 842 2362 hominem
860 2336 887 2361 in
905 2340 1004 2362 terram

1289 1817 1481 1852 Εῠλότησον,
1496 1815 1604 1850 Πάτερ.

1052 1878 1055 1882 ‘
1084 1874 1125 1902 A’.
1143 1873 1260 1908 Μεγάλα
1276 1873 1384 1909 βλέπων
1407 1873 1454 1899 καὶ
1471 1872 1546 1906 ξένα,
1566 1871 1707 1907 μεγίστων
1731 1871 1847 1906 προτρέ-

1051 1929 1134 1956 χοντα
1149 1920 1288 1955 θαύματα,
1305 1919 1432 1955 μεγάλως
1445 1919 1552 1954 ἄγαμαι
1566 1919 1600 1954 τῇ
1617 1917 1717 1953 καρδίᾳ
1730 1917 1849 1952 γηθόμε-

1051 1975 1108 1999 νος,
1126 1966 1174 1993 καὶ
1196 1966 1246 2001 τὴν
1261 1967 1302 1997 εις
1322 1966 1395 2001 ἡμᾶς
1417 1964 1464 1991 τοῦ
1482 1965 1622 1991 Δεσπότου
1642 1963 1848 1998 εὐσπλαγχνίαν

1052 2013 1100 2040 καὶ
1117 2011 1189 2047 ὑπὲρ
1204 2011 1285 2045 λόγον
1303 2010 1479 2046 προμήθειαν
1502 2009 1742 2044 καταπλήττομαι.
1761 2008 1849 2043 Σήμε-

1054 2067 1101 2095 ρον
1115 2059 1171 2094 γὰρ
1182 2057 1233 2093 τῆς
1245 2057 1383 2093 ἡμετέρας
1397 2055 1466 2091 πρὸς
1476 2054 1544 2081 Θεὸν
1553 2053 1732 2088 καταλλαγῆς
1744 2053 1779 2079 τά
1798 2061 1849 2087 μη-

1054 2104 1179 2139 νύματα“
1202 2103 1325 2138 σήμερον
1351 2102 1369 2136 ή
1397 2100 1559 2127 ἀπωσθεῖσα
1584 2099 1667 2134 φύσις
1690 2098 1781 2134 ήμῶν,
1800 2097 1850 2132 τῆς

1055 2150 1234 2185 ἀνακλήσεως
1261 2148 1296 2174 τά
1317 2147 1451 2182 προοίμια
1476 2145 1703 2178 κατοπτεύουσα,
1727 2143 1850 2178 γέγηθε·

1055 2196 1178 2231 σήμερον
1192 2195 1216 2221 οἱ
1230 2192 1406 2229 προπάτορες
1424 2191 1475 2227 τῆς
1487 2192 1527 2223 εἰς
1542 2191 1595 2225 γῆν
1609 2190 1790 2226 ἀποστροφῆς
1804 2189 1852 2224 τὴν

1056 2242 1206 2276 ἀπόφασιν.
1220 2240 1282 2267 ὅσον
1295 2238 1384 2272 οὔπω,
1397 2238 1510 2265 λύεσθαι
1525 2237 1677 2273 μέλλουσαν
1691 2235 1854 2270 ὲνωτιζόμε-

1058 2296 1097 2315 νοι
1108 2286 1260 2322 χαίρουσιν.
1271 2284 1351 2320 Ἀρτι
1361 2283 1393 2310 τὺ
1407 2283 1593 2310 εὐωδέστατον
1604 2281 1682 2318 ῥόδον
1696 2282 1725 2308 ὲν
1735 2281 1853 2315 ἀκάρπῳ

1059 2331 1243 2368 φυτευόμενον
1264 2329 1381 2366 ἀρούρᾳ,
1400 2329 1476 2364 πάσῃ
1496 2329 1530 2364 τῇ
1553 2327 1662 2362 ὑφηλεῳ
1689 2326 1790 2361 μέλλον
1808 2326 1853 2351 εὑ-

212 2389 386 2410 reversurum
405 2382 437 2411 “,
456 2381 622 2408 laetissimam
638 2380 756 2408 frontem
772 2381 930 2416 explicant,
945 2388 1006 2408 cer-

1057 2366 1195 2410 ωδιάζειν,
1213 2376 1261 2403 καὶ
1276 2376 1327 2411 τῆς
1337 2374 1524 2411 παραϐάσεως
1538 2373 1663 2400 ἐλαύνειν
1681 2372 1713 2398 τὸ
1723 2371 1854 2402 δυσῶδες,

213 2431 351 2462 tioresque
364 2428 427 2455 dum
445 2428 524 2461 ﬁunt,
547 2429 628 2456 modo
643 2428 670 2455 in
688 2435 754 2463 agro
768 2428 854 2456 sterili
883 2427 1008 2463 fi-agran-

215 2475 348 2503 tissimam
359 2474 431 2502 illam
446 2482 536 2502 rosam
552 2474 678 2510 plantari,
700 2482 760 2510 quae
772 2475 855 2502 odore
866 2481 916 2501 suo
929 2473 1009 2508 quid-

215 2521 279 2556 quid
292 2521 342 2548 sub
357 2520 415 2548 sole
428 2525 478 2553 est,
495 2520 650 2555 perfundet,
672 2528 704 2548 ac
721 2520 955 2555 praavaricationis
970 2519 1010 2546 fe-

217 2573 302 2595 torem
330 2566 431 2600 abiget,
460 2566 581 2593 laetitiam
605 2566 871 2601 gratulationemque
896 2565 1010 2601 ingemi-

216 2618 292 2641 nant.
306 2612 409 2641 Otones
420 2617 554 2649 quolquot
573 2619 637 2640 sunt
650 2618 784 2641 creaturae
795 2612 859 2640 dum
874 2611 1012 2647 purissimi

217 2660 308 2694 templi
330 2659 412 2693 Regis
428 2659 549 2686 omnium
561 2658 662 2686 Christi
679 2667 752 2687 nunc
765 2659 820 2694 jaci
839 2659 1013 2686 fundamenta

217 2711 345 2740 cernunt,
357 2711 498 2741 gratanter
514 2706 676 2740 tripudiant,
689 2706 868 2741 manibusque
883 2705 1015 2740 plaudunt

217 2757 244 2780 et
266 2752 350 2779 Deum
379 2752 511 2779 bonorum
528 2753 651 2780 omnium
671 2758 810 2780 auctorem
831 2759 894 2780 cum
912 2753 1013 2788 gratia-

218 2805 279 2824 rum
291 2796 400 2824 aetione
415 2797 542 2825 laudibus
567 2803 779 2833 prosequuntur.
796 2797 873 2825 Nunc
899 2797 1012 2825 aridoin

263 2884 285 2898 “
300 2884 368 2912 Gen.
390 2885 488 2919 In,19.

1057 2424 1299 2459 εὐαγγελιζόμενοι
1331 2423 1473 2458 γήθονται.
1504 2421 1564 2448 Νῦν
1595 2421 1627 2447 τὸ
1660 2419 1856 2454 καθαρώτατον

1058 2469 1209 2504 ἀνάκτορον
1221 2468 1267 2495 τοῦ
1280 2467 1479 2502 παμϐασιλέως
1489 2465 1612 2502 Χριστοῦ
1625 2465 1658 2491 θε
1664 2464 1760 2500 μελιού
1765 2472 1856 2500 μενον,

1059 2517 1135 2551 πᾶσα
1149 2518 1166 2552 ή
1179 2516 1268 2547 κτίσις
1283 2514 1378 2550 ὁρῶσα
1393 2514 1503 2549 σκιρτᾷ,
1518 2512 1690 2548 χαριστήρια
1706 2511 1754 2539 καὶ
1765 2512 1859 2546 χεῖρας

1061 2564 1164 2598 κροτεῖ,
1181 2561 1230 2589 καὶ
1246 2561 1286 2597 τῷ
1303 2561 1413 2588 πάντων
1433 2559 1513 2595 αἰτίῳ
1533 2559 1587 2586 τῶν
1609 2557 1721 2592 ἀγαθῶν
1745 2558 1859 2592 εὐχαρι-

1062 2608 1317 2644 στοῦσα¹γεραιρει
1341 2606 1413 2642 Θεῷ.
1433 2605 1491 2632 Νῦν
1517 2606 1531 2632 ὁ
1552 2605 1624 2636 θεῖος
1644 2603 1812 2640 παράδεισος
1831 2603 1860 2628 ὲν

1062 2656 1173 2691 ἀνίκμῳ
1203 2655 1282 2692 νηδύϊ
1306 2654 1466 2690 φυτεύεται,
1482 2654 1549 2684 τοὺς
1569 2654 1601 2679 ὲκ
1615 2652 1664 2678 τοῦ
1686 2651 1800 2687 πρώτου
1822 2649 1863 2681 ἐξ·

1063 2703 1224 2739 ορισθέντας
1241 2703 1315 2738 ἡμᾶς
1335 2702 1382 2728 καὶ
1408 2701 1516 2736 θανάτῳ
1538 2699 1770 2735 κατακριθέντας,
1795 2697 1865 2733 πρὸς

1066 2750 1149 2785 ζωὴν,
1165 2750 1211 2776 διὰ
1226 2749 1273 2776 τοῦ
1288 2749 1318 2780 ἐξ
1333 2748 1417 2775 αὑτοῦ
1430 2748 1593 2783 βλαστήσειν
1609 2746 1765 2782 μέλλοντος,
1778 2745 1865 2771 ἐπαν-

1069 2796 1141 2828 ἀξων
1157 2796 1300 2831 ζωηφόρου
1321 2794 1422 2830 φυτοῦ·
1443 2795 1492 2821 νῦν
1505 2794 1554 2821 τοῦ
1577 2791 1769 2829 πνευματικοῦ
1784 2791 1867 2826 ἔαρος
