1948 3070
150 160 219 194 1353

609 159 649 189 IN
669 157 962 189 CONCEPTIONEM
979 159 1010 189 S.
1031 159 1144 191 ANNIE
1163 160 1316 191 ORATIO.

1715 158 1784 191 1354

147 217 183 244 τὰ
197 216 265 253 ἄνθη
284 215 454 252 μυρίζουσιν,
473 216 518 242 καὶ
534 215 583 251 τὴν
600 216 682 242 αὑτοῦ
699 216 936 251 προαγγέλλουσιν

998 221 1071 245 utero
1091 218 1199 246 divinus
1229 219 1273 246 ille
1294 217 1432 253 plantatur
1457 216 1616 251 Paradisus,
1630 216 1676 252 qui
1695 225 1746 245 nos
1765 226 1780 245 a

148 264 250 291 εἴσοδον
260 271 268 278 ·
283 263 391 298 νάρδος,
409 263 519 298 κρόκος,
533 263 582 289 καὶ¹
601 262 682 298 κρίνα
695 263 873 298 κυπρίζουσι,
892 261 941 289 καὶ

148 310 197 345 τὴν
214 309 327 345 ἡδίστην
339 309 401 344 ὄψιν
413 308 623 345 προδεικνύντα,
635 308 700 340 τοὺς
713 309 743 335 ὲν
756 310 789 343 τῇ
803 308 942 344 κατηφείᾳ

147 354 196 389 τῆς
212 354 350 390 ἁμαρτίας
365 354 440 390 ἡμᾶς
453 353 679 389 κατατέρπουσιν
689 361 696 369 ·
714 352 853 389 προέκοψε
871 353 941 389 μετὰ

147 400 197 435 τῆς
211 399 308 432 νυκτὸς
324 400 375 436 τῆς
395 400 533 435 ἁμαρτίας
548 400 562 426 ό
583 399 736 435 κατηφείας
757 399 866 434 πλήρης
884 407 941 434 χει-

149 446 217 481 μὼν,
231 447 278 474 καὶ
295 447 421 482 ἡγγικεν,
441 446 512 482 μετὰ
532 447 581 481 τῆς
598 446 706 482 ἡμέρας
720 445 772 480 τῆς
787 445 939 478 εὐσεϐείας,

147 492 178 520 τὸ
191 493 370 528 χαριέστατον
384 493 444 529 ἔαρ,
457 493 505 520 καὶ
516 492 565 528 τὴν
580 492 663 520 ἀλέαν
675 491 723 519 τοῦ
735 491 809 518 θείου
823 500 940 518 συνεπα-

148 539 263 575 γόμενον
282 539 451 574 Πνεύματος.

992 264 1076 299 priori
1096 265 1232 298 expulsos.
1251 263 1385 298 mortique
1400 265 1554 297 damnatos,
1579 271 1626 299 per
1645 263 1783 291 viviﬂcum

993 318 1102 345 germen
1117 317 1150 338 ex
1167 311 1224 345 ipso
1241 309 1375 337 oriturum
1390 310 1424 337 ad
1443 310 1526 337 vitam
1543 310 1689 337 revocabit.
1706 309 1784 337 Nunc

992 355 1074 384 ﬂores
1102 355 1252 391 spiritualis
1280 356 1353 383 veris
1378 356 1484 390 spirant
1506 356 1636 389 odorem,
1658 355 1784 391 illiusque

994 402 1177 437 prtenuntiant
1203 401 1367 437 ingressum.
1395 400 1454 428 Iam
1481 405 1596 428 vernant
1613 408 1674 428 cum
1697 401 1783 428 nardo

995 454 1091 474 crocus
1110 451 1137 474 et
1152 446 1206 473 lilia
1222 454 1254 473 ac
1266 446 1527 480 suavissimo,quem
1545 445 1684 479 exltibentl
1702 453 1782 480 aspe-

994 496 1039 519 cttt
1055 499 1104 519 nos
1121 491 1222 526 peccati
1244 491 1345 526 pudore
1365 481 1520 527 squalentes
1533 491 1639 526 erigunt
1665 496 1692 518 et
1709 490 1784 519 oblea-

994 542 1079 565 ctant.
1093 537 1234 565 Praecessit
1246 538 1301 571 jam
1315 545 1376 565 cum
1393 542 1471 564 nocte
1488 537 1590 571 peccati
1608 537 1686 572 plena
1697 537 1783 565 tristi-

148 587 192 614 tiae
208 587 295 614 hiems
311 595 318 614 :
329 586 554 620 iucundissimum
575 589 666 613 autem
682 592 730 612 ver
746 592 806 612 cum
827 584 936 620 pietatis
955 584 1000 612 die
1016 584 1099 612 divini
1113 583 1230 618 Spiritus
1249 583 1368 612 calorem
1404 591 1497 611 secum
1525 583 1663 611 adducens
1684 590 1783 618 appro-

149 633 301 668 pinqttavit.

183 677 222 704 B'.
244 677 488 713 ’Δγαλλιασώμεθα
505 677 606 710 τοίνυν,
622 677 671 704 καὶ
687 676 846 711 ψαλμικῶς
865 677 940 704 ἀλα-

148 722 288 757 λάξωμεν
308 722 440 755 ἅπαντες,
459 723 578 759 δρῶντες
600 723 650 759 τὴν
668 724 717 757 τῆς
733 722 873 758 ἡμετέρας
893 722 940 748 εὑ-

148 768 258 802 γένειαν
274 768 382 803 φύσεως
395 769 552 805 ἀρχομένην
569 770 598 796 ἐν
610 769 642 804 τῇ
660 768 760 803 γαστρὶ
771 768 821 804 τῆς
839 768 940 804 ¹Ἀννης

149 814 328 849 φυτεύεσθαι⁸
353 816 533 851 κροτὴσωμεν
549 816 656 850 χεῖρας,
675 816 723 841 καὶ
738 814 941 849 πνευματικοὺς

149 861 248 896 χοροὺς
271 861 482 896 συστησώμεθα,
505 861 556 895 τῆς
573 861 663 892 αίτίας
682 861 749 896 ἡμῖν
771 860 942 895 εὐφροσύνης

150 907 270 942 ἀπάσης,
291 907 339 934 καὶ
354 908 442 942 χαρᾶς
459 907 644 942 ἀνεκλαλήτου
667 906 801 942 προξένου
825 914 940 941 γενησο-

149 953 235 988 μένης
252 953 427 989 ἑορτάζοντες
443 952 585 988 σύλληψιν.

187 1000 315 1036 ’ᾼσωμεν
337 998 491 1036 συμφώνως
508 999 546 1035 τῷ
563 999 622 1035 Θεῷ
648 999 738 1035 ἡμῶν,
762 999 888 1036 ᾄσωμεν⁴
903 998 941 1030 ὡς

148 1046 198 1082 τὴν
211 1047 259 1081 τῆς
271 1045 412 1081 ἡμετέρας
426 1045 556 1081 πρόξενον
568 1045 727 1081 ἐλευθερίας
738 1046 792 1072 τῶν
808 1045 941 1072 καταδου-

148 1093 290 1120 λωθέντων
304 1094 338 1128 τῇ
357 1093 481 1128 ἁμαρτίᾳ
498 1093 637 1128 Παρθένον
657 1092 701 1119 διὰ
711 1092 762 1127 τῆς
779 1093 880 1127 ’Λννης
894 1091 940 1118 καὶ

149 1139 197 1166 τοῦ
219 1138 351 1173 Ἰωακεὶμ
371 1138 552 1170 πλουτοῦντες
576 1138 750 1173 πανάμωμον
773 1137 941 1164 Δέσποιναν

149 1184 274 1220 εἴπωμεν
297 1183 345 1212 οὖν
360 1185 443 1220 ἡμεῖς
460 1183 497 1215 ὡς
519 1184 548 1210 ὲν
565 1184 697 1219 ἐκπλήξει
721 1183 789 1218 μετὰ
807 1183 854 1209 τοῦ
870 1183 941 1209 θείου

149 1230 246 1257 Δαϐίδ*
262 1230 310 1262 Ὠς
319 1229 508 1264 ἐμεγαλύνθη
520 1229 556 1256 τὰ
564 1229 637 1264 ἔργα
649 1238 719 1261 σου,
731 1229 833 1263 Κύριεί
844 1229 943 1255 πάντα

149 1275 182 1303 ἐν
203 1276 297 1311 σοφίᾳ
312 1276 459 1310 ἐποίησας
470 1275 480 1302 ,ί
495 1276 543 1307 Τίς
560 1277 613 1312 γὰρ
626 1275 708 1302 αὑτοῦ
721 1276 770 1307 τὰς
783 1275 943 1306 δυναστείας

149 1319 266 1354 λαλῆσαι
283 1319 449 1354 δυνήσεταις
472 1319 552 1350 ποίας
576 1320 604 1346 δὲ
627 1320 673 1346 καὶ
698 1319 813 1355 καρδίας
843 1319 943 1351 πλάτος

149 1366 204 1391 τῶν
215 1365 427 1401 ἀνεξιχνιάστ-ων
439 1364 522 1392 αὑτοῦ
536 1365 680 1400 χριμάτων
692 1365 883 1401 ἀναμετρῆσαι
894 1365 943 1400 τὴν

150 1411 290 1444 Musam;
310 1411 342 1437 Ol
361 1410 627 1446 προσκεκρουκὸτες,
644 1411 693 1445 τῆς
708 1411 855 1445 καταδίκης
876 1412 944 1437 ἁπο-

150 1457 273 1492 λυόμεθα
286 1465 293 1473 ·
312 1457 338 1484 οἱ
357 1456 396 1492 τῷ
421 1457 571 1493 ἀρχεκάκῳ
591 1457 700 1492 δαίμονι
719 1456 878 1489 πεισθέντες
900 1457 945 1483 διὰ

151 1504 199 1530 τοῦ
213 1503 303 1538 ὄφεως
316 1503 540 1537 συμϐουλεύοντι,
556 1502 633 1537 παρὰ
644 1503 691 1530 τοῦ
705 1503 858 1534 πλάσαντος
870 1504 944 1538 ἡμᾶς

153 1549 303 1580 Δεσπότου,
314 1549 360 1575 καὶ
370 1546 652 1584 παρακίριουσθέντες
664 1547 943 1582 προσλαμὸανόμεοα·

151 1595 176 1621 οἱ
192 1595 282 1621 ἑκοντὶ
301 1594 348 1620 τοῦ
365 1593 502 1630 ἡμετέρου
526 1593 663 1628 τραχήλου
687 1593 733 1619 τὸν
755 1593 839 1619 αὐτοῦ
863 1593 945 1627 ζυγὸν

1029 675 1060 703 ll.
1079 675 1233 703 Nobilitatis
1256 675 1346 710 itaque
1375 682 1407 702 ac
1427 675 1532 703 decoris
1554 680 1659 703 natura),
1683 681 1785 704 nostra:

992 722 1106 757 primam
1120 722 1145 748 in
1162 721 1247 749 Anna}
1265 726 1343 749 utero
1354 721 1548 757 plantationem
1574 721 1720 752 intuentes.
1736 730 1784 749 ea:-

992 769 1120 795 sultemus
1131 774 1226 795 omnes
1237 772 1260 794 et
1278 768 1306 794 in
1327 767 1435 802 psalmis
1455 767 1602 802 jubilemus
1618 767 1640 794 ’.
1667 767 1783 794 Plautia-

994 821 1054 840 mus
1065 812 1198 844 manibus,
1214 812 1369 846 spirituales
1383 813 1496 840 choreas
1513 813 1699 846 instituamus,
1714 814 1785 841 (lon-

994 858 1145 892 ceptionetn
1167 858 1239 885 illius
1255 858 1350 885 festive
1363 858 1542 890 celebrantes,
1558 865 1617 893 qua:
1630 858 1708 886 nobis
1724 867 1784 885 om-

995 904 1038 931 nis
1053 904 1152 931 laetitiae
1166 903 1273 931 auctrix
1289 903 1485 938 inetfabilisque
1502 904 1592 939 gaudii
1612 904 1784 932 conciliatrix

994 951 1118 978 exsistet.

1030 995 1178 1023 Cantamus
1197 996 1325 1023 concordi
1351 1003 1416 1023 voce
1432 995 1487 1023 Deo
1504 1001 1608 1028 nostro,
1624 1001 1784 1028 cantemus;

994 1046 1084 1076 utpote
1095 1042 1140 1077 qui
1163 1049 1211 1076 per
1229 1042 1335 1069 Annam
1357 1043 1558 1070 etJoachimum
1582 1043 1661 1077 plane
1687 1043 1785 1070 intuta-

993 1088 1081 1115 culata
1097 1088 1209 1116 Domina
1224 1092 1251 1115 et
1261 1087 1372 1122 Virgine
1388 1089 1517 1121 ditentur,
1534 1096 1594 1123 qua:
1615 1096 1665 1116 nos
1681 1088 1785 1122 peccati

994 1134 1124 1161 servitute
1132 1140 1240 1167 pressos
1252 1133 1279 1160 in
1295 1134 1449 1161 libertatem
1461 1139 1575 1161 asset-et.
1590 1135 1621 1160 Et
1633 1141 1682 1160 nos
1691 1134 1784 1168 igitur,

994 1184 1104 1213 stupore
1120 1180 1148 1207 in
1164 1179 1296 1207 exstasim
1314 1180 1395 1208 veluti
1409 1181 1561 1214 rapti,cutu
1576 1181 1668 1208 divino
1685 1180 1786 1208 Davitle

994 1226 1143 1253 clamemus
1161 1235 1168 1253 :
1185 1226 1272 1259 Quam
1289 1227 1458 1261 magniﬁcam
1473 1232 1535 1254 sunt
1557 1235 1636 1261 opem
1658 1231 1715 1260 tua,
1733 1224 1787 1253 Do-

995 1271 1085 1299 mine!
1103 1271 1201 1300 Omnia
1217 1273 1245 1299 in
1261 1273 1390 1306 sapientia
1405 1273 1511 1307 fecisti!
1531 1273 1630 1309 Ecquis
1647 1274 1718 1301 enim
1735 1281 1786 1308 po-

996 1318 1095 1345 tentias
1113 1319 1199 1352 ipsius
1222 1319 1310 1353 eloqui
1326 1319 1442 1353 poterit?
1463 1320 1517 1347 Aut
1533 1321 1674 1353 cuiusnam
1691 1320 1788 1355 ampli.

997 1364 1060 1391 tudo
1074 1364 1165 1391 cordis
1188 1364 1416 1399 investigabilium
1444 1365 1607 1400 judiciorutn
1626 1365 1685 1401 ejus
1702 1366 1786 1402 abys-

995 1416 1054 1437 sum
1070 1409 1190 1445 (poterit)
1206 1411 1362 1438 dimetiri“?
1384 1410 1434 1444 Qui
1466 1411 1689 1446 (indignationem
1715 1412 1785 1448 ejus)

996 1456 1210 1489 incurreramus,
1230 1464 1245 1484 a
1266 1457 1440 1485 damnatione
1466 1457 1643 1485 absolvimur.
1663 1458 1714 1492 Qui
1733 1460 1787 1486 dam

996 1502 1081 1534 moui,
1092 1502 1222 1530 malorum
1238 1504 1358 1531 omnium
1373 1504 1534 1538 architecto,
1551 1513 1635 1540 prava
1650 1513 1699 1540 per
1725 1514 1786 1534 ser<

997 1553 1104 1583 penlem
1131 1548 1242 1576 consilia
1267 1550 1426 1584 suggerenti
1455 1552 1752 1586 obtemperaveramus,
1770 1561 1785 1578 ιι

999 1594 1120 1626 Domino,
1129 1594 1275 1622 Couditore
1290 1600 1395 1628 nostro,
1409 1600 1469 1623 utut
1483 1597 1715 1630 praevaricatores.
1727 1604 1788 1625 sus-

153 1641 367 1675 ἀπορρίψαντες,
395 1640 443 1667 καὶ
463 1639 502 1674 τῷ
528 1639 658 1674 δυσμενεῖ
684 1640 943 1675 προσχωρήσαντες,

999 1639 1124 1674 cipimur.
1141 1639 1191 1672 Qui
1204 1641 1399 1676 spontejugnm
1415 1641 1500 1675 ipsius
1521 1649 1536 1668 a
1561 1642 1666 1669 cervice
1696 1646 1787 1670 nostra

153 1687 223 1723 πρὸς
235 1687 280 1714 τὸν
292 1686 410 1722 χρηστὸν
426 1686 532 1712 ἐκείνου
548 1686 630 1712 πάλιν
642 1685 687 1712 διὰ
698 1685 841 1721 σπλάγχνα
854 1685 946 1719 ἐλέους

154 1732 363 1767 ὑποδαλλόμεθα
376 1740 382 1746 ·
397 1733 422 1758 οι
436 1732 469 1758 τὰ
483 1732 612 1758 δύσοιστα
629 1731 684 1757 τῶν
702 1731 868 1767 ἁμαρτάδων
880 1740 947 1766 φορ,

153 1780 200 1806 τία
216 1779 331 1810 ἑαυτοὺς
356 1778 594 1813 ὲπιφορτίσαντες,
618 1777 688 1812 πρὸς
713 1778 763 1813 τὴν
792 1778 947 1805 ἀνάπαυσιν

154 1823 397 1861 προσκεκλήμεθα.

190 1918 302 1945 Τούτων
322 1917 453 1945 ἁπάντων
469 1917 542 1952 ἀρχὴ
556 1916 604 1943 καὶ
616 1916 690 1942 αἰτία
705 1917 722 1950 ἡ
736 1915 863 1950 παροῦσα
873 1915 946 1952 ,καθ-

155 1967 270 2000 έστηκεν
299 1964 394 1999 ἑορτὴ.
415 1963 465 1989 καὶ
486 1963 541 1990 τῶν
557 1963 644 1990 ἄλλων
662 1963 801 1993 ἁπάντων,
821 1962 947 1996 καθάπερ

155 2022 196 2044 τις
210 2011 285 2048 ἡλίου
303 2011 454 2046 ἑωσφόρος,
471 2010 724 2046 προανατέλλουσα,
743 2009 790 2035 καὶ
801 2009 834 2035 δι’
846 2008 946 2044 ἑαυτῆς

155 2060 264 2090 ἁπάσας
281 2057 432 2093 μηνύουσα.

190 2106 228 2133 F'.
250 2104 379 2140 Ἰωακε“ιμ
394 2104 448 2139 γάρ
461 2112 503 2135 τις
523 2102 578 2130 τῶν
592 2102 704 2138 ἑξόχων,
723 2102 771 2129 καὶ
792 2109 865 2137 μεγα
879 2103 946 2138 παρ’

161 2151 298 2186 Ἑϐραίοις
311 2150 381 2185 ἔχων
397 2150 427 2176 τὸ
437 2149 534 2185 ὄνομα,
547 2149 579 2175 ὲκ
599 2149 744 2176 Δαὸιδικοῦ
761 2149 845 2184 φύλου
862 2149 947 2175 κατά-

154 2205 212 2230 γων
226 2196 257 2221 τὸ
272 2195 361 2229 γένος,
378 2195 427 2230 τὴν
440 2194 491 2229 τῆς
507 2193 581 2224 θείας
593 2194 707 2229 χάριτος
721 2193 866 2229 ἐπώνυμον
883 2194 948 2220 Ἀν-

155 2249 204 2268 ναν
217 2240 268 2274 τῆς
278 2239 364 2274 αὐτῆς
379 2239 541 2274 συγγενείας
556 2236 640 2266 οὖσαν
653 2239 790 2273 ἐκτήσατο
803 2238 926 2265 σύνοικον
938 2245 944 2252 ·

154 2288 186 2314 οὺ
201 2287 256 2321 γὰρ
278 2285 340 2321 ἐξῆν
357 2285 417 2311 κατ’
436 2285 559 2316 ἐκείνους
576 2285 606 2316 ἐξ
628 2284 712 2319 ἄλλης
729 2284 815 2319 φυλῆς
828 2284 879 2316 τὰς
897 2291 944 2310 συ-

997 1693 1224 1719 excusseramus.
1237 1692 1265 1715 et
1281 1687 1351 1715 facta
1365 1687 1502 1716 deditione
1517 1689 1550 1716 ad
1571 1689 1674 1716 inimici
1695 1695 1788 1724 partes

998 1734 1227 1767 transiveramus,
1259 1743 1353 1763 rursus
1386 1736 1461 1763 suavi
1490 1735 1562 1763 illius
1584 1736 1648 1771 jugo
1678 1743 1788 1771 propter

997 1781 1190 1810 misericordia:
1219 1789 1275 1810 suae
1305 1783 1411 1810 viscera
1436 1782 1608 1817 subjicimur.
1627 1782 1678 1816 Qui
1704 1790 1787 1811 onere

997 1834 1170 1863 peccatorum
1204 1828 1358 1856 miserrime
1397 1829 1567 1863 opprimente
1605 1829 1787 1864 nosmetipsos

997 1881 1218 1909 gravaveramus,
1239 1875 1272 1901 ad
1295 1874 1471 1902 refectionem
1495 1875 1581 1903 vocati
1605 1875 1662 1910 jam
1682 1883 1785 1903 sumus.

1032 1918 1133 1945 Horum
1151 1925 1231 1952 porro
1257 1919 1388 1946 bonorum
1415 1919 1536 1947 oumium
1560 1919 1637 1955 origo
1652 1926 1679 1948 et
1703 1930 1787 1950 causa

997 1971 1116 1998 praesens
1142 1964 1247 1991 exstitit
1269 1965 1438 1998 solemnitas.
1457 1973 1519 2000 quae
1544 1966 1655 2001 reliquis
1675 1967 1786 2002 insuper

997 2009 1133 2041 onmibus,
1145 2015 1192 2035 ceu
1220 2009 1342 2042 quaedam
1361 2010 1427 2037 solis
1455 2018 1553 2038 aurora
1565 2032 1573 2045 ,
1591 2017 1680 2039 ortum
1698 2019 1786 2047 parat,

997 2059 1161 2088 czcterasque
1174 2054 1261 2089 seipsa
1275 2055 1464 2083 solemnitates
1481 2057 1653 2091 praenuntiat.

1032 2100 1074 2127 llI.
1089 2099 1222 2131 Joachim,
1238 2108 1308 2128 utttts
1325 2109 1340 2128 e
1356 2101 1529 2135 primoribus,
1549 2103 1695 2138 magnique
1715 2105 1787 2139 apud

997 2148 1123 2177 llcbrazos
1139 2150 1264 2181 nominis,
1278 2154 1306 2177 et
1318 2158 1333 2177 e
1344 2151 1452 2178 Davitlis
1472 2151 1573 2178 fatnilia
1586 2153 1687 2180 ducens
1701 2153 1785 2188 origi-

997 2194 1201 2227 ncm,.Annam,
1231 2203 1245 2222 a
1273 2196 1364 2223 divina
1389 2197 1475 2231 gratia
1491 2203 1587 2224 nomen
1601 2197 1744 2225 habentem
1759 2203 1788 2225 et

995 2247 1084 2268 ortum
1097 2248 1128 2268 ex
1141 2242 1234 2268 eadem
1250 2242 1334 2275 stirpe
1351 2243 1502 2269 trahentem
1523 2241 1621 2277 (neque
1630 2243 1700 2270 enim
1715 2245 1787 2278 apud

996 2293 1043 2314 eos
1054 2294 1087 2314 ex
1101 2287 1206 2314 diversa
1222 2287 1292 2315 tribu
1307 2288 1479 2315 matrimonia
1491 2288 1568 2324 jungi
1582 2288 1622 2316 fas
1635 2293 1787 2323 erat),uxu-

155 2333 251 2367 ζυγίας
264 2331 433 2368 ἁρμόζεσθαι
443 2339 450 2346 ·
467 2331 515 2358 καὶ
527 2331 559 2366 δὴ
572 2331 622 2366 τὴν
637 2330 738 2366 ἀρετὴν
749 2330 888 2365 ὁμοτίμως
899 2329 943 2356 καὶ

999 2341 1055 2360 rem
1076 2333 1179 2360 habuit.
1195 2333 1283 2367 Atque
1301 2335 1381 2361 ambo
1398 2341 1464 2361 sane
1478 2321 1606 2362 concordi
1621 2321 1723 2367 animo,
1739 2343 1788 2369 pa-

154 2379 302 2415 όμοψύχως
323 2373 474 2413 ἆμφότεροι
492 2377 708 2413 ὲξασκήσαντες,
726 2378 783 2412 ίοὐχ
803 2375 884 2412 ἦττον
898 2376 946 2403 θά-

154 2434 234 2462 τερος
249 2425 375 2460 θατέρου,
393 2424 498 2455 πάντας
523 2425 588 2455 τοὺς
603 2424 665 2450 κατ’
677 2423 781 2450 ἐκείνου
804 2422 902 2459 καιροῦ
918 2423 947 2450 ἐν

155 2473 253 2508 ταύτῃ,
265 2472 365 2498 ὁπόσον
377 2471 427 2497 οὐκ
442 2468 476 2506 ἧν
487 2470 586 2500 εἰπεῖν,
601 2469 699 2505 ῥᾳδίως
709 2469 928 2505 ὑπερηκόντισαν
938 2477 944 2484 ·

155 2522 203 2549 καὶ
217 2519 313 2546 τούτου
332 2518 420 2552 σαφὴς
432 2518 467 2545 τὰ
486 2517 556 2552 μετὰ
574 2516 620 2543 τὸν
633 2517 712 2543 τόκον
728 2516 876 2548 ἀπόδειξις.
887 2516 944 2543 Μό-

154 2575 195 2593 νοι
213 2565 268 2600 γάρ
280 2564 335 2590 τῶν
352 2563 441 2590 ἄλλων
459 2563 589 2590 ἁπάντων
603 2561 716 2597 τοιούτῳ
729 2562 872 2597 μυστηρίῳ
886 2561 945 2588 δια-

155 2612 269 2646 κονῆσαι
283 2609 505 2644 κατηξιώθησαν,
519 2608 558 2640 ὼς
575 2607 644 2634 Θεοῦ
653 2608 763 2643 Μητρὸς
776 2607 946 2643 χρηματίσαι

156 2658 329 2693 γεννήτορες,
356 2657 403 2683 καὶ
417 2655 513 2682 τούτου
537 2655 666 2690 πρόγονοι
680 2655 736 2690 τῆς
759 2655 836 2681 κάτω
848 2655 947 2690 γεννή-

158 2713 236 2736 σεως.
258 2703 342 2730 ’Λλλά
365 2711 397 2737 γε
423 2702 525 2738 καίπερ
548 2701 663 2729 τοιοῦτοι
693 2702 826 2738 πρότερον
850 2701 946 2734 ὄντες,

158 2750 272 2781 ἄπαιδες
286 2750 449 2785 κατεγήρων
464 2749 512 2775 τὸν
534 2748 601 2784 βίον,
616 2748 663 2774 καὶ
679 2748 727 2783 τὴν
741 2749 774 2774 ὲκ
790 2747 887 2774 τούτου
901 2747 948 2774 λύ-

159 2805 214 2833 πην
227 2796 412 2828 συναύξουσαν
427 2795 492 2830 παρ’
502 2795 563 2822 ὅλον
579 2794 748 2829 εἰσέκτηντο,
763 2794 800 2826 ὼς
815 2793 870 2820 τῶν
881 2793 947 2828 παρ’

996 2379 1073 2414 rique
1083 2380 1171 2407 studio
1183 2381 1309 2408 virtutem
1335 2381 1507 2413 exculcntes,
1529 2381 1608 2416 hujus
1630 2383 1788 2416 przeslantia

997 2434 1066 2453 unus
1080 2434 1157 2460 mque
1167 2432 1247 2460 atque
1256 2427 1338 2454 altera
1353 2434 1447 2454 omnes
1461 2427 1551 2455 aetatis
1568 2428 1639 2455 illius
1651 2428 1785 2459 homines.

996 2478 1125 2506 quantum
1138 2480 1187 2499 nec
1203 2472 1292 2499 verbis
1305 2472 1357 2499 diei
1370 2478 1477 2506 posset,
1496 2473 1576 2500 facile
1600 2478 1786 2501 excesserunt.

996 2516 1080 2551 Cujus
1097 2517 1135 2544 rei
1155 2517 1265 2544 evidens
1283 2517 1494 2552 suppeditabunt
1515 2524 1706 2553 argumentum
1727 2526 1788 2552 qua:

1001 2569 1061 2599 post
1077 2567 1183 2598 partum
1205 2567 1299 2590 secuta
1315 2568 1388 2591 sunt.
1407 2563 1440 2589 Et
1452 2557 1519 2591 sane
1533 2571 1565 2590 ex
1588 2563 1649 2590 aliis
1660 2563 1787 2590 omnibus

999 2610 1050 2644 ipsi
1063 2608 1112 2636 soli
1126 2609 1198 2643 digiti
1213 2609 1298 2636 habiti
1311 2615 1383 2642 sunt,
1401 2610 1445 2644 qui
1466 2609 1546 2644 hujus
1569 2609 1691 2644 mysterii
1707 2608 1788 2635 mini-

997 2655 1045 2683 stri
1058 2654 1166 2688 forent,
1181 2658 1210 2680 ut
1228 2655 1340 2689 proinde
1356 2655 1401 2682 Dei
1417 2653 1511 2682 Matris
1529 2655 1679 2690 genitores,
1697 2661 1728 2680 ac
1740 2653 1788 2680 Dei

998 2701 1083 2736 ipsius
1099 2700 1246 2727 secundum
1261 2700 1464 2735 generationem
1481 2705 1636 2728 terrestrem
1652 2699 1693 2726 avi
1704 2699 1788 2726 exsti-

999 2746 1091 2773 terint.
1107 2744 1205 2772 Verum
1228 2745 1378 2778 enimvero,
1393 2745 1454 2772 licet
1473 2745 1554 2772 tantis
1578 2744 1618 2771 vel
1633 2749 1711 2771 antea
1731 2751 1789 2772 tue-

998 2792 1058 2819 ritis
1073 2790 1193 2825 insignes
1205 2794 1308 2823 essent,
1321 2791 1379 2819 siue
1391 2790 1484 2819 liberis
1494 2782 1788 2824 tamen’senescehant;

195 2887 206 2903 ³
221 2885 322 2914 Psalm.
341 2893 412 2919 χειν,
436 2886 462 2918 t,
475 2886 503 2912 2.
543 2885 552 2900 '
567 2885 668 2913 Psalm.
690 2892 747 2918 cut,
764 2883 810 2911 24.
851 2883 861 2899 δ
875 2881 943 2912 Psalt

998 2889 1033 2914 2v,
1047 2880 1075 2908 ἓ.
1113 2882 1123 2897 ⁵
1139 2880 1240 2909 Psalm.
1263 2888 1350 2915 xxvu,
1364 2880 1391 2908 7.

340 2933 475 2964 PATROL.
498 2933 556 2964 Gn.
580 2933 657 2965 CIV.

1567 2926 1606 2958 ω
