1948 3070
165 143 234 178 1355

725 142 840 174 PETRI
860 141 1047 172 ARGORUM
1066 139 1237 171 EPISCOPI

1729 140 1798 174 i356

164 205 192 228 et
206 198 306 228 exinde
321 199 421 226 «dolore
438 198 541 234 jugltcr
567 197 700 226 acerbiorl
725 198 950 229 conﬁciebantur,

1014 197 1091 230 ιὺτοῖς
1106 197 1320 233 ἐπηγγελμένων
1342 198 1374 225 ὲκ
1399 197 1469 225 Θεοῦ
1486 196 1600 232 ἀγαθῶν
1619 196 1797 233 ὑπάρχοντος

165 250 259 278 utpote
272 252 305 271 eo
320 245 390 271 bono
402 248 538 276 carentes,
550 242 620 277 quod
637 243 708 270 inter
724 242 856 277 promissa
869 249 884 269 a
900 241 956 270 Deo

165 296 216 324 per
230 289 295 316 illud
312 293 417 323 tempus
430 287 601 323 potissimum
616 287 776 314 habebatur.

203 332 247 361 IV.
261 333 327 361 Cum
344 341 408 361 vero
423 340 519 368 magna
538 332 609 368 apud
624 339 671 360 eos
692 332 750 360 dies
773 332 955 365 adventasset,

169 379 246 415 (puto
266 384 356 406 autem
386 378 456 406 hanc
473 385 534 406 esse
551 377 741 413 sceuopegiatn
753 396 761 409 ,
784 384 844 412 qua:
864 383 958 403 mense

168 425 304 460 Gorpiaeo,
320 423 473 459 Septembri
489 423 605 457 scilicet,
616 422 806 451 celebrabatur
822 429 830 449 :
847 425 958 456 oporte~

169 471 215 498 bat
225 477 300 503 vero,
317 474 346 497 ut
357 476 451 498 omnes
464 476 498 497 ex
515 469 651 496 universis
666 468 792 496 tribubus
807 467 957 496 secundum

169 515 255 552 legem
272 515 467 550 Hierosolymis
481 518 721 550 congregarentur,
733 518 774 542 ter
785 513 848 541 anni
862 513 958 540 ordine

169 562 197 590 id
210 561 413 596 praescribente,
429 561 481 588 hac
495 567 592 595 nempe
605 562 763 587 recurrente
776 558 957 590 solemnitate,

171 610 229 633 tum
247 606 352 633 decima
366 609 463 640 quarta
475 605 554 639 primi
570 604 680 636 mensis,
690 607 748 631 tum
761 603 879 638 denique
887 602 959 630 Pen-

170 656 283 684 tecoste,
301 658 353 686 qua
365 652 399 679 de
417 657 498 678 causa
514 650 555 678 hae
570 649 732 678 festivitates
751 657 855 684 magna:
877 656 959 675 voca-

171 698 288 730 bantur;
306 700 334 724 et
348 703 442 724 omnes
455 695 564 730 quidem
574 695 607 722 ad
626 695 748 722 divinum
762 694 827 721 illud
850 698 877 722 et
890 693 961 722 cele-

172 744 320 772 berrimum
348 742 478 778 templum
497 746 687 773 accurrentes,
703 747 751 775 pro
773 747 822 767 sua
844 739 961 774 quisque

173 789 309 822 facultate,
324 788 378 816 Deo
394 794 507 817 munera
521 786 673 815 offerebant
695 795 702 814 :
716 786 780 814 illud
794 787 879 818 enim,
897 784 960 813 Non

171 835 307 869 apparebis
324 834 352 861 in
363 837 501 868 conspectu
516 840 572 860 meo
583 840 679 860 vacuus
698 832 722 865 ⁸,
743 832 814 860 Deus
830 832 887 867 ipse
902 831 960 866 lege

1006 244 1037 271 τὸ
1051 244 1199 279 κεφάλαιον
1213 244 1243 271 ὲν
1256 244 1345 280 τούτῳ
1359 244 1598 288 ἐφυστερίζοντες.

1042 335 1080 361 Δ’.
1104 333 1181 361 Ἐπεὶ
1195 333 1224 361 δὲ
1237 334 1288 370 τῆς
1301 335 1367 370 παρ’
1382 334 1498 367 ἐκείνοις
1511 333 1656 370 φθασάσης
1674 335 1798 370 μεγάλης

1007 380 1116 416 ἡμέρας
1125 386 1133 394 θ
1144 379 1249 415 ταύτην
1258 379 1286 406 δὲ
1294 377 1372 416 οἶμαι
1383 380 1433 416 τὴν
1445 380 1636 416 σκηνοπηγίαν
1644 378 1715 408 εῖναι
1726 380 1799 408 κατά

1007 425 1054 452 τὸν
1068 425 1216 460 Γορπιαῖον
1236 424 1415 460 τελουμένην,
1438 425 1498 461 ἦτοι
1518 424 1722 460 Σεπτέμσριον·
1743 424 1800 452 ἔδει

1007 469 1037 497 δὲ
1052 470 1159 502 πάντας
1175 471 1208 498 ὲκ
1221 470 1318 498 πασῶν
1336 470 1392 497 τῶν
1410 470 1502 506 φυλῶν
1517 470 1589 498 κατὰ
1606 470 1652 497 τὸν
1672 470 1753 506 νόμον
1768 471 1799 498 ὲν

1015 516 1216 552 Ἱεροσολύμοις
1241 515 1417 553 ἀθροίζεσθαι
1431 524 1438 532 ’
1462 517 1524 554 τρὶς
1547 517 1593 544 τοῦ
1619 517 1697 550 ἔτους
1718 515 1800 544 τοῦτο

1009 563 1236 597 προστάττοντος,
1255 562 1285 589 ἐν
1307 561 1397 599 ταύτῃ
1408 570 1439 590 τε
1457 563 1506 590 καὶ
1523 564 1557 599 τῇ
1570 562 1798 599 τεσσαρεσκαιδε-

1009 609 1081 645 κάτῃ
1092 608 1140 635 τοῦ
1153 608 1263 643 πρώτου
1275 608 1371 644 μηνδς,
1385 609 1433 636 καὶ
1445 610 1480 643 τῇ
1494 609 1680 645 Πεντηκοστῇ,
1695 609 1741 636 καὶ
1753 607 1800 635 διὰ

1008 653 1090 680 τοῦτο
1104 653 1277 689 καλουμένας
1292 653 1429 689 μεγάλας
1439 663 1447 671 ·
1461 655 1573 688 πάντες,
1590 655 1662 682 κατὰ
1682 654 1713 681 τὺ
1726 654 1798 687 ἐνὸν,

1010 700 1051 732 είς
1067 699 1113 727 τὸν
1127 699 1198 726 θεῖον
1213 700 1262 726 καὶ
1277 699 1450 736 περιώνυμον
1473 701 1578 728 ἑκεῖνον
1592 701 1661 728 νεὼν
1681 708 1800 735 προσερ-

1011 744 1132 780 χόμενοι,
1160 745 1237 780 δῶρά
1264 753 1295 771 τε
1320 745 1492 781 προσέφερον
1516 745 1556 781 τῷ
1577 745 1651 781 Θεῷ·
1677 745 1719 772 Οὐ
1742 745 1799 780 γὰρ

1011 790 1132 825 ὀφθήσῃ
1148 790 1237 823 κενὸς
1255 790 1394 818 ἐναντιον
1404 799 1476 825 μου,
1492 792 1557 827 παρ’Ι
1569 791 1675 818 ἐκείνου
1691 790 1799 822 τούτοις

1011 836 1196 871 ὲνομοθετεϊτυ
1206 844 1214 852 ·
1225 836 1341 871 ἀπάγων
1354 837 1463 870 αὐτοὺς,
1477 836 1525 864 τοῦ
1545 837 1584 873 μή
1607 845 1660 864 τινι
1672 836 1764 869 σέϐας,
1778 837 1797 872 ἢ

172 880 226 908 illis
244 880 435 912 constituerat,
455 878 603 914 periculum
621 878 661 906 sic
689 883 829 910 avertens,
857 884 891 905 ne
916 877 958 904 cui

1014 880 1076 908 ἄλλο
1089 887 1116 908 τι
1133 880 1299 916 προσφέρειν
1314 881 1370 908 τῶν
1390 882 1441 908 οὐκ
1457 881 1543 908 ὄντων
1562 881 1642 914 θεῶν,
1660 882 1708 908 καὶ
1723 881 1799 917 μόνῳ

173 927 286 955 deorum
305 933 410 959 eorum,
426 926 472 961 qui
484 924 552 952 nihil
567 924 655 960 reipsa
671 928 743 956 sunt,
757 928 884 958 tanquam
904 922 960 951 Deo

171 979 238 1000 vero
253 972 382 1000 honorem
404 976 452 999 aut
462 971 601 1006 quidpiam
624 970 696 997 aliud
711 969 854 1002 offerrent,
869 969 917 997 sed
931 974 961 997 ut

172 1018 224 1046 sibi
241 1017 291 1046 soli
301 1024 348 1046 eos
363 1016 529 1050 devinciret;
547 1023 609 1043 nam
625 1020 753 1043 caeterum
767 1014 839 1042 haud
853 1014 960 1050 indigus

172 1068 215 1092 est
225 1063 356 1091 bonorum
367 1066 522 1089 nostrorum
537 1061 617 1094 Deus,
631 1059 676 1094 qui
691 1059 782 1087 omnia
793 1065 827 1086 ex
844 1065 897 1086 non
909 1065 962 1086 ex-

171 1109 307 1138 stantibus
321 1107 443 1140 creavit;
457 1106 504 1134 sed
515 1111 643 1141 tanquam
654 1104 743 1132 omnis
756 1104 816 1132 fons
830 1103 961 1132 bonitatis

172 1162 221 1190 per
231 1155 288 1182 htec
301 1153 442 1182 sollicitam
455 1152 552 1179 salutis
566 1155 667 1178 nostra
680 1157 774 1178 curam
787 1150 868 1185 gerit.

207 1200 274 1229 Cum
287 1206 382 1227 omnes
394 1198 487 1233 igitur,
504 1202 534 1225 ut
546 1197 612 1230 dixi,
623 1204 639 1225 e
658 1195 771 1230 singulis
779 1195 902 1223 tribubus
910 1202 960 1223 sua

172 1246 228 1274 Deo
241 1253 353 1273 munera
366 1243 508 1277 offerrent,
525 1243 620 1270 aderat
635 1247 663 1270 et
679 1242 744 1269 illud
759 1241 879 1269 divinum
899 1248 959 1276 par,

171 1289 330 1318 Joachimus
342 1287 468 1316 videlicet
484 1291 512 1315 et
525 1287 615 1319 Anna.
632 1286 726 1322 legalis
743 1285 808 1313 illud
821 1285 960 1321 religionis

172 1335 388 1367 ﬁrmamentum,
409 1338 436 1361 et
465 1333 628 1368 evangelicae
655 1331 832 1367 philosophiae
863 1331 960 1368 gloria,

172 1381 258 1409 tribus
270 1379 345 1408 Juda:
359 1379 559 1407 nobilissimum
569 1383 758 1406 ornamentum
769 1398 776 1411 ,
792 1382 874 1413 atque
890 1385 960 1412 pra:-

172 1426 323 1455 clarissima
339 1425 475 1460 gloriatio,
490 1429 583 1460 utpote
598 1424 701 1452 Christi
713 1424 834 1451 omnium
852 1423 958 1451 Domini

172 1470 356 1506 generationis
381 1471 530 1498 secundum
548 1477 657 1497 carnem
675 1470 840 1504 principium
867 1477 900 1497 ac
915 1477 959 1497 ra<

172 1517 228 1552 dix,
238 1517 345 1545 Davidis
356 1516 576 1552 augustissimum
588 1517 680 1550 decus,
689 1520 717 1543 et
728 1520 827 1543 nostra;
840 1516 959 1543 omnium

171 1549 268 1591 salutis
282 1568 384 1590 tessera
393 1549 637 1597 Vsplendidissima.
655 1561 776 1589 Aderant
793 1565 884 1589 autem
904 1568 957 1588 non
973 1549 994 1579 (ἶ

173 1610 246 1638 sicut
261 1610 306 1637 alii
328 1608 463 1636 cervicem
485 1608 638 1642 erigentes,
656 1614 705 1635 nec
720 1607 864 1643 supercilia
886 1607 960 1634 inso-

173 1655 261 1683 lenter
284 1654 439 1682 attollentes
453 1653 488 1681 ad
512 1653 632 1682 Rubenis
644 1653 793 1688 prtesertim
810 1654 958 1687 exemplar,

172 1701 219 1735 qui
245 1703 274 1728 et
302 1700 431 1728 adversus
458 1698 527 1727 alios
553 1706 614 1727 sese
640 1698 782 1729 efferabat.
810 1703 838 1725 et
863 1698 959 1726 horum

172 1746 264 1773 oblata
294 1745 365 1772 dona
395 1744 513 1778 superbe
541 1743 720 1777 metiebatur;
747 1742 794 1770 sed
818 1742 912 1777 quiete
928 1749 961 1769 ac

174 1792 258 1820 tacite
264 1795 291 1819 et
304 1790 392 1826 magis
403 1797 484 1825 quam
495 1796 539 1817 res
552 1788 705 1819 sensibiles,
719 1795 768 1816 cor
777 1788 922 1815 contritum
933 1791 961 1814 et

175 1837 345 1866 humiliatum
366 1836 431 1869 Deo,
443 1835 489 1870 qui
508 1835 579 1863 istud
593 1842 646 1862 non
662 1834 787 1869 despicit,
801 1833 958 1862 offerentes.

212 1935 246 1963 γ.
255 1935 290 1962 At
302 1941 350 1963 ore
367 1932 517 1968 impudenti
540 1932 633 1960 Ruben
649 1938 710 1959 sese
729 1930 762 1958 iis
781 1931 833 1958 fert
843 1930 959 1963 obviam,

176 1987 203 2011 ct
211 1989 258 2010 eos
271 1981 378 2016 quidem
387 1983 480 2014 utpote
496 1978 595 2006 nullam
609 1977 727 2006 sobolem
739 1977 852 2004 sortit05
865 1974 970 2004 contu-'

175 2027 264 2056 meliis
278 2027 411 2054 lacessere
421 2032 473 2052 non
487 2031 614 2056 veretur;
625 2028 680 2050 tum
692 2029 756 2050 vero
767 2022 884 2057 ipsorum
892 2023 961 2050 dona

175 2074 276 2103 oblata,
287 2071 364 2107 quasi
387 2072 441 2098 Deo
460 2069 578 2104 indigna,
603 2067 701 2103 rejicit.

208 2119 281 2153 Quid
306 2121 348 2146 est
375 2116 446 2152 quod
466 2116 502 2143 ita
517 2121 599 2149 agas,
621 2121 640 2150 ρ
658 2113 772 2141 Ruben?
786 2112 856 2146 Quid
882 2112 962 2140 hosce

176 2166 299 2194 insontes
314 2163 384 2198 ipse,
399 2161 445 2196 qui
467 2160 558 2188 multis
574 2159 682 2194 probris
701 2159 894 2190 inhonestaris.
912 2165 961 2185 ceu

1009 926 1190 962 προσοικειῶν
1205 927 1314 963 ἐαυτῷο
1328 927 1359 954 οὐ
1374 926 1429 962 γὰρ
1447 926 1501 954 τῶν
1515 926 1659 962 ἡμετέρων
1678 927 1707 953 ὲν
1717 927 1799 962 χρείᾳ

1007 972 1086 1004 Θεδς,
1112 972 1126 999 ὀ
1147 973 1180 999 ὲκ
1206 972 1244 1008 μὴ
1263 972 1350 1000 ὄντων
1365 972 1399 1000 τὰ
1418 972 1508 999 πάντα
1532 971 1713 1007 παραγαγὼν,
1737 971 1798 998 ἀλλ’

1009 1018 1099 1053 ἡμῶν,
1111 1018 1149 1050 ὡς
1161 1019 1252 1054 πάσης
1263 1018 1433 1054 ἀγαθότητος
1441 1017 1573 1054 ὑπάρχων
1583 1017 1670 1054 πηγὴ,
1682 1017 1732 1053 τὴν
1743 1025 1800 1044 σω·

1008 1064 1108 1100 τηρίαν
1123 1062 1210 1100 ζητεῖ.

1044 1201 1159 1229 Πάντων
1171 1200 1272 1233 τοίνυν,
1287 1200 1325 1232 ὥς
1338 1200 1419 1236 ἔφην,
1431 1200 1504 1227 κατὰ
1518 1198 1606 1234 φυλὰς
1624 1197 1796 1235 προσφερόν-

1008 1255 1063 1274 των
1090 1246 1126 1274 τά
1150 1246 1226 1282 δῶρα
1251 1246 1322 1282 Θεῷ,
1352 1246 1444 1281 παρῆν
1469 1245 1516 1272 καὶ
1539 1245 1570 1271 τδ
1591 1244 1663 1272 θοῖον
1687 1243 1796 1278 ζεῦγος,

1015 1293 1154 1328 Ἰωακεὶμ,
1173 1292 1257 1328 φημὶ,
1281 1291 1330 1318 καὶ
1344 1291 1440 1324 Ἄννα,
1455 1290 1506 1326 τῆς
1528 1291 1645 1326 νομικῆς
1666 1289 1797 1324 λατρείας

1008 1337 1039 1365 τὸ
1054 1338 1210 1374 στήριγμα,
1233 1337 1281 1364 καὶ
1299 1337 1351 1372 τῆς
1378 1335 1562 1371 εὐαγγελικῆς
1582 1335 1743 1369 φιλοσοφίας
1766 1335 1798 1362 τδ

1009 1385 1150 1420 καύχημα,
1166 1384 1197 1411 τὸ
1211 1384 1260 1419 τῆς
1285 1383 1364 1410 Ιούδα
1378 1382 1466 1417 φυλῆς
1480 1382 1677 1416 εὐγενέστατον
1696 1381 1798 1416 γνώρι-

1010 1439 1078 1467 σμα,
1093 1431 1143 1458 καὶ
1164 1430 1213 1457 τοῦ
1228 1430 1337 1456 πάντων
1358 1429 1495 1455 Δεσπότου
1514 1427 1635 1463 Χριστοῦ
1653 1427 1705 1463 τῆς
1727 1426 1799 1454 κατά

1010 1477 1100 1513 σάρκα
1113 1476 1268 1511 γεννήσεως
1281 1475 1527 1511 περιφανέστατον,
1542 1473 1582 1505 ὡς
1597 1473 1671 1509 ἀρχὴ
1691 1473 1739 1500 καὶ
1752 1472 1798 1500 ατ-

1010 1531 1078 1555 τιον,
1091 1521 1286 1557 σεμνολόγημα
1297 1528 1305 1537 ⁸
1319 1520 1351 1547 τδ
1370 1519 1419 1547 τοῦ
1439 1519 1522 1546 Δασὶδ
1537 1518 1684 1554 ἱερώτατον
1700 1518 1799 1553 ἐγκαλ-

1010 1567 1151 1603 λὼπισμα,
1161 1567 1210 1594 καὶ
1221 1567 1271 1602 τῆς
1281 1566 1410 1593 ἁπάντων
1418 1564 1499 1600 ἡμῶν
1510 1563 1649 1600 σωτηρίας
1659 1564 1799 1591 ἀστειότα-

1009 1622 1055 1640 τον
1069 1613 1230 1648 γνώρισμα·
1259 1612 1308 1639 καὶ
1330 1611 1432 1647 παρῆν,
1454 1611 1506 1638 οὐκ
1535 1609 1613 1645 αῐρον
1640 1610 1712 1636 κατὰ
1734 1610 1798 1641 τοὺς

1009 1659 1107 1691 ἀλλους
1123 1659 1170 1686 τὸν
1191 1659 1304 1686 τένοντα
1320 1657 1368 1684 καὶ
1391 1657 1511 1692 μάλιστα
1531 1655 1578 1683 τὸν
1599 1655 1725 1691 Ῥουσὶμ,
1747 1656 1798 1682 οὐκ

1010 1705 1140 1733 ἀνασπῶν
1153 1705 1203 1737 τὰς
1218 1704 1316 1740 ὀφρῦς,
1333 1703 1383 1730 καὶ
1394 1703 1449 1730 τῶν
1462 1702 1551 1730 ἄλλων
1563 1702 1798 1736 κατεπαιρόμενον

1010 1750 1058 1777 καὶ
1071 1750 1106 1777 τὰ
1120 1750 1224 1777 τούτων
1240 1749 1316 1785 δῶρα
1337 1747 1620 1784 παραμετρούμινον·
1632 1747 1691 1774 ἀλλ’
1706 1746 1799 1782 ἡρέμα

1011 1797 1059 1824 καὶ
1073 1795 1174 1831 ἡσυχῆ,
1196 1795 1245 1823 καὶ
1264 1795 1318 1830 πρὸ
1338 1795 1394 1821 τῶν
1408 1793 1546 1828 αἰσθητῶν
1566 1793 1681 1828 καρδίαν
1705 1801 1799 1819 συντε-

1010 1841 1166 1877 τριμμένην
1178 1841 1227 1870 καὶ
1239 1841 1481 1877 τεταπεινωμένην
1495 1839 1536 1876 τῷ
1550 1839 1653 1875 ταύτην
1669 1839 1707 1875 μὴ
1721 1839 1799 1872 ἐξου-

1012 1887 1133 1914 θενοῦντι
1148 1887 1344 1923 προσάγοντες.

1047 1932 1086 1959 E'.
1116 1932 1188 1958 Ἀλλ’
1217 1931 1335 1963 ἀναιδῶς
1358 1931 1431 1959 κατὰ
1459 1931 1608 1966 πρόσωπον
1638 1932 1652 1958 ὸ
1685 1930 1801 1966 Ῥουσὶμ

1012 1977 1130 2013 ἀπαντᾷ,
1149 1978 1197 2004 καὶ
1212 1977 1324 2009 τούτους
1344 1977 1383 2009 ὥς
1405 1976 1523 2008 ἄπαιδας
1539 1976 1732 2008 κατονειδίζειν
1747 1984 1800 2003 κα-

1012 2022 1224 2058 ταθρασύνεται,
1239 2022 1287 2049 καὶ
1302 2022 1336 2048 τὰ
1350 2022 1455 2048 τούτων
1468 2021 1555 2056 δῶρα,
1570 2021 1609 2053 ὡς
1628 2021 1694 2056 παρ’
1709 2020 1800 2053 ἀξίαν,

1012 2068 1176 2104 ἐκκρούεται
1191 2067 1413 2103 προσφερόμενα.

1047 2115 1081 2141 Τί
1093 2114 1181 2141 ταῦτα
1194 2114 1335 2150 πράττεις,
1354 2113 1469 2148 Ῥουσίμ
1480 2122 1488 2147 ;
1505 2114 1532 2140 τί
1546 2114 1610 2145 τοὺς
1623 2112 1773 2144 ἀναιτίους,
1786 2114 1802 2139 5

1013 2160 1119 2187 πολλῶν
1137 2160 1224 2191 αἴτιος
1243 2159 1452 2194 ἀτιηχεστάτων,
1479 2159 1601 2194 θρασέως
1625 2159 1742 2194 γράφειν
1759 2159 1804 2185 αι-

177 2217 238 2238 reos
256 2209 362 2244 publice
376 2206 513 2234 criminari
525 2205 639 2232 ﬁdenter
651 2205 734 2231 audes
744 2203 829 2236 ?Quis
844 2210 960 2238 unquam

1015 2206 1076 2237 τίας
1090 2205 1280 2240 κατατολμᾷςς
1297 2205 1340 2236 τίς
1354 2204 1424 2239 ὑπὲρ
1443 2201 1481 2231 ὧν
1495 2205 1526 2230 οὺ
1545 2204 1654 2237 πέφυκε
1670 2203 1803 2238 πράττειν

176 2256 211 2284 de
234 2255 269 2282 iis
294 2253 460 2288 postulatur,
485 2251 584 2286 quibus
611 2250 770 2284 pratstandis
793 2249 829 2276 sit
858 2248 964 2283 impos?

177 2301 309 2335 Quisnam
335 2299 390 2326 Deo
417 2298 490 2333 leges
505 2296 601 2324 ferenti
617 2295 705 2330 potuit
721 2295 920 2327 contradicere,
937 2299 965 2322 et

176 2351 271 2376 contra
285 2345 411 2374 stimulos
426 2343 565 2378 praesumit
578 2341 709 2369 audacter
718 2340 881 2369 calcitrare?
898 2339 964 2368 Ubi-

178 2399 240 2419 nam
257 2389 356 2417 audisti
378 2388 461 2415 Deum
478 2387 548 2419 illos,
569 2386 615 2422 qui
633 2390 745 2413 careant
761 2385 852 2420 prole,
878 2385 965 2419 repel-

178 2436 251 2465 lere?
265 2435 360 2462 Nonne
375 2433 485 2461 Abelem
496 2452 505 2466 ,
519 2439 675 2468 quanquam
702 2430 850 2458 liberorum
868 2437 965 2465 exper-

179 2487 248 2513 tem,
279 2487 341 2507 cum
368 2477 481 2506 offerret
514 2482 644 2508 munera,
678 2480 819 2510 acceptum
853 2474 964 2502 habuit?

176 2528 272 2556 Nonne
285 2525 400 2553 Abrahae
410 2528 438 2551 et
453 2523 538 2556 Sam,
555 2526 615 2550 utut
630 2522 700 2549 illius
720 2529 774 2549 non
792 2521 964 2552 habentibus,

175 2572 331 2603 benedixit?
343 2570 436 2598 Nonne
454 2570 561 2596 Annam
578 2567 729 2596 Pheneuna:
743 2566 878 2599 aemulam,
900 2567 964 2594 licet

176 2619 269 2649 sobole
287 2617 457 2647 destitutam,
473 2615 662 2650 deprecantem
678 2613 785 2640 demnm
807 2612 965 2640 exaudivit?

176 2663 352 2698 Quandonam
368 2659 508 2696 gignendis
531 2659 623 2686 liberis
645 2665 756 2692 operam
784 2657 882 2685 dedere
907 2665 965 2684 ma-

154 2702 156 2706 ’
178 2715 247 2744 guus
268 2708 313 2734 ille
335 2705 408 2733 Elius
423 2711 504 2739 atque
519 2704 640 2734 Elismus.
652 2710 768 2738 quorum
785 2707 876 2730 tamen
894 2701 964 2729 Deus

176 2760 204 2782 et
218 2761 314 2789 preces
337 2752 491 2783 exaudivit,
516 2755 544 2778 et
566 2750 654 2778 oblata
676 2749 810 2777 sacriﬁcia
837 2749 965 2776 maximis

179 2799 317 2828 decoravit
342 2797 501 2826 miraculis?
524 2795 569 2824 Vel
593 2804 681 2824 nonne
708 2795 803 2824 saltem
835 2794 964 2824 fateberis

216 2877 226 2892 '
247 2875 332 2904 Exod.
355 2883 434 2910 xxut,
461 2874 503 2902 15.

1014 2250 1172 2283 εὖθύνεται;
1183 2249 1226 2281 τίς
1236 2249 1305 2275 Θεοῦ
1319 2248 1535 2283 προστάττοντος
1549 2248 1710 2283 ἀντιστῆναι
1723 2246 1803 2273 δεδὺ-

1014 2304 1104 2329 νηται,
1120 2295 1167 2321 καὶ
1182 2294 1250 2330 πρὸς
1266 2293 1368 2328 κέντρα
1384 2292 1521 2324 λακτίζειν
1540 2291 1777 2328 καταθρασὺνεται
1791 2299 1802 2323 ;

1016 2340 1072 2367 Ποῦ
1086 2339 1153 2366 Θεδν
1171 2339 1289 2370 ἄπαιδας
1308 2338 1429 2373 ῆκουσας
1443 2335 1667 2371 ἀποστρέφεσθαι
1679 2343 1688 2368 ;
1702 2335 1733 2361 οὐ
1754 2335 1804 2361 τὸν

1017 2385 1100 2411 ’Δσελ
1122 2384 1158 2411 τὰ
1173 2383 1248 2419 δῶρα
1263 2381 1454 2417 προσφέροντα
1475 2379 1658 2415 προσεδέξατο
1677 2378 1803 2412 ἄπαιδας

1014 2428 1045 2454 οὺ
1057 2427 1104 2454 τὸν
1124 2426 1250 2462 Ἀδραὰμ
1259 2426 1308 2452 καὶ
1320 2425 1370 2460 τὴν
1384 2425 1493 2460 Σάρραν
1507 2423 1656 2458 εὐλόγησεν
1665 2422 1803 2455 suam“

1014 2474 1045 2500 οὐ
1062 2473 1112 2509 τὴν
1128 2473 1229 2499 Ἀνναν
1252 2471 1302 2506 τῆς
1324 2470 1460 2504 Φενάννης
1483 2469 1624 2497 ἀντίθετον
1648 2476 1804 2503 προσευχο-

1016 2518 1112 2554 μένην,
1124 2517 1238 2552 ὕστερον
1253 2516 1394 2551 ὑπήκουσε
1409 2514 1599 2550 τυγχάνουσαν
1616 2512 1736 2545 ἄπαιδας
1757 2512 1806 2538 τὸν

1014 2565 1043 2592 δὲ
1068 2565 1155 2600 μέγαν
1177 2563 1282 2595 Ἠλίαν,
1298 2563 1346 2589 καὶ
1368 2561 1415 2588 τὸν
1434 2561 1570 2587 Ἐλισαῖον
1588 2559 1653 2586 ποτε
1677 2565 1807 2591 τεκνογο-

1014 2610 1150 2645 νήσαντας
1174 2607 1404 2644 προσευχομένων
1426 2607 1569 2641 ὑπήκουε,
1593 2604 1642 2631 καὶ
1664 2603 1714 2634 τὰς
1736 2603 1804 2636 παρ’

1015 2656 1104 2682 αὐτῶν
1121 2654 1334 2690 προσαγομένας
1350 2652 1446 2683 θυσίας
1457 2651 1584 2686 ἀπείροις
1602 2649 1714 2682 ὲδόξασε
1739 2648 1806 2675 θαύ-

1017 2710 1117 2737 μασιν;
1143 2701 1159 2736 ἢ
1184 2700 1245 2726 οὐδὲ
1264 2699 1404 2734 Ζαχαρίαν
1431 2697 1614 2733 ὁμολογήσεις
1637 2694 1806 2723 ἀποδεκτέον

1015 2746 1085 2774 εἶναι
1101 2745 1303 2782 προσφέροντα,
1323 2744 1371 2770 καὶ
1384 2743 1429 2770 διὰ
1442 2742 1522 2770 τοῦτο
1543 2741 1676 2777 ἀρχιερέα
1694 2739 1807 2774 γινιῑμε⁸

1015 2803 1069 2828 νον,
1087 2793 1135 2820 καὶ
1148 2793 1183 2820 τὰ
1196 2792 1251 2820 τῶν
1274 2791 1362 2819 ἄλλων
1378 2790 1452 2826 δῶρα
1472 2789 1619 2826 δεχόμενον
1636 2786 1685 2814 καὶ
1701 2786 1741 2821 τῷ
1756 2786 1805 2811 Δε-
