1948 3070
203 154 271 189 1357

671 155 711 188 IN
731 155 1024 187 CONCEPTIONEM
1043 156 1075 188 S.
1091 156 1205 188 ΑΝΝΙΕ
1223 157 1376 190 ORATIO.

1766 156 1835 190 1358

203 215 290 252 σπότῃ
312 215 504 251 προσάγοντας
526 213 614 246 ἄλλως
629 214 658 241 δὲ
681 214 778 250 ἱερέως
802 215 934 250 ἀντικρὺς
957 214 993 242 τὰ

1052 214 1099 243 )eo
1106 219 1244 250 acceptum
1258 223 1329 249 esse,
1355 215 1418 242 dum
1433 214 1523 248 oﬂ'ert,
1536 214 1706 250 Zachariam,
1727 222 1759 244 ac
1770 224 1833 252 pro-

201 261 314 288 τοιαῦτα
336 262 454 296 κρίνειν.
471 261 532 296 οὐχὶ
555 259 604 287 σοῦ
618 260 666 287 τοῦ
687 259 736 296 τὴν
757 259 887 296 πατρῴαν
911 261 991 296 εὐνὴν

202 306 383 342 ὑϐρίσαντος·
401 307 469 333 Δευῐ
492 305 572 332 τοῦτο
586 305 618 332 τὸ
639 305 725 341 γέρας
746 305 850 333 δέδωκε
875 305 991 342 Μωσῆς,

201 353 261 388 οὐχὶ
273 354 326 386 σοὶ,
345 353 447 389 μᾶλλον
463 352 492 380 δὲ
503 352 537 379 δι’
551 351 658 380 ἐκείνου
671 352 748 384 Θεός.

1045 265 1136 296 pterea
1148 261 1246 289 snmmi
1258 261 1409 289 sacerdotis
1419 269 1516 289 munus
1530 261 1653 289 obtinere
1672 265 1754 297 atque
1767 262 1835 289 alio—

1044 314 1104 335 rum
1123 308 1204 335 etiam
1220 308 1290 335 dona
1306 308 1432 343 excipere
1447 313 1475 335 et
1488 306 1602 335 Domino
1614 308 1762 335 dedicare?
1775 309 1835 336 (ia--

1044 357 1132 381 terum
1147 353 1235 387 palam
1254 358 1296 381 est
1315 353 1466 381 sacerdotis
1482 360 1543 381 esse
1557 354 1590 380 de
1609 353 1741 386 ejusmodi
1760 354 1836 388 judi-

202 405 275 432 care;
294 406 347 426 non
370 403 460 426 autem
482 398 537 432 tui,
560 398 607 433 qui
628 402 770 433 paternum
794 396 883 425 cubile
901 397 1029 426 violasti'
1043 398 1051 410 '
1066 406 1075 426 :
1093 397 1168 432 Levi,
1189 405 1243 425 non
1274 402 1365 425 autem
1398 397 1460 431 tibi,
1494 397 1579 426 hocce
1604 405 1703 426 munus
1717 397 1835 433 Moyses,

202 447 256 474 imo
276 453 324 481 per
337 445 446 481 Moysen
463 445 533 473 Deus
547 446 605 480 ipse
621 445 806 473 demandavit.

237 501 283 537 ς’.
299 502 362 534 Πῶς
376 502 408 529 οὐ
421 501 544 537 φρίττεις
558 501 607 529 τοῦ
626 502 767 538 ἱερατικοῦ
781 502 830 529 καὶ
848 501 992 537 βασιλικοῦ

201 548 300 582 γένους
324 547 585 581 κατεξανίστασθαις
608 548 647 583 μὴ
669 548 725 584 γὰρ
745 543 866 583 εὐλογῶν
886 549 958 583 ὑμᾶς
979 549 994 575 ὁ
1017 569 1020 574 .

203 594 390 630 πατριάρχης,
405 594 421 628 ἦ
437 593 581 629 προλέγων
594 594 628 621 τὰ
645 594 777 629 μέλλοντα
793 595 857 630 ὑμῖν
872 594 995 630 ἀπαντή-

203 641 312 674 σας-θαι,
330 641 360 668 σὲ
377 640 426 668 καὶ
441 642 505 673 τοὺς
520 640 654 675 ἀδελφοὺς
668 640 788 668 αίνέσειν
799 640 993 677 προήγγειλεν,

203 688 251 714 καὶ
267 687 374 718 πάντας
386 687 449 719 τοὺς
469 686 584 722 ἐχθροὺς
598 687 728 721 ήττήσειν
744 686 993 722 προανεφώνησςν;

210 733 296 769 Ἰούδᾳ
314 732 395 759 τοῦτο
416 733 446 760 τὸ
468 733 554 768 γέρας
576 732 739 767 ἀπένειμεν,
759 732 806 759 σοῦ
823 732 854 759 δὲ
874 733 923 759 καὶ
945 731 995 766 τὴν

203 779 304 814 πρᾶξιν
320 778 428 814 πικρῶς
445 779 646 814 ὲστηλίτευσεν,
661 778 710 805 καὶ
724 778 826 814 ἥττονα
836 778 892 805 τῶν
908 777 995 805 ἄλλων

204 824 296 860 φυλῶν
312 824 452 860 ἀπέφηνεν
468 825 593 851 ἔσεσθαι·
609 824 639 856 ἐξ
654 824 761 851 ἐκείνου
775 824 804 850 δὲ
823 824 869 850 καὶ
880 823 910 850 τὸ
925 824 994 850 ἀπομ-

1079 501 1126 531 Vl.
1138 501 1278 536 Quomodo
1291 503 1421 531 adversus
1430 501 1598 531 sacerdotale
1605 501 1684 530 simul
1700 509 1733 530 ac
1747 503 1837 535 regale

1044 556 1129 585 genus
1145 549 1286 583 insurgere
1306 556 1361 576 non
1378 549 1488 583 penitus
1502 547 1685 575 reformidas?
1703 548 1830 583 Nunquid

1044 595 1117 623 enim
1132 602 1194 622 cum
1221 595 1290 622 bene
1306 594 1382 621 vobis
1403 594 1559 629 patriarcha
1586 592 1691 629 (Iacob)
1721 594 1835 624 diceret,

1046 645 1093 667 aut
1108 647 1168 667 cum
1192 647 1236 672 ea,
1248 646 1308 674 quas
1325 639 1401 667 vobis
1417 644 1548 666 eventura
1562 644 1657 671 erant,
1676 639 1837 674 praenuntia-

1048 685 1108 714 ret?
1124 684 1256 718 nunquid,
1269 685 1388 719 inquam,
1404 684 1528 719 praedixit
1554 683 1624 716 fore,
1644 689 1673 711 ut
1690 689 1715 711 te
1737 684 1835 712 fratres

1049 729 1087 758 tui
1102 729 1253 762 laudarent,
1267 737 1314 757 seu
1332 729 1379 756 tibi
1396 729 1539 757 universos
1558 729 1654 757 hostes
1681 728 1835 763 subjectum

1048 775 1081 803 iri
1098 775 1258 803 vaticinatus
1270 774 1331 802 est?
1342 774 1417 802 Iudae
1427 775 1437 790 "
1448 775 1497 802 hos
1512 774 1629 802 honores
1638 775 1778 806 attribuit;
1792 779 1837 801 tua

1048 825 1142 849 contra
1153 820 1272 848 facinora
1298 827 1390 848 amare
1415 819 1565 855 redarguit,
1586 823 1716 854 tuamque
1737 819 1838 846 tribum

204 870 396 905 κεκρυμμένον
423 870 467 896 ἐπ’
484 870 602 905 ἐσχάτου
626 869 682 896 τῶν
694 869 817 905 ’ἡμερῶν
843 869 997 904 ἐκλάμπειν

1052 867 1204 894 inferiorem
1220 865 1280 893 aliis
1295 865 1412 893 futuram
1427 865 1606 892 declaravit“.
1624 865 1663 892 Ex
1683 864 1729 892 illo
1743 869 1834 892 autem

204 916 337 950 προεῖπεν
362 915 523 950 μυστήριον,
537 915 595 949 τὴν
615 914 676 941 τῶν
692 913 790 941 ἐθνῶν
810 913 998 948 προσδοκίαν

204 961 251 988 τὸν
264 961 366 996 Κύριον
382 961 463 997 ἡμῶν
485 961 590 997 Ἰησοῦν
601 960 721 996 Χριστόν
732 969 738 976 ·
753 961 785 988 οὐ
800 960 855 996 μὴν
868 959 938 987 ἀλλὰ
948 960 999 987 καὶ

203 1006 250 1034 τον
265 1007 361 1042 χρόνον
374 1006 437 1033 καθ’
453 1006 483 1033 ὃν
505 1008 562 1038 τοῖς
578 1007 606 1033 ὲν
621 1007 716 1033 σκότει
736 1006 784 1033 καὶ
803 1006 869 1041 σκιᾷ
881 1005 998 1032 θανάτου

204 1051 371 1087 καθημένοις
390 1053 457 1088 ἡμῖν
471 1053 486 1079 ό
501 1052 588 1086 μέγας
610 1052 662 1087 τῆς
675 1051 849 1087 δικαιοσύνης
864 1051 999 1086 ἐπιφανή-

205 1099 409 1130 σεταιἭλιος,
427 1098 565 1134 εἰρηκώς·
586 1099 648 1126 Οὐκ
674 1098 810 1132 ἐκλείψει
837 1097 938 1133 ἄρχων
961 1097 997 1129 ἐξ

211 1143 321 1176 Ἰούδα,
337 1143 410 1171 οὐδὲ
430 1144 599 1178 ἡγούμενος
624 1143 659 1171 ἐκ
682 1143 743 1171 τῶν
765 1143 864 1178 μερῶν
890 1142 996 1176 αὐτοῦ,

206 1188 262 1222 ἕως
275 1187 313 1216 ἂν
332 1189 418 1224 ἔλθῃ.
432 1185 457 1222 ᾧ
469 1189 637 1221 ἀπόκειται,
651 1189 700 1216 καί
716 1189 809 1222 αὐτὸς
827 1188 998 1223 προσδοκία

206 1235 312 1263 ἐθνῶν.
330 1235 464 1271 Προλάγει
486 1236 534 1262 καὶ
558 1236 655 1268 τούτου
679 1235 712 1262 τδ
736 1235 834 1267 πάθος,
861 1235 892 1261 τὸ
915 1235 1000 1261 πᾶσιν

210 1281 347 1308 ἀπάθειαν
358 1280 562 1316 πρυτανεῦσαν,
575 1281 625 1308 καὶ
640 1280 687 1307 τδν
700 1280 853 1311 ἀθανασίας
868 1279 1000 1314 πρόξενον

208 1326 326 1354 θάνατον
338 1326 532 1354 καταλύσαντα
552 1327 684 1354 Θάνατον·
707 1325 889 1357 Ἄναπεσὼν,
904 1324 1000 1361 φησὶν,

207 1372 248 1406 ὥς
257 1372 337 1400 λέων
350 1372 510 1407 ἐκοιμήθη,
522 1372 570 1405 τίς
581 1372 679 1407 ἐγερεῖ
694 1372 809 1405 auctir;
823 1371 878 1398 Καὶ
890 1370 1003 1398 πλυνεῖ

207 1418 242 1445 ἐν
256 1418 327 1451 οῑνῳ
339 1418 397 1452 τὴν
408 1418 527 1452 στολὴν
537 1419 642 1450 αὐτοῦ,
659 1417 708 1445 καὶ
719 1418 754 1444 ἐν
765 1417 867 1452 αἵματι
881 1424 998 1450 σταφυ-

208 1462 266 1497 ,ιῆς
283 1463 341 1497 τὴν
364 1464 532 1498 περιϐολὴν
552 1463 657 1491 αὑτοῦ.
678 1461 745 1490 Εἶτα
762 1462 793 1489 τὸ
807 1462 857 1497 τῆς
878 1461 1000 1489 aveo-rd-

1046 912 1137 947 (Iuda)
1154 911 1341 939 absconditum
1352 917 1460 946 quoque
1474 911 1646 946 mysterium,
1661 911 1838 942 exspectatio-

1046 966 1105 986 nem
1122 957 1267 993 gentium“,
1286 964 1381 991 nempe
1409 956 1549 985 Christum
1576 955 1669 984 Jesum
1689 955 1835 984 Dominum

1048 1007 1190 1036 nostrum,
1211 1002 1368 1030 novissimis
1397 1002 1492 1030 diebus
1525 1002 1662 1037 proditum
1683 1009 1744 1030 esse
1767 1009 1837 1036 prae-

1047 1048 1126 1077 dixit.
1144 1047 1237 1083 Neque
1254 1055 1322 1075 vero
1335 1047 1361 1075 id
1378 1048 1478 1080 solum,
1496 1047 1543 1075 sed
1556 1051 1597 1086 γει
1615 1051 1721 1083 tempus
1736 1047 1837 1082 ipsum.

1048 1102 1102 1130 quo
1116 1094 1194 1122 nobis
1209 1093 1369 1121 sedentibus
1381 1093 1407 1121 in
1424 1093 1544 1122 tenebris
1565 1097 1593 1121 et
1604 1094 1631 1121 in
1650 1093 1747 1121 umbra
1762 1100 1837 1121 mor-

1048 1139 1094 1173 tis,
1113 1139 1160 1168 Sol
1172 1139 1289 1174 iustitiae
1310 1139 1435 1166 oriturus
1455 1143 1530 1166 esset
1544 1138 1577 1172 '°,
1595 1139 1638 1166 his
1655 1138 1747 1166 verbis
1767 1146 1839 1174 prte-

1048 1184 1202 1212 nuntiavit:
1221 1183 1283 1211 Non
1293 1184 1398 1218 deﬁciet
1412 1183 1531 1219 princeps
1541 1191 1573 1211 ea:
1586 1183 1671 1217 Iuda,
1687 1192 1769 1219 neque
1785 1184 1841 1212 duo;

1052 1233 1084 1257 de
1099 1230 1242 1264 femoribus
1250 1229 1318 1264 eius,
1328 1230 1409 1257 donec
1419 1230 1519 1262 ueniat.
1535 1229 1578 1257 cui
1592 1230 1737 1265 repositum
1749 1234 1799 1263 ett,
1815 1235 1842 1258 et

1053 1276 1108 1311 ipse
1118 1280 1157 1303 ut
1167 1276 1326 1310 exspectatio
1339 1275 1456 1310 gentium
1471 1275 1503 1302 “.
1519 1274 1687 1303 Pratuuntiat.
1697 1276 1779 1304 etiam
1792 1275 1843 1303 hu-

1049 1321 1096 1357 jus
1110 1321 1277 1356 passionem,
1292 1328 1352 1356 quae
1369 1320 1613 1355 impassibilitatem
1632 1321 1761 1349 omnibus
1778 1327 1843 1355 sup-

1053 1366 1198 1402 peditavit.
1213 1370 1240 1393 et
1255 1370 1370 1393 mortem
1385 1371 1446 1400 qua:
1465 1369 1578 1393 mortem
1598 1365 1746 1398 destruxit,
1759 1370 1843 1401 atque

1053 1411 1286 1441 immortalitatem
1306 1411 1464 1439 conciliavit
1494 1419 1502 1438 :
1539 1410 1716 1444 Recumlmu,
1743 1411 1842 1446 inquit,

1053 1463 1082 1486 ut
1093 1458 1132 1485 lea
1141 1457 1258 1489 dormiit;
1266 1456 1323 1492 quis
1329 1457 1466 1484 suscitabit
1476 1464 1534 1484 eum
1542 1457 1563 1472 "
1573 1455 1627 1484 1E!
1636 1457 1737 1484 Iuvabit
1747 1457 1776 1484 in
1783 1458 1844 1485 vino

209 1516 279 1540 σεως
294 1508 490 1543 χαριέστατον·
508 1508 668 1543 Χαροποιοί
689 1509 716 1535 οἱ
737 1506 884 1542 ὀφθαλμοὶ
905 1506 998 1534 αὑτοῦ

1052 1503 1148 1531 uolam
1168 1510 1263 1535 suam,
1275 1507 1299 1529 et
1313 1502 1342 1529 in
1362 1503 1491 1536 sanguine
1510 1510 1567 1530 um
1588 1501 1701 1536 pallium
1716 1510 1794 1529 suum
1809 1503 1842 1529 ".

209 1554 287 1589 ὑπὲρ
299 1552 395 1586 οἶνον,
405 1553 455 1581 καί
470 1555 575 1582 λευκοὶ
593 1555 620 1581 οὶ
639 1553 762 1587 ὀδόντες
775 1552 868 1580 αὐτοῦ
883 1551 1005 1588 μᾶλλον

207 1601 227 1635 ἣ
248 1601 337 1636 γάλα.
355 1601 410 1628 Καὶ
427 1601 509 1629 πάλιν
523 1601 554 1628 τὸ
570 1601 619 1628 τοῦ
634 1600 816 1636 κηρύγματος
829 1598 913 1626 αὐτοῦ
925 1598 1004 1634 ἐνερ-

207 1647 357 1682 γέστατον·
383 1648 542 1682 Δεσμεύωγ
567 1647 643 1681 πρὸς
666 1647 804 1681 ἄμπελον
824 1645 879 1672 τὸν
899 1643 1004 1671 πῶλον

207 1692 311 1724 αὐτοῦ,
329 1691 369 1727 τῷ
388 1692 443 1719 τῶν
457 1692 616 1719 ἀποστόλων
637 1690 799 1727 κηρύγματι
813 1690 848 1716 τὰ
862 1689 928 1724 ἔθνη
948 1697 1003 1716 πα·-

209 1737 389 1772 ρασκευάζων
402 1737 571 1770 ἀκολουθεῖν,
588 1736 638 1764 καὶ
652 1735 689 1771 τῇ
701 1736 779 1764 ἕλικι
790 1736 847 1770 τῆς
860 1734 999 1770 ἀμπέλου

208 1781 267 1816 τὴν
283 1782 355 1808 ὄνον
381 1782 486 1809 αὑτοῦ.
503 1783 542 1809 Οὐ
567 1783 663 1818 γάρτοι
686 1782 780 1817 μόνοις
800 1782 858 1813 τοῖς
880 1779 999 1813 ἔθνεσιν,

208 1826 278 1853 ἀλλά
293 1827 340 1853 καὶ
358 1827 497 1859 Ἰουδαίοις
513 1827 538 1854 οί
549 1827 616 1855 θεῖοι
629 1827 816 1863 μυσταγωγοὶ,
830 1826 879 1854 καὶ
892 1825 1000 1858 τούτοις

209 1880 242 1906 γε
261 1872 392 1907 πρώτοις,
409 1874 440 1900 τὸ
462 1873 596 1909 σωτήριον
610 1873 831 1909 διεπόρθμευσαν
855 1873 999 1909 κήρυγμα.

1053 1549 1157 1577 Deinde
1174 1552 1208 1581 fet
1234 1547 1463 1582 iucundissimam
1491 1548 1701 1576 resurrectionis
1727 1548 1843 1583 gratiam

1053 1594 1230 1630 (vaticinatur
1250 1592 1390 1627 inquiens)
1408 1600 1416 1620 :
1437 1591 1504 1619 Lati
1524 1597 1586 1620 sunt
1609 1593 1682 1620 oculi
1711 1594 1769 1628 ejus
1785 1601 1843 1627 pra:

1051 1641 1122 1671 vino,
1143 1644 1167 1666 et
1190 1638 1279 1665 dente:
1295 1637 1369 1665 illius
1397 1637 1466 1664 lacte
1487 1638 1655 1666 candidiores
1679 1638 1711 1666 “.
1729 1638 1762 1665 Et
1775 1646 1842 1666 rur-

1052 1692 1100 1713 sus
1126 1683 1344 1712 eiiicacissimam
1381 1683 1586 1718 praedicationis
1614 1685 1675 1718 ejus
1699 1684 1841 1716 virtutem.

1052 1731 1147 1759 dicens
1162 1739 1170 1758 :
1188 1729 1308 1764 Atligam
1330 1729 1365 1755 ad
1385 1729 1463 1756 nitent
1474 1729 1577 1764 pullum
1591 1738 1668 1757 suum
1685 1730 1719 1763 ",
1734 1737 1842 1765 praepa-

1053 1783 1120 1804 rans
1134 1782 1232 1810 nempe
1247 1778 1342 1809 gentes
1357 1774 1392 1802 ad
1414 1775 1597 1809 apostolorum
1617 1776 1840 1810 praedicationem

1053 1823 1146 1850 animo
1161 1821 1299 1855 morigero
1316 1820 1517 1856 excipiendam,
1542 1827 1566 1849 et
1587 1822 1622 1849 ad
1650 1822 1758 1850 helicem
1781 1823 1841 1850 vitis

1054 1870 1156 1897 mittam
1166 1875 1244 1895 suam
1257 1867 1300 1894 ":
1319 1866 1447 1903 quoniam
1461 1874 1514 1895 non
1527 1872 1632 1896 tantum
1650 1869 1784 1903 gentibus,
1794 1867 1842 1896 sed

208 1919 309 1947 Iudaeis
336 1927 455 1955 quoque,
485 1921 540 1947 imo
572 1924 600 1948 et
628 1920 695 1954 ipsis
721 1919 808 1954 prius,
847 1919 933 1946 divini
959 1917 999 1945 illi
1037 1915 1228 1952 mysteriorum
1250 1914 1456 1950 dispensatores
1486 1913 1608 1942 salutare
1637 1913 1842 1948 praedicationis

209 1969 323 1997 verbum
350 1972 562 2004 proposuerunt.

244 2034 282 2063 Z’.
297 2035 331 2062 Τί
342 2032 418 2072 οὖνή
443 2035 639 2071 θεοχαρίτοντος
653 2036 701 2063 καὶ
723 2035 789 2070 ἁγία
800 2034 898 2069 ,ἐκείνη
920 2033 997 2065 δυὰς,

210 2082 306 2117 Ἄννα,
326 2081 408 2118 φημὶ,
428 2082 477 2110 καὶ
499 2081 638 2117 Ἰωακεὶμ,
664 2081 833 2110 ἀντιτιθέασι
849 2081 911 2113 ταῖς
932 2081 998 2115 ἀγε-

211 2127 326 2163 ρωχίαις
339 2127 388 2154 τοῦ
409 2126 566 2160 ἀδικοῦντος
581 2127 632 2160 τὰς
656 2127 725 2160 ιδίας
745 2127 875 2162 εὐλόγους
894 2126 996 2158 αἰτίας,

209 2173 257 2200 καὶ
278 2172 437 2200 συνιστάναι
461 2172 577 2206 ἑαυτοὺς
603 2173 728 2208 κρεῖττον
750 2172 856 2200 ἐκείνου
881 2170 998 2198 σπουδά-

1087 2029 1144 2056 VII.
1167 2028 1237 2062 Quid
1267 2027 1370 2064 igitur?
1392 2027 1461 2054 Num
1489 2026 1544 2054 Deo
1573 2028 1677 2062 accepti
1703 2033 1732 2055 et
1754 2029 1841 2056 sancti

1051 2075 1190 2110 eonjnges,
1205 2075 1282 2101 Anna
1299 2074 1410 2108 inquam
1421 2079 1448 2101 et
1461 2072 1599 2107 Joachim,
1615 2074 1779 2109 arrogantia:
1797 2082 1842 2102 cu-

1052 2120 1223 2148 lunmiatoris
1244 2119 1285 2147 sui
1308 2119 1450 2154 propriam
1474 2123 1616 2152 opponunt
1637 2125 1753 2154 eamque
1772 2121 1842 2154 opti-

1052 2174 1123 2194 mam
1139 2165 1270 2194 causam?
1282 2172 1347 2192 num
1364 2163 1435 2192 tueri
1462 2171 1523 2192 sese
1541 2171 1570 2191 et
1590 2166 1781 2193 commendare
1800 2167 1843 2192 ni—

210 2219 297 2251 ςουσι,
313 2218 400 2246 πολλὰ
419 2218 455 2246 τὰ
471 2220 512 2251 είς
532 2219 613 2246 τοῦτο
636 2219 808 2246 συντείνοντα
827 2217 936 2254 εχοντες
951 2216 998 2244 εὗ-

1053 2217 1154 2245 tuutur,
1171 2219 1232 2239 cum
1248 2211 1350 2246 potiori
1366 2210 1394 2238 id
1409 2210 1471 2244 jure
1487 2217 1541 2245 prae
1559 2210 1606 2238 illo
1620 2216 1742 2244 possent.
1758 2211 1843 2238 multa

209 2270 295 2299 Αογα;
315 2264 476 2300 Μηδαμῶς·
494 2265 564 2293 ἀλλὰ
587 2265 725 2301 δριμείαις
739 2265 789 2300 μὲν
804 2265 851 2292 καὶ
870 2264 999 2300 πικροτά-

208 2318 271 2341 ταις
296 2310 346 2346 τὴν
368 2310 482 2347 καρδίαν
514 2311 623 2343 ὀδύναις
658 2310 940 2346 κατατιτρώσκονται,
967 2310 999 2337 οὐ

208 2356 336 2383 τοσοῦτον
354 2356 399 2383 διὰ
418 2357 464 2384 τὸν
487 2357 609 2393 ἔλεγχον,
628 2357 691 2384 ὅσον
707 2357 753 2384 διὰ
774 2357 804 2384 τδ
823 2357 999 2393 ἀπρόσδεκτα

210 2404 303 2438 μεῖναι
317 2402 352 2429 τὰ
366 2402 452 2439 δῶρα,
474 2404 523 2430 καὶ
537 2403 587 2439 τὴν
600 2404 632 2430 ὲκ
648 2402 716 2430 Θεοῦ
732 2402 803 2430 κατὰ
817 2403 848 2429 τὸ
867 2402 998 2438 φαινόμε-

208 2456 254 2474 νον
267 2447 437 2483 ἁποσόὸησιν
449 2456 456 2463 ·
473 2448 562 2484 ήσυχῆ
574 2447 597 2475 δ’
616 2448 691 2483 ὅμως
705 2447 753 2475 καὶ
764 2447 875 2484 πραέως
889 2448 998 2474 στένον-

209 2502 254 2525 τες
266 2494 313 2520 καὶ
328 2492 494 2529 δακρύοντες
510 2494 729 2529 ὑποστρέφουσιν
750 2493 859 2520 οἴκαδε·
875 2493 926 2529 ήδη
940 2493 995 2529 γὰρ

209 2539 301 2570 αὐτοῖς
323 2538 353 2565 τὸ
375 2538 422 2566 τοῦ
446 2538 517 2566 κατὰ
537 2539 627 2574 σάρκα
650 2540 785 2574 ἀπογόνου
799 2539 920 2575 Χριστοῦ
931 2548 998 2567 κατ-

206 2585 315 2620 ηύγαζε
339 2585 464 2620 θέλημα·
484 2585 537 2618 ‘Oc
562 2584 794 2620 λοιδορούμενος
811 2606 819 2619 ,
851 2586 907 2613 οὐκ
930 2585 999 2613 ἀντ-

208 2631 363 2666 ελοιδόρει·
376 2631 514 2666 πάσχων,
529 2631 585 2658 οὐκ
595 2631 723 2665 ἠπείλει·
732 2627 763 2658 οὗ
774 2631 821 2658 καὶ
833 2630 878 2659 διὰ
885 2632 996 2658 Ἡσαΐου

209 2677 326 2713 βοῶντος
354 2677 488 2713 πρότερον
517 2677 630 2712 ἤκουον·
652 2677 718 2704 Ἐπὶ
743 2677 811 2704 τινα
832 2677 996 2713 extenuo,

245 2765 267 2781 ⁶“
286 2763 356 2792 Gen.
379 2772 454 2799 xux,
468 2765 495 2793 4.
533 2765 544 2781 ⁷
563 2764 631 2792 Ibid.
652 2764 668 2792 8
685 2774 692 2792 :
708 2763 791 2799 Iuda,
814 2770 838 2793 te
867 2766 1014 2796 laudabunt

211 2805 327 2838 tuorum.
364 2799 461 2838 “_lb_it_l.
476 2800 493 2838 ιξ
507 2800 632 2838 :E/fusus
651 2808 677 2826 es
689 2802 760 2838 sicut
777 2809 864 2833 aqua;
887 2810 950 2838 non,
963 2799 1076 2838 emotis,

212 2835 234 2871 ff
254 2834 307 2871 Isti.
321 2835 403 2871 tx,2;
419 2835 515 2864 Matth.
536 2843 575 2871 tv,
601 2835 643 2864 16.
688 2835 708 2851 “
729 2835 797 2864 Gen.
823 2844 894 2871 ιιικ,
924 2837 967 2867 10.
1007 2841 1029 2857 ¹³
1049 2834 1118 2870 Ibid:
1138 2841 1165 2869 9.
1204 2841 1226 2857 ⁸³
1245 2840 1313 2870 Ibid.
1332 2840 1377 2869 Il.
1416 2840 1437 2857 "
1457 2834 1525 2870 ibid.
1556 2839 1601 2870 I2.

211 2869 236 2885 ⁸⁸
252 2869 319 2897 Ibid.

1051 2257 1166 2291 scilicet,
1180 2264 1242 2292 qua:
1261 2256 1315 2284 huc
1331 2261 1507 2291 spectarent,
1527 2255 1657 2291 praeclara
1682 2255 1715 2283 ad
1733 2263 1842 2284 manum

1052 2304 1203 2333 habentes?
1220 2303 1399 2337 Nullatenns;
1416 2303 1463 2331 sed
1480 2303 1586 2331 acerbis
1602 2310 1669 2331 sane
1685 2304 1843 2339 amarisquo

1052 2349 1227 2377 doloribusin
1239 2349 1322 2377 corde
1333 2355 1383 2377 suo
1395 2349 1597 2382 excruciantur,
1614 2356 1668 2377 non
1684 2354 1738 2377 tam
1755 2350 1792 2378 ob
1810 2350 1843 2377 il-

1052 2395 1135 2422 latum
1149 2395 1201 2423 sibi
1218 2395 1360 2429 probrum,
1377 2402 1458 2429 quam
1480 2394 1552 2430 quod
1569 2394 1661 2422 oblata
1688 2396 1759 2423 dona
1788 2403 1842 2423 non

1053 2440 1168 2469 fuissent
1188 2445 1315 2475 suscepta
1327 2460 1335 2472 ,
1353 2445 1435 2475 atque
1457 2441 1525 2468 adeo
1540 2441 1622 2468 etiam
1636 2449 1652 2468 a
1677 2441 1742 2475 Deo,
1763 2447 1845 2477 prout

1049 2487 1134 2514 videri
1152 2491 1271 2522 poterat,
1281 2486 1471 2522 rejicerentur.
1487 2486 1649 2523 Tranquillo
1662 2487 1843 2516 nihilominus

1050 2536 1247 2567 mansuetoqne
1263 2533 1365 2568 gemitu
1385 2540 1417 2561 ac
1442 2532 1506 2561 iletu
1524 2540 1584 2561 sese
1599 2534 1770 2561 continentes
1792 2533 1846 2562 do:

1049 2585 1125 2606 mum
1142 2583 1327 2607 revertuntur.
1347 2578 1406 2606 .Iam
1423 2579 1496 2607 enim
1514 2587 1608 2608 eorum
1624 2581 1763 2609 mentibus
1779 2580 1842 2607 illu-

1050 2625 1180 2652 cescebat
1191 2624 1316 2652 voluntas
1325 2625 1422 2653 Christi
1437 2626 1557 2661 ipsorum
1568 2626 1718 2655 secundum
1730 2633 1842 2654 carnem

1052 2670 1168 2705 nepotis,
1187 2669 1239 2704 Qui
1265 2679 1324 2698 cum
1349 2671 1559 2705 malediceretur,
1581 2680 1633 2699 non
1654 2671 1840 2702 maledicebal:

1048 2769 1146 2804 fratres
1170 2770 1342 2798 tui:manus
1367 2774 1420 2799 tuae
1445 2771 1474 2798 in
1498 2770 1639 2798 ceruicibus
1674 2771 1842 2799 inimicorum

1106 2806 1169 2840 quia
1195 2805 1339 2833 ascendiin
1363 2805 1449 2833 cubile
1486 2806 1552 2833 atris
1588 2806 1637 2834 tui.
1675 2806 1686 2822 ⁸
1707 2807 1776 2834 Ibid.
1795 2805 1839 2834 10.

1109 2860 1116 2870 .
1138 2841 1165 2869 9.
1204 2841 1226 2857 ⁸³
1245 2840 1313 2870 Ibid.
1332 2840 1377 2869 Il.
1416 2840 1437 2857 "
1457 2815 1525 2870 Ibid.
1556 2839 1601 2870 I2.
1670 2842 1692 2859 ¹⁵
1709 2842 1779 2871 Ibid.
1795 2841 1838 2869 ll.
