1948 3070
127 158 194 192 i359

679 159 793 190 PETRI
815 160 1001 192 ARGORUM
1023 160 1191 191 EPISCOPI

1688 157 1757 191 1360

125 227 183 246 cum
197 222 342 254 pateretur,
354 226 405 245 non
421 217 629 244 comminabatur
642 218 662 233 "
672 218 682 244 ?
694 226 773 253 quem
791 223 818 245 et
835 224 908 245 antes

965 218 1034 245 ἀλλ’
1050 217 1069 252 ἢ
1086 218 1135 244 ἐπὶ
1151 218 1204 245 τὸν
1219 216 1314 252 πρᾶον
1333 217 1383 245 καὶ
1400 217 1533 252 ἡσύχιον
1545 216 1594 243 καὶ
1610 216 1756 252 τρέμοντα

125 271 172 298 per
190 263 286 291 lsaiam
298 263 461 290 clamantem
483 262 644 289 audiverant
659 271 666 290 :
684 263 724 289 Ad
742 271 818 297 quem
834 263 914 296 respi-

124 309 204 342 ciam,
220 309 270 335 nisi
287 308 321 335 ad
333 312 508 339 mansuetum,
525 311 550 335 et
564 308 748 343 tranquillum,
763 314 786 336 et
805 313 915 336 tremen-

124 359 176 382 tem
195 362 326 381 sermones
350 361 422 380 meo:
447 353 491 379 ‘3?

163 399 226 425 Vlll.
240 399 306 426 Cum
323 405 388 425 vero
403 399 512 424 domum
528 399 630 426 reversi
648 403 740 428 essent
752 420 760 432 .
778 400 811 428 ad
829 399 913 427 Deum

124 450 210 472 semet
229 449 299 472 totos
313 449 485 477 convertunt,
503 453 536 472 ac
558 445 671 481 reliquis
692 446 818 474 omnibus
843 447 914 474 votis

123 490 287 526 posthabitis
301 490 352 517 hoc
369 497 451 517 unum
467 498 499 518 ac
511 491 598 518 solum
608 491 642 518 ab
661 498 693 518 eo
707 490 868 526 efﬂagitant,
884 497 914 518 ut

123 539 177 565 sibi
191 536 293 571 prolem
307 535 447 570 largiatur,
463 537 491 563 in
507 537 666 564 memoriam
678 537 728 572 ipsi
746 542 912 570 revocantes,

123 590 224 619 quanta
240 583 274 610 ab
290 583 369 610 initio
381 582 515 609 mirabilia
532 583 647 616 fecerit;
673 582 745 617 quod
769 582 914 610 sterilitate

123 629 229 656 sublata
243 627 389 655 liberorum
412 631 503 661 patres
517 627 655 659 etl‘ecerit;
673 631 740 661 quot
766 627 839 654 omni
866 634 914 660 spe

123 674 251 710 gignendi
263 673 366 708 prolem
380 679 494 707 prorsus
510 673 667 705 destitutos,
684 678 827 708 propterea
841 674 913 707 quod

123 719 158 747 ad
188 724 338 746 extremam
360 717 533 745 devenissent
558 723 744 751 senectutem,
761 719 818 752 ipse
834 719 914 746 exhi—

124 764 224 796 buerit,
247 769 276 790 ut
294 763 333 790 sic
350 770 384 789 ex
406 762 518 789 molesta
533 763 650 797 quadam
674 770 707 790 ac
723 763 792 790 tristi
817 764 913 790 condi-

125 809 198 836 tione
212 808 244 835 ad
260 808 341 835 vitam
357 808 451 836 laetitia
465 807 572 841 plenam
582 815 614 835 ac
629 808 764 835 suavitate
774 808 914 842 iucundis-

123 855 219 882 simam
236 854 405 882 transferret.

965 263 1037 297 τοὺς
1049 265 1160 298 λόγους
1169 272 1229 298 μου
1241 271 1251 294 ,'

1001 399 1042 427 H’.
1058 399 1171 435 Ἐπειδὴ
1185 400 1370 436 ὑπέστρεψαν,
1383 400 1461 432 ὅλους
1475 401 1545 436 πρὸς
1558 400 1626 428 Θεδν
1640 402 1753 433 ἑαυτοὺς

965 445 1177 480 ἐπιστρέφουσιν
1190 453 1196 461 ·
1222 446 1269 473 καὶ
1291 447 1380 474 πάντα
1395 446 1532 479 λιπόντες,
1553 446 1582 473 ἓν
1605 447 1685 475 τοῦτο
1707 448 1753 474 καὶ

966 490 1047 525 μόνον
1059 490 1177 523 αἰτοῦσι,
1191 490 1275 528 παῖδα
1289 491 1382 522 αὐτοῖς
1401 491 1578 526 χαρίσασθαι,
1595 491 1753 526 ὑπομιμνή-

965 544 1079 568 σκοντος
1091 536 1173 563 αὐτὸν
1195 537 1246 563 ὅσα
1258 536 1420 572 παραδόξως
1442 537 1592 571 πεποίηκεν
1611 537 1640 570 ἐξ
1653 537 1752 572 ἀρχῆς,

963 583 1034 609 ὅσων
1048 582 1097 617 τὴν
1114 582 1258 617 στείρωσιν
1271 583 1365 614 λύσας,
1382 582 1486 609 παίδων
1499 583 1624 617 πατέρας
1635 582 1752 618 ὀφθῆναι

964 628 1132 663 πεποίηκεν·
1147 627 1227 659 ὅσους
1243 627 1469 662 ἀπογνωσθέντας
1483 627 1527 654 διὰ
1541 627 1572 654 τὸ
1582 629 1622 659 είς
1637 627 1752 663 ἔσχατον

963 674 1053 707 γῆρας
1068 673 1243 708 ἐληλακέναι,
1265 675 1330 709 παρ’
1355 673 1466 705 ἐλπίδας
1482 675 1658 708 τεκνογονίας
1679 682 1752 709 παρ-

963 719 1059 754 ἔσχετο
1072 728 1079 735 ·
1088 720 1163 751 ὅπως
1174 719 1204 752 ἐξ
1217 720 1352 755 ὸδυνηρᾶς
1363 729 1437 752 τινος
1452 721 1500 746 καὶ
1516 720 1655 755 κατηφοῦς
1661 720 1750 747 διαθέ-

964 772 1034 796 aeu);
1045 766 1114 801 πρὸς
1134 766 1305 802 εὐφροσύνης
1321 767 1462 802 μετήγαγε
1483 766 1540 802 βίον
1555 766 1602 793 καὶ
1617 766 1752 802 θυμηδίας

962 809 1116 838 ἀνάπλεων.

158 898 202 926 1X.
215 898 292 926 Hunc
309 899 333 925 in
349 898 458 925 modum
471 901 554 925 noctu
563 897 662 933 diuque
673 898 760 925 enixis
770 898 803 925 ad
817 899 908 930 Deum,

999 901 1037 928 ϐ’.
1050 902 1127 928 Οὕτω
1139 903 1217 929 νυκτὶ
1231 903 1278 929 καὶ
1293 904 1387 939 ἡμέρᾳ
1399 903 1438 938 τῷ
1452 905 1500 938 τῆς
1516 904 1635 940 δεήσεως
1647 905 1701 932 τῶν
1715 906 1751 932 δι-

123 945 168 978 qui
183 944 318 978 iustorum
330 949 390 970 vota
409 951 463 970 non
479 944 604 977 despicit,
622 944 748 978 precibus
777 952 829 971 uua
851 952 912 971 cum

121 989 234 1025 jejuuiis
253 994 335 1023 atque
352 989 426 1016 omni
447 989 518 1016 bono
534 996 626 1022 opere.
652 989 824 1016 incessanter
846 989 913 1016 insi-

123 1040 219 1068 stunt;
236 1040 316 1070 atque
333 1035 473 1069 adjiciunt,
488 1034 510 1061 si
530 1034 583 1061 voti
601 1039 739 1069 compotes
760 1034 836 1066 liam,
859 1035 914 1062 Deo

123 1081 255 1108 tribueuti
272 1087 301 1108 se
316 1081 397 1112 dono,
414 1079 544 1114 quidquid
562 1080 746 1114 accepissent,
761 1079 911 1107 oblaturos.

123 1126 268 1153 Exatnlivit
283 1124 367 1157 Deus,
386 1126 430 1159 qui
446 1133 541 1160 preces
553 1131 625 1152 ratas
639 1126 740 1152 habens
752 1126 913 1152 voluntatem

122 1169 271 1196 timentium
284 1176 312 1195 se
328 1169 391 1203 facit
402 1169 434 1201 ",
448 1174 475 1196 et
491 1177 570 1203 prope
589 1175 626 1196 est
640 1170 821 1196 invocantibus
836 1170 912 1196 illum

122 1216 150 1242 in
166 1216 276 1242 veritate
287 1215 321 1242 “.
338 1214 370 1240 Et
393 1222 458 1242 sane
469 1222 517 1242 eos
535 1223 587 1241 non
604 1215 740 1248 genitores
755 1221 913 1250 utcumque,

121 1260 169 1287 sed
212 1260 381 1295 genitoribus
417 1260 544 1287 omnibus
582 1261 784 1295 prastantiores
819 1261 912 1289 ellicit.

121 1306 230 1338 Quanto
245 1305 318 1332 enim
331 1305 444 1338 reliquis
459 1305 586 1332 omnibus
604 1306 697 1333 liberis
713 1306 770 1333 haec
793 1306 913 1340 ipsorum

120 1351 176 1378 illia
190 1342 415 1386 superexcelluit,
434 1355 509 1377 tanto
527 1351 567 1378 illi
583 1351 724 1385 quibusvis
747 1352 914 1386 genitoribus

120 1395 349 1431 praecelleuliores
364 1396 524 1430 probantur.
541 1396 575 1424 Et
594 1404 623 1424 re
635 1397 744 1431 quidem
762 1404 825 1424 vera
852 1404 913 1424 cum

120 1442 201 1469 morti
212 1446 242 1468 et
261 1441 431 1476 corruptioui
448 1448 559 1477 propter
570 1448 712 1476 peccatum
727 1444 849 1478 subacti,
874 1444 914 1471 in-

119 1489 288 1524 digeremns,
313 1492 342 1515 ut
369 1489 440 1516 Deus
466 1496 576 1516 carnem
601 1494 721 1517 nostram
743 1494 911 1528 assumeret;

119 1539 256 1569 oporteret
268 1541 369 1566 autem,
390 1539 418 1561 ut
443 1542 502 1569 qua:
520 1540 573 1562 tam
589 1535 742 1563 admirandi
757 1536 846 1570 operis
865 1536 912 1562 ad-
925 1555 946 1584 α

120 1580 245 1607 ministra
256 1579 336 1613 foret,
347 1580 448 1614 quippe
458 1588 518 1614 (litae
531 1581 608 1615 (proh
625 1581 753 1616 mirum!)
766 1581 810 1608 Βιιί
826 1585 912 1608 mater

119 1625 210 1652 futura
224 1630 294 1657 erat,
315 1625 458 1652 universos
478 1625 602 1652 homines
618 1626 736 1659 puritate
763 1626 911 1653 antecelle-

118 1677 175 1704 rcl;
189 1678 300 1698 necesse
314 1671 437 1706 proiecto
452 1676 521 1704 erat,
532 1676 560 1698 ut
574 1677 701 1706 parentes
717 1679 824 1707 quoque
839 1672 911 1706 eius-

119 1716 181 1743 dem
206 1716 340 1750 Deiparm,
362 1720 455 1751 utpote
481 1716 538 1747 Dei.
555 1724 617 1751 quae
642 1724 675 1744 ex
690 1716 735 1743 illa
755 1718 910 1745 nasciturus

117 1766 176 1788 crat
192 1763 391 1796 progenitores,
409 1762 469 1788 aliis
486 1762 644 1795 parentibus
663 1763 908 1796 supereminereut.

118 1805 213 1840 Neque
231 1807 301 1832 enim
315 1813 358 1832 res
374 1806 490 1837 ferebat,
507 1810 595 1833 utaut
609 1807 721 1834 alterius
733 1815 813 1842 quam
831 1809 909 1842 hujus

118 1852 156 1878 illi
172 1856 300 1885 parentes
319 1856 422 1884 essent,
437 1851 607 1879 autaliorum
621 1860 702 1887 quam
723 1854 836 1880 istorum
853 1854 910 1881 haec

116 1898 170 1925 lilia
197 1897 392 1924 nominaretur.

152 1943 187 1970 Χ.
199 1943 286 1970 Hodie
297 1948 439 1978 propterea
448 1943 582 1972 universae
606 1950 738 1972 creaturm
753 1946 849 1980 gainlio
861 1954 907 1981 ge—

115 1989 209 2023 stiunt,
221 1995 249 2016 et
269 1993 366 2015 natura
376 1996 469 2016 nostra
488 1990 575 2017 laudis
587 1996 613 2018 et
626 1991 775 2025 gratiarum
791 1993 908 2020 actionis

115 2042 196 2062 voces
213 2034 245 2061 ad
265 2035 347 2062 Deum
360 2035 470 2067 attollit,
486 2037 614 2070 inquiens
630 2036 761 2064 :Gratias
774 2038 821 2065 tibi
837 2046 902 2073 agn,

114 2080 323 2113 Domine,quod
347 2087 474 2115 mc,quaa
500 2081 601 2108 sterilis
615 2089 691 2108 eram
718 2090 749 2110 ac
777 2082 905 2118 gignendi

114 2124 214 2159 impos,
239 2125 271 2151 ad
295 2125 414 2152 sobolem
438 2127 632 2159 procreandum
658 2127 781 2154 excitasti
807 2136 813 2153 2
834 2129 906 2163 quod

114 2171 217 2205 spinas,
234 2172 333 2206 quibus
350 2173 536 2206 gertniuaudis
554 2173 679 2200 damnata
697 2173 813 2207 fueram,
833 2175 906 2202 avel-

113 2217 168 2244 lere
187 2225 202 2244 a
224 2225 266 2244 me
283 2218 400 2253 coepisti,
427 2223 455 2245 et
479 2219 512 2246 ad
536 2218 688 2254 plantarum
702 2219 836 2247 culturam
857 2228 904 2255 per

112 2269 231 2296 divinam
249 2269 353 2296 Annam
362 2275 390 2296 et
403 2268 525 2297 Juachim
538 2277 579 2298 me
588 2275 678 2305 aptam
691 2270 819 2299 effecisti.
833 2272 902 2300 Gra-

112 2314 164 2341 tias
180 2321 231 2348 ago
249 2315 308 2346 tibi,
322 2315 367 2349 qui
389 2321 432 2341 me
447 2315 691 2350 castigasti,atque
707 2316 804 2342 iterum
823 2316 902 2343 hodie

111 2359 238 2394 suscipis.
254 2359 323 2392 Quid
336 2361 483 2391 retribuam
501 2360 615 2395 tibi,qui
633 2368 676 2387 me
691 2361 724 2387 ad
741 2361 901 2395 pariendum

110 2406 138 2433 iu
153 2405 289 2433 doloribus
304 2410 414 2441 propter
428 2406 678 2440 praevaricationem
699 2406 771 2441 juste
790 2407 902 2434 damna-

111 2451 164 2483 sti;
182 2458 214 2477 ac
229 2451 325 2477 deinde
341 2458 388 2485 per
404 2451 476 2477 hunc
495 2455 601 2484 partum
617 2451 714 2478 iterum
728 2450 816 2478 fausta
833 2459 900 2485 gain-

110 2495 146 2522 dii
171 2495 264 2522 uuntia
286 2495 374 2530 (mihi)
396 2495 515 2528 praebes?
533 2495 611 2522 Nunc
630 2495 658 2522 in
676 2495 761 2523 Annae
776 2500 855 2523 utero
866 2504 898 2524 ex

109 2541 181 2568 edita
194 2548 266 2574 rosa,
280 2539 377 2573 Maria,
389 2540 511 2574 inquam,
529 2548 630 2573 meum,
641 2541 739 2575 quiest
753 2548 784 2568 ex
802 2549 900 2568 corru-

107 2588 212 2622 ptione,
234 2587 348 2615 fetorem
363 2595 379 2614 e
402 2587 493 2614 medio
508 2586 588 2618 tollit,
610 2596 744 2622 suumque
759 2588 815 2623 ipsa
831 2590 897 2615 odo-

107 2640 165 2660 rem
185 2633 317 2665 tribuens,
345 2633 442 2660 divinae
465 2633 656 2662 exsullationis
679 2634 838 2669 participem
856 2643 899 2663 me

106 2679 197 2706 eliicit.
207 2679 260 2706 Per
275 2680 414 2707 mulierem
431 2680 569 2715 hucusque
581 2681 636 2715 ipsa
655 2681 816 2716 inlelix,per
832 2690 897 2708 mu—

106 2724 200 2751 liercm
216 2727 296 2752 modo
311 2726 388 2753 beata
405 2725 502 2752 effecta
529 2734 599 2753 sum.
622 2726 729 2760 lmpleri
755 2727 826 2754 enim
841 2735 894 2754 ccc-

106 2770 180 2804 pisse
193 2771 250 2806 jam
269 2772 359 2805 video,
372 2780 431 2805 qua:
446 2772 479 2798 de
497 2776 522 2798 te
537 2779 584 2806 per
596 2772 739 2806 prophetas
753 2777 813 2800 tuos
829 2781 896 2807 pra:-

963 947 1049 974 καίων
1071 948 1131 983 Θεῷ
1147 948 1317 975 είσακούοντι
1337 949 1516 982 ἀδιαλείπτως
1533 950 1603 985 μετὰ
1619 951 1750 984 νηστειῶν

963 993 1011 1018 καὶ
1038 993 1130 1028 πάσης
1153 994 1298 1026 εὐποιίας,
1325 996 1386 1027 ταῖς
1413 995 1564 1028 ἀνενδότοις
1590 996 1751 1031 σχολάζουσι

963 1040 1130 1073 προσευχαῖς
1141 1047 1147 1055 ·
1167 1039 1217 1066 καὶ
1234 1040 1439 1075 προστιθέασιν,
1457 1041 1494 1072 ὡς
1509 1042 1533 1068 εἰ
1552 1042 1600 1068 τοῦ
1620 1042 1750 1077 αίτουμέ-

963 1091 1009 1110 νου
1023 1083 1140 1118 τύχοιεν,
1152 1085 1308 1120 προσάξωσι
1317 1085 1404 1120 δῶρον
1411 1086 1450 1120 τῷ
1461 1086 1590 1113 δεδωκότι
1603 1087 1672 1122 Θεῷ.
1688 1088 1751 1114 Εἰσ-

963 1130 1081 1164 ήκουσεν
1095 1131 1112 1157 ὁ
1125 1130 1241 1165 θέλημα
1255 1131 1315 1157 τῶν
1337 1131 1530 1166 φοϐουμένων
1539 1132 1633 1159 αὑτὸν
1645 1132 1749 1164 ποιῶν,

964 1175 1012 1201 καὶ
1025 1175 1075 1209 τῆς
1089 1174 1208 1210 δεήσεως
1232 1176 1324 1203 αὐτῶν
1341 1177 1492 1204 είσακούων
1508 1177 1584 1209 Θεὸς.
1601 1179 1618 1204 ὀ
1639 1178 1700 1210 τοῖς
1714 1178 1754 1205 ἐν

964 1220 1091 1254 ἀληθείᾳ
1110 1221 1360 1257 ἐπικαλουμένοις
1384 1223 1478 1250 αὑτὸν
1489 1223 1619 1259 ἑγγίζων.
1637 1224 1692 1251 Καὶ
1717 1224 1751 1260 δὴ

964 1266 1014 1300 οὐχ
1025 1266 1118 1298 ἁπλῶς
1128 1268 1229 1301 γονεῖς,
1242 1268 1300 1294 ἀλλ’
1311 1268 1440 1296 ἁπάντων
1453 1270 1636 1304 ὑπερέχοντας
1644 1270 1751 1296 δείκνυ-

965 1320 1007 1338 σιν
1017 1320 1023 1326 ·
1041 1312 1096 1348 ὅσῳ
1109 1313 1164 1348 γὰρ
1177 1313 1231 1339 τῶν
1246 1313 1335 1341 ἄλλων
1348 1315 1451 1341 παίδων
1469 1316 1485 1350 ἡ
1499 1315 1602 1342 τούτων
1615 1316 1752 1351 ἀσυγκρί-

963 1365 1017 1389 τως
1029 1357 1262 1393 ὐπερανέστηκεν,
1276 1359 1398 1396 τοσούτῳ
1414 1361 1466 1387 τῶν
1480 1362 1651 1397 γεννητόρων
1667 1363 1753 1389 ἁπάν-

964 1411 1018 1429 των
1051 1400 1126 1431 οὖτοι
1163 1405 1343 1440 γνωρίζονται
1375 1407 1551 1442 προῦχοντες.
1587 1408 1664 1434 Ἐπεὶ
1694 1408 1751 1443 γὰρ

963 1448 1116 1484 ὲλεήθημεν
1131 1450 1200 1476 Θεοῦ
1214 1451 1413 1486 σαρκουμένου,
1427 1452 1470 1479 διὰ
1487 1454 1537 1488 τὴν
1551 1453 1688 1488 ἁμαρτίαν
1702 1453 1753 1479 θα-

963 1495 1037 1531 νάτῳ
1056 1497 1272 1532 κατακριθέντες
1293 1498 1341 1525 καὶ
1361 1499 1395 1534 τῇ
1417 1499 1514 1535 φθορᾷ,
1536 1499 1589 1527 ἔδει
1612 1501 1640 1527 δὲ
1656 1500 1706 1535 τὴν
1720 1501 1751 1527 τὸ

963 1543 1083 1570 τοιοῦτον
1101 1545 1246 1578 μεγαλεῖον
1262 1546 1464 1582 διακονήσασαν
1482 1548 1625 1581 κρείττονα
1639 1549 1750 1575 πάντων

961 1588 1115 1623 ἀνθρώπων
1129 1591 1262 1626 ὑπάρχειν
1274 1592 1315 1623 είς
1333 1592 1519 1628 καθαρότητα,
1541 1593 1579 1624 ὡς
1599 1595 1749 1628 γενησομέ-

961 1643 1021 1670 νην,
1038 1634 1061 1661 ὣ
1082 1635 1129 1662 τοῦ
1151 1635 1303 1671 θαύματοςί
1320 1637 1434 1672 Μητέρα
1455 1637 1543 1664 Θεοῦ·
1565 1638 1619 1664 ἔδει
1639 1640 1749 1672 πάντως

960 1681 1008 1707 καὶ
1019 1681 1082 1712 τοὺς
1092 1680 1195 1716 ταύτης
1205 1683 1372 1717 γεννήτορας
1382 1682 1526 1715 Θεοτόκου,
1538 1682 1576 1714 ὡς
1590 1683 1644 1710 τῶν
1660 1684 1750 1711 ἄλλων

961 1724 1031 1753 εἶναι
1047 1726 1217 1762 κρείττονας,
1241 1727 1309 1754 Θεοῦ
1326 1727 1373 1754 τοῦ
1395 1728 1425 1760 ἐξ
1445 1728 1531 1763 αὐτῆς
1543 1728 1746 1764 τεχθησομένου

960 1773 1149 1808 προπάτορας.
1163 1773 1200 1800 Οὐ
1217 1773 1272 1808 γὰρ
1285 1773 1365 1799 ἄλλου
1380 1773 1471 1808 ὲξῆνῆ
1487 1774 1589 1810 ταύτης
1611 1773 1680 1801 εῐναι
1694 1784 1745 1801 πα-

959 1817 1042 1853 τέρας
1053 1818 1184 1850 ἐκείνους,
1195 1819 1256 1845 οὐδὲ
1273 1819 1376 1854 ταύτην
1389 1819 1478 1847 ἄλλων
1490 1820 1629 1856 θυγατέρα
1641 1820 1658 1856 ἢ
1675 1823 1746 1848 ὲκεί-

959 1872 1012 1890 νων
1027 1864 1225 1899 ὀνομασθῆναι.

994 1947 1020 1974 l’.
1037 1948 1086 1974 Διὰ
1100 1949 1180 1989 τοῦτο
1187 1950 1276 1984 χαρᾶς
1285 1949 1320 1976 τὰ
1334 1949 1480 1984 σύμπαντα
1493 1951 1595 1987 γέγηθε
1614 1954 1745 1990 σήμερον,

958 1994 1005 2020 καὶ
1019 1994 1036 2028 ὴ
1052 1994 1132 2028 φύσις
1142 1995 1221 2030 ἡμῶν
1230 1996 1425 2031 χαριστηρίους
1437 1998 1588 2033 προσφέρει
1604 2000 1695 2033 φωνὰς
1707 2001 1746 2035 τῷ

957 2040 1027 2076 Θεῷ·
1042 2040 1204 2075 Εὺχαριστῶ
1220 2050 1271 2073 σοι,
1283 2042 1417 2076 Δέσποτα,
1430 2042 1557 2077 λέγουσα,
1570 2045 1610 2071 ὅτι
1626 2055 1658 2081 με
1673 2048 1747 2073 στεί-

959 2092 1008 2119 ραν
1023 2082 1106 2112 οὖσαν
1124 2086 1171 2113 καὶ
1195 2086 1291 2122 ἄγονον
1309 2087 1377 2123 πρὸς
1392 2089 1566 2123 τεκνογονὶαν
1581 2090 1722 2128 διήγειρας
1735 2101 1742 2107 ·

956 2129 997 2156 ὅτι
1021 2140 1071 2166 μου
1097 2131 1145 2164 τὰς
1169 2133 1218 2168 τῆς
1242 2134 1432 2168 κατακρίσεως
1454 2135 1577 2168 ἀκάνθας
1602 2137 1744 2173 καθαίρειν

956 2176 1082 2211 ἁπήρξω,
1098 2178 1145 2204 καὶ
1160 2178 1229 2213 πρὸς
1247 2179 1415 2213 φυτουργίαν
1430 2180 1474 2207 διὰ
1490 2181 1539 2216 τῆς
1555 2181 1629 2214 θείας
1645 2184 1744 2219 Ἀννης

956 2223 1063 2250 καὶτοῦ
1086 2224 1213 2260 Ἰωακεὶμ
1233 2225 1438 2260 καθωμάλισας.
1459 2227 1620 2264 Εὐχαριστῶ
1644 2238 1685 2256 σοι
1704 2230 1744 2266 τῷ

957 2269 1133 2297 παιδεύσαντι
1153 2271 1201 2297 καὶ
1221 2272 1302 2298 πάλιν
1318 2273 1589 2310 προσλαμϐανομένῳ
1611 2276 1742 2312 σήμερον.

956 2315 987 2340 Τί
1003 2315 1188 2343 ἀνταποδώσω
1204 2325 1244 2344 σοι
1261 2318 1299 2353 τῷ
1314 2319 1342 2345 ἐν
1356 2319 1457 2352 λύπαις
1471 2329 1505 2355 με
1517 2323 1619 2349 τίκτειν
1633 2324 1678 2350 διὰ
1692 2325 1743 2360 τὴν

955 2362 1111 2396 παράϐασιν
1139 2363 1346 2398 κατακρίναντι,
1363 2366 1410 2391 καὶ
1430 2366 1511 2393 πάλιν
1530 2377 1563 2402 με
1575 2368 1617 2395 διὰ
1629 2370 1741 2397 τοκετοῦ

953 2409 1042 2442 χαρᾶς
1061 2408 1298 2445 εὐαγγελιζομένῳ
1315 2411 1481 2447 μηνύματα;
1495 2413 1552 2440 Νῦν
1568 2414 1596 2447 ἐξ
1615 2415 1682 2450 ἐμοῦ
1693 2417 1741 2452 ρό-

952 2452 998 2479 δον
1013 2454 1150 2487 προφανὲν
1164 2454 1180 2489 ἡ
1204 2454 1333 2490 Μαριὰμ,
1347 2457 1376 2483 ὲν
1392 2457 1471 2491 νηδύϊ
1491 2458 1539 2494 τῆς
1558 2460 1668 2496 Ἀννης,
1690 2463 1741 2498 τὴν

952 2499 985 2525 ὲκ
1004 2499 1107 2533 φθορᾶς
1132 2509 1183 2534 μου
1207 2500 1339 2528 δυσωδίαν
1363 2503 1396 2529 ἐκ
1422 2505 1504 2538 μέσου
1523 2508 1604 2538 ποιεῖ,
1620 2508 1666 2534 καὶ
1689 2509 1740 2542 τὴν

951 2545 1052 2580 ἑαυτῆς
1063 2546 1177 2573 εὐωδίαν
1193 2546 1315 2580 διδοῦσα,
1335 2548 1410 2581 θείας
1423 2550 1611 2585 ἀγαλλιάσεως
1626 2554 1738 2588 μεταδί-

951 2591 1035 2618 δωσι·
1052 2591 1096 2618 διὰ
1116 2593 1247 2626 γυναικὸς
1263 2594 1344 2630 μέχρι
1368 2596 1413 2622 τοῦ
1428 2596 1475 2623 νῦν
1497 2597 1579 2625 ἀθλία
1600 2599 1675 2633 ἐγώ·
1695 2600 1741 2626 διὰ

950 2638 1080 2671 γυναικὸς
1096 2638 1158 2674 ἄρτι
1176 2640 1299 2674 μακαρία
1310 2641 1471 2677 γεγένημαι.
1489 2643 1561 2679 Ὀρῶ
1578 2645 1632 2681 γὰρ
1648 2646 1680 2673 τὰ
1695 2646 1740 2674 διὰ

949 2682 1003 2709 τῶν
1019 2683 1073 2709 σῶν
1085 2684 1149 2719 περὶ
1163 2683 1209 2710 σοῦ
1221 2686 1369 2722 προφητῶν
1387 2688 1590 2723 προλελεγμένα
1601 2690 1738 2719 τελεῖσθαι

949 2729 1100 2764 ἀρχόμενα,
1118 2731 1165 2757 καὶ
1186 2731 1217 2758 τὸ
1231 2732 1307 2764 τέλος
1322 2734 1425 2761 τούτων
1441 2736 1503 2762 ὅσον
1524 2736 1601 2764 οὔπω
1617 2738 1738 2765 κατιδεῖν

949 2775 1149 2810 ἀπεκδέχομαι.

107 2817 229 2844 nuntiata
244 2822 318 2850 sunt,
337 2818 541 2852 perfectumque
555 2825 650 2845 eorum
665 2819 769 2846 exitum
780 2818 892 2853 jatujam
913 2826 955 2846 me
968 2820 1085 2848 visuram
1095 2823 1243 2857 comperio.

142 2873 162 2888 "
183 2873 283 2901 lPetr.
299 2881 331 2909 ιι,
351 2874 397 2902 23.
437 2875 458 2891 ¹⁸
477 2874 528 2903 lsa.
553 2882 627 2908 wa,
643 2874 670 2902 2.
711 2876 731 2892 ’θ
750 2875 851 2906 Psalm.
878 2885 908 2904 cx

961 2898 966 2910 ,
996 2878 1038 2906 19.
1079 2879 1101 2895 ²⁰
1121 2879 1188 2908 lbitl.
1205 2880 1247 2907 18.
