1948 3070
202 161 268 196 1361

662 163 703 193 IN
723 160 1015 194 CONCEPTIONEM
1033 160 1064 190 S.
1082 158 1194 191 ANN/E
1215 157 1365 189 ORATIO.

1757 151 1827 184 1362

237 218 271 246 IA
280 239 288 247 .
301 218 360 246 Νῦν
378 219 396 254 ὴ
414 218 485 246 κατὰ
497 218 543 246 τὸν
562 217 679 245 Ἦσαῒαν
692 217 832 252 nepetae;
844 216 946 249 ἕξουσα
959 224 989 241 σε

1076 214 1120 241 XI.
1138 212 1216 240 Nunc
1234 212 1314 247 Virgo
1329 211 1386 245 illa,
1396 217 1456 246 quae
1474 209 1622 238 secundum
1639 207 1715 235 Isaiae
1731 214 1828 236 oracu-

199 265 246 292 τδν
270 265 445 300 Ἐμμανουήλ
461 266 509 292 καὶ
521 264 648 297 τέξουσα,
662 264 711 299 τῆς
724 265 776 299 γῆς
788 264 898 299 στείρας
910 261 989 297 νηδύϊ

201 310 362 344 φυτεύεται⁸
387 310 435 337 καὶ
456 311 473 346 ὴ
497 310 586 345 κούφη
602 309 702 344 νεφέλη
727 308 883 335 συνίσταται
908 307 957 333 καὶ
971 307 989 343 ἡ

202 356 298 391 ῥάϐδος
313 356 446 392 ῥιζοῦται,
469 356 513 390 ἐφ’
562 355 794 392 στηριχθήσομαι.
807 351 865 379 Νῦν
882 353 899 388 ἡ
917 353 989 380 κατὰ

201 401 334 432 ἀνατολὰς
360 401 432 428 κατὰ
447 401 494 428 τὸν
514 400 647 436 ἰεζεκιὴλ
669 400 806 435 βλέπουσα
834 399 918 434 πύλη,
941 399 990 426 καὶ

202 447 244 473 σοί⁵
261 447 334 482 μόνῳ
348 447 506 483 τηρουμένη
526 447 596 482 πρὸς
608 447 721 479 εἴσοδον,
733 445 987 478 κατασκευάζεται·

201 493 263 528 ἄρτι
275 493 306 520 τὸ
321 493 393 520 κατὰ
411 495 457 520 τὸν
470 493 570 528 Δανιὴλ
583 494 647 529 ὅρος
662 493 821 527 αὐξάνεται,
839 491 870 524 ἐξ
884 487 914 518 οὗ
927 491 959 518 σὺ
975 491 990 517 ὁ

201 539 350 571 ἀλάξιυτος
366 539 439 571 λίθος
459 539 585 575 τμηθεὶς,
601 540 692 570 πάσας
705 539 755 570 τὰς
771 537 935 568 ἀντιπάλους
945 544 990 575 σοι

203 584 343 620 βασιλείας
358 585 390 611 ἐκ
403 572 488 619 μέσου
507 572 634 620 ποιήσας,
650 584 700 619 τὴν
717 583 767 619 σὴν
785 582 894 609 αἰώνιον
906 572 990 618 δήλην

202 631 388 667 ἀπεργάσειας
406 631 518 658 ἅπασιν.
535 631 658 667 Σήμερον
680 630 711 657 τὸ
733 630 806 665 ὅρος.
825 629 842 656 ὃ
863 628 991 663 εὐδοκήο

202 684 268 710 σεις
278 678 354 705 κατὰ
369 677 423 704 τὸν
437 677 519 705 Δαϐὶδ
532 676 693 710 κατοικεῖν,
708 677 737 704 ἐν
752 676 852 711 γαστρὶ
865 675 916 710 τῆς
929 675 991 701 Ἀν-

201 731 252 758 νης
263 723 419 758 ἐπαίρεται,
435 724 484 750 καὶ
492 722 541 759 τὴν
551 722 698 758 Δαὸιδικὴν
708 722 795 757 φυλὴν
804 720 992 756 αὐξανομένην

203 768 393 804 προδείκνυσιν
409 769 512 796 ἅπασιν
524 776 531 782 ·
553 768 676 804 σήμερον
689 767 761 794 κατὰ
779 767 825 793 τὸν
841 767 928 801 μέγαν
940 774 993 792 πα-

202 814 339 849 τριάρχην
358 814 427 849 πρὸς
442 815 557 850 οὐρανὸν
571 814 626 841 ἀπὸ
639 813 693 848 γῆς
709 813 727 849 ἡ
740 812 843 848 κλίμαξ
865 811 992 847 στηρίζε-

203 867 259 893 ται,
272 860 307 887 δι’
318 858 353 897 ἦς
369 860 495 897 ἑνωθήσῃ
513 869 559 896 μοι
582 859 715 892 καταϐὰς,
732 859 781 886 καὶ
799 859 867 894 πρὸς
878 859 923 885 τὸν
938 866 992 884 πα-

203 905 299 941 τρικόν
314 914 348 941 με
367 906 464 942 θρόνον
481 906 659 939 άναὸιῦάσεις
671 905 720 941 τὴν
734 905 884 932 ἔκπτωτον.

241 1032 293 1060 1Β’.
308 1032 437 1069 Χαίρετε,
456 1034 516 1068 μετ’
527 1033 595 1068 ἐμοῦ
611 1033 744 1068 σήμερον,
762 1033 810 1059 καὶ
829 1031 879 1067 τῆς
894 1032 994 1068 Ἀννης

203 1078 255 1114 τῆς
268 1079 380 1115 στείρας
397 1079 504 1106 καὶτοῦ
521 1078 641 1114 μεγάλου
663 1079 793 1113 Ἰωακεὶμ
806 1078 831 1104 οί
854 1079 995 1112 προπάτο-

205 1132 269 1159 ρες·
286 1125 304 1160 ή
320 1124 398 1160 ὑμῶν
412 1124 563 1159 ἀνάκλησις
589 1124 640 1159 ἤδη
663 1123 779 1159 ἤγγικεν
791 1132 799 1139 ·
815 1123 832 1158 ἡ
852 1123 931 1158 ὑμῶν
949 1122 996 1149 λύ-

202 1177 306 1204 τρωσις
334 1169 580 1204 πραγματεύεται·
609 1169 626 1204 ἡ
655 1168 727 1203 ὑμᾶς
752 1167 796 1195 διὰ
821 1167 869 1194 τοῦ
896 1169 995 1203 έαυτῆς

204 1213 317 1240 τοκετοῦ
332 1214 381 1250 τῆς
402 1215 512 1250 μακρᾶς
536 1213 687 1248 καταδίκης
708 1213 843 1247 ὲξάξουσα
861 1213 994 1245 κτίζεται.

204 1261 335 1296 Χαίρετε,
349 1261 470 1293 ἅπαντες
485 1261 587 1288 δίκαιοι
597 1269 603 1276 ·
622 1260 744 1296 χαίρετε,
765 1260 935 1296 πατριάρχαι
950 1261 997 1287 καὶ

204 1306 344 1342 προφῆται
364 1306 485 1338 ἅπαντες
497 1315 504 1321 ⁸
518 1307 549 1333 τὸ
563 1306 610 1333 τοῦ
632 1306 730 1340 γένους
751 1306 832 1338 ἄνθος
848 1306 995 1338 ἀνέτειλεν,

204 1352 259 1379 τῶν
280 1352 424 1389 ὑμετέρων
447 1352 626 1388 προρρήσεων
641 1353 658 1388 ή
683 1352 798 1384 ἔκϐασις
820 1352 952 1388 ἤγγικεν·
968 1352 998 1379 αι

204 1399 259 1425 τῶν
282 1399 456 1434 ἐπαγγελιῶν
477 1398 643 1435 προθεσμίαι
669 1399 878 1435 πεπλήρωνται·
903 1399 932 1425 αί
948 1408 998 1425 πο-

205 1444 333 1481 λυμερῶς
353 1446 401 1472 καὶ
415 1445 594 1481 πολυτρόπως
616 1445 681 1480 ὑμῖν
696 1445 729 1472 ἐκ
749 1444 818 1471 Θεοῦ
838 1444 998 1479 λαληθεῖσαι

206 1490 370 1526 ὑποσχέσεις
392 1491 462 1526 πρὸς
478 1491 507 1517 τὸ
523 1491 611 1526 πέρας
631 1491 822 1526 κατήντησαν·
841 1491 892 1517 οὐχ
909 1490 949 1517 ἔτι
969 1491 998 1517 ὲν

205 1534 297 1562 ἐλπίσι
309 1534 344 1562 τὰ
358 1535 573 1570 προσδεχόμενα,
584 1535 682 1566 αὑταῖς
694 1535 753 1566 ταῖς
768 1534 862 1569 ὕψεσιν
878 1534 915 1566 ὠς
927 1534 998 1570 ὁρώ-

207 1589 289 1617 μενα.
299 1580 357 1608 Νῦν
370 1568 466 1617 χαίρει
471 1568 523 1608 καὶ
533 1581 550 1616 ἡ
563 1581 691 1616 οὗράνιος
702 1580 756 1607 τῶν
771 1568 858 1615 ἁγίων
873 1568 998 1615 ἀγγέλων
1010 1568 1033 1598 c

207 1625 323 1662 πληθύς·
339 1626 393 1652 εἰσὶ
408 1625 463 1661 γὰρ
481 1625 542 1652 λίαν
555 1624 743 1660 φιλάνθρωποι
758 1624 804 1651 τὸν
820 1624 885 1650 ἴδιον
898 1623 998 1650 Δεσπό-

207 1681 257 1707 την
283 1671 461 1707 μιμούμενοι.
476 1671 511 1698 Et
533 1669 589 1705 γὰρ
602 1670 653 1697 ἐπὶ
672 1669 718 1696 ἐνί
732 1668 895 1704 ἁμαρτωλῷ
906 1677 997 1704 μετα-

207 1717 330 1744 νοοῦντι
343 1717 495 1752 χαίρουσι,
508 1716 568 1748 πῶς
582 1715 634 1751 τῆς
650 1715 761 1743 πάντων
779 1715 859 1750 ἡμῶν
878 1715 998 1750 ἀνακλή-

209 1771 280 1795 σεως
294 1762 326 1789 οὐ
343 1763 497 1798 χαρήσουσι
519 1761 554 1788 τά
566 1761 699 1796 προοίμια
719 1761 884 1796 βλέποντεςς
899 1761 957 1792 πῶς
969 1761 1000 1787 τὸ

209 1807 408 1843 καθαρώτατον
429 1806 476 1833 τοῦ
488 1806 626 1833 Δεσπάτου
647 1809 694 1833 καὶ
714 1807 913 1842 Παμσασιλέως
932 1807 1000 1841 Χρι-

210 1853 274 1882 στοῦ
298 1853 443 1889 βλέποντες
460 1852 627 1887 ἀνάκτορον,
642 1851 693 1878 οὐκ
715 1852 927 1886 ἀγαλλιάσονται
950 1860 1001 1880 κα-

210 1897 447 1932 τασκευαζόμενον
459 1905 467 1929 ;
480 1896 538 1928 πῶς
547 1896 594 1922 τὸν
605 1895 733 1931 φραγμὸν
740 1896 858 1932 ὁρῶντες
869 1896 1000 1931 λυόμενον

210 1945 258 1972 καὶ
274 1944 314 1975 είς
327 1944 357 1970 ἓν
370 1943 404 1970 τὰ
418 1942 553 1969 διεστῶτα
573 1941 774 1977 συνερχόμενα,
789 1941 837 1968 καὶ
855 1941 921 1976 μίαν
937 1943 1000 1968 ποί-

211 1999 282 2026 μνην
297 1989 420 2022 ἅπαντας
433 1988 594 2024 γινομένους
613 1987 744 2024 Χριστοῦ,
760 1988 810 2014 οὐκ
829 1987 1002 2023 εὐφροσύνης

210 2036 258 2064 καὶ
271 2035 360 2072 χαρᾶς
378 2033 449 2070 ὑπὲρ
462 2034 541 2068 λόγον
559 2034 608 2060 καὶ
621 2032 685 2060 νοῦν
703 2032 948 2069 πληρωθήσονται;

245 2144 296 2172 ll".
307 2144 437 2180 Χαίρετε,
450 2143 497 2171 καὶ
508 2143 603 2179 αὑτὴή
619 2142 738 2177 συζυγία
747 2143 764 2178 ἠ
777 2142 1000 2178 πανθαύμαστος,

210 2191 228 2227 ἡ
242 2191 310 2218 πᾶσι
337 2191 458 2226 σήμερον
470 2189 520 2226 τὴν
544 2190 632 2225 χαρὰν
648 2189 853 2225 προξενήσασα.
876 2189 1000 2224 Χαίροις,

1039 261 1095 288 lum
1108 265 1134 287 te
1148 258 1308 286 Emmanuel
1327 259 1354 286 in
1371 263 1449 286 utero
1470 255 1582 284 habebit
1596 258 1624 282 et
1644 253 1733 289 pariet
1747 253 1782 285 ’¹,
1800 253 1827 279 in

1040 311 1120 335 terra:
1147 305 1251 334 sterilis
1270 304 1376 340 (Annaz)
1399 303 1461 330 sinu
1487 302 1635 337 plantatur,
1651 303 1679 327 et
1692 299 1760 327 levis
1778 306 1829 326 nn-

1039 355 1089 382 bes
1100 354 1122 369 ’²
1138 353 1281 384 formatur,
1299 356 1327 379 et
1346 350 1453 377 radices
1468 348 1524 383 agit
1543 348 1619 383 virga
1640 346 1664 363 “
1683 346 1726 373 cui
1755 345 1828 372 inui-

1041 405 1094 428 tar.
1113 399 1190 426 Nunc
1201 397 1354 425 exstruitur
1364 400 1442 431 porta
1455 395 1499 422 illa
1512 401 1572 429 quae
1587 392 1738 420 secundum
1761 391 1829 417 Eze-

1040 446 1136 474 chielis
1150 445 1289 474 oraculum
1305 443 1338 471 ad
1351 442 1483 470 orientem
1504 439 1617 474 respicit
1641 438 1675 470 ἰ,
1699 443 1727 464 et
1751 435 1829 470 cujus

1041 493 1088 520 tibi
1102 492 1147 519 uni
1175 495 1301 519 servatur
1326 489 1477 523 ingressus.
1504 485 1581 512 Nunc
1607 483 1732 518 exsurgit
1751 491 1830 510 mons

1040 539 1086 566 ille
1103 546 1119 565 a
1134 537 1244 565 Daniele
1257 535 1389 571 praevisus
1405 533 1440 566 ⁸⁸,
1455 540 1470 559 e
1481 539 1535 566 quo
1561 530 1687 564 delapstts
1698 549 1705 562 ,
1723 532 1751 555 tu
1776 536 1829 557 non

1041 586 1150 613 excisus
1165 583 1246 618 lapis,
1260 580 1395 609 universis
1407 579 1455 606 tibi
1477 576 1693 612 repugnantibus
1715 574 1804 609 regnis
1815 582 1831 600 c

1042 630 1131 658 medio
1161 628 1294 659 sublatis,
1321 630 1451 653 aeternum
1478 629 1590 658 regnum
1606 625 1680 648 tuum
1706 618 1831 646 omnibus

1042 675 1214 702 manifestum
1232 677 1367 701 exstrues.
1382 669 1467 696 Hodie
1478 676 1554 695 mons
1568 666 1623 699 ille,
1638 667 1666 693 in
1682 673 1743 700 quo,
1753 665 1831 699 juxta

1043 720 1152 749 Davidis
1176 719 1346 749 vaticinium,
1366 716 1413 743 tibi
1439 713 1628 749 beneplacitum
1657 712 1706 739 erit
1733 710 1834 737 inhabi-

1043 772 1099 794 tare
1110 766 1144 798 “,
1158 765 1184 792 in
1200 765 1286 792 Anna:
1301 768 1379 790 utero
1393 761 1538 793 attollitur,
1553 767 1585 786 ac
1596 758 1730 785 Davidicte
1747 757 1833 784 tribus

1044 820 1141 841 nomen
1154 818 1244 847 usque
1261 809 1419 845 prteclarius
1436 807 1506 842 apud
1528 812 1624 834 omnes
1641 804 1732 831 ellicit.
1749 802 1834 829 Hodie

1045 859 1193 887 secundum
1221 863 1349 891 magnum
1377 854 1453 881 illum
1490 851 1673 888 patriarcham
1705 848 1788 877 Jacob
1818 855 1834 875 ο

1045 909 1116 932 terra
1134 904 1167 930 ad
1184 903 1271 930 cmlos
1287 901 1361 929 scala
1377 900 1501 926 ﬁrmatur
1509 898 1544 931 ’⁷,
1556 905 1603 933 per
1620 904 1701 931 quant
1718 895 1834 922 descen-

1044 951 1111 978 dens
1127 949 1191 976 mihi
1206 949 1310 976 unieris
1335 952 1363 975 et
1375 953 1418 974 me
1431 946 1535 981 lapsam
1547 944 1580 971 ad
1596 946 1739 977 paternum
1753 940 1832 967 thro-

1044 1003 1108 1023 num
1126 995 1270 1030 provehes.

1079 1041 1136 1069 Xll.
1152 1041 1324 1076 Congaudete
1334 1046 1405 1066 nunc
1413 1043 1530 1068 mecum,
1543 1042 1590 1062 vos
1601 1040 1719 1069 quoque,
1728 1039 1745 1059 ο
1755 1030 1836 1059 steri-

1044 1086 1079 1114 lis
1094 1087 1178 1114 Annm
1193 1089 1220 1114 et
1249 1085 1338 1120 magni
1356 1083 1479 1112 Joachim
1500 1079 1700 1115 progenitores.
1728 1077 1835 1110 Appro-

1045 1131 1254 1167 pinquavitjam
1273 1128 1436 1158 restauratio
1452 1131 1541 1154 vestra
1557 1134 1564 1152 :
1582 1122 1731 1157 redemptio
1747 1126 1836 1147 vestra

1043 1177 1099 1212 jam
1112 1178 1144 1204 ad
1159 1184 1228 1212 opus
1242 1175 1383 1203 deducitur
1403 1182 1410 1200 :
1426 1173 1481 1208 jam
1499 1174 1607 1198 creatur
1620 1176 1666 1199 ea,
1680 1173 1740 1202 qum
1757 1170 1836 1198 partu

1046 1231 1096 1250 suo
1113 1230 1127 1249 a
1155 1211 1283 1250 diuturna
1306 1227 1354 1247 vos
1378 1217 1552 1246 damnatione
1570 1214 1677 1249 eripiet.
1705 1211 1837 1242 Gaudete,

1045 1268 1110 1304 justi
1125 1274 1221 1295 omnes
1238 1275 1245 1294 :
1273 1265 1397 1300 gaudete,
1412 1261 1530 1290 universi
1549 1258 1710 1295 patriarcha:
1731 1264 1763 1283 ac
1773 1263 1838 1290 pro-

1047 1300 1134 1347 phetae
1149 1311 1274 1346 :generis
1287 1309 1371 1337 nostri
1392 1308 1442 1335 llos
1459 1311 1536 1334 ortus
1552 1309 1594 1333 est
1609 1313 1616 1331 :
1635 1308 1717 1338 prope
1730 1300 1839 1335 estive-

1047 1363 1166 1385 Strarum
1182 1354 1503 1391 praedictionumexitus:
1517 1350 1666 1387 praestituta
1680 1346 1838 1383 promissio-

1048 1411 1112 1431 num
1129 1408 1250 1437 tempora
1265 1390 1322 1436 jam
1338 1399 1447 1434 impleta
1469 1403 1533 1426 sunt
1550 1406 1556 1424 :
1573 1402 1632 1431 quae
1661 1392 1838 1421 multifariam

1049 1448 1194 1483 multisque
1211 1447 1298 1474 modis
1315 1445 1362 1473 Dei
1383 1451 1447 1471 voee
1465 1443 1543 1469 nobis
1560 1439 1692 1475 promissa
1710 1442 1782 1469 sunt,
1804 1437 1839 1464 ad

1048 1495 1151 1523 exitum
1164 1500 1243 1521 suum
1262 1491 1317 1526 jam
1328 1491 1520 1518 adventarunl.
1544 1486 1620 1513 Haud
1631 1483 1747 1519 amplius
1766 1489 1841 1510 mera

1049 1547 1097 1575 spe
1111 1539 1295 1569 continentur,
1325 1542 1385 1570 quae
1408 1533 1652 1567 exspectabantur;
1682 1529 1729 1555 sed
1750 1527 1839 1554 oculis

1052 1572 1118 1620 ipsis
1128 1584 1184 1619 jatn
1203 1589 1286 1618 prope
1294 1580 1485 1615 subjiciuntur.
1500 1577 1618 1604 Laetatur
1636 1581 1706 1601 mmc
1721 1577 1748 1600 et
1758 1572 1840 1599 cmle-

1052 1619 1104 1659 stis
1121 1634 1280 1658 sanctorum
1302 1627 1459 1662 angelorum
1489 1621 1644 1652 multitudo,
1662 1619 1761 1654 quippe
1793 1619 1840 1653 qui

1052 1677 1196 1705 Dominum
1208 1682 1286 1702 suum
1303 1670 1606 1703 imitantes,humanum
1622 1673 1707 1701 genus
1722 1665 1843 1699 impense

1053 1722 1177 1757 diligunt.
1191 1720 1263 1748 Sane
1278 1719 1300 1746 si
1313 1718 1429 1754 gaudent
1448 1721 1527 1748 super
1540 1721 1592 1740 uno
1606 1716 1742 1746 peccatore
1761 1710 1844 1744 panis

1053 1769 1163 1796 tentiam
1176 1771 1267 1802 agente
1281 1765 1320 1798 ⁸⁸,
1335 1762 1470 1800 quomodo
1487 1768 1539 1788 non
1555 1759 1709 1794 gaudebunt
1719 1779 1726 1790 ,
1739 1760 1844 1783 restau-

1053 1814 1169 1842 rationis
1183 1811 1302 1840 omnium
1319 1814 1440 1837 nostrum
1450 1806 1527 1834 initia
1537 1803 1691 1832 intuentes?
1704 1802 1845 1835 Quomodo

1054 1867 1107 1888 non
1127 1858 1314 1888 exsultabunt,
1332 1855 1507 1890 purissimutn
1523 1850 1629 1880 Domini
1647 1857 1679 1876 ac
1689 1848 1770 1883 Regis
1784 1854 1845 1874 om-

1053 1905 1130 1933 nium
1151 1903 1251 1932 Gltristi
1276 1901 1406 1937 palatium
1429 1898 1521 1934 parari
1536 1898 1659 1926 videntes
1680 1893 1846 1935 iQuomodo

1052 1951 1108 1986 jam
1130 1951 1280 1984 disruptam
1317 1951 1460 1986 cernentes
1487 1951 1591 1979 sepem,
1617 1934 1698 1976 atque
1724 1940 1791 1967 adeo
1818 1939 1845 1965 in

1055 2003 1138 2024 unum
1155 1995 1228 2023 coire
1241 2001 1300 2028 quae
1314 1993 1407 2020 dissita
1423 1995 1514 2024 erant,
1526 1994 1552 2017 et
1567 1989 1709 2016 universos
1722 1986 1747 2012 in
1763 1992 1844 2011 uumn

1054 2041 1155 2069 Christi
1172 2047 1279 2075 gregem
1307 2037 1463 2070 convenire,
1487 2035 1577 2063 lzetitia
1597 2038 1624 2060 et
1647 2031 1745 2067 gaudio
1765 2037 1847 2065 supra

1055 2095 1135 2123 quam
1151 2086 1202 2114 diti
1221 2085 1390 2121 cogitarique
1406 2082 1492 2118 possit
1510 2088 1563 2108 non
1580 2076 1773 2114 replebuntur?

1090 2148 1159 2177 Xlll.
1173 2149 1294 2177 Gaudete
1313 2152 1340 2174 et
1353 2153 1402 2174 vos
1413 2165 1420 2178 ,
1436 2146 1565 2179 conjuges
1590 2142 1670 2178 plane
1682 2140 1848 2172 admirandi;

1056 2197 1101 2232 qui
1124 2194 1261 2222 universis
1281 2193 1410 2220 hodierna
1426 2191 1469 2218 die
1492 2189 1582 2225 gaudii
1599 2192 1725 2215 auctores
1740 2186 1847 2213 exstiti-

211 2238 310 2270 ’Δννα,
324 2237 406 2273 χάρις
417 2238 434 2272 ὴ
446 2237 539 2268 ἔνθεος
549 2244 556 2252 ·
575 2237 694 2271 χαίροις,
708 2236 725 2271 ή
741 2235 847 2268 στείρα,
862 2236 878 2271 ή
893 2236 997 2268 πάντως

1055 2231 1115 2270 stis.
1131 2242 1224 2270 Gaude
1235 2246 1273 2271 tu,
1289 2240 1377 2271 Anna,
1393 2237 1469 2271 cujus
1482 2243 1579 2264 nomen
1591 2233 1726 2261 caelestem
1739 2231 1848 2266 praefert

209 2283 241 2310 τὸ
255 2283 334 2318 γένος
347 2283 381 2318 τῇ
395 2282 523 2318 εὐπαιδίᾳ
543 2283 695 2318 νικήσασα”
720 2281 838 2317 χαίροις,
853 2283 869 2317 ή
888 2281 1003 2318 ἄνικμος

210 2329 257 2364 γῆ,
280 2329 327 2356 καὶ
353 2329 399 2356 τὸν
422 2328 469 2356 τοῦ
487 2329 555 2356 Θεοῦ
580 2328 747 2364 παράδεισον
771 2328 1001 2364 καταρδεύσασασ

211 2375 331 2411 χαίροις,
355 2375 373 2410 ή
404 2374 491 2407 ἄπαις
506 2374 550 2401 διὰ
572 2375 624 2409 τὴν
639 2374 782 2410 πείρωσιν
805 2374 852 2400 καὶ
868 2374 917 2400 τοῦ
934 2374 1001 2401 Θεοῦ

210 2422 261 2457 τὴν
271 2421 388 2457 Μητέρα
406 2421 599 2457 βλαστήσασαυ
610 2420 729 2456 χαίροις,
746 2421 763 2456 ἡ
786 2420 956 2448 συλλαϐοῦσα
972 2421 1002 2447 ὲν

211 2469 313 2504 γαστρὶ
324 2469 375 2504 τὴν
389 2468 573 2504 συλλήψεσθαι
586 2468 738 2503 μέλλουσαν
749 2468 795 2494 τὸν
812 2467 963 2503 κατέχοντα
972 2467 1003 2494 τὸ

212 2517 268 2543 πᾶν
283 2517 316 2551 τῇ
334 2515 415 2551 δρακι
427 2522 436 2531 ·
449 2516 541 2550 χαῖρε,
556 2514 605 2549 τὴν
615 2514 663 2541 τοῦ
680 2514 797 2548 οὐρανοῦ
809 2514 857 2542 καὶ
869 2514 921 2549 γῆς
935 2514 1004 2541 πλα-

211 2562 330 2597 τυτέραν
349 2562 378 2588 ὲν
401 2560 500 2596 γαστρί
526 2569 572 2587 σου
604 2561 771 2596 χωρήσασα·
795 2562 884 2596 χαῖρε,
908 2559 1003 2587 πασῶν

213 2608 455 2644 ὑπερανεπηκνῖα
477 2606 616 2643 μητέρων,
630 2606 697 2642 άτερ
710 2607 760 2643 τῆς
776 2607 826 2642 σῆς
846 2605 982 2641 Θυγατρός
993 2614 1002 2622 ο

213 2656 290 2692 παρὰ
304 2655 407 2691 ταύτης
423 2655 478 2690 γὰρ
495 2654 581 2690 μόνης
601 2654 636 2681 τὰ
656 2653 752 2688 πρῶτα
773 2654 868 2689 φέρειν
882 2652 1004 2680 κεκώλυ-

215 2712 260 2730 σαι
271 2711 278 2718 ·
299 2703 388 2739 χαῖρε,
399 2701 449 2737 τὴν
461 2701 546 2732 ὅντως
561 2700 650 2736 χαρὰν
662 2699 703 2734 τῷ
715 2700 844 2735 ἡμετέρῳ
859 2700 932 2734 γένει
942 2708 1004 2734 γεν-

215 2752 339 2786 νήσασα·
358 2749 474 2786 χαίροις,
486 2748 503 2784 ἠ
515 2749 543 2775 ὲν
559 2748 635 2783 νόμῳ
649 2747 741 2778 καλῶς
756 2747 795 2781 τῷ
811 2746 872 2781 Θεῷ
888 2747 1006 2782 λειτουρ-

1057 2288 1170 2323 gratiam
1193 2286 1313 2322 :gaude,
1332 2293 1349 2312 ο
1368 2283 1478 2314 sterilis,
1496 2289 1556 2317 qua:
1577 2280 1736 2307 universum
1761 2285 1848 2312 genus

1056 2322 1221 2361 i'ecunditale
1248 2331 1325 2365 longe
1350 2329 1451 2356 vicisti.
1471 2327 1584 2359 Gaude,
1607 2324 1683 2352 arida
1699 2322 1791 2354 tellus,
1819 2326 1848 2349 at

1055 2387 1115 2415 qua:
1132 2379 1219 2414 ipsum
1240 2377 1287 2405 Dei
1314 2375 1470 2412 paradisum
1496 2371 1625 2407 irrigasti.
1648 2368 1752 2401 Gaude,
1774 2375 1846 2402 qua},

1057 2427 1172 2454 ﬁliorum
1188 2431 1285 2459 expers
1310 2423 1346 2450 ob
1368 2421 1539 2450 sterilitatem
1567 2425 1628 2446 cum
1659 2423 1746 2448 esses,
1776 2420 1848 2441 nune

1058 2469 1174 2504 tandem:
1185 2468 1233 2495 Dei
1249 2472 1362 2494 matretn
1377 2463 1600 2500 progerminasti.
1613 2462 1717 2493 Gaude,
1740 2467 1800 2494 qua:
1819 2459 1846 2487 in

1057 2519 1135 2541 utero
1155 2520 1214 2540 eam
1235 2511 1393 2546 concepisti,
1411 2517 1470 2545 qua:
1493 2509 1545 2536 hoc
1573 2508 1727 2534 universum
1747 2502 1847 2538 pugillo

1056 2560 1241 2587 continentem
1262 2562 1429 2592 conceptum
1448 2562 1516 2583 erat.
1537 2553 1641 2583 Gaude,
1660 2559 1720 2586 quae
1738 2549 1846 2585 (tiliam)

1057 2607 1127 2634 cmlo
1141 2614 1174 2633 ac
1205 2610 1278 2633 terra
1308 2603 1467 2639 ampliorem
1494 2605 1572 2628 utero
1604 2605 1650 2627 tuo
1675 2595 1846 2625 continuisti.

1057 2651 1162 2685 Gaude,
1179 2659 1240 2687 quae
1258 2650 1391 2678 matribus
1406 2647 1534 2676 omnibus
1549 2644 1734 2680 supercmines
1750 2646 1848 2678 praeter

1057 2698 1139 2726 ﬁliam
1161 2704 1252 2728 tuam;
1269 2698 1326 2724 haec
1343 2697 1415 2724 enini
1437 2702 1489 2721 una
1513 2692 1646 2727 prohibet,
1676 2697 1710 2717 ne
1737 2695 1850 2723 prorsus

1058 2746 1130 2774 inter
1153 2752 1249 2774 omnes
1274 2744 1423 2780 principem
1440 2741 1526 2768 locum
1543 2744 1644 2766 teneas.
1666 2736 1770 2768 Gaude,
1788 2743 1848 2770 qua:

253 2818 276 2834 "
295 2819 348 2845 lsa.
366 2826 416 2850 vn,
440 2817 484 2844 Η.
521 2817 544 2832 ¹¹
565 2816 616 2844 lsa.
631 2823 688 2849 ιιι,
713 2815 738 2841 1.
756 2815 878 2848 ῡοίροτξε
902 2815 1053 2850 symbolum
1085 2815 1137 2844 SS.
1155 2815 1253 2848 Patres
1277 2814 1405 2850 viderunt
1420 2811 1447 2838 in
1461 2801 1601 2850 numina,
1618 2807 1652 2850 de
1665 2814 1716 2842 qua
1739 2805 1845 2850 lea-ias‘:

218 2853 286 2906 ἔτερ
305 2854 432 2880 Dominus
447 2853 567 2880 ascendet
594 2859 673 2884 super
692 2851 784 2876 nubem
801 2850 895 2882 levent,
914 2854 938 2876 et
956 2850 1121 2885 ingredietur
1133 2851 1291 2886 /Egyptum.

285 2896 317 2906 ιιη
343 2897 361 2906 η
387 2889 421 2906 RL
472 2889 494 2904 III
512 2887 570 2906 ΙνςιιΙ
597 2893 666 2906 ιννιι
700 2885 715 2906 Ἰ
769 2885 791 2901 ¹⁷
812 2884 878 2906 Cnn.
897 2893 980 2906 exvlu
1010 2886 1051 2906 l9,
1122 2887 1144 2903 ’θ
1162 2886 1216 2906 l.l|l‘
1242 2893 1282 2906 IV,

260 2885 329 2918 Dan.
343 2897 374 2924 II,
387 2889 433 2916 54.
472 2889 494 2904 "
510 2887 580 2915 l'sal.
597 2893 680 2919 LXVII,
700 2885 727 2912 7.
769 2885 791 2901 ¹⁷
812 2884 879 2912 Gen.
896 2884 992 2919 nuit,
1010 2886 1053 2913 1‘2.

1329 2849 1393 2875 "Is.
1411 2855 1449 2879 tu,
1470 2846 1494 2874 1.
1533 2844 1557 2860 ’⁵
1577 2841 1762 2875 Ειοείιζιιιν,
1778 2841 1802 2875 ι,
1818 2841 1846 2869 2.

1122 2887 1144 2903 ’⁸
1160 2884 1226 2914 Luc.
1242 2893 1286 2920 xv,
1303 2884 1345 2912 l0.
