1932 3067
133 167 202 221 ηδε

692 197 807 228 PETRI
824 196 1013 227 ARGORUM
1031 194 1203 241 EPLSCOPI

1688 190 1758 225 1364

132 242 225 280 generi
238 247 332 272 nostro
351 252 446 273 verum
461 245 574 281 genuisti
599 245 736 281 gaudium.
755 246 844 279 Salve,
859 254 919 281 qua:

974 248 1090 282 γήσασα,
1106 247 1153 273 καὶ
1173 246 1224 281 τὴν
1244 245 1324 281 χάριν
1342 247 1381 277 ὡς
1393 245 1474 282 χάρις
1493 245 1755 280 ὰντιπαρεισάεασα.

132 289 160 316 in
178 289 236 324 lege
246 289 297 318 rite
317 290 372 319 Deo
389 291 536 324 servivisti,
562 297 589 319 et
609 292 666 326 ipsa
683 292 721 319 uti
735 298 749 318 a
763 292 848 327 gratia
869 299 920 320 no~

131 342 193 363 men
209 335 324 369 habens,
340 337 379 365 sic
396 337 514 365 vicissim
537 337 651 372 gratiam
677 337 756 365 nobis
777 337 918 366 induxisti.

131 384 223 416 Salve,
241 391 258 412 ο
273 382 358 410 Mater
377 383 472 410 Matris
499 383 616 416 Domini,
635 388 662 411 et
673 383 775 412 Christi
796 384 867 417 avia,
892 388 921 412 et

131 426 253 457 omniurn
277 433 394 456 matrum
428 435 629 457 ornamentum.
657 429 748 462 Salve,
763 437 823 464 quae
841 436 920 457 sene-

133 475 215 502 ctutis
232 475 338 509 pondus
356 478 382 501 et
405 474 557 503 sterilitatis
578 482 722 502 mmrorem
739 475 849 508 exuisti,
870 482 919 503 no-

131 527 247 554 vamque
263 519 360 547 stolam
375 519 504 548 divinitus
522 525 676 548 contextam
699 528 747 555 per
767 525 842 548 tuum
858 527 921 555 par-

133 571 189 592 tum
200 564 322 592 induisti.

167 609 240 638 XIV.
254 609 295 637 Tu
306 617 414 645 quoque
425 610 510 645 salve,
528 618 544 639 ο
557 610 691 645 Joachim,
711 611 848 647 iustorum
861 618 921 639 om-

133 656 209 684 nium
223 655 358 691 gloriatioI
371 660 399 683 et
409 660 515 690 patrum
534 656 670 692 singulare
684 657 778 685 decus.
794 656 884 689 Salve,
903 663 921 684 ο

132 701 245 730 Genitor
257 701 404 731 Genitricis
420 702 478 734 Dei,
494 706 520 729 et
538 701 585 729 Dei
605 702 691 737 ipsius
701 710 768 730 avus
783 702 920 737 augustis-

133 749 228 777 simus.
241 748 332 783 Salve,
346 749 393 784 qui
409 749 506 784 dignus
522 748 634 777 eﬁ'ectus
651 756 693 781 es,
714 753 743 776 ut
767 756 827 776 eam
850 748 921 777 ulnis

134 794 188 822 tuis
199 794 428 830 complectereris,
440 803 500 830 quae
513 794 824 830 incomprehensibilem,
837 794 919 822 Deum

134 840 256 875 quippe,
276 840 348 868 ulnis
375 841 433 868 suis
451 840 667 875 comprehendit.
687 839 779 872 Salve,
799 840 844 874 qui
870 847 919 875 per

135 884 217 912 ﬁliam
236 889 308 912 tuam
325 886 358 913 ad
372 885 500 920 aequalem
517 893 577 913 cum
592 886 695 920 angelis
714 886 843 913 honorem
857 893 919 913 eve-

134 934 242 958 ctuses.
256 930 347 963 Salve,
363 932 408 966 qui
422 936 512 966 patres
525 939 622 959 omnes
641 936 763 959 terrenos
771 932 919 960 antecellis.

135 975 227 1009 Salve,
243 976 289 1011 qui
313 977 450 1004 diuturnis
479 976 513 1004 ad
539 976 623 1004 Deum
651 977 777 1010 precibus
801 976 920 1004 sobolem

134 1026 297 1049 cnnsecutus
319 1028 359 1054 es,
375 1029 435 1057 quae
453 1029 507 1049 uno
532 1026 646 1056 excepto
660 1021 721 1056 ejus
736 1021 804 1050 Filio
819 1029 852 1050 ac
867 1022 921 1049 Deo

132 1067 252 1094 sobolem
271 1074 414 1094 omnem...
431 1067 648 1102 supercxcelluit.
664 1067 755 1100 Salve,
775 1068 820 1102 qui
837 1072 865 1095 et
876 1075 920 1095 se-

133 1112 251 1139 cundum
267 1111 354 1147 legem
375 1111 556 1147 iustissimus,
569 1116 594 1138 et
611 1119 659 1146 per
675 1112 790 1146 gratiam
803 1131 811 1144 ,
828 1116 922 1146 utpote

132 1157 212 1191 hujus
225 1157 360 1191 primitias
374 1162 536 1185 consecutus
546 1163 595 1192 per
607 1156 691 1184 ﬁliam
704 1162 787 1191 tuam,
805 1158 921 1185 sanctis-

132 1203 217 1230 simus
230 1202 312 1229 fuisti.

169 1247 223 1275 Vos
239 1255 337 1282 magno
350 1247 488 1275 Abraham
502 1253 530 1275 et
545 1247 612 1275 Sara
629 1252 705 1276 tanto
720 1249 922 1283 prtestantiores

135 1294 161 1321 in
179 1294 335 1331 generando
362 1293 461 1327 fuistis,
482 1299 584 1329 quanto
610 1301 720 1329 germen
739 1299 922 1328 vestrumprte

133 1339 223 1367 lsaaco
249 1338 491 1374 praecellentiorem
525 1341 657 1367 honorem
683 1339 844 1374 promeruit.
867 1339 923 1367 Vos

132 1385 255 1412 Rebecca
267 1385 379 1419 ejusque
399 1384 516 1421 conjuge
538 1386 637 1413 nedum
664 1385 747 1420 prolis
764 1385 920 1421 praestantia

132 1431 179 1458 sed
191 1435 219 1457 et
230 1430 335 1458 caeteris
349 1430 477 1457 omnibus
494 1430 746 1464 incomparabiliter
760 1430 922 1458 eminentio-

135 1483 197 1509 res;
211 1476 391 1511 nequeenim,
408 1481 437 1502 ut
456 1476 535 1503 modo
551 1476 625 1503 illum
637 1475 730 1512 (Esau)
750 1476 922 1510 improbitate

91 1528 98 1533 ”
132 1521 268 1549 famosum
292 1525 454 1556 praeteream
474 1521 594 1553 silentio,
613 1528 674 1549 cum
704 1521 750 1548 Dei
774 1520 860 1549 Matre
873 1528 919 1548 eo-

132 1574 195 1594 rum
208 1567 279 1594 ﬁlius
297 1565 402 1602 (Iacob)
421 1567 447 1593 in
463 1566 696 1601 comparationem
712 1567 806 1593 venire
820 1571 918 1600 potest.

134 1612 188 1641 Vos
198 1617 226 1640 et
238 1611 369 1640 Iacobum
381 1611 466 1639 multa
482 1612 575 1639 sobole
589 1619 622 1639 ex
639 1611 686 1638 Lia
696 1616 724 1639 et
737 1611 854 1638 Rachele
870 1619 920 1638 au-

133 1663 217 1692 ctum,
237 1662 369 1692 quantum
397 1665 448 1684 nec
473 1657 523 1684 fari
550 1657 624 1690 licet,
645 1657 813 1684 excessistis.
831 1656 922 1691 Longe

132 1703 306 1732 sublimiores
322 1703 412 1730 fuistis
434 1702 582 1730 Phenenna
598 1707 627 1730 et
647 1703 758 1736 Elcana,
775 1709 807 1729 ac
825 1703 923 1730 vestris

133 1749 201 1784 ipsis
213 1749 335 1784 cognatis
347 1748 479 1776 Zacliaria
494 1753 524 1776 et
543 1748 683 1775 Elisabeth
695 1767 703 1780 ,
719 1752 813 1782 utpote
825 1749 871 1782 qui
895 1748 923 1775 iu

136 1794 223 1821 lucem
241 1794 391 1828 protulistis
404 1801 476 1826 eam,
496 1800 555 1828 quae
571 1792 715 1820 Dominum
736 1793 922 1820 universorum

135 1839 250 1876 peperit.

169 1883 227 1911 XV.
241 1884 276 1911 At
289 1891 357 1917 vos,
372 1891 389 1911 ο
409 1883 457 1912 Dei
479 1882 628 1911 Genitricis
660 1887 787 1918 parentes
821 1883 923 1918 Deique

134 1929 324 1965 progenitores
337 1929 517 1962 sanctissimi,
530 1937 547 1957 ο
560 1928 747 1957 dulcissimum
760 1934 865 1956 naturae
875 1936 924 1957 no-

136 1981 200 2003 stris
214 1975 351 2009 solatium,
370 1983 387 2003 ο
409 1975 477 2011 legis
497 1979 526 2003 et
538 1976 631 2010 gratiae
647 1974 777 2011 primitiae
791 1975 922 2003 sacratis-

134 2022 211 2049 sima:
225 2026 253 2049 et
272 2025 404 2056 augustae,
417 2021 496 2049 nobis
513 2022 640 2050 omnibus
661 2022 802 2057 paciﬁcum
830 2028 922 2048 rerum

134 2072 236 2095 statum
260 2067 394 2103 largimini
408 2068 415 2094 l
430 2066 546 2095 Frenum
563 2068 686 2103 gentium
713 2066 822 2094 ferociae
837 2067 923 2101 impo-

133 2115 210 2147 nite;
235 2120 384 2148 earumque
401 2117 520 2141 erectam
544 2114 571 2140 in
591 2113 675 2146 altum
695 2113 829 2141 cervicem
846 2111 924 2140 incli-

134 2164 213 2190 nate;
231 2158 331 2186 elatum
349 2166 442 2186 earum
457 2159 600 2194 deprimite
619 2159 815 2198 supercilium,
829 2165 924 2192 quem-

970 292 1095 327 Χαίροις,
1111 291 1212 327 Μήτηρ
1223 291 1274 325 τῆς
1283 290 1331 317 τοῦ
1346 291 1481 318 Δεσπότου
1496 291 1617 326 Μητρὸς,
1631 291 1677 317 καὶ
1688 299 1758 326 προ-

971 337 1068 372 μήτωρ
1087 335 1218 370 Χριστοῦ,
1240 335 1287 362 καὶ
1305 335 1432 371 μητέρων
1448 336 1576 362 ἁπάντων
1590 335 1621 362 τὸ
1632 336 1760 370 σεμνολό-

969 390 1066 416 γημα·
1096 380 1214 416 χαίροις,
1236 381 1254 416 ὴ
1277 381 1308 407 τὸ
1327 381 1416 416 γῆρας
1445 380 1493 407 καὶ
1516 381 1566 415 τῆς
1588 380 1759 415 στειρώσεως

969 425 1052 460 ἄχθος
1064 425 1221 460 ἀποθεμένη
1237 425 1276 459 τῷ
1290 425 1362 460 τόκῳ
1380 433 1438 457 σου,
1453 425 1502 451 καὶ
1513 425 1577 452 νέαν
1589 425 1759 461 ὲνδυσαμένη

969 470 1013 498 διὰ
1026 471 1074 498 τοῦ
1090 471 1171 498 τόκου
1184 478 1231 498 σου
1249 471 1348 507 στολὴν
1363 470 1540 506 θεοΰφαντον.

1005 613 1038 639 ιΔ
1049 632 1056 639 .
1072 611 1186 648 Χαίροις
1198 611 1245 639 καὶ
1255 610 1337 644 αὐτὸς
1352 611 1492 647 Ἰωακεὶμ,
1505 610 1632 639 ἁπάντων
1645 611 1759 639 δικαίων

971 657 1206 693 ὲγκαλλὼπισμα,
1231 657 1280 684 καὶ
1303 659 1432 693 πατέρων
1462 657 1600 692 ἐξαίρετον
1630 656 1759 692 σεμνολό-

970 712 1058 739 γημα.
1075 704 1198 739 Χαίροις,
1213 703 1228 730 6
1243 703 1337 739 Πατὴρ
1352 703 1403 738 τῆς
1422 702 1534 738 Μητρὸς
1547 702 1594 728 τοῦ
1610 701 1689 735 Θεοῦ,
1710 702 1760 729 καὶ

971 749 1116 785 προπάτορ
1137 748 1233 775 τούτου
1256 747 1482 783 σεϐασμιὼτατε·
1498 748 1615 783 χαίροις,
1639 748 1653 774 6
1673 756 1759 774 κατα-

972 795 1079 828 ξιωθεὶς
1094 794 1231 829 κρατῆσαι
1247 793 1320 829 χειρὶ
1329 793 1378 829 τὴν
1390 794 1568 829 κρατήσασαν
1581 793 1628 819 τὸν
1641 792 1678 824 ὠς
1691 792 1759 819 Θεὸν

974 840 1102 876 μηδαμοῦ
1117 839 1257 875 χωρητόν·
1273 838 1389 874 χαίροις,
1401 839 1416 865 6
1425 839 1494 874 πρὸς
1508 840 1558 873 τὴν
1569 838 1624 865 τῶν
1634 838 1759 872 ἀγγέλων

971 885 1118 922 όμοτιμίαν
1133 885 1329 917 ἀναϐιϐασθεὶς
1342 884 1387 911 διὰ
1401 885 1451 920 τῆς
1467 886 1517 920 σῆς
1533 884 1759 920 θυγατρός²ἶχαί-

973 941 1041 969 ροις,
1066 933 1081 959 6
1103 932 1210 964 πάντας
1233 932 1450 968 ὑπερακοντίσας
1477 932 1601 968 πατέρας
1626 932 1689 964 τοὺς
1713 932 1760 958 ἐπὶ

971 979 1041 1014 γῆς’
1060 978 1177 1015 χαίροις,
1194 979 1209 1005 6
1231 978 1276 1006 διὰ
1296 978 1349 1014 τῆς
1372 978 1494 1014 ὲμμόνου
1514 978 1668 1013 προσευχῆς
1691 977 1761 1013 πρὸς

972 1025 1039 1052 Θεὸν
1052 1025 1191 1060 θυγατέρα
1203 1024 1299 1052 πασῶν
1314 1024 1344 1057 ἐξ
1357 1024 1440 1052 αὑτοῦ
1457 1024 1505 1051 καὶ
1519 1024 1578 1060 Υίῴ
1591 1024 1759 1060 ὑπεραίρου-

973 1079 1023 1099 σαν
1036 1070 1259 1106 κληρωσάμενος,
1273 1070 1344 1105 πλὴν
1355 1070 1403 1097 καὶ
1418 1070 1498 1105 μόνου
1513 1069 1561 1096 τοῦ
1573 1069 1676 1105 ταύτης
1691 1068 1759 1096 Υίοῦ

971 1116 1020 1143 καὶ
1032 1116 1101 1143 Θεοῦ
1113 1125 1120 1132 ο
1133 1116 1252 1152 χαίροις,
1267 1117 1281 1143 6
1294 1116 1324 1142 ὲν
1338 1116 1414 1151 νόμῳ
1427 1116 1606 1147 δικαιότατος,
1623 1115 1669 1142 καὶ
1684 1115 1713 1142 ὲν
1724 1116 1758 1150 τῇ

972 1161 1075 1197 χάριτι,
1090 1161 1128 1193 ὡς
1143 1161 1189 1189 καὶ
1202 1161 1252 1193 τὰς
1265 1161 1368 1196 ταύτης
1383 1162 1470 1197 ἀρχὰς
1485 1160 1531 1188 διὰ
1540 1161 1590 1196 τῆς
1611 1161 1661 1197 σῆς
1674 1161 1760 1195 θυγα-

971 1207 1036 1242 τρὸς
1050 1206 1270 1242 παρασχόμενος,
1289 1205 1452 1241 ἀγιώτατος.

1014 1253 1110 1288 Ὑμεῖς
1126 1252 1174 1279 τοῦ
1200 1252 1320 1288 μεγάλου
1339 1251 1467 1287 ’Λϐραὰμ
1489 1254 1536 1279 καὶ
1559 1252 1668 1288 Σάῤῥας
1689 1252 1760 1279 κατὰ

971 1299 1022 1334 τὴν
1040 1299 1170 1333 γέννησιν
1186 1299 1351 1334 κρείττονες,
1368 1298 1430 1325 ὅσον
1444 1298 1475 1324 τὸ
1493 1298 1626 1333 ὑμέτερον
1636 1297 1759 1333 γέννημα

971 1344 1019 1371 τοῦ
1039 1344 1133 1371 Ἰσαὰκ
1143 1343 1322 1380 τιμιώτερον·
1338 1344 1418 1379 ὑμεῖς
1434 1343 1581 1374 Ῥεϐέκκας
1598 1342 1646 1369 καὶ
1657 1343 1761 1378 ταύτης

973 1390 1102 1417 συνεύνου
1120 1390 1190 1416 κατὰ
1200 1389 1249 1425 τὴν
1261 1389 1400 1424 γέννησιν,
1416 1389 1463 1416 καί¹
1483 1389 1567 1416 τᾶλλα
1585 1388 1760 1423 ἀσυγκρίτως

972 1435 1176 1471 ὑπερκείμενοι,
1191 1436 1232 1462 ὅτι
1245 1435 1424 1471 μηδεΜήτηρ
1435 1434 1502 1461 Θεοῦ
1516 1434 1584 1470 πρὸς
1594 1434 1639 1460 τὸν
1648 1433 1761 1460 ἐκείνων

973 1481 1058 1507 παῖδα
1074 1480 1268 1515 συγκρίνεσθαι
1291 1480 1431 1514 πέφυκεν·
1445 1479 1475 1506 οὗ
1493 1478 1547 1515 γὰρ
1568 1480 1596 1505 ὲν
1611 1478 1699 1514 τούτῳ
1714 1478 1762 1505 τὸν

934 1542 954 1571 c
973 1527 1020 1553 ἐπὶ
1043 1527 1129 1562 κακίᾳ
1154 1526 1337 1561 κατατάξαιμι
1361 1525 1544 1561 περιϐόητον⁵
1558 1525 1637 1560 ὑμεῖς
1662 1524 1761 1551 Ἰακὺό

972 1572 1018 1600 τὸν
1034 1572 1188 1599 πολύπαιδα
1201 1572 1271 1607 μετὰ
1287 1572 1356 1603 Δίας
1372 1572 1420 1599 καὶ
1442 1571 1554 1607 Ῥαχὴλ,
1576 1572 1638 1598 ὅσον
1653 1570 1706 1597 οὐδ’
1723 1571 1763 1597 ει-

974 1620 1034 1646 πεῖν
1053 1618 1136 1650 ἐστιν,
1151 1618 1358 1654 ὑπερηλάσατεσ
1369 1618 1516 1653 ὑπέρτεροι
1531 1618 1682 1653 κατέστη-τε
1696 1617 1761 1652 σφό-

972 1666 1023 1701 δρα
1037 1666 1173 1696 Φενάννας
1186 1664 1233 1691 καὶ
1254 1664 1382 1696 Ἐλκανᾶ,
1395 1664 1485 1691 αὐτῶν
1496 1664 1551 1691 τῶν
1569 1663 1646 1698 ὑμῶν
1659 1671 1760 1697 συγγε-

972 1711 1027 1738 νῶν
1045 1711 1183 1747 Ζαχαρίου
1209 1711 1257 1738 καὶ
1274 1710 1427 1741 Ἑλισάΰετ,
1444 1710 1482 1742 ὡς
1498 1709 1547 1746 τὴν
1565 1710 1612 1736 τὸν
1632 1708 1761 1736 ἁπάντων

974 1757 1114 1784 Δεσπότιην
1130 1757 1273 1783 τετοκυῖαν
1293 1756 1486 1792 γεννήσαντες.

1009 1889 1060 1917 ΙΕ’.
1080 1887 1161 1921 Ἀλλ’,
1173 1885 1195 1914 ὦ
1211 1887 1330 1922 πατέρες
1342 1887 1390 1922 τῆς
1406 1886 1538 1913 Θεοτοκου
1552 1886 1600 1913 καὶ
1613 1886 1680 1913 Θεοῦ
1695 1894 1763 1921 προ-

974 1935 1094 1970 πάτορες
1106 1934 1262 1968 ἁγιώτατοι,
1278 1933 1300 1960 ὣ
1313 1933 1363 1968 τῆς
1377 1931 1516 1967 ἡμετέρας
1531 1931 1638 1966 φύσεως
1655 1931 1686 1957 τὸ
1695 1931 1762 1964 γλυ-

975 1980 1092 2008 κύτατον
1105 1979 1248 2014 παρηγόρη
1253 1986 1302 2013 μα,
1314 1978 1337 2004 ὣ
1349 1978 1433 2013 νόμου
1445 1977 1493 2004 καὶ
1505 1977 1616 2012 χάριτος
1626 1976 1762 2011 ίερὼτατα

975 2025 1024 2052 καὶ
1040 2024 1176 2060 σεϐάσμια
1199 2024 1350 2060 ἀκροθίνια,
1369 2023 1478 2057 νέμοιτε
1497 2023 1581 2049 πᾶσιν
1605 2021 1671 2056 ήμῖν
1685 2022 1762 2056 εἰρη-

974 2070 1054 2098 ναίαν
1069 2070 1252 2097 κατάστασινί
1269 2069 1395 2096 Παύσατε
1410 2068 1441 2094 τὸ
1453 2068 1586 2104 φρύαγμα
1595 2067 1650 2094 τῶν
1664 2066 1762 2099 ἐθνῶν,

974 2116 1022 2144 καὶ
1038 2115 1083 2142 τδν
1096 2117 1136 2147 είς
1152 2115 1219 2150 ὕψος
1231 2114 1334 2141 τούτων
1347 2114 1492 2150 αίρόμενον
1511 2112 1698 2140 καταϐάλλετε
1717 2111 1762 2138 τέ-

973 2169 1064 2194 νοντα,
1086 2161 1135 2187 καὶ
1153 2161 1207 2196 τὴν
1221 2159 1381 2195 ἐπηρμένην
1403 2159 1493 2186 αὐτῶν
1511 2158 1598 2194 ὀφρῦν
1619 2157 1763 2184 κατασπά-

134 2212 187 2240 que
200 2210 294 2233 contra
306 2212 355 2232 nos
370 2209 470 2232 acuunt
484 2225 492 2238 ,
509 2204 630 2239 gladium
648 2204 794 2232 retundite.
819 2203 921 2238 Depre-

975 2215 1052 2240 σατε,
1072 2207 1122 2243 τὴν
1136 2206 1226 2234 αὐτῶν
1250 2206 1311 2233 καθ’
1330 2206 1412 2241 ἡμῶν
1429 2205 1603 2240 τεθηγμένην
1624 2204 1763 2239 μάχαιραν

134 2250 235 2278 camini
261 2250 416 2283 Christum,
455 2255 486 2277 ut
511 2251 576 2278 leuet
606 2258 700 2278 manus
727 2251 755 2277 in
782 2250 920 2285 superbia:

134 2304 224 2324 eorum
250 2296 286 2327 ".
311 2303 398 2331 neque
423 2296 580 2331 patiamini,
615 2301 645 2324 ut
662 2296 764 2323 nefaria
779 2303 872 2324 eorum
891 2303 924 2324 ac

114 2341 341 2376 -sanguinolenta
381 2350 462 2369 manu
495 2347 624 2377 tanquam
658 2341 749 2370 fenum
776 2346 922 2370 vastemur.

134 2387 228 2422 Neque
243 2387 329 2414 irruat
346 2387 422 2415 rabie
429 2387 523 2415 furens
535 2388 681 2420 barbarus,
690 2388 808 2423 clypeos,
820 2395 923 2415 ensem-

133 2440 188 2468 que
200 2437 227 2460 et
244 2441 324 2461 arcus
347 2438 429 2469 atque
457 2434 549 2461 hastas
571 2439 666 2461 contra
690 2432 920 2466 nos‘intendens;

134 2485 186 2505 nec
197 2477 267 2505 ultra
286 2478 497 2514 super-gaudeant
512 2478 587 2506 nobis
598 2479 701 2506 inimici
721 2479 804 2506 nostri
826 2479 859 2506 '°.
882 2478 922 2506 ln-

134 2524 261 2556 tuemini,
278 2532 361 2560 quam
377 2524 488 2557 multos,
503 2524 757 2559 qualesquejaculis
771 2525 870 2553 misere
884 2524 921 2552 illi

134 2570 317 2598 eonfoderint.
338 2570 501 2602 intuemini,
527 2571 663 2605 quomodo
687 2571 922 2598 innumerabilium

135 2616 268 2652 sanguine
301 2616 397 2648 effuso,
428 2616 577 2651 insepultos
604 2624 651 2644 eos
679 2616 805 2652 pabulum
829 2617 924 2644 bestiis

136 2669 216 2691 terrae
230 2668 258 2691 et
268 2663 330 2691 σιηιί
339 2663 496 2690 volucribus
512 2662 681 2698 reliquerint,
699 2670 730 2690 ac
740 2663 803 2695 soli,
817 2667 845 2690 et
860 2662 925 2690 stel-

135 2708 180 2742 lis,
197 2713 225 2736 et
243 2707 338 2741 hiemi,
354 2711 381 2735 et
404 2708 492 2735 aestati
513 2707 688 2742 projecerinl,
705 2708 802 2743 iisque,
818 2707 864 2742 qui
882 2715 924 2735 re-

136 2753 204 2788 liqui
222 2757 286 2781 sunt
302 2753 436 2785 homines,
455 2753 586 2781 miserum
602 2752 752 2789 effusisque
763 2754 923 2789 plorandum

136 2799 265 2835 lacrymis
284 2799 468 2835 spectaculum
492 2799 657 2835 paraverint.

172 2906 194 2921 ³³
210 2904 283 2934 Psal.
303 2914 398 2939 ιιιιιι,
418 2908 445 2935 '5.
483 2908 505 2925 ³⁸
526 2907 598 2936 Psal.
620 2915 724 2941 xxxvii,
743 2909 783 2935 l7.

974 2253 1145 2289 ἀμϐλύνατε*
1169 2252 1291 2287 Ἐπᾶραι
1304 2251 1435 2286 Χριστὸν
1453 2252 1508 2284 τὰς
1522 2250 1624 2285 χεῷας
1640 2250 1691 2277 ἐπὶ
1710 2250 1764 2284 τὰς

972 2299 1181 2334 ὑπερηφανίας
1195 2298 1295 2326 αὐτῶν
1311 2297 1480 2328 ἱκετεύσατε,
1493 2297 1542 2323 καὶ
1557 2297 1594 2333 μὴ
1610 2296 1658 2322 ὲπὶ
1669 2296 1764 2322 πλεῖον

972 2346 1073 2381 ἐάσητε
1097 2345 1172 2380 ἡμᾶς
1191 2343 1332 2379 ληϊζεσθαι
1357 2343 1484 2377 καθάπερ
1512 2341 1573 2369 τινὰ
1588 2342 1684 2376 χόρτον
1709 2341 1765 2368 ὑπὸ

971 2393 1021 2428 τῆς
1036 2391 1143 2419 ἀνοσίου
1160 2390 1208 2418 καὶ
1221 2389 1365 2425 μιαιφόνου
1378 2388 1470 2415 αὐτῶν
1485 2388 1590 2424 χειρός·
1605 2388 1643 2423 μὴ
1654 2387 1764 2414 λυσσῶν

973 2437 1111 2474 βάρϐαρος
1130 2436 1233 2472 ἐπέλθῃ
1254 2435 1316 2462 καθ’
1333 2434 1413 2470 ἡμῶν
1433 2434 1618 2462 έπανατείνων
1644 2433 1766 2468 ἀσπίδας

972 2484 1022 2512 καὶ¹
1040 2484 1179 2519 μάχαιραν
1200 2481 1250 2509 καὶ
1271 2480 1337 2513 τόξα
1365 2481 1413 2508 καὶ
1429 2481 1544 2515 δόρατα·
1570 2479 1624 2507 Καὶ
1646 2479 1689 2514 μὴ
1712 2479 1765 2506 ἐπὶ

973 2530 1079 2557 πλεῖον
1086 2529 1159 2564 ἡμῖν
1166 2528 1386 2563 ἐπιχαρείησαν
1397 2529 1424 2554 οὶ
1437 2527 1537 2562 ἐχθροί
1550 2525 1644 2561 ήμῶν.
1665 2526 1764 2561 Ὁρᾶτε

973 2575 1053 2606 ὅσους
1071 2575 1118 2601 καὶ
1134 2573 1208 2605 οἵους
1231 2573 1357 2605 ἐλεεινῶς
1377 2572 1577 2607 κατηκόντισαν
1590 2579 1598 2586 ·
1622 2571 1704 2606 ὁρᾶτε
1724 2569 1764 2600 ὡς

973 2619 1092 2656 ἀριθμοῦ
1107 2618 1272 2655 κρειττόνων
1285 2618 1431 2653 ἐκχέαντες
1455 2617 1569 2651 αἵματα,
1583 2616 1640 2647 τοῖς
1655 2614 1764 2650 θηρίοις

974 2665 1025 2701 τῆς
1039 2665 1091 2700 γῆς
1107 2665 1156 2692 καὶ
1172 2665 1229 2696 τοῖς
1244 2665 1378 2695 πετεινοῖς
1390 2663 1437 2689 τοῦ
1453 2662 1567 2698 ούρανοῦ
1584 2661 1676 2696 θοίνην
1692 2660 1762 2687 61$-

974 2717 1042 2743 φους
1062 2708 1210 2735 κατέλιπον
1225 2708 1272 2735 καὶ
1288 2708 1356 2743 ἡλίῳ
1377 2707 1424 2734 καὶ
1444 2708 1566 2742 ἄστροις,
1581 2706 1629 2733 καὶ
1646 2705 1763 2741 χειμῶνι

973 2754 1022 2781 καὶ
1034 2754 1120 2789 θέρει,
1138 2753 1186 2781 καὶ
1196 2754 1252 2786 τοῖς
1263 2753 1466 2788 ὑπολειφθεῖσιν
1477 2752 1630 2788 ἀνθρώποις
1644 2751 1763 2778 ἐλεεινὸν

975 2800 1022 2828 καὶ
1036 2800 1142 2827 πολλῶν
1155 2799 1284 2836 δακρύων
1300 2800 1375 2834 ἄξιον
1391 2799 1566 2836 προσέθηκαν
1577 2798 1679 2834 θέαμα.
