1932 3067
174 177 246 212 1365

615 179 755 209 ORATIO
775 179 970 210 FUNEBRIS
983 179 1024 210 IN
1045 179 1078 211 B.
1103 163 1362 211 ATHANASIUM.

1725 180 1799 215 1366

223 234 297 262 Δλλὰ
316 233 487 270 διεγὲρθητε,
510 232 658 267 σπεύσατε,
675 235 806 269 κινήσατε
828 235 897 271 πρὸς
911 235 962 271 τὴν
975 241 999 268 Α

1049 235 1084 262 At
1103 236 1259 271 exsurgite,
1291 235 1419 267 festinate
1436 243 1443 262 :
1472 235 1554 263 ﬁliam
1569 240 1687 266 vestram
1703 243 1736 266 ac
1753 238 1800 266 Dei

173 279 324 316 πρεσϐείαν
337 279 387 315 τὴν
400 278 476 315 ὑμῶν
500 279 648 316 θυγατέρα,
671 280 719 307 καὶ
738 280 854 317 Μητέρα
874 280 960 307 Θεοῦ*

173 327 204 353 οὐ
218 325 273 361 γὰρ
286 325 439 361 παρόψεται
462 325 561 360 γονέας
577 325 807 358 καθικετεύοντας
819 335 826 343 ·
848 326 917 362 ὁμοῦ
932 327 962 354 δὲ

174 372 244 407 πρὸς
256 372 302 398 τὸν
312 371 415 406 ταύτης
428 371 504 403 Υῑὺν,
525 371 571 399 καὶ
586 371 665 405 Θεὸν,
687 372 734 398 καὶ
750 372 893 408 ὑμέτερον,
917 373 963 400 τὸν

174 417 247 444 κατὰ
262 417 363 453 σάρκα,
381 417 527 452 ἀπόγονον.
543 418 638 453 Ἴσμεν
649 418 703 454 γὰρ
715 418 753 451 ὼς
764 418 889 454 οὐδαμῶς
904 419 964 454 Μη-

174 462 238 500 τρὸς
252 463 301 490 καὶ
312 463 493 499 προπατόρων
506 463 689 499 ἑκκρούσηται
707 463 800 500 δέησιν
809 471 816 479 ·
831 463 890 491 ἀλλ’
904 464 963 491 εισ-

175 507 324 534 ακούσεται
345 507 394 535 καὶ
414 507 496 535 σώσει
519 508 594 544 ἡμᾶς
612 509 645 535 ὲκ
661 509 717 536 τῶν
741 508 963 544 ἐπεμϐαινόντων

173 553 242 587 ἡμῖν
251 553 358 589 ὁρατῶν
370 553 419 581 καὶ
432 553 556 590 ἀοράτων
570 554 677 590 πικρῶς
691 546 831 590 δυσμενῶν
841 563 849 571 ο
867 555 915 582 καὶ
934 554 966 582 τὸ

174 597 268 625 λοιπον
290 599 340 634 τῆς
351 599 489 636 ἡμετέρας
510 600 593 636 ζωῆς,
610 601 741 633 εὐσταθὲς
763 601 811 628 καὶ
826 601 964 638 εἰρηνικὸν

174 643 224 670 καὶ
238 644 375 680 ἀτάραχον
395 645 554 682 διατηρήσει
575 646 717 681 λείψανον*
729 647 771 674 ὅτι
791 646 859 678 Θεὸς
884 646 965 678 αὐτὸς

175 688 270 724 ἐλέους
291 690 339 717 καὶ
358 690 567 727 φιλανθρωπίας
590 693 676 724 ἐστὶν,
697 693 745 719 καὶ
767 692 841 727 αὺτῷ
864 692 964 728 πρέπει

176 734 252 760 πᾶσα
263 734 339 768 δόξα,
360 735 427 771 τιμὴ
449 736 498 762 καὶ
511 736 709 772 προσκύνησις,
728 737 778 764 σὺν
795 736 835 772 τῷ
853 736 964 772 ἁνάρχῳ

179 778 263 806 αὑτοῦ
276 779 376 815 Πατρὶ,
394 781 444 808 σὺν
457 780 497 816 τῷ
512 782 639 817 παναγιῳ
659 782 708 809 καὶ
726 782 823 818 ἀγαθῷ
837 783 884 809 καὶ
896 783 964 815 ζωο-

1013 279 1127 308 Matrem
1143 280 1176 308 ad
1192 279 1398 315 supplicandum
1415 287 1464 315 pro
1479 280 1558 309 nobis
1570 281 1688 309 excitate
1702 282 1803 317 (neque

1013 327 1086 355 enim
1107 327 1244 362 genitores
1263 326 1441 360 deprecantes
1461 325 1604 361 despiciet)
1620 334 1627 352 :
1647 331 1729 361 atque
1747 334 1802 355 una

1013 371 1194 408 (iutercedite)
1208 371 1278 406 apud
1290 370 1370 406 hujus
1380 370 1488 404 Filium,
1504 378 1537 398 ac
1550 371 1646 402 Deum,
1659 376 1803 399 vestrum—

1012 424 1066 452 que
1079 417 1227 444 secundum
1246 423 1357 444 carnem
1381 420 1517 450 nepotem.
1535 416 1594 444 Non
1613 417 1705 451 enim,
1726 422 1802 445 certo

1013 462 1041 491 id
1056 463 1168 495 scimus,
1187 461 1291 495 Matris,
1308 468 1476 496 avorumque
1497 468 1592 496 preces
1613 463 1734 497 repellet,
1753 464 1803 492 sed

1014 508 1162 540 exaudiet,
1179 515 1282 543 nosque
1309 507 1431 535 tuebitur
1452 507 1487 535 ab
1509 508 1633 536 hostibus
1651 509 1802 539 visibilibus

1015 558 1098 588 atque
1113 553 1312 587 invisibilibus,
1328 552 1375 588 qui
1398 553 1503 581 nefario
1522 554 1586 581 odio
1607 554 1710 582 incensi
1726 562 1803 582 acer-

1014 599 1127 627 bissime
1146 598 1225 626 nobis
1237 598 1386 632 insultant;
1399 600 1524 634 quodque
1537 599 1562 626 in
1584 604 1723 634 posterum
1738 600 1804 628 reli-

1014 651 1096 680 quum
1113 648 1156 672 est
1176 645 1238 672 vitae
1257 649 1369 678 nostra,
1397 645 1547 678 incolume,
1569 644 1729 680 paciﬁcum,
1745 650 1772 674 et
1787 653 1803 673 a

1014 689 1230 724 perturbationis
1251 696 1365 716 vacuum
1386 689 1569 717 conservabit.
1589 689 1722 724 Quoniam
1744 691 1804 726 ipse

1015 735 1209 763 misericordiae
1218 740 1246 763 et
1255 735 1431 771 benignitatis
1446 735 1573 768 Deusest,
1586 740 1613 763 et
1625 736 1712 771 ipsum
1725 737 1804 764 decet

1015 781 1103 816 gloria
1116 781 1215 814 omnis,
1232 781 1318 809 honor
1328 785 1356 808 et
1368 781 1502 814 adoratio,
1516 788 1577 809 cum
1593 786 1728 810 coaeterno
1742 783 1801 816 ejus

178 824 248 859 ποιῷ
272 825 356 853 αὐτοῦ
382 826 533 862 Πνεύματι,
559 828 607 856 νῦν
631 828 679 856 καὶ
699 828 755 862 ἀεὶ,
779 830 826 856 καὶ
846 829 887 861 εἰς
901 829 966 861 τοὺς

178 869 280 902 αἰῶνας
289 870 344 899 τῶν
361 871 480 900 αἰώνων.
488 873 587 909 Ἀμήν.

1017 826 1097 853 Patre
1108 845 1116 858 ,
1130 831 1159 854 et
1175 834 1237 854 cum
1259 826 1432 854 sanctissimo
1451 830 1479 854 et
1503 827 1576 855 bono
1593 830 1621 854 et
1649 827 1804 855 viviﬁcante

1017 870 1076 906 ejus
1090 871 1206 907 Spiritu,
1222 879 1293 900 nunc
1306 878 1335 901 et
1355 879 1464 908 semper
1474 876 1502 901 et
1518 873 1546 901 in
1567 872 1665 901 saecula
1689 873 1805 901 sazculo-

1017 924 1088 945 rum.
1101 918 1197 945 Amen.

181 1018 1788 1039 Ἢ

552 1127 762 1159 MONITUM
785 1128 836 1160 IN
860 1127 1119 1160 ORATIONEM
1148 1128 1429 1167 SEQUENTEM.

603 1236 735 1267 (Βοιιιιω.
757 1237 817 1261 Arta
830 1236 983 1266 Sanctorum,
995 1235 1104 1261 Januarii
1124 1238 1184 1261 tom.
1199 1235 1232 1266 ll,
1250 1235 1368 1268 ρ.1125.)

211 1341 352 1376 Methone,
364 1341 514 1371 clarissima
526 1341 723 1372 Messeniorum
750 1343 779 1371 in
798 1342 988 1379 Peloponneso
1000 1343 1108 1377 civitas,
1123 1335 1258 1379 insignem
1270 1342 1415 1371 sanctitate
1436 1342 1592 1378 episcopum
1618 1342 1717 1371 saeculo
1726 1341 1807 1371 Chri-

177 1390 267 1417 stiano
294 1397 368 1418 nono
390 1389 570 1418 Athanasium
599 1391 704 1419 habuit.
727 1391 755 1419 Is
770 1391 882 1419 Catanae
906 1392 934 1419 in
961 1391 1054 1420 Sicilia
1078 1396 1170 1425 natus,
1193 1391 1282 1419 insula
1296 1398 1312 1418 a
1331 1390 1484 1422 Saracenis,
1497 1390 1628 1418 Michaele
1653 1390 1736 1418 Balbo
1754 1390 1809 1418 im-

178 1442 301 1473 perante,
321 1437 431 1466 circiter
453 1446 555 1466 annum
578 1439 682 1468 Christi
702 1439 756 1468 82'!
774 1444 916 1474 occupata.
935 1439 963 1466 in
977 1439 1195 1474 Peloponnesum
1218 1445 1280 1466 cum
1304 1437 1463 1473 parentibus
1493 1437 1650 1465 adolescens
1675 1436 1808 1472 profugit.

179 1482 218 1510 De
237 1490 271 1510 eo
283 1481 411 1511 Octavius
424 1482 570 1518 Cajetanus
585 1489 679 1512 noster
701 1485 731 1513 in
755 1485 819 1512 idea
832 1486 924 1520 operis
951 1485 985 1513 de
1005 1484 1056 1512 SS.
1071 1484 1170 1512 Siciliae
1197 1484 1233 1513 29
1248 1483 1313 1512 Julii
1339 1484 1376 1512 ita
1388 1484 1505 1513 scribit:
1524 1482 1633 1511 Catane:
1657 1491 1810 1512 commemo-

179 1529 249 1556 ratio
273 1530 358 1556 sancti
389 1529 526 1557 Athanasii
545 1530 713 1564 Catanenais,
727 1531 860 1558 Methones
888 1531 1002 1565 episcopi
1028 1535 1052 1558 et
1071 1531 1238 1566 confessoris.
1263 1531 1422 1566 Cajetanum
1445 1530 1569 1565 sequitur
1587 1529 1737 1564 Ferrarius,
1757 1538 1811 1560 nec

178 1575 233 1603 alio
247 1575 291 1603 die
303 1575 361 1610 ejus
374 1576 566 1605 meminerunt.
576 1577 625 1612 Agi
642 1577 751 1605 Catane:
766 1577 838 1606 illius
864 1577 984 1605 natalem
1002 1577 1089 1612 pridie
1119 1577 1232 1605 Kalend.
1255 1577 1394 1605 Februarii
1411 1576 1571 1613 signiﬁcavit
1593 1576 1671 1604 nobis
1697 1576 1810 1606 Franci-

179 1628 244 1649 scus
272 1620 421 1649 Blanditius
450 1627 558 1657 nosten;
578 1623 625 1659 qui
639 1628 666 1652 et
684 1623 760 1652 illius
773 1623 863 1652 Vitam
885 1631 900 1652 a
916 1624 996 1652 Petro
1011 1622 1102 1651 Siculo
1116 1624 1282 1659 Argivorum
1302 1623 1429 1659 episcopo
1444 1623 1582 1658 scriptam,
1597 1630 1613 1650 e
1629 1630 1696 1650 mss.
1707 1623 1811 1651 codici-

179 1668 232 1697 bus
255 1669 345 1705 magni
376 1670 533 1698 monasterii
562 1671 653 1699 Sancti
676 1669 824 1698 Salvatoris
850 1670 956 1698 ordinis
980 1669 1072 1697 Sancti
1098 1669 1187 1697 Basilii
1208 1669 1349 1703 Messanae,
1367 1669 1462 1697 Latine
1488 1677 1503 1697 a
1529 1676 1560 1698 se
1584 1677 1689 1697 versam
1706 1689 1715 1703 ,
1731 1669 1811 1697 nobis

181 1715 333 1742 transmisit
350 1724 357 1742 :
374 1716 534 1752 monuitque
552 1716 627 1744 hunc
658 1716 733 1744 illum
753 1717 838 1745 videri
861 1717 970 1745 Petrum
997 1717 1116 1745 Siculum
1142 1724 1213 1749 esse,
1233 1717 1279 1752 qui
1297 1724 1370 1745 anno
1385 1716 1403 1744 2
1429 1716 1517 1744 Basilii
1544 1716 1715 1751 Macedonis,
1731 1716 1811 1744 Chri‘

182 1760 218 1788 sti
235 1760 296 1794 868,
316 1761 451 1790 Tibricam
474 1763 610 1791 Armeniae
628 1763 765 1792 civitatem
791 1772 842 1800 pro
868 1763 1037 1799 captivorum
1052 1764 1252 1799 permutatione
1280 1763 1384 1799 legatus
1400 1783 1407 1796 ,
1424 1770 1575 1799 novemque
1598 1763 1679 1791 isthic
1700 1769 1810 1790 menses

182 1808 316 1837 moratus,
338 1806 448 1841 scripsit
468 1808 502 1835 de
524 1807 741 1841 Manichaeorum,
757 1817 825 1845 quos
850 1809 931 1837 isthic
950 1809 1057 1843 didicit,
1073 1810 1210 1837 erroribus
1230 1808 1345 1842 librum,
1363 1808 1409 1844 qui
1435 1816 1450 1836 a
1480 1809 1606 1836 Matthaao
1628 1808 1734 1836 Radero
1758 1815 1809 1835 no-

183 1856 242 1880 stro
262 1851 358 1880 Latine
381 1860 476 1880 versus
489 1872 496 1886 ,
526 1858 613 1881 exstat
633 1858 652 1882 t.
677 1854 713 1882 1x
735 1855 900 1882 Bibliotheca:
920 1854 977 1882 PP.
1003 1855 1126 1883 Meminit
1142 1855 1224 1890 hujus
1242 1853 1316 1883 Petri
1331 1853 1462 1882 Baronius
1478 1855 1512 1882 ad
1536 1863 1582 1882 an.
1600 1854 1663 1889 870,
1675 1861 1751 1882 num.
1762 1853 1808 1884 62.

184 1896 262 1925 lianc
272 1897 360 1926 Vitam
374 1898 402 1926 in
415 1899 514 1934 capita,
529 1906 604 1927 more
644 1904 748 1930 nostro,
764 1900 962 1928 distribuimus.

507 2076 658 2117 PETRI
696 2075 884 2122 SICULI,
920 2075 1166 2118 ARGORUM
1205 2076 1455 2122 EPISCOPI,

383 2181 525 2214 ORATIO
551 2180 743 2212 FUNEBRIS
758 2181 798 2213 IN
826 2181 857 2212 S.
877 2181 1135 2219 ATHANASIUM,
1151 2179 1356 2211 METHONES
1377 2178 1608 2211 EPISCOPUM.

648 2307 796 2343 lnterprete
811 2306 956 2335 Francisco
969 2305 1106 2334 Blanditio
1117 2304 1257 2333 Societatis
1273 2303 1348 2333 Jetu.

325 2530 389 2558 Car.
404 2529 427 2558 Ι.
441 2545 477 2551 -
493 2529 639 2558 Εποτάὶιιηι
653 2533 678 2557 et
686 2528 845 2565 Propositio.

223 2576 250 2604 1.
264 2575 316 2609 Qui
333 2575 505 2603 heroicarum
524 2575 656 2603 virtutum
671 2575 814 2610 splendore
839 2575 923 2604 vitam
938 2575 972 2603 il-

188 2622 339 2650 lustrarunt
352 2628 440 2654 suam,
456 2628 570 2656 seseque
580 2620 615 2648 ab
629 2621 702 2648 omni
713 2620 867 2656 faeculenta,
880 2622 972 2650 humi-

188 2670 373 2704 que-repente
391 2666 539 2694 vitiositate
558 2671 746 2699 secreverunt,
776 2669 858 2702 atque
879 2666 913 2694 ad
931 2666 974 2694 di-

190 2714 284 2742 vinum
295 2712 460 2747 coelesteque
477 2712 543 2740 illud
559 2711 696 2748 fastigium
711 2713 892 2746 sustulerunt,
905 2720 972 2741 con-

187 2766 284 2796 gruum
304 2763 347 2787 est
366 2759 461 2786 beatos
478 2758 614 2793 judicare,
637 2758 804 2793 laudumque
823 2759 969 2794 praeconiis

188 2805 393 2837 commendare;
403 2804 424 2832 si
436 2804 500 2839 quid
512 2804 587 2831 aliud
600 2811 693 2831 eorum
709 2803 849 2832 inferioris
857 2804 970 2839 ordinis,

191 2858 251 2886 qua:
266 2850 344 2886 vulgo
357 2851 426 2878 bona
441 2849 630 2878 existimantur
646 2857 724 2885 :quzn
735 2857 797 2877 cum
809 2849 967 2878 facillimum

989 2522 1011 2550 Β
1026 2529 1060 2557 ad
1076 2534 1220 2565 utramque
1237 2532 1343 2564 partem
1359 2527 1480 2556 habeant
1494 2531 1675 2561 momentum,
1689 2534 1811 2555 commm

1025 2580 1117 2604 tantur
1134 2575 1284 2603 secundum
1306 2575 1441 2603 utentium
1464 2573 1686 2609 propensionem,
1710 2581 1812 2609 eosque

1025 2622 1059 2649 ad
1084 2621 1126 2649 sui
1151 2620 1358 2648 delectationem
1379 2620 1534 2648 traducunt.
1553 2619 1599 2647 Sic
1624 2619 1698 2647 enim
1720 2619 1813 2647 incre-

1026 2671 1149 2695 mentum
1173 2667 1262 2701 capiet
1276 2666 1364 2694 virtus
1384 2673 1491 2698 eorum,
1512 2665 1558 2700 qui
1577 2672 1637 2692 eam
1658 2668 1812 2699 sectantur,

1026 2721 1096 2748 quos
1115 2713 1260 2741 admiratio
1277 2712 1473 2748 consequitur:
1488 2716 1570 2746 atque
1591 2711 1651 2746 ejus
1675 2711 1811 2739 luminum

1028 2760 1187 2795 splendores
1205 2759 1375 2787 disseminati
1398 2766 1448 2793 per
1468 2758 1623 2785 auditorum
1643 2764 1725 2785 aures
1749 2765 1812 2785 cum

1028 2805 1116 2833 fat-ista
1133 2804 1339 2838 acclamatione,
1362 2804 1396 2831 ad
1419 2802 1542 2831 eamdem
1564 2802 1694 2830 virtutem
1713 2809 1812 2838 capes-

1029 2851 1140 2879 sendam
1158 2850 1303 2887 diligentes
1325 2857 1356 2878 ac
1371 2849 1464 2885 vigiles
1488 2848 1593 2876 animos
1612 2847 1788 2876 exstimulant
1806 2857 1811 2873 :
