  <div class='ocr_page' id='page_1' title='image "/cluster/home/n/w/nwhite01/storage/ocr_20150623/104/njp.32101077772885/691.png"; bbox 0 0 1932 3067; ppageno 0'>
   <div class='ocr_carea' id='block_1_1' title="bbox 128 134 197 170">
    <p class='ocr_par' dir='ltr' id='par_1_1' title="bbox 128 134 197 170">
     <span class='ocr_line' id='line_1_1' title="bbox 128 134 197 170; baseline 0.014 -2"><span class='ocrx_word' id='word_1_1' title='bbox 128 134 197 170; x_wconf 78' lang='lat'><strong>1367</strong></span> 
     </span>
    </p>
   </div>
   <div class='ocr_carea' id='block_1_2' title="bbox 686 140 1194 186">
    <p class='ocr_par' dir='ltr' id='par_1_2' title="bbox 686 140 1194 186">
     <span class='ocr_line' id='line_1_2' title="bbox 686 140 1194 186; baseline -0.006 -15"><span class='ocrx_word' id='word_1_2' title='bbox 686 140 799 171; x_wconf 82' lang='lat' dir='ltr'><strong>PETRI</strong></span> <span class='ocrx_word' id='word_1_3' title='bbox 817 141 1003 186; x_wconf 61' lang='lat' dir='ltr'><strong>AllGORUM</strong></span> <span class='ocrx_word' id='word_1_4' title='bbox 1024 140 1194 171; x_wconf 77' lang='lat' dir='ltr'><strong>EPISCm’I</strong></span> 
     </span>
    </p>
   </div>
   <div class='ocr_carea' id='block_1_3' title="bbox 1693 137 1763 168">
    <p class='ocr_par' dir='ltr' id='par_1_3' title="bbox 1693 137 1763 168">
     <span class='ocr_line' id='line_1_3' title="bbox 1693 137 1763 168; baseline 0.029 -2"><span class='ocrx_word' id='word_1_5' title='bbox 1693 137 1763 168; x_wconf 80' lang='lat'><strong>1368</strong></span> 
     </span>
    </p>
   </div>
   <div class='ocr_carea' id='block_1_4' title="bbox 126 186 1765 231">
    <p class='ocr_par' dir='ltr' id='par_1_4' title="bbox 126 186 1765 231">
     <span class='ocr_line' id='line_1_4' title="bbox 126 186 1765 231; baseline -0.001 -11"><span class='ocrx_word' id='word_1_6' title='bbox 126 190 223 220; x_wconf 77' lang='lat' dir='ltr'><strong>Vitium</strong></span> <span class='ocrx_word' id='word_1_7' title='bbox 244 195 336 220; x_wconf 85' lang='lat' dir='ltr'><strong>autem</strong></span> <span class='ocrx_word' id='word_1_8' title='bbox 351 192 494 227; x_wconf 77' lang='lat' dir='ltr'><strong>exsulabit,</strong></span> <span class='ocrx_word' id='word_1_9' title='bbox 518 197 598 228; x_wconf 89' lang='lat' dir='ltr'><strong>atque</strong></span> <span class='ocrx_word' id='word_1_10' title='bbox 616 193 730 222; x_wconf 85' lang='lat' dir='ltr'><strong>omnino</strong></span> <span class='ocrx_word' id='word_1_11' title='bbox 752 186 912 230; x_wconf 83' lang='lat' dir='ltr'><strong>despectum</strong></span> <span class='ocrx_word' id='word_1_12' title='bbox 930 197 950 226; x_wconf 79' lang='grc' dir='ltr'>Α</span> <span class='ocrx_word' id='word_1_13' title='bbox 965 194 1086 231; x_wconf 82' lang='lat' dir='ltr'><strong>dilargiri</strong></span> <span class='ocrx_word' id='word_1_14' title='bbox 1101 189 1272 229; x_wconf 83' lang='lat' dir='ltr'><strong>petentibus,</strong></span> <span class='ocrx_word' id='word_1_15' title='bbox 1287 191 1511 228; x_wconf 87' lang='lat' dir='ltr'><strong>quandoquidem</strong></span> <span class='ocrx_word' id='word_1_16' title='bbox 1524 190 1643 218; x_wconf 80' lang='lat' dir='ltr'><strong>vicissim</strong></span> <span class='ocrx_word' id='word_1_17' title='bbox 1651 197 1706 217; x_wconf 88' lang='lat' dir='ltr'><strong>non</strong></span> <span class='ocrx_word' id='word_1_18' title='bbox 1721 191 1765 218; x_wconf 88' lang='lat' dir='ltr'><strong>in-</strong></span> 
     </span>
    </p>
   </div>
   <div class='ocr_carea' id='block_1_5' title="bbox 127 236 917 270">
    <p class='ocr_par' dir='ltr' id='par_1_5' title="bbox 127 236 917 270">
     <span class='ocr_line' id='line_1_5' title="bbox 127 236 917 270; baseline 0.005 -6"><span class='ocrx_word' id='word_1_19' title='bbox 127 236 192 264; x_wconf 88' lang='lat' dir='ltr'><strong>odio</strong></span> <span class='ocrx_word' id='word_1_20' title='bbox 209 236 366 270; x_wconf 81' lang='lat' dir='ltr'><strong>habebitur,</strong></span> <span class='ocrx_word' id='word_1_21' title='bbox 383 238 405 265; x_wconf 87' lang='lat' dir='ltr'><strong>si</strong></span> <span class='ocrx_word' id='word_1_22' title='bbox 421 246 483 266; x_wconf 90' lang='lat' dir='ltr'><strong>cum</strong></span> <span class='ocrx_word' id='word_1_23' title='bbox 497 238 599 266; x_wconf 90' lang='lat' dir='ltr'><strong>virtute</strong></span> <span class='ocrx_word' id='word_1_24' title='bbox 612 239 788 270; x_wconf 84' lang='lat' dir='ltr'><strong>conferatur;</strong></span> <span class='ocrx_word' id='word_1_25' title='bbox 805 241 838 267; x_wconf 88' lang='lat' dir='ltr'><strong>de</strong></span> <span class='ocrx_word' id='word_1_26' title='bbox 856 240 917 268; x_wconf 89' lang='lat' dir='ltr'><strong>loco</strong></span> 
     </span>
    </p>
   </div>
   <div class='ocr_carea' id='block_1_6' title="bbox 127 283 917 322">
    <p class='ocr_par' dir='ltr' id='par_1_6' title="bbox 127 283 917 322">
     <span class='ocr_line' id='line_1_6' title="bbox 127 283 917 322; baseline 0.004 -12"><span class='ocrx_word' id='word_1_27' title='bbox 127 283 222 315; x_wconf 84' lang='lat' dir='ltr'><strong>etiam,</strong></span> <span class='ocrx_word' id='word_1_28' title='bbox 243 283 327 311; x_wconf 91' lang='lat' dir='ltr'><strong>veluti</strong></span> <span class='ocrx_word' id='word_1_29' title='bbox 344 289 486 312; x_wconf 64' lang='lat' dir='ltr'><strong>nocturnae</strong></span> <span class='ocrx_word' id='word_1_30' title='bbox 501 285 620 313; x_wconf 77' lang='lat' dir='ltr'><strong>tenebrae</strong></span> <span class='ocrx_word' id='word_1_31' title='bbox 635 285 741 313; x_wconf 81' lang='lat' dir='ltr'><strong>diurnis</strong></span> <span class='ocrx_word' id='word_1_32' title='bbox 766 286 917 322; x_wconf 84' lang='lat' dir='ltr'><strong>splendori-</strong></span> 
     </span>
    </p>
   </div>
   <div class='ocr_carea' id='block_1_7' title="bbox 127 329 919 366">
    <p class='ocr_par' dir='ltr' id='par_1_7' title="bbox 127 329 919 366">
     <span class='ocr_line' id='line_1_7' title="bbox 127 329 919 366; baseline 0.004 -10"><span class='ocrx_word' id='word_1_33' title='bbox 127 329 190 362; x_wconf 83' lang='lat' dir='ltr'><strong>bns,</strong></span> <span class='ocrx_word' id='word_1_34' title='bbox 202 329 238 357; x_wconf 87' lang='lat' dir='ltr'><strong>illi</strong></span> <span class='ocrx_word' id='word_1_35' title='bbox 251 330 392 357; x_wconf 90' lang='lat' dir='ltr'><strong>concedet.</strong></span> <span class='ocrx_word' id='word_1_36' title='bbox 412 329 531 365; x_wconf 86' lang='lat' dir='ltr'><strong>Hujusce</strong></span> <span class='ocrx_word' id='word_1_37' title='bbox 544 331 581 357; x_wconf 86' lang='lat' dir='ltr'><strong>rei</strong></span> <span class='ocrx_word' id='word_1_38' title='bbox 600 331 686 366; x_wconf 85' lang='lat' dir='ltr'><strong>gratia</strong></span> <span class='ocrx_word' id='word_1_39' title='bbox 699 331 740 358; x_wconf 88' lang='lat' dir='ltr'><strong>vel</strong></span> <span class='ocrx_word' id='word_1_40' title='bbox 758 331 815 366; x_wconf 87' lang='lat' dir='ltr'><strong>ipse</strong></span> <span class='ocrx_word' id='word_1_41' title='bbox 843 331 919 359; x_wconf 76' lang='lat' dir='ltr'><strong>Cln-i-</strong></span> 
     </span>
    </p>
   </div>
   <div class='ocr_carea' id='block_1_8' title="bbox 128 374 919 411">
    <p class='ocr_par' dir='ltr' id='par_1_8' title="bbox 128 374 919 411">
     <span class='ocr_line' id='line_1_8' title="bbox 128 374 919 411; baseline 0.005 -11"><span class='ocrx_word' id='word_1_42' title='bbox 128 377 187 401; x_wconf 87' lang='lat' dir='ltr'><strong>stus</strong></span> <span class='ocrx_word' id='word_1_43' title='bbox 203 374 333 402; x_wconf 88' lang='lat' dir='ltr'><strong>Dominus</strong></span> <span class='ocrx_word' id='word_1_44' title='bbox 346 375 472 402; x_wconf 85' lang='lat' dir='ltr'><strong>humanae</strong></span> <span class='ocrx_word' id='word_1_45' title='bbox 488 380 628 411; x_wconf 76' lang='lat' dir='ltr'><strong>reparator</strong></span> <span class='ocrx_word' id='word_1_46' title='bbox 643 381 758 409; x_wconf 72' lang='lat' dir='ltr'><strong>natur-re,</strong></span> <span class='ocrx_word' id='word_1_47' title='bbox 775 385 807 404; x_wconf 87' lang='lat' dir='ltr'><strong>ac</strong></span> <span class='ocrx_word' id='word_1_48' title='bbox 834 378 919 404; x_wconf 88' lang='lat' dir='ltr'><strong>soler-</strong></span> 
     </span>
    </p>
   </div>
   <div class='ocr_carea' id='block_1_9' title="bbox 129 419 921 457">
    <p class='ocr_par' dir='ltr' id='par_1_9' title="bbox 129 419 921 457">
     <span class='ocr_line' id='line_1_9' title="bbox 129 419 921 457; baseline 0.005 -12"><span class='ocrx_word' id='word_1_49' title='bbox 129 419 253 447; x_wconf 78' lang='lat' dir='ltr'><strong>tissimus</strong></span> <span class='ocrx_word' id='word_1_50' title='bbox 285 421 440 448; x_wconf 81' lang='lat' dir='ltr'><strong>moderator</strong></span> <span class='ocrx_word' id='word_1_51' title='bbox 465 428 512 448; x_wconf 89' lang='lat' dir='ltr'><strong>eos</strong></span> <span class='ocrx_word' id='word_1_52' title='bbox 530 421 603 449; x_wconf 91' lang='lat' dir='ltr'><strong>viros</strong></span> <span class='ocrx_word' id='word_1_53' title='bbox 630 422 672 457; x_wconf 85' lang='lat' dir='ltr'><strong>(ut</strong></span> <span class='ocrx_word' id='word_1_54' title='bbox 701 422 805 457; x_wconf 89' lang='lat' dir='ltr'><strong>liquido</strong></span> <span class='ocrx_word' id='word_1_55' title='bbox 824 423 921 450; x_wconf 78' lang='lat' dir='ltr'><strong>suadet</strong></span> 
     </span>
    </p>
   </div>
   <div class='ocr_carea' id='block_1_10' title="bbox 129 464 919 501">
    <p class='ocr_par' dir='ltr' id='par_1_10' title="bbox 129 464 919 501">
     <span class='ocr_line' id='line_1_10' title="bbox 129 464 919 501; baseline 0.005 -10"><span class='ocrx_word' id='word_1_56' title='bbox 129 464 318 501; x_wconf 85' lang='lat' dir='ltr'><strong>Evangelium)</strong></span> <span class='ocrx_word' id='word_1_57' title='bbox 329 466 356 493; x_wconf 94' lang='lat' dir='ltr'><strong>in</strong></span> <span class='ocrx_word' id='word_1_58' title='bbox 371 467 462 494; x_wconf 88' lang='lat' dir='ltr'><strong>album</strong></span> <span class='ocrx_word' id='word_1_59' title='bbox 470 467 554 495; x_wconf 81' lang='lat' dir='ltr'><strong>refert</strong></span> <span class='ocrx_word' id='word_1_60' title='bbox 563 468 720 495; x_wconf 85' lang='lat' dir='ltr'><strong>beatorum.</strong></span> <span class='ocrx_word' id='word_1_61' title='bbox 735 467 919 501; x_wconf 83' lang='lat' dir='ltr'><strong>Quamobrem</strong></span> 
     </span>
    </p>
   </div>
   <div class='ocr_carea' id='block_1_11' title="bbox 129 511 921 549">
    <p class='ocr_par' dir='ltr' id='par_1_11' title="bbox 129 511 921 549">
     <span class='ocr_line' id='line_1_11' title="bbox 129 511 921 549; baseline 0.005 -12"><span class='ocrx_word' id='word_1_62' title='bbox 129 515 158 538; x_wconf 91' lang='lat' dir='ltr'><strong>et</strong></span> <span class='ocrx_word' id='word_1_63' title='bbox 173 519 238 544; x_wconf 84' lang='lat' dir='ltr'><strong>eos.</strong></span> <span class='ocrx_word' id='word_1_64' title='bbox 258 512 304 546; x_wconf 87' lang='lat' dir='ltr'><strong>qui</strong></span> <span class='ocrx_word' id='word_1_65' title='bbox 325 511 464 540; x_wconf 83' lang='lat' dir='ltr'><strong>Christum</strong></span> <span class='ocrx_word' id='word_1_66' title='bbox 488 513 579 548; x_wconf 89' lang='lat' dir='ltr'><strong>ipsum</strong></span> <span class='ocrx_word' id='word_1_67' title='bbox 604 513 705 540; x_wconf 88' lang='lat' dir='ltr'><strong>imitari</strong></span> <span class='ocrx_word' id='word_1_68' title='bbox 729 514 850 546; x_wconf 83' lang='lat' dir='ltr'><strong>student,</strong></span> <span class='ocrx_word' id='word_1_69' title='bbox 871 521 921 549; x_wconf 90' lang='lat' dir='ltr'><strong>pro</strong></span> 
     </span>
    </p>
   </div>
   <div class='ocr_carea' id='block_1_12' title="bbox 130 557 922 595">
    <p class='ocr_par' dir='ltr' id='par_1_12' title="bbox 130 557 922 595">
     <span class='ocr_line' id='line_1_12' title="bbox 130 557 922 595; baseline 0.005 -12"><span class='ocrx_word' id='word_1_70' title='bbox 130 557 201 583; x_wconf 84' lang='lat' dir='ltr'><strong>virili</strong></span> <span class='ocrx_word' id='word_1_71' title='bbox 220 562 296 592; x_wconf 89' lang='lat' dir='ltr'><strong>parte</strong></span> <span class='ocrx_word' id='word_1_72' title='bbox 311 558 437 586; x_wconf 86' lang='lat' dir='ltr'><strong>laudibus</strong></span> <span class='ocrx_word' id='word_1_73' title='bbox 457 559 585 594; x_wconf 85' lang='lat' dir='ltr'><strong>prosequi</strong></span> <span class='ocrx_word' id='word_1_74' title='bbox 601 559 745 592; x_wconf 85' lang='lat' dir='ltr'><strong>debemus,</strong></span> <span class='ocrx_word' id='word_1_75' title='bbox 769 564 864 595; x_wconf 83' lang='lat' dir='ltr'><strong>utpote</strong></span> <span class='ocrx_word' id='word_1_76' title='bbox 880 560 922 587; x_wconf 91' lang='lat' dir='ltr'><strong>di-</strong></span> 
     </span>
    </p>
   </div>
   <div class='ocr_carea' id='block_1_13' title="bbox 131 604 919 641">
    <p class='ocr_par' dir='ltr' id='par_1_13' title="bbox 131 604 919 641">
     <span class='ocr_line' id='line_1_13' title="bbox 131 604 919 641; baseline 0.004 -11"><span class='ocrx_word' id='word_1_77' title='bbox 131 611 183 638; x_wconf 80' lang='lat' dir='ltr'><strong>gna</strong></span> <span class='ocrx_word' id='word_1_78' title='bbox 199 604 259 631; x_wconf 90' lang='lat' dir='ltr'><strong>talis</strong></span> <span class='ocrx_word' id='word_1_79' title='bbox 276 604 373 639; x_wconf 88' lang='lat' dir='ltr'><strong>capitis</strong></span> <span class='ocrx_word' id='word_1_80' title='bbox 390 605 523 638; x_wconf 91' lang='lat' dir='ltr'><strong>membra,</strong></span> <span class='ocrx_word' id='word_1_81' title='bbox 540 605 690 641; x_wconf 85' lang='lat' dir='ltr'><strong>dignasque</strong></span> <span class='ocrx_word' id='word_1_82' title='bbox 705 607 750 634; x_wconf 91' lang='lat' dir='ltr'><strong>tali</strong></span> <span class='ocrx_word' id='word_1_83' title='bbox 768 610 919 641; x_wconf 89' lang='lat' dir='ltr'><strong>prototypo</strong></span> 
     </span>
    </p>
   </div>
   <div class='ocr_carea' id='block_1_14' title="bbox 130 649 923 688">
    <p class='ocr_par' dir='ltr' id='par_1_14' title="bbox 130 649 923 688">
     <span class='ocr_line' id='line_1_14' title="bbox 130 649 923 688; baseline 0.006 -13"><span class='ocrx_word' id='word_1_84' title='bbox 130 649 281 684; x_wconf 80' lang='lat' dir='ltr'><strong>imagines,</strong></span> <span class='ocrx_word' id='word_1_85' title='bbox 302 650 435 685; x_wconf 83' lang='lat' dir='ltr'><strong>quasique</strong></span> <span class='ocrx_word' id='word_1_86' title='bbox 458 652 651 679; x_wconf 82' lang='lat' dir='ltr'><strong>munusculum</strong></span> <span class='ocrx_word' id='word_1_87' title='bbox 677 652 770 680; x_wconf 91' lang='lat' dir='ltr'><strong>animo</strong></span> <span class='ocrx_word' id='word_1_88' title='bbox 798 652 923 688; x_wconf 83' lang='lat' dir='ltr'><strong>quamvis</strong></span> 
     </span>
    </p>
   </div>
   <div class='ocr_carea' id='block_1_15' title="bbox 132 694 926 731">
    <p class='ocr_par' dir='ltr' id='par_1_15' title="bbox 132 694 926 731">
     <span class='ocr_line' id='line_1_15' title="bbox 132 694 926 731; baseline 0.006 -10"><span class='ocrx_word' id='word_1_89' title='bbox 132 694 207 730; x_wconf 90' lang='lat' dir='ltr'><strong>inopi</strong></span> <span class='ocrx_word' id='word_1_90' title='bbox 224 695 332 728; x_wconf 85' lang='lat' dir='ltr'><strong>oll‘erre,</strong></span> <span class='ocrx_word' id='word_1_91' title='bbox 353 701 434 731; x_wconf 86' lang='lat' dir='ltr'><strong>atque</strong></span> <span class='ocrx_word' id='word_1_92' title='bbox 461 697 613 725; x_wconf 86' lang='lat' dir='ltr'><strong>orationem</strong></span> <span class='ocrx_word' id='word_1_93' title='bbox 632 698 732 726; x_wconf 90' lang='lat' dir='ltr'><strong>habere</strong></span> <span class='ocrx_word' id='word_1_94' title='bbox 751 698 926 726; x_wconf 88' lang='lat' dir='ltr'><strong>commenda-</strong></span> 
     </span>
    </p>
   </div>
   <div class='ocr_carea' id='block_1_16' title="bbox 130 740 229 768">
    <p class='ocr_par' dir='ltr' id='par_1_16' title="bbox 130 740 229 768">
     <span class='ocr_line' id='line_1_16' title="bbox 130 740 229 768; baseline 0.01 -1"><span class='ocrx_word' id='word_1_95' title='bbox 130 740 229 768; x_wconf 91' lang='lat' dir='ltr'><strong>titiam.</strong></span> 
     </span>
    </p>
   </div>
   <div class='ocr_carea' id='block_1_17' title="bbox 166 807 924 844">
    <p class='ocr_par' dir='ltr' id='par_1_17' title="bbox 166 807 924 844">
     <span class='ocr_line' id='line_1_17' title="bbox 166 807 924 844; baseline 0.007 -10"><span class='ocrx_word' id='word_1_96' title='bbox 166 807 192 834; x_wconf 81' lang='grc'><strong>2.</strong></span> <span class='ocrx_word' id='word_1_97' title='bbox 217 807 271 835; x_wconf 88' lang='lat' dir='ltr'><strong>Sed</strong></span> <span class='ocrx_word' id='word_1_98' title='bbox 292 807 367 836; x_wconf 89' lang='lat' dir='ltr'><strong>hisce</strong></span> <span class='ocrx_word' id='word_1_99' title='bbox 381 816 426 836; x_wconf 91' lang='lat' dir='ltr'><strong>me</strong></span> <span class='ocrx_word' id='word_1_100' title='bbox 438 809 473 837; x_wconf 91' lang='lat' dir='ltr'><strong>de</strong></span> <span class='ocrx_word' id='word_1_101' title='bbox 495 809 586 837; x_wconf 84' lang='lat' dir='ltr'><strong>causis</strong></span> <span class='ocrx_word' id='word_1_102' title='bbox 606 810 729 838; x_wconf 88' lang='lat' dir='ltr'><strong>excitans</strong></span> <span class='ocrx_word' id='word_1_103' title='bbox 755 818 864 844; x_wconf 88' lang='lat' dir='ltr'><strong>vereor,</strong></span> <span class='ocrx_word' id='word_1_104' title='bbox 888 818 924 839; x_wconf 88' lang='lat' dir='ltr'><strong>ne</strong></span> 
     </span>
    </p>
   </div>
   <div class='ocr_carea' id='block_1_18' title="bbox 967 236 1763 276">
    <p class='ocr_par' dir='ltr' id='par_1_18' title="bbox 967 236 1763 276">
     <span class='ocr_line' id='line_1_18' title="bbox 967 236 1763 276; baseline -0.005 -8"><span class='ocrx_word' id='word_1_105' title='bbox 967 241 1089 276; x_wconf 85' lang='lat' dir='ltr'><strong>gentium</strong></span> <span class='ocrx_word' id='word_1_106' title='bbox 1103 239 1265 275; x_wconf 82' lang='lat' dir='ltr'><strong>dignitatum</strong></span> <span class='ocrx_word' id='word_1_107' title='bbox 1278 246 1310 265; x_wconf 90' lang='lat' dir='ltr'><strong>ac</strong></span> <span class='ocrx_word' id='word_1_108' title='bbox 1332 245 1489 269; x_wconf 80' lang='lat' dir='ltr'><strong>munerum,</strong></span> <span class='ocrx_word' id='word_1_109' title='bbox 1506 236 1553 264; x_wconf 85' lang='lat' dir='ltr'><strong>sed</strong></span> <span class='ocrx_word' id='word_1_110' title='bbox 1568 240 1701 271; x_wconf 59' lang='lat' dir='ltr'><strong>promptae.</strong></span> <span class='ocrx_word' id='word_1_111' title='bbox 1712 244 1763 264; x_wconf 87' lang='lat' dir='ltr'><strong>vo-</strong></span> 
     </span>
    </p>
   </div>
   <div class='ocr_carea' id='block_1_19' title="bbox 968 281 1765 320">
    <p class='ocr_par' dir='ltr' id='par_1_19' title="bbox 968 281 1765 320">
     <span class='ocr_line' id='line_1_19' title="bbox 968 281 1765 320; baseline -0.006 -7"><span class='ocrx_word' id='word_1_112' title='bbox 968 286 1083 313; x_wconf 87' lang='lat' dir='ltr'><strong>luntatis</strong></span> <span class='ocrx_word' id='word_1_113' title='bbox 1102 285 1213 320; x_wconf 67' lang='lat' dir='ltr'><strong>przemia</strong></span> <span class='ocrx_word' id='word_1_114' title='bbox 1227 292 1241 311; x_wconf 92' lang='lat' dir='ltr'><strong>a</strong></span> <span class='ocrx_word' id='word_1_115' title='bbox 1255 283 1385 318; x_wconf 88' lang='lat' dir='ltr'><strong>largitore</strong></span> <span class='ocrx_word' id='word_1_116' title='bbox 1408 283 1465 310; x_wconf 90' lang='lat' dir='ltr'><strong>Deo</strong></span> <span class='ocrx_word' id='word_1_117' title='bbox 1480 281 1672 310; x_wconf 88' lang='lat' dir='ltr'><strong>conferuntur.</strong></span> <span class='ocrx_word' id='word_1_118' title='bbox 1685 282 1765 315; x_wconf 86' lang='lat' dir='ltr'><strong>Quo-</strong></span> 
     </span>
    </p>
   </div>
   <div class='ocr_carea' id='block_1_20' title="bbox 974 328 1766 367">
    <p class='ocr_par' dir='ltr' id='par_1_20' title="bbox 974 328 1766 367">
     <span class='ocr_line' id='line_1_20' title="bbox 974 328 1766 367; baseline -0.004 -8"><span class='ocrx_word' id='word_1_119' title='bbox 974 333 1046 360; x_wconf 84' lang='lat' dir='ltr'><strong>circa</strong></span> <span class='ocrx_word' id='word_1_120' title='bbox 1062 332 1122 367; x_wconf 86' lang='lat' dir='ltr'><strong>ejus</strong></span> <span class='ocrx_word' id='word_1_121' title='bbox 1143 330 1266 366; x_wconf 87' lang='lat' dir='ltr'><strong>potentia</strong></span> <span class='ocrx_word' id='word_1_122' title='bbox 1292 329 1393 362; x_wconf 88' lang='lat' dir='ltr'><strong>fretus,</strong></span> <span class='ocrx_word' id='word_1_123' title='bbox 1422 328 1469 364; x_wconf 90' lang='lat' dir='ltr'><strong>qui</strong></span> <span class='ocrx_word' id='word_1_124' title='bbox 1496 328 1530 355; x_wconf 84' lang='lat' dir='ltr'><strong>ad</strong></span> <span class='ocrx_word' id='word_1_125' title='bbox 1560 328 1678 362; x_wconf 90' lang='lat' dir='ltr'><strong>primum</strong></span> <span class='ocrx_word' id='word_1_126' title='bbox 1708 328 1766 356; x_wconf 88' lang='lat' dir='ltr'><strong>oris</strong></span> 
     </span>
    </p>
   </div>
   <div class='ocr_carea' id='block_1_21' title="bbox 971 375 1767 408">
    <p class='ocr_par' dir='ltr' id='par_1_21' title="bbox 971 375 1767 408">
     <span class='ocr_line' id='line_1_21' title="bbox 971 375 1767 408; baseline -0.001 -4"><span class='ocrx_word' id='word_1_127' title='bbox 971 378 1076 404; x_wconf 85' lang='lat' dir='ltr'><strong>hiatum</strong></span> <span class='ocrx_word' id='word_1_128' title='bbox 1099 376 1255 404; x_wconf 80' lang='lat' dir='ltr'><strong>facundiam</strong></span> <span class='ocrx_word' id='word_1_129' title='bbox 1269 376 1471 408; x_wconf 83' lang='lat' dir='ltr'><strong>subministrat,</strong></span> <span class='ocrx_word' id='word_1_130' title='bbox 1483 375 1516 402; x_wconf 90' lang='lat' dir='ltr'><strong>ad</strong></span> <span class='ocrx_word' id='word_1_131' title='bbox 1532 375 1633 403; x_wconf 84' lang='lat' dir='ltr'><strong>solidas</strong></span> <span class='ocrx_word' id='word_1_132' title='bbox 1651 375 1767 403; x_wconf 87' lang='lat' dir='ltr'><strong>illustris</strong></span> 
     </span>
    </p>
   </div>
   <div class='ocr_carea' id='block_1_22' title="bbox 970 419 1766 456">
    <p class='ocr_par' dir='ltr' id='par_1_22' title="bbox 970 419 1766 456">
     <span class='ocr_line' id='line_1_22' title="bbox 970 419 1766 456; baseline -0.003 -6"><span class='ocrx_word' id='word_1_133' title='bbox 970 422 1109 456; x_wconf 80' lang='lat' dir='ltr'><strong>divinique</strong></span> <span class='ocrx_word' id='word_1_134' title='bbox 1123 422 1175 449; x_wconf 91' lang='lat' dir='ltr'><strong>viri</strong></span> <span class='ocrx_word' id='word_1_135' title='bbox 1188 421 1293 453; x_wconf 83' lang='lat' dir='ltr'><strong>laudes,</strong></span> <span class='ocrx_word' id='word_1_136' title='bbox 1310 421 1356 456; x_wconf 93' lang='lat' dir='ltr'><strong>qui</strong></span> <span class='ocrx_word' id='word_1_137' title='bbox 1372 428 1415 448; x_wconf 85' lang='lat' dir='ltr'><strong>tne</strong></span> <span class='ocrx_word' id='word_1_138' title='bbox 1431 420 1515 447; x_wconf 90' lang='lat' dir='ltr'><strong>etiam</strong></span> <span class='ocrx_word' id='word_1_139' title='bbox 1533 419 1641 453; x_wconf 86' lang='lat' dir='ltr'><strong>invitat,</strong></span> <span class='ocrx_word' id='word_1_140' title='bbox 1662 419 1766 448; x_wconf 73' lang='lat' dir='ltr'><strong>oratio-</strong></span> 
     </span>
    </p>
   </div>
   <div class='ocr_carea' id='block_1_23' title="bbox 973 468 1606 503">
    <p class='ocr_par' dir='ltr' id='par_1_23' title="bbox 973 468 1606 503">
     <span class='ocr_line' id='line_1_23' title="bbox 973 468 1606 503; baseline -0.003 -7"><span class='ocrx_word' id='word_1_141' title='bbox 973 476 1007 496; x_wconf 90' lang='lat' dir='ltr'><strong>ne</strong></span> <span class='ocrx_word' id='word_1_142' title='bbox 1020 468 1243 503; x_wconf 88' lang='lat' dir='ltr'><strong>complcctendas</strong></span> <span class='ocrx_word' id='word_1_143' title='bbox 1260 475 1364 495; x_wconf 91' lang='lat' dir='ltr'><strong>morem</strong></span> <span class='ocrx_word' id='word_1_144' title='bbox 1379 474 1477 503; x_wconf 82' lang='lat' dir='ltr'><strong>gerens</strong></span> <span class='ocrx_word' id='word_1_145' title='bbox 1490 468 1606 496; x_wconf 87' lang='lat' dir='ltr'><strong>accessi.</strong></span> 
     </span>
    </p>
   </div>
   <div class='ocr_carea' id='block_1_24' title="bbox 972 528 1765 563">
    <p class='ocr_par' dir='ltr' id='par_1_24' title="bbox 972 528 1765 563">
     <span class='ocr_line' id='line_1_24' title="bbox 972 528 1765 563; baseline -0.006 -3"><span class='ocrx_word' id='word_1_146' title='bbox 972 533 1038 561; x_wconf 75' lang='lat' dir='ltr'><strong>CAP.</strong></span> <span class='ocrx_word' id='word_1_147' title='bbox 1061 532 1094 559; x_wconf 90' lang='lat' dir='ltr'><strong>ll.</strong></span> <span class='ocrx_word' id='word_1_148' title='bbox 1117 547 1151 552; x_wconf 93' lang='lat'>—</span> <span class='ocrx_word' id='word_1_149' title='bbox 1166 531 1259 560; x_wconf 83' lang='lat' dir='ltr'><strong>Sancti</strong></span> <span class='ocrx_word' id='word_1_150' title='bbox 1283 531 1422 558; x_wconf 66' lang='lat' dir='ltr'><strong>Athan/uit</strong></span> <span class='ocrx_word' id='word_1_151' title='bbox 1448 535 1530 563; x_wconf 78' lang='lat' dir='ltr'><strong>ortus,</strong></span> <span class='ocrx_word' id='word_1_152' title='bbox 1557 529 1690 562; x_wconf 68' lang='lat' dir='ltr'><strong>exsilium,</strong></span> <span class='ocrx_word' id='word_1_153' title='bbox 1709 528 1765 556; x_wconf 72' lang='lat' dir='ltr'><strong>vita</strong></span> 
     </span>
    </p>
   </div>
   <div class='ocr_carea' id='block_1_25' title="bbox 1282 577 1440 604">
    <p class='ocr_par' dir='ltr' id='par_1_25' title="bbox 1282 577 1440 604">
     <span class='ocr_line' id='line_1_25' title="bbox 1282 577 1440 604; baseline -0.006 0"><span class='ocrx_word' id='word_1_154' title='bbox 1282 577 1440 604; x_wconf 81' lang='lat' dir='ltr'><strong>monastica.</strong></span> 
     </span>
    </p>
   </div>
   <div class='ocr_carea' id='block_1_26' title="bbox 1009 628 1768 667">
    <p class='ocr_par' dir='ltr' id='par_1_26' title="bbox 1009 628 1768 667">
     <span class='ocr_line' id='line_1_26' title="bbox 1009 628 1768 667; baseline -0.008 -6"><span class='ocrx_word' id='word_1_155' title='bbox 1009 635 1036 661; x_wconf 82' lang='lat'><strong>&#39;5.</strong></span> <span class='ocrx_word' id='word_1_156' title='bbox 1064 633 1152 661; x_wconf 84' lang='lat' dir='ltr'><strong>Patria</strong></span> <span class='ocrx_word' id='word_1_157' title='bbox 1167 632 1249 667; x_wconf 81' lang='lat' dir='ltr'><strong>igitur</strong></span> <span class='ocrx_word' id='word_1_158' title='bbox 1264 631 1358 666; x_wconf 82' lang='lat' dir='ltr'><strong>hujus,</strong></span> <span class='ocrx_word' id='word_1_159' title='bbox 1380 630 1429 665; x_wconf 91' lang='lat' dir='ltr'><strong>qui</strong></span> <span class='ocrx_word' id='word_1_160' title='bbox 1442 637 1517 657; x_wconf 92' lang='lat' dir='ltr'><strong>nunc</strong></span> <span class='ocrx_word' id='word_1_161' title='bbox 1530 629 1597 657; x_wconf 93' lang='lat' dir='ltr'><strong>mihi</strong></span> <span class='ocrx_word' id='word_1_162' title='bbox 1612 628 1768 657; x_wconf 82' lang='lat' dir='ltr'><strong>laudandus</strong></span> 
     </span>
    </p>
   </div>
   <div class='ocr_carea' id='block_1_27' title="bbox 975 675 1766 711">
    <p class='ocr_par' dir='ltr' id='par_1_27' title="bbox 975 675 1766 711">
     <span class='ocr_line' id='line_1_27' title="bbox 975 675 1766 711; baseline -0.009 -3"><span class='ocrx_word' id='word_1_163' title='bbox 975 685 1027 711; x_wconf 89' lang='lat' dir='ltr'><strong>est,</strong></span> <span class='ocrx_word' id='word_1_164' title='bbox 1041 679 1114 707; x_wconf 82' lang='lat' dir='ltr'><strong>beati</strong></span> <span class='ocrx_word' id='word_1_165' title='bbox 1134 678 1222 705; x_wconf 87' lang='lat' dir='ltr'><strong>Patris</strong></span> <span class='ocrx_word' id='word_1_166' title='bbox 1237 676 1389 709; x_wconf 83' lang='lat' dir='ltr'><strong>Athanasii,</strong></span> <span class='ocrx_word' id='word_1_167' title='bbox 1406 676 1494 710; x_wconf 92' lang='lat' dir='ltr'><strong>prima</strong></span> <span class='ocrx_word' id='word_1_168' title='bbox 1509 675 1618 710; x_wconf 86' lang='lat' dir='ltr'><strong>quidem</strong></span> <span class='ocrx_word' id='word_1_169' title='bbox 1636 682 1668 702; x_wconf 89' lang='lat' dir='ltr'><strong>ac</strong></span> <span class='ocrx_word' id='word_1_170' title='bbox 1690 681 1766 706; x_wconf 86' lang='lat' dir='ltr'><strong>vera,</strong></span> 
     </span>
    </p>
   </div>
   <div class='ocr_carea' id='block_1_28' title="bbox 979 719 1769 756">
    <p class='ocr_par' dir='ltr' id='par_1_28' title="bbox 979 719 1769 756">
     <span class='ocr_line' id='line_1_28' title="bbox 979 719 1769 756; baseline -0.009 -3"><span class='ocrx_word' id='word_1_171' title='bbox 979 726 1025 753; x_wconf 90' lang='lat' dir='ltr'><strong>illa</strong></span> <span class='ocrx_word' id='word_1_172' title='bbox 1040 729 1084 752; x_wconf 86' lang='lat' dir='ltr'><strong>est</strong></span> <span class='ocrx_word' id='word_1_173' title='bbox 1103 723 1234 756; x_wconf 74' lang='lat' dir='ltr'><strong>ewlestis,</strong></span> <span class='ocrx_word' id='word_1_174' title='bbox 1258 722 1303 749; x_wconf 91' lang='lat' dir='ltr'><strong>ubi</strong></span> <span class='ocrx_word' id='word_1_175' title='bbox 1315 728 1369 749; x_wconf 88' lang='lat' dir='ltr'><strong>una</strong></span> <span class='ocrx_word' id='word_1_176' title='bbox 1381 729 1444 748; x_wconf 88' lang='lat' dir='ltr'><strong>cum</strong></span> <span class='ocrx_word' id='word_1_177' title='bbox 1456 720 1557 748; x_wconf 82' lang='lat' dir='ltr'><strong>sanctis</strong></span> <span class='ocrx_word' id='word_1_178' title='bbox 1568 720 1602 747; x_wconf 92' lang='lat' dir='ltr'><strong>ab</strong></span> <span class='ocrx_word' id='word_1_179' title='bbox 1615 719 1769 747; x_wconf 80' lang='lat' dir='ltr'><strong>:eternitate</strong></span> 
     </span>
    </p>
   </div>
   <div class='ocr_carea' id='block_1_29' title="bbox 978 765 1769 804">
    <p class='ocr_par' dir='ltr' id='par_1_29' title="bbox 978 765 1769 804">
     <span class='ocr_line' id='line_1_29' title="bbox 978 765 1769 804; baseline -0.01 -5"><span class='ocrx_word' id='word_1_180' title='bbox 978 772 1069 799; x_wconf 84' lang='lat' dir='ltr'><strong>fuerat</strong></span> <span class='ocrx_word' id='word_1_181' title='bbox 1092 769 1258 804; x_wconf 83' lang='lat' dir='ltr'><strong>adscriptus,</strong></span> <span class='ocrx_word' id='word_1_182' title='bbox 1277 773 1306 795; x_wconf 90' lang='lat' dir='ltr'><strong>et</strong></span> <span class='ocrx_word' id='word_1_183' title='bbox 1321 775 1336 794; x_wconf 93' lang='lat' dir='ltr'><strong>a</strong></span> <span class='ocrx_word' id='word_1_184' title='bbox 1359 767 1459 794; x_wconf 90' lang='lat' dir='ltr'><strong>teneris</strong></span> <span class='ocrx_word' id='word_1_185' title='bbox 1481 766 1632 801; x_wconf 78' lang='lat' dir='ltr'><strong>unguiculis</strong></span> <span class='ocrx_word' id='word_1_186' title='bbox 1653 766 1688 792; x_wconf 89' lang='lat' dir='ltr'><strong>ab</strong></span> <span class='ocrx_word' id='word_1_187' title='bbox 1712 765 1769 792; x_wconf 90' lang='lat' dir='ltr'><strong>ele-</strong></span> 
     </span>
    </p>
   </div>
   <div class='ocr_carea' id='block_1_30' title="bbox 977 812 1768 846">
    <p class='ocr_par' dir='ltr' id='par_1_30' title="bbox 977 812 1768 846">
     <span class='ocr_line' id='line_1_30' title="bbox 977 812 1768 846; baseline -0.011 -1"><span class='ocrx_word' id='word_1_188' title='bbox 977 818 1068 846; x_wconf 87' lang='lat' dir='ltr'><strong>cti0ne</strong></span> <span class='ocrx_word' id='word_1_189' title='bbox 1087 824 1143 844; x_wconf 89' lang='lat' dir='ltr'><strong>non</strong></span> <span class='ocrx_word' id='word_1_190' title='bbox 1166 815 1268 843; x_wconf 82' lang='lat' dir='ltr'><strong>excidit</strong></span> <span class='ocrx_word' id='word_1_191' title='bbox 1284 822 1291 840; x_wconf 73' lang='grc' dir='ltr'>ε</span> <span class='ocrx_word' id='word_1_192' title='bbox 1309 814 1394 841; x_wconf 88' lang='lat' dir='ltr'><strong>altera</strong></span> <span class='ocrx_word' id='word_1_193' title='bbox 1410 820 1476 840; x_wconf 79' lang='lat' dir='ltr'><strong>vero</strong></span> <span class='ocrx_word' id='word_1_194' title='bbox 1497 812 1594 846; x_wconf 84' lang='lat' dir='ltr'><strong>patria.</strong></span> <span class='ocrx_word' id='word_1_195' title='bbox 1620 815 1724 839; x_wconf 89' lang='lat' dir='ltr'><strong>tantum</strong></span> <span class='ocrx_word' id='word_1_196' title='bbox 1752 817 1768 837; x_wconf 90' lang='lat' dir='ltr'><strong>a</strong></span> 
     </span>
    </p>
   </div>
   <div class='ocr_carea' id='block_1_31' title="bbox 130 853 1769 900">
    <p class='ocr_par' dir='ltr' id='par_1_31' title="bbox 130 853 1769 900">
     <span class='ocr_line' id='line_1_31' title="bbox 130 853 1769 900; baseline -0.002 -20"><span class='ocrx_word' id='word_1_197' title='bbox 130 853 200 881; x_wconf 89' lang='lat' dir='ltr'><strong>mihi</strong></span> <span class='ocrx_word' id='word_1_198' title='bbox 221 854 343 881; x_wconf 71' lang='lat' dir='ltr'><strong>audacia:</strong></span> <span class='ocrx_word' id='word_1_199' title='bbox 366 855 492 882; x_wconf 88' lang='lat' dir='ltr'><strong>inuratur</strong></span> <span class='ocrx_word' id='word_1_200' title='bbox 509 859 591 888; x_wconf 87' lang='lat' dir='ltr'><strong>nota,</strong></span> <span class='ocrx_word' id='word_1_201' title='bbox 603 856 676 891; x_wconf 67' lang='lat' dir='ltr'><strong>(dum</strong></span> <span class='ocrx_word' id='word_1_202' title='bbox 702 856 814 884; x_wconf 89' lang='lat' dir='ltr'><strong>laudare</strong></span> <span class='ocrx_word' id='word_1_203' title='bbox 836 857 924 892; x_wconf 86' lang='lat' dir='ltr'><strong>gestio</strong></span> <span class='ocrx_word' id='word_1_204' title='bbox 940 874 960 900; x_wconf 78' lang='grc' dir='ltr'><strong><em>Β</em></strong></span> <span class='ocrx_word' id='word_1_205' title='bbox 976 864 1062 899; x_wconf 65' lang='lat' dir='ltr'><strong>prima</strong></span> <span class='ocrx_word' id='word_1_206' title='bbox 1076 863 1189 894; x_wconf 54' lang='lat' dir='ltr'><strong>distans,</strong></span> <span class='ocrx_word' id='word_1_207' title='bbox 1206 864 1337 896; x_wconf 61' lang='lat' dir='ltr'><strong>quantum</strong></span> <span class='ocrx_word' id='word_1_208' title='bbox 1354 867 1370 886; x_wconf 67' lang='grc' dir='ltr'><strong><em>ε</em></strong></span> <span class='ocrx_word' id='word_1_209' title='bbox 1396 858 1521 886; x_wconf 61' lang='lat' dir='ltr'><strong>vel-iratis</strong></span> <span class='ocrx_word' id='word_1_210' title='bbox 1541 857 1602 884; x_wconf 76' lang='lat' dir='ltr'><strong>luce</strong></span> <span class='ocrx_word' id='word_1_211' title='bbox 1627 856 1714 891; x_wconf 62' lang='lat' dir='ltr'><strong>caligo</strong></span> <span class='ocrx_word' id='word_1_212' title='bbox 1727 860 1769 883; x_wconf 64' lang='lat' dir='ltr'><strong>re.</strong></span> 
     </span>
    </p>
   </div>
   <div class='ocr_carea' id='block_1_32' title="bbox 130 900 920 937">
    <p class='ocr_par' dir='ltr' id='par_1_32' title="bbox 130 900 920 937">
     <span class='ocr_line' id='line_1_32' title="bbox 130 900 920 937; baseline 0.004 -11"><span class='ocrx_word' id='word_1_213' title='bbox 130 900 322 933; x_wconf 80' lang='lat' dir='ltr'><strong>Athanasium,</strong></span> <span class='ocrx_word' id='word_1_214' title='bbox 340 902 386 936; x_wconf 91' lang='lat' dir='ltr'><strong>qui</strong></span> <span class='ocrx_word' id='word_1_215' title='bbox 403 902 593 937; x_wconf 77' lang='lat' dir='ltr'><strong>cognominem</strong></span> <span class='ocrx_word' id='word_1_216' title='bbox 613 901 708 929; x_wconf 83' lang='lat' dir='ltr'><strong>habuit</strong></span> <span class='ocrx_word' id='word_1_217' title='bbox 730 902 920 930; x_wconf 91' lang='lat' dir='ltr'><strong>immortalita-</strong></span> 
     </span>
    </p>
   </div>
   <div class='ocr_carea' id='block_1_33' title="bbox 132 946 920 984">
    <p class='ocr_par' dir='ltr' id='par_1_33' title="bbox 132 946 920 984">
     <span class='ocr_line' id='line_1_33' title="bbox 132 946 920 984; baseline 0.005 -12"><span class='ocrx_word' id='word_1_218' title='bbox 132 950 214 973; x_wconf 89' lang='lat' dir='ltr'><strong>tatem</strong></span> <span class='ocrx_word' id='word_1_219' title='bbox 234 946 282 982; x_wconf 85' lang='lat' dir='ltr'><strong>(l).</strong></span> <span class='ocrx_word' id='word_1_220' title='bbox 302 947 406 975; x_wconf 87' lang='lat' dir='ltr'><strong>Tamen</strong></span> <span class='ocrx_word' id='word_1_221' title='bbox 427 956 488 976; x_wconf 90' lang='lat' dir='ltr'><strong>cum</strong></span> <span class='ocrx_word' id='word_1_222' title='bbox 504 953 596 976; x_wconf 90' lang='lat' dir='ltr'><strong>tantus</strong></span> <span class='ocrx_word' id='word_1_223' title='bbox 607 956 638 976; x_wconf 89' lang='lat' dir='ltr'><strong>ac</strong></span> <span class='ocrx_word' id='word_1_224' title='bbox 658 949 719 976; x_wconf 87' lang='lat' dir='ltr'><strong>talis</strong></span> <span class='ocrx_word' id='word_1_225' title='bbox 735 949 780 982; x_wconf 88' lang='lat' dir='ltr'><strong>sit,</strong></span> <span class='ocrx_word' id='word_1_226' title='bbox 797 950 920 984; x_wconf 88' lang='lat' dir='ltr'><strong>ejusdem</strong></span> 
     </span>
    </p>
   </div>
   <div class='ocr_carea' id='block_1_34' title="bbox 131 990 922 1029">
    <p class='ocr_par' dir='ltr' id='par_1_34' title="bbox 131 990 922 1029">
     <span class='ocr_line' id='line_1_34' title="bbox 131 990 922 1029; baseline 0.005 -11"><span class='ocrx_word' id='word_1_227' title='bbox 131 990 203 1018; x_wconf 85' lang='lat' dir='ltr'><strong>bona</strong></span> <span class='ocrx_word' id='word_1_228' title='bbox 218 997 318 1023; x_wconf 88' lang='lat' dir='ltr'><strong>tacere.</strong></span> <span class='ocrx_word' id='word_1_229' title='bbox 339 997 422 1027; x_wconf 86' lang='lat' dir='ltr'><strong>atque</strong></span> <span class='ocrx_word' id='word_1_230' title='bbox 438 993 596 1026; x_wconf 83' lang='lat' dir='ltr'><strong>utilitatem,</strong></span> <span class='ocrx_word' id='word_1_231' title='bbox 612 1002 673 1029; x_wconf 70' lang='lat' dir='ltr'><strong>quae</strong></span> <span class='ocrx_word' id='word_1_232' title='bbox 693 994 727 1022; x_wconf 87' lang='lat' dir='ltr'><strong>ab</strong></span> <span class='ocrx_word' id='word_1_233' title='bbox 735 1002 769 1021; x_wconf 89' lang='lat' dir='ltr'><strong>eo</strong></span> <span class='ocrx_word' id='word_1_234' title='bbox 778 995 837 1029; x_wconf 92' lang='lat' dir='ltr'><strong>capi</strong></span> <span class='ocrx_word' id='word_1_235' title='bbox 858 1002 922 1029; x_wconf 88' lang='lat' dir='ltr'><strong>pos-</strong></span> 
     </span>
    </p>
   </div>
   <div class='ocr_carea' id='block_1_35' title="bbox 131 1035 923 1073">
    <p class='ocr_par' dir='ltr' id='par_1_35' title="bbox 131 1035 923 1073">
     <span class='ocr_line' id='line_1_35' title="bbox 131 1035 923 1073; baseline 0.006 -11"><span class='ocrx_word' id='word_1_236' title='bbox 131 1039 183 1067; x_wconf 81' lang='lat' dir='ltr'><strong>set,</strong></span> <span class='ocrx_word' id='word_1_237' title='bbox 199 1035 408 1072; x_wconf 86' lang='lat' dir='ltr'><strong>haudquaquam</strong></span> <span class='ocrx_word' id='word_1_238' title='bbox 425 1038 503 1065; x_wconf 80' lang='lat' dir='ltr'><strong>decet</strong></span> <span class='ocrx_word' id='word_1_239' title='bbox 520 1039 689 1073; x_wconf 89' lang='lat' dir='ltr'><strong>compressis</strong></span> <span class='ocrx_word' id='word_1_240' title='bbox 704 1039 790 1066; x_wconf 85' lang='lat' dir='ltr'><strong>labris</strong></span> <span class='ocrx_word' id='word_1_241' title='bbox 802 1040 923 1067; x_wconf 83' lang='lat' dir='ltr'><strong>occulta-</strong></span> 
     </span>
    </p>
   </div>
   <div class='ocr_carea' id='block_1_36' title="bbox 132 1082 922 1118">
    <p class='ocr_par' dir='ltr' id='par_1_36' title="bbox 132 1082 922 1118">
     <span class='ocr_line' id='line_1_36' title="bbox 132 1082 922 1118; baseline 0.006 -10"><span class='ocrx_word' id='word_1_242' title='bbox 132 1088 162 1108; x_wconf 88' lang='lat' dir='ltr'><strong>re</strong></span> <span class='ocrx_word' id='word_1_243' title='bbox 179 1102 186 1114; x_wconf 93' lang='lat'><strong>,</strong></span> <span class='ocrx_word' id='word_1_244' title='bbox 201 1089 236 1109; x_wconf 88' lang='lat' dir='ltr'><strong>ne</strong></span> <span class='ocrx_word' id='word_1_245' title='bbox 251 1082 288 1109; x_wconf 91' lang='lat' dir='ltr'><strong>illi</strong></span> <span class='ocrx_word' id='word_1_246' title='bbox 309 1083 456 1117; x_wconf 87' lang='lat' dir='ltr'><strong>persimilis</strong></span> <span class='ocrx_word' id='word_1_247' title='bbox 476 1091 634 1118; x_wconf 85' lang='lat' dir='ltr'><strong>appaream,</strong></span> <span class='ocrx_word' id='word_1_248' title='bbox 651 1085 697 1118; x_wconf 91' lang='lat' dir='ltr'><strong>qui</strong></span> <span class='ocrx_word' id='word_1_249' title='bbox 712 1084 847 1112; x_wconf 89' lang='lat' dir='ltr'><strong>creditum</strong></span> <span class='ocrx_word' id='word_1_250' title='bbox 871 1085 922 1113; x_wconf 91' lang='lat' dir='ltr'><strong>sibi</strong></span> 
     </span>
    </p>
   </div>
   <div class='ocr_carea' id='block_1_37' title="bbox 132 1127 923 1163">
    <p class='ocr_par' dir='ltr' id='par_1_37' title="bbox 132 1127 923 1163">
     <span class='ocr_line' id='line_1_37' title="bbox 132 1127 923 1163; baseline 0.005 -9"><span class='ocrx_word' id='word_1_251' title='bbox 132 1127 265 1154; x_wconf 82' lang='lat' dir='ltr'><strong>talentum</strong></span> <span class='ocrx_word' id='word_1_252' title='bbox 288 1135 336 1163; x_wconf 87' lang='lat' dir='ltr'><strong>per</strong></span> <span class='ocrx_word' id='word_1_253' title='bbox 355 1137 441 1156; x_wconf 81' lang='lat' dir='ltr'><strong>vanos</strong></span> <span class='ocrx_word' id='word_1_254' title='bbox 465 1129 578 1157; x_wconf 82' lang='lat' dir='ltr'><strong>timores</strong></span> <span class='ocrx_word' id='word_1_255' title='bbox 596 1130 713 1157; x_wconf 90' lang='lat' dir='ltr'><strong>celatum</strong></span> <span class='ocrx_word' id='word_1_256' title='bbox 746 1131 831 1158; x_wconf 93' lang='lat' dir='ltr'><strong>humo</strong></span> <span class='ocrx_word' id='word_1_257' title='bbox 852 1131 923 1159; x_wconf 88' lang='lat' dir='ltr'><strong>male</strong></span> 
     </span>
    </p>
   </div>
   <div class='ocr_carea' id='block_1_38' title="bbox 132 1173 923 1209">
    <p class='ocr_par' dir='ltr' id='par_1_38' title="bbox 132 1173 923 1209">
     <span class='ocr_line' id='line_1_38' title="bbox 132 1173 923 1209; baseline 0.005 -10"><span class='ocrx_word' id='word_1_258' title='bbox 132 1173 343 1200; x_wconf 86' lang='lat' dir='ltr'><strong>commendavit.</strong></span> <span class='ocrx_word' id='word_1_259' title='bbox 364 1174 454 1208; x_wconf 83' lang='lat' dir='ltr'><strong>Atque</strong></span> <span class='ocrx_word' id='word_1_260' title='bbox 469 1175 538 1201; x_wconf 89' lang='lat' dir='ltr'><strong>alius</strong></span> <span class='ocrx_word' id='word_1_261' title='bbox 562 1174 672 1209; x_wconf 91' lang='lat' dir='ltr'><strong>quidem</strong></span> <span class='ocrx_word' id='word_1_262' title='bbox 694 1175 765 1202; x_wconf 85' lang='lat' dir='ltr'><strong>inter</strong></span> <span class='ocrx_word' id='word_1_263' title='bbox 792 1177 923 1203; x_wconf 86' lang='lat' dir='ltr'><strong>rhetores</strong></span> 
     </span>
    </p>
   </div>
   <div class='ocr_carea' id='block_1_39' title="bbox 134 1218 925 1255">
    <p class='ocr_par' dir='ltr' id='par_1_39' title="bbox 134 1218 925 1255">
     <span class='ocr_line' id='line_1_39' title="bbox 134 1218 925 1255; baseline 0.004 -9"><span class='ocrx_word' id='word_1_264' title='bbox 134 1218 244 1246; x_wconf 88' lang='lat' dir='ltr'><strong>dicendi</strong></span> <span class='ocrx_word' id='word_1_265' title='bbox 260 1219 393 1247; x_wconf 88' lang='lat' dir='ltr'><strong>industria</strong></span> <span class='ocrx_word' id='word_1_266' title='bbox 414 1220 560 1255; x_wconf 83' lang='lat' dir='ltr'><strong>expolitus,</strong></span> <span class='ocrx_word' id='word_1_267' title='bbox 572 1221 618 1255; x_wconf 91' lang='lat' dir='ltr'><strong>qui</strong></span> <span class='ocrx_word' id='word_1_268' title='bbox 633 1221 703 1248; x_wconf 90' lang='lat' dir='ltr'><strong>nolit</strong></span> <span class='ocrx_word' id='word_1_269' title='bbox 718 1228 779 1249; x_wconf 87' lang='lat' dir='ltr'><strong>sese</strong></span> <span class='ocrx_word' id='word_1_270' title='bbox 792 1222 862 1249; x_wconf 88' lang='lat' dir='ltr'><strong>intra</strong></span> <span class='ocrx_word' id='word_1_271' title='bbox 878 1229 925 1249; x_wconf 87' lang='lat' dir='ltr'><strong>en-</strong></span> 
     </span>
    </p>
   </div>
   <div class='ocr_carea' id='block_1_40' title="bbox 136 1265 924 1302">
    <p class='ocr_par' dir='ltr' id='par_1_40' title="bbox 136 1265 924 1302">
     <span class='ocr_line' id='line_1_40' title="bbox 136 1265 924 1302; baseline 0.004 -11"><span class='ocrx_word' id='word_1_272' title='bbox 136 1265 287 1291; x_wconf 90' lang='lat' dir='ltr'><strong>comiorum</strong></span> <span class='ocrx_word' id='word_1_273' title='bbox 311 1265 380 1293; x_wconf 88' lang='lat' dir='ltr'><strong>fines</strong></span> <span class='ocrx_word' id='word_1_274' title='bbox 392 1266 543 1298; x_wconf 86' lang='lat' dir='ltr'><strong>continere,</strong></span> <span class='ocrx_word' id='word_1_275' title='bbox 558 1274 591 1293; x_wconf 81' lang='lat' dir='ltr'><strong>ex</strong></span> <span class='ocrx_word' id='word_1_276' title='bbox 612 1266 686 1294; x_wconf 89' lang='lat' dir='ltr'><strong>hisce</strong></span> <span class='ocrx_word' id='word_1_277' title='bbox 706 1267 842 1299; x_wconf 88' lang='lat' dir='ltr'><strong>laudibus,</strong></span> <span class='ocrx_word' id='word_1_278' title='bbox 857 1275 924 1302; x_wconf 89' lang='lat' dir='ltr'><strong>quas</strong></span> 
     </span>
    </p>
   </div>
   <div class='ocr_carea' id='block_1_41' title="bbox 133 1311 924 1348">
    <p class='ocr_par' dir='ltr' id='par_1_41' title="bbox 133 1311 924 1348">
     <span class='ocr_line' id='line_1_41' title="bbox 133 1311 924 1348; baseline 0.004 -10"><span class='ocrx_word' id='word_1_279' title='bbox 133 1311 290 1346; x_wconf 85' lang='lat' dir='ltr'><strong>subjiciam,</strong></span> <span class='ocrx_word' id='word_1_280' title='bbox 319 1311 532 1340; x_wconf 83' lang='lat' dir='ltr'><strong>famosissimum</strong></span> <span class='ocrx_word' id='word_1_281' title='bbox 555 1313 629 1340; x_wconf 89' lang='lat' dir='ltr'><strong>hunc</strong></span> <span class='ocrx_word' id='word_1_282' title='bbox 650 1313 738 1340; x_wconf 89' lang='lat' dir='ltr'><strong>virum</strong></span> <span class='ocrx_word' id='word_1_283' title='bbox 749 1314 858 1348; x_wconf 61' lang='lat' dir='ltr'><strong>(poterit</strong></span> <span class='ocrx_word' id='word_1_284' title='bbox 875 1322 924 1348; x_wconf 90' lang='lat' dir='ltr'><strong>pro</strong></span> 
     </span>
    </p>
   </div>
   <div class='ocr_carea' id='block_1_42' title="bbox 133 1357 925 1395">
    <p class='ocr_par' dir='ltr' id='par_1_42' title="bbox 133 1357 925 1395">
     <span class='ocr_line' id='line_1_42' title="bbox 133 1357 925 1395; baseline 0.003 -11"><span class='ocrx_word' id='word_1_285' title='bbox 133 1357 266 1393; x_wconf 81' lang='lat' dir='ltr'><strong>dignitate</strong></span> <span class='ocrx_word' id='word_1_286' title='bbox 280 1358 430 1386; x_wconf 83' lang='lat' dir='ltr'><strong>celebrare.</strong></span> <span class='ocrx_word' id='word_1_287' title='bbox 443 1358 532 1392; x_wconf 84' lang='lat' dir='ltr'><strong>Quare</strong></span> <span class='ocrx_word' id='word_1_288' title='bbox 544 1359 578 1386; x_wconf 85' lang='lat' dir='ltr'><strong>de</strong></span> <span class='ocrx_word' id='word_1_289' title='bbox 593 1359 653 1394; x_wconf 88' lang='lat' dir='ltr'><strong>ejus</strong></span> <span class='ocrx_word' id='word_1_290' title='bbox 666 1361 726 1387; x_wconf 91' lang='lat' dir='ltr'><strong>luce</strong></span> <span class='ocrx_word' id='word_1_291' title='bbox 741 1359 813 1392; x_wconf 65' lang='lat' dir='ltr'><strong>vitae,</strong></span> <span class='ocrx_word' id='word_1_292' title='bbox 832 1360 925 1395; x_wconf 87' lang='lat' dir='ltr'><strong>splen-</strong></span> 
     </span>
    </p>
   </div>
   <div class='ocr_carea' id='block_1_43' title="bbox 133 1404 924 1441">
    <p class='ocr_par' dir='ltr' id='par_1_43' title="bbox 133 1404 924 1441">
     <span class='ocr_line' id='line_1_43' title="bbox 133 1404 924 1441; baseline 0.001 -10"><span class='ocrx_word' id='word_1_293' title='bbox 133 1404 253 1439; x_wconf 90' lang='lat' dir='ltr'><strong>doreque</strong></span> <span class='ocrx_word' id='word_1_294' title='bbox 268 1404 409 1437; x_wconf 75' lang='lat' dir='ltr'><strong>natalium,</strong></span> <span class='ocrx_word' id='word_1_295' title='bbox 422 1404 455 1432; x_wconf 93' lang='lat' dir='ltr'><strong>de</strong></span> <span class='ocrx_word' id='word_1_296' title='bbox 469 1405 570 1440; x_wconf 89' lang='lat' dir='ltr'><strong>optima</strong></span> <span class='ocrx_word' id='word_1_297' title='bbox 580 1405 701 1441; x_wconf 88' lang='lat' dir='ltr'><strong>corporis</strong></span> <span class='ocrx_word' id='word_1_298' title='bbox 716 1406 924 1439; x_wconf 86' lang='lat' dir='ltr'><strong>constitutione,</strong></span> 
     </span>
    </p>
   </div>
   <div class='ocr_carea' id='block_1_44' title="bbox 133 1451 927 1488">
    <p class='ocr_par' dir='ltr' id='par_1_44' title="bbox 133 1451 927 1488">
     <span class='ocr_line' id='line_1_44' title="bbox 133 1451 927 1488; baseline 0.003 -10"><span class='ocrx_word' id='word_1_299' title='bbox 133 1451 168 1478; x_wconf 91' lang='lat' dir='ltr'><strong>de</strong></span> <span class='ocrx_word' id='word_1_300' title='bbox 187 1451 282 1478; x_wconf 62' lang='lat' dir='ltr'><strong>llorilla</strong></span> <span class='ocrx_word' id='word_1_301' title='bbox 302 1459 425 1486; x_wconf 83' lang='lat' dir='ltr'><strong>puraque</strong></span> <span class='ocrx_word' id='word_1_302' title='bbox 445 1459 603 1479; x_wconf 91' lang='lat' dir='ltr'><strong>sermonum</strong></span> <span class='ocrx_word' id='word_1_303' title='bbox 641 1453 794 1485; x_wconf 84' lang='lat' dir='ltr'><strong>suavitate,</strong></span> <span class='ocrx_word' id='word_1_304' title='bbox 816 1457 843 1480; x_wconf 92' lang='lat' dir='ltr'><strong>et</strong></span> <span class='ocrx_word' id='word_1_305' title='bbox 871 1460 927 1488; x_wconf 69' lang='lat' dir='ltr'><strong>pra:</strong></span> 
     </span>
    </p>
   </div>
   <div class='ocr_carea' id='block_1_45' title="bbox 134 1497 927 1532">
    <p class='ocr_par' dir='ltr' id='par_1_45' title="bbox 134 1497 927 1532">
     <span class='ocr_line' id='line_1_45' title="bbox 134 1497 927 1532; baseline 0.003 -8"><span class='ocrx_word' id='word_1_306' title='bbox 134 1497 273 1530; x_wconf 85' lang='lat' dir='ltr'><strong>omnibus,</strong></span> <span class='ocrx_word' id='word_1_307' title='bbox 292 1497 456 1532; x_wconf 88' lang='lat' dir='ltr'><strong>sapientium</strong></span> <span class='ocrx_word' id='word_1_308' title='bbox 469 1505 544 1526; x_wconf 90' lang='lat' dir='ltr'><strong>more</strong></span> <span class='ocrx_word' id='word_1_309' title='bbox 565 1498 727 1526; x_wconf 85' lang='lat' dir='ltr'><strong>brevitatem</strong></span> <span class='ocrx_word' id='word_1_310' title='bbox 742 1499 882 1531; x_wconf 75' lang='lat' dir='ltr'><strong>allectans,</strong></span> <span class='ocrx_word' id='word_1_311' title='bbox 893 1499 927 1526; x_wconf 87' lang='lat' dir='ltr'><strong>de</strong></span> 
     </span>
    </p>
   </div>
   <div class='ocr_carea' id='block_1_46' title="bbox 135 1543 963 1590">
    <p class='ocr_par' dir='ltr' id='par_1_46' title="bbox 135 1543 963 1590">
     <span class='ocr_line' id='line_1_46' title="bbox 135 1543 963 1590; baseline 0.001 -21"><span class='ocrx_word' id='word_1_312' title='bbox 135 1543 263 1590; x_wconf 74' lang='lat' dir='ltr'><strong>gradibus</strong></span> <span class='ocrx_word' id='word_1_313' title='bbox 282 1543 470 1590; x_wconf 77' lang='lat' dir='ltr'><strong>dignitatum,</strong></span> <span class='ocrx_word' id='word_1_314' title='bbox 493 1548 519 1570; x_wconf 87' lang='lat' dir='ltr'><strong>et</strong></span> <span class='ocrx_word' id='word_1_315' title='bbox 543 1543 588 1570; x_wconf 92' lang='lat' dir='ltr'><strong>his</strong></span> <span class='ocrx_word' id='word_1_316' title='bbox 613 1543 748 1570; x_wconf 86' lang='lat' dir='ltr'><strong>similibus</strong></span> <span class='ocrx_word' id='word_1_317' title='bbox 776 1543 927 1570; x_wconf 86' lang='lat' dir='ltr'><strong>commodis</strong></span> <span class='ocrx_word' id='word_1_318' title='bbox 941 1561 963 1590; x_wconf 68' lang='grc' dir='ltr'>ο</span> 
     </span>
    </p>
   </div>
   <div class='ocr_carea' id='block_1_47' title="bbox 135 1588 928 1623">
    <p class='ocr_par' dir='ltr' id='par_1_47' title="bbox 135 1588 928 1623">
     <span class='ocr_line' id='line_1_47' title="bbox 135 1588 928 1623; baseline 0 -8"><span class='ocrx_word' id='word_1_319' title='bbox 135 1589 310 1623; x_wconf 75' lang='lat' dir='ltr'><strong>eloquerelur</strong></span> <span class='ocrx_word' id='word_1_320' title='bbox 329 1596 337 1616; x_wconf 91' lang='lat'><strong>:</strong></span> <span class='ocrx_word' id='word_1_321' title='bbox 356 1593 387 1616; x_wconf 92' lang='lat' dir='ltr'><strong>ut</strong></span> <span class='ocrx_word' id='word_1_322' title='bbox 419 1588 495 1616; x_wconf 89' lang='lat' dir='ltr'><strong>hisee</strong></span> <span class='ocrx_word' id='word_1_323' title='bbox 523 1589 710 1622; x_wconf 82' lang='lat' dir='ltr'><strong>enumeratis,</strong></span> <span class='ocrx_word' id='word_1_324' title='bbox 743 1588 819 1623; x_wconf 89' lang='lat' dir='ltr'><strong>quasi</strong></span> <span class='ocrx_word' id='word_1_325' title='bbox 851 1588 928 1623; x_wconf 88' lang='lat' dir='ltr'><strong>prius</strong></span> 
     </span>
    </p>
   </div>
   <div class='ocr_carea' id='block_1_48' title="bbox 136 1633 928 1669">
    <p class='ocr_par' dir='ltr' id='par_1_48' title="bbox 136 1633 928 1669">
     <span class='ocr_line' id='line_1_48' title="bbox 136 1633 928 1669; baseline 0 -9"><span class='ocrx_word' id='word_1_326' title='bbox 136 1634 238 1669; x_wconf 76' lang='lat' dir='ltr'><strong>sparsis</strong></span> <span class='ocrx_word' id='word_1_327' title='bbox 252 1633 409 1668; x_wconf 89' lang='lat' dir='ltr'><strong>hujusmodi</strong></span> <span class='ocrx_word' id='word_1_328' title='bbox 425 1634 646 1667; x_wconf 88' lang='lat' dir='ltr'><strong>oblectamentis,</strong></span> <span class='ocrx_word' id='word_1_329' title='bbox 667 1633 718 1662; x_wconf 88' lang='lat' dir='ltr'><strong>sibi</strong></span> <span class='ocrx_word' id='word_1_330' title='bbox 734 1634 805 1669; x_wconf 87' lang='lat' dir='ltr'><strong>apud</strong></span> <span class='ocrx_word' id='word_1_331' title='bbox 821 1633 928 1661; x_wconf 92' lang='lat' dir='ltr'><strong>audito-</strong></span> 
     </span>
    </p>
   </div>
   <div class='ocr_carea' id='block_1_49' title="bbox 136 1679 926 1715">
    <p class='ocr_par' dir='ltr' id='par_1_49' title="bbox 136 1679 926 1715">
     <span class='ocr_line' id='line_1_49' title="bbox 136 1679 926 1715; baseline -0.001 -8"><span class='ocrx_word' id='word_1_332' title='bbox 136 1688 181 1708; x_wconf 88' lang='lat' dir='ltr'><strong>res</strong></span> <span class='ocrx_word' id='word_1_333' title='bbox 196 1681 414 1709; x_wconf 83' lang='lat' dir='ltr'><strong>benevolentiam</strong></span> <span class='ocrx_word' id='word_1_334' title='bbox 432 1681 568 1708; x_wconf 83' lang='lat' dir='ltr'><strong>conciliet.</strong></span> <span class='ocrx_word' id='word_1_335' title='bbox 583 1680 667 1708; x_wconf 84' lang='lat' dir='ltr'><strong>Nobis</strong></span> <span class='ocrx_word' id='word_1_336' title='bbox 680 1687 756 1713; x_wconf 88' lang='lat' dir='ltr'><strong>vero,</strong></span> <span class='ocrx_word' id='word_1_337' title='bbox 772 1680 830 1715; x_wconf 84' lang='lat' dir='ltr'><strong>qui.</strong></span> <span class='ocrx_word' id='word_1_338' title='bbox 852 1679 926 1707; x_wconf 81' lang='lat' dir='ltr'><strong>sicut</strong></span> 
     </span>
    </p>
   </div>
   <div class='ocr_carea' id='block_1_50' title="bbox 136 1725 927 1762">
    <p class='ocr_par' dir='ltr' id='par_1_50' title="bbox 136 1725 927 1762">
     <span class='ocr_line' id='line_1_50' title="bbox 136 1725 927 1762; baseline 0 -10"><span class='ocrx_word' id='word_1_339' title='bbox 136 1726 266 1762; x_wconf 86' lang='lat' dir='ltr'><strong>pleraque</strong></span> <span class='ocrx_word' id='word_1_340' title='bbox 277 1727 329 1754; x_wconf 90' lang='lat' dir='ltr'><strong>alia</strong></span> <span class='ocrx_word' id='word_1_341' title='bbox 344 1727 406 1754; x_wconf 79' lang='lat' dir='ltr'><strong>vitae</strong></span> <span class='ocrx_word' id='word_1_342' title='bbox 419 1726 479 1761; x_wconf 87' lang='lat' dir='ltr'><strong>ejus</strong></span> <span class='ocrx_word' id='word_1_343' title='bbox 492 1726 617 1758; x_wconf 82' lang='lat' dir='ltr'><strong>illustria,</strong></span> <span class='ocrx_word' id='word_1_344' title='bbox 638 1725 720 1753; x_wconf 88' lang='lat' dir='ltr'><strong>etiam</strong></span> <span class='ocrx_word' id='word_1_345' title='bbox 738 1726 796 1754; x_wconf 73' lang='lat' dir='ltr'><strong>haec</strong></span> <span class='ocrx_word' id='word_1_346' title='bbox 820 1725 927 1753; x_wconf 86' lang='lat' dir='ltr'><strong>consul-</strong></span> 
     </span>
    </p>
   </div>
   <div class='ocr_carea' id='block_1_51' title="bbox 137 1771 928 1806">
    <p class='ocr_par' dir='ltr' id='par_1_51' title="bbox 137 1771 928 1806">
     <span class='ocr_line' id='line_1_51' title="bbox 137 1771 928 1806; baseline -0.001 -7"><span class='ocrx_word' id='word_1_347' title='bbox 137 1777 165 1799; x_wconf 92' lang='lat' dir='ltr'><strong>to</strong></span> <span class='ocrx_word' id='word_1_348' title='bbox 182 1772 370 1806; x_wconf 73' lang='lat' dir='ltr'><strong>prmterimus,</strong></span> <span class='ocrx_word' id='word_1_349' title='bbox 383 1780 444 1799; x_wconf 89' lang='lat' dir='ltr'><strong>cum</strong></span> <span class='ocrx_word' id='word_1_350' title='bbox 452 1772 508 1799; x_wconf 89' lang='lat' dir='ltr'><strong>sola</strong></span> <span class='ocrx_word' id='word_1_351' title='bbox 522 1779 553 1800; x_wconf 90' lang='lat' dir='ltr'><strong>ac</strong></span> <span class='ocrx_word' id='word_1_352' title='bbox 569 1771 674 1799; x_wconf 90' lang='lat' dir='ltr'><strong>sincera</strong></span> <span class='ocrx_word' id='word_1_353' title='bbox 689 1771 789 1799; x_wconf 82' lang='lat' dir='ltr'><strong>veritas</strong></span> <span class='ocrx_word' id='word_1_354' title='bbox 799 1771 928 1804; x_wconf 84' lang='lat' dir='ltr'><strong>arrideat,</strong></span> 
     </span>
    </p>
   </div>
   <div class='ocr_carea' id='block_1_52' title="bbox 137 1817 929 1852">
    <p class='ocr_par' dir='ltr' id='par_1_52' title="bbox 137 1817 929 1852">
     <span class='ocr_line' id='line_1_52' title="bbox 137 1817 929 1852; baseline 0 -8"><span class='ocrx_word' id='word_1_355' title='bbox 137 1818 267 1852; x_wconf 88' lang='lat' dir='ltr'><strong>cordique</strong></span> <span class='ocrx_word' id='word_1_356' title='bbox 287 1817 344 1845; x_wconf 90' lang='lat' dir='ltr'><strong>sint</strong></span> <span class='ocrx_word' id='word_1_357' title='bbox 365 1818 495 1852; x_wconf 68' lang='lat' dir='ltr'><strong>prmclare</strong></span> <span class='ocrx_word' id='word_1_358' title='bbox 516 1817 598 1851; x_wconf 85' lang='lat' dir='ltr'><strong>facta,</strong></span> <span class='ocrx_word' id='word_1_359' title='bbox 623 1825 684 1852; x_wconf 62' lang='lat' dir='ltr'><strong>quas</strong></span> <span class='ocrx_word' id='word_1_360' title='bbox 698 1817 814 1844; x_wconf 89' lang='lat' dir='ltr'><strong>orationi</strong></span> <span class='ocrx_word' id='word_1_361' title='bbox 828 1822 929 1845; x_wconf 62' lang='lat' dir='ltr'><strong>nostra:</strong></span> 
     </span>
    </p>
   </div>
   <div class='ocr_carea' id='block_1_53' title="bbox 138 1862 930 1898">
    <p class='ocr_par' dir='ltr' id='par_1_53' title="bbox 138 1862 930 1898">
     <span class='ocr_line' id='line_1_53' title="bbox 138 1862 930 1898; baseline 0.001 -9"><span class='ocrx_word' id='word_1_362' title='bbox 138 1862 218 1890; x_wconf 85' lang='lat' dir='ltr'><strong>ﬁdem</strong></span> <span class='ocrx_word' id='word_1_363' title='bbox 235 1863 347 1895; x_wconf 85' lang='lat' dir='ltr'><strong>faciant,</strong></span> <span class='ocrx_word' id='word_1_364' title='bbox 369 1871 479 1898; x_wconf 90' lang='lat' dir='ltr'><strong>quoquo</strong></span> <span class='ocrx_word' id='word_1_365' title='bbox 502 1863 582 1890; x_wconf 90' lang='lat' dir='ltr'><strong>modo</strong></span> <span class='ocrx_word' id='word_1_366' title='bbox 598 1863 657 1890; x_wconf 64' lang='lat' dir='ltr'><strong>haec</strong></span> <span class='ocrx_word' id='word_1_367' title='bbox 682 1863 796 1890; x_wconf 89' lang='lat' dir='ltr'><strong>dabitur</strong></span> <span class='ocrx_word' id='word_1_368' title='bbox 816 1871 930 1890; x_wconf 81' lang='lat' dir='ltr'><strong>excusa-</strong></span> 
     </span>
    </p>
   </div>
   <div class='ocr_carea' id='block_1_54' title="bbox 111 1904 930 1944">
    <p class='ocr_par' dir='ltr' id='par_1_54' title="bbox 111 1904 930 1944">
     <span class='ocr_line' id='line_1_54' title="bbox 111 1904 930 1944; baseline 0 -8"><span class='ocrx_word' id='word_1_369' title='bbox 111 1904 114 1907; x_wconf 36' lang='grc' dir='ltr'>λ</span> <span class='ocrx_word' id='word_1_370' title='bbox 138 1910 177 1936; x_wconf 91' lang='lat' dir='ltr'><strong>tio</strong></span> <span class='ocrx_word' id='word_1_371' title='bbox 187 1929 194 1942; x_wconf 91' lang='lat'><strong>,</strong></span> <span class='ocrx_word' id='word_1_372' title='bbox 214 1916 276 1935; x_wconf 90' lang='lat' dir='ltr'><strong>eum</strong></span> <span class='ocrx_word' id='word_1_373' title='bbox 296 1909 380 1943; x_wconf 86' lang='lat' dir='ltr'><strong>probe</strong></span> <span class='ocrx_word' id='word_1_374' title='bbox 395 1909 553 1936; x_wconf 89' lang='lat' dir='ltr'><strong>noverimus</strong></span> <span class='ocrx_word' id='word_1_375' title='bbox 568 1916 619 1936; x_wconf 86' lang='lat' dir='ltr'><strong>nec</strong></span> <span class='ocrx_word' id='word_1_376' title='bbox 630 1909 682 1936; x_wconf 88' lang='lat' dir='ltr'><strong>illis</strong></span> <span class='ocrx_word' id='word_1_377' title='bbox 696 1909 773 1944; x_wconf 89' lang='lat' dir='ltr'><strong>ipsis,</strong></span> <span class='ocrx_word' id='word_1_378' title='bbox 788 1909 833 1944; x_wconf 90' lang='lat' dir='ltr'><strong>qui</strong></span> <span class='ocrx_word' id='word_1_379' title='bbox 848 1909 930 1936; x_wconf 87' lang='lat' dir='ltr'><strong>totius</strong></span> 
     </span>
    </p>
   </div>
   <div class='ocr_carea' id='block_1_55' title="bbox 137 1954 930 1989">
    <p class='ocr_par' dir='ltr' id='par_1_55' title="bbox 137 1954 930 1989">
     <span class='ocr_line' id='line_1_55' title="bbox 137 1954 930 1989; baseline 0 -7"><span class='ocrx_word' id='word_1_380' title='bbox 137 1955 202 1982; x_wconf 59' lang='lat' dir='ltr'><strong>vitae</strong></span> <span class='ocrx_word' id='word_1_381' title='bbox 219 1962 331 1982; x_wconf 86' lang='lat' dir='ltr'><strong>cursum</strong></span> <span class='ocrx_word' id='word_1_382' title='bbox 355 1954 488 1988; x_wconf 88' lang='lat' dir='ltr'><strong>dicendo,</strong></span> <span class='ocrx_word' id='word_1_383' title='bbox 509 1962 635 1989; x_wconf 90' lang='lat' dir='ltr'><strong>novaque</strong></span> <span class='ocrx_word' id='word_1_384' title='bbox 659 1962 768 1989; x_wconf 90' lang='lat' dir='ltr'><strong>semper</strong></span> <span class='ocrx_word' id='word_1_385' title='bbox 794 1955 930 1983; x_wconf 89' lang='lat' dir='ltr'><strong>audiendo</strong></span> 
     </span>
    </p>
   </div>
   <div class='ocr_carea' id='block_1_56' title="bbox 139 2000 929 2036">
    <p class='ocr_par' dir='ltr' id='par_1_56' title="bbox 139 2000 929 2036">
     <span class='ocr_line' id='line_1_56' title="bbox 139 2000 929 2036; baseline 0 -8"><span class='ocrx_word' id='word_1_386' title='bbox 139 2005 333 2033; x_wconf 76' lang='lat' dir='ltr'><strong>exercuerunt,</strong></span> <span class='ocrx_word' id='word_1_387' title='bbox 354 2000 434 2028; x_wconf 89' lang='lat' dir='ltr'><strong>lacile</strong></span> <span class='ocrx_word' id='word_1_388' title='bbox 451 2007 511 2028; x_wconf 90' lang='lat' dir='ltr'><strong>esse</strong></span> <span class='ocrx_word' id='word_1_389' title='bbox 531 2000 623 2028; x_wconf 87' lang='lat' dir='ltr'><strong>verbis</strong></span> <span class='ocrx_word' id='word_1_390' title='bbox 642 2001 752 2035; x_wconf 83' lang='lat' dir='ltr'><strong>assequi</strong></span> <span class='ocrx_word' id='word_1_391' title='bbox 768 2000 929 2036; x_wconf 83' lang='lat' dir='ltr'><strong>dignitatem</strong></span> 
     </span>
    </p>
   </div>
   <div class='ocr_carea' id='block_1_57' title="bbox 139 2047 931 2083">
    <p class='ocr_par' dir='ltr' id='par_1_57' title="bbox 139 2047 931 2083">
     <span class='ocr_line' id='line_1_57' title="bbox 139 2047 931 2083; baseline -0.001 -7"><span class='ocrx_word' id='word_1_392' title='bbox 139 2048 212 2083; x_wconf 87' lang='lat' dir='ltr'><strong>ejus,</strong></span> <span class='ocrx_word' id='word_1_393' title='bbox 236 2047 284 2082; x_wconf 93' lang='lat' dir='ltr'><strong>qui</strong></span> <span class='ocrx_word' id='word_1_394' title='bbox 308 2047 390 2074; x_wconf 90' lang='lat' dir='ltr'><strong>nobis</strong></span> <span class='ocrx_word' id='word_1_395' title='bbox 414 2047 567 2074; x_wconf 87' lang='lat' dir='ltr'><strong>laudandus</strong></span> <span class='ocrx_word' id='word_1_396' title='bbox 589 2047 761 2082; x_wconf 89' lang='lat' dir='ltr'><strong>proponitur.</strong></span> <span class='ocrx_word' id='word_1_397' title='bbox 788 2047 841 2074; x_wconf 89' lang='lat' dir='ltr'><strong>Sed</strong></span> <span class='ocrx_word' id='word_1_398' title='bbox 864 2055 931 2075; x_wconf 90' lang='lat' dir='ltr'><strong>vero</strong></span> 
     </span>
    </p>
   </div>
   <div class='ocr_carea' id='block_1_58' title="bbox 139 2092 929 2128">
    <p class='ocr_par' dir='ltr' id='par_1_58' title="bbox 139 2092 929 2128">
     <span class='ocr_line' id='line_1_58' title="bbox 139 2092 929 2128; baseline -0.001 -8"><span class='ocrx_word' id='word_1_399' title='bbox 139 2093 208 2121; x_wconf 93' lang='lat' dir='ltr'><strong>mihi</strong></span> <span class='ocrx_word' id='word_1_400' title='bbox 223 2093 403 2120; x_wconf 71' lang='lat' dir='ltr'><strong>contumaciae</strong></span> <span class='ocrx_word' id='word_1_401' title='bbox 422 2092 527 2120; x_wconf 87' lang='lat' dir='ltr'><strong>crimen</strong></span> <span class='ocrx_word' id='word_1_402' title='bbox 541 2099 573 2119; x_wconf 90' lang='lat' dir='ltr'><strong>ac</strong></span> <span class='ocrx_word' id='word_1_403' title='bbox 585 2093 698 2119; x_wconf 86' lang='lat' dir='ltr'><strong>multam</strong></span> <span class='ocrx_word' id='word_1_404' title='bbox 715 2093 791 2128; x_wconf 80' lang='lat' dir='ltr'><strong>juxta</strong></span> <span class='ocrx_word' id='word_1_405' title='bbox 802 2097 929 2119; x_wconf 86' lang='lat' dir='ltr'><strong>metuen-</strong></span> 
     </span>
    </p>
   </div>
   <div class='ocr_carea' id='block_1_59' title="bbox 141 2138 931 2174">
    <p class='ocr_par' dir='ltr' id='par_1_59' title="bbox 141 2138 931 2174">
     <span class='ocr_line' id='line_1_59' title="bbox 141 2138 931 2174; baseline 0 -8"><span class='ocrx_word' id='word_1_406' title='bbox 141 2139 173 2172; x_wconf 86' lang='lat' dir='ltr'><strong>ti,</strong></span> <span class='ocrx_word' id='word_1_407' title='bbox 191 2144 274 2174; x_wconf 84' lang='lat' dir='ltr'><strong>atque</strong></span> <span class='ocrx_word' id='word_1_408' title='bbox 294 2138 421 2166; x_wconf 87' lang='lat' dir='ltr'><strong>elationis</strong></span> <span class='ocrx_word' id='word_1_409' title='bbox 444 2138 627 2166; x_wconf 90' lang='lat' dir='ltr'><strong>humilitatem</strong></span> <span class='ocrx_word' id='word_1_410' title='bbox 652 2138 783 2173; x_wconf 73' lang='lat' dir='ltr'><strong>fugienti,</strong></span> <span class='ocrx_word' id='word_1_411' title='bbox 802 2146 863 2173; x_wconf 80' lang='lat' dir='ltr'><strong>quae</strong></span> <span class='ocrx_word' id='word_1_412' title='bbox 888 2139 931 2166; x_wconf 93' lang='lat' dir='ltr'><strong>vcl</strong></span> 
     </span>
    </p>
   </div>
   <div class='ocr_carea' id='block_1_60' title="bbox 141 2185 931 2221">
    <p class='ocr_par' dir='ltr' id='par_1_60' title="bbox 141 2185 931 2221">
     <span class='ocr_line' id='line_1_60' title="bbox 141 2185 931 2221; baseline 0 -9"><span class='ocrx_word' id='word_1_413' title='bbox 141 2185 230 2220; x_wconf 90' lang='lat' dir='ltr'><strong>reipsa</strong></span> <span class='ocrx_word' id='word_1_414' title='bbox 243 2190 345 2221; x_wconf 84' lang='lat' dir='ltr'><strong>serpat,</strong></span> <span class='ocrx_word' id='word_1_415' title='bbox 360 2186 402 2212; x_wconf 85' lang='lat' dir='ltr'><strong>vel</strong></span> <span class='ocrx_word' id='word_1_416' title='bbox 420 2185 519 2212; x_wconf 91' lang='lat' dir='ltr'><strong>nutriri</strong></span> <span class='ocrx_word' id='word_1_417' title='bbox 536 2186 607 2220; x_wconf 90' lang='lat' dir='ltr'><strong>apud</strong></span> <span class='ocrx_word' id='word_1_418' title='bbox 623 2193 666 2213; x_wconf 92' lang='lat' dir='ltr'><strong>me</strong></span> <span class='ocrx_word' id='word_1_419' title='bbox 677 2185 931 2220; x_wconf 71' lang='lat' dir='ltr'><strong>existimetur,par-</strong></span> 
     </span>
    </p>
   </div>
   <div class='ocr_carea' id='block_1_61' title="bbox 974 901 1768 941">
    <p class='ocr_par' dir='ltr' id='par_1_61' title="bbox 974 901 1768 941">
     <span class='ocr_line' id='line_1_61' title="bbox 974 901 1768 941; baseline -0.01 -5"><span class='ocrx_word' id='word_1_420' title='bbox 974 909 1137 941; x_wconf 89' lang='lat' dir='ltr'><strong>ncbrarum,</strong></span> <span class='ocrx_word' id='word_1_421' title='bbox 1153 914 1279 941; x_wconf 88' lang='lat' dir='ltr'><strong>vanaque</strong></span> <span class='ocrx_word' id='word_1_422' title='bbox 1298 905 1444 933; x_wconf 89' lang='lat' dir='ltr'><strong>simulacra</strong></span> <span class='ocrx_word' id='word_1_423' title='bbox 1456 911 1559 935; x_wconf 85' lang='lat' dir='ltr'><strong>rerum.</strong></span> <span class='ocrx_word' id='word_1_424' title='bbox 1580 903 1682 930; x_wconf 87' lang='lat' dir='ltr'><strong>Catana</strong></span> <span class='ocrx_word' id='word_1_425' title='bbox 1706 901 1768 936; x_wconf 87' lang='lat' dir='ltr'><strong>qui-</strong></span> 
     </span>
    </p>
   </div>
   <div class='ocr_carea' id='block_1_62' title="bbox 974 947 1768 988">
    <p class='ocr_par' dir='ltr' id='par_1_62' title="bbox 974 947 1768 988">
     <span class='ocr_line' id='line_1_62' title="bbox 974 947 1768 988; baseline -0.011 -5"><span class='ocrx_word' id='word_1_426' title='bbox 974 956 1035 984; x_wconf 91' lang='lat' dir='ltr'><strong>dem</strong></span> <span class='ocrx_word' id='word_1_427' title='bbox 1052 955 1117 982; x_wconf 90' lang='lat' dir='ltr'><strong>urbs</strong></span> <span class='ocrx_word' id='word_1_428' title='bbox 1145 953 1275 988; x_wconf 67' lang='lat' dir='ltr'><strong>praeclara</strong></span> <span class='ocrx_word' id='word_1_429' title='bbox 1293 952 1321 986; x_wconf 87' lang='lat' dir='ltr'><strong>in</strong></span> <span class='ocrx_word' id='word_1_430' title='bbox 1340 950 1432 978; x_wconf 90' lang='lat' dir='ltr'><strong>Sicilia</strong></span> <span class='ocrx_word' id='word_1_431' title='bbox 1453 950 1590 978; x_wconf 85' lang='lat' dir='ltr'><strong>excellens</strong></span> <span class='ocrx_word' id='word_1_432' title='bbox 1610 949 1637 976; x_wconf 94' lang='lat' dir='ltr'><strong>in</strong></span> <span class='ocrx_word' id='word_1_433' title='bbox 1661 947 1768 983; x_wconf 90' lang='lat' dir='ltr'><strong>primis.</strong></span> 
     </span>
    </p>
   </div>
   <div class='ocr_carea' id='block_1_63' title="bbox 975 995 1769 1036">
    <p class='ocr_par' dir='ltr' id='par_1_63' title="bbox 975 995 1769 1036">
     <span class='ocr_line' id='line_1_63' title="bbox 975 995 1769 1036; baseline -0.01 -8"><span class='ocrx_word' id='word_1_434' title='bbox 975 1000 1058 1036; x_wconf 82' lang='lat' dir='ltr'><strong>Igitur</strong></span> <span class='ocrx_word' id='word_1_435' title='bbox 1066 1000 1093 1027; x_wconf 91' lang='lat' dir='ltr'><strong>in</strong></span> <span class='ocrx_word' id='word_1_436' title='bbox 1104 998 1231 1035; x_wconf 59' lang='lat' dir='ltr'><strong>praesenti</strong></span> <span class='ocrx_word' id='word_1_437' title='bbox 1247 998 1269 1025; x_wconf 90' lang='lat' dir='ltr'><strong>si</strong></span> <span class='ocrx_word' id='word_1_438' title='bbox 1282 998 1373 1025; x_wconf 85' lang='lat' dir='ltr'><strong>omnia</strong></span> <span class='ocrx_word' id='word_1_439' title='bbox 1384 995 1483 1024; x_wconf 85' lang='lat' dir='ltr'><strong>eximia</strong></span> <span class='ocrx_word' id='word_1_440' title='bbox 1496 995 1593 1023; x_wconf 88' lang='lat' dir='ltr'><strong>vellem</strong></span> <span class='ocrx_word' id='word_1_441' title='bbox 1609 1000 1769 1026; x_wconf 89' lang='lat' dir='ltr'><strong>recensere,</strong></span> 
     </span>
    </p>
   </div>
   <div class='ocr_carea' id='block_1_64' title="bbox 975 1039 1770 1080">
    <p class='ocr_par' dir='ltr' id='par_1_64' title="bbox 975 1039 1770 1080">
     <span class='ocr_line' id='line_1_64' title="bbox 975 1039 1770 1080; baseline -0.011 -6"><span class='ocrx_word' id='word_1_442' title='bbox 975 1047 1067 1078; x_wconf 87' lang='lat' dir='ltr'><strong>situm,</strong></span> <span class='ocrx_word' id='word_1_443' title='bbox 1083 1044 1326 1080; x_wconf 85' lang='lat' dir='ltr'><strong>pulchritudinem,</strong></span> <span class='ocrx_word' id='word_1_444' title='bbox 1339 1041 1564 1077; x_wconf 77' lang='lat' dir='ltr'><strong>magnitudinem,</strong></span> <span class='ocrx_word' id='word_1_445' title='bbox 1576 1039 1647 1067; x_wconf 88' lang='lat' dir='ltr'><strong>aeris</strong></span> <span class='ocrx_word' id='word_1_446' title='bbox 1661 1043 1770 1072; x_wconf 83' lang='lat' dir='ltr'><strong>tempe-</strong></span> 
     </span>
    </p>
   </div>
   <div class='ocr_carea' id='block_1_65' title="bbox 978 1085 1771 1124">
    <p class='ocr_par' dir='ltr' id='par_1_65' title="bbox 978 1085 1771 1124">
     <span class='ocr_line' id='line_1_65' title="bbox 978 1085 1771 1124; baseline -0.011 -5"><span class='ocrx_word' id='word_1_447' title='bbox 978 1093 1045 1120; x_wconf 80' lang='lat' dir='ltr'><strong>riem</strong></span> <span class='ocrx_word' id='word_1_448' title='bbox 1059 1112 1066 1124; x_wconf 94' lang='lat'><strong>,</strong></span> <span class='ocrx_word' id='word_1_449' title='bbox 1089 1090 1298 1118; x_wconf 87' lang='lat' dir='ltr'><strong>saluberrimam</strong></span> <span class='ocrx_word' id='word_1_450' title='bbox 1325 1095 1458 1123; x_wconf 89' lang='lat' dir='ltr'><strong>aquarum</strong></span> <span class='ocrx_word' id='word_1_451' title='bbox 1482 1091 1624 1118; x_wconf 83' lang='lat' dir='ltr'><strong>naturam,</strong></span> <span class='ocrx_word' id='word_1_452' title='bbox 1644 1085 1771 1120; x_wconf 87' lang='lat' dir='ltr'><strong>ingentes</strong></span> 
     </span>
    </p>
   </div>
   <div class='ocr_carea' id='block_1_66' title="bbox 975 1131 1770 1167">
    <p class='ocr_par' dir='ltr' id='par_1_66' title="bbox 975 1131 1770 1167">
     <span class='ocr_line' id='line_1_66' title="bbox 975 1131 1770 1167; baseline -0.014 0"><span class='ocrx_word' id='word_1_453' title='bbox 975 1139 1107 1167; x_wconf 83' lang='lat' dir='ltr'><strong>feracium</strong></span> <span class='ocrx_word' id='word_1_454' title='bbox 1122 1146 1153 1165; x_wconf 89' lang='lat' dir='ltr'><strong>ac</strong></span> <span class='ocrx_word' id='word_1_455' title='bbox 1169 1137 1303 1164; x_wconf 90' lang='lat' dir='ltr'><strong>sterilium</strong></span> <span class='ocrx_word' id='word_1_456' title='bbox 1326 1135 1456 1162; x_wconf 90' lang='lat' dir='ltr'><strong>arborum</strong></span> <span class='ocrx_word' id='word_1_457' title='bbox 1484 1133 1577 1164; x_wconf 87' lang='lat' dir='ltr'><strong>silvas,</strong></span> <span class='ocrx_word' id='word_1_458' title='bbox 1598 1131 1770 1166; x_wconf 84' lang='lat' dir='ltr'><strong>frequentem</strong></span> 
     </span>
    </p>
   </div>
   <div class='ocr_carea' id='block_1_67' title="bbox 976 1176 1773 1218">
    <p class='ocr_par' dir='ltr' id='par_1_67' title="bbox 976 1176 1773 1218">
     <span class='ocr_line' id='line_1_67' title="bbox 976 1176 1773 1218; baseline -0.013 -6"><span class='ocrx_word' id='word_1_459' title='bbox 976 1185 1098 1212; x_wconf 89' lang='lat' dir='ltr'><strong>virorum</strong></span> <span class='ocrx_word' id='word_1_460' title='bbox 1126 1183 1270 1218; x_wconf 85' lang='lat' dir='ltr'><strong>sapientia.</strong></span> <span class='ocrx_word' id='word_1_461' title='bbox 1289 1181 1442 1216; x_wconf 87' lang='lat' dir='ltr'><strong>prudentia,</strong></span> <span class='ocrx_word' id='word_1_462' title='bbox 1467 1179 1637 1209; x_wconf 85' lang='lat' dir='ltr'><strong>fortitudine,</strong></span> <span class='ocrx_word' id='word_1_463' title='bbox 1650 1176 1773 1211; x_wconf 81' lang='lat' dir='ltr'><strong>ljustitia-</strong></span> 
     </span>
    </p>
   </div>
   <div class='ocr_carea' id='block_1_68' title="bbox 978 1222 1771 1266">
    <p class='ocr_par' dir='ltr' id='par_1_68' title="bbox 978 1222 1771 1266">
     <span class='ocr_line' id='line_1_68' title="bbox 978 1222 1771 1266; baseline -0.013 -9"><span class='ocrx_word' id='word_1_464' title='bbox 978 1237 1031 1266; x_wconf 90' lang='lat' dir='ltr'><strong>que</strong></span> <span class='ocrx_word' id='word_1_465' title='bbox 1049 1228 1195 1257; x_wconf 90' lang='lat' dir='ltr'><strong>illustrium</strong></span> <span class='ocrx_word' id='word_1_466' title='bbox 1222 1227 1437 1258; x_wconf 90' lang='lat' dir='ltr'><strong>multitudinem,</strong></span> <span class='ocrx_word' id='word_1_467' title='bbox 1463 1225 1497 1252; x_wconf 90' lang='lat' dir='ltr'><strong>ab</strong></span> <span class='ocrx_word' id='word_1_468' title='bbox 1512 1224 1621 1258; x_wconf 80' lang='lat' dir='ltr'><strong>incepto</strong></span> <span class='ocrx_word' id='word_1_469' title='bbox 1635 1222 1771 1256; x_wconf 84' lang='lat' dir='ltr'><strong>intempe-</strong></span> 
     </span>
    </p>
   </div>
   <div class='ocr_carea' id='block_1_69' title="bbox 978 1266 1772 1309">
    <p class='ocr_par' dir='ltr' id='par_1_69' title="bbox 978 1266 1772 1309">
     <span class='ocr_line' id='line_1_69' title="bbox 978 1266 1772 1309; baseline -0.013 -7"><span class='ocrx_word' id='word_1_470' title='bbox 978 1274 1048 1302; x_wconf 88' lang='lat' dir='ltr'><strong>stive</strong></span> <span class='ocrx_word' id='word_1_471' title='bbox 1066 1273 1225 1309; x_wconf 85' lang='lat' dir='ltr'><strong>digrederer</strong></span> <span class='ocrx_word' id='word_1_472' title='bbox 1242 1270 1494 1306; x_wconf 87' lang='lat' dir='ltr'><strong>:qucmadmodum</strong></span> <span class='ocrx_word' id='word_1_473' title='bbox 1518 1269 1597 1303; x_wconf 77' lang='lat' dir='ltr'><strong>longe</strong></span> <span class='ocrx_word' id='word_1_474' title='bbox 1621 1266 1772 1294; x_wconf 85' lang='lat' dir='ltr'><strong>celeberri-</strong></span> 
     </span>
    </p>
   </div>
   <div class='ocr_carea' id='block_1_70' title="bbox 977 1312 1772 1355">
    <p class='ocr_par' dir='ltr' id='par_1_70' title="bbox 977 1312 1772 1355">
     <span class='ocr_line' id='line_1_70' title="bbox 977 1312 1772 1355; baseline -0.01 -8"><span class='ocrx_word' id='word_1_475' title='bbox 977 1327 1048 1347; x_wconf 91' lang='lat' dir='ltr'><strong>mam</strong></span> <span class='ocrx_word' id='word_1_476' title='bbox 1065 1319 1205 1355; x_wconf 79' lang='lat' dir='ltr'><strong>Virginem</strong></span> <span class='ocrx_word' id='word_1_477' title='bbox 1231 1317 1365 1353; x_wconf 83' lang='lat' dir='ltr'><strong>Agatham</strong></span> <span class='ocrx_word' id='word_1_478' title='bbox 1380 1319 1526 1351; x_wconf 86' lang='lat' dir='ltr'><strong>martyrem</strong></span> <span class='ocrx_word' id='word_1_479' title='bbox 1542 1314 1593 1349; x_wconf 71' lang='lat'><strong>(2),</strong></span> <span class='ocrx_word' id='word_1_480' title='bbox 1612 1321 1673 1348; x_wconf 72' lang='lat' dir='ltr'><strong>quze</strong></span> <span class='ocrx_word' id='word_1_481' title='bbox 1688 1320 1720 1340; x_wconf 88' lang='lat' dir='ltr'><strong>ea</strong></span> <span class='ocrx_word' id='word_1_482' title='bbox 1741 1312 1772 1339; x_wconf 90' lang='lat' dir='ltr'><strong>in</strong></span> 
     </span>
    </p>
   </div>
   <div class='ocr_carea' id='block_1_71' title="bbox 978 1359 1772 1396">
    <p class='ocr_par' dir='ltr' id='par_1_71' title="bbox 978 1359 1772 1396">
     <span class='ocr_line' id='line_1_71' title="bbox 978 1359 1772 1396; baseline -0.011 -3"><span class='ocrx_word' id='word_1_483' title='bbox 978 1366 1044 1393; x_wconf 87' lang='lat' dir='ltr'><strong>urbe</strong></span> <span class='ocrx_word' id='word_1_484' title='bbox 1065 1369 1092 1392; x_wconf 82' lang='lat' dir='ltr'><strong>et</strong></span> <span class='ocrx_word' id='word_1_485' title='bbox 1112 1371 1175 1392; x_wconf 87' lang='lat' dir='ltr'><strong>nata</strong></span> <span class='ocrx_word' id='word_1_486' title='bbox 1191 1368 1219 1391; x_wconf 84' lang='lat' dir='ltr'><strong>et</strong></span> <span class='ocrx_word' id='word_1_487' title='bbox 1234 1363 1359 1396; x_wconf 84' lang='lat' dir='ltr'><strong>educata,</strong></span> <span class='ocrx_word' id='word_1_488' title='bbox 1372 1366 1399 1389; x_wconf 90' lang='lat' dir='ltr'><strong>et</strong></span> <span class='ocrx_word' id='word_1_489' title='bbox 1414 1360 1581 1389; x_wconf 87' lang='lat' dir='ltr'><strong>cruciatibus</strong></span> <span class='ocrx_word' id='word_1_490' title='bbox 1614 1359 1711 1387; x_wconf 71' lang='lat' dir='ltr'><strong>affecta</strong></span> <span class='ocrx_word' id='word_1_491' title='bbox 1727 1362 1772 1385; x_wconf 85' lang='lat' dir='ltr'><strong>est</strong></span> 
     </span>
    </p>
   </div>
   <div class='ocr_carea' id='block_1_72' title="bbox 979 1404 1771 1446">
    <p class='ocr_par' dir='ltr' id='par_1_72' title="bbox 979 1404 1771 1446">
     <span class='ocr_line' id='line_1_72' title="bbox 979 1404 1771 1446; baseline -0.009 -10"><span class='ocrx_word' id='word_1_492' title='bbox 979 1415 1088 1446; x_wconf 85' lang='lat' dir='ltr'><strong>propter</strong></span> <span class='ocrx_word' id='word_1_493' title='bbox 1111 1409 1260 1441; x_wconf 81' lang='lat' dir='ltr'><strong>Christum,</strong></span> <span class='ocrx_word' id='word_1_494' title='bbox 1276 1415 1391 1443; x_wconf 63' lang='lat' dir='ltr'><strong>quaeque</strong></span> <span class='ocrx_word' id='word_1_495' title='bbox 1405 1411 1436 1434; x_wconf 88' lang='lat' dir='ltr'><strong>ut</strong></span> <span class='ocrx_word' id='word_1_496' title='bbox 1449 1410 1631 1434; x_wconf 68' lang='lat' dir='ltr'><strong>sacrosancta</strong></span> <span class='ocrx_word' id='word_1_497' title='bbox 1647 1404 1687 1431; x_wconf 93' lang='lat' dir='ltr'><strong>sui</strong></span> <span class='ocrx_word' id='word_1_498' title='bbox 1708 1411 1771 1430; x_wconf 88' lang='lat' dir='ltr'><strong>cor-</strong></span> 
     </span>
    </p>
   </div>
   <div class='ocr_carea' id='block_1_73' title="bbox 979 1451 1773 1490">
    <p class='ocr_par' dir='ltr' id='par_1_73' title="bbox 979 1451 1773 1490">
     <span class='ocr_line' id='line_1_73' title="bbox 979 1451 1773 1490; baseline -0.01 -8"><span class='ocrx_word' id='word_1_499' title='bbox 979 1455 1053 1490; x_wconf 89' lang='lat' dir='ltr'><strong>poris</strong></span> <span class='ocrx_word' id='word_1_500' title='bbox 1071 1454 1191 1489; x_wconf 67' lang='lat' dir='ltr'><strong>reliquize</strong></span> <span class='ocrx_word' id='word_1_501' title='bbox 1211 1453 1311 1481; x_wconf 91' lang='lat' dir='ltr'><strong>ibidem</strong></span> <span class='ocrx_word' id='word_1_502' title='bbox 1335 1451 1561 1487; x_wconf 88' lang='lat' dir='ltr'><strong>conquiescerent</strong></span> <span class='ocrx_word' id='word_1_503' title='bbox 1598 1453 1705 1485; x_wconf 88' lang='lat' dir='ltr'><strong>gratum</strong></span> <span class='ocrx_word' id='word_1_504' title='bbox 1725 1455 1773 1475; x_wconf 90' lang='lat' dir='ltr'><strong>ac-</strong></span> 
     </span>
    </p>
   </div>
   <div class='ocr_carea' id='block_1_74' title="bbox 980 1496 1772 1536">
    <p class='ocr_par' dir='ltr' id='par_1_74' title="bbox 980 1496 1772 1536">
     <span class='ocr_line' id='line_1_74' title="bbox 980 1496 1772 1536; baseline -0.01 -7"><span class='ocrx_word' id='word_1_505' title='bbox 980 1505 1143 1536; x_wconf 87' lang='lat' dir='ltr'><strong>ceptumque</strong></span> <span class='ocrx_word' id='word_1_506' title='bbox 1157 1500 1253 1527; x_wconf 88' lang='lat' dir='ltr'><strong>habuit</strong></span> <span class='ocrx_word' id='word_1_507' title='bbox 1272 1507 1279 1526; x_wconf 85' lang='lat'><strong>:</strong></span> <span class='ocrx_word' id='word_1_508' title='bbox 1292 1506 1361 1533; x_wconf 87' lang='lat' dir='ltr'><strong>quas</strong></span> <span class='ocrx_word' id='word_1_509' title='bbox 1376 1497 1486 1533; x_wconf 89' lang='lat' dir='ltr'><strong>quidem</strong></span> <span class='ocrx_word' id='word_1_510' title='bbox 1501 1496 1574 1532; x_wconf 87' lang='lat' dir='ltr'><strong>ignei</strong></span> <span class='ocrx_word' id='word_1_511' title='bbox 1592 1499 1727 1523; x_wconf 88' lang='lat' dir='ltr'><strong>torrentes</strong></span> <span class='ocrx_word' id='word_1_512' title='bbox 1737 1502 1772 1521; x_wconf 82' lang='lat' dir='ltr'><strong>ex</strong></span> 
     </span>
    </p>
   </div>
   <div class='ocr_carea' id='block_1_75' title="bbox 979 1541 1772 1582">
    <p class='ocr_par' dir='ltr' id='par_1_75' title="bbox 979 1541 1772 1582">
     <span class='ocr_line' id='line_1_75' title="bbox 979 1541 1772 1582; baseline -0.01 -7"><span class='ocrx_word' id='word_1_513' title='bbox 979 1546 1238 1582; x_wconf 86' lang='lat' dir='ltr'><strong>superimpendente</strong></span> <span class='ocrx_word' id='word_1_514' title='bbox 1251 1545 1333 1572; x_wconf 60' lang='lat' dir='ltr'><strong>[Etna</strong></span> <span class='ocrx_word' id='word_1_515' title='bbox 1354 1544 1506 1572; x_wconf 80' lang='lat' dir='ltr'><strong>defluentes</strong></span> <span class='ocrx_word' id='word_1_516' title='bbox 1527 1547 1627 1578; x_wconf 71' lang='lat' dir='ltr'><strong>praeter</strong></span> <span class='ocrx_word' id='word_1_517' title='bbox 1649 1541 1772 1568; x_wconf 80' lang='lat' dir='ltr'><strong>omnium</strong></span> 
     </span>
    </p>
   </div>
   <div class='ocr_carea' id='block_1_76' title="bbox 980 1588 1772 1629">
    <p class='ocr_par' dir='ltr' id='par_1_76' title="bbox 980 1588 1772 1629">
     <span class='ocr_line' id='line_1_76' title="bbox 980 1588 1772 1629; baseline -0.009 -8"><span class='ocrx_word' id='word_1_518' title='bbox 980 1593 1211 1629; x_wconf 87' lang='lat' dir='ltr'><strong>exspectationem</strong></span> <span class='ocrx_word' id='word_1_519' title='bbox 1221 1592 1405 1620; x_wconf 86' lang='lat' dir='ltr'><strong>venerabundi</strong></span> <span class='ocrx_word' id='word_1_520' title='bbox 1419 1594 1484 1618; x_wconf 83' lang='lat' dir='ltr'><strong>sunt</strong></span> <span class='ocrx_word' id='word_1_521' title='bbox 1501 1589 1610 1617; x_wconf 83' lang='lat' dir='ltr'><strong>reveriti</strong></span> <span class='ocrx_word' id='word_1_522' title='bbox 1625 1597 1632 1621; x_wconf 93' lang='lat'>;</span> <span class='ocrx_word' id='word_1_523' title='bbox 1646 1588 1772 1623; x_wconf 92' lang='lat' dir='ltr'><strong>quinimo</strong></span> 
     </span>
    </p>
   </div>
   <div class='ocr_carea' id='block_1_77' title="bbox 981 1637 1772 1677">
    <p class='ocr_par' dir='ltr' id='par_1_77' title="bbox 981 1637 1772 1677">
     <span class='ocr_line' id='line_1_77' title="bbox 981 1637 1772 1677; baseline -0.01 -8"><span class='ocrx_word' id='word_1_524' title='bbox 981 1643 1063 1677; x_wconf 86' lang='lat' dir='ltr'><strong>(sicut</strong></span> <span class='ocrx_word' id='word_1_525' title='bbox 1075 1640 1172 1676; x_wconf 89' lang='lat' dir='ltr'><strong>priscis</strong></span> <span class='ocrx_word' id='word_1_526' title='bbox 1186 1639 1355 1674; x_wconf 89' lang='lat' dir='ltr'><strong>temporibus</strong></span> <span class='ocrx_word' id='word_1_527' title='bbox 1364 1639 1440 1674; x_wconf 87' lang='lat' dir='ltr'><strong>pium</strong></span> <span class='ocrx_word' id='word_1_528' title='bbox 1452 1638 1527 1667; x_wconf 85' lang='lat' dir='ltr'><strong>illud.</strong></span> <span class='ocrx_word' id='word_1_529' title='bbox 1544 1637 1652 1671; x_wconf 88' lang='lat' dir='ltr'><strong>Dcoque</strong></span> <span class='ocrx_word' id='word_1_530' title='bbox 1664 1639 1772 1671; x_wconf 79' lang='lat' dir='ltr'><strong>gratum</strong></span> 
     </span>
    </p>
   </div>
   <div class='ocr_carea' id='block_1_78' title="bbox 980 1676 1771 1720">
    <p class='ocr_par' dir='ltr' id='par_1_78' title="bbox 980 1676 1771 1720">
     <span class='ocr_line' id='line_1_78' title="bbox 980 1676 1771 1720; baseline -0.009 -6"><span class='ocrx_word' id='word_1_531' title='bbox 980 1695 1061 1719; x_wconf 90' lang='lat' dir='ltr'><strong>onus,</strong></span> <span class='ocrx_word' id='word_1_532' title='bbox 1084 1686 1110 1713; x_wconf 90' lang='lat' dir='ltr'><strong>id</strong></span> <span class='ocrx_word' id='word_1_533' title='bbox 1126 1690 1178 1717; x_wconf 84' lang='lat' dir='ltr'><strong>est.</strong></span> <span class='ocrx_word' id='word_1_534' title='bbox 1194 1688 1331 1720; x_wconf 79' lang='lat' dir='ltr'><strong>ipareutes</strong></span> <span class='ocrx_word' id='word_1_535' title='bbox 1345 1684 1423 1711; x_wconf 89' lang='lat' dir='ltr'><strong>senio</strong></span> <span class='ocrx_word' id='word_1_536' title='bbox 1444 1676 1723 1711; x_wconf 85' lang='lat' dir='ltr'><strong>confectosbumeris</strong></span> <span class='ocrx_word' id='word_1_537' title='bbox 1737 1680 1771 1707; x_wconf 86' lang='lat' dir='ltr'><strong>li-</strong></span> 
     </span>
    </p>
   </div>
   <div class='ocr_carea' id='block_1_79' title="bbox 982 1728 1769 1767">
    <p class='ocr_par' dir='ltr' id='par_1_79' title="bbox 982 1728 1769 1767">
     <span class='ocr_line' id='line_1_79' title="bbox 982 1728 1769 1767; baseline -0.009 -7"><span class='ocrx_word' id='word_1_538' title='bbox 982 1734 1091 1766; x_wconf 90' lang='lat' dir='ltr'><strong>liorum,</strong></span> <span class='ocrx_word' id='word_1_539' title='bbox 1109 1731 1285 1767; x_wconf 85' lang='lat' dir='ltr'><strong>Amphinomi</strong></span> <span class='ocrx_word' id='word_1_540' title='bbox 1301 1731 1351 1765; x_wconf 79' lang='lat'><strong>(5),</strong></span> <span class='ocrx_word' id='word_1_541' title='bbox 1369 1731 1490 1764; x_wconf 84' lang='lat' dir='ltr'><strong>inquam,</strong></span> <span class='ocrx_word' id='word_1_542' title='bbox 1505 1733 1534 1756; x_wconf 90' lang='lat' dir='ltr'><strong>et</strong></span> <span class='ocrx_word' id='word_1_543' title='bbox 1553 1728 1675 1763; x_wconf 72' lang='lat' dir='ltr'><strong>Anaphe,</strong></span> <span class='ocrx_word' id='word_1_544' title='bbox 1692 1731 1769 1762; x_wconf 84' lang='lat' dir='ltr'><strong>grato</strong></span> 
     </span>
    </p>
   </div>
   <div class='ocr_carea' id='block_1_80' title="bbox 980 1774 1771 1811">
    <p class='ocr_par' dir='ltr' id='par_1_80' title="bbox 980 1774 1771 1811">
     <span class='ocr_line' id='line_1_80' title="bbox 980 1774 1771 1811; baseline -0.01 -5"><span class='ocrx_word' id='word_1_545' title='bbox 980 1779 1072 1806; x_wconf 90' lang='lat' dir='ltr'><strong>animo</strong></span> <span class='ocrx_word' id='word_1_546' title='bbox 1088 1778 1233 1805; x_wconf 88' lang='lat' dir='ltr'><strong>ferentium</strong></span> <span class='ocrx_word' id='word_1_547' title='bbox 1247 1777 1389 1811; x_wconf 86' lang='lat' dir='ltr'><strong>impositos</strong></span> <span class='ocrx_word' id='word_1_548' title='bbox 1402 1774 1535 1808; x_wconf 86' lang='lat' dir='ltr'><strong>venerati)</strong></span> <span class='ocrx_word' id='word_1_549' title='bbox 1551 1778 1625 1801; x_wconf 89' lang='lat' dir='ltr'><strong>retro</strong></span> <span class='ocrx_word' id='word_1_550' title='bbox 1639 1780 1771 1808; x_wconf 86' lang='lat' dir='ltr'><strong>propera-</strong></span> 
     </span>
    </p>
   </div>
   <div class='ocr_carea' id='block_1_81' title="bbox 981 1815 1769 1858">
    <p class='ocr_par' dir='ltr' id='par_1_81' title="bbox 981 1815 1769 1858">
     <span class='ocr_line' id='line_1_81' title="bbox 981 1815 1769 1858; baseline -0.011 -7"><span class='ocrx_word' id='word_1_551' title='bbox 981 1831 1010 1851; x_wconf 90' lang='lat' dir='ltr'><strong>re</strong></span> <span class='ocrx_word' id='word_1_552' title='bbox 1026 1827 1090 1850; x_wconf 90' lang='lat' dir='ltr'><strong>sunt</strong></span> <span class='ocrx_word' id='word_1_553' title='bbox 1103 1822 1183 1858; x_wconf 88' lang='lat' dir='ltr'><strong>jussi.</strong></span> <span class='ocrx_word' id='word_1_554' title='bbox 1198 1822 1234 1849; x_wconf 89' lang='lat' dir='ltr'><strong>De</strong></span> <span class='ocrx_word' id='word_1_555' title='bbox 1254 1821 1312 1856; x_wconf 82' lang='lat' dir='ltr'><strong>ipsa</strong></span> <span class='ocrx_word' id='word_1_556' title='bbox 1329 1828 1438 1856; x_wconf 90' lang='lat' dir='ltr'><strong>quoque</strong></span> <span class='ocrx_word' id='word_1_557' title='bbox 1456 1819 1538 1847; x_wconf 51' lang='lat' dir='ltr'><strong>{Etna</strong></span> <span class='ocrx_word' id='word_1_558' title='bbox 1558 1819 1657 1854; x_wconf 83' lang='lat' dir='ltr'><strong>ignem,</strong></span> <span class='ocrx_word' id='word_1_559' title='bbox 1670 1821 1698 1844; x_wconf 92' lang='lat' dir='ltr'><strong>et</strong></span> <span class='ocrx_word' id='word_1_560' title='bbox 1712 1815 1769 1843; x_wconf 88' lang='lat' dir='ltr'><strong>sul-</strong></span> 
     </span>
    </p>
   </div>
   <div class='ocr_carea' id='block_1_82' title="bbox 982 1863 1769 1905">
    <p class='ocr_par' dir='ltr' id='par_1_82' title="bbox 982 1863 1769 1905">
     <span class='ocr_line' id='line_1_82' title="bbox 982 1863 1769 1905; baseline -0.011 -8"><span class='ocrx_word' id='word_1_561' title='bbox 982 1870 1115 1905; x_wconf 89' lang='lat' dir='ltr'><strong>phureum</strong></span> <span class='ocrx_word' id='word_1_562' title='bbox 1132 1868 1248 1898; x_wconf 84' lang='lat' dir='ltr'><strong>fumum,</strong></span> <span class='ocrx_word' id='word_1_563' title='bbox 1262 1874 1294 1894; x_wconf 87' lang='lat' dir='ltr'><strong>ac</strong></span> <span class='ocrx_word' id='word_1_564' title='bbox 1313 1867 1436 1894; x_wconf 90' lang='lat' dir='ltr'><strong>nidorem</strong></span> <span class='ocrx_word' id='word_1_565' title='bbox 1455 1869 1607 1895; x_wconf 80' lang='lat' dir='ltr'><strong>eructante,</strong></span> <span class='ocrx_word' id='word_1_566' title='bbox 1623 1863 1769 1898; x_wconf 84' lang='lat' dir='ltr'><strong>piceasque</strong></span> 
     </span>
    </p>
   </div>
   <div class='ocr_carea' id='block_1_83' title="bbox 982 1908 1774 1948">
    <p class='ocr_par' dir='ltr' id='par_1_83' title="bbox 982 1908 1774 1948">
     <span class='ocr_line' id='line_1_83' title="bbox 982 1908 1774 1948; baseline -0.011 -5"><span class='ocrx_word' id='word_1_567' title='bbox 982 1916 1114 1947; x_wconf 82' lang='lat' dir='ltr'><strong>ﬂammas,</strong></span> <span class='ocrx_word' id='word_1_568' title='bbox 1130 1918 1158 1941; x_wconf 90' lang='lat' dir='ltr'><strong>et</strong></span> <span class='ocrx_word' id='word_1_569' title='bbox 1183 1921 1290 1941; x_wconf 86' lang='lat' dir='ltr'><strong>crassos</strong></span> <span class='ocrx_word' id='word_1_570' title='bbox 1314 1912 1438 1948; x_wconf 86' lang='lat' dir='ltr'><strong>nigrores</strong></span> <span class='ocrx_word' id='word_1_571' title='bbox 1452 1911 1486 1938; x_wconf 85' lang='lat' dir='ltr'><strong>de</strong></span> <span class='ocrx_word' id='word_1_572' title='bbox 1509 1909 1624 1938; x_wconf 87' lang='lat' dir='ltr'><strong>summis</strong></span> <span class='ocrx_word' id='word_1_573' title='bbox 1649 1908 1774 1935; x_wconf 89' lang='lat' dir='ltr'><strong>faucibus</strong></span> 
     </span>
    </p>
   </div>
   <div class='ocr_carea' id='block_1_84' title="bbox 982 1952 1774 1990">
    <p class='ocr_par' dir='ltr' id='par_1_84' title="bbox 982 1952 1774 1990">
     <span class='ocr_line' id='line_1_84' title="bbox 982 1952 1774 1990; baseline -0.011 -3"><span class='ocrx_word' id='word_1_574' title='bbox 982 1962 1136 1990; x_wconf 87' lang='lat' dir='ltr'><strong>evomente,</strong></span> <span class='ocrx_word' id='word_1_575' title='bbox 1153 1965 1262 1985; x_wconf 90' lang='lat' dir='ltr'><strong>necnon</strong></span> <span class='ocrx_word' id='word_1_576' title='bbox 1287 1960 1314 1983; x_wconf 89' lang='lat' dir='ltr'><strong>et</strong></span> <span class='ocrx_word' id='word_1_577' title='bbox 1329 1955 1483 1983; x_wconf 88' lang='lat' dir='ltr'><strong>horrendos</strong></span> <span class='ocrx_word' id='word_1_578' title='bbox 1497 1954 1628 1990; x_wconf 76' lang='lat' dir='ltr'><strong>fragores,</strong></span> <span class='ocrx_word' id='word_1_579' title='bbox 1645 1952 1774 1980; x_wconf 83' lang='lat' dir='ltr'><strong>bombos-</strong></span> 
     </span>
    </p>
   </div>
   <div class='ocr_carea' id='block_1_85' title="bbox 981 1998 1774 2040">
    <p class='ocr_par' dir='ltr' id='par_1_85' title="bbox 981 1998 1774 2040">
     <span class='ocr_line' id='line_1_85' title="bbox 981 1998 1774 2040; baseline -0.013 -7"><span class='ocrx_word' id='word_1_580' title='bbox 981 2013 1035 2040; x_wconf 89' lang='lat' dir='ltr'><strong>que</strong></span> <span class='ocrx_word' id='word_1_581' title='bbox 1050 2005 1128 2033; x_wconf 92' lang='lat' dir='ltr'><strong>valde</strong></span> <span class='ocrx_word' id='word_1_582' title='bbox 1156 2003 1350 2031; x_wconf 86' lang='lat' dir='ltr'><strong>immoderatos</strong></span> <span class='ocrx_word' id='word_1_583' title='bbox 1369 2005 1513 2037; x_wconf 83' lang='lat' dir='ltr'><strong>premente</strong></span> <span class='ocrx_word' id='word_1_584' title='bbox 1530 1999 1650 2034; x_wconf 88' lang='lat' dir='ltr'><strong>(dabitur</strong></span> <span class='ocrx_word' id='word_1_585' title='bbox 1671 1998 1774 2033; x_wconf 89' lang='lat' dir='ltr'><strong>quippe</strong></span> 
     </span>
    </p>
   </div>
   <div class='ocr_carea' id='block_1_86' title="bbox 988 2047 1774 2083">
    <p class='ocr_par' dir='ltr' id='par_1_86' title="bbox 988 2047 1774 2083">
     <span class='ocr_line' id='line_1_86' title="bbox 988 2047 1774 2083; baseline -0.011 -4"><span class='ocrx_word' id='word_1_586' title='bbox 988 2052 1030 2079; x_wconf 90' lang='lat' dir='ltr'><strong>his</strong></span> <span class='ocrx_word' id='word_1_587' title='bbox 1049 2050 1207 2078; x_wconf 89' lang='lat' dir='ltr'><strong>admirabile</strong></span> <span class='ocrx_word' id='word_1_588' title='bbox 1225 2049 1400 2083; x_wconf 87' lang='lat' dir='ltr'><strong>scrutinium)</strong></span> <span class='ocrx_word' id='word_1_589' title='bbox 1418 2048 1439 2075; x_wconf 87' lang='lat' dir='ltr'><strong>si</strong></span> <span class='ocrx_word' id='word_1_590' title='bbox 1454 2047 1604 2074; x_wconf 88' lang='lat' dir='ltr'><strong>orationem</strong></span> <span class='ocrx_word' id='word_1_591' title='bbox 1619 2050 1711 2072; x_wconf 86' lang='lat' dir='ltr'><strong>tenere</strong></span> <span class='ocrx_word' id='word_1_592' title='bbox 1725 2051 1774 2071; x_wconf 89' lang='lat' dir='ltr'><strong>vc-</strong></span> 
     </span>
    </p>
   </div>
   <div class='ocr_carea' id='block_1_87' title="bbox 983 2090 1764 2130">
    <p class='ocr_par' dir='ltr' id='par_1_87' title="bbox 983 2090 1764 2130">
     <span class='ocr_line' id='line_1_87' title="bbox 983 2090 1764 2130; baseline -0.01 -6"><span class='ocrx_word' id='word_1_593' title='bbox 983 2097 1073 2130; x_wconf 89' lang='lat' dir='ltr'><strong>limus,</strong></span> <span class='ocrx_word' id='word_1_594' title='bbox 1085 2097 1118 2123; x_wconf 89' lang='lat' dir='ltr'><strong>ab</strong></span> <span class='ocrx_word' id='word_1_595' title='bbox 1134 2095 1258 2123; x_wconf 87' lang='lat' dir='ltr'><strong>instituto</strong></span> <span class='ocrx_word' id='word_1_596' title='bbox 1271 2094 1360 2130; x_wconf 86' lang='lat' dir='ltr'><strong>egredi</strong></span> <span class='ocrx_word' id='word_1_597' title='bbox 1382 2094 1546 2121; x_wconf 87' lang='lat' dir='ltr'><strong>videremur.</strong></span> <span class='ocrx_word' id='word_1_598' title='bbox 1566 2091 1599 2118; x_wconf 84' lang='lat' dir='ltr'><strong>Et</strong></span> <span class='ocrx_word' id='word_1_599' title='bbox 1613 2091 1721 2126; x_wconf 87' lang='lat' dir='ltr'><strong>quidem</strong></span> <span class='ocrx_word' id='word_1_600' title='bbox 1741 2090 1764 2116; x_wconf 84' lang='lat' dir='ltr'><strong>si</strong></span> 
     </span>
    </p>
   </div>
   <div class='ocr_carea' id='block_1_88' title="bbox 983 2137 1768 2178">
    <p class='ocr_par' dir='ltr' id='par_1_88' title="bbox 983 2137 1768 2178">
     <span class='ocr_line' id='line_1_88' title="bbox 983 2137 1768 2178; baseline -0.011 -7"><span class='ocrx_word' id='word_1_601' title='bbox 983 2144 1017 2177; x_wconf 89' lang='lat' dir='ltr'><strong>is,</strong></span> <span class='ocrx_word' id='word_1_602' title='bbox 1028 2143 1074 2178; x_wconf 91' lang='lat' dir='ltr'><strong>qui</strong></span> <span class='ocrx_word' id='word_1_603' title='bbox 1091 2143 1169 2170; x_wconf 88' lang='lat' dir='ltr'><strong>nobis</strong></span> <span class='ocrx_word' id='word_1_604' title='bbox 1184 2149 1259 2169; x_wconf 89' lang='lat' dir='ltr'><strong>nunc</strong></span> <span class='ocrx_word' id='word_1_605' title='bbox 1272 2141 1397 2168; x_wconf 84' lang='lat' dir='ltr'><strong>laudatur</strong></span> <span class='ocrx_word' id='word_1_606' title='bbox 1407 2139 1582 2168; x_wconf 78' lang='lat' dir='ltr'><strong>Athanasius,</strong></span> <span class='ocrx_word' id='word_1_607' title='bbox 1595 2137 1707 2164; x_wconf 86' lang='lat' dir='ltr'><strong>alterius</strong></span> <span class='ocrx_word' id='word_1_608' title='bbox 1720 2145 1768 2170; x_wconf 85' lang='lat' dir='ltr'><strong>pa-</strong></span> 
     </span>
    </p>
   </div>
   <div class='ocr_carea' id='block_1_89' title="bbox 984 2180 1775 2214">
    <p class='ocr_par' dir='ltr' id='par_1_89' title="bbox 984 2180 1775 2214">
     <span class='ocr_line' id='line_1_89' title="bbox 984 2180 1775 2214; baseline -0.011 0"><span class='ocrx_word' id='word_1_609' title='bbox 984 2188 1042 2214; x_wconf 72' lang='lat' dir='ltr'><strong>tria:</strong></span> <span class='ocrx_word' id='word_1_610' title='bbox 1055 2186 1195 2214; x_wconf 88' lang='lat' dir='ltr'><strong>amoribus</strong></span> <span class='ocrx_word' id='word_1_611' title='bbox 1212 2185 1342 2212; x_wconf 86' lang='lat' dir='ltr'><strong>incensus</strong></span> <span class='ocrx_word' id='word_1_612' title='bbox 1360 2183 1503 2211; x_wconf 82' lang='lat' dir='ltr'><strong>mortalem</strong></span> <span class='ocrx_word' id='word_1_613' title='bbox 1523 2183 1593 2209; x_wconf 88' lang='lat' dir='ltr'><strong>hanc</strong></span> <span class='ocrx_word' id='word_1_614' title='bbox 1611 2180 1775 2207; x_wconf 82' lang='lat' dir='ltr'><strong>ntcxsilinm</strong></span> 
     </span>
    </p>
   </div>
   <div class='ocr_carea' id='block_1_90' title="bbox 142 2227 1778 2268">
    <p class='ocr_par' dir='ltr' id='par_1_90' title="bbox 142 2227 1778 2268">
     <span class='ocr_line' id='line_1_90' title="bbox 142 2227 1778 2268; baseline -0.007 -6"><span class='ocrx_word' id='word_1_615' title='bbox 142 2233 259 2259; x_wconf 86' lang='lat' dir='ltr'><strong>cendum</strong></span> <span class='ocrx_word' id='word_1_616' title='bbox 278 2232 392 2260; x_wconf 90' lang='lat' dir='ltr'><strong>omnino</strong></span> <span class='ocrx_word' id='word_1_617' title='bbox 410 2231 509 2266; x_wconf 88' lang='lat' dir='ltr'><strong>siquid</strong></span> <span class='ocrx_word' id='word_1_618' title='bbox 525 2239 608 2266; x_wconf 84' lang='lat' dir='ltr'><strong>supra</strong></span> <span class='ocrx_word' id='word_1_619' title='bbox 624 2233 697 2258; x_wconf 89' lang='lat' dir='ltr'><strong>vires</strong></span> <span class='ocrx_word' id='word_1_620' title='bbox 712 2231 854 2268; x_wconf 82' lang='lat' dir='ltr'><strong>aggrediar</strong></span> <span class='ocrx_word' id='word_1_621' title='bbox 869 2241 876 2258; x_wconf 88' lang='lat'><strong>:</strong></span> <span class='ocrx_word' id='word_1_622' title='bbox 891 2237 933 2259; x_wconf 88' lang='lat' dir='ltr'><strong>et-</strong></span> <span class='ocrx_word' id='word_1_623' title='bbox 951 2238 970 2264; x_wconf 72' lang='grc' dir='ltr'>ιι</span> <span class='ocrx_word' id='word_1_624' title='bbox 986 2233 1160 2268; x_wconf 75' lang='lat' dir='ltr'><strong>contempsit,</strong></span> <span class='ocrx_word' id='word_1_625' title='bbox 1178 2232 1292 2266; x_wconf 82' lang='lat' dir='ltr'><strong>ideoque</strong></span> <span class='ocrx_word' id='word_1_626' title='bbox 1312 2232 1421 2258; x_wconf 90' lang='lat' dir='ltr'><strong>beatum</strong></span> <span class='ocrx_word' id='word_1_627' title='bbox 1440 2230 1532 2260; x_wconf 78' lang='lat' dir='ltr'><strong>liuet“,</strong></span> <span class='ocrx_word' id='word_1_628' title='bbox 1550 2228 1594 2254; x_wconf 78' lang='lat' dir='ltr'><strong>ubi</strong></span> <span class='ocrx_word' id='word_1_629' title='bbox 1616 2227 1702 2261; x_wconf 85' lang='lat' dir='ltr'><strong>prima</strong></span> <span class='ocrx_word' id='word_1_630' title='bbox 1725 2234 1778 2253; x_wconf 82' lang='lat' dir='ltr'><strong>no-</strong></span> 
     </span>
    </p>
   </div>
   <div class='ocr_carea' id='block_1_91' title="bbox 142 2278 929 2314">
    <p class='ocr_par' dir='ltr' id='par_1_91' title="bbox 142 2278 929 2314">
     <span class='ocr_line' id='line_1_91' title="bbox 142 2278 929 2314; baseline 0 -8"><span class='ocrx_word' id='word_1_631' title='bbox 142 2279 216 2307; x_wconf 89' lang='lat' dir='ltr'><strong>enim</strong></span> <span class='ocrx_word' id='word_1_632' title='bbox 230 2287 286 2307; x_wconf 91' lang='lat' dir='ltr'><strong>non</strong></span> <span class='ocrx_word' id='word_1_633' title='bbox 307 2279 388 2306; x_wconf 91' lang='lat' dir='ltr'><strong>modo</strong></span> <span class='ocrx_word' id='word_1_634' title='bbox 410 2279 518 2312; x_wconf 89' lang='lat' dir='ltr'><strong>divites,</strong></span> <span class='ocrx_word' id='word_1_635' title='bbox 537 2278 585 2306; x_wconf 90' lang='lat' dir='ltr'><strong>sed</strong></span> <span class='ocrx_word' id='word_1_636' title='bbox 604 2278 683 2314; x_wconf 86' lang='lat' dir='ltr'><strong>egeni</strong></span> <span class='ocrx_word' id='word_1_637' title='bbox 698 2278 781 2306; x_wconf 87' lang='lat' dir='ltr'><strong>etiam</strong></span> <span class='ocrx_word' id='word_1_638' title='bbox 799 2279 929 2314; x_wconf 90' lang='lat' dir='ltr'><strong>jubemur</strong></span> 
     </span>
    </p>
   </div>
   <div class='ocr_carea' id='block_1_92' title="bbox 144 2392 935 2457">
    <p class='ocr_par' dir='ltr' id='par_1_92' title="bbox 144 2392 935 2457">
     <span class='ocr_line' id='line_1_92' title="bbox 144 2392 935 2457; baseline -0.003 -36"><span class='ocrx_word' id='word_1_639' title='bbox 144 2394 217 2457; x_wconf 57' lang='lat' dir='ltr'><strong>rt“)</strong></span> <span class='ocrx_word' id='word_1_640' title='bbox 229 2393 304 2420; x_wconf 88' lang='lat' dir='ltr'><strong>idem</strong></span> <span class='ocrx_word' id='word_1_641' title='bbox 326 2392 398 2420; x_wconf 88' lang='lat' dir='ltr'><strong>infra</strong></span> <span class='ocrx_word' id='word_1_642' title='bbox 411 2393 513 2428; x_wconf 89' lang='lat' dir='ltr'><strong>repetit</strong></span> <span class='ocrx_word' id='word_1_643' title='bbox 530 2401 559 2421; x_wconf 90' lang='lat' dir='ltr'><strong>n.</strong></span> <span class='ocrx_word' id='word_1_644' title='bbox 577 2393 603 2426; x_wconf 86' lang='lat'><strong>6,</strong></span> <span class='ocrx_word' id='word_1_645' title='bbox 627 2392 783 2427; x_wconf 77' lang='grc' dir='ltr'><strong>Ἀθανασία,</strong></span> <span class='ocrx_word' id='word_1_646' title='bbox 796 2394 935 2420; x_wconf 76' lang='lat' dir='ltr'><strong>immorta—</strong></span> 
     </span>
     <span class='ocr_line' id='line_1_93' title="bbox 155 2438 217 2456; baseline 0 0"><span class='ocrx_word' id='word_1_647' title='bbox 155 2438 162 2456; x_wconf 85' lang='grc' dir='ltr'><em>ι</em></span> <span class='ocrx_word' id='word_1_648' title='bbox 176 2438 217 2456; x_wconf 77' lang='grc' dir='ltr'><strong><em>(ιδ.</em></strong></span> 
     </span>
    </p>
   </div>
   <div class='ocr_carea' id='block_1_93' title="bbox 155 2434 217 2456">
    <p class='ocr_par' dir='ltr' id='par_1_93' title="bbox 155 2434 217 2456">
     <span class='ocr_line' id='line_1_94' title="bbox 155 2434 217 2456; baseline 0 0"><span class='ocrx_word' id='word_1_649' title='bbox 155 2434 217 2456; x_wconf 76' lang='grc' dir='ltr'><strong>ηαδ.</strong></span> 
     </span>
    </p>
   </div>
   <div class='ocr_carea' id='block_1_94' title="bbox 180 2463 937 2500">
    <p class='ocr_par' dir='ltr' id='par_1_94' title="bbox 180 2463 937 2500">
     <span class='ocr_line' id='line_1_95' title="bbox 180 2463 937 2500; baseline -0.001 -8"><span class='ocrx_word' id='word_1_650' title='bbox 180 2466 217 2500; x_wconf 76' lang='grc'><strong>(2)</strong></span> <span class='ocrx_word' id='word_1_651' title='bbox 233 2463 271 2500; x_wconf 79' lang='lat' dir='ltr'><strong>De</strong></span> <span class='ocrx_word' id='word_1_652' title='bbox 280 2464 309 2492; x_wconf 86' lang='lat' dir='ltr'><strong>S.</strong></span> <span class='ocrx_word' id='word_1_653' title='bbox 324 2464 438 2500; x_wconf 66' lang='lat' dir='ltr'><strong>Agatbaa</strong></span> <span class='ocrx_word' id='word_1_654' title='bbox 457 2463 547 2499; x_wconf 86' lang='lat' dir='ltr'><strong>patria</strong></span> <span class='ocrx_word' id='word_1_655' title='bbox 571 2464 731 2492; x_wconf 83' lang='lat' dir='ltr'><strong>dissertatio</strong></span> <span class='ocrx_word' id='word_1_656' title='bbox 749 2467 791 2491; x_wconf 87' lang='lat' dir='ltr'><strong>est</strong></span> <span class='ocrx_word' id='word_1_657' title='bbox 810 2463 843 2490; x_wconf 93' lang='lat' dir='ltr'><strong>ad</strong></span> <span class='ocrx_word' id='word_1_658' title='bbox 863 2464 937 2491; x_wconf 90' lang='lat' dir='ltr'><strong>illius</strong></span> 
     </span>
    </p>
   </div>
   <div class='ocr_carea' id='block_1_95' title="bbox 143 2499 321 2529">
    <p class='ocr_par' dir='ltr' id='par_1_95' title="bbox 143 2499 321 2529">
     <span class='ocr_line' id='line_1_96' title="bbox 143 2499 321 2529; baseline -0.011 0"><span class='ocrx_word' id='word_1_659' title='bbox 143 2499 212 2529; x_wconf 83' lang='lat' dir='ltr'><strong>Acta</strong></span> <span class='ocrx_word' id='word_1_660' title='bbox 225 2500 241 2527; x_wconf 82' lang='lat'><strong>5</strong></span> <span class='ocrx_word' id='word_1_661' title='bbox 251 2499 321 2527; x_wconf 85' lang='lat' dir='ltr'><strong>Febr</strong></span> 
     </span>
    </p>
   </div>
   <div class='ocr_carea' id='block_1_96' title="bbox 181 2534 939 2571">
    <p class='ocr_par' dir='ltr' id='par_1_96' title="bbox 181 2534 939 2571">
     <span class='ocr_line' id='line_1_97' title="bbox 181 2534 939 2571; baseline -0.004 -8"><span class='ocrx_word' id='word_1_662' title='bbox 181 2536 220 2571; x_wconf 76' lang='lat'><strong>(5)</strong></span> <span class='ocrx_word' id='word_1_663' title='bbox 240 2545 250 2560; x_wconf 75' lang='grc' dir='ltr'><strong>ε</strong></span> <span class='ocrx_word' id='word_1_664' title='bbox 267 2535 469 2570; x_wconf 84' lang='lat' dir='ltr'><strong>Amphinomus</strong></span> <span class='ocrx_word' id='word_1_665' title='bbox 485 2540 514 2562; x_wconf 90' lang='lat' dir='ltr'><strong>et</strong></span> <span class='ocrx_word' id='word_1_666' title='bbox 534 2534 647 2571; x_wconf 62' lang='lat' dir='ltr'><strong>Anapus</strong></span> <span class='ocrx_word' id='word_1_667' title='bbox 665 2538 769 2569; x_wconf 91' lang='lat' dir='ltr'><strong>patrem</strong></span> <span class='ocrx_word' id='word_1_668' title='bbox 783 2538 810 2561; x_wconf 90' lang='lat' dir='ltr'><strong>et</strong></span> <span class='ocrx_word' id='word_1_669' title='bbox 824 2539 939 2571; x_wconf 77' lang='lat' dir='ltr'><strong>matrem</strong></span> 
     </span>
    </p>
   </div>
   <div class='ocr_carea' id='block_1_97' title="bbox 144 2569 930 2605">
    <p class='ocr_par' dir='ltr' id='par_1_97' title="bbox 144 2569 930 2605">
     <span class='ocr_line' id='line_1_98' title="bbox 144 2569 930 2605; baseline -0.005 -6"><span class='ocrx_word' id='word_1_670' title='bbox 144 2569 270 2599; x_wconf 82' lang='lat' dir='ltr'><strong>humeris</strong></span> <span class='ocrx_word' id='word_1_671' title='bbox 278 2569 326 2605; x_wconf 80' lang='lat' dir='ltr'><strong>per</strong></span> <span class='ocrx_word' id='word_1_672' title='bbox 339 2571 444 2598; x_wconf 89' lang='lat' dir='ltr'><strong>medios</strong></span> <span class='ocrx_word' id='word_1_673' title='bbox 460 2570 537 2604; x_wconf 86' lang='lat' dir='ltr'><strong>ignes</strong></span> <span class='ocrx_word' id='word_1_674' title='bbox 552 2569 643 2597; x_wconf 68' lang='lat' dir='ltr'><strong>Aitua}</strong></span> <span class='ocrx_word' id='word_1_675' title='bbox 660 2573 829 2603; x_wconf 65' lang='lat' dir='ltr'><strong>portarunt,»</strong></span> <span class='ocrx_word' id='word_1_676' title='bbox 843 2569 930 2603; x_wconf 87' lang='lat' dir='ltr'><strong>inquit</strong></span> 
     </span>
    </p>
   </div>
   <div class='ocr_carea' id='block_1_98' title="bbox 145 2605 931 2640">
    <p class='ocr_par' dir='ltr' id='par_1_98' title="bbox 145 2605 931 2640">
     <span class='ocr_line' id='line_1_99' title="bbox 145 2605 931 2640; baseline -0.004 -6"><span class='ocrx_word' id='word_1_677' title='bbox 145 2607 193 2635; x_wconf 92' lang='lat' dir='ltr'><strong>lib.</strong></span> <span class='ocrx_word' id='word_1_678' title='bbox 206 2615 233 2637; x_wconf 82' lang='grc' dir='ltr'><strong>ν,</strong></span> <span class='ocrx_word' id='word_1_679' title='bbox 247 2614 305 2640; x_wconf 85' lang='lat' dir='ltr'><strong>cap.</strong></span> <span class='ocrx_word' id='word_1_680' title='bbox 319 2607 336 2640; x_wconf 62' lang='grc'>4</span> <span class='ocrx_word' id='word_1_681' title='bbox 349 2606 470 2633; x_wconf 85' lang='lat' dir='ltr'><strong>Valerius</strong></span> <span class='ocrx_word' id='word_1_682' title='bbox 482 2605 626 2632; x_wconf 75' lang='lat' dir='ltr'><strong>Maximus.</strong></span> <span class='ocrx_word' id='word_1_683' title='bbox 640 2605 738 2632; x_wconf 87' lang='lat' dir='ltr'><strong>Strabo</strong></span> <span class='ocrx_word' id='word_1_684' title='bbox 752 2605 797 2631; x_wconf 91' lang='lat' dir='ltr'><strong>lib.</strong></span> <span class='ocrx_word' id='word_1_685' title='bbox 813 2613 848 2635; x_wconf 79' lang='lat' dir='ltr'><strong>vi,</strong></span> <span class='ocrx_word' id='word_1_686' title='bbox 865 2605 931 2638; x_wconf 81' lang='grc' dir='ltr'><strong>Ἀμ-</strong></span> 
     </span>
    </p>
   </div>
   <div class='ocr_carea' id='block_1_99' title="bbox 145 2639 929 2677">
    <p class='ocr_par' dir='ltr' id='par_1_99' title="bbox 145 2639 929 2677">
     <span class='ocr_line' id='line_1_100' title="bbox 145 2639 929 2677; baseline -0.001 -10"><span class='ocrx_word' id='word_1_687' title='bbox 145 2642 260 2677; x_wconf 81' lang='grc' dir='ltr'><strong>φινομον</strong></span> <span class='ocrx_word' id='word_1_688' title='bbox 271 2639 454 2668; x_wconf 57' lang='grc' dir='ltr'><strong>ἡαιἊνσπιαν</strong></span> <span class='ocrx_word' id='word_1_689' title='bbox 473 2645 559 2677; x_wconf 61' lang='lat' dir='ltr'><strong>pacat.</strong></span> <span class='ocrx_word' id='word_1_690' title='bbox 573 2640 610 2667; x_wconf 83' lang='lat' dir='ltr'><strong>De</strong></span> <span class='ocrx_word' id='word_1_691' title='bbox 625 2641 667 2668; x_wconf 91' lang='lat' dir='ltr'><strong>his</strong></span> <span class='ocrx_word' id='word_1_692' title='bbox 684 2640 804 2672; x_wconf 85' lang='lat' dir='ltr'><strong>Solinus,</strong></span> <span class='ocrx_word' id='word_1_693' title='bbox 820 2648 880 2677; x_wconf 86' lang='lat' dir='ltr'><strong>cap.</strong></span> 
     </span>
    </p>
   </div>
   <div class='ocr_carea' id='block_1_100' title="bbox 149 2675 931 2711">
    <p class='ocr_par' dir='ltr' id='par_1_100' title="bbox 149 2675 931 2711">
     <span class='ocr_line' id='line_1_101' title="bbox 149 2675 931 2711; baseline -0.004 -7"><span class='ocrx_word' id='word_1_694' title='bbox 149 2675 159 2704; x_wconf 68' lang='grc' dir='ltr'><strong>ί</strong></span> <span class='ocrx_word' id='word_1_695' title='bbox 187 2675 261 2704; x_wconf 85' lang='lat' dir='ltr'><strong>Inter</strong></span> <span class='ocrx_word' id='word_1_696' title='bbox 278 2677 399 2703; x_wconf 74' lang='lat' dir='ltr'><strong>Calinam</strong></span> <span class='ocrx_word' id='word_1_697' title='bbox 415 2680 443 2704; x_wconf 90' lang='lat' dir='ltr'><strong>et</strong></span> <span class='ocrx_word' id='word_1_698' title='bbox 470 2676 619 2711; x_wconf 83' lang='lat' dir='ltr'><strong>Syracusas</strong></span> <span class='ocrx_word' id='word_1_699' title='bbox 640 2681 778 2703; x_wconf 84' lang='lat' dir='ltr'><strong>certamen</strong></span> <span class='ocrx_word' id='word_1_700' title='bbox 799 2680 840 2702; x_wconf 85' lang='lat' dir='ltr'><strong>est</strong></span> <span class='ocrx_word' id='word_1_701' title='bbox 854 2675 931 2711; x_wconf 44' lang='lat' dir='ltr'><strong>deilf</strong></span> 
     </span>
    </p>
   </div>
   <div class='ocr_carea' id='block_1_101' title="bbox 146 2710 932 2746">
    <p class='ocr_par' dir='ltr' id='par_1_101' title="bbox 146 2710 932 2746">
     <span class='ocr_line' id='line_1_102' title="bbox 146 2710 932 2746; baseline -0.004 -6"><span class='ocrx_word' id='word_1_702' title='bbox 146 2713 276 2741; x_wconf 90' lang='lat' dir='ltr'><strong>lustrium</strong></span> <span class='ocrx_word' id='word_1_703' title='bbox 293 2712 408 2739; x_wconf 87' lang='lat' dir='ltr'><strong>fratrum</strong></span> <span class='ocrx_word' id='word_1_704' title='bbox 433 2710 585 2742; x_wconf 85' lang='lat' dir='ltr'><strong>memoria,</strong></span> <span class='ocrx_word' id='word_1_705' title='bbox 608 2719 724 2746; x_wconf 89' lang='lat' dir='ltr'><strong>quorum</strong></span> <span class='ocrx_word' id='word_1_706' title='bbox 747 2711 858 2746; x_wconf 87' lang='lat' dir='ltr'><strong>nomina</strong></span> <span class='ocrx_word' id='word_1_707' title='bbox 879 2710 932 2738; x_wconf 89' lang='lat' dir='ltr'><strong>sibi</strong></span> 
     </span>
    </p>
   </div>
   <div class='ocr_carea' id='block_1_102' title="bbox 147 2745 932 2782">
    <p class='ocr_par' dir='ltr' id='par_1_102' title="bbox 147 2745 932 2782">
     <span class='ocr_line' id='line_1_103' title="bbox 147 2745 932 2782; baseline -0.006 -6"><span class='ocrx_word' id='word_1_708' title='bbox 147 2748 264 2776; x_wconf 71' lang='lat' dir='ltr'><strong>diversae</strong></span> <span class='ocrx_word' id='word_1_709' title='bbox 289 2752 379 2782; x_wconf 83' lang='lat' dir='ltr'><strong>partes</strong></span> <span class='ocrx_word' id='word_1_710' title='bbox 398 2747 540 2781; x_wconf 86' lang='lat' dir='ltr'><strong>adoptant.</strong></span> <span class='ocrx_word' id='word_1_711' title='bbox 555 2746 583 2773; x_wconf 92' lang='lat' dir='ltr'><strong>Si</strong></span> <span class='ocrx_word' id='word_1_712' title='bbox 600 2746 763 2782; x_wconf 81' lang='lat' dir='ltr'><strong>Catinenses</strong></span> <span class='ocrx_word' id='word_1_713' title='bbox 779 2745 932 2782; x_wconf 76' lang='lat' dir='ltr'><strong>audiamus,</strong></span> 
     </span>
    </p>
   </div>
   <div class='ocr_carea' id='block_1_103' title="bbox 148 2780 936 2818">
    <p class='ocr_par' dir='ltr' id='par_1_103' title="bbox 148 2780 936 2818">
     <span class='ocr_line' id='line_1_104' title="bbox 148 2780 936 2818; baseline -0.006 -7"><span class='ocrx_word' id='word_1_714' title='bbox 148 2783 272 2818; x_wconf 86' lang='lat' dir='ltr'><strong>Anapius</strong></span> <span class='ocrx_word' id='word_1_715' title='bbox 287 2780 339 2810; x_wconf 90' lang='lat' dir='ltr'><strong>fuit</strong></span> <span class='ocrx_word' id='word_1_716' title='bbox 361 2785 389 2810; x_wconf 90' lang='lat' dir='ltr'><strong>et</strong></span> <span class='ocrx_word' id='word_1_717' title='bbox 413 2780 633 2817; x_wconf 73' lang='lat' dir='ltr'><strong>Auiphinomus:</strong></span> <span class='ocrx_word' id='word_1_718' title='bbox 649 2781 669 2808; x_wconf 90' lang='lat' dir='ltr'><strong>si</strong></span> <span class='ocrx_word' id='word_1_719' title='bbox 685 2780 759 2818; x_wconf 75' lang='lat' dir='ltr'><strong>quod</strong></span> <span class='ocrx_word' id='word_1_720' title='bbox 772 2781 879 2818; x_wconf 74' lang='lat' dir='ltr'><strong>malunt</strong></span> <span class='ocrx_word' id='word_1_721' title='bbox 888 2780 936 2815; x_wconf 79' lang='lat' dir='ltr'><strong>Sy-</strong></span> 
     </span>
    </p>
   </div>
   <div class='ocr_carea' id='block_1_104' title="bbox 150 2816 934 2852">
    <p class='ocr_par' dir='ltr' id='par_1_104' title="bbox 150 2816 934 2852">
     <span class='ocr_line' id='line_1_105' title="bbox 150 2816 934 2852; baseline -0.005 -7"><span class='ocrx_word' id='word_1_722' title='bbox 150 2816 266 2851; x_wconf 60' lang='lat' dir='ltr'><strong>racusar,</strong></span> <span class='ocrx_word' id='word_1_723' title='bbox 286 2817 437 2845; x_wconf 79' lang='lat' dir='ltr'><strong>Emantiant</strong></span> <span class='ocrx_word' id='word_1_724' title='bbox 463 2816 620 2852; x_wconf 79' lang='lat' dir='ltr'><strong>putabimus</strong></span> <span class='ocrx_word' id='word_1_725' title='bbox 639 2821 667 2843; x_wconf 84' lang='lat' dir='ltr'><strong>et</strong></span> <span class='ocrx_word' id='word_1_726' title='bbox 680 2816 830 2852; x_wconf 68' lang='lat' dir='ltr'><strong>Critonem.</strong></span> <span class='ocrx_word' id='word_1_727' title='bbox 860 2817 934 2842; x_wconf 75' lang='lat' dir='ltr'><strong>Cati-</strong></span> 
     </span>
    </p>
   </div>
   <div class='ocr_carea' id='block_1_105' title="bbox 150 2851 934 2888">
    <p class='ocr_par' dir='ltr' id='par_1_105' title="bbox 150 2851 934 2888">
     <span class='ocr_line' id='line_1_106' title="bbox 150 2851 934 2888; baseline -0.004 -8"><span class='ocrx_word' id='word_1_728' title='bbox 150 2853 346 2881; x_wconf 79' lang='lat' dir='ltr'><strong>nensistamcn</strong></span> <span class='ocrx_word' id='word_1_729' title='bbox 363 2853 437 2888; x_wconf 87' lang='lat' dir='ltr'><strong>regio</strong></span> <span class='ocrx_word' id='word_1_730' title='bbox 457 2861 565 2880; x_wconf 81' lang='lat' dir='ltr'><strong>causam</strong></span> <span class='ocrx_word' id='word_1_731' title='bbox 585 2852 659 2879; x_wconf 75' lang='lat' dir='ltr'><strong>dedit</strong></span> <span class='ocrx_word' id='word_1_732' title='bbox 682 2851 763 2883; x_wconf 82' lang='lat' dir='ltr'><strong>facto,</strong></span> <span class='ocrx_word' id='word_1_733' title='bbox 777 2851 802 2878; x_wconf 92' lang='lat' dir='ltr'><strong>in</strong></span> <span class='ocrx_word' id='word_1_734' title='bbox 814 2859 894 2886; x_wconf 87' lang='lat' dir='ltr'><strong>quam</strong></span> <span class='ocrx_word' id='word_1_735' title='bbox 906 2859 934 2878; x_wconf 87' lang='lat' dir='ltr'><strong>sc</strong></span> 
     </span>
    </p>
   </div>
   <div class='ocr_carea' id='block_1_106' title="bbox 981 2271 1774 2311">
    <p class='ocr_par' dir='ltr' id='par_1_106' title="bbox 981 2271 1774 2311">
     <span class='ocr_line' id='line_1_107' title="bbox 981 2271 1774 2311; baseline -0.01 -4"><span class='ocrx_word' id='word_1_736' title='bbox 981 2280 1023 2307; x_wconf 82' lang='lat' dir='ltr'><strong>bis</strong></span> <span class='ocrx_word' id='word_1_737' title='bbox 1037 2279 1144 2311; x_wconf 84' lang='lat' dir='ltr'><strong>domus,</strong></span> <span class='ocrx_word' id='word_1_738' title='bbox 1156 2286 1188 2306; x_wconf 88' lang='lat' dir='ltr'><strong>ac</strong></span> <span class='ocrx_word' id='word_1_739' title='bbox 1203 2277 1352 2305; x_wconf 62' lang='lat' dir='ltr'><strong>laatantium</strong></span> <span class='ocrx_word' id='word_1_740' title='bbox 1366 2276 1489 2303; x_wconf 90' lang='lat' dir='ltr'><strong>omnium</strong></span> <span class='ocrx_word' id='word_1_741' title='bbox 1506 2273 1649 2301; x_wconf 85' lang='lat' dir='ltr'><strong>habitatio.</strong></span> <span class='ocrx_word' id='word_1_742' title='bbox 1661 2271 1774 2299; x_wconf 81' lang='lat' dir='ltr'><strong>sortitus</strong></span> 
     </span>
    </p>
   </div>
   <div class='ocr_carea' id='block_1_107' title="bbox 989 2385 1777 2425">
    <p class='ocr_par' dir='ltr' id='par_1_107' title="bbox 989 2385 1777 2425">
     <span class='ocr_line' id='line_1_108' title="bbox 989 2385 1777 2425; baseline -0.009 -7"><span class='ocrx_word' id='word_1_743' title='bbox 989 2401 1050 2419; x_wconf 83' lang='lat' dir='ltr'><strong>cum</strong></span> <span class='ocrx_word' id='word_1_744' title='bbox 1061 2392 1152 2420; x_wconf 63' lang='lat' dir='ltr'><strong>[Eluas</strong></span> <span class='ocrx_word' id='word_1_745' title='bbox 1164 2391 1291 2418; x_wconf 86' lang='lat' dir='ltr'><strong>incendia</strong></span> <span class='ocrx_word' id='word_1_746' title='bbox 1306 2389 1495 2425; x_wconf 54' lang='lat' dir='ltr'><strong>protulissent,</strong></span> <span class='ocrx_word' id='word_1_747' title='bbox 1509 2385 1777 2425; x_wconf 46' lang='lat' dir='ltr'><strong>juvenesnduosub-</strong></span> 
     </span>
    </p>
   </div>
   <div class='ocr_carea' id='block_1_108' title="bbox 990 2421 1777 2462">
    <p class='ocr_par' dir='ltr' id='par_1_108' title="bbox 990 2421 1777 2462">
     <span class='ocr_line' id='line_1_109' title="bbox 990 2421 1777 2462; baseline -0.011 -7"><span class='ocrx_word' id='word_1_748' title='bbox 990 2429 1058 2455; x_wconf 84' lang='lat' dir='ltr'><strong>latos</strong></span> <span class='ocrx_word' id='word_1_749' title='bbox 1079 2432 1206 2462; x_wconf 60' lang='lat' dir='ltr'><strong>parentes</strong></span> <span class='ocrx_word' id='word_1_750' title='bbox 1230 2421 1379 2462; x_wconf 80' lang='lat' dir='ltr'><strong>evexerth</strong></span> <span class='ocrx_word' id='word_1_751' title='bbox 1391 2424 1463 2462; x_wconf 80' lang='lat' dir='ltr'><strong>inter</strong></span> <span class='ocrx_word' id='word_1_752' title='bbox 1479 2421 1602 2462; x_wconf 76' lang='lat' dir='ltr'><strong>ﬂammas</strong></span> <span class='ocrx_word' id='word_1_753' title='bbox 1615 2421 1690 2448; x_wconf 62' lang='grc' dir='ltr'><strong>ἰηλεςί</strong></span> <span class='ocrx_word' id='word_1_754' title='bbox 1707 2421 1777 2462; x_wconf 80' lang='lat' dir='ltr'><strong>igni-</strong></span> 
     </span>
    </p>
   </div>
   <div class='ocr_carea' id='block_1_109' title="bbox 990 2458 1778 2496">
    <p class='ocr_par' dir='ltr' id='par_1_109' title="bbox 990 2458 1778 2496">
     <span class='ocr_line' id='line_1_110' title="bbox 990 2458 1778 2496; baseline -0.01 -6"><span class='ocrx_word' id='word_1_755' title='bbox 990 2464 1051 2490; x_wconf 83' lang='lat' dir='ltr'><strong>bus.</strong></span> <span class='ocrx_word' id='word_1_756' title='bbox 1080 2458 1184 2490; x_wconf 78' lang='lat' dir='ltr'><strong>Horum</strong></span> <span class='ocrx_word' id='word_1_757' title='bbox 1211 2460 1371 2489; x_wconf 84' lang='lat' dir='ltr'><strong>memoriam</strong></span> <span class='ocrx_word' id='word_1_758' title='bbox 1400 2459 1436 2496; x_wconf 83' lang='lat' dir='ltr'><strong>ita</strong></span> <span class='ocrx_word' id='word_1_759' title='bbox 1458 2458 1605 2496; x_wconf 69' lang='lat' dir='ltr'><strong>posteritas</strong></span> <span class='ocrx_word' id='word_1_760' title='bbox 1633 2461 1778 2496; x_wconf 73' lang='lat' dir='ltr'><strong>munerata</strong></span> 
     </span>
    </p>
   </div>
   <div class='ocr_carea' id='block_1_110' title="bbox 992 2492 1776 2532">
    <p class='ocr_par' dir='ltr' id='par_1_110' title="bbox 992 2492 1776 2532">
     <span class='ocr_line' id='line_1_111' title="bbox 992 2492 1776 2532; baseline -0.011 -7"><span class='ocrx_word' id='word_1_761' title='bbox 992 2503 1044 2531; x_wconf 81' lang='lat' dir='ltr'><strong>est,</strong></span> <span class='ocrx_word' id='word_1_762' title='bbox 1070 2503 1100 2525; x_wconf 94' lang='lat' dir='ltr'><strong>ut</strong></span> <span class='ocrx_word' id='word_1_763' title='bbox 1121 2497 1239 2532; x_wconf 81' lang='lat' dir='ltr'><strong>sepulcri</strong></span> <span class='ocrx_word' id='word_1_764' title='bbox 1260 2496 1336 2523; x_wconf 87' lang='lat' dir='ltr'><strong>locus</strong></span> <span class='ocrx_word' id='word_1_765' title='bbox 1362 2492 1562 2532; x_wconf 54' lang='lat' dir='ltr'><strong>nominaretun</strong></span> <span class='ocrx_word' id='word_1_766' title='bbox 1576 2492 1694 2532; x_wconf 77' lang='lat' dir='ltr'><strong>Campus</strong></span> <span class='ocrx_word' id='word_1_767' title='bbox 1715 2492 1776 2525; x_wconf 76' lang='lat' dir='ltr'><strong>pin-</strong></span> 
     </span>
    </p>
   </div>
   <div class='ocr_carea' id='block_1_111' title="bbox 993 2527 1775 2566">
    <p class='ocr_par' dir='ltr' id='par_1_111' title="bbox 993 2527 1775 2566">
     <span class='ocr_line' id='line_1_112' title="bbox 993 2527 1775 2566; baseline -0.01 -7"><span class='ocrx_word' id='word_1_768' title='bbox 993 2527 1063 2560; x_wconf 85' lang='lat' dir='ltr'><strong>rnm.</strong></span> <span class='ocrx_word' id='word_1_769' title='bbox 1086 2543 1095 2559; x_wconf 85' lang='grc'><strong>›</strong></span> <span class='ocrx_word' id='word_1_770' title='bbox 1116 2527 1210 2559; x_wconf 71' lang='grc' dir='ltr'><strong>υθῚιὶε</strong></span> <span class='ocrx_word' id='word_1_771' title='bbox 1229 2531 1345 2561; x_wconf 88' lang='lat' dir='ltr'><strong>Seneca,</strong></span> <span class='ocrx_word' id='word_1_772' title='bbox 1365 2530 1412 2557; x_wconf 91' lang='lat' dir='ltr'><strong>lib.</strong></span> <span class='ocrx_word' id='word_1_773' title='bbox 1430 2537 1471 2561; x_wconf 92' lang='lat' dir='ltr'><strong>Ill,</strong></span> <span class='ocrx_word' id='word_1_774' title='bbox 1495 2527 1695 2566; x_wconf 71' lang='lat' dir='ltr'><strong>De__bene/irii._s,</strong></span> <span class='ocrx_word' id='word_1_775' title='bbox 1713 2534 1775 2566; x_wconf 59' lang='lat' dir='ltr'><strong>cap:</strong></span> 
     </span>
    </p>
   </div>
   <div class='ocr_carea' id='block_1_112' title="bbox 985 2562 1776 2600">
    <p class='ocr_par' dir='ltr' id='par_1_112' title="bbox 985 2562 1776 2600">
     <span class='ocr_line' id='line_1_113' title="bbox 985 2562 1776 2600; baseline -0.009 -6"><span class='ocrx_word' id='word_1_776' title='bbox 985 2569 1019 2596; x_wconf 68' lang='grc' dir='ltr'>Ἥ</span> <span class='ocrx_word' id='word_1_777' title='bbox 1035 2578 1041 2596; x_wconf 92' lang='lat'>:</span> <span class='ocrx_word' id='word_1_778' title='bbox 1061 2579 1070 2594; x_wconf 86' lang='grc'><strong><em>‹</em></strong></span> <span class='ocrx_word' id='word_1_779' title='bbox 1095 2568 1191 2596; x_wconf 80' lang='lat' dir='ltr'><strong>Vicere</strong></span> <span class='ocrx_word' id='word_1_780' title='bbox 1211 2566 1428 2600; x_wconf 83' lang='lat' dir='ltr'><strong>Sieulijuvenes,</strong></span> <span class='ocrx_word' id='word_1_781' title='bbox 1447 2572 1508 2592; x_wconf 89' lang='lat' dir='ltr'><strong>cum</strong></span> <span class='ocrx_word' id='word_1_782' title='bbox 1529 2562 1611 2590; x_wconf 70' lang='lat' dir='ltr'><strong>[Etna</strong></span> <span class='ocrx_word' id='word_1_783' title='bbox 1629 2562 1732 2600; x_wconf 81' lang='lat' dir='ltr'><strong>majore</strong></span> <span class='ocrx_word' id='word_1_784' title='bbox 1745 2562 1776 2600; x_wconf 87' lang='lat' dir='ltr'><strong>_vi</strong></span> 
     </span>
    </p>
   </div>
   <div class='ocr_carea' id='block_1_113' title="bbox 987 2597 1776 2639">
    <p class='ocr_par' dir='ltr' id='par_1_113' title="bbox 987 2597 1776 2639">
     <span class='ocr_line' id='line_1_114' title="bbox 987 2597 1776 2639; baseline -0.009 -8"><span class='ocrx_word' id='word_1_785' title='bbox 987 2605 1147 2639; x_wconf 81' lang='lat' dir='ltr'><strong>peragitata,</strong></span> <span class='ocrx_word' id='word_1_786' title='bbox 1166 2603 1194 2630; x_wconf 94' lang='lat' dir='ltr'><strong>in</strong></span> <span class='ocrx_word' id='word_1_787' title='bbox 1212 2597 1310 2639; x_wconf 63' lang='lat' dir='ltr'><strong>urbes,</strong></span> <span class='ocrx_word' id='word_1_788' title='bbox 1327 2602 1353 2627; x_wconf 92' lang='lat' dir='ltr'><strong>in</strong></span> <span class='ocrx_word' id='word_1_789' title='bbox 1368 2607 1465 2639; x_wconf 68' lang='lat' dir='ltr'><strong>agros,</strong></span> <span class='ocrx_word' id='word_1_790' title='bbox 1485 2600 1512 2626; x_wconf 92' lang='lat' dir='ltr'><strong>in</strong></span> <span class='ocrx_word' id='word_1_791' title='bbox 1534 2605 1659 2634; x_wconf 82' lang='lat' dir='ltr'><strong>magnam</strong></span> <span class='ocrx_word' id='word_1_792' title='bbox 1679 2597 1776 2639; x_wconf 70' lang='lat' dir='ltr'><strong>insula:</strong></span> 
     </span>
    </p>
   </div>
   <div class='ocr_carea' id='block_1_114' title="bbox 986 2636 1777 2674">
    <p class='ocr_par' dir='ltr' id='par_1_114' title="bbox 986 2636 1777 2674">
     <span class='ocr_line' id='line_1_115' title="bbox 986 2636 1777 2674; baseline -0.011 -7"><span class='ocrx_word' id='word_1_793' title='bbox 986 2636 1101 2674; x_wconf 53' lang='lat' dir='ltr'><strong>partem],</strong></span> <span class='ocrx_word' id='word_1_794' title='bbox 1121 2638 1264 2667; x_wconf 82' lang='lat' dir='ltr'><strong>ell&#39;udisset</strong></span> <span class='ocrx_word' id='word_1_795' title='bbox 1285 2636 1444 2674; x_wconf 78' lang='lat' dir='ltr'><strong>incendium</strong></span> <span class='ocrx_word' id='word_1_796' title='bbox 1462 2638 1628 2674; x_wconf 76' lang='lat' dir='ltr'><strong>,_vcxerunt</strong></span> <span class='ocrx_word' id='word_1_797' title='bbox 1647 2637 1777 2672; x_wconf 73' lang='lat' dir='ltr'><strong>parentes</strong></span> 
     </span>
    </p>
   </div>
   <div class='ocr_carea' id='block_1_115' title="bbox 986 2670 1778 2705">
    <p class='ocr_par' dir='ltr' id='par_1_115' title="bbox 986 2670 1778 2705">
     <span class='ocr_line' id='line_1_116' title="bbox 986 2670 1778 2705; baseline -0.01 -3"><span class='ocrx_word' id='word_1_798' title='bbox 986 2670 1050 2702; x_wconf 61' lang='lat' dir='ltr'><strong>Suos</strong></span> <span class='ocrx_word' id='word_1_799' title='bbox 1066 2684 1072 2702; x_wconf 89' lang='lat'><strong>:</strong></span> <span class='ocrx_word' id='word_1_800' title='bbox 1087 2670 1239 2702; x_wconf 83' lang='lat' dir='ltr'><strong>decessisse</strong></span> <span class='ocrx_word' id='word_1_801' title='bbox 1261 2673 1393 2700; x_wconf 89' lang='lat' dir='ltr'><strong>creditum</strong></span> <span class='ocrx_word' id='word_1_802' title='bbox 1416 2675 1458 2698; x_wconf 89' lang='lat' dir='ltr'><strong>est</strong></span> <span class='ocrx_word' id='word_1_803' title='bbox 1478 2670 1564 2705; x_wconf 77' lang='lat' dir='ltr'><strong>ignes.</strong></span> <span class='ocrx_word' id='word_1_804' title='bbox 1591 2673 1619 2695; x_wconf 88' lang='lat' dir='ltr'><strong>et</strong></span> <span class='ocrx_word' id='word_1_805' title='bbox 1648 2670 1778 2700; x_wconf 80' lang='lat' dir='ltr'><strong>utrinque</strong></span> 
     </span>
    </p>
   </div>
   <div class='ocr_carea' id='block_1_116' title="bbox 989 2705 1777 2739">
    <p class='ocr_par' dir='ltr' id='par_1_116' title="bbox 989 2705 1777 2739">
     <span class='ocr_line' id='line_1_117' title="bbox 989 2705 1777 2739; baseline -0.013 -2"><span class='ocrx_word' id='word_1_806' title='bbox 989 2710 1096 2737; x_wconf 77' lang='lat' dir='ltr'><strong>flamma</strong></span> <span class='ocrx_word' id='word_1_807' title='bbox 1117 2709 1264 2737; x_wconf 85' lang='lat' dir='ltr'><strong>recedente</strong></span> <span class='ocrx_word' id='word_1_808' title='bbox 1292 2707 1406 2734; x_wconf 85' lang='lat' dir='ltr'><strong>limitem</strong></span> <span class='ocrx_word' id='word_1_809' title='bbox 1438 2705 1610 2739; x_wconf 83' lang='lat' dir='ltr'><strong>adapertum,</strong></span> <span class='ocrx_word' id='word_1_810' title='bbox 1629 2711 1678 2738; x_wconf 82' lang='lat' dir='ltr'><strong>per</strong></span> <span class='ocrx_word' id='word_1_811' title='bbox 1694 2710 1777 2736; x_wconf 84' lang='lat' dir='ltr'><strong>quem</strong></span> 
     </span>
    </p>
   </div>
   <div class='ocr_carea' id='block_1_117' title="bbox 990 2740 1779 2778">
    <p class='ocr_par' dir='ltr' id='par_1_117' title="bbox 990 2740 1779 2778">
     <span class='ocr_line' id='line_1_118' title="bbox 990 2740 1779 2778; baseline -0.011 -6"><span class='ocrx_word' id='word_1_812' title='bbox 990 2748 1209 2772; x_wconf 85' lang='lat' dir='ltr'><strong>transcurrerent</strong></span> <span class='ocrx_word' id='word_1_813' title='bbox 1228 2744 1343 2778; x_wconf 87' lang='lat' dir='ltr'><strong>juvenes</strong></span> <span class='ocrx_word' id='word_1_814' title='bbox 1357 2741 1509 2778; x_wconf 83' lang='lat' dir='ltr'><strong>dignissimi</strong></span> <span class='ocrx_word' id='word_1_815' title='bbox 1531 2740 1577 2774; x_wconf 91' lang='lat' dir='ltr'><strong>qui</strong></span> <span class='ocrx_word' id='word_1_816' title='bbox 1590 2746 1700 2778; x_wconf 55' lang='grc' dir='ltr'><strong>Διικιξξςιιι</strong></span> <span class='ocrx_word' id='word_1_817' title='bbox 1718 2742 1779 2777; x_wconf 83' lang='lat' dir='ltr'><strong>tuto</strong></span> 
     </span>
    </p>
   </div>
   <div class='ocr_carea' id='block_1_118' title="bbox 989 2774 1778 2808">
    <p class='ocr_par' dir='ltr' id='par_1_118' title="bbox 989 2774 1778 2808">
     <span class='ocr_line' id='line_1_119' title="bbox 989 2774 1778 2808; baseline -0.011 0"><span class='ocrx_word' id='word_1_818' title='bbox 989 2781 1132 2808; x_wconf 82' lang='lat' dir='ltr'><strong>auderent.</strong></span> <span class='ocrx_word' id='word_1_819' title='bbox 1152 2789 1161 2806; x_wconf 80' lang='grc' dir='ltr'><strong><em>ι</em></strong></span> <span class='ocrx_word' id='word_1_820' title='bbox 1181 2774 1327 2806; x_wconf 74' lang='lat' dir='ltr'><strong>Cclcbrant</strong></span> <span class='ocrx_word' id='word_1_821' title='bbox 1345 2774 1399 2804; x_wconf 55' lang='lat' dir='ltr'><strong>eos—</strong></span> <span class='ocrx_word' id='word_1_822' title='bbox 1421 2782 1449 2804; x_wconf 90' lang='lat' dir='ltr'><strong>et</strong></span> <span class='ocrx_word' id='word_1_823' title='bbox 1460 2776 1515 2808; x_wconf 84' lang='lat' dir='ltr'><strong>alii,</strong></span> <span class='ocrx_word' id='word_1_824' title='bbox 1545 2784 1576 2802; x_wconf 87' lang='lat' dir='ltr'><strong>ac</strong></span> <span class='ocrx_word' id='word_1_825' title='bbox 1588 2774 1644 2802; x_wconf 87' lang='lat' dir='ltr'><strong>fere</strong></span> <span class='ocrx_word' id='word_1_826' title='bbox 1659 2775 1778 2808; x_wconf 84' lang='lat' dir='ltr'><strong>Anapim</strong></span> 
     </span>
    </p>
   </div>
   <div class='ocr_carea' id='block_1_119' title="bbox 990 2812 1457 2852">
    <p class='ocr_par' dir='ltr' id='par_1_119' title="bbox 990 2812 1457 2852">
     <span class='ocr_line' id='line_1_120' title="bbox 990 2812 1457 2852; baseline -0.006 -10"><span class='ocrx_word' id='word_1_827' title='bbox 990 2816 1137 2852; x_wconf 84' lang='lat' dir='ltr'><strong>appellant,</strong></span> <span class='ocrx_word' id='word_1_828' title='bbox 1152 2815 1196 2850; x_wconf 87' lang='lat' dir='ltr'><strong>qtti</strong></span> <span class='ocrx_word' id='word_1_829' title='bbox 1215 2814 1257 2842; x_wconf 90' lang='lat' dir='ltr'><strong>hic</strong></span> <span class='ocrx_word' id='word_1_830' title='bbox 1273 2812 1392 2848; x_wconf 81' lang='lat' dir='ltr'><strong>Anapias</strong></span> <span class='ocrx_word' id='word_1_831' title='bbox 1406 2817 1457 2840; x_wconf 85' lang='lat' dir='ltr'><strong>cst.</strong></span> 
     </span>
    </p>
   </div>
  </div>
