1932 3067
137 145 205 180 1369

585 143 727 175 ORATIO
741 143 935 175 FUNEBRIS
958 142 1000 174 IN
1019 142 1055 173 B.
1071 142 1331 176 ATHANASIUM.

1701 141 1770 176 1'370

136 207 196 236 est;
215 200 262 237 qui
281 199 340 228 ﬁeri
360 203 463 236 potest,
485 203 516 227 ut
535 206 617 234 quam
631 199 772 234 despicere
792 198 924 233 optimum
942 203 962 230 Α
978 198 1104 233 aliquaue
1115 199 1297 231 haesitatione,
1314 203 1361 226 aut
1375 198 1475 235 ingrati
1487 197 1644 226 animivitio
1652 197 1769 227 fuerunt

137 249 212 276 factu
229 247 346 280 censuit,
370 254 404 274 ex
423 247 520 274 eadem
552 253 626 273 nunc
652 245 778 273 deductis
801 244 926 271 laudibus

137 294 290 322 oblectetur
303 292 316 319 ?

173 349 200 376 4.
230 348 325 382 itaque
351 354 384 375 ex
403 346 485 381 hujus
501 346 597 381 patria
615 345 715 378 ruinis,
729 349 813 379 atque
827 351 927 371 occasu

137 395 223 424 veluti
237 395 346 430 quidam
371 393 546 429 phosphorus
566 392 705 424 exoriens,
719 395 849 426 parentes
862 397 927 418 suos

137 448 215 477 atque
229 442 371 477 religiosos
388 448 420 467 ac
435 439 491 466 Deo
505 440 607 466 amicos
622 439 686 466 inde
701 446 716 464 a
736 444 821 473 puero
836 437 928 464 decla-

137 487 218 520 ravit,
246 495 308 514 cum
330 486 365 513 ab
389 485 423 513 iis
445 485 530 512 ﬁlium
550 484 660 512 Christo
675 484 719 519 pie
735 482 927 513 oﬁ‘erentibus,

138 533 312 569 primumque
332 531 450 559 fructum
477 530 716 565 producentibus,
750 529 852 563 optime
879 534 929 562 per

139 580 223 607 totius
244 579 306 606 vitae
329 586 438 606 cursum
458 578 542 605 fuerit
561 577 723 604 Athanasius
744 577 881 604 enutritus
894 576 927 603 ad

138 624 298 659 obsequium
312 623 447 651 divinum.
465 622 535 655 Quid
555 626 647 650 autem
662 621 745 649 refert
757 621 862 656 singula
880 627 928 647 eo-

138 676 199 696 rum
221 667 349 703 praeclare
365 666 435 694 facta
452 673 607 698 recensere,
624 674 687 693 cum
702 673 735 693 ex
749 665 839 692 fructu
848 665 928 692 arbo-

138 722 195 741 rem
207 713 335 741 admirari
353 713 440 748 probe
459 712 676 748 cognoscamus?
692 711 871 739 Declararunt
884 715 926 738 et-

137 760 210 787 enim
232 759 334 787 celsum
347 767 379 786 ac
396 766 560 794 generosum
580 758 665 785 animi
679 759 721 785 sui
744 758 828 785 robur
844 758 928 785 vehe-

138 810 245 833 mentes
260 806 365 833 obortae
385 809 480 832 contra
504 812 552 832 eos
568 804 744 835 tentationes,
758 804 834 837 quasi
862 811 928 839 pro-

137 851 245 878 cellosze
259 854 437 885 tempestates
451 855 480 877 et
493 850 651 886 grandines,
670 851 718 878 sed
730 850 842 877 minime
858 851 925 878 illud

137 896 342 924 labefactantes.
369 896 446 924 Sicut
469 897 543 924 enim
565 896 663 924 fornax
689 897 787 932 probat
810 904 926 930 aurum;

137 944 210 970 venti
223 947 324 976 autem,
339 946 367 970 et
390 943 499 977 pluviae,
519 947 547 970 et
560 943 717 978 grandines,
739 947 766 969 et
789 947 928 970 torrentes

138 987 254 1022 probant
273 988 371 1015 aedium
385 987 584 1020 fundamenta;
602 987 639 1014 ita
657 987 776 1022 inopina:
787 987 928 1014 calamita-

139 1038 180 1062 tes
189 1033 232 1060 vel
249 1033 357 1061 ﬁrmum
371 1042 403 1061 ac
417 1034 564 1066 munitum,
584 1033 626 1061 vel
645 1032 809 1060 imbecillum
827 1041 859 1061 ac
875 1033 926 1060 de-

140 1079 237 1106 tritum
254 1079 375 1107 animum
390 1079 521 1114 detegunt
533 1079 745 1106 :lsmaelitarum
755 1079 828 1106 enim
848 1083 930 1113 atque

137 1124 324 1159 Agarenorum
348 1125 465 1152 Barbara
486 1132 571 1160 gens,
594 1132 643 1160 per
657 1132 739 1159 quam
759 1125 809 1159 (sic
829 1125 930 1152 nostris

138 1171 360 1205 promerentibus
370 1170 502 1205 peccatis)
516 1170 607 1197 Sicilia
621 1170 711 1197 insula
725 1170 865 1197 devastata
875 1173 928 1203 est,

138 1223 235 1250 poenas
250 1224 265 1243 a
279 1216 360 1244 nobis
375 1217 409 1244 de
426 1216 698 1251 praevaricationibus
711 1216 788 1250 quasi
808 1215 928 1243 carnifex

138 1261 251 1295 exigens
267 1261 413 1295 (siquidem
432 1261 487 1288 Deo
500 1268 555 1288 non
568 1266 599 1288 ut
609 1261 679 1295 patri
691 1261 872 1292 obedivimus,
881 1269 930 1288 ne-

139 1314 192 1340 que
205 1306 310 1334 facilem
327 1307 414 1334 cidem
435 1307 543 1334 vocanti
565 1308 701 1334 cervicem
725 1307 929 1342 inclinavimus)

139 1353 239 1381 multas
249 1353 359 1388 quidem
370 1353 483 1388 diripuit
493 1353 619 1381 civitates
628 1361 660 1381 ac
672 1353 787 1381 vastavit
799 1362 806 1386 ;
821 1361 931 1381 earum—

139 1406 193 1433 que
210 1398 283 1426 cives
303 1406 364 1425 cnm
390 1399 633 1431 fiuitimisacoolis,
646 1399 714 1425 alios
728 1398 836 1433 quidem
853 1406 930 1425 ama-

139 1444 249 1472 rissimo
267 1444 362 1471 monis
384 1452 494 1478 genere,
512 1452 564 1478 qua
583 1444 684 1478 gladio,
701 1452 753 1479 qua
769 1443 840 1471 fame
856 1445 930 1471 delc—

139 1490 191 1524 vit,
205 1490 328 1524 marique
342 1490 501 1518 submersos
516 1490 661 1517 suﬁ'ocavit
673 1498 681 1521 ;
698 1490 747 1516 hos
761 1495 853 1517 autem
867 1497 929 1525 gra-

138 1536 258 1564 vissimis
283 1536 427 1568 molestiis,
452 1544 485 1563 ac
499 1536 618 1564 vinculis
636 1536 792 1569 damnavit;
810 1541 838 1564 et
862 1537 930 1564 alios

139 1581 236 1617 procul
253 1589 269 1608 a
284 1582 391 1609 nutrice
407 1586 478 1609 terra
490 1582 623 1609 miserum
638 1583 666 1609 in
683 1582 794 1609 modum
815 1582 930 1618 aufuge-

139 1635 179 1659 re,
198 1632 225 1654 ct
239 1635 288 1662 per
298 1631 404 1655 exteras
422 1627 546 1655 nationes
561 1628 650 1663 coegit
665 1627 797 1663 divagari.

175 1673 202 1701 5.
223 1673 303 1700 Hisce
328 1674 534 1708 tempestatibus
555 1674 695 1701 Athanasii
718 1678 845 1709 parentes
872 1681 927 1701 una

139 1727 203 1747 cum
222 1721 362 1746 communi
380 1720 435 1747 ﬁlio
453 1720 611 1748 domesticis
637 1721 720 1748 rebus
745 1720 930 1747 valcdicentes

142 1765 244 1800 (neque
268 1765 340 1792 enim
371 1769 496 1800 poterant
520 1765 599 1792 siccis
619 1765 708 1793 oculis
736 1766 837 1792 intueri
869 1765 933 1792 hinc

141 1810 244 1839 Christi
271 1811 353 1843 ovile,
378 1815 486 1846 gentem
512 1815 644 1843 sanctam,
664 1815 691 1838 et
706 1811 795 1846 regale
808 1810 935 1838 sacerdo-

141 1857 209 1885 tium
227 1857 298 1884 male
313 1856 435 1884 habitum
449 1857 482 1883 ab
494 1857 596 1891 impiis,
615 1856 678 1884 inde
690 1857 741 1883 hos
756 1857 874 1891 superbe
888 1857 935 1884 de—

141 1902 299 1938 spicientes,
331 1906 494 1936 nostrasque
520 1901 689 1928 calamitates
712 1901 884 1932 deridentes,
905 1906 935 1928 ut

141 1948 170 1976 in
194 1949 324 1984 injuriam
344 1956 435 1975 rerum
459 1949 582 1975 omnium
615 1948 767 1976 conditoris
795 1947 843 1975 Dei
866 1956 934 1982 quas

140 2002 271 2030 percusso
286 1993 388 2022 foedere
402 1994 619 2021 exterminarent
634 1993 786 2028 perfectum
803 1994 934 2029 populum

142 2039 344 2070 Christianum,
357 2041 442 2072 utque
462 2038 537 2065 nulla
549 2038 610 2073 ejus
625 2038 756 2065 memoria
768 2038 932 2073 remanerel)

141 2085 172 2112 in
201 2085 340 2120 antiquam
374 2083 557 2118 Peloponnesi
590 2084 733 2112 Patrarum
772 2083 809 2120 (lt)
837 2084 934 2111 urbem

142 2131 379 2166 commigrarunt:
400 2130 445 2158 ubi
466 2129 530 2156 olim
550 2129 595 2165 qui
618 2130 723 2165 primus
743 2129 777 2157 ad
796 2130 933 2164 apostola-

141 2181 200 2204 tum
216 2181 328 2219 vocatus
335 2176 424 2203 fuerat
441 2176 565 2203 Andreas
583 2176 641 2211 (qui
660 2180 688 2202 et
701 2176 811 2203 Petrum
831 2183 935 2211 germa-

141 2231 208 2251 num
223 2222 345 2253 fratrem,
358 2226 386 2249 et
403 2221 475 2249 illius
489 2221 575 2249 beata:
586 2221 793 2257 phalangisjam
808 2221 929 2248 futurum

142 2268 293 2304 principem
307 2267 448 2295 advocavit
463 2267 497 2294 ad
515 2267 666 2299 Christum,
687 2267 733 2302 qui
749 2274 778 2294 se
795 2267 870 2301 prius
884 2266 932 2293 ad-

142 2314 298 2346 vocaverat)
320 2318 382 2349 post
403 2314 512 2349 longum
543 2313 707 2349 evangelicae
731 2313 932 2349 praedicationis

141 2368 264 2393 cursum,
288 2359 479 2387 felicissimum
494 2360 556 2387 vita:
580 2359 661 2387 ﬁnem
681 2363 760 2387 actus
779 2360 807 2386 in
820 2367 930 2387 crucem

141 2409 306 2435 consecutus
319 2409 382 2437 est,
400 2405 488 2440 ipsum
503 2412 611 2440 quoque
629 2405 773 2433 Dominum
789 2405 817 2432 in
831 2409 928 2438 morte,

141 2452 214 2480 sicut
226 2451 309 2479 etiam
322 2451 383 2479 aliis
396 2452 424 2478 in
440 2451 524 2479 rebus
541 2452 680 2483 omnibus,
695 2452 829 2479 imitatus.
844 2452 931 2479 Audi-

142 2502 240 2526 verant
258 2497 360 2532 quippe
386 2497 529 2524 Athanasii
561 2501 690 2532 parentes
713 2498 838 2526 divinum
863 2497 930 2526 illud

141 2543 291 2572 Abrahami
310 2542 473 2578 patriarchae
493 2543 653 2576 oraculum,
682 2543 796 2578 patriam
817 2547 929 2575 terram,

142 2588 282 2626 propriam
297 2588 420 2621 domum,
431 2592 458 2615 et
471 2588 662 2623 cognationem
677 2589 728 2616 sibi
747 2589 930 2624 relinquenti-

141 2637 194 2665 bus
214 2643 248 2663 eo
267 2634 320 2663 loci
335 2633 582 2670 commigrandum.
604 2634 675 2668 Quid
697 2642 762 2663 vero
784 2635 812 2662 in
833 2635 930 2663 hisce?

178 2725 185 2739 '
203 2723 323 2760 Philipp.
353 2731 396 2756 Ill,
422 2723 466 2751 l3.

980 245 1109 279 perculsi,
1122 249 1168 272 aut
1182 244 1315 272 adversus
1332 244 1424 272 divina
1439 244 1542 279 judicia
1558 248 1769 272 murmurarunt

976 291 1050 326 quod
1067 299 1122 318 non
1138 291 1274 326 condigne
1285 311 1292 323 ,
1316 296 1398 325 atque
1412 299 1508 318 eorum
1531 291 1615 319 totius
1635 295 1770 318 anteacta:

977 337 1040 364 vine
1059 344 1149 364 mores
1174 337 1425 372 promerebantur,
1446 331 1558 372 indigna
1586 337 1770 371 paterentur?

977 381 1082 408 minine
1092 388 1157 408 vero
1176 389 1182 407 :
1196 381 1251 408 imo
1267 388 1332 408 vero
1341 380 1423 407 etiam
1437 388 1469 408 ex
1487 381 1530 413 iis,
1549 387 1610 415 quae
1627 381 1654 407 in
1673 385 1768 409 nostra

977 430 1114 461 potestate
1131 433 1186 453 non
1202 430 1276 458 sunt,
1295 426 1367 460 quod
1388 426 1476 453 solum
1495 425 1601 460 placere
1616 425 1672 453 Deo
1697 425 1770 452 arbi-

979 469 1135 501 trabantur,
1148 469 1215 497 illud
1230 477 1314 497 unum
1329 470 1525 504 sequebantur.

1014 527 1040 554 6.
1057 526 1158 554 Eorum
1172 534 1238 554 vero
1253 527 1334 559 ﬁlius,
1345 527 1393 561 qui
1405 527 1440 554 ab
1456 526 1662 554 immortalitate
1684 526 1771 558 dedu-

978 573 1017 600 xit
1034 580 1145 606 nomen,
1162 572 1245 600 divini
1268 573 1368 599 amoris
1385 573 1512 600 incendio
1530 581 1578 599 cor
1601 573 1708 600 habens
1728 573 1772 600 in-

978 618 1158 650 ﬂammatum,
1180 626 1251 653 pene
1273 618 1419 645 immemor
1439 625 1644 650 aerumnarum,
1671 618 1772 652 quibus

978 664 1165 696 obsidebatur,
1182 663 1215 691 ad
1229 663 1401 698 praclariora
1415 663 1537 690 facinora
1550 663 1771 698 aggrediebatur.

979 710 1085 738 Etenim
1111 709 1205 736 ﬁrmus
1225 716 1257 736 ac
1273 709 1377 736 stabilis
1391 708 1500 736 animus
1519 708 1672 740 Athanasii,
1687 714 1715 736 et
1738 709 1772 736 ab

979 757 1055 784 omni
1077 756 1313 791 perturbationum
1334 755 1414 782 sorde
1442 755 1566 790 expiatus
1591 762 1644 782 non
1660 755 1693 782 ad
1715 755 1772 790 jam

979 803 1142 834 collectum,
1163 802 1209 829 sed
1235 801 1268 828 ad
1292 801 1428 835 reliquum
1453 801 1586 828 virtutum
1612 801 1772 828 thesaurum

980 848 1074 876 oculos
1084 848 1236 883 adjiciebat.
1253 847 1320 874 Illud
1336 847 1417 874 etiam
1437 847 1464 874 in
1478 847 1570 882 seipso
1585 847 1696 882 exsequi
1714 851 1772 874 stu-

979 894 1070 927 debat,
1086 898 1117 921 ut
1131 901 1192 929 quae
1203 898 1276 921 retro
1291 898 1384 921 essent
1397 901 1428 920 ex
1445 894 1536 928 magni
1551 893 1674 928 Apostoli
1695 893 1772 920 Pauli

979 948 1060 968 sensu
1084 940 1291 967 oblivisceretur
1303 940 1323 972 ί,
1349 943 1377 967 et
1398 939 1431 966 ad
1448 947 1491 973 ea,
1520 947 1581 974 qua:
1596 944 1660 967 ante
1676 939 1772 968 oculos

979 991 1071 1014 essent
1083 986 1145 1018 sita,
1162 993 1301 1021 nunquam
1320 993 1375 1012 non
1391 985 1526 1020 aspiraret
1544 994 1550 1012 :
1566 989 1648 1020 atque
1671 985 1773 1013 identi-

979 1033 1040 1060 dem
1057 1033 1164 1060 tametsi
1188 1036 1298 1059 terreno
1316 1032 1406 1059 adhuc
1426 1032 1544 1067 pulvere
1568 1031 1718 1062 involutus.
1740 1039 1773 1059 ac

980 1081 1088 1105 terrena
1103 1078 1280 1112 perlustrans,
1292 1077 1326 1105 ad
1337 1077 1435 1104 coelum
1448 1077 1632 1105 contendebat
1646 1077 1769 1104 evolare.

979 1123 1132 1151 Monastico
1146 1123 1229 1159 igitur
1242 1123 1308 1159 jngo
1323 1123 1420 1151 collum
1433 1124 1582 1159 subjungit,
1597 1124 1669 1158 quod
1684 1131 1745 1151 cum
1757 1131 1773 1150 a

980 1171 1121 1198 mundano
1137 1170 1261 1205 strepitu,
1274 1174 1302 1197 et
1316 1169 1517 1204 intempestivis
1528 1170 1699 1205 negotiorum
1713 1177 1774 1197 vor-

981 1216 1080 1243 ticibus
1096 1216 1259 1251 emancipat,
1273 1221 1329 1243 tum
1342 1223 1406 1242 suos
1424 1216 1584 1242 candidatos
1612 1216 1639 1242 in
1660 1215 1773 1250 expedi-

981 1267 1036 1289 tam
1053 1269 1068 1288 a
1083 1262 1166 1289 rebus
1180 1261 1309 1288 omnibus
1327 1261 1558 1296 tranquillamque
1580 1261 1675 1292 vitam,
1697 1261 1773 1288 velut

980 1307 1007 1334 in
1024 1311 1131 1341 portum
1149 1307 1329 1341 undequaquc
1351 1310 1450 1338 tutum,
1467 1306 1602 1332 adducere
1617 1305 1769 1332 consuevit.

980 1352 1075 1386 Itaque
1088 1351 1170 1378 rebus
1187 1352 1313 1378 omnibus
1324 1351 1445 1380 caducis,
1462 1351 1528 1385 ipsis
1542 1358 1650 1385 quoque
1673 1357 1773 1384 paren-

982 1397 1054 1424 tibus
1068 1396 1159 1423 valere
1170 1396 1306 1429 jussis,‘ut
1321 1396 1433 1422 remotis
1449 1396 1559 1423 arbitris
1574 1403 1628 1422 una
1643 1404 1705 1423 cum
1716 1397 1771 1423 Dco

981 1443 1207 1473 communicaret,
1225 1450 1288 1469 cum
1301 1449 1390 1476 eoque
1406 1442 1516 1469 assidue
1531 1443 1670 1470 versando
1689 1443 1774 1470 divini

980 1488 1117 1523 particeps
1132 1487 1233 1514 amoris
1253 1487 1341 1520 ﬁeret,
1360 1487 1397 1514 illi
1415 1495 1526 1522 operam
1543 1488 1633 1515 dando
1649 1492 1774 1515 contem-

981 1534 1107 1568 plationi,
1121 1533 1193 1568 quod
1213 1532 1344 1560 Dominus
1360 1533 1419 1567 ipse
1432 1537 1474 1560 est
1488 1533 1569 1565 Deus,
1589 1533 1660 1560 inter
1671 1534 1774 1568 primos

983 1581 1046 1607 huic
1058 1580 1119 1607 vita:
1132 1588 1242 1614 operarii
1255 1584 1389 1606 navantes
1403 1579 1545 1614 plusquam
1558 1581 1693 1607 secundas
1703 1580 1774 1610 tulit.

981 1626 1091 1654 tametsi
1109 1631 1183 1653 esset
1206 1631 1286 1653 aelate
1300 1627 1532 1654 adolescentulus.
1547 1626 1654 1653 Etenim
1674 1631 1773 1660 printer

981 1674 1114 1703 asceticas
1129 1673 1351 1704 exercitationes.
1372 1681 1434 1701 cum
1452 1681 1467 1700 a
1490 1673 1636 1700 mundanis
1648 1670 1772 1708 negotiis

985 1721 1157 1751 abhorreret,
1174 1720 1254 1747 simul
1270 1728 1331 1746 cum
1351 1720 1394 1752 iis,
1405 1720 1449 1754 qui
1468 1719 1494 1746 in
1511 1719 1629 1746 desertis
1647 1719 1775 1754 agebant,

983 1767 1209 1802 jucundissimam
1233 1765 1289 1792 Deo
1307 1773 1418 1801 operam
1435 1765 1528 1792 dabat.
1547 1765 1602 1792 lloc
1610 1765 1683 1792 enim
1696 1765 1775 1792 labo-

985 1813 1089 1840 riosum
1103 1812 1166 1840 vitae
1182 1812 1352 1843 institutum,
1367 1811 1445 1846 quasi
1459 1811 1554 1846 jngum
1571 1810 1642 1838 ferro
1656 1818 1671 1837 a
1688 1810 1776 1845 prima

984 1865 1076 1892 aetate,
1103 1867 1135 1886 ac
1150 1866 1199 1894 per
1213 1857 1376 1886 solitudines
1403 1857 1508 1890 vivere,
1532 1857 1631 1884 mirum
1644 1861 1777 1892 quantum

984 1905 1148 1940 exoptabat?

984 1969 1048 1997 CAP.
1061 1969 1105 1995 lll.
1128 1983 1163 1990 ——-
1179 1969 1336 1996 Monasterii
1348 1969 1517 2004 pra’feclura.
1534 1983 1569 1988 —
1587 1967 1773 2003 Episcopatus.

1020 2035 1045 2062 '7.
1060 2035 1167 2062 Diutius
1182 2042 1247 2069 ergo
1267 2034 1300 2061 ad
1322 2033 1385 2061 vita!
1404 2041 1490 2069 genus
1513 2034 1671 2066 callentem,
1693 2038 1776 2068 atque

984 2082 1084 2110 luctam
1098 2081 1246 2108 obeuntem
1268 2088 1323 2108 non
1339 2080 1472 2108 adversus
1489 2088 1600 2107 carnem
1617 2084 1645 2107 et
1664 2079 1776 2115 sangui-

983 2136 1059 2161 nem,
1078 2128 1126 2155 sed
1141 2128 1273 2154 adversus
1287 2127 1427 2162 principes
1442 2131 1469 2154 et
1485 2131 1645 2161 potestates.
1662 2131 1776 2154 contra—

984 2183 1037 2210 que
1051 2174 1200 2209 spiritualia
1220 2173 1360 2208 nequitiaa,
1382 2173 1556 2207 conspiciens
1573 2172 1627 2203 ille,
1644 2172 1690 2207 qui
1707 2171 1778 2199 inibi

985 2218 1181 2246 monachorum
1198 2225 1257 2245 erat
1280 2218 1402 2244 Antistes
1424 2217 1543 2252 (fortiter
1565 2217 1639 2244 enim
1659 2224 1691 2244 ac
1703 2221 1775 2245 stre-

987 2272 1052 2297 nue,
1069 2270 1098 2291 et
1110 2271 1144 2292 ex
1157 2264 1317 2291 monastica:
1332 2263 1399 2298 legis
1413 2263 1540 2290 instituto
1556 2263 1584 2290 in
1605 2270 1714 2290 arenam
1727 2263 1777 2290 de-

986 2310 1145 2342 scendebat,
1165 2314 1193 2336 et
1208 2309 1242 2337 ad
1260 2309 1547 2345 supermeyocationis
1559 2309 1682 2337 bravium
1693 2318 1776 2345 quam

985 2356 1128 2384 celerrimo
1149 2363 1242 2388 cursu,
1260 2355 1412 2390 meritoque
1435 2355 1637 2390 assequcndum
1661 2355 1777 2382 festina-

984 2401 1054 2436 bat),
1085 2401 1198 2436 collegio
1213 2401 1410 2428 monachorum
1445 2401 1568 2436 praefecit
1585 2401 1774 2429 Athanasium.

984 2447 1034 2475 Cui
1049 2448 1174 2483 quamvis
1186 2449 1335 2480 recusanti,
1351 2452 1382 2474 ut
1395 2456 1429 2474 ne
1439 2455 1491 2482 qua
1505 2448 1610 2475 ratione
1621 2448 1777 2475 sollicitudo

983 2493 1057 2522 circa
1072 2493 1131 2520 illos
1141 2493 1332 2529 cogitationem
1348 2493 1408 2528 ejus
1423 2502 1454 2521 cx
1467 2494 1599 2522 altissima
1609 2494 1775 2529 contempla-

984 2541 1059 2569 tione
1083 2544 1223 2572 avocaret,
1247 2539 1437 2574 pnefecturam
1464 2545 1554 2567 tamen
1581 2541 1690 2568 detulit.
1712 2539 1773 2568 Non

986 2587 1060 2614 enim
1081 2593 1189 2621 aequum
1215 2590 1275 2613 erat
1296 2585 1381 2612 nmllo
1407 2590 1529 2621 tempore
1546 2587 1692 2614 stabilitam
1712 2595 1774 2622 spc-

983 2638 1139 2668 ctatamque
1160 2631 1322 2668 probitatem
1337 2639 1536 2660 consenescere
1550 2633 1664 2660 otiosam
1679 2636 1706 2660 et
1721 2632 1774 2659 im<

178 2811 328 2852 lf‘atrae,
340 2812 462 2852 ¹Πόιτραιι,
480 2811 546 2852 urbs
556 2810 673 2840 celebris
693 2811 803 2840 Achaiae
814 2811 924 2848 proprie
944 2811 1023 2840 dit-tte
1037 2813 1065 2840 in
1077 2812 1276 2849 Peloponneso,
1294 2814 1350 2848 ubi,
1370 2819 1399 2842 ut
1419 2815 1463 2842 hic
1481 2813 1594 2847 dicitur,
1605 2811 1765 2852 martyrium

142 2847 226 2876 subiit
241 2846 271 2874 S.
287 2846 410 2876 Andreas
423 2847 570 2883 apostolus.
