1932 3067
191 159 257 195 1371

745 165 860 198 PETRI
879 163 1068 194 ARGORUM
1087 161 1260 193 EPISCOPI

1747 156 1818 190 1372

191 216 359 251 muniﬁcam,
372 225 488 254 cumque
501 218 547 251 lis,
561 218 661 254 quibus
671 224 739 257 opus
752 221 821 249 erat,
835 217 977 251 haudqua-
991 217 1013 246 Α
1027 219 1058 243 ut
1078 219 1189 242 sanctus
1212 218 1344 249 prop-leta
1363 213 1482 249 loquitur
1495 212 1529 248 ⁸),
1551 212 1652 248 quique
1678 209 1814 244 dicerem,

192 271 272 298 quam
287 265 493 292 communicari.
514 264 620 292 Etenim
632 264 678 299 qui
699 263 854 291 divitiarum
870 263 976 298 copiam

192 309 356 336 caduearum
372 310 495 337 restricta
513 310 657 337 tenacitate
674 309 744 344 apud
761 316 791 336 se
803 309 914 340 retinet,
928 316 978 336 ne-

193 362 247 388 que
261 363 321 382 eam
335 356 363 382 in
377 363 477 390 egenos
493 355 631 387 diﬁundit,
654 354 715 381 fons
729 354 793 381 item
810 362 896 389 aquas
911 355 979 381 hau-

194 400 250 427 rire
261 409 362 436 negans
371 402 535 434 sitientibus,
547 401 604 436 ipsa
612 407 719 434 quoque
729 400 810 427 tellus
819 400 874 426 suis
887 399 979 427 celans

194 447 301 473 arcanis
315 447 400 481 adytis
423 448 576 478 thesauros,
594 454 646 473 non
659 446 773 480 perinde
789 451 853 473 sunt
868 446 977 480 vitupe-

195 491 305 523 rabilcs,
322 496 403 526 atque
425 492 448 519 is
463 493 509 527 qui
531 492 602 526 apud
627 499 687 519 sese
708 488 845 526 spiritales
870 491 980 518 divitias

195 536 275 568 celat,
300 544 391 571 neque
408 537 468 564 aliis
491 537 646 571 impertitur
661 546 668 564 :
685 537 820 571 siquidem
843 543 897 563 non
925 541 979 564 tam

196 581 247 608 sibi
267 582 392 617 quisque,
412 590 493 617 quam
509 582 570 610 aliis
580 583 701 617 percepit
713 582 876 610 charismata
897 582 981 617 gratis

197 634 213 654 a
225 626 280 654 Deo
294 628 404 656 collata.
418 629 536 663 Ideoque
555 629 680 656 Christus
696 629 826 656 Dominus
834 629 902 656 dixit
917 628 981 657 :Sic

199 672 284 700 luceat
297 673 345 700 lux
357 678 441 700 uestra
454 681 543 700 coram
556 673 712 705 hominibus.
730 679 758 700 ut
773 673 878 700 videant
900 682 980 707 opera

198 722 284 745 uestra
306 719 383 751 bona,
404 723 428 746 et
443 719 588 754 gloriﬁcent
610 719 718 746 Patrem
734 723 859 752 vestrum,
885 720 930 755 qui
953 721 981 747 in

198 763 269 790 caelis
281 770 318 790 est
334 766 355 791 ¹.

233 808 260 834 8.
279 808 332 836 Ubi
348 816 412 836 vero
427 808 543 843 majores
554 809 581 835 in
593 808 744 836 Athanasio
755 809 914 842 divitiarum
925 817 981 838 cce-

199 851 309 879 lestium
325 854 497 880 accessiones
511 853 568 880 fieri
584 854 732 888 perspexit,
754 862 814 888 quze
828 855 978 889 compluri-

1029 260 1182 287 Benedictus
1193 261 1227 287 sit
1240 259 1377 291 Dominus,
1391 260 1483 287 divites
1490 259 1553 294 facti
1563 258 1669 288 summ}
1683 257 1730 284 sed
1749 264 1814 284 ver:

1029 313 1061 333 ex
1080 305 1123 337 iis,
1143 306 1190 340 qui
1207 305 1330 332 inﬁrmos
1338 305 1557 335 corroborarent,
1569 303 1722 330 excitarent
1749 308 1815 335 pro-

1029 356 1140 384 stratos,
1169 351 1273 378 debiles
1291 358 1323 378 ac
1336 357 1448 378 mancos
1468 349 1637 384 colligarent,
1653 351 1682 374 et
1695 346 1729 373 ad
1752 353 1817 372 cur-

1031 397 1146 424 rendum
1157 397 1375 426 exstimularent.
1388 395 1565 429 animumque
1577 397 1605 421 et
1619 392 1693 420 vires
1707 391 1816 419 sufﬁce-

1031 448 1101 470 rent.

1066 489 1092 516 9.
1114 488 1216 524 Agebat
1235 494 1300 515 vero
1320 486 1344 514 is
1365 485 1523 522 dignitatem
1550 483 1733 519 episcopalem
1758 489 1816 508 non

1031 534 1113 561 animi
1130 534 1231 568 gratia,
1249 533 1298 560 sed
1309 532 1446 566 ‘majorum
1475 537 1558 559 causa
1578 529 1758 557 certaminum
1782 534 1816 554 ac

1032 579 1173 609 laborum,
1190 585 1270 613 quam
1286 577 1426 612 superiore
1444 576 1498 604 vita
1518 574 1720 606 exantlaverat,
1743 572 1817 600 sicut

1032 624 1117 651 multo
1135 623 1226 658 plures
1246 623 1273 649 in
1293 622 1374 650 ﬁdem
1397 629 1474 649 suam
1495 618 1812 652 administrationemque

1033 668 1336 703 susceperanidcoque
1364 675 1419 695 non
1440 665 1531 694 verbis
1550 664 1616 692 solis
1635 671 1695 697 eos,
1717 663 1818 697 quibus

1033 721 1101 748 opus
1121 717 1188 746 erat,
1205 712 1358 744 erudiebat,
1381 712 1428 740 sed
1444 710 1569 746 exemplo
1582 709 1668 737 multo
1679 708 1763 743 magis
1778 707 1812 734 ad

1033 765 1064 785 ea
1081 766 1141 793 quae
1155 758 1244 785 fuerat
1253 758 1409 785 cohortatus
1423 757 1555 784 trahebat.
1579 756 1612 783 Et
1623 755 1731 790 quidem
1750 754 1818 780 illu-

1034 803 1130 830 strium
1142 803 1272 830 virtutum
1290 807 1381 838 partes
1399 802 1435 829 ita
1444 807 1518 829 recte
1535 801 1600 836 egit,
1614 801 1704 835 itaque
1717 799 1816 826 subse-

1033 848 1179 882 quentibus
1188 855 1235 875 eas
1246 847 1358 882 reliquis
1370 854 1435 874 usus
1453 851 1505 879 est,
1525 851 1555 873 ut
1569 846 1644 873 nullo
1663 844 1743 876 modo
1760 851 1817 878 pra:

199 897 252 924 bus
265 897 476 932 flocupletandis
496 898 563 925 satis
584 905 721 933 superque
739 903 847 931 essent,
869 900 982 934 ejusque
997 904 1018 932 Β
1033 893 1222 927 “superantia
1237 894 1280 920 νει
1296 892 1406 920 aerem“
1424 897 1520 920 00mm
1540 892 1599 919 mas
1619 890 1816 926 PuBnaﬂlibusr

199 942 372 977 splendorem
389 942 516 970 idoneum
534 943 567 970 ad
581 943 756 971 illustrandos
768 943 818 971 sibi
831 944 983 979 adjungen-

201 992 252 1019 tes,
276 991 339 1023 post
359 994 455 1014 omnes
468 989 600 1015 honorum
619 987 745 1016 Ecclesia:
759 989 858 1024 gradus
878 989 929 1016 rite
944 989 985 1016 ci-

201 1037 297 1067 traque
310 1032 462 1067 cujuspiam
474 1033 676 1060 contentionem
686 1041 862 1068 conscensos,
876 1042 938 1062 eum
950 1034 985 1062 ad

200 1085 338 1104 summum
360 1078 600 1113 archiepiscopalis
617 1079 756 1114 dignitatis
766 1080 870 1114 apicem
886 1081 986 1108 sustol-

201 1123 258 1151 lere
276 1124 408 1156 decrevit,
428 1128 458 1151 ut
474 1132 507 1152 ex
524 1125 639 1152 editiore
663 1125 747 1152 veluti
769 1125 879 1160 specula
896 1126 984 1161 pluri-

201 1177 260 1196 mos
276 1169 428 1204 dirigenda,
444 1169 484 1197 eis
503 1169 626 1197 veritatis
639 1171 711 1197 viam
732 1171 941 1204 demonstraret,
958 1176 986 1199 et

202 1221 251 1249 per
262 1221 321 1241 eam
343 1214 473 1249 dispulsis
489 1215 618 1247 tenebris,
632 1215 755 1250 citraque
778 1216 983 1250 oti‘endiculum,

201 1257 285 1288 velu'ti
302 1261 375 1288 clara
394 1261 454 1288 luce
477 1260 635 1288 incedentes
657 1262 788 1290 erudiret.
803 1263 897 1298 Neque
911 1263 984 1290 enim

202 1308 243 1335 fas
259 1313 319 1336 erat
337 1309 441 1344 exiguis
454 1310 545 1344 anguli
559 1310 692 1345 angustiis
702 1318 827 1346 magnam
847 1312 986 1340 occultare

202 1353 299 1386 facem,
310 1362 398 1389 neque
414 1356 530 1390 perenni
543 1356 693 1391 ingentium
710 1356 852 1384 ﬂuminum
867 1357 985 1385 inunda-

202 1399 277 1427 tione
302 1400 478 1435 pomariolum
511 1400 682 1428 hortulumve
704 1394 832 1437 exiguum
861 1402 985 1438 irrigare.

202 1445 384 1478 Quamobrem
405 1446 591 1474 Methonensis
611 1446 740 1474 Ecclesia
760 1447 917 1474 cathedram
943 1447 986 1474 in-

203 1499 312 1526 gressus
330 1491 371 1526 (ea
388 1500 453 1519 vero
468 1497 510 1520 est
523 1492 672 1519 clarissima
680 1492 874 1520 Messeniorum
890 1493 986 1521 civitas

204 1536 232 1563 in
251 1535 447 1572 Peloponneso)
477 1538 569 1565 multis
594 1537 681 1570 illam,
705 1542 735 1565 ut
759 1538 983 1573 diligentissimus

1032 938 1066 965 de
1081 938 1154 973 regia
1177 942 1305 973 rectaque
1319 938 1426 965 illarum
1440 937 1485 965 via
1499 937 1654 967 deﬂectere,
1668 935 1712 963 vel
1724 934 1816 970 praefi-

1032 991 1082 1011 xos
1092 983 1225 1011 terminos
1239 991 1358 1019 unquam
1373 983 1509 1011 transilire
1525 983 1601 1010 visus
1611 983 1655 1010 sit.
1671 982 1704 1009 Et
1725 981 1816 1016 primo

1033 1028 1142 1063 quidem
1166 1028 1262 1061 menti,
1284 1029 1331 1056 ubi
1349 1030 1390 1056 vis
1411 1029 1516 1056 consilii
1534 1028 1615 1061 inest,
1644 1035 1693 1055 eos
1713 1026 1818 1054 addidit

1033 1073 1185 1108 prudentiae
1199 1081 1307 1107 nervos,
1330 1078 1360 1101 ut
1375 1081 1471 1101 omnes
1486 1074 1558 1101 illius
1579 1077 1670 1100 motus
1687 1072 1716 1099 in
1731 1073 1817 1099 Deum

1033 1119 1150 1146 evehere
1161 1123 1313 1154 exoptaret.
1330 1118 1394 1146 Eam
1406 1119 1505 1147 deinde
1522 1119 1605 1146 animi
1623 1122 1739 1154 partem,
1755 1124 1820 1152 qua

1032 1164 1170 1199 voluptate
1195 1165 1308 1199 capitur,
1325 1166 1510 1200 temperantia
1529 1164 1614 1192 frenis
1634 1164 1815 1195 moderatam,

1033 1211 1105 1239 facili
1123 1212 1230 1248 negotio
1251 1217 1310 1240 uta
1332 1212 1448 1240 terrenis
1470 1212 1504 1240 ad
1518 1212 1638 1240 coelestia
1658 1210 1818 1238 subvolaret

1034 1258 1222 1286 condocefecit
1239 1266 1246 1285 :
1262 1263 1343 1293 atque
1363 1258 1428 1286 illuc
1446 1265 1527 1286 omne
1546 1265 1625 1285 suum
1648 1256 1818 1284 desiderium

1032 1302 1070 1330 ita
1083 1303 1210 1335 traduxit.
1235 1308 1266 1331 ut
1284 1304 1361 1339 quasi
1388 1303 1423 1331 ad
1455 1311 1498 1331 res
1517 1304 1652 1334 caducas,
1669 1308 1819 1336 earumque

1033 1355 1162 1379 amorem,
1181 1348 1226 1383 qui
1245 1349 1279 1376 ab
1303 1348 1437 1383 imperitis
1463 1348 1576 1375 innatus
1601 1352 1738 1379 censetur,
1761 1353 1819 1373 non

1032 1397 1113 1420 natus
1127 1401 1197 1426 esse,
1217 1393 1264 1421 sed
1279 1394 1368 1428 potius
1379 1393 1430 1421 hac
1447 1401 1481 1421 ex
1495 1398 1571 1428 parte
1587 1397 1709 1420 mortuus
1731 1391 1820 1418 Atha-

1034 1439 1128 1465 nasius
1153 1439 1313 1472 videreturq
1330 1438 1439 1466 Robore
1463 1446 1573 1474 quoque
1602 1438 1685 1465 animi
1704 1431 1840 1464 eatenus-

1034 1483 1200 1511 iracundiam
1218 1484 1349 1518 edomuit,
1377 1484 1465 1519 quoad
1488 1484 1632 1511 dimicaret
1652 1487 1746 1510 contra
1760 1489 1820 1510 ser-

1036 1529 1127 1564 pentis
1138 1529 1275 1562 astutiam,
1293 1529 1366 1557 unde
1381 1529 1416 1557 ad
1435 1537 1486 1557 nos
1501 1529 1597 1557 mortis
1614 1536 1750 1556 venenum
1763 1535 1822 1562 per-

202 1582 329 1617 agricola,
352 1583 512 1610 Christianae
533 1583 640 1618 pietatis
657 1584 756 1618 plantis
780 1585 914 1612 consitam
927 1585 987 1612 red-
1000 1580 1023 1611 C
1037 1575 1124 1607 “sui
1137 1575 1226 1609 quoad
1240 1574 1322 1602 “iam
1334 1575 1468 1603 adversus
1483 1575 1568 1602 malas
1582 1573 1822 1610 Penurmli‘mum

204 1628 274 1655 didit
295 1628 492 1662 fecundiorem,
510 1634 592 1664 atque
614 1629 681 1656 adeo
694 1630 729 1657 ad
743 1634 866 1657 maturos
888 1630 987 1665 jucun-

204 1674 308 1709 dosque
324 1674 429 1702 fructus
441 1675 622 1710 procreandos
632 1677 799 1710 perennibus
820 1685 876 1704 sua:
887 1677 989 1705 doctri-

206 1727 250 1747 nae
271 1720 484 1756 irrigationibus,
507 1728 557 1748 nec
572 1728 627 1747 non
643 1721 676 1748 ad
693 1721 814 1754 delicias,
835 1725 864 1749 et
883 1730 990 1750 amores

204 1772 297 1793 rerum
310 1767 430 1793 omnium
448 1767 563 1794 Domino
589 1766 738 1795 adornavit.
753 1766 812 1793 Non
826 1767 898 1794 enim
919 1768 990 1803 turpi

205 1809 262 1836 otio
281 1817 313 1836 ac
338 1810 442 1837 desidia
466 1810 609 1844 languens,
636 1814 664 1837 ut
684 1809 745 1844 quis
768 1810 838 1836 alius
862 1811 988 1838 mercede

206 1854 368 1887 conductus,
393 1855 560 1890 assignatum
578 1855 630 1882 sibi
653 1862 768 1898 pensum
790 1854 924 1889 explevit;
940 1855 988 1883 sed

206 1905 238 1927 ut
253 1900 341 1928 bonus
363 1904 455 1935 pastor
467 1901 574 1927 Domini
590 1902 631 1928 sui
647 1908 711 1927 oves
731 1901 892 1928 existimans
911 1901 988 1935 quasi

207 1953 271 1973 suas
282 1946 442 1980 peculiares,
459 1946 540 1973 vitam
556 1946 684 1981 periculis
698 1954 845 1982 expmlere,
858 1955 921 1974 cum
945 1955 990 1975 res

207 1996 370 2026 tempusque
388 1992 550 2026 postularet,
571 1991 639 2019 nihil
658 1999 722 2019 sane
741 1993 896 2020 verebatur.
917 1991 989 2025 Qua-

207 2042 319 2072 propter
337 2037 364 2064 in
377 2037 498 2065 adversis
520 2038 630 2066 casibus
652 2038 822 2072 praecedebat
850 2039 988 2073 reliquos.

207 2082 237 2109 in
252 2082 412 2117 periculosis
426 2082 621 2117 propugnabat,
639 2086 667 2109 et
687 2083 880 2118 aegrotantibus
902 2081 990 2110 medi-

208 2136 257 2155 cus
271 2127 462 2155 inveniebatur
472 2127 662 2163 peritissimus,
674 2129 754 2156 nudis
772 2129 836 2156 item
848 2132 990 2163 tegumen-

208 2176 276 2204 tum,
303 2171 501 2198 nutrimentum
529 2171 675 2205 famelicis,
696 2172 801 2200 mmstis
818 2173 988 2206 consolatio,

208 2216 302 2244 dolore
326 2215 488 2243 exanimatis
506 2216 632 2252 voluptas
647 2225 654 2244 :
671 2221 762 2252 atque,
780 2222 810 2244 ut
832 2217 987 2245 summatim

1035 1619 1213 1654 appetitiones
1231 1639 1238 1652 .
1265 1628 1366 1656 easque
1398 1625 1573 1657 suggerentes
1615 1619 1822 1647 cacodtemonas

1036 1665 1165 1693 audacter
1177 1670 1426 1700 castrametaretur,
1441 1671 1606 1701 strenueque
1631 1673 1729 1706 manus
1751 1673 1821 1692 con-

1037 1715 1152 1738 sereret.
1170 1710 1239 1737 Tum
1258 1711 1280 1738 si
1295 1711 1360 1746 quid
1375 1711 1486 1739 modum
1509 1711 1663 1742 excederet,
1685 1715 1767 1744 atque
1792 1710 1822 1737 in

1038 1753 1100 1782 vitae
1110 1754 1234 1789 partibus
1247 1755 1429 1783 adulterinum
1440 1760 1609 1787 censeretur.
1626 1762 1675 1790 per
1684 1755 1823 1789 justitiam

1039 1800 1180 1833 resecuit,
1213 1801 1428 1836 mquabilemque
1459 1801 1678 1829 distributionem
1697 1800 1826 1828 dividens

1038 1846 1176 1878 omnibus,
1190 1846 1308 1881 corpori,
1319 1847 1440 1881 inquam,
1456 1852 1484 1874 et
1494 1846 1585 1873 animo
1597 1850 1748 1881 opportuna
1757 1850 1826 1872 tem-

1039 1890 1144 1925 pestive
1163 1891 1398 1919 subministrabat.
1422 1891 1553 1919 Servabat
1575 1899 1639 1919 vero
1653 1891 1689 1918 ita
1713 1890 1826 1917 ﬁrmum

1039 1935 1127 1964 librile
1149 1936 1221 1964 inter
1237 1937 1303 1965 illud
1323 1937 1436 1971 justitize
1460 1936 1553 1964 lances
1571 1936 1762 1970 interpositum
1780 1935 1827 1970 juo

1040 1990 1114 2018 gum,
1137 1989 1167 2010 ut
1182 1990 1217 2010 ne
1235 1983 1368 2010 tantillum
1391 1982 1502 2018 quidem
1524 1986 1747 2016 nutaret:atque
1761 1981 1826 2008 ideo

1037 2028 1140 2063 justum
1168 2028 1295 2056 omnibus
1320 2029 1463 2057 sententiae
1487 2037 1543 2056 sua:
1564 2028 1626 2056 tulit
1651 2027 1825 2062 suffragium,

1037 2074 1204 2109 violentique
1218 2075 1376 2102 commercii
1388 2074 1498 2102 fraudes
1515 2073 1650 2101 dissolvit.
1671 2072 1765 2107 Itaque
1779 2080 1826 2100 ca-

1037 2114 1164 2146 dentibus
1177 2119 1228 2146 fuit
1240 2119 1348 2152 levatio,
1362 2120 1497 2147 stantibus
1506 2119 1704 2150 fulcimentum,
1716 2117 1827 2145 uberri-

1039 2172 1082 2191 ma
1102 2165 1230 2192 omnibus
1256 2165 1417 2193 aerumnosis
1452 2165 1617 2197 liberalitas,
1642 2171 1758 2198 corpore
1783 2164 1827 2191 vel

1042 2209 1133 2236 animo
1147 2209 1364 2238 claudicantibus
1386 2210 1457 2237 idem
1475 2217 1523 2245 pes
1536 2209 1587 2237 fuit
1604 2215 1632 2237 et
1653 2214 1828 2236 sustentacu-

208 2261 384 2296 complecur,
402 2262 567 2296 Specmndus
584 2267 642 2290 erat
655 2268 732 2297 pater
745 2263 888 2298 orphanis'
902 2263 991 2291 viduis
1007 2254 1028 2282 D
1044 2254 1108 2282 lum.
1121 2254 1284 2283 Hominibus
1294 2256 1327 2284 de
1337 2255 1550 2288 via,secundum
1558 2255 1680 2282 divinum
1694 2254 1794 2282 Jobum
1806 2255 1828 2287 ⁸,

209 2311 349 2341 patronus,
368 2307 496 2342 nulloque
509 2307 603 2335 habito
614 2307 732 2340 delectu,
747 2309 874 2336 omnibus
897 2308 988 2336 omnia

208 2351 307 2384 factus,
326 2356 356 2379 ut
369 2352 499 2387 plurimos
508 2353 617 2381 Christo
631 2353 810 2381 lucrifaceret.
825 2353 891 2387 Quis
900 2359 991 2381 autem

209 2402 406 2424 commemoret
424 2402 572 2426 nocturnas
594 2406 626 2426 ac
652 2398 746 2434 longas
768 2398 991 2433 pervigilationes

209 2445 321 2476 propter
338 2441 403 2468 eos?
413 2442 537 2470 assiduos
551 2443 657 2470 labores
671 2450 704 2470 ac
720 2443 930 2476 sollicitudines,
954 2451 990 2471 ne

209 2493 264 2520 qua
283 2485 318 2513 de
337 2486 394 2513 suis
416 2487 513 2515 ovibus
527 2487 645 2515 ferarum
663 2488 752 2523 przcda
774 2489 908 2521 interiret,
928 2496 992 2518 neu

210 2538 264 2564 qua
288 2530 460 2568 (evangelicae
476 2534 679 2568 prmdicationis
697 2534 761 2561 tuba
785 2541 842 2561 non
864 2533 992 2570 canente)

210 2576 345 2604 diabolico
362 2577 566 2613 transﬁgerelur
585 2579 649 2611 telo,
663 2583 743 2614 atque
759 2579 809 2607 abs
825 2586 854 2606 se
870 2579 991 2613 tandem,

212 2621 290 2656 cujus
308 2622 368 2649 ﬁdei
389 2631 495 2659 gregem
510 2624 669 2658 crediderat,
692 2625 875 2660 jugulatarum
902 2624 994 2652 ovium

212 2668 354 2702 sanguinis
372 2669 503 2697 rationem
521 2672 665 2705 jrepeterct
688 2670 778 2698 Deus?
796 2670 888 2706 Neque
900 2677 995 2700 noster

213 2711 378 2741 Athanasius
390 2715 488 2749 aliquis
501 2723 536 2743 ex
550 2716 582 2743 iis
592 2716 744 2744 censendus
759 2721 817 2744 erat
830 2718 874 2752 qui
884 2717 996 2753 pinguia

213 2763 374 2793 mactarent,
402 2760 513 2788 fortiora
529 2761 714 2795 divenderent,
731 2763 831 2791 vellera
853 2764 997 2792 induerent

1043 2307 1099 2327 suae
1109 2300 1204 2327 domus
1220 2300 1292 2328 fores
1305 2301 1435 2336 patebant
1449 2301 1576 2328 omnibus
1597 2310 1604 2327 :
1623 2300 1757 2328 nudorum
1774 2299 1829 2327 liu-

1045 2350 1132 2370 meros
1149 2345 1310 2371 vestimenta
1323 2344 1356 2372 ab
1370 2344 1519 2372 Athanasio
1532 2345 1677 2372 distributa
1694 2345 1728 2372 ad
1744 2345 1829 2372 vitam

1043 2388 1192 2421 tutandam,
1208 2389 1308 2417 mirum
1321 2393 1453 2425 quantum
1468 2389 1607 2418 fovebant.

1106 2461 1172 2489 CAP.
1190 2460 1236 2489 IV.
1248 2477 1283 2482 —
1295 2462 1419 2497 Efﬁcaces
1436 2466 1472 2490 ad
1487 2471 1548 2490 suos
1565 2462 1772 2490 exhortationes.

1075 2535 1119 2563 lt).
1137 2534 1209 2568 Quas
1224 2536 1259 2563 ob
1284 2543 1328 2563 res
1343 2543 1358 2563 a
1372 2535 1428 2564 Deo
1449 2535 1558 2563 tandem
1582 2535 1699 2563 sortitus
1711 2539 1754 2562 est
1768 2535 1830 2571 glo-

1041 2581 1111 2609 riam
1132 2581 1338 2616 sempiternam,
1363 2582 1501 2609 communi
1525 2581 1647 2608 omnium
1672 2581 1830 2608 testimonio

1041 2627 1098 2662 jam
1113 2627 1308 2661 comprobatus
1320 2635 1391 2654 unus
1407 2627 1479 2654 inter
1490 2634 1585 2654 omnes
1596 2626 1655 2653 sine
1675 2625 1830 2661 cuiuspiam

1044 2673 1212 2709 querimonia
1223 2673 1312 2707 justus
1328 2676 1355 2699 et
1378 2679 1472 2700 verax.
1486 2672 1575 2706 Atque
1593 2678 1640 2698 eos
1664 2671 1710 2705 qui
1733 2678 1831 2704 super-

1043 2719 1106 2746 bam
1122 2717 1256 2745 cerviccm
1270 2717 1297 2745 in
1315 2718 1399 2744 altum
1415 2716 1553 2749 efferrent,
1571 2716 1702 2750 suavique
1726 2714 1830 2742 Christi

1044 2764 1108 2799 jugo
1124 2763 1228 2791 nollent
1241 2763 1397 2799 subjugare,
1415 2769 1510 2798 magna
1523 2769 1585 2789 cum
1608 2761 1752 2797 prudentia
1763 2767 1829 2788 con-
1868 2780 1874 2791 λ

252 2849 262 2864 ³
286 2849 380 2877 Matth.
408 2859 433 2882 v,
463 2851 502 2877 l6.
541 2850 550 2866 ³
573 2849 671 2877 Ειοριι.
686 2858 775 2882 xxxiv,
792 2850 802 2876 l
821 2857 896 2886 seqq.
935 2850 986 2878 ⁸10

1037 2858 1108 2884 xxxx,
1119 2851 1162 2877 Ὦ.
