1932 3067
114 204 183 237 1373

565 201 705 232 ORATIO
721 199 914 231 FUNEBRIS
926 199 970 231 IN
988 200 1023 232 Β.
1040 201 1301 232 ATHANASIUM.

1664 199 1735 233 1374

111 261 251 294 vincebat,
265 268 318 295 qua
335 259 478 295 exemplis,
502 266 555 294 qua
574 257 821 289 adhortationibus,
843 263 895 289 qua
911 255 935 284 Δ
948 263 1014 291 gans
1028 255 1154 284 Christus
1161 256 1305 290 Dominus,
1321 256 1349 283 in
1365 262 1398 283 eo
1413 254 1573 291 prmoptavit
1585 255 1607 288 ',
1620 262 1735 290 eamque

111 309 194 335 etiam
213 307 319 334 idoneis
343 305 588 340 objurgationibus,
604 311 678 331 nunc
695 302 812 329 terrifica
835 309 898 328 ora—

111 353 187 380 tione
201 353 341 380 delineans
355 352 493 380 horribilis
508 350 600 385 judicii
613 349 746 380 tribunal,
756 347 899 376 severissi-

111 404 183 424 mam
201 397 228 423 in
254 396 352 423 throno
375 396 497 423 sedentis
517 395 622 422 Judicis
634 394 801 429 aequitatem,
820 400 898 420 acer-

110 441 237 469 bissimas
259 449 401 477 poenarum
428 441 622 469 dissolutiones
649 441 683 468 ab
700 440 828 467 omnibus
848 447 898 474 pro

112 487 170 514 suis
197 486 329 522 cujusque
354 486 457 513 meritis
484 486 639 520 exigentem
663 493 670 511 :
693 484 765 518 ipsas
790 490 898 518 quoque

110 534 246 569 angelicas
267 537 374 560 mentes
402 532 486 559 torvis
503 531 716 565 ardentibusque
740 529 826 557 oculis
849 529 898 557 de-

113 580 272 616 spicientes.
283 587 372 614 neque
383 579 546 606 miserantes
561 578 648 605 vicem
661 577 803 604 hominum
815 580 897 603 aster-

110 627 154 654 nis
171 626 279 662 ignibus
292 625 522 660 mancipatorum,
535 631 568 651 (ιο
580 624 643 659 quia
657 628 762 657 tempus
775 630 830 648 non
843 629 898 656 po;-

110 671 244 704 nitentize,
261 671 309 699 sed
325 671 552 699 remunerationis
568 669 732 697 advenisset.
751 668 798 695 llis
814 667 896 702 igitur

110 718 237 752 alloquiis
259 717 414 752 complures
431 717 464 744 ad
481 716 580 744 bonam
593 715 698 750 frugem
714 713 843 745 correxit,
868 713 903 747 ir;

111 771 214 798 suaque
229 763 317 798 coegit
332 762 413 794 retia,
429 762 520 796 itaque
539 761 573 788 ad
589 767 711 787 mensam
723 758 839 789 Christi,
853 757 896 785 cui

111 809 139 837 in
156 809 244 844 pretio
265 816 298 836 ac
310 808 416 836 deliciis
430 812 473 835 est
483 807 556 835 salus
568 806 723 839 hominum,
738 804 822 832 veluti
835 803 897 838 opi-

113 863 209 891 parum
229 854 374 882 obsonium
386 853 549 881 transmisit.
570 852 616 880 Sic
636 851 717 887 igitur
733 850 896 878 attributum

111 902 162 930 sibi
173 901 305 928 talentum
319 900 407 928 multo
426 899 551 935 pluribus
567 899 706 933 adaugens
716 896 894 928 Athanasius,
911 922 932 949 Β

112 949 153 975 vir
162 948 218 983 jam
233 951 361 982 spectatas
378 945 527 978 ﬁdelitatis,
545 945 692 972 multarum
705 942 813 970 urbium
825 941 895 969 obti-

111 994 173 1022 nuit
197 993 381 1029 principatum
397 992 453 1019 :sic
471 991 499 1018 in
516 989 622 1017 Domini
643 989 684 1016 sui
705 988 832 1023 gaudium
854 990 897 1014 est

111 1040 251 1076 ingressus
264 1039 287 1071 ',
298 1046 361 1066 cum
379 1045 439 1066 sese
463 1044 573 1071 suaeque
599 1043 673 1063 curae
688 1033 850 1062 commissos
865 1032 898 1060 ﬁ-

112 1086 164 1114 lios
177 1085 352 1113 intaminatos
369 1089 451 1119 atque
464 1083 597 1110 innocuos
611 1079 790 1109 exhibuisset.

146 1152 191 1180 Η.
203 1151 354 1187 Eapropter
365 1150 499 1187 gloriosos
514 1149 634 1177 honores
646 1156 662 1176 a
677 1148 734 1176 Deo
745 1152 788 1176 est
798 1154 898 1176 conse-

109 1203 202 1231 cutus,
211 1205 361 1233 omnesque
371 1196 572 1232 suppeditatam
583 1195 634 1223 sibi
640 1195 775 1222 honorum
785 1193 898 1222 aﬂluen—

111 1245 178 1272 tiam
201 1243 395 1271 concelebrant
409 1242 550 1273 mortales,
566 1241 691 1268 insolitos
704 1240 829 1267 utilitatis
839 1239 897 1266 fru-

111 1295 172 1317 ctus
186 1297 220 1317 ex
233 1297 286 1316 una
299 1288 359 1323 ejus
375 1287 505 1315 memoria
528 1287 718 1321 decerpentes.
732 1285 810 1313 Sicut
822 1284 896 1312 enim

111 1336 240 1372 cogitatio
253 1340 281 1363 et
301 1334 446 1362 collocutio
460 1341 551 1361 rerum
572 1340 620 1360 sua
637 1336 733 1360 natura
750 1331 895 1360 vetitarum

111 1382 281 1410 auditoribus
295 1380 408 1416 pariter,
426 1379 582 1415 pariterque
597 1377 826 1412 colloquentibus,
844 1383 897 1403 nec

110 1436 167 1456 non
179 1428 261 1455 etiam
275 1426 455 1462 cogitantibus
469 1424 617 1453 identidem
630 1423 741 1456 nocuit;
755 1422 794 1451 sic
805 1430 821 1450 e
831 1430 898 1450 con-

111 1473 195 1501 trario
213 1473 347 1500 bonarum
371 1478 463 1499 rerum
487 1469 712 1498 commemoratio
724 1476 779 1496 non
791 1468 897 1495 medio-

110 1526 172 1547 eres
187 1517 343 1546 conciliavit
356 1516 499 1544 utilitates.
515 1515 609 1549 Itaque
623 1514 735 1546 docens,
751 1517 780 1540 et
791 1512 897 1540 faciens

111 1563 120 1590 ί
124 1567 154 1590 ιιι
167 1562 290 1590 divinum
306 1560 394 1596 inquit
408 1560 547 1587 oraculum
559 1559 592 1594 °),
606 1559 773 1593 fecitjomnes
787 1557 893 1586 docibi-

949 302 1158 337 aggredlendam
1180 309 1236 336 prae
1255 301 1366 335 reliquis
1381 301 1515 336 discipulo
1539 300 1582 328 sui
1601 301 1735 328 amantis-

947 348 1026 379 simo,
1041 347 1152 382 jamjam
1170 347 1331 375 Christianae
1344 348 1384 375 rei
1404 346 1549 382 imperium
1569 346 1734 380 capessenti,

947 394 1099 430 proposuit.

983 451 1027 478 i2.
1048 450 1163 485 Operam
1187 449 1269 477 etiam
1290 448 1372 476 dabat
1396 448 1562 476 Athanasius
1584 448 1734 475 secundum

946 495 1090 531 Propheta:
1111 494 1249 522 oraculum
1262 494 1284 526 ⁸,
1307 498 1337 520 ut
1354 493 1381 520 in
1403 493 1503 520 divinis
1520 493 1663 528 praeceptis
1679 500 1735 520 non

944 542 1017 577 quod
1035 545 1106 569 esset
1122 540 1198 572 satis,
1215 540 1262 568 sed
1272 547 1336 567 vere
1347 539 1461 566 nimium
1473 546 1506 566 ac
1517 546 1654 566 summum
1666 546 1733 566 con-

945 588 1098 623 cupisceret
1110 596 1116 613 :
1126 587 1241 621 ideoque
1252 585 1278 613 in
1295 584 1447 613 caelestium
1461 584 1651 611 mandatorum
1663 588 1734 611 terra

944 633 1197 669 permansitsemen
1212 631 1282 666 ejus,
1300 630 1357 657 sive
1368 630 1396 656 id
1407 629 1544 656 exstiterit
1561 636 1651 656 sermo
1664 636 1735 663 pra:-

945 678 1063 714 ceptoris
1078 678 1106 704 in
1123 677 1278 704 auditorum
1291 679 1373 709 atque
1387 674 1553 702 intuentium
1566 674 1657 702 cordis
1669 681 1734 709 agro

944 733 995 761 per
1006 722 1176 752 admirabilia
1196 729 1280 757 opera
1299 721 1509 753 disseminatus;
1525 720 1582 748 sive
1598 720 1679 747 etiam
1701 720 1732 752 ii,

945 771 992 806 qui
1015 770 1050 798 ab
1074 777 1107 797 eo
1127 767 1205 803 quasi
1227 765 1364 801 concepti,
1393 765 1420 792 in
1446 765 1535 792 lucem
1557 763 1634 796 editi,
1652 767 1733 798 atque

945 815 1054 845 educati
1071 814 1205 850 genuinos
1225 811 1388 840 seminantis
1410 818 1439 838 se
1458 810 1528 837 (ilios
1544 809 1635 844 reipsa
1656 816 1733 836 com-

947 863 1106 901 probarent.
1132 859 1250 887 Omnino
1266 858 1361 894 gloria,
1380 857 1560 890 maximaeque
1580 855 1681 883 divitia:
1704 855 1733 882 in

946 913 1027 941 domo
1037 900 1107 943 ejus,
1126 906 1154 933 in
1166 904 1296 936 Ecclesia,
1308 903 1430 938 inquam,
1444 909 1506 929 cum
1513 901 1574 936 ejus
1583 901 1644 928 item
1652 900 1734 934 justi-

945 958 983 986 tia
998 957 1027 984 in
1050 958 1182 981 aeternum
1206 952 1360 986 perseveret
1375 957 1382 975 :
1398 954 1453 974 non
1468 954 1582 978 vacuus,
1609 946 1731 980 inquam,

945 1001 1064 1039 gloriola:
1076 997 1164 1026 inanis
1173 1001 1275 1028 tumor,
1286 999 1313 1021 et
1320 993 1397 1028 quasi
1407 992 1498 1020 inﬂata
1507 999 1637 1027 aquarum
1648 990 1731 1022 bulla,

945 1036 1140 1085 quzocissime
1156 1041 1294 1071 evanescit
1316 1049 1323 1067 :
1344 1046 1432 1074 neque
1447 1037 1529 1065 etiam
1554 1037 1606 1064 illae
1621 1036 1732 1069 divitiae,

945 1084 1006 1133 quae
1015 1096 1042 1123 in
1058 1094 1168 1122 caeleste
1182 1097 1295 1126 regnum
1315 1086 1543 1116 contendentibus
1554 1084 1732 1114 reluctantur,

945 1129 1006 1178 quae
1014 1141 1070 1170 suis
1078 1137 1246 1167 amatoribus
1253 1138 1396 1163 sexcentas
1403 1133 1570 1160 calamitates
1575 1129 1718 1158 conciliant
1724 1149 1732 1161 ,

947 1174 1007 1225 qua!
1022 1188 1050 1215 in
1063 1186 1175 1221 laqueos
1189 1188 1215 1211 et
1229 1181 1341 1209 insidias
1352 1179 1451 1206 diaboli
1466 1177 1606 1213 impellunt
1616 1183 1674 1207 eos,
1686 1174 1732 1210 qui

945 1220 1076 1262 eﬂrenata
1091 1220 1209 1266 quadam
1233 1226 1382 1262 cupiditate
1404 1223 1615 1252 insaturabiliter
1635 1228 1664 1248 se
1681 1220 1733 1248 illis

943 1280 1039 1308 volunt
1052 1277 1209 1311 mancipare
1223 1283 1231 1302 τ
1243 1280 1298 1300 non
1315 1272 1423 1299 demum
1438 1270 1490 1297 illa:
1502 1268 1634 1296 scelerum
1648 1273 1732 1301 expe-

944 1325 1008 1352 ditae
1023 1321 1267 1354 administrat,quaz
1279 1317 1386 1344 abunde
1396 1314 1536 1342 materiam
1548 1313 1656 1340 illorum
1669 1319 1732 1346 sug-

944 1373 1043 1407 gerunt
1061 1365 1213 1395 incendiis:
1228 1364 1275 1390 sed
1295 1363 1350 1394 illa,
1366 1361 1410 1388 illa
1425 1359 1533 1395 quidem
1558 1357 1652 1406 gloria,
1671 1363 1732 1406 quae

943 1401 1031 1443 beatis
1044 1411 1201 1447 angelorum
1216 1407 1353 1435 mentibus
1368 1412 1446 1439 pares
1459 1404 1594 1431 honorum
1611 1401 1730 1435 dignita-

945 1467 972 1489 te
985 1463 1114 1496 praaslat;
1137 1464 1198 1492 quae
1220 1459 1260 1483 ter
1282 1458 1406 1482 sanctum
1426 1452 1512 1478 Deum
1534 1451 1605 1477 inter
1623 1451 1732 1476 sanctos

945 1508 1091 1543 degentem
1104 1504 1186 1532 nobis
1206 1500 1363 1537 quatumvis
1376 1499 1404 1525 in
1421 1503 1492 1525 terra
1507 1496 1621 1528 vexatis,
1638 1498 1732 1522 sancte

946 1557 1038 1581 tamen
1060 1549 1270 1578 venerantibus',
1294 1545 1438 1577 conciliat;
1464 1550 1525 1578 quae
1550 1548 1670 1577 praesens
1691 1543 1733 1567 est

110 1608 150 1635 les
164 1607 221 1639 Dei,
233 1611 314 1642 atque
328 1606 498 1641 perspicaees
511 1605 544 1632 ad
559 1591 772 1632 discernendum
788 1603 890 1630 bonum
907 1596 928 1625 C
948 1598 1045 1634 pignus
1058 1593 1281 1642 cmlestisgloriae
1296 1595 1473 1642 sanctorum
1483 1596 1546 1642 (ιιιεῆ
1553 1591 1645 1642 WE"?
1658 1593 1734 1642 ῖξξξξιν·

110 1661 126 1680 a
148 1653 235 1686 malo,
255 1653 402 1680 honestum
437 1659 453 1678 a
473 1650 557 1686 turpi.
583 1650 642 1678 Non
667 1649 897 1684 quemadmodum
914 1650 925 1657 '

61 1701 64 1704 ’
111 1699 255 1727 Zamolxes
270 1703 298 1726 et
312 1697 475 1725 Anacharsis
485 1697 562 1730 olim,
574 1704 690 1732 quorum
697 1695 820 1731 quamvis
833 1696 897 1722 bar-

111 1745 239 1772 barorum
252 1743 412 1778 sapientiam
424 1743 509 1771 Graeci
522 1743 688 1770 admirantes
703 1747 896 1777 suspexerunt:

111 1797 201 1825 neque
218 1789 299 1816 etiam
313 1793 343 1816 ut
362 1788 434 1823 apud
455 1788 605 1823 Spartiatas
619 1788 780 1823 legumlator
792 1788 896 1823 Lycur-

110 1844 170 1873 gus,
191 1835 314 1863 Mnesion
337 1835 408 1870 apud
431 1834 559 1870 Argivos,
584 1835 655 1869 apud
673 1834 761 1869 Pylios
781 1833 891 1867 Nestor,

110 1881 190 1916 cuius
203 1886 358 1907 sermonem
371 1879 451 1906 melle
472 1878 621 1906 dulciorem
640 1878 725 1906 edixit
741 1878 895 1911 Homerus;

110 1934 166 1954 non
181 1926 290 1953 demum
306 1925 345 1952 uti
362 1925 452 1960 legum
461 1928 600 1953 sanctores
613 1923 695 1951 Solon
703 1929 730 1951 et
742 1923 896 1951 Clisthenes

110 1971 183 2007 apud
202 1970 382 1998 Athenienses
395 1978 402 1996 :
414 1970 461 2004 qui
479 1977 545 1997 sane
559 1977 655 1997 omnes
668 1977 722 1996 non
738 1969 819 1996 modo
834 1969 896 1996 ﬁni-

110 2018 186 2046 timis
206 2016 319 2044 Graeciaa
339 2016 447 2051 populis
460 2020 490 2043 ut
500 2023 565 2043 suas
578 2015 730 2050 reciperent
746 2015 829 2050 leges,
848 2022 897 2042 ea-

110 2071 225 2099 rumque
248 2063 408 2099 praascripto
424 2062 558 2092 viverent.
579 2069 635 2088 non
659 2063 823 2093 suaserunt;
848 2059 896 2087 sed

109 2118 145 2139 ne
158 2111 211 2138 illis
225 2110 346 2145 quidem,
367 2109 437 2144 apud
454 2116 523 2144 quos
544 2108 618 2143 leges
633 2108 761 2139 tulerant,
779 2110 809 2134 ut
822 2106 854 2134 ad
866 2106 898 2133 fi-

108 2164 172 2185 nem
187 2163 275 2191 usque
299 2155 459 2183 retinerent.
479 2154 559 2182 Nunc
572 2153 683 2185 etenim,
704 2160 766 2180 cum
784 2153 896 2180 easdem

108 2203 215 2231 illorum
235 2202 307 2237 leges
322 2201 470 2229 velleribus
489 2200 659 2232 coronarint,
682 2204 729 2226 aut
755 2203 896 2235 unguento

108 2249 183 2276 velut
192 2247 352 2275 hirundines
364 2246 544 2282 perlinierint,
554 2253 726 2281 nequaquam
742 2252 788 2272 eas
801 2244 895 2272 audire

107 2294 261 2330 patiuntur.
289 2293 343 2320 Sed
358 2300 422 2320 vero
437 2292 539 2320 Christi
559 2291 674 2322 Domini,
699 2291 813 2326 ejusque
828 2298 892 2326 per-

107 2340 266 2376 pessionnm
288 2339 360 2374 leges
374 2346 423 2366 suo
437 2337 529 2365 ferens
544 2337 628 2373 gregi,
647 2336 734 2364 ellusa
747 2336 894 2364 admodum

106 2394 170 2415 cum
195 2386 287 2413 laetitia
305 2385 460 2420 complecti,
479 2389 507 2412 et
528 2385 625 2412 illzesas
649 2384 682 2411 ad
704 2384 787 2411 finem
808 2389 895 2417 usque

104 2433 169 2462 vitae
180 2432 317 2460 custodire
331 2431 467 2467 persuasit
478 2436 570 2458 noster
577 2430 754 2458 Athanasius.
766 2428 895 2456 Virenim

104 2487 172 2508 vero
189 2479 295 2512 beatus,
313 2479 414 2513 quippe
430 2478 476 2514 qui
492 2486 547 2505 non
558 2478 665 2511 rudem,
679 2482 708 2505 et
723 2477 778 2504 Deo
791 2476 895 2504 servire

105 2524 341 2560 aggredientium,
367 2523 416 2550 sed
437 2523 588 2558 perfectum
618 2523 655 2551 ibi
683 2525 890 2557 comparaverat

105 2570 229 2598 divinum
254 2569 378 2596 timorem
405 2578 412 2596 :
437 2569 538 2596 etenim
559 2568 715 2595 vehementi
749 2567 891 2595 Christum

105 2617 200 2643 amere
219 2615 444 2649 prosequebatur.
462 2614 546 2650 Cujus
563 2614 671 2649 propria
686 2615 724 2642 rei
748 2619 823 2648 nota,
841 2621 893 2641 no-

105 2662 203 2696 bisque
217 2661 269 2688 iide
279 2660 390 2696 dignum
402 2665 463 2688 esto
476 2665 676 2695 argumentum,
687 2659 893 2696 diligentissima

105 2709 132 2736 in
147 2708 272 2744 proprios
287 2715 384 2744 greges
403 2708 544 2743 vigilantia
558 2715 591 2736 ac
609 2708 791 2742 providentia,
810 2715 893 2742 quam

106 2762 188 2783 unam
203 2763 259 2790 pra:
272 2755 365 2783 multis
380 2755 513 2783 virtutum
531 2754 637 2787 formis,
649 2755 760 2782 Petrum
775 2754 892 2782 interro-

141 2872 152 2887 ⁸
172 2870 264 2899 Ma'lli.
281 2879 343 2906 xxv,
369 2873 414 2901 21.

105 2914 196 2940 uxtv,
214 2907 237 2933 1.

454 2871 557 2900 ‘Joan.
588 2872 686 2904 “.45.
725 2873 734 2889 ⁷
754 2871 832 2901 Joan.
853 2879 914 2905 xxi,
947 2872 992 2900 20.
1030 2871 1123 2899 "Psal.
1154 2878 1209 2902 cxi.
1236 2869 1261 2897 Ι.

948 1630 1043 1671 ίειῖίιιω
1059 1639 1208 1676 praecordia
1223 1646 1256 1666 eo
1269 1636 1388 1671 complet
1395 1634 1504 1670 gaudio,
1518 1637 1548 1660 ut
1557 1632 1620 1659 inde
1632 1630 1732 1658 laetitia:

947 1687 1110 1716 immortalis
1127 1684 1252 1713 cumulus
1273 1681 1417 1710 redundet.
1435 1679 1540 1707 Divitiae
1553 1678 1662 1705 demum
1676 1683 1732 1703 non

946 1733 1051 1765 inanes,
1066 1738 1133 1766 quas
1148 1737 1200 1757 nec
1209 1729 1293 1761 fures,
1307 1734 1359 1754 nec
1373 1726 1492 1752 latrones
1506 1722 1650 1750 etiodiunt.

1018 1787 1084 1815 CAP.
1100 1786 1134 1814 γ.
1146 1800 1182 1806 -
1195 1784 1313 1812 Hcroicw
1327 1783 1446 1809 virtutes.
1461 1795 1496 1809 -.—
1511 1777 1657 1806 Miracula.

980 1845 1025 1873 15.
1042 1844 1152 1875 Beatus,
1170 1847 1198 1870 ct
1218 1849 1248 1869 re
1265 1840 1375 1876 quidem
1397 1846 1462 1866 vera
1481 1840 1592 1864 sanctus
1609 1834 1732 1861 Athana-

945 1891 1002 1918 sius
1023 1889 1143 1917 :etenim
1168 1889 1200 1921 is,
1218 1894 1308 1922 neque
1332 1887 1359 1913 in
1381 1883 1496 1912 concilio
1515 1881 1659 1917 impiorum
1684 1887 1734 1907 un-

945 1943 1026 1970 quam
1040 1939 1166 1962 versatus
1180 1938 1232 1965 est,
1248 1940 1338 1967 neque
1350 1933 1377 1959 in
1390 1929 1583 1958 blaterantium
1594 1927 1732 1958 obscaena,

946 1980 1070 2014 turpiave
1087 1978 1303 2014 perpetrantium
1335 1975 1464 2003 cathedra
1493 1972 1660 2004 consedit“;
1686 1971 1734 1998 scd

947 2028 1075 2059 tanquam
1105 2023 1266 2050 immortalis
1302 2021 1383 2048 arbor
1408 2024 1467 2048 sata
1497 2026 1576 2046 secus
1603 2017 1734 2052 irriguum

948 2069 1049 2097 Christi
1063 2068 1214 2096 Salvatoris
1228 2067 1418 2103 proﬂuentem,
1434 2072 1514 2100 quem
1530 2064 1575 2091 hic
1587 2064 1621 2090 de
1638 2067 1735 2089 ventre

949 2116 976 2143 in
993 2123 1022 2143 se
1039 2114 1207 2142 credentium
1219 2117 1409 2141 emanaturum
1426 2110 1562 2146 pollicitus
1572 2113 1623 2136 est.
1639 2107 1735 2134 Nullus

948 2161 976 2188 in
985 2168 1033 2189 ore
1046 2161 1106 2195 ejus
1118 2160 1197 2187 dolus
1211 2158 1410 2189 inveniebatur,
1426 2156 1473 2184 sed
1483 2156 1539 2182 sola
1556 2154 1600 2181 Dei
1615 2153 1733 2187 eloquia,

949 2207 979 2235 in
1004 2208 1103 2242 quibus
1127 2206 1331 2233 sanctissimum
1356 2205 1407 2232 sibi
1431 2202 1566 2238 quoddam
1587 2200 1734 2235 hospitium

949 2251 1206 2285 secreverat.iVisus
1216 2251 1296 2278 etiam
1310 2255 1352 2277 est
1367 2254 1409 2277 ter
1421 2249 1466 2276 ille
1482 2246 1668 2277 felicissimus,
1681 2245 1734 2272 sic-

945 2302 975 2325 ut
999 2305 1078 2325 mons
1103 2297 1179 2329 Sion,
1193 2297 1238 2332 qui
1257 2296 1360 2323 habitat
1376 2295 1404 2321 in
1419 2301 1489 2321 nova
1501 2291 1734 2323 Jerusalem,'non

944 2343 1016 2370 enim
1032 2343 1249 2371 commovebitur
1269 2341 1296 2368 in
1313 2345 1447 2368 aeternum
1467 2339 1507 2371 ¹⁰;
1530 2336 1678 2371 oculosque
1700 2335 1734 2363 ad

944 2389 1031 2418 Deum
1060 2389 1188 2416 attollens
1205 2396 1261 2415 non
1282 2387 1390 2415 tardum
1404 2385 1467 2412 inde
1487 2383 1575 2412 sensit
1591 2382 1733 2410 auxilium.

944 2435 1116 2470 Quapropter
1131 2442 1192 2470 qua:
1213 2433 1319 2469 gaudia.
1334 2437 1415 2467 atque
1431 2432 1570 2460 hodierna?
1582 2432 1651 2459 lucis
1663 2430 1734 2458 laeti-

946 2482 989 2509 tia:
1005 2485 1203 2516 proponuntur,
1229 2480 1327 2507 iisdem
1341 2486 1396 2507 non
1410 2479 1442 2506 ad
1455 2479 1539 2507 breve
1552 2483 1670 2513 tempus,
1686 2477 1734 2504 sed

945 2527 1138 2556 immortaliter
1149 2527 1194 2554 hic
1202 2525 1331 2560 frequens
1343 2525 1501 2552 auditorum
1509 2531 1642 2552 numerus
1662 2522 1735 2550 oble-

943 2578 1034 2602 ctetur
1052 2582 1059 2600 :
1074 2573 1175 2608 quippe
1193 2580 1254 2608 quae
1276 2579 1339 2599 cum
1354 2571 1459 2598 animos
1468 2571 1606 2606 voluptate
1615 2569 1734 2604 quadam

942 2618 1120 2654 perfundant,
1134 2617 1167 2645 ad
1179 2617 1354 2644 Divinitatem
1364 2624 1397 2644 ex
1413 2616 1554 2643 Athanasii
1577 2615 1731 2642 imitatione

942 2665 1098 2692 sustollunt.
1111 2664 1150 2691 Eo
1166 2663 1228 2698 quia
1243 2663 1326 2690 etiam
1341 2663 1364 2690 is
1381 2662 1470 2689 adhuc
1483 2660 1657 2689 mortalitatis
1672 2660 1732 2695 pul-

942 2718 1006 2738 vere
1022 2710 1167 2742 obductus,
1184 2710 1218 2736 ad
1240 2709 1292 2736 hoc
1312 2709 1422 2736 virtutis
1437 2708 1585 2742 fastigium,
1601 2710 1730 2740 tanquam

941 2764 1065 2792 procera,
1081 2760 1242 2790 comataque
1265 2755 1356 2787 arbor,
1374 2754 1511 2790 pervenit,
1525 2753 1559 2780 ad
1576 2759 1624 2780 eos
1641 2751 1730 2787 respi-

1300 2870 1310 2886 θ
1326 2867 1395 2897 Psal.
1419 2874 1439 2901 ι,
1465 2866 1476 2895 Ι
1510 2873 1586 2902 seqq.

1628 2868 1650 2884 '°
1665 2865 1738 2896 Psal.
