  <div class='ocr_page' id='page_1' title='image "/cluster/home/n/w/nwhite01/storage/ocr_20150623/104/njp.32101077772885/695.png"; bbox 0 0 1932 3067; ppageno 0'>
   <div class='ocr_carea' id='block_1_1' title="bbox 210 178 281 211">
    <p class='ocr_par' dir='ltr' id='par_1_1' title="bbox 210 178 281 211">
     <span class='ocr_line' id='line_1_1' title="bbox 210 178 281 211; baseline 0.014 -1"><span class='ocrx_word' id='word_1_1' title='bbox 210 178 281 211; x_wconf 74' lang='lat' dir='ltr'><strong>I375</strong></span> 
     </span>
    </p>
   </div>
   <div class='ocr_carea' id='block_1_2' title="bbox 765 177 1282 210">
    <p class='ocr_par' dir='ltr' id='par_1_2' title="bbox 765 177 1282 210">
     <span class='ocr_line' id='line_1_2' title="bbox 765 177 1282 210; baseline 0.004 -3"><span class='ocrx_word' id='word_1_2' title='bbox 765 177 881 207; x_wconf 77' lang='lat' dir='ltr'><strong>PETRI</strong></span> <span class='ocrx_word' id='word_1_3' title='bbox 901 178 1091 210; x_wconf 70' lang='lat' dir='ltr'><strong>ARGQRUM</strong></span> <span class='ocrx_word' id='word_1_4' title='bbox 1112 180 1282 210; x_wconf 79' lang='lat' dir='ltr'><strong>EPISCOPI</strong></span> 
     </span>
    </p>
   </div>
   <div class='ocr_carea' id='block_1_3' title="bbox 1775 182 1841 214">
    <p class='ocr_par' dir='ltr' id='par_1_3' title="bbox 1775 182 1841 214">
     <span class='ocr_line' id='line_1_3' title="bbox 1775 182 1841 214; baseline 0 0"><span class='ocrx_word' id='word_1_5' title='bbox 1775 182 1841 214; x_wconf 79' lang='lat'><strong>1376</strong></span> 
     </span>
    </p>
   </div>
   <div class='ocr_carea' id='block_1_4' title="bbox 207 231 1842 270">
    <p class='ocr_par' dir='ltr' id='par_1_4' title="bbox 207 231 1842 270">
     <span class='ocr_line' id='line_1_4' title="bbox 207 231 1842 270; baseline 0.002 -9"><span class='ocrx_word' id='word_1_6' title='bbox 207 234 294 264; x_wconf 69' lang='lat' dir='ltr'><strong>ciens,</strong></span> <span class='ocrx_word' id='word_1_7' title='bbox 317 231 365 267; x_wconf 81' lang='lat' dir='ltr'><strong>qui</strong></span> <span class='ocrx_word' id='word_1_8' title='bbox 382 231 437 259; x_wconf 89' lang='lat' dir='ltr'><strong>Deo</strong></span> <span class='ocrx_word' id='word_1_9' title='bbox 452 231 559 258; x_wconf 77' lang='lat' dir='ltr'><strong>fuerant</strong></span> <span class='ocrx_word' id='word_1_10' title='bbox 572 231 693 266; x_wconf 77' lang='lat' dir='ltr'><strong>gratiosr.</strong></span> <span class='ocrx_word' id='word_1_11' title='bbox 710 236 792 266; x_wconf 85' lang='lat' dir='ltr'><strong>atque</strong></span> <span class='ocrx_word' id='word_1_12' title='bbox 813 239 909 258; x_wconf 89' lang='lat' dir='ltr'><strong>eorum</strong></span> <span class='ocrx_word' id='word_1_13' title='bbox 937 231 1000 258; x_wconf 83' lang='lat' dir='ltr'><strong>vitae</strong></span> <span class='ocrx_word' id='word_1_14' title='bbox 1017 237 1038 261; x_wconf 84' lang='lat' dir='ltr'><strong>A</strong></span> <span class='ocrx_word' id='word_1_15' title='bbox 1054 233 1280 266; x_wconf 70' lang='lat' dir='ltr'><strong>contemplatione</strong></span> <span class='ocrx_word' id='word_1_16' title='bbox 1296 233 1445 262; x_wconf 85' lang='lat' dir='ltr'><strong>frueretur.</strong></span> <span class='ocrx_word' id='word_1_17' title='bbox 1461 234 1526 262; x_wconf 64' lang='lat' dir='ltr'><strong>Elite</strong></span> <span class='ocrx_word' id='word_1_18' title='bbox 1542 239 1625 270; x_wconf 89' lang='lat' dir='ltr'><strong>atque</strong></span> <span class='ocrx_word' id='word_1_19' title='bbox 1640 234 1728 263; x_wconf 71' lang='lat' dir='ltr'><strong>Eliszet</strong></span> <span class='ocrx_word' id='word_1_20' title='bbox 1742 238 1842 265; x_wconf 83' lang='lat' dir='ltr'><strong>asceti-</strong></span> 
     </span>
    </p>
   </div>
   <div class='ocr_carea' id='block_1_5' title="bbox 207 276 1000 312">
    <p class='ocr_par' dir='ltr' id='par_1_5' title="bbox 207 276 1000 312">
     <span class='ocr_line' id='line_1_5' title="bbox 207 276 1000 312; baseline 0 -8"><span class='ocrx_word' id='word_1_21' title='bbox 207 277 352 312; x_wconf 85' lang='lat' dir='ltr'><strong>exemplis,</strong></span> <span class='ocrx_word' id='word_1_22' title='bbox 366 277 443 312; x_wconf 88' lang='lat' dir='ltr'><strong>quasi</strong></span> <span class='ocrx_word' id='word_1_23' title='bbox 463 277 523 304; x_wconf 91' lang='lat' dir='ltr'><strong>luce</strong></span> <span class='ocrx_word' id='word_1_24' title='bbox 541 277 658 312; x_wconf 88' lang='lat' dir='ltr'><strong>quadam</strong></span> <span class='ocrx_word' id='word_1_25' title='bbox 682 276 732 304; x_wconf 86' lang='lat' dir='ltr'><strong>sibi</strong></span> <span class='ocrx_word' id='word_1_26' title='bbox 760 277 831 304; x_wconf 88' lang='lat' dir='ltr'><strong>viam</strong></span> <span class='ocrx_word' id='word_1_27' title='bbox 851 277 1000 312; x_wconf 78' lang='lat' dir='ltr'><strong>gradiendo</strong></span> 
     </span>
    </p>
   </div>
   <div class='ocr_carea' id='block_1_6' title="bbox 208 324 367 352">
    <p class='ocr_par' dir='ltr' id='par_1_6' title="bbox 208 324 367 352">
     <span class='ocr_line' id='line_1_6' title="bbox 208 324 367 352; baseline 0.013 -2"><span class='ocrx_word' id='word_1_28' title='bbox 208 324 367 352; x_wconf 76' lang='lat' dir='ltr'><strong>tonstravit.</strong></span> 
     </span>
    </p>
   </div>
   <div class='ocr_carea' id='block_1_7' title="bbox 245 391 1000 427">
    <p class='ocr_par' dir='ltr' id='par_1_7' title="bbox 245 391 1000 427">
     <span class='ocr_line' id='line_1_7' title="bbox 245 391 1000 427; baseline -0.001 -8"><span class='ocrx_word' id='word_1_29' title='bbox 245 393 289 420; x_wconf 75' lang='grc' dir='ltr'><strong>Η.</strong></span> <span class='ocrx_word' id='word_1_30' title='bbox 311 392 378 426; x_wconf 83' lang='lat' dir='ltr'><strong>Quis</strong></span> <span class='ocrx_word' id='word_1_31' title='bbox 399 393 471 421; x_wconf 89' lang='lat' dir='ltr'><strong>enim</strong></span> <span class='ocrx_word' id='word_1_32' title='bbox 501 392 643 420; x_wconf 92' lang='lat' dir='ltr'><strong>Athanasii</strong></span> <span class='ocrx_word' id='word_1_33' title='bbox 677 392 891 427; x_wconf 85' lang='lat' dir='ltr'><strong>hospitalitatem</strong></span> <span class='ocrx_word' id='word_1_34' title='bbox 905 411 912 422; x_wconf 93' lang='lat'><strong>,</strong></span> <span class='ocrx_word' id='word_1_35' title='bbox 936 391 1000 418; x_wconf 82' lang='lat' dir='ltr'><strong>fidei</strong></span> 
     </span>
    </p>
   </div>
   <div class='ocr_carea' id='block_1_8' title="bbox 209 438 997 474">
    <p class='ocr_par' dir='ltr' id='par_1_8' title="bbox 209 438 997 474">
     <span class='ocr_line' id='line_1_8' title="bbox 209 438 997 474; baseline -0.003 -8"><span class='ocrx_word' id='word_1_36' title='bbox 209 445 318 473; x_wconf 86' lang='lat' dir='ltr'><strong>quoque</strong></span> <span class='ocrx_word' id='word_1_37' title='bbox 333 439 522 466; x_wconf 78' lang='lat' dir='ltr'><strong>inimitabilem</strong></span> <span class='ocrx_word' id='word_1_38' title='bbox 544 438 691 474; x_wconf 91' lang='lat' dir='ltr'><strong>puritatem</strong></span> <span class='ocrx_word' id='word_1_39' title='bbox 716 438 857 470; x_wconf 79' lang='lat' dir='ltr'><strong>intuendo.</strong></span> <span class='ocrx_word' id='word_1_40' title='bbox 874 438 927 465; x_wconf 86' lang='lat' dir='ltr'><strong>sibi</strong></span> <span class='ocrx_word' id='word_1_41' title='bbox 949 445 997 472; x_wconf 90' lang='lat' dir='ltr'><strong>pa-</strong></span> 
     </span>
    </p>
   </div>
   <div class='ocr_carea' id='block_1_9' title="bbox 212 483 1000 518">
    <p class='ocr_par' dir='ltr' id='par_1_9' title="bbox 212 483 1000 518">
     <span class='ocr_line' id='line_1_9' title="bbox 212 483 1000 518; baseline 0 -8"><span class='ocrx_word' id='word_1_42' title='bbox 212 485 362 512; x_wconf 89' lang='lat' dir='ltr'><strong>triarcham</strong></span> <span class='ocrx_word' id='word_1_43' title='bbox 385 485 571 512; x_wconf 89' lang='lat' dir='ltr'><strong>Abrahamum</strong></span> <span class='ocrx_word' id='word_1_44' title='bbox 586 485 679 512; x_wconf 88' lang='lat' dir='ltr'><strong>videre</strong></span> <span class='ocrx_word' id='word_1_45' title='bbox 693 492 748 512; x_wconf 92' lang='lat' dir='ltr'><strong>non</strong></span> <span class='ocrx_word' id='word_1_46' title='bbox 768 483 914 511; x_wconf 78' lang='lat' dir='ltr'><strong>videatur?</strong></span> <span class='ocrx_word' id='word_1_47' title='bbox 937 483 1000 518; x_wconf 82' lang='lat' dir='ltr'><strong>quis</strong></span> 
     </span>
    </p>
   </div>
   <div class='ocr_carea' id='block_1_10' title="bbox 216 528 1000 564">
    <p class='ocr_par' dir='ltr' id='par_1_10' title="bbox 216 528 1000 564">
     <span class='ocr_line' id='line_1_10' title="bbox 216 528 1000 564; baseline 0 -9"><span class='ocrx_word' id='word_1_48' title='bbox 216 534 387 557; x_wconf 83' lang='lat' dir='ltr'><strong>constantem</strong></span> <span class='ocrx_word' id='word_1_49' title='bbox 405 530 464 564; x_wconf 79' lang='lat' dir='ltr'><strong>ejus</strong></span> <span class='ocrx_word' id='word_1_50' title='bbox 485 529 669 560; x_wconf 86' lang='lat' dir='ltr'><strong>tolerantiam.</strong></span> <span class='ocrx_word' id='word_1_51' title='bbox 683 533 765 563; x_wconf 86' lang='lat' dir='ltr'><strong>atque</strong></span> <span class='ocrx_word' id='word_1_52' title='bbox 778 529 804 555; x_wconf 96' lang='lat' dir='ltr'><strong>in</strong></span> <span class='ocrx_word' id='word_1_53' title='bbox 816 529 898 556; x_wconf 89' lang='lat' dir='ltr'><strong>rebus</strong></span> <span class='ocrx_word' id='word_1_54' title='bbox 909 528 1000 555; x_wconf 89' lang='lat' dir='ltr'><strong>omni—</strong></span> 
     </span>
    </p>
   </div>
   <div class='ocr_carea' id='block_1_11' title="bbox 209 574 996 610">
    <p class='ocr_par' dir='ltr' id='par_1_11' title="bbox 209 574 996 610">
     <span class='ocr_line' id='line_1_11' title="bbox 209 574 996 610; baseline 0 -9"><span class='ocrx_word' id='word_1_55' title='bbox 209 574 272 607; x_wconf 86' lang='lat' dir='ltr'><strong>bus,</strong></span> <span class='ocrx_word' id='word_1_56' title='bbox 287 583 355 610; x_wconf 87' lang='lat' dir='ltr'><strong>quas</strong></span> <span class='ocrx_word' id='word_1_57' title='bbox 372 576 525 603; x_wconf 85' lang='lat' dir='ltr'><strong>destinarat</strong></span> <span class='ocrx_word' id='word_1_58' title='bbox 547 575 629 608; x_wconf 90' lang='lat' dir='ltr'><strong>Deus,</strong></span> <span class='ocrx_word' id='word_1_59' title='bbox 651 575 821 602; x_wconf 79' lang='lat' dir='ltr'><strong>tractabilem</strong></span> <span class='ocrx_word' id='word_1_60' title='bbox 836 575 996 608; x_wconf 77' lang='lat' dir='ltr'><strong>facilitatem</strong></span> 
     </span>
    </p>
   </div>
   <div class='ocr_carea' id='block_1_12' title="bbox 210 619 1000 652">
    <p class='ocr_par' dir='ltr' id='par_1_12' title="bbox 210 619 1000 652">
     <span class='ocr_line' id='line_1_12' title="bbox 210 619 1000 652; baseline -0.001 -5"><span class='ocrx_word' id='word_1_61' title='bbox 210 620 398 652; x_wconf 81' lang='lat' dir='ltr'><strong>considerans,</strong></span> <span class='ocrx_word' id='word_1_62' title='bbox 423 621 538 648; x_wconf 89' lang='lat' dir='ltr'><strong>alterum</strong></span> <span class='ocrx_word' id='word_1_63' title='bbox 559 620 684 647; x_wconf 88' lang='lat' dir='ltr'><strong>lsaaeum</strong></span> <span class='ocrx_word' id='word_1_64' title='bbox 709 620 795 647; x_wconf 90' lang='lat' dir='ltr'><strong>oculis</strong></span> <span class='ocrx_word' id='word_1_65' title='bbox 814 627 928 647; x_wconf 86' lang='lat' dir='ltr'><strong>cernere</strong></span> <span class='ocrx_word' id='word_1_66' title='bbox 947 619 1000 646; x_wconf 83' lang='lat' dir='ltr'><strong>sibi</strong></span> 
     </span>
    </p>
   </div>
   <div class='ocr_carea' id='block_1_13' title="bbox 210 665 1001 700">
    <p class='ocr_par' dir='ltr' id='par_1_13' title="bbox 210 665 1001 700">
     <span class='ocr_line' id='line_1_13' title="bbox 210 665 1001 700; baseline 0 -8"><span class='ocrx_word' id='word_1_67' title='bbox 210 673 265 693; x_wconf 90' lang='lat' dir='ltr'><strong>non</strong></span> <span class='ocrx_word' id='word_1_68' title='bbox 278 666 463 700; x_wconf 85' lang='lat' dir='ltr'><strong>persuadeat?</strong></span> <span class='ocrx_word' id='word_1_69' title='bbox 483 665 549 699; x_wconf 87' lang='lat' dir='ltr'><strong>Quis</strong></span> <span class='ocrx_word' id='word_1_70' title='bbox 567 666 594 692; x_wconf 93' lang='lat' dir='ltr'><strong>in</strong></span> <span class='ocrx_word' id='word_1_71' title='bbox 606 666 729 693; x_wconf 87' lang='lat' dir='ltr'><strong>adversis</strong></span> <span class='ocrx_word' id='word_1_72' title='bbox 744 665 854 693; x_wconf 82' lang='lat' dir='ltr'><strong>casibus</strong></span> <span class='ocrx_word' id='word_1_73' title='bbox 869 665 928 700; x_wconf 91' lang='lat' dir='ltr'><strong>ejus</strong></span> <span class='ocrx_word' id='word_1_74' title='bbox 940 665 1001 692; x_wconf 82' lang='lat' dir='ltr'><strong>ani—</strong></span> 
     </span>
    </p>
   </div>
   <div class='ocr_carea' id='block_1_14' title="bbox 211 711 1001 747">
    <p class='ocr_par' dir='ltr' id='par_1_14' title="bbox 211 711 1001 747">
     <span class='ocr_line' id='line_1_14' title="bbox 211 711 1001 747; baseline 0.001 -9"><span class='ocrx_word' id='word_1_75' title='bbox 211 711 247 739; x_wconf 87' lang='lat' dir='ltr'><strong>mi</strong></span> <span class='ocrx_word' id='word_1_76' title='bbox 265 712 483 747; x_wconf 76' lang='lat' dir='ltr'><strong>magnitudinem</strong></span> <span class='ocrx_word' id='word_1_77' title='bbox 499 720 531 739; x_wconf 84' lang='lat' dir='ltr'><strong>ac</strong></span> <span class='ocrx_word' id='word_1_78' title='bbox 543 712 716 743; x_wconf 85' lang='lat' dir='ltr'><strong>soliditatem,</strong></span> <span class='ocrx_word' id='word_1_79' title='bbox 735 719 840 738; x_wconf 91' lang='lat' dir='ltr'><strong>morum</strong></span> <span class='ocrx_word' id='word_1_80' title='bbox 861 711 925 738; x_wconf 89' lang='lat' dir='ltr'><strong>item</strong></span> <span class='ocrx_word' id='word_1_81' title='bbox 942 712 1001 739; x_wconf 86' lang='lat' dir='ltr'><strong>sine</strong></span> 
     </span>
    </p>
   </div>
   <div class='ocr_carea' id='block_1_15' title="bbox 211 756 1000 792">
    <p class='ocr_par' dir='ltr' id='par_1_15' title="bbox 211 756 1000 792">
     <span class='ocr_line' id='line_1_15' title="bbox 211 756 1000 792; baseline 0 -8"><span class='ocrx_word' id='word_1_82' title='bbox 211 757 275 785; x_wconf 88' lang='lat' dir='ltr'><strong>fuco</strong></span> <span class='ocrx_word' id='word_1_83' title='bbox 289 761 317 784; x_wconf 92' lang='lat' dir='ltr'><strong>et</strong></span> <span class='ocrx_word' id='word_1_84' title='bbox 341 757 455 784; x_wconf 86' lang='lat' dir='ltr'><strong>fallaciis</strong></span> <span class='ocrx_word' id='word_1_85' title='bbox 477 757 658 792; x_wconf 70' lang='lat' dir='ltr'><strong>integritatem</strong></span> <span class='ocrx_word' id='word_1_86' title='bbox 675 757 831 788; x_wconf 85' lang='lat' dir='ltr'><strong>attendens.</strong></span> <span class='ocrx_word' id='word_1_87' title='bbox 848 756 932 784; x_wconf 86' lang='lat' dir='ltr'><strong>Jaeob</strong></span> <span class='ocrx_word' id='word_1_88' title='bbox 949 757 1000 784; x_wconf 89' lang='lat' dir='ltr'><strong>sibi</strong></span> 
     </span>
    </p>
   </div>
   <div class='ocr_carea' id='block_1_16' title="bbox 211 801 1001 838">
    <p class='ocr_par' dir='ltr' id='par_1_16' title="bbox 211 801 1001 838">
     <span class='ocr_line' id='line_1_16' title="bbox 211 801 1001 838; baseline 0.003 -10"><span class='ocrx_word' id='word_1_89' title='bbox 211 803 266 838; x_wconf 72' lang='lat' dir='ltr'><strong>jam</strong></span> <span class='ocrx_word' id='word_1_90' title='bbox 281 803 377 830; x_wconf 89' lang='lat' dir='ltr'><strong>adesse</strong></span> <span class='ocrx_word' id='word_1_91' title='bbox 391 810 444 830; x_wconf 91' lang='lat' dir='ltr'><strong>non</strong></span> <span class='ocrx_word' id='word_1_92' title='bbox 454 803 600 837; x_wconf 81' lang='lat' dir='ltr'><strong>opinetur?</strong></span> <span class='ocrx_word' id='word_1_93' title='bbox 611 802 677 835; x_wconf 85' lang='lat' dir='ltr'><strong>Quis</strong></span> <span class='ocrx_word' id='word_1_94' title='bbox 692 802 718 829; x_wconf 89' lang='lat' dir='ltr'><strong>in</strong></span> <span class='ocrx_word' id='word_1_95' title='bbox 733 802 882 830; x_wconf 80' lang='lat' dir='ltr'><strong>Athanasio</strong></span> <span class='ocrx_word' id='word_1_96' title='bbox 890 801 1001 838; x_wconf 83' lang='lat' dir='ltr'><strong>Josephi</strong></span> 
     </span>
    </p>
   </div>
   <div class='ocr_carea' id='block_1_17' title="bbox 212 848 1000 882">
    <p class='ocr_par' dir='ltr' id='par_1_17' title="bbox 212 848 1000 882">
     <span class='ocr_line' id='line_1_17' title="bbox 212 848 1000 882; baseline 0 -8"><span class='ocrx_word' id='word_1_97' title='bbox 212 848 433 882; x_wconf 83' lang='lat' dir='ltr'><strong>temperantiam,</strong></span> <span class='ocrx_word' id='word_1_98' title='bbox 464 848 627 874; x_wconf 87' lang='lat' dir='ltr'><strong>modestiam</strong></span> <span class='ocrx_word' id='word_1_99' title='bbox 649 852 678 874; x_wconf 92' lang='lat' dir='ltr'><strong>et</strong></span> <span class='ocrx_word' id='word_1_100' title='bbox 698 848 860 882; x_wconf 89' lang='lat' dir='ltr'><strong>injuriarum</strong></span> <span class='ocrx_word' id='word_1_101' title='bbox 880 848 1000 875; x_wconf 91' lang='lat' dir='ltr'><strong>toleran-</strong></span> 
     </span>
    </p>
   </div>
   <div class='ocr_carea' id='block_1_18' title="bbox 213 888 1038 928">
    <p class='ocr_par' dir='ltr' id='par_1_18' title="bbox 213 888 1038 928">
     <span class='ocr_line' id='line_1_18' title="bbox 213 888 1038 928; baseline 0.002 -9"><span class='ocrx_word' id='word_1_102' title='bbox 213 893 289 923; x_wconf 91' lang='lat' dir='ltr'><strong>tiam,</strong></span> <span class='ocrx_word' id='word_1_103' title='bbox 306 900 320 919; x_wconf 91' lang='lat' dir='ltr'><strong>a</strong></span> <span class='ocrx_word' id='word_1_104' title='bbox 337 893 468 921; x_wconf 86' lang='lat' dir='ltr'><strong>fratribus</strong></span> <span class='ocrx_word' id='word_1_105' title='bbox 487 893 551 920; x_wconf 91' lang='lat' dir='ltr'><strong>odio</strong></span> <span class='ocrx_word' id='word_1_106' title='bbox 569 901 599 921; x_wconf 90' lang='lat' dir='ltr'><strong>se</strong></span> <span class='ocrx_word' id='word_1_107' title='bbox 612 894 842 928; x_wconf 88' lang='lat' dir='ltr'><strong>prosequentibus</strong></span> <span class='ocrx_word' id='word_1_108' title='bbox 859 888 890 921; x_wconf 72' lang='lat' dir='ltr'><strong>ac</strong></span> <span class='ocrx_word' id='word_1_109' title='bbox 910 894 1002 921; x_wconf 85' lang='lat' dir='ltr'><strong>diven-</strong></span> <span class='ocrx_word' id='word_1_110' title='bbox 1018 902 1038 928; x_wconf 73' lang='grc' dir='ltr'><strong>Β</strong></span> 
     </span>
    </p>
   </div>
   <div class='ocr_carea' id='block_1_19' title="bbox 211 938 1004 973">
    <p class='ocr_par' dir='ltr' id='par_1_19' title="bbox 211 938 1004 973">
     <span class='ocr_line' id='line_1_19' title="bbox 211 938 1004 973; baseline 0.003 -9"><span class='ocrx_word' id='word_1_111' title='bbox 211 938 340 965; x_wconf 85' lang='lat' dir='ltr'><strong>dentibus</strong></span> <span class='ocrx_word' id='word_1_112' title='bbox 355 939 468 973; x_wconf 75' lang='lat' dir='ltr'><strong>gratiam</strong></span> <span class='ocrx_word' id='word_1_113' title='bbox 484 939 553 966; x_wconf 91' lang='lat' dir='ltr'><strong>inire</strong></span> <span class='ocrx_word' id='word_1_114' title='bbox 565 939 710 970; x_wconf 79' lang='lat' dir='ltr'><strong>studentis,</strong></span> <span class='ocrx_word' id='word_1_115' title='bbox 721 942 786 966; x_wconf 88' lang='lat' dir='ltr'><strong>ante</strong></span> <span class='ocrx_word' id='word_1_116' title='bbox 796 939 891 966; x_wconf 87' lang='lat' dir='ltr'><strong>oculos</strong></span> <span class='ocrx_word' id='word_1_117' title='bbox 903 940 1004 967; x_wconf 86' lang='lat' dir='ltr'><strong>habere</strong></span> 
     </span>
    </p>
   </div>
   <div class='ocr_carea' id='block_1_20' title="bbox 212 984 1004 1020">
    <p class='ocr_par' dir='ltr' id='par_1_20' title="bbox 212 984 1004 1020">
     <span class='ocr_line' id='line_1_20' title="bbox 212 984 1004 1020; baseline 0.004 -10"><span class='ocrx_word' id='word_1_118' title='bbox 212 991 268 1011; x_wconf 92' lang='lat' dir='ltr'><strong>non</strong></span> <span class='ocrx_word' id='word_1_119' title='bbox 279 984 422 1012; x_wconf 78' lang='lat' dir='ltr'><strong>censeret?</strong></span> <span class='ocrx_word' id='word_1_120' title='bbox 439 984 506 1017; x_wconf 88' lang='lat' dir='ltr'><strong>Quis</strong></span> <span class='ocrx_word' id='word_1_121' title='bbox 520 985 580 1020; x_wconf 87' lang='lat' dir='ltr'><strong>ejus</strong></span> <span class='ocrx_word' id='word_1_122' title='bbox 591 985 702 1012; x_wconf 90' lang='lat' dir='ltr'><strong>minime</strong></span> <span class='ocrx_word' id='word_1_123' title='bbox 715 985 865 1019; x_wconf 89' lang='lat' dir='ltr'><strong>abjectum.</strong></span> <span class='ocrx_word' id='word_1_124' title='bbox 882 985 931 1012; x_wconf 87' lang='lat' dir='ltr'><strong>sed</strong></span> <span class='ocrx_word' id='word_1_125' title='bbox 940 994 1004 1013; x_wconf 88' lang='lat' dir='ltr'><strong>vere</strong></span> 
     </span>
    </p>
   </div>
   <div class='ocr_carea' id='block_1_21' title="bbox 213 1031 1004 1065">
    <p class='ocr_par' dir='ltr' id='par_1_21' title="bbox 213 1031 1004 1065">
     <span class='ocr_line' id='line_1_21' title="bbox 213 1031 1004 1065; baseline 0.003 -9"><span class='ocrx_word' id='word_1_126' title='bbox 213 1037 378 1065; x_wconf 89' lang='lat' dir='ltr'><strong>generosum</strong></span> <span class='ocrx_word' id='word_1_127' title='bbox 401 1031 522 1058; x_wconf 91' lang='lat' dir='ltr'><strong>animum</strong></span> <span class='ocrx_word' id='word_1_128' title='bbox 552 1031 580 1058; x_wconf 93' lang='lat' dir='ltr'><strong>in</strong></span> <span class='ocrx_word' id='word_1_129' title='bbox 600 1031 804 1059; x_wconf 89' lang='lat' dir='ltr'><strong>occursantium</strong></span> <span class='ocrx_word' id='word_1_130' title='bbox 819 1039 1004 1059; x_wconf 60' lang='lat' dir='ltr'><strong>aerumnarum</strong></span> 
     </span>
    </p>
   </div>
   <div class='ocr_carea' id='block_1_22' title="bbox 214 1077 1005 1113">
    <p class='ocr_par' dir='ltr' id='par_1_22' title="bbox 214 1077 1005 1113">
     <span class='ocr_line' id='line_1_22' title="bbox 214 1077 1005 1113; baseline 0.001 -9"><span class='ocrx_word' id='word_1_131' title='bbox 214 1077 364 1111; x_wconf 88' lang='lat' dir='ltr'><strong>repentinis</strong></span> <span class='ocrx_word' id='word_1_132' title='bbox 379 1077 510 1105; x_wconf 87' lang='lat' dir='ltr'><strong>molestiis</strong></span> <span class='ocrx_word' id='word_1_133' title='bbox 520 1077 655 1112; x_wconf 90' lang='lat' dir='ltr'><strong>patiendis</strong></span> <span class='ocrx_word' id='word_1_134' title='bbox 671 1078 862 1113; x_wconf 86' lang='lat' dir='ltr'><strong>perpendens,</strong></span> <span class='ocrx_word' id='word_1_135' title='bbox 881 1078 1005 1105; x_wconf 86' lang='lat' dir='ltr'><strong>invictis-</strong></span> 
     </span>
    </p>
   </div>
   <div class='ocr_carea' id='block_1_23' title="bbox 215 1121 1005 1157">
    <p class='ocr_par' dir='ltr' id='par_1_23' title="bbox 215 1121 1005 1157">
     <span class='ocr_line' id='line_1_23' title="bbox 215 1121 1005 1157; baseline 0.001 -9"><span class='ocrx_word' id='word_1_136' title='bbox 215 1121 278 1148; x_wconf 87' lang='lat' dir='ltr'><strong>simi</strong></span> <span class='ocrx_word' id='word_1_137' title='bbox 298 1121 359 1149; x_wconf 72' lang='grc' dir='ltr'>,ἰοὶιί</span> <span class='ocrx_word' id='word_1_138' title='bbox 376 1122 523 1157; x_wconf 75' lang='lat' dir='ltr'><strong>imaginem</strong></span> <span class='ocrx_word' id='word_1_139' title='bbox 545 1123 580 1149; x_wconf 91' lang='lat' dir='ltr'><strong>ob</strong></span> <span class='ocrx_word' id='word_1_140' title='bbox 598 1123 693 1150; x_wconf 88' lang='lat' dir='ltr'><strong>oculos</strong></span> <span class='ocrx_word' id='word_1_141' title='bbox 710 1123 762 1150; x_wconf 86' lang='lat' dir='ltr'><strong>sibi</strong></span> <span class='ocrx_word' id='word_1_142' title='bbox 786 1123 927 1150; x_wconf 89' lang='lat' dir='ltr'><strong>obversari</strong></span> <span class='ocrx_word' id='word_1_143' title='bbox 949 1130 1005 1149; x_wconf 89' lang='lat' dir='ltr'><strong>non</strong></span> 
     </span>
    </p>
   </div>
   <div class='ocr_carea' id='block_1_24' title="bbox 215 1168 1004 1204">
    <p class='ocr_par' dir='ltr' id='par_1_24' title="bbox 215 1168 1004 1204">
     <span class='ocr_line' id='line_1_24' title="bbox 215 1168 1004 1204; baseline 0 -9"><span class='ocrx_word' id='word_1_144' title='bbox 215 1168 340 1196; x_wconf 75' lang='lat' dir='ltr'><strong>diceret?</strong></span> <span class='ocrx_word' id='word_1_145' title='bbox 355 1169 452 1204; x_wconf 83' lang='lat' dir='ltr'><strong>Moysis</strong></span> <span class='ocrx_word' id='word_1_146' title='bbox 467 1169 549 1196; x_wconf 88' lang='lat' dir='ltr'><strong>etiam</strong></span> <span class='ocrx_word' id='word_1_147' title='bbox 568 1173 596 1196; x_wconf 88' lang='lat' dir='ltr'><strong>et</strong></span> <span class='ocrx_word' id='word_1_148' title='bbox 608 1169 699 1196; x_wconf 80' lang='lat' dir='ltr'><strong>Aaron</strong></span> <span class='ocrx_word' id='word_1_149' title='bbox 710 1169 935 1204; x_wconf 88' lang='lat' dir='ltr'><strong>placabilitatem,</strong></span> <span class='ocrx_word' id='word_1_150' title='bbox 947 1176 1004 1195; x_wconf 54' lang='lat' dir='ltr'><strong>mo.</strong></span> 
     </span>
    </p>
   </div>
   <div class='ocr_carea' id='block_1_25' title="bbox 216 1214 1007 1249">
    <p class='ocr_par' dir='ltr' id='par_1_25' title="bbox 216 1214 1007 1249">
     <span class='ocr_line' id='line_1_25' title="bbox 216 1214 1007 1249; baseline 0.004 -10"><span class='ocrx_word' id='word_1_151' title='bbox 216 1221 261 1241; x_wconf 87' lang='lat' dir='ltr'><strong>res</strong></span> <span class='ocrx_word' id='word_1_152' title='bbox 271 1214 340 1242; x_wconf 86' lang='lat' dir='ltr'><strong>citra</strong></span> <span class='ocrx_word' id='word_1_153' title='bbox 355 1215 598 1249; x_wconf 88' lang='lat' dir='ltr'><strong>reprehensionem</strong></span> <span class='ocrx_word' id='word_1_154' title='bbox 615 1215 705 1247; x_wconf 83' lang='lat' dir='ltr'><strong>mites,</strong></span> <span class='ocrx_word' id='word_1_155' title='bbox 724 1215 897 1249; x_wconf 85' lang='lat' dir='ltr'><strong>divinamque</strong></span> <span class='ocrx_word' id='word_1_156' title='bbox 911 1221 1007 1242; x_wconf 88' lang='lat' dir='ltr'><strong>eorum</strong></span> 
     </span>
    </p>
   </div>
   <div class='ocr_carea' id='block_1_26' title="bbox 217 1260 1006 1296">
    <p class='ocr_par' dir='ltr' id='par_1_26' title="bbox 217 1260 1006 1296">
     <span class='ocr_line' id='line_1_26' title="bbox 217 1260 1006 1296; baseline 0.003 -10"><span class='ocrx_word' id='word_1_157' title='bbox 217 1260 497 1294; x_wconf 84' lang='lat' dir='ltr'><strong>contemplationem,</strong></span> <span class='ocrx_word' id='word_1_158' title='bbox 517 1261 649 1288; x_wconf 85' lang='lat' dir='ltr'><strong>mortales</strong></span> <span class='ocrx_word' id='word_1_159' title='bbox 674 1261 829 1296; x_wconf 84' lang='lat' dir='ltr'><strong>rapientem</strong></span> <span class='ocrx_word' id='word_1_160' title='bbox 858 1260 1006 1294; x_wconf 82' lang='lat' dir='ltr'><strong>sublimes,</strong></span> 
     </span>
    </p>
   </div>
   <div class='ocr_carea' id='block_1_27' title="bbox 218 1305 1008 1341">
    <p class='ocr_par' dir='ltr' id='par_1_27' title="bbox 218 1305 1008 1341">
     <span class='ocr_line' id='line_1_27' title="bbox 218 1305 1008 1341; baseline 0.001 -10"><span class='ocrx_word' id='word_1_161' title='bbox 218 1305 386 1333; x_wconf 85' lang='lat' dir='ltr'><strong>imitabatur.</strong></span> <span class='ocrx_word' id='word_1_162' title='bbox 410 1305 517 1333; x_wconf 83' lang='lat' dir='ltr'><strong>Justam</strong></span> <span class='ocrx_word' id='word_1_163' title='bbox 531 1313 641 1341; x_wconf 89' lang='lat' dir='ltr'><strong>quoque</strong></span> <span class='ocrx_word' id='word_1_164' title='bbox 656 1306 773 1334; x_wconf 82' lang='lat' dir='ltr'><strong>Pbinees</strong></span> <span class='ocrx_word' id='word_1_165' title='bbox 790 1306 1008 1340; x_wconf 72' lang='lat' dir='ltr'><strong>indignationem</strong></span> 
     </span>
    </p>
   </div>
   <div class='ocr_carea' id='block_1_28' title="bbox 219 1350 1008 1387">
    <p class='ocr_par' dir='ltr' id='par_1_28' title="bbox 219 1350 1008 1387">
     <span class='ocr_line' id='line_1_28' title="bbox 219 1350 1008 1387; baseline 0.003 -11"><span class='ocrx_word' id='word_1_166' title='bbox 219 1350 410 1382; x_wconf 79' lang='lat' dir='ltr'><strong>aemulabatur,</strong></span> <span class='ocrx_word' id='word_1_167' title='bbox 433 1358 488 1378; x_wconf 91' lang='lat' dir='ltr'><strong>non</strong></span> <span class='ocrx_word' id='word_1_168' title='bbox 504 1351 592 1378; x_wconf 88' lang='lat' dir='ltr'><strong>ferreo</strong></span> <span class='ocrx_word' id='word_1_169' title='bbox 613 1352 730 1386; x_wconf 82' lang='lat' dir='ltr'><strong>pugione</strong></span> <span class='ocrx_word' id='word_1_170' title='bbox 746 1351 837 1387; x_wconf 87' lang='lat' dir='ltr'><strong>legum</strong></span> <span class='ocrx_word' id='word_1_171' title='bbox 861 1351 1008 1378; x_wconf 84' lang='lat' dir='ltr'><strong>violatores</strong></span> 
     </span>
    </p>
   </div>
   <div class='ocr_carea' id='block_1_29' title="bbox 218 1395 1009 1432">
    <p class='ocr_par' dir='ltr' id='par_1_29' title="bbox 218 1395 1009 1432">
     <span class='ocr_line' id='line_1_29' title="bbox 218 1395 1009 1432; baseline 0 -10"><span class='ocrx_word' id='word_1_172' title='bbox 218 1395 434 1428; x_wconf 88' lang='lat' dir='ltr'><strong>confodientem,</strong></span> <span class='ocrx_word' id='word_1_173' title='bbox 451 1397 499 1424; x_wconf 84' lang='lat' dir='ltr'><strong>sed</strong></span> <span class='ocrx_word' id='word_1_174' title='bbox 513 1405 586 1424; x_wconf 92' lang='lat' dir='ltr'><strong>nunc</strong></span> <span class='ocrx_word' id='word_1_175' title='bbox 602 1397 706 1432; x_wconf 86' lang='lat' dir='ltr'><strong>asperis</strong></span> <span class='ocrx_word' id='word_1_176' title='bbox 722 1401 750 1424; x_wconf 90' lang='lat' dir='ltr'><strong>et</strong></span> <span class='ocrx_word' id='word_1_177' title='bbox 772 1397 873 1424; x_wconf 85' lang='lat' dir='ltr'><strong>severis</strong></span> <span class='ocrx_word' id='word_1_178' title='bbox 886 1396 1009 1423; x_wconf 90' lang='lat' dir='ltr'><strong>mulcen-</strong></span> 
     </span>
    </p>
   </div>
   <div class='ocr_carea' id='block_1_30' title="bbox 219 1443 1007 1478">
    <p class='ocr_par' dir='ltr' id='par_1_30' title="bbox 219 1443 1007 1478">
     <span class='ocr_line' id='line_1_30' title="bbox 219 1443 1007 1478; baseline 0 -9"><span class='ocrx_word' id='word_1_179' title='bbox 219 1446 287 1475; x_wconf 89' lang='lat' dir='ltr'><strong>tem,</strong></span> <span class='ocrx_word' id='word_1_180' title='bbox 305 1450 379 1470; x_wconf 85' lang='lat' dir='ltr'><strong>nunc</strong></span> <span class='ocrx_word' id='word_1_181' title='bbox 391 1443 518 1471; x_wconf 88' lang='lat' dir='ltr'><strong>mollibus</strong></span> <span class='ocrx_word' id='word_1_182' title='bbox 527 1448 554 1470; x_wconf 88' lang='lat' dir='ltr'><strong>et</strong></span> <span class='ocrx_word' id='word_1_183' title='bbox 566 1443 674 1471; x_wconf 87' lang='lat' dir='ltr'><strong>blandis</strong></span> <span class='ocrx_word' id='word_1_184' title='bbox 685 1443 811 1478; x_wconf 89' lang='lat' dir='ltr'><strong>alloquiis</strong></span> <span class='ocrx_word' id='word_1_185' title='bbox 825 1447 1007 1474; x_wconf 86' lang='lat' dir='ltr'><strong>coercentem,</strong></span> 
     </span>
    </p>
   </div>
   <div class='ocr_carea' id='block_1_31' title="bbox 220 1488 1009 1524">
    <p class='ocr_par' dir='ltr' id='par_1_31' title="bbox 220 1488 1009 1524">
     <span class='ocr_line' id='line_1_31' title="bbox 220 1488 1009 1524; baseline 0 -9"><span class='ocrx_word' id='word_1_186' title='bbox 220 1488 355 1515; x_wconf 86' lang='lat' dir='ltr'><strong>scelerum</strong></span> <span class='ocrx_word' id='word_1_187' title='bbox 375 1496 487 1521; x_wconf 89' lang='lat' dir='ltr'><strong>cursus,</strong></span> <span class='ocrx_word' id='word_1_188' title='bbox 511 1493 539 1516; x_wconf 87' lang='lat' dir='ltr'><strong>et</strong></span> <span class='ocrx_word' id='word_1_189' title='bbox 562 1489 710 1524; x_wconf 87' lang='lat' dir='ltr'><strong>injuriosos</strong></span> <span class='ocrx_word' id='word_1_190' title='bbox 731 1489 758 1516; x_wconf 91' lang='lat' dir='ltr'><strong>in</strong></span> <span class='ocrx_word' id='word_1_191' title='bbox 789 1488 869 1515; x_wconf 90' lang='lat' dir='ltr'><strong>obvia</strong></span> <span class='ocrx_word' id='word_1_192' title='bbox 895 1495 1009 1522; x_wconf 79' lang='lat' dir='ltr'><strong>quaeque</strong></span> 
     </span>
    </p>
   </div>
   <div class='ocr_carea' id='block_1_32' title="bbox 221 1534 1009 1568">
    <p class='ocr_par' dir='ltr' id='par_1_32' title="bbox 221 1534 1009 1568">
     <span class='ocr_line' id='line_1_32' title="bbox 221 1534 1009 1568; baseline 0 -8"><span class='ocrx_word' id='word_1_193' title='bbox 221 1534 351 1568; x_wconf 86' lang='lat' dir='ltr'><strong>impetus.</strong></span> <span class='ocrx_word' id='word_1_194' title='bbox 369 1534 612 1562; x_wconf 75' lang='lat' dir='ltr'><strong>Verumenimvero</strong></span> <span class='ocrx_word' id='word_1_195' title='bbox 622 1543 685 1562; x_wconf 91' lang='lat' dir='ltr'><strong>eum</strong></span> <span class='ocrx_word' id='word_1_196' title='bbox 701 1542 730 1562; x_wconf 90' lang='lat' dir='ltr'><strong>se</strong></span> <span class='ocrx_word' id='word_1_197' title='bbox 746 1534 881 1568; x_wconf 59' lang='lat' dir='ltr'><strong>praestitit,</strong></span> <span class='ocrx_word' id='word_1_198' title='bbox 897 1534 944 1568; x_wconf 90' lang='lat' dir='ltr'><strong>qui</strong></span> <span class='ocrx_word' id='word_1_199' title='bbox 958 1540 1009 1561; x_wconf 90' lang='lat' dir='ltr'><strong>nec</strong></span> 
     </span>
    </p>
   </div>
   <div class='ocr_carea' id='block_1_33' title="bbox 221 1573 1047 1614">
    <p class='ocr_par' dir='ltr' id='par_1_33' title="bbox 221 1573 1047 1614">
     <span class='ocr_line' id='line_1_33' title="bbox 221 1573 1047 1614; baseline -0.002 -8"><span class='ocrx_word' id='word_1_200' title='bbox 221 1579 407 1607; x_wconf 89' lang='lat' dir='ltr'><strong>dehiscentem</strong></span> <span class='ocrx_word' id='word_1_201' title='bbox 423 1580 523 1606; x_wconf 84' lang='lat' dir='ltr'><strong>terram</strong></span> <span class='ocrx_word' id='word_1_202' title='bbox 547 1579 668 1607; x_wconf 79' lang='lat' dir='ltr'><strong>efficeret</strong></span> <span class='ocrx_word' id='word_1_203' title='bbox 689 1579 814 1614; x_wconf 89' lang='lat' dir='ltr'><strong>sepulcra</strong></span> <span class='ocrx_word' id='word_1_204' title='bbox 837 1586 943 1609; x_wconf 87' lang='lat' dir='ltr'><strong>eorum,</strong></span> <span class='ocrx_word' id='word_1_205' title='bbox 963 1577 1010 1613; x_wconf 86' lang='lat' dir='ltr'><strong>qui</strong></span> <span class='ocrx_word' id='word_1_206' title='bbox 1024 1573 1047 1601; x_wconf 86' lang='lat' dir='ltr'><strong>C</strong></span> 
     </span>
    </p>
   </div>
   <div class='ocr_carea' id='block_1_34' title="bbox 221 1624 1013 1658">
    <p class='ocr_par' dir='ltr' id='par_1_34' title="bbox 221 1624 1013 1658">
     <span class='ocr_line' id='line_1_34' title="bbox 221 1624 1013 1658; baseline -0.003 -7"><span class='ocrx_word' id='word_1_207' title='bbox 221 1624 253 1651; x_wconf 85' lang='lat' dir='ltr'><strong>in</strong></span> <span class='ocrx_word' id='word_1_208' title='bbox 272 1628 476 1652; x_wconf 78' lang='lat' dir='ltr'><strong>sacrosanctum</strong></span> <span class='ocrx_word' id='word_1_209' title='bbox 495 1624 681 1652; x_wconf 87' lang='lat' dir='ltr'><strong>sacerdotium</strong></span> <span class='ocrx_word' id='word_1_210' title='bbox 703 1624 833 1651; x_wconf 86' lang='lat' dir='ltr'><strong>audacter</strong></span> <span class='ocrx_word' id='word_1_211' title='bbox 845 1624 1013 1658; x_wconf 86' lang='lat' dir='ltr'><strong>petulanter-</strong></span> 
     </span>
    </p>
   </div>
   <div class='ocr_carea' id='block_1_35' title="bbox 223 1667 1014 1705">
    <p class='ocr_par' dir='ltr' id='par_1_35' title="bbox 223 1667 1014 1705">
     <span class='ocr_line' id='line_1_35' title="bbox 223 1667 1014 1705; baseline -0.003 -9"><span class='ocrx_word' id='word_1_212' title='bbox 223 1677 277 1704; x_wconf 89' lang='lat' dir='ltr'><strong>que</strong></span> <span class='ocrx_word' id='word_1_213' title='bbox 288 1677 337 1704; x_wconf 90' lang='lat' dir='ltr'><strong>per</strong></span> <span class='ocrx_word' id='word_1_214' title='bbox 348 1669 504 1705; x_wconf 88' lang='lat' dir='ltr'><strong>superbiam</strong></span> <span class='ocrx_word' id='word_1_215' title='bbox 517 1669 705 1696; x_wconf 78' lang='lat' dir='ltr'><strong>eerrebantur</strong></span> <span class='ocrx_word' id='word_1_216' title='bbox 718 1677 726 1699; x_wconf 85' lang='lat'>;</span> <span class='ocrx_word' id='word_1_217' title='bbox 739 1676 792 1696; x_wconf 89' lang='lat' dir='ltr'><strong>nec</strong></span> <span class='ocrx_word' id='word_1_218' title='bbox 807 1668 923 1695; x_wconf 87' lang='lat' dir='ltr'><strong>flannnis</strong></span> <span class='ocrx_word' id='word_1_219' title='bbox 935 1667 1014 1695; x_wconf 91' lang='lat' dir='ltr'><strong>addi-</strong></span> 
     </span>
    </p>
   </div>
   <div class='ocr_carea' id='block_1_36' title="bbox 223 1714 1013 1750">
    <p class='ocr_par' dir='ltr' id='par_1_36' title="bbox 223 1714 1013 1750">
     <span class='ocr_line' id='line_1_36' title="bbox 223 1714 1013 1750; baseline -0.003 -8"><span class='ocrx_word' id='word_1_220' title='bbox 223 1721 332 1743; x_wconf 75' lang='lat' dir='ltr'><strong>cerctur</strong></span> <span class='ocrx_word' id='word_1_221' title='bbox 359 1716 432 1750; x_wconf 89' lang='lat' dir='ltr'><strong>quod</strong></span> <span class='ocrx_word' id='word_1_222' title='bbox 456 1715 557 1750; x_wconf 91' lang='lat' dir='ltr'><strong>impius</strong></span> <span class='ocrx_word' id='word_1_223' title='bbox 584 1715 674 1750; x_wconf 84' lang='lat' dir='ltr'><strong>legum</strong></span> <span class='ocrx_word' id='word_1_224' title='bbox 704 1714 819 1742; x_wconf 85' lang='lat' dir='ltr'><strong>violator</strong></span> <span class='ocrx_word' id='word_1_225' title='bbox 846 1715 1013 1747; x_wconf 75' lang='lat' dir='ltr'><strong>abstulerat;</strong></span> 
     </span>
    </p>
   </div>
   <div class='ocr_carea' id='block_1_37' title="bbox 224 1760 1014 1796">
    <p class='ocr_par' dir='ltr' id='par_1_37' title="bbox 224 1760 1014 1796">
     <span class='ocr_line' id='line_1_37' title="bbox 224 1760 1014 1796; baseline 0 -8"><span class='ocrx_word' id='word_1_226' title='bbox 224 1761 414 1795; x_wconf 88' lang='lat' dir='ltr'><strong>hujuscemodi</strong></span> <span class='ocrx_word' id='word_1_227' title='bbox 437 1761 511 1788; x_wconf 90' lang='lat' dir='ltr'><strong>enim</strong></span> <span class='ocrx_word' id='word_1_228' title='bbox 536 1760 658 1796; x_wconf 82' lang='lat' dir='ltr'><strong>prodigia</strong></span> <span class='ocrx_word' id='word_1_229' title='bbox 681 1760 707 1787; x_wconf 91' lang='lat' dir='ltr'><strong>id</strong></span> <span class='ocrx_word' id='word_1_230' title='bbox 727 1760 815 1787; x_wconf 88' lang='lat' dir='ltr'><strong>aetatis</strong></span> <span class='ocrx_word' id='word_1_231' title='bbox 838 1760 1014 1795; x_wconf 71' lang='lat' dir='ltr'><strong>exposcebant.</strong></span> 
     </span>
    </p>
   </div>
   <div class='ocr_carea' id='block_1_38' title="bbox 225 1806 1014 1841">
    <p class='ocr_par' dir='ltr' id='par_1_38' title="bbox 225 1806 1014 1841">
     <span class='ocr_line' id='line_1_38' title="bbox 225 1806 1014 1841; baseline -0.003 -7"><span class='ocrx_word' id='word_1_232' title='bbox 225 1807 280 1834; x_wconf 85' lang='lat' dir='ltr'><strong>Sed</strong></span> <span class='ocrx_word' id='word_1_233' title='bbox 301 1814 365 1834; x_wconf 88' lang='lat' dir='ltr'><strong>vero</strong></span> <span class='ocrx_word' id='word_1_234' title='bbox 392 1807 532 1834; x_wconf 89' lang='lat' dir='ltr'><strong>hominem</strong></span> <span class='ocrx_word' id='word_1_235' title='bbox 559 1806 705 1841; x_wconf 88' lang='lat' dir='ltr'><strong>quemdam</strong></span> <span class='ocrx_word' id='word_1_236' title='bbox 735 1806 834 1832; x_wconf 90' lang='lat' dir='ltr'><strong>similia</strong></span> <span class='ocrx_word' id='word_1_237' title='bbox 859 1810 1014 1841; x_wconf 84' lang='lat' dir='ltr'><strong>patrantem</strong></span> 
     </span>
    </p>
   </div>
   <div class='ocr_carea' id='block_1_39' title="bbox 226 1851 1015 1887">
    <p class='ocr_par' dir='ltr' id='par_1_39' title="bbox 226 1851 1015 1887">
     <span class='ocr_line' id='line_1_39' title="bbox 226 1851 1015 1887; baseline -0.001 -8"><span class='ocrx_word' id='word_1_238' title='bbox 226 1853 393 1880; x_wconf 86' lang='lat' dir='ltr'><strong>Athanasius</strong></span> <span class='ocrx_word' id='word_1_239' title='bbox 410 1861 522 1882; x_wconf 90' lang='lat' dir='ltr'><strong>suarum</strong></span> <span class='ocrx_word' id='word_1_240' title='bbox 537 1859 649 1887; x_wconf 89' lang='lat' dir='ltr'><strong>precum</strong></span> <span class='ocrx_word' id='word_1_241' title='bbox 664 1852 691 1879; x_wconf 91' lang='lat' dir='ltr'><strong>vi</strong></span> <span class='ocrx_word' id='word_1_242' title='bbox 705 1851 911 1879; x_wconf 86' lang='lat' dir='ltr'><strong>insensibilibus</strong></span> <span class='ocrx_word' id='word_1_243' title='bbox 927 1852 1015 1878; x_wconf 88' lang='lat' dir='ltr'><strong>solum</strong></span> 
     </span>
    </p>
   </div>
   <div class='ocr_carea' id='block_1_40' title="bbox 227 1898 1017 1934">
    <p class='ocr_par' dir='ltr' id='par_1_40' title="bbox 227 1898 1017 1934">
     <span class='ocr_line' id='line_1_40' title="bbox 227 1898 1017 1934; baseline -0.001 -9"><span class='ocrx_word' id='word_1_244' title='bbox 227 1898 350 1926; x_wconf 89' lang='lat' dir='ltr'><strong>viduavit</strong></span> <span class='ocrx_word' id='word_1_245' title='bbox 367 1899 576 1934; x_wconf 86' lang='lat' dir='ltr'><strong>capillamentis,</strong></span> <span class='ocrx_word' id='word_1_246' title='bbox 594 1906 654 1933; x_wconf 67' lang='lat' dir='ltr'><strong>qua:</strong></span> <span class='ocrx_word' id='word_1_247' title='bbox 665 1898 776 1933; x_wconf 86' lang='lat' dir='ltr'><strong>quidem</strong></span> <span class='ocrx_word' id='word_1_248' title='bbox 789 1898 896 1932; x_wconf 87' lang='lat' dir='ltr'><strong>corpori</strong></span> <span class='ocrx_word' id='word_1_249' title='bbox 913 1906 947 1924; x_wconf 80' lang='lat' dir='ltr'><strong>ex</strong></span> <span class='ocrx_word' id='word_1_250' title='bbox 969 1905 1017 1926; x_wconf 90' lang='lat' dir='ltr'><strong>su-</strong></span> 
     </span>
    </p>
   </div>
   <div class='ocr_carea' id='block_1_41' title="bbox 227 1943 1017 1979">
    <p class='ocr_par' dir='ltr' id='par_1_41' title="bbox 227 1943 1017 1979">
     <span class='ocr_line' id='line_1_41' title="bbox 227 1943 1017 1979; baseline -0.001 -8"><span class='ocrx_word' id='word_1_251' title='bbox 227 1943 384 1979; x_wconf 81' lang='lat' dir='ltr'><strong>perﬂuitate</strong></span> <span class='ocrx_word' id='word_1_252' title='bbox 400 1945 597 1977; x_wconf 81' lang='lat' dir='ltr'><strong>adnaseuntur,</strong></span> <span class='ocrx_word' id='word_1_253' title='bbox 613 1951 705 1978; x_wconf 88' lang='lat' dir='ltr'><strong>neque</strong></span> <span class='ocrx_word' id='word_1_254' title='bbox 719 1951 781 1971; x_wconf 90' lang='lat' dir='ltr'><strong>eum</strong></span> <span class='ocrx_word' id='word_1_255' title='bbox 797 1944 899 1971; x_wconf 93' lang='lat' dir='ltr'><strong>adsunt</strong></span> <span class='ocrx_word' id='word_1_256' title='bbox 915 1944 948 1970; x_wconf 88' lang='lat' dir='ltr'><strong>ad</strong></span> <span class='ocrx_word' id='word_1_257' title='bbox 963 1943 1017 1970; x_wconf 91' lang='lat' dir='ltr'><strong>hu-</strong></span> 
     </span>
    </p>
   </div>
   <div class='ocr_carea' id='block_1_42' title="bbox 229 1989 1017 2025">
    <p class='ocr_par' dir='ltr' id='par_1_42' title="bbox 229 1989 1017 2025">
     <span class='ocr_line' id='line_1_42' title="bbox 229 1989 1017 2025; baseline -0.003 -7"><span class='ocrx_word' id='word_1_258' title='bbox 229 1998 317 2018; x_wconf 79' lang='lat' dir='ltr'><strong>mana:</strong></span> <span class='ocrx_word' id='word_1_259' title='bbox 328 1991 454 2018; x_wconf 56' lang='lat' dir='ltr'><strong>essentia!</strong></span> <span class='ocrx_word' id='word_1_260' title='bbox 471 1990 574 2018; x_wconf 88' lang='lat' dir='ltr'><strong>faciunt</strong></span> <span class='ocrx_word' id='word_1_261' title='bbox 588 1990 825 2023; x_wconf 89' lang='lat' dir='ltr'><strong>constitutionem,</strong></span> <span class='ocrx_word' id='word_1_262' title='bbox 840 1997 928 2025; x_wconf 90' lang='lat' dir='ltr'><strong>neque</strong></span> <span class='ocrx_word' id='word_1_263' title='bbox 941 1989 1017 2017; x_wconf 83' lang='lat' dir='ltr'><strong>abla-</strong></span> 
     </span>
    </p>
   </div>
   <div class='ocr_carea' id='block_1_43' title="bbox 229 2035 1020 2071">
    <p class='ocr_par' dir='ltr' id='par_1_43' title="bbox 229 2035 1020 2071">
     <span class='ocr_line' id='line_1_43' title="bbox 229 2035 1020 2071; baseline 0 -7"><span class='ocrx_word' id='word_1_264' title='bbox 229 2040 256 2064; x_wconf 89' lang='lat' dir='ltr'><strong>ta</strong></span> <span class='ocrx_word' id='word_1_265' title='bbox 280 2040 381 2064; x_wconf 88' lang='lat' dir='ltr'><strong>nocent</strong></span> <span class='ocrx_word' id='word_1_266' title='bbox 398 2036 463 2063; x_wconf 89' lang='lat' dir='ltr'><strong>:sed</strong></span> <span class='ocrx_word' id='word_1_267' title='bbox 481 2043 544 2063; x_wconf 90' lang='lat' dir='ltr'><strong>cum</strong></span> <span class='ocrx_word' id='word_1_268' title='bbox 564 2035 701 2071; x_wconf 89' lang='lat' dir='ltr'><strong>piaculare</strong></span> <span class='ocrx_word' id='word_1_269' title='bbox 725 2035 802 2063; x_wconf 88' lang='lat' dir='ltr'><strong>nefas</strong></span> <span class='ocrx_word' id='word_1_270' title='bbox 828 2035 962 2063; x_wconf 86' lang='lat' dir='ltr'><strong>audaculo</strong></span> <span class='ocrx_word' id='word_1_271' title='bbox 986 2042 1020 2064; x_wconf 87' lang='lat' dir='ltr'><strong>ac</strong></span> 
     </span>
    </p>
   </div>
   <div class='ocr_carea' id='block_1_44' title="bbox 229 2081 1018 2118">
    <p class='ocr_par' dir='ltr' id='par_1_44' title="bbox 229 2081 1018 2118">
     <span class='ocr_line' id='line_1_44' title="bbox 229 2081 1018 2118; baseline -0.001 -8"><span class='ocrx_word' id='word_1_272' title='bbox 229 2082 375 2110; x_wconf 88' lang='lat' dir='ltr'><strong>temerario</strong></span> <span class='ocrx_word' id='word_1_273' title='bbox 389 2083 478 2110; x_wconf 87' lang='lat' dir='ltr'><strong>solum</strong></span> <span class='ocrx_word' id='word_1_274' title='bbox 494 2082 632 2116; x_wconf 88' lang='lat' dir='ltr'><strong>indicent,</strong></span> <span class='ocrx_word' id='word_1_275' title='bbox 648 2082 681 2109; x_wconf 90' lang='lat' dir='ltr'><strong>ad</strong></span> <span class='ocrx_word' id='word_1_276' title='bbox 694 2082 883 2118; x_wconf 73' lang='lat' dir='ltr'><strong>pmnitendum</strong></span> <span class='ocrx_word' id='word_1_277' title='bbox 896 2081 1018 2118; x_wconf 85' lang='lat' dir='ltr'><strong>adigunt,</strong></span> 
     </span>
    </p>
   </div>
   <div class='ocr_carea' id='block_1_45' title="bbox 230 2128 1020 2164">
    <p class='ocr_par' dir='ltr' id='par_1_45' title="bbox 230 2128 1020 2164">
     <span class='ocr_line' id='line_1_45' title="bbox 230 2128 1020 2164; baseline 0 -8"><span class='ocrx_word' id='word_1_278' title='bbox 230 2134 258 2157; x_wconf 70' lang='lat' dir='ltr'><strong>rt</strong></span> <span class='ocrx_word' id='word_1_279' title='bbox 273 2129 307 2157; x_wconf 92' lang='lat' dir='ltr'><strong>ad</strong></span> <span class='ocrx_word' id='word_1_280' title='bbox 325 2129 425 2157; x_wconf 87' lang='lat' dir='ltr'><strong>nefarii</strong></span> <span class='ocrx_word' id='word_1_281' title='bbox 445 2129 558 2157; x_wconf 80' lang='lat' dir='ltr'><strong>sceleris</strong></span> <span class='ocrx_word' id='word_1_282' title='bbox 581 2128 684 2164; x_wconf 83' lang='lat' dir='ltr'><strong>fugam,</strong></span> <span class='ocrx_word' id='word_1_283' title='bbox 703 2135 733 2157; x_wconf 87' lang='lat' dir='ltr'><strong>et</strong></span> <span class='ocrx_word' id='word_1_284' title='bbox 747 2128 806 2156; x_wconf 89' lang='lat' dir='ltr'><strong>vitii</strong></span> <span class='ocrx_word' id='word_1_285' title='bbox 821 2128 1020 2156; x_wconf 86' lang='lat' dir='ltr'><strong>succreseentis</strong></span> 
     </span>
    </p>
   </div>
   <div class='ocr_carea' id='block_1_46' title="bbox 230 2180 384 2204">
    <p class='ocr_par' dir='ltr' id='par_1_46' title="bbox 230 2180 384 2204">
     <span class='ocr_line' id='line_1_46' title="bbox 230 2180 384 2204; baseline 0.006 -1"><span class='ocrx_word' id='word_1_286' title='bbox 230 2180 384 2204; x_wconf 84' lang='lat' dir='ltr'><strong>tonsuram.</strong></span> 
     </span>
    </p>
   </div>
   <div class='ocr_carea' id='block_1_47' title="bbox 267 2241 1060 2285">
    <p class='ocr_par' dir='ltr' id='par_1_47' title="bbox 267 2241 1060 2285">
     <span class='ocr_line' id='line_1_47' title="bbox 267 2241 1060 2285; baseline -0.003 -15"><span class='ocrx_word' id='word_1_287' title='bbox 267 2243 311 2271; x_wconf 77' lang='grc'><strong>15.</strong></span> <span class='ocrx_word' id='word_1_288' title='bbox 333 2242 493 2270; x_wconf 89' lang='lat' dir='ltr'><strong>Imitandam</strong></span> <span class='ocrx_word' id='word_1_289' title='bbox 508 2243 591 2271; x_wconf 88' lang='lat' dir='ltr'><strong>etiam</strong></span> <span class='ocrx_word' id='word_1_290' title='bbox 611 2241 732 2278; x_wconf 87' lang='lat' dir='ltr'><strong>suscepit</strong></span> <span class='ocrx_word' id='word_1_291' title='bbox 756 2241 867 2270; x_wconf 86' lang='lat' dir='ltr'><strong>Davidis</strong></span> <span class='ocrx_word' id='word_1_292' title='bbox 884 2242 1018 2268; x_wconf 76' lang='lat' dir='ltr'><strong>malorum</strong></span> <span class='ocrx_word' id='word_1_293' title='bbox 1035 2245 1060 2285; x_wconf 39' lang='grc'><strong>1),</strong></span> 
     </span>
    </p>
   </div>
   <div class='ocr_carea' id='block_1_48' title="bbox 233 2288 1023 2326">
    <p class='ocr_par' dir='ltr' id='par_1_48' title="bbox 233 2288 1023 2326">
     <span class='ocr_line' id='line_1_48' title="bbox 233 2288 1023 2326; baseline -0.004 -8"><span class='ocrx_word' id='word_1_294' title='bbox 233 2295 316 2326; x_wconf 88' lang='lat' dir='ltr'><strong>atque</strong></span> <span class='ocrx_word' id='word_1_295' title='bbox 333 2290 498 2326; x_wconf 73' lang='lat' dir='ltr'><strong>iniuriarum</strong></span> <span class='ocrx_word' id='word_1_296' title='bbox 517 2289 735 2325; x_wconf 85' lang='lat' dir='ltr'><strong>perpessionem,</strong></span> <span class='ocrx_word' id='word_1_297' title='bbox 757 2293 786 2316; x_wconf 91' lang='lat' dir='ltr'><strong>et</strong></span> <span class='ocrx_word' id='word_1_298' title='bbox 807 2288 935 2316; x_wconf 71' lang='lat' dir='ltr'><strong>eximiam</strong></span> <span class='ocrx_word' id='word_1_299' title='bbox 960 2295 1023 2322; x_wconf 84' lang='lat' dir='ltr'><strong>erga</strong></span> 
     </span>
    </p>
   </div>
   <div class='ocr_carea' id='block_1_49' title="bbox 234 2334 1024 2371">
    <p class='ocr_par' dir='ltr' id='par_1_49' title="bbox 234 2334 1024 2371">
     <span class='ocr_line' id='line_1_49' title="bbox 234 2334 1024 2371; baseline -0.005 -7"><span class='ocrx_word' id='word_1_300' title='bbox 234 2337 319 2364; x_wconf 76' lang='lat' dir='ltr'><strong>Deum</strong></span> <span class='ocrx_word' id='word_1_301' title='bbox 332 2338 461 2371; x_wconf 86' lang='lat' dir='ltr'><strong>pietatem</strong></span> <span class='ocrx_word' id='word_1_302' title='bbox 478 2345 486 2364; x_wconf 88' lang='lat'><strong>:</strong></span> <span class='ocrx_word' id='word_1_303' title='bbox 500 2343 554 2371; x_wconf 87' lang='lat' dir='ltr'><strong>qua</strong></span> <span class='ocrx_word' id='word_1_304' title='bbox 565 2336 599 2363; x_wconf 90' lang='lat' dir='ltr'><strong>de</strong></span> <span class='ocrx_word' id='word_1_305' title='bbox 612 2342 694 2363; x_wconf 89' lang='lat' dir='ltr'><strong>causa</strong></span> <span class='ocrx_word' id='word_1_306' title='bbox 707 2342 762 2362; x_wconf 93' lang='lat' dir='ltr'><strong>non</strong></span> <span class='ocrx_word' id='word_1_307' title='bbox 772 2334 888 2362; x_wconf 88' lang='lat' dir='ltr'><strong>modoin</strong></span> <span class='ocrx_word' id='word_1_308' title='bbox 902 2334 1024 2361; x_wconf 65' lang='lat' dir='ltr'><strong>eacodas-</strong></span> 
     </span>
    </p>
   </div>
   <div class='ocr_carea' id='block_1_50' title="bbox 235 2379 1024 2415">
    <p class='ocr_par' dir='ltr' id='par_1_50' title="bbox 235 2379 1024 2415">
     <span class='ocr_line' id='line_1_50' title="bbox 235 2379 1024 2415; baseline -0.004 -6"><span class='ocrx_word' id='word_1_309' title='bbox 235 2389 331 2410; x_wconf 77' lang='lat' dir='ltr'><strong>montis</strong></span> <span class='ocrx_word' id='word_1_310' title='bbox 343 2382 473 2414; x_wconf 82' lang='lat' dir='ltr'><strong>occinuit,</strong></span> <span class='ocrx_word' id='word_1_311' title='bbox 487 2382 534 2409; x_wconf 88' lang='lat' dir='ltr'><strong>sed</strong></span> <span class='ocrx_word' id='word_1_312' title='bbox 543 2381 571 2408; x_wconf 93' lang='lat' dir='ltr'><strong>in</strong></span> <span class='ocrx_word' id='word_1_313' title='bbox 584 2388 641 2413; x_wconf 91' lang='lat' dir='ltr'><strong>eas,</strong></span> <span class='ocrx_word' id='word_1_314' title='bbox 656 2388 727 2415; x_wconf 69' lang='lat' dir='ltr'><strong>quae,</strong></span> <span class='ocrx_word' id='word_1_315' title='bbox 743 2380 839 2407; x_wconf 89' lang='lat' dir='ltr'><strong>iisdem</strong></span> <span class='ocrx_word' id='word_1_316' title='bbox 853 2379 1024 2415; x_wconf 81' lang='lat' dir='ltr'><strong>suggerenti-</strong></span> 
     </span>
    </p>
   </div>
   <div class='ocr_carea' id='block_1_51' title="bbox 234 2425 1024 2464">
    <p class='ocr_par' dir='ltr' id='par_1_51' title="bbox 234 2425 1024 2464">
     <span class='ocr_line' id='line_1_51' title="bbox 234 2425 1024 2464; baseline -0.005 -8"><span class='ocrx_word' id='word_1_317' title='bbox 234 2429 297 2461; x_wconf 85' lang='lat' dir='ltr'><strong>bus,</strong></span> <span class='ocrx_word' id='word_1_318' title='bbox 311 2429 522 2456; x_wconf 88' lang='lat' dir='ltr'><strong>exstimulantur</strong></span> <span class='ocrx_word' id='word_1_319' title='bbox 539 2428 682 2464; x_wconf 75' lang='lat' dir='ltr'><strong>magisque</strong></span> <span class='ocrx_word' id='word_1_320' title='bbox 693 2426 853 2458; x_wconf 61' lang='lat' dir='ltr'><strong>efferantur,</strong></span> <span class='ocrx_word' id='word_1_321' title='bbox 863 2425 946 2453; x_wconf 89' lang='lat' dir='ltr'><strong>animi</strong></span> <span class='ocrx_word' id='word_1_322' title='bbox 961 2433 1024 2461; x_wconf 91' lang='lat' dir='ltr'><strong>per-</strong></span> 
     </span>
    </p>
   </div>
   <div class='ocr_carea' id='block_1_52' title="bbox 236 2473 1026 2510">
    <p class='ocr_par' dir='ltr' id='par_1_52' title="bbox 236 2473 1026 2510">
     <span class='ocr_line' id='line_1_52' title="bbox 236 2473 1026 2510; baseline -0.005 -7"><span class='ocrx_word' id='word_1_323' title='bbox 236 2475 416 2503; x_wconf 86' lang='lat' dir='ltr'><strong>turbationes.</strong></span> <span class='ocrx_word' id='word_1_324' title='bbox 437 2475 526 2510; x_wconf 87' lang='lat' dir='ltr'><strong>Atque</strong></span> <span class='ocrx_word' id='word_1_325' title='bbox 554 2474 653 2502; x_wconf 90' lang='lat' dir='ltr'><strong>horum</strong></span> <span class='ocrx_word' id='word_1_326' title='bbox 675 2473 828 2501; x_wconf 82' lang='lat' dir='ltr'><strong>facinorum</strong></span> <span class='ocrx_word' id='word_1_327' title='bbox 850 2478 934 2500; x_wconf 86' lang='lat' dir='ltr'><strong>testes</strong></span> <span class='ocrx_word' id='word_1_328' title='bbox 961 2476 1026 2500; x_wconf 89' lang='lat' dir='ltr'><strong>sunt</strong></span> 
     </span>
    </p>
   </div>
   <div class='ocr_carea' id='block_1_53' title="bbox 236 2518 1027 2556">
    <p class='ocr_par' dir='ltr' id='par_1_53' title="bbox 236 2518 1027 2556">
     <span class='ocr_line' id='line_1_53' title="bbox 236 2518 1027 2556; baseline -0.003 -8"><span class='ocrx_word' id='word_1_329' title='bbox 236 2521 406 2555; x_wconf 86' lang='lat' dir='ltr'><strong>complures,</strong></span> <span class='ocrx_word' id='word_1_330' title='bbox 432 2528 548 2556; x_wconf 90' lang='lat' dir='ltr'><strong>quorum</strong></span> <span class='ocrx_word' id='word_1_331' title='bbox 571 2520 680 2555; x_wconf 88' lang='lat' dir='ltr'><strong>quidem</strong></span> <span class='ocrx_word' id='word_1_332' title='bbox 708 2519 822 2554; x_wconf 88' lang='lat' dir='ltr'><strong>aliquot,</strong></span> <span class='ocrx_word' id='word_1_333' title='bbox 849 2518 914 2546; x_wconf 90' lang='lat' dir='ltr'><strong>dum</strong></span> <span class='ocrx_word' id='word_1_334' title='bbox 936 2518 1027 2546; x_wconf 86' lang='lat' dir='ltr'><strong>adhuc</strong></span> 
     </span>
    </p>
   </div>
   <div class='ocr_carea' id='block_1_54' title="bbox 237 2564 1027 2602">
    <p class='ocr_par' dir='ltr' id='par_1_54' title="bbox 237 2564 1027 2602">
     <span class='ocr_line' id='line_1_54' title="bbox 237 2564 1027 2602; baseline -0.004 -7"><span class='ocrx_word' id='word_1_335' title='bbox 237 2566 437 2602; x_wconf 82' lang='lat' dir='ltr'><strong>superviveret,</strong></span> <span class='ocrx_word' id='word_1_336' title='bbox 457 2568 572 2600; x_wconf 87' lang='lat' dir='ltr'><strong>curavit,</strong></span> <span class='ocrx_word' id='word_1_337' title='bbox 593 2567 727 2600; x_wconf 55' lang='lat' dir='ltr'><strong>bonaeque</strong></span> <span class='ocrx_word' id='word_1_338' title='bbox 746 2564 894 2593; x_wconf 86' lang='lat' dir='ltr'><strong>valetudini</strong></span> <span class='ocrx_word' id='word_1_339' title='bbox 907 2564 1027 2592; x_wconf 89' lang='lat' dir='ltr'><strong>restituit</strong></span> 
     </span>
    </p>
   </div>
   <div class='ocr_carea' id='block_1_55' title="bbox 237 2608 1028 2646">
    <p class='ocr_par' dir='ltr' id='par_1_55' title="bbox 237 2608 1028 2646">
     <span class='ocr_line' id='line_1_55' title="bbox 237 2608 1028 2646; baseline -0.005 -7"><span class='ocrx_word' id='word_1_340' title='bbox 237 2612 404 2639; x_wconf 84' lang='lat' dir='ltr'><strong>Athanasius</strong></span> <span class='ocrx_word' id='word_1_341' title='bbox 419 2620 426 2639; x_wconf 94' lang='lat'>:</span> <span class='ocrx_word' id='word_1_342' title='bbox 442 2613 545 2646; x_wconf 87' lang='lat' dir='ltr'><strong>aliquot</strong></span> <span class='ocrx_word' id='word_1_343' title='bbox 558 2611 651 2644; x_wconf 79' lang='lat' dir='ltr'><strong>etiam,</strong></span> <span class='ocrx_word' id='word_1_344' title='bbox 668 2609 715 2645; x_wconf 90' lang='lat' dir='ltr'><strong>qui</strong></span> <span class='ocrx_word' id='word_1_345' title='bbox 730 2609 837 2637; x_wconf 87' lang='lat' dir='ltr'><strong>ardenti</strong></span> <span class='ocrx_word' id='word_1_346' title='bbox 851 2616 913 2636; x_wconf 89' lang='lat' dir='ltr'><strong>cum</strong></span> <span class='ocrx_word' id='word_1_347' title='bbox 924 2608 976 2636; x_wconf 83' lang='lat' dir='ltr'><strong>ﬁde</strong></span> <span class='ocrx_word' id='word_1_348' title='bbox 995 2616 1028 2636; x_wconf 88' lang='lat' dir='ltr'><strong>ac</strong></span> 
     </span>
    </p>
   </div>
   <div class='ocr_carea' id='block_1_56' title="bbox 238 2655 1026 2692">
    <p class='ocr_par' dir='ltr' id='par_1_56' title="bbox 238 2655 1026 2692">
     <span class='ocr_line' id='line_1_56' title="bbox 238 2655 1026 2692; baseline -0.004 -6"><span class='ocrx_word' id='word_1_349' title='bbox 238 2658 374 2686; x_wconf 84' lang='lat' dir='ltr'><strong>desiderio</strong></span> <span class='ocrx_word' id='word_1_350' title='bbox 388 2661 565 2685; x_wconf 88' lang='lat' dir='ltr'><strong>accesserunt</strong></span> <span class='ocrx_word' id='word_1_351' title='bbox 576 2657 609 2684; x_wconf 89' lang='lat' dir='ltr'><strong>ad</strong></span> <span class='ocrx_word' id='word_1_352' title='bbox 626 2657 685 2692; x_wconf 85' lang='lat' dir='ltr'><strong>ejus</strong></span> <span class='ocrx_word' id='word_1_353' title='bbox 697 2655 865 2691; x_wconf 87' lang='lat' dir='ltr'><strong>sepulcrum,</strong></span> <span class='ocrx_word' id='word_1_354' title='bbox 887 2663 948 2683; x_wconf 91' lang='lat' dir='ltr'><strong>cum</strong></span> <span class='ocrx_word' id='word_1_355' title='bbox 968 2655 1026 2690; x_wconf 88' lang='lat' dir='ltr'><strong>jam</strong></span> 
     </span>
    </p>
   </div>
   <div class='ocr_carea' id='block_1_57' title="bbox 238 2703 1021 2738">
    <p class='ocr_par' dir='ltr' id='par_1_57' title="bbox 238 2703 1021 2738">
     <span class='ocr_line' id='line_1_57' title="bbox 238 2703 1021 2738; baseline -0.001 -8"><span class='ocrx_word' id='word_1_356' title='bbox 238 2703 273 2731; x_wconf 88' lang='lat' dir='ltr'><strong>ad</strong></span> <span class='ocrx_word' id='word_1_357' title='bbox 290 2703 442 2737; x_wconf 82' lang='lat' dir='ltr'><strong>Christum,</strong></span> <span class='ocrx_word' id='word_1_358' title='bbox 462 2711 543 2738; x_wconf 85' lang='lat' dir='ltr'><strong>quem</strong></span> <span class='ocrx_word' id='word_1_359' title='bbox 561 2704 774 2735; x_wconf 87' lang='lat' dir='ltr'><strong>desideraverat,</strong></span> <span class='ocrx_word' id='word_1_360' title='bbox 791 2703 1021 2738; x_wconf 83' lang='lat' dir='ltr'><strong>transmigrassct,</strong></span> 
     </span>
    </p>
   </div>
   <div class='ocr_carea' id='block_1_58' title="bbox 240 2748 1026 2785">
    <p class='ocr_par' dir='ltr' id='par_1_58' title="bbox 240 2748 1026 2785">
     <span class='ocr_line' id='line_1_58' title="bbox 240 2748 1026 2785; baseline -0.003 -9"><span class='ocrx_word' id='word_1_361' title='bbox 240 2753 353 2785; x_wconf 86' lang='lat' dir='ltr'><strong>propter</strong></span> <span class='ocrx_word' id='word_1_362' title='bbox 363 2757 445 2785; x_wconf 88' lang='lat' dir='ltr'><strong>quem</strong></span> <span class='ocrx_word' id='word_1_363' title='bbox 461 2754 639 2785; x_wconf 84' lang='lat' dir='ltr'><strong>exoptaverat</strong></span> <span class='ocrx_word' id='word_1_364' title='bbox 653 2750 794 2784; x_wconf 89' lang='lat' dir='ltr'><strong>corporeis</strong></span> <span class='ocrx_word' id='word_1_365' title='bbox 808 2749 927 2777; x_wconf 89' lang='lat' dir='ltr'><strong>vinculis</strong></span> <span class='ocrx_word' id='word_1_366' title='bbox 937 2748 1026 2776; x_wconf 76' lang='lat' dir='ltr'><strong>exsol-</strong></span> 
     </span>
    </p>
   </div>
   <div class='ocr_carea' id='block_1_59' title="bbox 240 2794 1024 2829">
    <p class='ocr_par' dir='ltr' id='par_1_59' title="bbox 240 2794 1024 2829">
     <span class='ocr_line' id='line_1_59' title="bbox 240 2794 1024 2829; baseline -0.003 -7"><span class='ocrx_word' id='word_1_367' title='bbox 240 2796 278 2829; x_wconf 83' lang='lat' dir='ltr'><strong>vi,</strong></span> <span class='ocrx_word' id='word_1_368' title='bbox 296 2795 335 2823; x_wconf 90' lang='lat' dir='ltr'><strong>uti</strong></span> <span class='ocrx_word' id='word_1_369' title='bbox 355 2795 467 2823; x_wconf 86' lang='lat' dir='ltr'><strong>liberius</strong></span> <span class='ocrx_word' id='word_1_370' title='bbox 485 2803 517 2823; x_wconf 90' lang='lat' dir='ltr'><strong>ac</strong></span> <span class='ocrx_word' id='word_1_371' title='bbox 537 2795 658 2823; x_wconf 88' lang='lat' dir='ltr'><strong>sanctius</strong></span> <span class='ocrx_word' id='word_1_372' title='bbox 682 2795 718 2821; x_wconf 87' lang='lat' dir='ltr'><strong>illi</strong></span> <span class='ocrx_word' id='word_1_373' title='bbox 735 2795 887 2823; x_wconf 87' lang='lat' dir='ltr'><strong>eonvivens</strong></span> <span class='ocrx_word' id='word_1_374' title='bbox 902 2794 1024 2829; x_wconf 85' lang='lat' dir='ltr'><strong>ejusdem</strong></span> 
     </span>
    </p>
   </div>
   <div class='ocr_carea' id='block_1_60' title="bbox 279 2884 722 2919">
    <p class='ocr_par' dir='ltr' id='par_1_60' title="bbox 279 2884 722 2919">
     <span class='ocr_line' id='line_1_60' title="bbox 279 2884 722 2919; baseline -0.005 -6"><span class='ocrx_word' id='word_1_375' title='bbox 279 2884 300 2900; x_wconf 86' lang='lat'>“</span> <span class='ocrx_word' id='word_1_376' title='bbox 318 2885 413 2914; x_wconf 78' lang='lat' dir='ltr'><strong>Matth.</strong></span> <span class='ocrx_word' id='word_1_377' title='bbox 429 2894 456 2914; x_wconf 83' lang='lat' dir='ltr'><strong>v.</strong></span> <span class='ocrx_word' id='word_1_378' title='bbox 494 2887 515 2903; x_wconf 83' lang='lat'>&quot;</span> <span class='ocrx_word' id='word_1_379' title='bbox 529 2887 597 2914; x_wconf 86' lang='lat' dir='ltr'><strong>Dan.</strong></span> <span class='ocrx_word' id='word_1_380' title='bbox 625 2894 660 2919; x_wconf 87' lang='lat' dir='ltr'><strong>tx,</strong></span> <span class='ocrx_word' id='word_1_381' title='bbox 678 2885 722 2912; x_wconf 68' lang='grc'><strong>25.</strong></span> 
     </span>
    </p>
   </div>
   <div class='ocr_carea' id='block_1_61' title="bbox 1051 279 1842 316">
    <p class='ocr_par' dir='ltr' id='par_1_61' title="bbox 1051 279 1842 316">
     <span class='ocr_line' id='line_1_61' title="bbox 1051 279 1842 316; baseline 0.005 -11"><span class='ocrx_word' id='word_1_382' title='bbox 1051 286 1111 305; x_wconf 85' lang='lat' dir='ltr'><strong>eam</strong></span> <span class='ocrx_word' id='word_1_383' title='bbox 1133 279 1284 314; x_wconf 85' lang='lat' dir='ltr'><strong>duramque</strong></span> <span class='ocrx_word' id='word_1_384' title='bbox 1309 281 1372 308; x_wconf 70' lang='lat' dir='ltr'><strong>vitm</strong></span> <span class='ocrx_word' id='word_1_385' title='bbox 1385 281 1530 313; x_wconf 86' lang='lat' dir='ltr'><strong>rationem,</strong></span> <span class='ocrx_word' id='word_1_386' title='bbox 1549 281 1636 308; x_wconf 84' lang='lat' dir='ltr'><strong>zelum</strong></span> <span class='ocrx_word' id='word_1_387' title='bbox 1653 289 1772 316; x_wconf 86' lang='lat' dir='ltr'><strong>quoque,</strong></span> <span class='ocrx_word' id='word_1_388' title='bbox 1796 283 1842 310; x_wconf 88' lang='lat' dir='ltr'><strong>sed</strong></span> 
     </span>
    </p>
   </div>
   <div class='ocr_carea' id='block_1_62' title="bbox 1050 324 1840 360">
    <p class='ocr_par' dir='ltr' id='par_1_62' title="bbox 1050 324 1840 360">
     <span class='ocr_line' id='line_1_62' title="bbox 1050 324 1840 360; baseline 0.004 -10"><span class='ocrx_word' id='word_1_389' title='bbox 1050 331 1105 350; x_wconf 90' lang='lat' dir='ltr'><strong>non</strong></span> <span class='ocrx_word' id='word_1_390' title='bbox 1128 324 1205 359; x_wconf 80' lang='lat' dir='ltr'><strong>ignes</strong></span> <span class='ocrx_word' id='word_1_391' title='bbox 1220 325 1415 360; x_wconf 87' lang='lat' dir='ltr'><strong>exspirantem,</strong></span> <span class='ocrx_word' id='word_1_392' title='bbox 1437 330 1479 353; x_wconf 89' lang='lat' dir='ltr'><strong>est</strong></span> <span class='ocrx_word' id='word_1_393' title='bbox 1501 327 1632 357; x_wconf 88' lang='lat' dir='ltr'><strong>itnitatus,</strong></span> <span class='ocrx_word' id='word_1_394' title='bbox 1653 334 1742 360; x_wconf 87' lang='lat' dir='ltr'><strong>neque</strong></span> <span class='ocrx_word' id='word_1_395' title='bbox 1761 328 1840 353; x_wconf 86' lang='lat' dir='ltr'><strong>etiam</strong></span> 
     </span>
    </p>
   </div>
   <div class='ocr_carea' id='block_1_63' title="bbox 1051 369 1839 406">
    <p class='ocr_par' dir='ltr' id='par_1_63' title="bbox 1051 369 1839 406">
     <span class='ocr_line' id='line_1_63' title="bbox 1051 369 1839 406; baseline 0.004 -11"><span class='ocrx_word' id='word_1_396' title='bbox 1051 369 1173 397; x_wconf 81' lang='lat' dir='ltr'><strong>flammas</strong></span> <span class='ocrx_word' id='word_1_397' title='bbox 1188 370 1222 397; x_wconf 86' lang='lat' dir='ltr'><strong>de</strong></span> <span class='ocrx_word' id='word_1_398' title='bbox 1236 371 1376 405; x_wconf 84' lang='lat' dir='ltr'><strong>superiore</strong></span> <span class='ocrx_word' id='word_1_399' title='bbox 1389 372 1447 399; x_wconf 88' lang='lat' dir='ltr'><strong>loco</strong></span> <span class='ocrx_word' id='word_1_400' title='bbox 1462 372 1611 403; x_wconf 85' lang='lat' dir='ltr'><strong>deducens,</strong></span> <span class='ocrx_word' id='word_1_401' title='bbox 1622 372 1775 406; x_wconf 87' lang='lat' dir='ltr'><strong>impiosque</strong></span> <span class='ocrx_word' id='word_1_402' title='bbox 1784 380 1839 398; x_wconf 70' lang='grc' dir='ltr'><strong>(εει--</strong></span> 
     </span>
    </p>
   </div>
   <div class='ocr_carea' id='block_1_64' title="bbox 1050 414 1841 451">
    <p class='ocr_par' dir='ltr' id='par_1_64' title="bbox 1050 414 1841 451">
     <span class='ocr_line' id='line_1_64' title="bbox 1050 414 1841 451; baseline 0.005 -11"><span class='ocrx_word' id='word_1_403' title='bbox 1050 414 1165 441; x_wconf 83' lang='lat' dir='ltr'><strong>lestibus</strong></span> <span class='ocrx_word' id='word_1_404' title='bbox 1198 415 1332 443; x_wconf 81' lang='lat' dir='ltr'><strong>incendiis</strong></span> <span class='ocrx_word' id='word_1_405' title='bbox 1363 417 1529 444; x_wconf 87' lang='lat' dir='ltr'><strong>comburens</strong></span> <span class='ocrx_word' id='word_1_406' title='bbox 1556 425 1562 444; x_wconf 91' lang='lat'>:</span> <span class='ocrx_word' id='word_1_407' title='bbox 1586 425 1675 451; x_wconf 88' lang='lat' dir='ltr'><strong>neque</strong></span> <span class='ocrx_word' id='word_1_408' title='bbox 1704 417 1841 451; x_wconf 86' lang='lat' dir='ltr'><strong>injuriosis</strong></span> 
     </span>
    </p>
   </div>
   <div class='ocr_carea' id='block_1_65' title="bbox 1050 460 1840 497">
    <p class='ocr_par' dir='ltr' id='par_1_65' title="bbox 1050 460 1840 497">
     <span class='ocr_line' id='line_1_65' title="bbox 1050 460 1840 497; baseline 0.003 -10"><span class='ocrx_word' id='word_1_409' title='bbox 1050 460 1222 487; x_wconf 88' lang='lat' dir='ltr'><strong>contumeliis</strong></span> <span class='ocrx_word' id='word_1_410' title='bbox 1236 461 1423 489; x_wconf 85' lang='lat' dir='ltr'><strong>conviciantes</strong></span> <span class='ocrx_word' id='word_1_411' title='bbox 1436 462 1572 489; x_wconf 84' lang='lat' dir='ltr'><strong>exhibens</strong></span> <span class='ocrx_word' id='word_1_412' title='bbox 1583 463 1694 497; x_wconf 89' lang='lat' dir='ltr'><strong>epulum</strong></span> <span class='ocrx_word' id='word_1_413' title='bbox 1708 463 1774 489; x_wconf 87' lang='lat' dir='ltr'><strong>feris</strong></span> <span class='ocrx_word' id='word_1_414' title='bbox 1781 471 1840 490; x_wconf 90' lang='lat' dir='ltr'><strong>san-</strong></span> 
     </span>
    </p>
   </div>
   <div class='ocr_carea' id='block_1_66' title="bbox 1047 506 1840 543">
    <p class='ocr_par' dir='ltr' id='par_1_66' title="bbox 1047 506 1840 543">
     <span class='ocr_line' id='line_1_66' title="bbox 1047 506 1840 543; baseline 0.004 -11"><span class='ocrx_word' id='word_1_415' title='bbox 1047 506 1178 541; x_wconf 86' lang='lat' dir='ltr'><strong>guinariis</strong></span> <span class='ocrx_word' id='word_1_416' title='bbox 1201 507 1273 542; x_wconf 91' lang='lat' dir='ltr'><strong>(nam</strong></span> <span class='ocrx_word' id='word_1_417' title='bbox 1303 507 1384 534; x_wconf 92' lang='lat' dir='ltr'><strong>etiam</strong></span> <span class='ocrx_word' id='word_1_418' title='bbox 1405 508 1463 535; x_wconf 66' lang='lat' dir='ltr'><strong>haec</strong></span> <span class='ocrx_word' id='word_1_419' title='bbox 1480 508 1592 542; x_wconf 87' lang='lat' dir='ltr'><strong>antiqua</strong></span> <span class='ocrx_word' id='word_1_420' title='bbox 1611 508 1655 535; x_wconf 91' lang='lat' dir='ltr'><strong>illa</strong></span> <span class='ocrx_word' id='word_1_421' title='bbox 1676 509 1840 543; x_wconf 87' lang='lat' dir='ltr'><strong>exposeebat</strong></span> 
     </span>
    </p>
   </div>
   <div class='ocr_carea' id='block_1_67' title="bbox 1047 552 1838 585">
    <p class='ocr_par' dir='ltr' id='par_1_67' title="bbox 1047 552 1838 585">
     <span class='ocr_line' id='line_1_67' title="bbox 1047 552 1838 585; baseline 0.003 -6"><span class='ocrx_word' id='word_1_422' title='bbox 1047 558 1113 580; x_wconf 57' lang='lat' dir='ltr'><strong>artas</strong></span> <span class='ocrx_word' id='word_1_423' title='bbox 1126 573 1132 585; x_wconf 93' lang='lat'><strong>,</strong></span> <span class='ocrx_word' id='word_1_424' title='bbox 1156 552 1211 580; x_wconf 83' lang='lat' dir='ltr'><strong>Deo</strong></span> <span class='ocrx_word' id='word_1_425' title='bbox 1231 554 1389 581; x_wconf 90' lang='lat' dir='ltr'><strong>vulneribus</strong></span> <span class='ocrx_word' id='word_1_426' title='bbox 1415 554 1545 582; x_wconf 88' lang='lat' dir='ltr'><strong>curandis</strong></span> <span class='ocrx_word' id='word_1_427' title='bbox 1562 554 1698 581; x_wconf 81' lang='lat' dir='ltr'><strong>severiora</strong></span> <span class='ocrx_word' id='word_1_428' title='bbox 1721 554 1838 581; x_wconf 87' lang='lat' dir='ltr'><strong>remedia</strong></span> 
     </span>
    </p>
   </div>
   <div class='ocr_carea' id='block_1_68' title="bbox 1049 598 1840 634">
    <p class='ocr_par' dir='ltr' id='par_1_68' title="bbox 1049 598 1840 634">
     <span class='ocr_line' id='line_1_68' title="bbox 1049 598 1840 634; baseline 0.001 -9"><span class='ocrx_word' id='word_1_429' title='bbox 1049 598 1274 634; x_wconf 81' lang='lat' dir='ltr'><strong>adhibente),sed</strong></span> <span class='ocrx_word' id='word_1_430' title='bbox 1303 599 1441 634; x_wconf 85' lang='lat' dir='ltr'><strong>gravibus,</strong></span> <span class='ocrx_word' id='word_1_431' title='bbox 1459 607 1520 634; x_wconf 71' lang='lat' dir='ltr'><strong>qum</strong></span> <span class='ocrx_word' id='word_1_432' title='bbox 1537 600 1615 627; x_wconf 85' lang='lat' dir='ltr'><strong>talem</strong></span> <span class='ocrx_word' id='word_1_433' title='bbox 1638 599 1771 627; x_wconf 75' lang='lat' dir='ltr'><strong>decebant</strong></span> <span class='ocrx_word' id='word_1_434' title='bbox 1791 599 1840 626; x_wconf 68' lang='lat' dir='ltr'><strong>do~</strong></span> 
     </span>
    </p>
   </div>
   <div class='ocr_carea' id='block_1_69' title="bbox 1054 644 1829 680">
    <p class='ocr_par' dir='ltr' id='par_1_69' title="bbox 1054 644 1829 680">
     <span class='ocr_line' id='line_1_69' title="bbox 1054 644 1829 680; baseline -0.001 -8"><span class='ocrx_word' id='word_1_435' title='bbox 1054 650 1170 678; x_wconf 88' lang='lat' dir='ltr'><strong>ctorem,</strong></span> <span class='ocrx_word' id='word_1_436' title='bbox 1190 645 1325 680; x_wconf 82' lang='lat' dir='ltr'><strong>alloquiis,</strong></span> <span class='ocrx_word' id='word_1_437' title='bbox 1350 646 1447 672; x_wconf 68' lang='lat' dir='ltr'><strong>divinae</strong></span> <span class='ocrx_word' id='word_1_438' title='bbox 1469 645 1608 680; x_wconf 55' lang='lat' dir='ltr'><strong>sapientiae.</strong></span> <span class='ocrx_word' id='word_1_439' title='bbox 1627 645 1682 672; x_wconf 91' lang='lat' dir='ltr'><strong>sale</strong></span> <span class='ocrx_word' id='word_1_440' title='bbox 1696 644 1829 676; x_wconf 83' lang='lat' dir='ltr'><strong>conditis.</strong></span> 
     </span>
    </p>
   </div>
   <div class='ocr_carea' id='block_1_70' title="bbox 1052 690 1830 725">
    <p class='ocr_par' dir='ltr' id='par_1_70' title="bbox 1052 690 1830 725">
     <span class='ocr_line' id='line_1_70' title="bbox 1052 690 1830 725; baseline 0 -8"><span class='ocrx_word' id='word_1_441' title='bbox 1052 690 1168 725; x_wconf 62' lang='lat' dir='ltr'><strong>vitaeque</strong></span> <span class='ocrx_word' id='word_1_442' title='bbox 1189 691 1305 718; x_wconf 67' lang='lat' dir='ltr'><strong>innoxiae</strong></span> <span class='ocrx_word' id='word_1_443' title='bbox 1323 691 1464 723; x_wconf 88' lang='lat' dir='ltr'><strong>consonis,</strong></span> <span class='ocrx_word' id='word_1_444' title='bbox 1487 691 1641 725; x_wconf 84' lang='lat' dir='ltr'><strong>complures</strong></span> <span class='ocrx_word' id='word_1_445' title='bbox 1659 690 1830 718; x_wconf 85' lang='lat' dir='ltr'><strong>facinorosos</strong></span> 
     </span>
    </p>
   </div>
   <div class='ocr_carea' id='block_1_71' title="bbox 1053 735 1842 771">
    <p class='ocr_par' dir='ltr' id='par_1_71' title="bbox 1053 735 1842 771">
     <span class='ocr_line' id='line_1_71' title="bbox 1053 735 1842 771; baseline 0.001 -9"><span class='ocrx_word' id='word_1_446' title='bbox 1053 735 1085 762; x_wconf 90' lang='lat' dir='ltr'><strong>ad</strong></span> <span class='ocrx_word' id='word_1_447' title='bbox 1108 736 1207 763; x_wconf 90' lang='lat' dir='ltr'><strong>bonam</strong></span> <span class='ocrx_word' id='word_1_448' title='bbox 1234 735 1340 769; x_wconf 77' lang='lat' dir='ltr'><strong>frugem</strong></span> <span class='ocrx_word' id='word_1_449' title='bbox 1368 736 1623 771; x_wconf 75' lang='lat' dir='ltr'><strong>corrigensznovit</strong></span> <span class='ocrx_word' id='word_1_450' title='bbox 1660 737 1732 763; x_wconf 89' lang='lat' dir='ltr'><strong>enim</strong></span> <span class='ocrx_word' id='word_1_451' title='bbox 1768 744 1842 764; x_wconf 89' lang='lat' dir='ltr'><strong>more</strong></span> 
     </span>
    </p>
   </div>
   <div class='ocr_carea' id='block_1_72' title="bbox 1053 779 1844 816">
    <p class='ocr_par' dir='ltr' id='par_1_72' title="bbox 1053 779 1844 816">
     <span class='ocr_line' id='line_1_72' title="bbox 1053 779 1844 816; baseline 0.003 -10"><span class='ocrx_word' id='word_1_452' title='bbox 1053 779 1156 807; x_wconf 84' lang='lat' dir='ltr'><strong>Christi</strong></span> <span class='ocrx_word' id='word_1_453' title='bbox 1183 780 1290 807; x_wconf 84' lang='lat' dir='ltr'><strong>Domini</strong></span> <span class='ocrx_word' id='word_1_454' title='bbox 1327 780 1470 815; x_wconf 82' lang='lat' dir='ltr'><strong>pacificare</strong></span> <span class='ocrx_word' id='word_1_455' title='bbox 1497 788 1545 808; x_wconf 81' lang='lat' dir='ltr'><strong>eos</strong></span> <span class='ocrx_word' id='word_1_456' title='bbox 1567 781 1613 816; x_wconf 91' lang='lat' dir='ltr'><strong>qui</strong></span> <span class='ocrx_word' id='word_1_457' title='bbox 1639 786 1704 808; x_wconf 86' lang='lat' dir='ltr'><strong>sunt</strong></span> <span class='ocrx_word' id='word_1_458' title='bbox 1727 781 1844 816; x_wconf 90' lang='lat' dir='ltr'><strong>Spiritus</strong></span> 
     </span>
    </p>
   </div>
   <div class='ocr_carea' id='block_1_73' title="bbox 1054 825 1842 859">
    <p class='ocr_par' dir='ltr' id='par_1_73' title="bbox 1054 825 1842 859">
     <span class='ocr_line' id='line_1_73' title="bbox 1054 825 1842 859; baseline 0.003 -7"><span class='ocrx_word' id='word_1_459' title='bbox 1054 825 1100 852; x_wconf 84' lang='lat' dir='ltr'><strong>filii</strong></span> <span class='ocrx_word' id='word_1_460' title='bbox 1115 826 1146 853; x_wconf 87' lang='lat'><strong>“.</strong></span> <span class='ocrx_word' id='word_1_461' title='bbox 1169 826 1231 853; x_wconf 83' lang='lat' dir='ltr'><strong>Fuit</strong></span> <span class='ocrx_word' id='word_1_462' title='bbox 1245 827 1326 854; x_wconf 91' lang='lat' dir='ltr'><strong>etiam</strong></span> <span class='ocrx_word' id='word_1_463' title='bbox 1340 827 1392 859; x_wconf 90' lang='lat' dir='ltr'><strong>vir,</strong></span> <span class='ocrx_word' id='word_1_464' title='bbox 1411 827 1520 854; x_wconf 88' lang='lat' dir='ltr'><strong>beatum</strong></span> <span class='ocrx_word' id='word_1_465' title='bbox 1537 827 1676 854; x_wconf 89' lang='lat' dir='ltr'><strong>Danielem</strong></span> <span class='ocrx_word' id='word_1_466' title='bbox 1688 832 1800 854; x_wconf 83' lang='lat' dir='ltr'><strong>secutus</strong></span> <span class='ocrx_word' id='word_1_467' title='bbox 1811 827 1842 859; x_wconf 83' lang='lat'><strong>&quot;,</strong></span> 
     </span>
    </p>
   </div>
   <div class='ocr_carea' id='block_1_74' title="bbox 1055 871 1843 907">
    <p class='ocr_par' dir='ltr' id='par_1_74' title="bbox 1055 871 1843 907">
     <span class='ocr_line' id='line_1_74' title="bbox 1055 871 1843 907; baseline 0.004 -10"><span class='ocrx_word' id='word_1_468' title='bbox 1055 871 1221 905; x_wconf 83' lang='lat' dir='ltr'><strong>spiritalium</strong></span> <span class='ocrx_word' id='word_1_469' title='bbox 1238 871 1448 904; x_wconf 89' lang='lat' dir='ltr'><strong>desideriorum,</strong></span> <span class='ocrx_word' id='word_1_470' title='bbox 1464 872 1580 899; x_wconf 88' lang='lat' dir='ltr'><strong>viriliter</strong></span> <span class='ocrx_word' id='word_1_471' title='bbox 1595 873 1734 907; x_wconf 85' lang='lat' dir='ltr'><strong>corporeis</strong></span> <span class='ocrx_word' id='word_1_472' title='bbox 1753 873 1843 900; x_wconf 85' lang='lat' dir='ltr'><strong>illece-</strong></span> 
     </span>
    </p>
   </div>
   <div class='ocr_carea' id='block_1_75' title="bbox 1053 916 1843 954">
    <p class='ocr_par' dir='ltr' id='par_1_75' title="bbox 1053 916 1843 954">
     <span class='ocr_line' id='line_1_75' title="bbox 1053 916 1843 954; baseline 0.005 -12"><span class='ocrx_word' id='word_1_473' title='bbox 1053 916 1109 943; x_wconf 91' lang='lat' dir='ltr'><strong>bris</strong></span> <span class='ocrx_word' id='word_1_474' title='bbox 1126 916 1274 950; x_wconf 80' lang='lat' dir='ltr'><strong>obsistens,</strong></span> <span class='ocrx_word' id='word_1_475' title='bbox 1295 922 1322 944; x_wconf 93' lang='lat' dir='ltr'><strong>et</strong></span> <span class='ocrx_word' id='word_1_476' title='bbox 1343 918 1400 945; x_wconf 90' lang='lat' dir='ltr'><strong>sola</strong></span> <span class='ocrx_word' id='word_1_477' title='bbox 1415 918 1507 945; x_wconf 87' lang='lat' dir='ltr'><strong>divina</strong></span> <span class='ocrx_word' id='word_1_478' title='bbox 1527 918 1682 953; x_wconf 82' lang='lat' dir='ltr'><strong>deperiens.</strong></span> <span class='ocrx_word' id='word_1_479' title='bbox 1696 919 1725 946; x_wconf 86' lang='lat' dir='ltr'><strong>in</strong></span> <span class='ocrx_word' id='word_1_480' title='bbox 1745 920 1843 954; x_wconf 85' lang='lat' dir='ltr'><strong>quibus</strong></span> 
     </span>
    </p>
   </div>
   <div class='ocr_carea' id='block_1_76' title="bbox 1054 962 1844 1000">
    <p class='ocr_par' dir='ltr' id='par_1_76' title="bbox 1054 962 1844 1000">
     <span class='ocr_line' id='line_1_76' title="bbox 1054 962 1844 1000; baseline 0.004 -11"><span class='ocrx_word' id='word_1_481' title='bbox 1054 962 1138 990; x_wconf 88' lang='lat' dir='ltr'><strong>Deum</strong></span> <span class='ocrx_word' id='word_1_482' title='bbox 1167 963 1338 991; x_wconf 81' lang='lat' dir='ltr'><strong>manifestius</strong></span> <span class='ocrx_word' id='word_1_483' title='bbox 1362 964 1506 992; x_wconf 88' lang='lat' dir='ltr'><strong>inveniret.</strong></span> <span class='ocrx_word' id='word_1_484' title='bbox 1537 965 1609 992; x_wconf 90' lang='lat' dir='ltr'><strong>Idem</strong></span> <span class='ocrx_word' id='word_1_485' title='bbox 1628 974 1736 1000; x_wconf 90' lang='lat' dir='ltr'><strong>quoque</strong></span> <span class='ocrx_word' id='word_1_486' title='bbox 1761 967 1844 993; x_wconf 89' lang='lat' dir='ltr'><strong>trium</strong></span> 
     </span>
    </p>
   </div>
   <div class='ocr_carea' id='block_1_77' title="bbox 1053 1008 1844 1046">
    <p class='ocr_par' dir='ltr' id='par_1_77' title="bbox 1053 1008 1844 1046">
     <span class='ocr_line' id='line_1_77' title="bbox 1053 1008 1844 1046; baseline 0.005 -12"><span class='ocrx_word' id='word_1_487' title='bbox 1053 1008 1177 1042; x_wconf 85' lang='lat' dir='ltr'><strong>exemplo</strong></span> <span class='ocrx_word' id='word_1_488' title='bbox 1196 1008 1401 1036; x_wconf 85' lang='lat' dir='ltr'><strong>adulescentum</strong></span> <span class='ocrx_word' id='word_1_489' title='bbox 1417 1009 1489 1044; x_wconf 87' lang='lat' dir='ltr'><strong>apud</strong></span> <span class='ocrx_word' id='word_1_490' title='bbox 1515 1009 1678 1045; x_wconf 85' lang='lat' dir='ltr'><strong>Babylonem</strong></span> <span class='ocrx_word' id='word_1_491' title='bbox 1697 1019 1844 1046; x_wconf 81' lang='lat' dir='ltr'><strong>corporea-</strong></span> 
     </span>
    </p>
   </div>
   <div class='ocr_carea' id='block_1_78' title="bbox 1054 1053 1845 1091">
    <p class='ocr_par' dir='ltr' id='par_1_78' title="bbox 1054 1053 1845 1091">
     <span class='ocr_line' id='line_1_78' title="bbox 1054 1053 1845 1091; baseline 0.006 -12"><span class='ocrx_word' id='word_1_492' title='bbox 1054 1061 1114 1080; x_wconf 93' lang='lat' dir='ltr'><strong>rum</strong></span> <span class='ocrx_word' id='word_1_493' title='bbox 1129 1053 1252 1081; x_wconf 88' lang='lat' dir='ltr'><strong>flammas</strong></span> <span class='ocrx_word' id='word_1_494' title='bbox 1270 1054 1451 1089; x_wconf 88' lang='lat' dir='ltr'><strong>voluptatum,</strong></span> <span class='ocrx_word' id='word_1_495' title='bbox 1461 1055 1544 1082; x_wconf 89' lang='lat' dir='ltr'><strong>veluti</strong></span> <span class='ocrx_word' id='word_1_496' title='bbox 1557 1056 1660 1091; x_wconf 88' lang='lat' dir='ltr'><strong>sopitas</strong></span> <span class='ocrx_word' id='word_1_497' title='bbox 1670 1057 1726 1091; x_wconf 86' lang='lat' dir='ltr'><strong>jam</strong></span> <span class='ocrx_word' id='word_1_498' title='bbox 1740 1057 1845 1084; x_wconf 81' lang='lat' dir='ltr'><strong>favillas</strong></span> 
     </span>
    </p>
   </div>
   <div class='ocr_carea' id='block_1_79' title="bbox 1054 1099 1845 1133">
    <p class='ocr_par' dir='ltr' id='par_1_79' title="bbox 1054 1099 1845 1133">
     <span class='ocr_line' id='line_1_79' title="bbox 1054 1099 1845 1133; baseline 0.006 -8"><span class='ocrx_word' id='word_1_499' title='bbox 1054 1099 1224 1133; x_wconf 86' lang='lat' dir='ltr'><strong>despiciens,</strong></span> <span class='ocrx_word' id='word_1_500' title='bbox 1245 1104 1272 1127; x_wconf 90' lang='lat' dir='ltr'><strong>et</strong></span> <span class='ocrx_word' id='word_1_501' title='bbox 1291 1100 1408 1128; x_wconf 84' lang='lat' dir='ltr'><strong>subinde</strong></span> <span class='ocrx_word' id='word_1_502' title='bbox 1435 1101 1601 1128; x_wconf 87' lang='lat' dir='ltr'><strong>reviviscens</strong></span> <span class='ocrx_word' id='word_1_503' title='bbox 1630 1101 1787 1129; x_wconf 77' lang='lat' dir='ltr'><strong>incendium</strong></span> <span class='ocrx_word' id='word_1_504' title='bbox 1813 1103 1845 1130; x_wconf 88' lang='lat' dir='ltr'><strong>de</strong></span> 
     </span>
    </p>
   </div>
   <div class='ocr_carea' id='block_1_80' title="bbox 1056 1145 1845 1181">
    <p class='ocr_par' dir='ltr' id='par_1_80' title="bbox 1056 1145 1845 1181">
     <span class='ocr_line' id='line_1_80' title="bbox 1056 1145 1845 1181; baseline 0.004 -9"><span class='ocrx_word' id='word_1_505' title='bbox 1056 1145 1147 1172; x_wconf 90' lang='lat' dir='ltr'><strong>subito</strong></span> <span class='ocrx_word' id='word_1_506' title='bbox 1177 1146 1360 1178; x_wconf 87' lang='lat' dir='ltr'><strong>eoneulcavit,</strong></span> <span class='ocrx_word' id='word_1_507' title='bbox 1383 1154 1418 1174; x_wconf 87' lang='lat' dir='ltr'><strong>ne</strong></span> <span class='ocrx_word' id='word_1_508' title='bbox 1442 1154 1495 1181; x_wconf 88' lang='lat' dir='ltr'><strong>qua</strong></span> <span class='ocrx_word' id='word_1_509' title='bbox 1516 1148 1622 1174; x_wconf 90' lang='lat' dir='ltr'><strong>ratione</strong></span> <span class='ocrx_word' id='word_1_510' title='bbox 1646 1147 1698 1174; x_wconf 85' lang='lat' dir='ltr'><strong>sibi</strong></span> <span class='ocrx_word' id='word_1_511' title='bbox 1721 1148 1749 1175; x_wconf 91' lang='lat' dir='ltr'><strong>in</strong></span> <span class='ocrx_word' id='word_1_512' title='bbox 1765 1148 1845 1176; x_wconf 81' lang='lat' dir='ltr'><strong>corde</strong></span> 
     </span>
    </p>
   </div>
   <div class='ocr_carea' id='block_1_81' title="bbox 1058 1191 1846 1228">
    <p class='ocr_par' dir='ltr' id='par_1_81' title="bbox 1058 1191 1846 1228">
     <span class='ocr_line' id='line_1_81' title="bbox 1058 1191 1846 1228; baseline 0.004 -11"><span class='ocrx_word' id='word_1_513' title='bbox 1058 1191 1215 1225; x_wconf 89' lang='lat' dir='ltr'><strong>hujusmodi</strong></span> <span class='ocrx_word' id='word_1_514' title='bbox 1231 1191 1364 1226; x_wconf 83' lang='lat' dir='ltr'><strong>imagines</strong></span> <span class='ocrx_word' id='word_1_515' title='bbox 1382 1192 1604 1225; x_wconf 85' lang='lat' dir='ltr'><strong>immoraremur,</strong></span> <span class='ocrx_word' id='word_1_516' title='bbox 1622 1192 1799 1228; x_wconf 87' lang='lat' dir='ltr'><strong>ipsarumque</strong></span> <span class='ocrx_word' id='word_1_517' title='bbox 1807 1193 1846 1221; x_wconf 58' lang='lat' dir='ltr'><strong>le-</strong></span> 
     </span>
    </p>
   </div>
   <div class='ocr_carea' id='block_1_82' title="bbox 1058 1236 1847 1273">
    <p class='ocr_par' dir='ltr' id='par_1_82' title="bbox 1058 1236 1847 1273">
     <span class='ocr_line' id='line_1_82' title="bbox 1058 1236 1847 1273; baseline 0.001 -9"><span class='ocrx_word' id='word_1_518' title='bbox 1058 1236 1157 1264; x_wconf 86' lang='lat' dir='ltr'><strong>thifera</strong></span> <span class='ocrx_word' id='word_1_519' title='bbox 1190 1237 1401 1273; x_wconf 85' lang='lat' dir='ltr'><strong>contagiosaque</strong></span> <span class='ocrx_word' id='word_1_520' title='bbox 1431 1237 1502 1265; x_wconf 85' lang='lat' dir='ltr'><strong>idola</strong></span> <span class='ocrx_word' id='word_1_521' title='bbox 1529 1237 1653 1265; x_wconf 88' lang='lat' dir='ltr'><strong>venerari</strong></span> <span class='ocrx_word' id='word_1_522' title='bbox 1680 1237 1847 1266; x_wconf 84' lang='lat' dir='ltr'><strong>Athanasius</strong></span> 
     </span>
    </p>
   </div>
   <div class='ocr_carea' id='block_1_83' title="bbox 1058 1281 1208 1309">
    <p class='ocr_par' dir='ltr' id='par_1_83' title="bbox 1058 1281 1208 1309">
     <span class='ocr_line' id='line_1_83' title="bbox 1058 1281 1208 1309; baseline -0.007 0"><span class='ocrx_word' id='word_1_523' title='bbox 1058 1281 1208 1309; x_wconf 89' lang='lat' dir='ltr'><strong>videretur.</strong></span> 
     </span>
    </p>
   </div>
   <div class='ocr_carea' id='block_1_84' title="bbox 1098 1327 1850 1364">
    <p class='ocr_par' dir='ltr' id='par_1_84' title="bbox 1098 1327 1850 1364">
     <span class='ocr_line' id='line_1_84' title="bbox 1098 1327 1850 1364; baseline 0.001 -10"><span class='ocrx_word' id='word_1_524' title='bbox 1098 1328 1141 1355; x_wconf 80' lang='grc'><strong>16.</strong></span> <span class='ocrx_word' id='word_1_525' title='bbox 1155 1327 1231 1360; x_wconf 84' lang='lat' dir='ltr'><strong>Quod</strong></span> <span class='ocrx_word' id='word_1_526' title='bbox 1247 1327 1270 1354; x_wconf 88' lang='lat' dir='ltr'><strong>si</strong></span> <span class='ocrx_word' id='word_1_527' title='bbox 1291 1328 1455 1356; x_wconf 90' lang='lat' dir='ltr'><strong>sanctissimi</strong></span> <span class='ocrx_word' id='word_1_528' title='bbox 1472 1328 1545 1355; x_wconf 89' lang='lat' dir='ltr'><strong>illius</strong></span> <span class='ocrx_word' id='word_1_529' title='bbox 1562 1327 1676 1356; x_wconf 75' lang='lat' dir='ltr'><strong>Ioannis</strong></span> <span class='ocrx_word' id='word_1_530' title='bbox 1692 1328 1758 1364; x_wconf 90' lang='lat' dir='ltr'><strong>(quo</strong></span> <span class='ocrx_word' id='word_1_531' title='bbox 1768 1335 1850 1356; x_wconf 85' lang='lat' dir='ltr'><strong>nemo</strong></span> 
     </span>
    </p>
   </div>
   <div class='ocr_carea' id='block_1_85' title="bbox 1062 1373 1850 1410">
    <p class='ocr_par' dir='ltr' id='par_1_85' title="bbox 1062 1373 1850 1410">
     <span class='ocr_line' id='line_1_85' title="bbox 1062 1373 1850 1410; baseline 0.001 -10"><span class='ocrx_word' id='word_1_532' title='bbox 1062 1373 1135 1401; x_wconf 85' lang='lat' dir='ltr'><strong>inter</strong></span> <span class='ocrx_word' id='word_1_533' title='bbox 1158 1379 1238 1401; x_wconf 85' lang='lat' dir='ltr'><strong>natos</strong></span> <span class='ocrx_word' id='word_1_534' title='bbox 1260 1374 1405 1401; x_wconf 91' lang='lat' dir='ltr'><strong>mulierum</strong></span> <span class='ocrx_word' id='word_1_535' title='bbox 1426 1375 1544 1402; x_wconf 81' lang='lat' dir='ltr'><strong>surrexit</strong></span> <span class='ocrx_word' id='word_1_536' title='bbox 1558 1375 1656 1409; x_wconf 86' lang='lat' dir='ltr'><strong>major,</strong></span> <span class='ocrx_word' id='word_1_537' title='bbox 1671 1375 1716 1409; x_wconf 91' lang='lat' dir='ltr'><strong>qui</strong></span> <span class='ocrx_word' id='word_1_538' title='bbox 1730 1375 1850 1410; x_wconf 85' lang='lat' dir='ltr'><strong>primum</strong></span> 
     </span>
    </p>
   </div>
   <div class='ocr_carea' id='block_1_86' title="bbox 1062 1420 1851 1455">
    <p class='ocr_par' dir='ltr' id='par_1_86' title="bbox 1062 1420 1851 1455">
     <span class='ocr_line' id='line_1_86' title="bbox 1062 1420 1851 1455; baseline 0.001 -9"><span class='ocrx_word' id='word_1_539' title='bbox 1062 1420 1158 1447; x_wconf 89' lang='lat' dir='ltr'><strong>vivens</strong></span> <span class='ocrx_word' id='word_1_540' title='bbox 1180 1420 1251 1454; x_wconf 89' lang='lat' dir='ltr'><strong>apud</strong></span> <span class='ocrx_word' id='word_1_541' title='bbox 1273 1420 1350 1447; x_wconf 89' lang='lat' dir='ltr'><strong>vivos</strong></span> <span class='ocrx_word' id='word_1_542' title='bbox 1363 1439 1370 1451; x_wconf 86' lang='lat'><em>.</em></span> <span class='ocrx_word' id='word_1_543' title='bbox 1395 1420 1494 1448; x_wconf 89' lang='lat' dir='ltr'><strong>deinde</strong></span> <span class='ocrx_word' id='word_1_544' title='bbox 1511 1425 1637 1448; x_wconf 92' lang='lat' dir='ltr'><strong>mortuus</strong></span> <span class='ocrx_word' id='word_1_545' title='bbox 1659 1421 1731 1455; x_wconf 88' lang='lat' dir='ltr'><strong>apud</strong></span> <span class='ocrx_word' id='word_1_546' title='bbox 1750 1420 1851 1447; x_wconf 88' lang='lat' dir='ltr'><strong>inferos</strong></span> 
     </span>
    </p>
   </div>
   <div class='ocr_carea' id='block_1_87' title="bbox 1063 1465 1849 1500">
    <p class='ocr_par' dir='ltr' id='par_1_87' title="bbox 1063 1465 1849 1500">
     <span class='ocr_line' id='line_1_87' title="bbox 1063 1465 1849 1500; baseline 0 -8"><span class='ocrx_word' id='word_1_547' title='bbox 1063 1473 1145 1493; x_wconf 91' lang='lat' dir='ltr'><strong>verus</strong></span> <span class='ocrx_word' id='word_1_548' title='bbox 1161 1465 1261 1493; x_wconf 83' lang='lat' dir='ltr'><strong>Christi</strong></span> <span class='ocrx_word' id='word_1_549' title='bbox 1274 1466 1433 1500; x_wconf 86' lang='lat' dir='ltr'><strong>prodromus</strong></span> <span class='ocrx_word' id='word_1_550' title='bbox 1443 1466 1627 1500; x_wconf 71' lang='lat' dir='ltr'><strong>praecucurrit,</strong></span> <span class='ocrx_word' id='word_1_551' title='bbox 1636 1465 1681 1500; x_wconf 91' lang='lat' dir='ltr'><strong>qui</strong></span> <span class='ocrx_word' id='word_1_552' title='bbox 1694 1465 1849 1492; x_wconf 84' lang='lat' dir='ltr'><strong>venientem</strong></span> 
     </span>
    </p>
   </div>
   <div class='ocr_carea' id='block_1_88' title="bbox 1065 1503 1853 1544">
    <p class='ocr_par' dir='ltr' id='par_1_88' title="bbox 1065 1503 1853 1544">
     <span class='ocr_line' id='line_1_88' title="bbox 1065 1503 1853 1544; baseline 0 -6"><span class='ocrx_word' id='word_1_553' title='bbox 1065 1510 1231 1539; x_wconf 88' lang='lat' dir='ltr'><strong>Salvatorem</strong></span> <span class='ocrx_word' id='word_1_554' title='bbox 1253 1515 1280 1538; x_wconf 87' lang='lat' dir='ltr'><strong>et</strong></span> <span class='ocrx_word' id='word_1_555' title='bbox 1300 1503 1472 1539; x_wconf 85' lang='lat' dir='ltr'><strong>liberatorem</strong></span> <span class='ocrx_word' id='word_1_556' title='bbox 1493 1512 1598 1544; x_wconf 79' lang='lat' dir='ltr'><strong>edixit,</strong></span> <span class='ocrx_word' id='word_1_557' title='bbox 1621 1516 1649 1539; x_wconf 90' lang='lat' dir='ltr'><strong>et</strong></span> <span class='ocrx_word' id='word_1_558' title='bbox 1671 1511 1699 1538; x_wconf 93' lang='lat' dir='ltr'><strong>in</strong></span> <span class='ocrx_word' id='word_1_559' title='bbox 1732 1511 1853 1538; x_wconf 84' lang='lat' dir='ltr'><strong>Jordane</strong></span> 
     </span>
    </p>
   </div>
   <div class='ocr_carea' id='block_1_89' title="bbox 1063 1557 1853 1592">
    <p class='ocr_par' dir='ltr' id='par_1_89' title="bbox 1063 1557 1853 1592">
     <span class='ocr_line' id='line_1_89' title="bbox 1063 1557 1853 1592; baseline 0.003 -9"><span class='ocrx_word' id='word_1_560' title='bbox 1063 1557 1151 1584; x_wconf 89' lang='lat' dir='ltr'><strong>abluit</strong></span> <span class='ocrx_word' id='word_1_561' title='bbox 1161 1557 1246 1589; x_wconf 79' lang='lat' dir='ltr'><strong>illum,</strong></span> <span class='ocrx_word' id='word_1_562' title='bbox 1259 1557 1304 1591; x_wconf 92' lang='lat' dir='ltr'><strong>qui</strong></span> <span class='ocrx_word' id='word_1_563' title='bbox 1314 1562 1487 1592; x_wconf 87' lang='lat' dir='ltr'><strong>peccatorum</strong></span> <span class='ocrx_word' id='word_1_564' title='bbox 1499 1561 1654 1585; x_wconf 91' lang='lat' dir='ltr'><strong>nostrorum</strong></span> <span class='ocrx_word' id='word_1_565' title='bbox 1666 1558 1740 1584; x_wconf 88' lang='lat' dir='ltr'><strong>labes</strong></span> <span class='ocrx_word' id='word_1_566' title='bbox 1752 1558 1853 1585; x_wconf 84' lang='lat' dir='ltr'><strong>ibidem</strong></span> 
     </span>
    </p>
   </div>
   <div class='ocr_carea' id='block_1_90' title="bbox 1064 1602 1853 1638">
    <p class='ocr_par' dir='ltr' id='par_1_90' title="bbox 1064 1602 1853 1638">
     <span class='ocr_line' id='line_1_90' title="bbox 1064 1602 1853 1638; baseline 0.001 -9"><span class='ocrx_word' id='word_1_567' title='bbox 1064 1602 1204 1636; x_wconf 86' lang='lat' dir='ltr'><strong>demersit)</strong></span> <span class='ocrx_word' id='word_1_568' title='bbox 1221 1610 1378 1637; x_wconf 84' lang='lat' dir='ltr'><strong>expressam</strong></span> <span class='ocrx_word' id='word_1_569' title='bbox 1399 1602 1557 1638; x_wconf 87' lang='lat' dir='ltr'><strong>imaginem,</strong></span> <span class='ocrx_word' id='word_1_570' title='bbox 1573 1603 1719 1638; x_wconf 84' lang='lat' dir='ltr'><strong>vivamque</strong></span> <span class='ocrx_word' id='word_1_571' title='bbox 1735 1603 1853 1638; x_wconf 73' lang='lat' dir='ltr'><strong>effigiem</strong></span> 
     </span>
    </p>
   </div>
   <div class='ocr_carea' id='block_1_91' title="bbox 1063 1647 1855 1682">
    <p class='ocr_par' dir='ltr' id='par_1_91' title="bbox 1063 1647 1855 1682">
     <span class='ocr_line' id='line_1_91' title="bbox 1063 1647 1855 1682; baseline -0.003 -6"><span class='ocrx_word' id='word_1_572' title='bbox 1063 1648 1203 1676; x_wconf 90' lang='lat' dir='ltr'><strong>desideres</strong></span> <span class='ocrx_word' id='word_1_573' title='bbox 1224 1647 1342 1679; x_wconf 89' lang='lat' dir='ltr'><strong>intueri;</strong></span> <span class='ocrx_word' id='word_1_574' title='bbox 1364 1647 1411 1674; x_wconf 91' lang='lat' dir='ltr'><strong>tibi</strong></span> <span class='ocrx_word' id='word_1_575' title='bbox 1431 1655 1535 1682; x_wconf 86' lang='lat' dir='ltr'><strong>ponas,</strong></span> <span class='ocrx_word' id='word_1_576' title='bbox 1558 1656 1669 1682; x_wconf 70' lang='lat' dir='ltr'><strong>quaeso,</strong></span> <span class='ocrx_word' id='word_1_577' title='bbox 1695 1648 1730 1675; x_wconf 91' lang='lat' dir='ltr'><strong>ob</strong></span> <span class='ocrx_word' id='word_1_578' title='bbox 1758 1648 1855 1675; x_wconf 91' lang='lat' dir='ltr'><strong>oculos</strong></span> 
     </span>
    </p>
   </div>
   <div class='ocr_carea' id='block_1_92' title="bbox 1065 1693 1854 1728">
    <p class='ocr_par' dir='ltr' id='par_1_92' title="bbox 1065 1693 1854 1728">
     <span class='ocr_line' id='line_1_92' title="bbox 1065 1693 1854 1728; baseline 0.001 -9"><span class='ocrx_word' id='word_1_579' title='bbox 1065 1693 1198 1720; x_wconf 86' lang='lat' dir='ltr'><strong>fluxarum</strong></span> <span class='ocrx_word' id='word_1_580' title='bbox 1216 1697 1441 1728; x_wconf 79' lang='lat' dir='ltr'><strong>terrenarumque</strong></span> <span class='ocrx_word' id='word_1_581' title='bbox 1455 1701 1546 1720; x_wconf 91' lang='lat' dir='ltr'><strong>rerum</strong></span> <span class='ocrx_word' id='word_1_582' title='bbox 1567 1693 1787 1728; x_wconf 83' lang='lat' dir='ltr'><strong>despicientiam,</strong></span> <span class='ocrx_word' id='word_1_583' title='bbox 1800 1693 1854 1720; x_wconf 90' lang='lat' dir='ltr'><strong>cibi</strong></span> 
     </span>
    </p>
   </div>
   <div class='ocr_carea' id='block_1_93' title="bbox 1065 1738 1855 1771">
    <p class='ocr_par' dir='ltr' id='par_1_93' title="bbox 1065 1738 1855 1771">
     <span class='ocr_line' id='line_1_93' title="bbox 1065 1738 1855 1771; baseline -0.003 -4"><span class='ocrx_word' id='word_1_584' title='bbox 1065 1739 1250 1771; x_wconf 80' lang='lat' dir='ltr'><strong>Sobrietatem,</strong></span> <span class='ocrx_word' id='word_1_585' title='bbox 1280 1738 1392 1766; x_wconf 87' lang='lat' dir='ltr'><strong>uberem</strong></span> <span class='ocrx_word' id='word_1_586' title='bbox 1416 1739 1523 1766; x_wconf 89' lang='lat' dir='ltr'><strong>dicendi</strong></span> <span class='ocrx_word' id='word_1_587' title='bbox 1546 1739 1712 1770; x_wconf 79' lang='lat' dir='ltr'><strong>libertatem,</strong></span> <span class='ocrx_word' id='word_1_588' title='bbox 1731 1744 1855 1766; x_wconf 85' lang='lat' dir='ltr'><strong>mentem</strong></span> 
     </span>
    </p>
   </div>
   <div class='ocr_carea' id='block_1_94' title="bbox 1066 1783 1858 1819">
    <p class='ocr_par' dir='ltr' id='par_1_94' title="bbox 1066 1783 1858 1819">
     <span class='ocr_line' id='line_1_94' title="bbox 1066 1783 1858 1819; baseline -0.001 -7"><span class='ocrx_word' id='word_1_589' title='bbox 1066 1785 1147 1812; x_wconf 89' lang='lat' dir='ltr'><strong>nullis</strong></span> <span class='ocrx_word' id='word_1_590' title='bbox 1159 1783 1409 1819; x_wconf 88' lang='lat' dir='ltr'><strong>perturbationibus</strong></span> <span class='ocrx_word' id='word_1_591' title='bbox 1422 1784 1567 1811; x_wconf 84' lang='lat' dir='ltr'><strong>obnoxiam</strong></span> <span class='ocrx_word' id='word_1_592' title='bbox 1583 1793 1590 1818; x_wconf 89' lang='lat'>;</span> <span class='ocrx_word' id='word_1_593' title='bbox 1607 1785 1747 1819; x_wconf 70' lang='lat' dir='ltr'><strong>quomodo</strong></span> <span class='ocrx_word' id='word_1_594' title='bbox 1761 1785 1787 1811; x_wconf 89' lang='lat' dir='ltr'><strong>in</strong></span> <span class='ocrx_word' id='word_1_595' title='bbox 1802 1784 1858 1819; x_wconf 88' lang='lat' dir='ltr'><strong>pri-</strong></span> 
     </span>
    </p>
   </div>
   <div class='ocr_carea' id='block_1_95' title="bbox 1067 1829 1858 1865">
    <p class='ocr_par' dir='ltr' id='par_1_95' title="bbox 1067 1829 1858 1865">
     <span class='ocr_line' id='line_1_95' title="bbox 1067 1829 1858 1865; baseline 0 -9"><span class='ocrx_word' id='word_1_596' title='bbox 1067 1833 1155 1856; x_wconf 89' lang='lat' dir='ltr'><strong>mates</strong></span> <span class='ocrx_word' id='word_1_597' title='bbox 1176 1836 1210 1856; x_wconf 77' lang='lat' dir='ltr'><strong>ac</strong></span> <span class='ocrx_word' id='word_1_598' title='bbox 1231 1829 1360 1865; x_wconf 83' lang='lat' dir='ltr'><strong>dynastas</strong></span> <span class='ocrx_word' id='word_1_599' title='bbox 1371 1829 1496 1856; x_wconf 91' lang='lat' dir='ltr'><strong>invectus</strong></span> <span class='ocrx_word' id='word_1_600' title='bbox 1516 1837 1563 1856; x_wconf 84' lang='lat' dir='ltr'><strong>eos</strong></span> <span class='ocrx_word' id='word_1_601' title='bbox 1574 1830 1762 1865; x_wconf 87' lang='lat' dir='ltr'><strong>redargueret.</strong></span> <span class='ocrx_word' id='word_1_602' title='bbox 1783 1830 1858 1864; x_wconf 93' lang='lat' dir='ltr'><strong>quod</strong></span> 
     </span>
    </p>
   </div>
   <div class='ocr_carea' id='block_1_96' title="bbox 1066 1873 1860 1910">
    <p class='ocr_par' dir='ltr' id='par_1_96' title="bbox 1066 1873 1860 1910">
     <span class='ocr_line' id='line_1_96' title="bbox 1066 1873 1860 1910; baseline -0.001 -8"><span class='ocrx_word' id='word_1_603' title='bbox 1066 1880 1247 1902; x_wconf 79' lang='lat' dir='ltr'><strong>sacrosanctae</strong></span> <span class='ocrx_word' id='word_1_604' title='bbox 1260 1873 1307 1902; x_wconf 87' lang='lat' dir='ltr'><strong>Dei</strong></span> <span class='ocrx_word' id='word_1_605' title='bbox 1322 1875 1395 1910; x_wconf 87' lang='lat' dir='ltr'><strong>leges</strong></span> <span class='ocrx_word' id='word_1_606' title='bbox 1412 1875 1640 1910; x_wconf 85' lang='lat' dir='ltr'><strong>posthabitaejam</strong></span> <span class='ocrx_word' id='word_1_607' title='bbox 1656 1875 1860 1902; x_wconf 85' lang='lat' dir='ltr'><strong>submoveren—</strong></span> 
     </span>
    </p>
   </div>
   <div class='ocr_carea' id='block_1_97' title="bbox 1069 1921 1861 1956">
    <p class='ocr_par' dir='ltr' id='par_1_97' title="bbox 1069 1921 1861 1956">
     <span class='ocr_line' id='line_1_97' title="bbox 1069 1921 1861 1956; baseline -0.001 -8"><span class='ocrx_word' id='word_1_608' title='bbox 1069 1926 1123 1953; x_wconf 91' lang='lat' dir='ltr'><strong>tur,</strong></span> <span class='ocrx_word' id='word_1_609' title='bbox 1151 1925 1234 1956; x_wconf 89' lang='lat' dir='ltr'><strong>atque</strong></span> <span class='ocrx_word' id='word_1_610' title='bbox 1259 1921 1341 1949; x_wconf 89' lang='lat' dir='ltr'><strong>etiam</strong></span> <span class='ocrx_word' id='word_1_611' title='bbox 1360 1922 1597 1949; x_wconf 89' lang='lat' dir='ltr'><strong>conculcarentur.</strong></span> <span class='ocrx_word' id='word_1_612' title='bbox 1623 1921 1757 1948; x_wconf 80' lang='lat' dir='ltr'><strong>Attendas</strong></span> <span class='ocrx_word' id='word_1_613' title='bbox 1776 1921 1861 1948; x_wconf 87' lang='lat' dir='ltr'><strong>etiam</strong></span> 
     </span>
    </p>
   </div>
   <div class='ocr_carea' id='block_1_98' title="bbox 1067 1967 1863 2003">
    <p class='ocr_par' dir='ltr' id='par_1_98' title="bbox 1067 1967 1863 2003">
     <span class='ocr_line' id='line_1_98' title="bbox 1067 1967 1863 2003; baseline -0.003 -8"><span class='ocrx_word' id='word_1_614' title='bbox 1067 1968 1270 1996; x_wconf 90' lang='lat' dir='ltr'><strong>adhortationes</strong></span> <span class='ocrx_word' id='word_1_615' title='bbox 1285 1968 1318 1995; x_wconf 88' lang='lat' dir='ltr'><strong>ad</strong></span> <span class='ocrx_word' id='word_1_616' title='bbox 1333 1967 1532 2003; x_wconf 69' lang='lat' dir='ltr'><strong>paenitentiam,</strong></span> <span class='ocrx_word' id='word_1_617' title='bbox 1549 1972 1577 1994; x_wconf 88' lang='lat' dir='ltr'><strong>et</strong></span> <span class='ocrx_word' id='word_1_618' title='bbox 1594 1967 1763 1994; x_wconf 84' lang='lat' dir='ltr'><strong>indicantem</strong></span> <span class='ocrx_word' id='word_1_619' title='bbox 1774 1967 1863 2002; x_wconf 85' lang='lat' dir='ltr'><strong>digito</strong></span> 
     </span>
    </p>
   </div>
   <div class='ocr_carea' id='block_1_99' title="bbox 1068 2013 1863 2048">
    <p class='ocr_par' dir='ltr' id='par_1_99' title="bbox 1068 2013 1863 2048">
     <span class='ocr_line' id='line_1_99' title="bbox 1068 2013 1863 2048; baseline 0 -8"><span class='ocrx_word' id='word_1_620' title='bbox 1068 2014 1206 2042; x_wconf 81' lang='lat' dir='ltr'><strong>Christum</strong></span> <span class='ocrx_word' id='word_1_621' title='bbox 1224 2016 1258 2042; x_wconf 89' lang='lat' dir='ltr'><strong>ab</strong></span> <span class='ocrx_word' id='word_1_622' title='bbox 1281 2014 1327 2041; x_wconf 91' lang='lat' dir='ltr'><strong>illo</strong></span> <span class='ocrx_word' id='word_1_623' title='bbox 1340 2014 1518 2048; x_wconf 83' lang='lat' dir='ltr'><strong>baptizatum,</strong></span> <span class='ocrx_word' id='word_1_624' title='bbox 1542 2013 1642 2040; x_wconf 92' lang='lat' dir='ltr'><strong>iterum</strong></span> <span class='ocrx_word' id='word_1_625' title='bbox 1661 2017 1812 2040; x_wconf 86' lang='lat' dir='ltr'><strong>venturum</strong></span> <span class='ocrx_word' id='word_1_626' title='bbox 1829 2013 1863 2040; x_wconf 85' lang='lat' dir='ltr'><strong>ad</strong></span> 
     </span>
    </p>
   </div>
   <div class='ocr_carea' id='block_1_100' title="bbox 1068 2059 1861 2095">
    <p class='ocr_par' dir='ltr' id='par_1_100' title="bbox 1068 2059 1861 2095">
     <span class='ocr_line' id='line_1_100' title="bbox 1068 2059 1861 2095; baseline -0.003 -8"><span class='ocrx_word' id='word_1_627' title='bbox 1068 2067 1165 2087; x_wconf 89' lang='lat' dir='ltr'><strong>omnes</strong></span> <span class='ocrx_word' id='word_1_628' title='bbox 1187 2059 1361 2095; x_wconf 89' lang='lat' dir='ltr'><strong>judicandos,</strong></span> <span class='ocrx_word' id='word_1_629' title='bbox 1390 2067 1422 2086; x_wconf 86' lang='lat' dir='ltr'><strong>ac</strong></span> <span class='ocrx_word' id='word_1_630' title='bbox 1442 2067 1491 2094; x_wconf 91' lang='lat' dir='ltr'><strong>pro</strong></span> <span class='ocrx_word' id='word_1_631' title='bbox 1518 2059 1574 2086; x_wconf 89' lang='lat' dir='ltr'><strong>suis</strong></span> <span class='ocrx_word' id='word_1_632' title='bbox 1595 2059 1729 2093; x_wconf 88' lang='lat' dir='ltr'><strong>cujusque</strong></span> <span class='ocrx_word' id='word_1_633' title='bbox 1752 2059 1861 2086; x_wconf 88' lang='lat' dir='ltr'><strong>meritis</strong></span> 
     </span>
    </p>
   </div>
   <div class='ocr_carea' id='block_1_101' title="bbox 1069 2102 1863 2140">
    <p class='ocr_par' dir='ltr' id='par_1_101' title="bbox 1069 2102 1863 2140">
     <span class='ocr_line' id='line_1_101' title="bbox 1069 2102 1863 2140; baseline -0.005 -7"><span class='ocrx_word' id='word_1_634' title='bbox 1069 2106 1218 2140; x_wconf 87' lang='lat' dir='ltr'><strong>condignas</strong></span> <span class='ocrx_word' id='word_1_635' title='bbox 1232 2105 1308 2132; x_wconf 86' lang='lat' dir='ltr'><strong>vices</strong></span> <span class='ocrx_word' id='word_1_636' title='bbox 1335 2111 1529 2140; x_wconf 91' lang='lat' dir='ltr'><strong>repensurum.</strong></span> <span class='ocrx_word' id='word_1_637' title='bbox 1561 2103 1637 2136; x_wconf 87' lang='lat' dir='ltr'><strong>Quod</strong></span> <span class='ocrx_word' id='word_1_638' title='bbox 1656 2103 1678 2130; x_wconf 87' lang='lat' dir='ltr'><strong>si</strong></span> <span class='ocrx_word' id='word_1_639' title='bbox 1697 2102 1802 2130; x_wconf 90' lang='lat' dir='ltr'><strong>Christi</strong></span> <span class='ocrx_word' id='word_1_640' title='bbox 1821 2103 1863 2130; x_wconf 81' lang='lat' dir='ltr'><strong>di-</strong></span> 
     </span>
    </p>
   </div>
   <div class='ocr_carea' id='block_1_102' title="bbox 1068 2149 1865 2187">
    <p class='ocr_par' dir='ltr' id='par_1_102' title="bbox 1068 2149 1865 2187">
     <span class='ocr_line' id='line_1_102' title="bbox 1068 2149 1865 2187; baseline -0.004 -8"><span class='ocrx_word' id='word_1_641' title='bbox 1068 2152 1234 2187; x_wconf 88' lang='lat' dir='ltr'><strong>scipulorum</strong></span> <span class='ocrx_word' id='word_1_642' title='bbox 1241 2151 1382 2186; x_wconf 85' lang='lat' dir='ltr'><strong>vestigium</strong></span> <span class='ocrx_word' id='word_1_643' title='bbox 1391 2150 1498 2185; x_wconf 89' lang='lat' dir='ltr'><strong>aliquod</strong></span> <span class='ocrx_word' id='word_1_644' title='bbox 1505 2154 1614 2185; x_wconf 89' lang='lat' dir='ltr'><strong>expetat</strong></span> <span class='ocrx_word' id='word_1_645' title='bbox 1622 2149 1683 2184; x_wconf 86' lang='lat' dir='ltr'><strong>quis</strong></span> <span class='ocrx_word' id='word_1_646' title='bbox 1689 2149 1865 2180; x_wconf 72' lang='lat' dir='ltr'><strong>adinvenire.</strong></span> 
     </span>
    </p>
   </div>
   <div class='ocr_carea' id='block_1_103' title="bbox 1073 2188 1863 2232">
    <p class='ocr_par' dir='ltr' id='par_1_103' title="bbox 1073 2188 1863 2232">
     <span class='ocr_line' id='line_1_103' title="bbox 1073 2188 1863 2232; baseline -0.004 -9"><span class='ocrx_word' id='word_1_647' title='bbox 1073 2201 1166 2232; x_wconf 83' lang='lat' dir='ltr'><strong>pergat</strong></span> <span class='ocrx_word' id='word_1_648' title='bbox 1181 2196 1212 2228; x_wconf 82' lang='lat' dir='ltr'><strong>is,</strong></span> <span class='ocrx_word' id='word_1_649' title='bbox 1230 2203 1262 2222; x_wconf 89' lang='lat' dir='ltr'><strong>ac</strong></span> <span class='ocrx_word' id='word_1_650' title='bbox 1275 2195 1448 2230; x_wconf 82' lang='lat' dir='ltr'><strong>speculetur;</strong></span> <span class='ocrx_word' id='word_1_651' title='bbox 1465 2194 1650 2229; x_wconf 88' lang='lat' dir='ltr'><strong>spectabitque</strong></span> <span class='ocrx_word' id='word_1_652' title='bbox 1667 2195 1693 2220; x_wconf 95' lang='lat' dir='ltr'><strong>in</strong></span> <span class='ocrx_word' id='word_1_653' title='bbox 1707 2188 1863 2220; x_wconf 69' lang='lat' dir='ltr'><strong>Athanasio</strong></span> 
     </span>
    </p>
   </div>
   <div class='ocr_carea' id='block_1_104' title="bbox 1072 2239 1867 2276">
    <p class='ocr_par' dir='ltr' id='par_1_104' title="bbox 1072 2239 1867 2276">
     <span class='ocr_line' id='line_1_104' title="bbox 1072 2239 1867 2276; baseline -0.005 -6"><span class='ocrx_word' id='word_1_654' title='bbox 1072 2243 1156 2270; x_wconf 91' lang='lat' dir='ltr'><strong>totius</strong></span> <span class='ocrx_word' id='word_1_655' title='bbox 1167 2242 1229 2269; x_wconf 68' lang='lat' dir='ltr'><strong>vita:</strong></span> <span class='ocrx_word' id='word_1_656' title='bbox 1239 2241 1473 2276; x_wconf 89' lang='lat' dir='ltr'><strong>aspernationem,</strong></span> <span class='ocrx_word' id='word_1_657' title='bbox 1487 2245 1517 2267; x_wconf 94' lang='lat' dir='ltr'><strong>ut</strong></span> <span class='ocrx_word' id='word_1_658' title='bbox 1530 2239 1668 2267; x_wconf 90' lang='lat' dir='ltr'><strong>Christum</strong></span> <span class='ocrx_word' id='word_1_659' title='bbox 1687 2239 1867 2266; x_wconf 76' lang='lat' dir='ltr'><strong>lucrifaeiens</strong></span> 
     </span>
    </p>
   </div>
   <div class='ocr_carea' id='block_1_105' title="bbox 1073 2284 1867 2321">
    <p class='ocr_par' dir='ltr' id='par_1_105' title="bbox 1073 2284 1867 2321">
     <span class='ocr_line' id='line_1_105' title="bbox 1073 2284 1867 2321; baseline -0.005 -6"><span class='ocrx_word' id='word_1_660' title='bbox 1073 2287 1226 2315; x_wconf 86' lang='lat' dir='ltr'><strong>inveniret:</strong></span> <span class='ocrx_word' id='word_1_661' title='bbox 1241 2287 1374 2314; x_wconf 88' lang='lat' dir='ltr'><strong>intentam</strong></span> <span class='ocrx_word' id='word_1_662' title='bbox 1396 2293 1505 2321; x_wconf 88' lang='lat' dir='ltr'><strong>quoque</strong></span> <span class='ocrx_word' id='word_1_663' title='bbox 1525 2285 1553 2312; x_wconf 89' lang='lat' dir='ltr'><strong>in</strong></span> <span class='ocrx_word' id='word_1_664' title='bbox 1575 2284 1713 2320; x_wconf 85' lang='lat' dir='ltr'><strong>Evangelii</strong></span> <span class='ocrx_word' id='word_1_665' title='bbox 1731 2285 1867 2319; x_wconf 66' lang='lat' dir='ltr'><strong>praedica-</strong></span> 
     </span>
    </p>
   </div>
   <div class='ocr_carea' id='block_1_106' title="bbox 1074 2332 1868 2365">
    <p class='ocr_par' dir='ltr' id='par_1_106' title="bbox 1074 2332 1868 2365">
     <span class='ocr_line' id='line_1_106' title="bbox 1074 2332 1868 2365; baseline -0.004 -5"><span class='ocrx_word' id='word_1_666' title='bbox 1074 2334 1147 2361; x_wconf 85' lang='lat' dir='ltr'><strong>tione</strong></span> <span class='ocrx_word' id='word_1_667' title='bbox 1159 2333 1382 2365; x_wconf 86' lang='lat' dir='ltr'><strong>sollicitudinem,</strong></span> <span class='ocrx_word' id='word_1_668' title='bbox 1397 2333 1425 2360; x_wconf 92' lang='lat' dir='ltr'><strong>in</strong></span> <span class='ocrx_word' id='word_1_669' title='bbox 1440 2332 1604 2360; x_wconf 86' lang='lat' dir='ltr'><strong>turbulentis</strong></span> <span class='ocrx_word' id='word_1_670' title='bbox 1617 2339 1707 2358; x_wconf 87' lang='lat' dir='ltr'><strong>rerum</strong></span> <span class='ocrx_word' id='word_1_671' title='bbox 1719 2332 1868 2358; x_wconf 87' lang='lat' dir='ltr'><strong>eventibus</strong></span> 
     </span>
    </p>
   </div>
   <div class='ocr_carea' id='block_1_107' title="bbox 1073 2377 1868 2415">
    <p class='ocr_par' dir='ltr' id='par_1_107' title="bbox 1073 2377 1868 2415">
     <span class='ocr_line' id='line_1_107' title="bbox 1073 2377 1868 2415; baseline -0.003 -9"><span class='ocrx_word' id='word_1_672' title='bbox 1073 2380 1157 2407; x_wconf 88' lang='lat' dir='ltr'><strong>animi</strong></span> <span class='ocrx_word' id='word_1_673' title='bbox 1178 2379 1404 2415; x_wconf 78' lang='lat' dir='ltr'><strong>niagnitudinem.</strong></span> <span class='ocrx_word' id='word_1_674' title='bbox 1431 2378 1644 2405; x_wconf 85' lang='lat' dir='ltr'><strong>familiaritatem</strong></span> <span class='ocrx_word' id='word_1_675' title='bbox 1663 2385 1728 2404; x_wconf 88' lang='lat' dir='ltr'><strong>eum</strong></span> <span class='ocrx_word' id='word_1_676' title='bbox 1755 2377 1868 2405; x_wconf 79' lang='lat' dir='ltr'><strong>Christo</strong></span> 
     </span>
    </p>
   </div>
   <div class='ocr_carea' id='block_1_108' title="bbox 1075 2422 1870 2455">
    <p class='ocr_par' dir='ltr' id='par_1_108' title="bbox 1075 2422 1870 2455">
     <span class='ocr_line' id='line_1_108' title="bbox 1075 2422 1870 2455; baseline -0.004 -3"><span class='ocrx_word' id='word_1_677' title='bbox 1075 2425 1213 2453; x_wconf 68' lang='lat' dir='ltr'><strong>memoriae</strong></span> <span class='ocrx_word' id='word_1_678' title='bbox 1236 2425 1369 2452; x_wconf 88' lang='lat' dir='ltr'><strong>beneficio</strong></span> <span class='ocrx_word' id='word_1_679' title='bbox 1392 2424 1539 2455; x_wconf 86' lang='lat' dir='ltr'><strong>assiduam,</strong></span> <span class='ocrx_word' id='word_1_680' title='bbox 1557 2428 1588 2450; x_wconf 87' lang='lat' dir='ltr'><strong>ut</strong></span> <span class='ocrx_word' id='word_1_681' title='bbox 1603 2422 1668 2450; x_wconf 92' lang='lat' dir='ltr'><strong>inde</strong></span> <span class='ocrx_word' id='word_1_682' title='bbox 1684 2423 1762 2450; x_wconf 91' lang='lat' dir='ltr'><strong>nullo</strong></span> <span class='ocrx_word' id='word_1_683' title='bbox 1786 2423 1870 2450; x_wconf 88' lang='lat' dir='ltr'><strong>modo</strong></span> 
     </span>
    </p>
   </div>
   <div class='ocr_carea' id='block_1_109' title="bbox 1075 2468 1870 2505">
    <p class='ocr_par' dir='ltr' id='par_1_109' title="bbox 1075 2468 1870 2505">
     <span class='ocr_line' id='line_1_109' title="bbox 1075 2468 1870 2505; baseline -0.004 -7"><span class='ocrx_word' id='word_1_684' title='bbox 1075 2470 1198 2498; x_wconf 88' lang='lat' dir='ltr'><strong>abstrahi</strong></span> <span class='ocrx_word' id='word_1_685' title='bbox 1215 2474 1321 2505; x_wconf 83' lang='lat' dir='ltr'><strong>posset,</strong></span> <span class='ocrx_word' id='word_1_686' title='bbox 1337 2470 1381 2497; x_wconf 87' lang='lat' dir='ltr'><strong>vel</strong></span> <span class='ocrx_word' id='word_1_687' title='bbox 1394 2470 1502 2497; x_wconf 89' lang='lat' dir='ltr'><strong>avocari</strong></span> <span class='ocrx_word' id='word_1_688' title='bbox 1519 2468 1675 2504; x_wconf 83' lang='lat' dir='ltr'><strong>:spectabit</strong></span> <span class='ocrx_word' id='word_1_689' title='bbox 1689 2468 1773 2495; x_wconf 88' lang='lat' dir='ltr'><strong>etiam</strong></span> <span class='ocrx_word' id='word_1_690' title='bbox 1794 2469 1870 2496; x_wconf 87' lang='lat' dir='ltr'><strong>illum</strong></span> 
     </span>
    </p>
   </div>
   <div class='ocr_carea' id='block_1_110' title="bbox 1076 2513 1873 2548">
    <p class='ocr_par' dir='ltr' id='par_1_110' title="bbox 1076 2513 1873 2548">
     <span class='ocr_line' id='line_1_110' title="bbox 1076 2513 1873 2548; baseline -0.004 -5"><span class='ocrx_word' id='word_1_691' title='bbox 1076 2515 1177 2544; x_wconf 88' lang='lat' dir='ltr'><strong>Christi</strong></span> <span class='ocrx_word' id='word_1_692' title='bbox 1194 2523 1303 2542; x_wconf 88' lang='lat' dir='ltr'><strong>crucem</strong></span> <span class='ocrx_word' id='word_1_693' title='bbox 1316 2520 1373 2542; x_wconf 92' lang='lat' dir='ltr'><strong>toto</strong></span> <span class='ocrx_word' id='word_1_694' title='bbox 1389 2515 1448 2542; x_wconf 73' lang='lat' dir='ltr'><strong>vitae</strong></span> <span class='ocrx_word' id='word_1_695' title='bbox 1464 2519 1588 2548; x_wconf 90' lang='lat' dir='ltr'><strong>tempore</strong></span> <span class='ocrx_word' id='word_1_696' title='bbox 1599 2513 1777 2548; x_wconf 88' lang='lat' dir='ltr'><strong>bajulantem,</strong></span> <span class='ocrx_word' id='word_1_697' title='bbox 1793 2513 1873 2541; x_wconf 83' lang='lat' dir='ltr'><strong>Chri-</strong></span> 
     </span>
    </p>
   </div>
   <div class='ocr_carea' id='block_1_111' title="bbox 1077 2560 1873 2596">
    <p class='ocr_par' dir='ltr' id='par_1_111' title="bbox 1077 2560 1873 2596">
     <span class='ocr_line' id='line_1_111' title="bbox 1077 2560 1873 2596; baseline -0.003 -8"><span class='ocrx_word' id='word_1_698' title='bbox 1077 2567 1174 2596; x_wconf 87' lang='lat' dir='ltr'><strong>stoque</strong></span> <span class='ocrx_word' id='word_1_699' title='bbox 1190 2560 1378 2593; x_wconf 85' lang='lat' dir='ltr'><strong>famulantem,</strong></span> <span class='ocrx_word' id='word_1_700' title='bbox 1391 2568 1422 2588; x_wconf 91' lang='lat' dir='ltr'><strong>ac</strong></span> <span class='ocrx_word' id='word_1_701' title='bbox 1438 2560 1551 2595; x_wconf 88' lang='lat' dir='ltr'><strong>vestigia</strong></span> <span class='ocrx_word' id='word_1_702' title='bbox 1576 2564 1749 2594; x_wconf 85' lang='lat' dir='ltr'><strong>sequentem,</strong></span> <span class='ocrx_word' id='word_1_703' title='bbox 1764 2560 1873 2594; x_wconf 87' lang='lat' dir='ltr'><strong>reliqua</strong></span> 
     </span>
    </p>
   </div>
   <div class='ocr_carea' id='block_1_112' title="bbox 1077 2605 1874 2640">
    <p class='ocr_par' dir='ltr' id='par_1_112' title="bbox 1077 2605 1874 2640">
     <span class='ocr_line' id='line_1_112' title="bbox 1077 2605 1874 2640; baseline -0.006 -4"><span class='ocrx_word' id='word_1_704' title='bbox 1077 2616 1143 2636; x_wconf 88' lang='lat' dir='ltr'><strong>vero</strong></span> <span class='ocrx_word' id='word_1_705' title='bbox 1158 2607 1249 2635; x_wconf 91' lang='lat' dir='ltr'><strong>omnia</strong></span> <span class='ocrx_word' id='word_1_706' title='bbox 1265 2607 1468 2634; x_wconf 82' lang='lat' dir='ltr'><strong>existimantem</strong></span> <span class='ocrx_word' id='word_1_707' title='bbox 1482 2606 1642 2633; x_wconf 88' lang='lat' dir='ltr'><strong>retrimenta</strong></span> <span class='ocrx_word' id='word_1_708' title='bbox 1659 2610 1687 2632; x_wconf 90' lang='lat' dir='ltr'><strong>et</strong></span> <span class='ocrx_word' id='word_1_709' title='bbox 1697 2605 1874 2640; x_wconf 86' lang='lat' dir='ltr'><strong>quisquilias.</strong></span> 
     </span>
    </p>
   </div>
   <div class='ocr_carea' id='block_1_113' title="bbox 1078 2651 1875 2689">
    <p class='ocr_par' dir='ltr' id='par_1_113' title="bbox 1078 2651 1875 2689">
     <span class='ocr_line' id='line_1_113' title="bbox 1078 2651 1875 2689; baseline -0.003 -8"><span class='ocrx_word' id='word_1_710' title='bbox 1078 2653 1270 2689; x_wconf 81' lang='lat' dir='ltr'><strong>Apostolorum</strong></span> <span class='ocrx_word' id='word_1_711' title='bbox 1289 2653 1369 2688; x_wconf 85' lang='lat' dir='ltr'><strong>igitur</strong></span> <span class='ocrx_word' id='word_1_712' title='bbox 1380 2653 1462 2679; x_wconf 87' lang='lat' dir='ltr'><strong>vitam</strong></span> <span class='ocrx_word' id='word_1_713' title='bbox 1477 2652 1600 2679; x_wconf 86' lang='lat' dir='ltr'><strong>imitatus</strong></span> <span class='ocrx_word' id='word_1_714' title='bbox 1611 2651 1796 2682; x_wconf 80' lang='lat' dir='ltr'><strong>Athanasius,</strong></span> <span class='ocrx_word' id='word_1_715' title='bbox 1807 2653 1875 2679; x_wconf 74' lang='lat' dir='ltr'><strong>adeo</strong></span> 
     </span>
    </p>
   </div>
   <div class='ocr_carea' id='block_1_114' title="bbox 1079 2697 1876 2734">
    <p class='ocr_par' dir='ltr' id='par_1_114' title="bbox 1079 2697 1876 2734">
     <span class='ocr_line' id='line_1_114' title="bbox 1079 2697 1876 2734; baseline -0.005 -6"><span class='ocrx_word' id='word_1_716' title='bbox 1079 2709 1112 2728; x_wconf 85' lang='lat' dir='ltr'><strong>ex</strong></span> <span class='ocrx_word' id='word_1_717' title='bbox 1127 2707 1222 2728; x_wconf 87' lang='lat' dir='ltr'><strong>eorum</strong></span> <span class='ocrx_word' id='word_1_718' title='bbox 1244 2699 1386 2734; x_wconf 74' lang='lat' dir='ltr'><strong>architvpo</strong></span> <span class='ocrx_word' id='word_1_719' title='bbox 1406 2699 1493 2726; x_wconf 84' lang='lat' dir='ltr'><strong>vivam</strong></span> <span class='ocrx_word' id='word_1_720' title='bbox 1510 2697 1654 2734; x_wconf 80' lang='lat' dir='ltr'><strong>imaginem</strong></span> <span class='ocrx_word' id='word_1_721' title='bbox 1680 2698 1707 2724; x_wconf 92' lang='lat' dir='ltr'><strong>in</strong></span> <span class='ocrx_word' id='word_1_722' title='bbox 1727 2699 1826 2732; x_wconf 79' lang='lat' dir='ltr'><strong>seipse</strong></span> <span class='ocrx_word' id='word_1_723' title='bbox 1844 2698 1876 2724; x_wconf 83' lang='lat' dir='ltr'><strong>ad</strong></span> 
     </span>
    </p>
   </div>
   <div class='ocr_carea' id='block_1_115' title="bbox 1079 2743 1877 2779">
    <p class='ocr_par' dir='ltr' id='par_1_115' title="bbox 1079 2743 1877 2779">
     <span class='ocr_line' id='line_1_115' title="bbox 1079 2743 1877 2779; baseline -0.005 -6"><span class='ocrx_word' id='word_1_724' title='bbox 1079 2745 1211 2774; x_wconf 87' lang='lat' dir='ltr'><strong>amussim</strong></span> <span class='ocrx_word' id='word_1_725' title='bbox 1231 2744 1346 2777; x_wconf 83' lang='lat' dir='ltr'><strong>efIinxit,</strong></span> <span class='ocrx_word' id='word_1_726' title='bbox 1360 2749 1389 2772; x_wconf 92' lang='lat' dir='ltr'><strong>ut</strong></span> <span class='ocrx_word' id='word_1_727' title='bbox 1412 2744 1434 2771; x_wconf 93' lang='lat' dir='ltr'><strong>si</strong></span> <span class='ocrx_word' id='word_1_728' title='bbox 1453 2744 1515 2778; x_wconf 87' lang='lat' dir='ltr'><strong>quis</strong></span> <span class='ocrx_word' id='word_1_729' title='bbox 1532 2743 1634 2771; x_wconf 89' lang='lat' dir='ltr'><strong>intueri</strong></span> <span class='ocrx_word' id='word_1_730' title='bbox 1650 2743 1734 2770; x_wconf 80' lang='lat' dir='ltr'><strong>vellet</strong></span> <span class='ocrx_word' id='word_1_731' title='bbox 1751 2745 1877 2779; x_wconf 59' lang='lat' dir='ltr'><strong>singulm</strong></span> 
     </span>
    </p>
   </div>
   <div class='ocr_carea' id='block_1_116' title="bbox 1083 2788 1879 2823">
    <p class='ocr_par' dir='ltr' id='par_1_116' title="bbox 1083 2788 1879 2823">
     <span class='ocr_line' id='line_1_116' title="bbox 1083 2788 1879 2823; baseline -0.005 -4"><span class='ocrx_word' id='word_1_732' title='bbox 1083 2800 1143 2820; x_wconf 90' lang='lat' dir='ltr'><strong>rum</strong></span> <span class='ocrx_word' id='word_1_733' title='bbox 1161 2791 1344 2823; x_wconf 83' lang='lat' dir='ltr'><strong>characteres,</strong></span> <span class='ocrx_word' id='word_1_734' title='bbox 1363 2789 1494 2817; x_wconf 86' lang='lat' dir='ltr'><strong>attentius</strong></span> <span class='ocrx_word' id='word_1_735' title='bbox 1515 2788 1698 2823; x_wconf 79' lang='lat' dir='ltr'><strong>dispicienda,</strong></span> <span class='ocrx_word' id='word_1_736' title='bbox 1725 2789 1799 2817; x_wconf 89' lang='lat' dir='ltr'><strong>nihil</strong></span> <span class='ocrx_word' id='word_1_737' title='bbox 1823 2790 1879 2816; x_wconf 79' lang='lat' dir='ltr'><strong>fere</strong></span> 
     </span>
    </p>
   </div>
  </div>
