1932 3067
87 143 150 177 i377

515 143 657 174 ORATIO
677 120 870 175 FUNEBRTS
890 145 932 176 IN
950 145 983 176 B.
1003 147 1264 180 ATHANASIUM.

1639 147 1707 181 1378

85 198 238 232 dissimiles,
255 197 303 226 sed
318 197 430 226 omnino
440 203 519 224 veros
531 201 614 232 atque
627 197 777 232 ipsissiinos
789 198 865 226 inve—
879 202 904 231 Α
918 200 1068 229 sull‘ocabat
1085 210 1176 230 suum.
1201 204 1384 232 Miserendum
1406 203 1489 232 etiam
1512 211 1562 239 per
1583 205 1708 235 innatum

84 245 163 272 niret.

178 322 241 350 CAP.
259 320 300 349 Vl.
315 319 488 348 -—E:ctrema
503 321 558 348 suis
577 322 641 348 data
652 322 763 350 monita.

117 392 163 419 17.
176 391 230 419 Sed
243 389 353 418 tandem
370 388 517 424 aliquando
536 389 611 417 venit
619 389 679 423 ejus
693 389 871 424 profectionis

85 443 204 472 tempus;
217 444 306 471 neque
323 436 396 463 enim
413 435 466 463 alio
475 442 601 462 censeam
615 435 726 462 nomine
741 435 801 471 ejus
809 436 871 463 vitae

85 484 185 512 exitum
204 482 408 518 appellandum,
430 489 512 517 quam
532 482 639 509 reditus
656 482 683 509 in
703 483 818 516 patriam
836 483 871 510 ab

91 529 179 557 exilio.
211 528 245 555 Et
265 527 374 563 quidem
399 527 434 554 de
459 526 550 561 seipso
571 527 701 554 nonnulla
723 527 870 554 obtestanti

88 576 202 602 aderant
213 573 366 608 complures
377 572 494 608 graviter
509 572 615 605 affecti,
636 573 749 608 ejusque
777 572 870 608 sejun-

87 621 202 649 ctionem
214 619 290 654 quasi
302 626 435 646 summam
452 619 586 652 jacturam
608 619 787 646 lamentantes
799 628 806 646 :
820 626 870 646 au-

84 666 192 693 diebant
208 672 273 692 vero
281 663 358 691 illum
372 663 417 690 vili
431 663 530 690 lectulo
538 663 685 697 jacentem,
696 670 786 698 neque
795 663 868 698 quod

84 712 117 739 ad
128 711 287 739 divitiarum
306 709 451 737 thesauros
467 709 566 736 attinet
585 714 762 742 statuentem,
781 717 872 745 neque

84 758 142 785 auri
164 756 322 792 argentique
352 755 458 790 copiam
481 755 616 782 tutoribus
646 755 870 790 relinquentem,

84 810 198 838 quorum
219 805 379 837 egestatem,
397 800 469 828 sicut
482 800 526 827 alii
540 800 725 835 adeptionem,
746 801 791 828 ille
808 809 868 828 ma-

920 252 1100 282 sanctumque
1115 249 1198 276 animi
1221 256 1332 277 sensum
1355 250 1592 277 necessitudinum
1610 259 1711 286 egeno-

921 300 993 326 rum,
1008 294 1047 320 uti
1070 294 1203 330 benignas
1218 303 1299 323 aures
1314 296 1346 323 iis
1362 297 1556 331 applicuimus,
1579 302 1609 325 ut
1622 306 1710 333 quan-

921 338 1021 366 tumvis
1051 341 1151 367 tcrreni
1183 348 1216 368 ac
1246 342 1378 369 mortales
1413 342 1513 378 (quoad
1536 343 1594 370 ﬁeri
1619 348 1709 370 tamen

921 386 1022 423 potest)
1043 386 1101 414 Deo
1115 386 1218 414 similes
1231 387 1389 419 eiliciamur,
1403 388 1449 422 qui
1463 389 1598 423 ejusmodi
1621 389 1709 416 homi-

921 443 970 463 nes
998 435 1025 462 in
1051 442 1167 470 regnum
1192 434 1340 461 introducit
1359 441 1450 465 suum,
1472 441 1588 468 seseque
1620 434 1709 468 ipsum

921 481 1100 516 cleemosynae
1120 488 1152 508 ac
1168 479 1366 507 misericordia:
1393 479 1516 513 indigum
1540 479 1708 512 conﬁtetur;

919 532 948 553 at
958 534 1005 554 eos
1017 526 1064 561 qui
1086 526 1208 553 ferarum
1226 525 1279 552 ritu
1302 525 1452 556 insaniunt,
1466 529 1492 552 et
1507 532 1570 560 erga
1583 525 1710 552 homines

919 573 1108 601 inhumaniter
1123 577 1290 608 grassantur,
1303 573 1329 599 in
1345 577 1463 599 azternos
1478 572 1555 608 ignes
1573 580 1627 599 una
1647 580 1708 600 cum

920 620 1090 654 nequissimo
1116 618 1227 650 Satana,
1253 624 1286 648 et
1305 619 1410 653 angelis
1440 619 1501 653 ejus
1524 618 1711 652 conjiciendos

921 664 1125 691 intermittatur.
1143 663 1229 699 igitur
1247 663 1339 691 Jesum
1350 664 1489 691 Christum
1507 663 1652 691 Dominum
1663 672 1711 691 no-

919 715 1006 738 strum
1022 710 1170 737 identidem
1191 710 1346 744 redigemus
1364 711 1391 737 in
1404 710 1578 740 memoriam.
1590 711 1709 745 judicent

923 764 1001 790 atque
1026 756 1216 791 incorruptum
1235 763 1267 783 ac
1287 763 1424 789 severum,
1450 755 1614 783 formidabili
1641 756 1711 784 solio

921 802 1097 834 insidentem,
1105 810 1121 830 e
1131 803 1209 838 cujus
1221 808 1369 837 conspectu
1380 802 1494 838 ignitum
1504 803 1606 830 ﬂumen
1620 811 1710 830 erum-

84 856 136 884 gno
155 847 246 875 studio
266 849 440 874 conSectatus
460 844 549 872 fuerat
565 853 572 872 :
591 852 642 872 nec
664 850 743 873 terra:
759 845 868 881 jugera,
885 870 907 898 Β
921 849 971 885 pit,
995 857 1146 884 omnesque
1165 848 1298 884 patefacta
1314 848 1482 876 conscientia
1497 849 1531 876 ad
1542 849 1602 884 ejus
1621 849 1709 876 ιιιίυυ-

84 897 211 925 arborum
227 895 319 926 silvas,
335 894 439 926 vineas,
456 901 561 929 greges,
575 898 762 929 armentaque,
775 902 791 921 a
807 894 870 928 qui-

83 943 143 975 bus,
163 940 253 976 quoad
272 939 341 968 vixit
367 946 451 974 super
476 943 585 971 terram,
608 946 689 973 quam
710 936 827 966 maxime
849 939 873 966 is

83 988 134 1015 fuit
150 987 255 1014 alienus
269 995 276 1013 :
292 985 338 1013 sed
356 992 397 1016 ea,
414 984 448 1012 de
467 983 566 1018 quibus
585 991 694 1018 semper
711 984 872 1019 disputavit,

83 1034 245 1068 quandoque
260 1036 371 1066 propter
387 1029 473 1057 morbi
487 1029 626 1056 molestias
641 1030 750 1057 concise
774 1038 872 1057 recen-

84 1084 193 1107 sentem
212 1078 305 1112 (homo
321 1077 394 1104 enim
415 1082 485 1110 erat,
503 1084 658 1112 quanquam
685 1076 775 1112 magni
787 1075 872 1103 animi

83 1127 142 1161 ejus
158 1124 292 1153 celsitudo
310 1123 494 1151 humilitatem
516 1123 672 1158 corpusculi
687 1123 845 1158 superabat)
862 1131 870 1150 :

84 1173 179 1206 Operae
190 1169 308 1205 pretium
321 1172 402 1199 esset,
415 1168 551 1202 inquiens,
567 1168 594 1195 in
608 1168 741 1202 meipsum
755 1175 873 1195 conver-

84 1224 145 1244 sum
155 1217 190 1243 de
206 1214 336 1251 praesenti
348 1214 437 1242 solum
454 1214 578 1250 digressu
594 1215 629 1242 ab
645 1215 696 1241 hac
713 1214 765 1242 vita
778 1214 872 1249 pensi-

84 1268 151 1295 tare,
167 1266 195 1289 et
219 1260 391 1288 formidabile
412 1263 494 1294 atque
518 1260 806 1295 horrendumjussum
827 1268 871 1288 ca-

82 1315 204 1344 pessere,
219 1306 322 1342 quique
338 1312 425 1333 meam
446 1305 601 1340 suscepturi
624 1306 679 1333 sint
693 1305 822 1338 animam,
845 1311 873 1333 et

83 1359 201 1387 quonam
229 1351 352 1378 locorum
373 1349 410 1377 sit
430 1349 497 1376 mihi
513 1349 565 1376 iter
587 1349 754 1382 faciendum,
779 1350 872 1378 hostes

83 1404 166 1426 etiam
184 1396 298 1423 infestos
314 1395 342 1422 in
357 1394 463 1423 insidiis
482 1402 592 1430 semper
611 1395 724 1427 locatos,
749 1395 874 1431 viamque

82 1444 162 1471 nobis
175 1447 303 1476 tanquam
319 1441 439 1468 latrones
452 1448 485 1468 ac
497 1441 640 1475 praedones
661 1442 869 1477 praepedientcs,

66 1489 221 1526 reogitare:
235 1488 282 1516 sed
291 1487 421 1522 quoniam
436 1491 463 1514 et
475 1494 544 1520 mea,
560 1491 587 1514 et
605 1492 693 1514 vestra
715 1487 868 1520 corrmtoda,

923 896 967 923 nal
989 895 1137 927 sistendos,
1164 895 1351 929 rationemque
1366 895 1521 923 reddituros
1539 903 1600 930 quae
1623 900 1709 928 recte,

922 948 1018 975 qumve
1042 947 1123 967 secus
1146 940 1358 975 patraverimus.
1388 938 1528 974 Quotquot
1550 939 1578 966 in
1601 940 1711 968 Christo

921 993 1001 1013 sacro
1026 984 1103 1012 fonte
1118 985 1204 1012 abluti
1225 993 1330 1016 sumus,
1345 984 1484 1011 Christum
1499 984 1637 1011 induimus
1655 994 1662 1012 :
1675 993 1711 1012 ne

921 1031 1013 1066 itaque
1031 1035 1140 1066 propter
1153 1030 1363 1066 propensionem
1379 1030 1412 1057 ad
1425 1038 1468 1057 res
1484 1034 1605 1067 terrenas
1615 1030 1712 1064 hujus-

920 1077 994 1104 modi
1013 1082 1115 1104 vestem
1137 1076 1300 1110 rejiciamus,
1316 1084 1351 1103 ne
1364 1076 1481 1104 vicissim
1495 1084 1509 1103 a
1524 1076 1627 1103 cmlesti
1652 1077 1712 1103 tha-

922 1123 1005 1156 lamo,
1024 1128 1181 1150 sanctorum
1209 1122 1301 1149 laetitia
1317 1130 1349 1149 ac
1370 1122 1497 1156 tripudiis
1523 1121 1709 1156 repudientur.

921 1169 1014 1204 Turpe
1032 1169 1158 1200 verbum,
1177 1172 1208 1195 ut
1227 1168 1336 1195 divinus
1356 1167 1445 1202 inquit
1460 1167 1607 1202 Apostolus
1630 1166 1661 1198 ¹⁸,
1678 1175 1712 1193 ex

921 1224 971 1244 ore
984 1220 1076 1244 vestro
1094 1215 1199 1242 nullum
1212 1215 1343 1246 dimanet,
1359 1214 1407 1241 sed
1420 1214 1447 1240 in
1462 1213 1561 1244 solum,
1573 1213 1645 1247 quod
1659 1212 1714 1239 vir-

922 1266 1013 1290 tutum
1036 1261 1178 1296 exemplar
1194 1260 1315 1294 et‘tingat,
1332 1259 1375 1286 vel
1394 1259 1489 1286 alienae
1507 1259 1632 1285 utilitatis
1653 1258 1712 1284 fru-

924 1313 999 1336 ctum
1023 1308 1245 1340 referatzneque
1264 1305 1337 1332 enim
1364 1305 1398 1332 de
1421 1304 1572 1333 malefactis
1591 1308 1708 1336 tantum,

924 1362 1018 1382 verum
1038 1354 1072 1381 de
1096 1353 1191 1380 otiosis
1206 1352 1288 1380 etiam
1308 1351 1409 1384 verbis,
1423 1356 1504 1385 atque
1519 1351 1588 1378 adeo
1602 1351 1635 1378 de
1648 1358 1713 1385 pra-

923 1400 966 1427 vis
989 1398 1209 1434 cogitationibus,
1229 1397 1363 1424 rationem
1380 1403 1431 1423 nos
1448 1395 1504 1423 Deo
1520 1396 1651 1423 reddituri
1665 1404 1714 1423 su-

923 1452 995 1472 mus.
1011 1444 1203 1479 Unusquisque
1212 1443 1246 1470 ab
1255 1443 1382 1471 omnibus
1394 1442 1506 1477 gratiam
1530 1442 1609 1473 inire,
1627 1442 1714 1469 hone-

929 1492 1032 1526 stisque
1045 1491 1071 1518 in
1086 1490 1168 1517 rebus
1181 1497 1273 1517 comes
1287 1496 1347 1516 esse
1362 1494 1438 1516 curet
1454 1497 1461 1516 :
1475 1488 1514 1516 sic
1526 1489 1599 1516 enim
1614 1488 1714 1524 singuli

83 1541 114 1564 ut
132 1542 251 1569 semper,
270 1541 343 1560 nunc
359 1532 443 1560 etiam
461 1533 638 1560 vehementer
660 1533 796 1564 desidero,
821 1533 874 1562 hoc

928 1537 1043 1566 animati
1058 1543 1120 1564 esse
1135 1536 1277 1567 debemus,
1301 1540 1330 1562 ut
1345 1535 1379 1562 de
1396 1535 1456 1562 aliis
1468 1543 1517 1570 per
1530 1536 1714 1562 emolumenta

83 1582 156 1609 enim
169 1580 267 1607 divina:
281 1579 354 1613 leges
369 1579 560 1612 praescribunt,
572 1586 741 1613 quaecunque
754 1578 868 1613 perlinit-

85 1628 117 1654 tit
136 1625 303 1662 indulgentia
319 1625 463 1660 temporis,
480 1629 508 1652 et
521 1625 593 1659 quod
603 1625 736 1660 reliquum
751 1629 792 1651 est
804 1624 876 1656 vitae,

84 1674 167 1700 etiam
179 1680 253 1700 nunc
266 1673 388 1706 eloquar.
411 1671 468 1706 Ego
484 1671 609 1706 equidem
621 1691 628 1704 ,
650 1676 679 1698 ut
695 1671 802 1702 videtis,
817 1671 878 1698 lou-

83 1726 144 1754 gam
163 1718 197 1745 ad
208 1726 283 1744 meos
301 1721 427 1752 parentes
449 1716 586 1752 ingredior
600 1717 689 1749 viam;
709 1724 796 1751 neque
818 1723 878 1743 am-

83 1764 156 1798 plius
171 1764 198 1790 in
213 1764 264 1790 hac
273 1763 381 1789 mortali
399 1763 452 1789 vita
467 1769 511 1789 me
525 1761 664 1796 aspicietis
679 1769 686 1787 :
699 1761 792 1788 sedne
803 1768 875 1793 mea,

84 1810 196 1845 (amabo
210 1811 268 1843 vos)
287 1808 426 1836 admonita
442 1815 490 1842 per
505 1807 670 1834 oblivionem
681 1807 874 1839 contemnatis,

84 1863 147 1890 qua:
173 1854 251 1882 vobis
268 1861 318 1889 pro
339 1861 373 1881 eo
391 1853 476 1881 divini
499 1853 600 1880 amoris
621 1854 729 1885 ardore,
748 1862 803 1888 quo
827 1861 875 1880 vos

84 1907 248 1936 prosequor,
276 1907 337 1927 sum
362 1900 526 1934 impcrtitus.
552 1898 631 1933 Apud
658 1906 705 1925 vos
729 1907 797 1931 cro,
820 1899 875 1926 imo

83 1954 151 1974 vero
165 1946 256 1981 potius
271 1946 329 1981 ipse
344 1946 421 1973 vobis
436 1946 523 1973 aderit
539 1945 666 1972 Christus
677 1952 738 1972 cum
752 1945 806 1971 Deo
824 1943 874 1970 Pa-

84 1998 137 2024 tre,
151 2000 183 2019 ac
196 1991 288 2019 divino
302 1991 408 2026 Spiritu
423 2000 429 2018 :
450 1993 540 2026 itaque
556 1991 680 2018 divinum
691 1990 767 2017 eritis
789 1989 876 2017 demi-

88 2039 195 2071 cilium,
208 2038 386 2072 animataque
398 2037 469 2064 illius
482 2037 592 2072 templa,
609 2036 687 2070 cujus
700 2036 817 2063 thronus
835 2040 877 2062 est

82 2085 195 2117 coelum,
216 2085 295 2119 cujus
308 2084 456 2112 scabellum
468 2089 510 2110 est
523 2088 607 2110 terra.
620 2083 675 2118 Ego
691 2083 772 2114 enim,
788 2082 878 2108 Salva-

83 2135 128 2157 tor
140 2129 240 2164 inquit,
254 2135 278 2156 et
291 2129 375 2156 Pater
391 2130 425 2155 ad
436 2137 495 2156 eum
508 2129 652 2160 veniemus,
665 2132 689 2154 et
715 2127 877 2154 mansionem

83 2176 211 2211 faciemus
237 2176 308 2209 apud
333 2184 392 2202 eum
416 2175 449 2208 ¹³,
471 2175 516 2210 qui
532 2174 662 2201 nimirum
682 2174 741 2208 ejus
760 2173 878 2207 capessit

926 1583 997 1611 bene
1021 1582 1119 1610 mereri
1137 1581 1306 1608 Studeamus.
1330 1581 1417 1608 Nemo
1442 1580 1564 1616 profecto
1588 1586 1715 1608 nostrum

928 1629 1037 1656 etiamsi
1055 1628 1216 1664 ignorantia:
1234 1628 1419 1654 velamentum
1437 1627 1576 1656 obtendat.
1591 1627 1714 1654 divinum

925 1675 1059 1710 judicium
1067 1679 1173 1702 evertet
1188 1683 1194 1701 :
1203 1681 1299 1702 omnes
1313 1674 1387 1701 enim
1397 1674 1517 1708 quotidie
1529 1674 1619 1701 divina
1628 1673 1717 1700 Evan-

927 1720 1058 1756 geliorum
1073 1723 1220 1755 praecepta,
1236 1721 1423 1755 apostolorum
1440 1719 1589 1752 admonita,
1599 1721 1717 1755 prophe-

927 1771 1015 1794 tarum
1027 1766 1233 1794 adhortationes
1252 1766 1422 1794 exaudimus.

963 1812 1007 1840 18.
1022 1812 1092 1844 Quid
1111 1811 1178 1838 mihi
1200 1819 1273 1838 nunc
1292 1815 1495 1842 recenseanlur,
1507 1810 1529 1837 si
1546 1819 1607 1838 cum
1621 1811 1711 1845 legiti-

927 1857 981 1884 mis
1000 1857 1075 1884 hisce
1085 1862 1188 1884 nostra:
1205 1856 1384 1893 philosophia:
1397 1856 1629 1890 disputationibus
1638 1865 1713 1884 com-

928 1908 1059 1938 parentur
1081 1904 1237 1930 invcteratue
1257 1903 1376 1930 Socratis
1392 1903 1576 1938 quaestiones?
1600 1911 1716 1938 quarum

927 1950 1010 1984 gratia
1036 1950 1225 1983 superbientes
1247 1949 1332 1976 Graeci
1361 1950 1538 1983 supercilium
1567 1950 1714 1982 attollunt,

925 1995 997 2029 quod
1015 1995 1056 2028 (ut
1069 1995 1119 2029 ipsi
1132 2003 1161 2021 se
1174 1995 1288 2029 jactant)
1304 1995 1326 2021 is
1341 1995 1520 2029 philosophus
1535 1995 1633 2022 timore
1643 2003 1716 2022 mor-

926 2039 962 2066 tis
973 2039 1100 2073 superior
1114 2039 1261 2066 exstiterit.
1288 2039 1448 2073 llujusmodi
1465 2040 1538 2066 enim
1553 2040 1716 2074 disputatio-

926 2092 976 2112 nes
996 2092 1090 2111 auram
1115 2093 1192 2111 vana:
1215 2089 1325 2118 captant
1351 2085 1480 2120 gloriolze,
1493 2093 1636 2120 scenaeque
1651 2090 1715 2113 sunt

927 2131 1066 2167 ﬁgmenta,
1086 2135 1113 2158 et
1135 2130 1222 2157 solum
1246 2130 1363 2157 induunt
1387 2130 1568 2165 philosophia:
1583 2132 1714 2165 speciem,

930 2176 1045 2211 ejuSqne
1068 2184 1210 2211 personam
1227 2176 1416 2210 praeseferunt,
1432 2177 1504 2211 quod
1519 2177 1545 2203 in
1559 2184 1597 2204 se.
1616 2186 1671 2204 non
1687 2178 1713 2204 in

81 2223 170 2257 iussa.
187 2222 221 2249 At
245 2222 316 2249 inter
338 2222 430 2249 divina
447 2226 583 2256 praecepta
602 2220 681 2255 longe
702 2218 873 2254 prmclarissi-
890 2217 913 2245 D
927 2222 995 2249 alios
1008 2226 1159 2253 convertat,
1174 2221 1306 2256 quidquid
1326 2221 1456 2248 elaborat.
1474 2222 1562 2256 Atque
1579 2221 1630 2249 hoc
1651 2230 1714 2248 cro-

83 2276 171 2300 ntum,
191 2267 338 2302 etquidem
352 2268 470 2302 primum
485 2272 537 2299 est,
554 2274 587 2293 ex
606 2270 661 2293 tota
673 2265 776 2298 anima,
793 2273 874 2292 cona-

84 2319 127 2346 tu,
154 2318 256 2346 mente,
283 2317 394 2348 totoque
418 2317 528 2347 pectore
549 2312 635 2339 Deum
660 2319 820 2346 peramare,
846 2315 874 2338 et

82 2359 241 2394 proximum
261 2358 462 2393 sicutseipsum
477 2367 484 2385 :
499 2359 551 2385 hoc
577 2357 649 2385 enim
665 2362 763 2384 caetera
781 2358 873 2384 omnia

83 2410 303 2440 consequuntur,
319 2412 375 2432 uno
390 2404 506 2431 alterum
521 2404 737 2439 complectenle;
758 2408 785 2430 et
801 2403 874 2437 quod

81 2454 164 2489 jubet
180 2459 274 2480 amore
288 2451 496 2487 prosequendos
507 2451 643 2482 inimicos,
656 2451 728 2477 idem
743 2457 792 2485 pro
806 2450 874 2477 ami-

83 2508 119 2527 co
138 2499 275 2534 propriam
296 2498 391 2529 vitam,
410 2498 432 2525 si
449 2501 557 2532 tempus
581 2501 685 2531 poscat,
704 2496 873 2531 profunden-

82 2547 148 2574 dam
161 2545 250 2580 jubet.
266 2544 361 2572 Debita
387 2544 451 2570 item
469 2543 630 2570 dimittenda
652 2542 754 2569 nostris
768 2542 876 2569 debito-

82 2593 173 2622 ribusI
195 2590 266 2618 sicut
287 2594 315 2617 et
332 2589 412 2616 nobis
437 2593 530 2616 nostra
549 2589 641 2615 debita
661 2588 744 2615 Pater
757 2588 877 2616 cmlestis

83 2636 209 2665 dimittit.
243 2635 417 2662 Horrendum
437 2635 519 2661 etiam
539 2634 731 2669 pensitandum
752 2634 876 2669 patrisfa-

83 2685 177 2712 milias
189 2683 329 2710 decretum
348 2689 411 2716 erga
429 2689 553 2713 servum,
570 2680 642 2715 apud
661 2688 741 2714 quem
757 2680 874 2715 plurima

84 2729 219 2758 beneficia
234 2729 390 2759 collocarat,
406 2735 585 2762 magnamque
597 2727 660 2754 auris
675 2727 726 2753 vim
736 2727 792 2761 jam
809 2734 877 2753 con-

84 2778 215 2806 donarat,
234 2775 278 2802 hic
293 2779 383 2801 autem
402 2778 511 2808 propter
526 2773 630 2799 minuta
645 2781 697 2800 tera
713 2780 879 2801 conservum

126 2847 149 2862 ’³
169 2844 248 2873 Joan.
270 2853 324 2877 uv,
339 2844 385 2872 9.5.
426 2845 446 2860 “
464 2843 611 2876 (Ioloss..u,
638 2843 664 2870 8.

928 2270 994 2297 citat
1015 2268 1175 2303 IEscntapio
1190 2268 1346 2295 immolatus
1361 2267 1446 2302 gallus
1463 2275 1478 2295 a
1498 2267 1622 2300 Socrate,
1639 2268 1716 2302 ejus-

927 2322 982 2350 que
1010 2313 1167 2341 hominibus
1188 2313 1313 2348 placendi
1342 2313 1434 2340 studio
1459 2314 1532 2348 pleni
1557 2321 1714 2346 sermones,

928 2368 998 2395 quos
1012 2360 1163 2394 (discipulis
1177 2359 1365 2392 suadentibus,
1385 2367 1414 2386 ut
1431 2359 1488 2394 ipse
1499 2360 1650 2394 periculum
1657 2361 1716 2387 evi-

928 2411 1010 2438 taret,
1027 2407 1099 2441 quod
1113 2406 1138 2432 ei
1149 2405 1253 2441 Anytus
1273 2410 1300 2433 et
1317 2405 1425 2433 Melitns
1441 2410 1614 2433 accusatores
1628 2407 1716 2433 susci-

930 2452 1031 2487 tarant)
1054 2452 1153 2487 passim
1169 2452 1259 2478 caeteri
1283 2451 1456 2478 dictitabant.
1474 2451 1527 2478 Sed
1543 2459 1610 2479 vero
1622 2457 1717 2478 noster

928 2498 973 2525 hic
987 2498 1161 2530 Athanasius,
1180 2498 1260 2524 rebus
1275 2497 1401 2524 omnibus
1418 2497 1443 2524 id
1456 2497 1586 2532 temporis
1603 2498 1717 2532 postha-

927 2543 1002 2576 bitis,
1025 2544 1059 2571 ad
1086 2544 1151 2571 illud
1167 2551 1251 2570 unum
1276 2543 1463 2575 incumbebat,
1483 2543 1517 2570 ad
1533 2543 1658 2579 gloriam,
1674 2545 1716 2570 in-

929 2598 1021 2624 quam,
1038 2590 1151 2622 Christi,
1166 2597 1256 2617 rerum
1271 2589 1393 2617 omnium
1408 2589 1571 2624 inspectoris
1584 2597 1615 2616 ac
1626 2589 1716 2623 Epho-

931 2636 952 2662 ri
977 2635 1219 2670 amplificandam;
1243 2634 1357 2669 pcrinde
1381 2642 1459 2669 teque
1479 2634 1549 2661 nihil
1571 2634 1622 2661 sibi
1645 2638 1718 2661 esset

930 2681 1071 2716 antiquius
1092 2681 1236 2715 studioque
1257 2681 1379 2716 dignum,
1400 2689 1481 2715 quam
1493 2680 1580 2716 gregis
1592 2680 1643 2707 sibi
1657 2687 1718 2706 crc-

931 2727 980 2754 diti
1006 2727 1120 2754 salutem
1142 2734 1281 2758 accurare,
1305 2727 1385 2761 cujus
1408 2726 1498 2754 studio
1515 2725 1668 2753 mirandum
1690 2726 1717 2753 in

933 2773 1042 2800 modum
1058 2773 1114 2808 ipse
1121 2772 1280 2800 Deushomo
1293 2772 1380 2800 factus
1393 2775 1443 2805 est,
1456 2771 1582 2806 idemque
1596 2770 1718 2798 studium
