1932 3067
223 112 289 143 1379

598 111 714 144 PETRI
733 112 923 144 ARGORUM
939 112 1081 144 ORATIO
1101 113 1143 144 IN
1165 113 1204 144 ΒΓ
1220 112 1479 145 ATIIANASIUM.

1782 113 1849 150 1380

225 169 257 192 ιιι
281 162 456 199 perspicuum
479 161 645 198 symbolum,
671 161 781 195 reliquit
797 160 884 187 Deum
896 158 1014 186 amanti-
1028 164 1052 191 Α
1066 159 1145 186 nobis
1155 166 1218 186 eum
1229 159 1399 186 imitantibus
1412 159 1518 186 fructus
1529 156 1610 185 aﬁ‘ert
1624 156 1793 191 uberrimos,
1811 164 1852 185 at-

224 210 288 238 bus.
304 209 394 243 Atque
409 208 471 235 ideo
484 214 639 242 quanquam
663 211 738 234 esset
753 205 893 240 proximus
907 204 1015 232 occasui

224 255 298 288 vitae,
322 254 489 290 iamiamque
513 253 611 280 animae
636 252 760 286 corporis
779 250 937 282 discidium,
955 257 1016 285 quae

225 305 322 328 natura
349 300 452 335 optime
477 292 687 334 conglutinarat,
711 296 905 332 opperiretur;
921 301 1015 323 tamen

225 354 270 378 ea,
289 353 351 380 quae
377 345 507 372 effecerat
531 344 614 371 vitam
637 351 721 378 agt-ns
743 342 939 378 episcopalem,
956 346 1017 369 tan-

225 399 307 426 quam
322 391 427 418 advena
444 394 472 417 et
493 389 664 424 peregrinus,
676 389 709 416 in
727 388 889 416 memoriam
903 395 1017 415 revoca—

227 437 275 465 vit.
296 436 391 471 itaque
406 443 468 462 cum
484 435 510 461 in
525 434 623 467 Deum,
639 439 696 462 tum
711 434 738 461 in
756 434 880 461 homines
898 433 1018 461 charita-

230 487 286 510 tcm
296 481 451 509 arctissimo
462 480 570 508 virtutis
579 481 687 508 vinculo
697 479 832 516 colligavit
842 479 1020 512 Athanasius,

227 528 270 563 qui
285 535 338 554 non
353 527 442 554 solum
459 531 534 554 recte
547 526 636 558 factis,
652 527 699 554 sed
717 527 750 554 ad
763 530 915 554 extremum
933 533 1019 560 usque

225 575 348 602 habitum
369 574 452 601 etiam
478 573 570 600 verbis
592 581 624 600 ea
648 574 728 600 nobis
751 573 863 608 reliquit
881 573 1015 600 virtutum

224 620 364 655 exempla,
383 620 417 647 ad
444 627 505 654 qute
527 619 621 646 oculos
636 619 801 650 attollentes,
831 623 961 653 tanquam
984 618 1018 646 ad

224 667 318 695 stellas
333 667 398 694 dum
409 674 459 702 per
475 666 652 700 caliginosam
672 671 781 693 noctem
801 666 830 692 in
847 666 910 693 vitae
934 665 1017 700 hujus

224 713 320 748 pelago
334 711 527 739 miserabiliter
534 711 683 746 iactamur,
696 718 792 738 omnes
803 710 864 745 eius
885 710 1016 737 decuma-

224 766 277 786 nos
290 758 398 789 fluctus,
415 757 581 791 obortasque
599 760 785 791 tempestates,
795 761 824 784 et
836 764 851 783 a
863 755 1017 783 communis

225 803 372 838 infestique
386 803 474 830 hostis
490 803 598 831 insidiis
612 802 745 830 excitatas
755 802 889 838 procellas
903 802 1018 829 eluden-

226 849 262 877 do
279 848 494 884 cnavigabimus,
509 852 538 876 et
564 848 598 875 ad
613 848 790 882 tranquillum
809 848 912 876 Christi
937 847 1015 883 regni

228 900 337 930 portum
351 894 561 929 applicabimus,
574 894 707 922 habentes
722 902 773 930 pro
784 894 914 929 magistro
933 893 1017 921 Atha-

227 941 360 972 nasium;
376 940 423 975 qui
443 940 520 975 quasi
535 940 718 976 peritissimus
733 940 901 976 gubernator
910 940 1019 967 clavum

228 991 325 1014 tenens
339 986 374 1013 ad
389 986 504 1021 puppim
525 985 629 1017 sedeat,
646 990 770 1013 nostram
792 985 920 1013 ﬁduciam
943 985 1020 1012 exci-

228 1035 277 1064 tet,
293 1035 320 1058 et
339 1031 373 1059 ad
397 1039 430 1058 ea
447 1031 567 1064 demum,
594 1031 667 1058 unde
691 1036 787 1058 nostra
808 1031 912 1066 pendet
935 1031 1019 1064 salus,

228 1077 336 1105 animos
353 1077 439 1104 tollat.

389 1124 452 1150 CAP.
475 1122 530 1150 VII.
554 1138 588 1144 —
606 1123 686 1156 Mors,
709 1123 851 1151 miracula.

264 1168 309 1196 ‘19.
329 1167 405 1195 Hanc
421 1168 502 1203 igitur
513 1167 576 1195 ﬁliis
590 1168 648 1195 suis
660 1168 818 1202 relinquens
834 1167 1020 1194 haereditatem

230 1213 424 1241 sanctissimus
439 1213 617 1246 Athanasius,
640 1213 781 1248 protensis
796 1213 929 1248 speciosis
947 1213 1023 1248 pedi-

231 1260 294 1292 bus,
314 1264 342 1287 et
369 1259 496 1286 innocuis
529 1259 688 1294 compositis
710 1259 854 1292 manibus,
880 1259 1022 1294 oculisque

230 1307 348 1343 graviter
362 1315 395 1335 ac
417 1307 541 1343 religiose
560 1307 594 1335 ad
610 1308 715 1335 cmlum
731 1307 856 1340 sublatis,
878 1312 961 1342 atque
982 1307 1020 1334 ita

231 1357 386 1380 extremum
405 1353 534 1380 locutus:
550 1352 582 1381 ln
601 1361 699 1381 manus
715 1357 786 1386 tuas,
801 1352 927 1385 Domine,
947 1360 1022 1380 com-

231 1399 333 1426 mendo
356 1399 484 1434 spiritum
505 1406 609 1432 meum,
631 1399 770 1434 iucundus
793 1403 821 1426 et
833 1398 913 1426 valde
927 1398 1023 1426 hilaris

231 1445 350 1472 animam
372 1445 406 1472 ah
419 1445 524 1480 angelis
543 1445 656 1480 iamiam
669 1444 858 1472 adducendam
874 1444 1022 1472 exhalavit.

232 1491 320 1519 Homo
336 1491 466 1519 nimirum
480 1491 587 1519 dierum
602 1491 721 1526 Spiritus
741 1491 828 1519 sancti
840 1491 949 1526 plenus,
965 1491 1023 1526 ple-

231 1545 285 1564 nus
295 1537 360 1565 item
373 1537 474 1564 divina:
485 1536 681 1564 muniﬁcentiae
700 1536 790 1569 donis,
805 1544 868 1564 cum
884 1537 1022 1564 caelestem

232 1584 356 1610 laborum
373 1583 622 1610 remunerationem
645 1582 751 1618 liquido
771 1583 939 1618 perspiceret
964 1583 1019 1618 iam

232 1629 392 1662 affuturam,
410 1629 512 1661 eﬁ‘ecit,
532 1633 563 1656 ut
583 1629 738 1663 sapientem
755 1629 844 1662 decet,
860 1633 890 1657 ut
908 1628 1022 1656 minime

233 1682 264 1702 se
279 1675 425 1710 paeniteret
445 1675 508 1702 vitae
529 1678 673 1705 anteactae,
691 1674 740 1701 sed
761 1674 852 1708 potius
873 1674 1020 1703 laetaretur.

233 1721 368 1748 llaturum
383 1720 498 1748 dixisses
514 1720 684 1747 frumentum
699 1720 728 1747 in
749 1719 906 1748 coelestibus
917 1720 1023 1748 horreis

233 1766 418 1797 cendendum,
433 1766 468 1794 ab
482 1766 556 1793 omni
574 1766 750 1793 collectarum
765 1766 872 1802 frugum
885 1766 951 1793 vitio
961 1766 1027 1794 alie-

234 1819 300 1839 num
314 1817 343 1839 et
356 1812 546 1847 incorruptum
563 1820 571 1839 :
588 1815 671 1846 atque
686 1811 748 1839 ideo
767 1811 795 1838 in
809 1811 926 1839 concilio
936 1811 1027 1847 iusto-

234 1865 295 1884 rum
308 1857 391 1884 vitam
418 1856 487 1885 vivit
507 1856 701 1889 immortalem,
718 1857 834 1892 ejusque
857 1864 964 1885 merces
983 1861 1026 1885 est

235 1903 319 1931 multa
341 1903 423 1931 nimis
439 1903 511 1938 apud
525 1902 688 1931 altissimum
711 1902 807 1931 Deum.
830 1903 921 1931 Floret
941 1903 1024 1939 igitur

235 1954 265 1977 ut
281 1949 379 1985 palma,
396 1954 479 1986 utque
492 1949 592 1978 cedrus
607 1953 723 1986 augetur
734 1953 762 1977 ct
774 1950 964 1987 ampliﬁcatur,
974 1951 1021 1987 qui

1035 1561 1058 1592 C

1063 213 1117 241 que
1136 206 1227 233 calore
1246 205 1425 233 tentationum
1443 204 1623 232 aestuantibus
1636 205 1763 232 umbram
1779 205 1852 232 salu-

1064 252 1212 280 berrimam
1225 251 1346 279 exhibet.
1363 250 1535 285 Quapropter
1547 251 1708 277 memoriam
1720 249 1794 285 apud
1805 258 1853 277 nos

1065 298 1245 325 immortalem
1269 301 1455 330 consecutus,
1469 296 1636 324 inexstincta
1660 295 1744 324 etiam
1771 295 1852 331 gloria

1065 342 1226 378 perfruitur.

1101 388 1146 416 20.
1165 387 1286 424 Reliquit
1309 395 1376 416 vero
1391 387 1473 416 nobis
1495 394 1550 414 una
1561 395 1626 415 eum
1641 391 1684 415 ter
1697 387 1779 416 beato
1793 394 1852 415 eor-

1067 443 1134 470 pore
1150 435 1316 470 sepulcrum,
1329 435 1403 470 quod
1417 433 1502 462 veluti
1522 433 1650 468 perennis
1663 433 1726 461 fons
1736 433 1852 461 curatio-

1068 487 1134 507 num
1153 479 1226 507 rivos
1239 479 1368 507 omnibus
1379 486 1442 506 cum
1456 478 1510 506 ﬁde
1522 478 1717 506 accedentibus
1738 478 1852 505 ubertim

1069 524 1194 553 eﬁ‘undit.
1212 525 1394 558 Quamobrem
1411 524 1440 552 in
1462 531 1496 552 eo
1511 524 1649 558 inspicere
1668 524 1853 551 existimemus

1069 571 1248 599 Athanasium
1277 572 1377 607 ipsum,
1394 579 1476 606 quem
1491 571 1586 599 dolore
1603 571 1714 606 pariter,
1730 579 1764 599 ac
1789 571 1854 599 desi-

1068 618 1146 645 derio
1160 618 1365 653 incomparabili
1384 619 1417 646 ad
1433 618 1500 646 illud
1516 618 1679 645 accedentes
1690 618 1855 652 complecta-

1068 673 1140 698 mur,
1151 666 1226 700 sicut
1234 665 1342 692 Patrem
1357 670 1532 697 venerantes,
1544 669 1573 692 et
1583 673 1636 700 qua
1655 672 1705 700 par
1718 670 1761 692 est
1770 665 1854 700 pieta-

1068 715 1096 738 te
1116 715 1332 746 prosequentes;
1363 711 1434 738 sicut
1459 711 1734 739 benemerentissimo
1755 711 1854 746 gratias

1068 762 1182 792 agentes
1197 757 1364 784 immortales
1376 765 1384 789 ;
1401 757 1473 784 sicut
1486 757 1592 784 medico
1606 764 1669 784 cum
1682 756 1767 784 animi
1779 757 1855 792 aegri-

1069 804 1181 832 tudines
1199 809 1255 831 tum
1279 803 1404 838 corporis
1423 808 1603 838 exponentes,
1620 808 1702 838 atque
1723 803 1756 830 ad
1776 803 1854 838 huius

1070 851 1270 878 medicamenta
1287 850 1460 877 festinantes.
1475 849 1622 876 Enimvero
1630 849 1683 876 huc
1691 849 1726 876 ad
1735 849 1855 876 Athana-

1069 898 1101 925 sii
1116 898 1272 932 sepulcrum
1286 896 1459 924 invisendum
1475 895 1590 923 veniunt
1604 895 1686 922 etiam
1700 894 1855 930 quilongio-

1068 943 1106 971 ris
1125 942 1357 978 peregrinationis
1378 941 1430 969 iter
1447 941 1605 975 instituunt,
1623 941 1671 968 ubi
1692 947 1854 976 prosperum

1068 988 1134 1016 item
1150 988 1266 1016 reditum
1274 987 1448 1022 beneprecati
1462 987 1574 1014 domum
1585 993 1662 1014 suam
1669 990 1851 1013 revertuntur.

1068 1033 1196 1060 Mulieres
1203 1040 1310 1068 quoque
1321 1040 1394 1060 nunc
1406 1031 1482 1064 viris,
1499 1039 1574 1059 nunc
1589 1031 1650 1059 ﬁliis
1664 1039 1787 1065 praesens
1802 1038 1854 1058 me-

1070 1080 1266 1111 dicamentum,
1279 1083 1307 1106 et
1318 1079 1414 1106 mortis
1425 1079 1605 1114 prolationem
1619 1077 1856 1113 precabundaaim-

1071 1130 1202 1162 petrant:
1218 1125 1264 1160 qui
1292 1124 1379 1160 rigida
1404 1124 1568 1159 potentioris
1593 1130 1691 1151 manus
1716 1122 1857 1158 tyrannide

1071 1172 1288 1207 opprimuntur,
1312 1175 1460 1206 patronum
1488 1170 1616 1197 invocant
1643 1168 1825 1196 Athanasium
1849 1175 1856 1194 ε

1071 1218 1172 1253 quibus
1185 1224 1235 1252 per
1249 1216 1415 1244 calumniam
1429 1216 1518 1243 aliena
1530 1215 1651 1242 facinora
1672 1214 1858 1243 ascribuntur,

1071 1268 1154 1298 atque
1168 1263 1270 1297 iniuste
1283 1263 1317 1290 ad
1330 1262 1420 1290 forum
1430 1261 1586 1296 rapiuntur,
1605 1266 1748 1288 strenuum
1759 1266 1858 1295 propu-

1069 1313 1209 1345 gnatorem
1225 1308 1348 1336 sentiunt
1356 1307 1549 1335 Athanasium.
1562 1306 1694 1341 Denique,
1701 1309 1733 1333 ut
1740 1311 1859 1332 summa-

1071 1355 1121 1383 tim
1147 1354 1256 1388 dieam,
1284 1362 1382 1382 omnes
1408 1353 1603 1386 Athanasium,
1628 1353 1720 1380 omnia
1746 1352 1859 1382 factum,

1071 1402 1185 1437 eiusque
1198 1401 1329 1429 auxilium
1348 1401 1525 1436 implorantes
1538 1404 1663 1427 votorum
1674 1398 1730 1434 iam
1747 1404 1860 1432 compo-

1074 1452 1115 1476 tes
1133 1447 1235 1480 eﬂ'eeti,
1262 1454 1295 1474 ac
1313 1446 1439 1474 laetantes
1454 1449 1642 1474 revertuntur.
1658 1444 1738 1472 Hunc
1758 1444 1859 1472 etenim

1075 1494 1232 1530 experimur
1252 1493 1330 1529 quasi
1347 1493 1462 1521 alteram
1476 1491 1581 1525 Siloen,
1597 1491 1689 1519 omnia
1702 1490 1786 1518 nobis
1800 1498 1861 1525 per-

1074 1540 1262 1569 turbationum
1289 1539 1416 1568 incendia
1426 1538 1665 1574 exstinguentem,
1682 1537 1862 1571 omniumque

1074 1586 1192 1619 animos,
1217 1589 1246 1613 et
1277 1592 1394 1620 corpora
1424 1583 1632 1619 irrigationibus
1659 1586 1861 1618 unguentorum

1074 1631 1252 1667 fragrantiam
1270 1630 1440 1666 spirantibus
1457 1634 1638 1658 recreantem.
1661 1630 1751 1663 Atque
1764 1628 1862 1656 horum

1074 1677 1270 1705 beneﬁciorum
1293 1684 1345 1704 nos
1360 1684 1469 1712 quoque
1491 1675 1640 1711 participes
1666 1674 1726 1702 ﬁeri
1744 1678 1861 1709 exopta-

1076 1731 1157 1756 mus;
1172 1722 1307 1750 bonorum
1323 1722 1446 1750 omnium
1462 1721 1579 1753 auctori,
1596 1724 1624 1748 et
1645 1720 1673 1748 in
1690 1720 1798 1747 sanctis
1809 1719 1864 1747 suis

1075 1764 1193 1804 glorioso
1205 1767 1306 1804 gratias
1317 1772 1430 1804 agentes
1450 1767 1504 1795 Deo
1520 1774 1603 1795 :eum
1618 1766 1694 1794 enim
1710 1765 1795 1793 decet
1805 1773 1863 1792 om-

1074 1814 1119 1841 nis
1135 1814 1233 1850 gloria,
1248 1813 1348 1846 honor,
1367 1813 1520 1847 veneratio,
1535 1813 1656 1846 Patrem,
1668 1817 1697 1840 et
1712 1811 1827 1844 Filium,
1839 1815 1865 1838 et

1074 1858 1206 1895 Spiritum
1227 1864 1364 1892 sanctum,
1380 1866 1464 1891 nunc,
1475 1864 1503 1886 et
1514 1866 1634 1895 semper,
1649 1863 1678 1887 et
1690 1858 1717 1886 in
1740 1857 1863 1886 omnium

1072 1905 1235 1935 saeculorum
1249 1905 1440 1935 aeternitatem.
1452 1906 1550 1934 Amen.
