1932 3067
143 196 1755 229 Em

821 307 907 329 ANNO
928 307 1076 329 INCERTO.

458 396 1390 488 BABTHOLOMAZUS
1409 461 1430 501 ,

593 565 850 610 EDESSEN
861 565 930 610 US
964 562 1308 609 MONACHUS.

859 738 1038 769 NOTITIA.

730 836 815 868 (Cave,
829 836 929 862 Dissert.
939 835 1026 868 prim,
1042 843 1098 869 pag.
1113 836 1182 869 168.)

174 989 397 1022 Bartholomteus,
412 993 501 1025 gente,
517 988 543 1016 ni
558 987 645 1021 fallor,
664 987 760 1023 Syrus,
783 988 862 1021 civis,
877 994 951 1018 certe
979 990 1145 1023 monachus,
1165 989 1334 1024 Edessenus;
1349 990 1412 1025 quin
1435 997 1487 1019 non
1504 997 1566 1018 raro
1587 998 1616 1019 se
1632 991 1762 1026 simplici—

140 1039 182 1064 ter
196 1035 363 1062 Edessenum
378 1037 459 1061 vocat
472 1041 480 1066 ;
501 1032 590 1059 :etatis
602 1032 747 1060 admodum
762 1033 874 1060 incerta:
890 1034 1018 1069 scriptor,
1035 1034 1111 1069 cujus
1125 1042 1159 1062 ne
1174 1034 1310 1062 levissima
1326 1034 1445 1069 quidem,
1456 1035 1528 1070 quod
1538 1035 1634 1068 sciam,
1646 1035 1763 1063 habetur

140 1079 255 1112 mentio,
273 1078 407 1112 cuiusque
421 1077 448 1104 in
466 1080 527 1104 toto
551 1082 600 1103 suo
617 1075 708 1110 Opere
723 1084 774 1104 nec
795 1077 866 1110 vola,
884 1084 934 1105 nec
948 1078 1107 1114 vestigium;
1123 1079 1164 1105 vir
1182 1086 1235 1106 non
1264 1079 1425 1114 inelegantis
1437 1079 1551 1115 ingenii,
1566 1087 1619 1107 non
1635 1084 1761 1107 contem-

140 1124 235 1151 nendae
257 1121 429 1154 eruditionis,
446 1122 472 1148 in
486 1121 595 1156 scriptis
607 1125 634 1148 et
645 1121 743 1148 ritibus
759 1120 1102 1156 Chaldmorum,Arabum,
1114 1121 1401 1151 Muhammedanorum
1417 1123 1629 1150 versatissimus.
1645 1122 1761 1157 Scripsit

141 1166 287 1193 Elenchum
313 1173 360 1193 seu
378 1164 591 1193 cont‘utationem
612 1164 740 1199 Agareni,
765 1171 817 1199 qua
843 1172 897 1193 non
913 1167 971 1194 sine
991 1175 1089 1202 magno
1100 1167 1200 1202 ingenii
1219 1167 1342 1195 acumine
1359 1172 1386 1195 et
1408 1168 1527 1195 mordaci
1554 1167 1620 1201 sale,
1634 1167 1761 1195 Alcorani

141 1212 257 1246 ineptias
270 1216 298 1239 et
309 1211 506 1238 Muhammedis
519 1216 621 1242 ortum,
635 1211 730 1243 vitam,
745 1218 846 1242 mores.
863 1211 934 1238 ritus
959 1214 987 1237 et
1001 1211 1138 1244 dogmata,
1150 1210 1290 1246 eleganter
1309 1211 1430 1246 exponit.
1449 1211 1523 1244 Opus
1538 1211 1590 1238 hoc
1621 1210 1762 1246 ἀκέφαλον

141 1254 189 1282 Gr.
204 1254 266 1282 Lat.
283 1255 379 1282 extulit
399 1253 493 1289 Steph.
506 1253 543 1282 Le
557 1253 683 1287 Moinlus,
699 1259 726 1281 et
743 1255 814 1281 inter
839 1253 920 1281 Varia
935 1262 983 1283 sua
1012 1255 1096 1282 Sacra
1108 1255 1196 1283 locum
1224 1256 1315 1290 dedit,
1334 1255 1420 1292 Lugd.
1439 1255 1532 1283 Batnv.
1548 1255 1628 1289 1685,
1644 1263 1670 1291 p.
1690 1256 1760 1289 502;

143 1299 326 1332 subnectitur,
339 1299 403 1325 ibid.
418 1306 446 1333 p.
459 1298 523 1332 ηε),
544 1303 675 1326 tractatus
690 1298 757 1325 alter
772 1297 819 1325 Gr.
839 1297 899 1325 Lat.
915 1297 1013 1326 Contra
1031 1299 1253 1334 Multammedem,
1270 1308 1303 1328 an
1321 1300 1442 1334 ejusdem
1453 1301 1586 1333 auctoris,
1602 1308 1654 1328 non
1666 1300 1760 1335 liquet.

143 1343 214 1370 Sunt
228 1349 287 1376 qua:
302 1342 328 1370 id
344 1343 459 1369 suadere
473 1341 617 1369 videantur
636 1342 758 1369 materia:
783 1340 910 1374 allinitas,
935 1343 1057 1370 auctoris
1086 1343 1235 1378 ingenium,
1250 1349 1375 1371 accurata
1404 1351 1496 1372 rerum
1523 1343 1763 1371 Mubammedana-

143 1394 203 1413 rum
216 1386 322 1421 peritia.
337 1386 393 1414 Nec
408 1387 506 1414 desunt
526 1393 586 1421 quae
609 1393 752 1413 assensum
776 1386 856 1420 plane
879 1387 1030 1420 retrahunt,
1047 1388 1182 1422 praecipue
1207 1388 1278 1415 haud
1300 1388 1366 1416 levis
1382 1388 1408 1415 in
1431 1393 1548 1423 utroque
1565 1388 1759 1423 discrepantia.

142 1430 358 1458 Bartholomaaus
379 1431 407 1458 in
424 1430 599 1457 recensendis
613 1429 810 1457 Muhammedis
832 1431 963 1459 uxoribus
976 1436 1003 1459 et
1018 1431 1122 1464 liberis,
1137 1439 1198 1459 cum
1212 1439 1358 1466 anonymo,
1377 1439 1426 1459 nec
1463 1431 1630 1464 nominibus,
1648 1439 1698 1460 nec
1713 1440 1764 1459 nu-

143 1484 230 1508 mero,
245 1476 380 1504 convenit.
398 1476 528 1504 Monacho
553 1475 729 1508 Nestoriano,
745 1476 876 1511 primario
902 1475 1101 1503 Multatnmedis
1113 1475 1139 1502 in
1157 1476 1297 1503 condendo
1308 1475 1445 1503 Alcorano
1467 1475 1637 1512 ὲργοδιώκτῃ
1664 1483 1763 1503 nomen

143 1521 212 1554 apud
229 1520 454 1547 Bartholomaeum
472 1524 514 1547 est
528 1519 676 1553 Pachuras,
696 1521 766 1554 apud
778 1527 941 1555 anonymum
953 1519 1047 1552 Baira,
1059 1523 1089 1547 ut
1099 1519 1152 1547 alia
1166 1519 1222 1554 jam
1236 1520 1351 1547 mittam.
1368 1517 1402 1546 Ut
1416 1523 1446 1546 ut
1464 1519 1510 1552 sit,
1525 1524 1674 1554 utrumque
1690 1527 1759 1554 opus

140 1565 311 1600 iucunditate
318 1570 344 1592 et
355 1564 471 1592 utilitate
484 1572 532 1592 sua
551 1571 581 1592 se
594 1571 756 1599 magnopere
767 1563 974 1592 commendat".

177 1649 282 1678 *Conf.
295 1650 400 1678 Fabric.
413 1650 540 1678 Biblioth.
559 1649 645 1678 Grec.
662 1651 705 1679 ed.
726 1650 822 1679 Harles
837 1655 856 1678 ι.
870 1649 938 1684 VIII,
958 1657 984 1685 p.
1000 1650 1034 1678 86
1051 1655 1108 1679 not.
1126 1658 1201 1682 mm;
1216 1655 1235 1677 ι.
1251 1649 1305 1684 LX,
1320 1657 1347 1685 ρ.
1364 1649 1417 1678 586
1432 1657 1440 1682 ;
1469 1653 1498 1677 et
1520 1648 1609 1677 Catal.
1630 1649 1763 1679 bibliotb.

144 1685 269 1713 Leidens.
288 1693 314 1720 p.
327 1685 388 1719 540,
408 1694 436 1713 n.
455 1685 500 1712 2L

556 1865 767 1897 MONITUM
783 1865 833 1897 IN
847 1865 1097 1904 SEQUENTIA
1120 1864 1344 1897 OPUSCULA.

637 1957 772 1989 (Lsuovss,
791 1957 870 1983 Varia
880 1964 960 1988 sacra,
972 1957 1162 1989 Prolegomena,
1179 1963 1205 1988 p.
1225 1956 1275 1987 l7.)

179 2128 245 2156 Cum
255 2135 288 2156 ex
303 2126 391 2162 legato
403 2125 597 2159 Warneriano,
611 2126 645 2154 ad
660 2125 863 2161 Scaligeranum
875 2129 1060 2160 pergerem,et
1076 2124 1223 2153 desultoria
1237 2124 1351 2161 quadam
1365 2123 1488 2156 libidine,
1506 2124 1586 2151 modo
1599 2123 1644 2151 illo
1655 2143 1663 2156 ,
1684 2123 1764 2153 modo

144 2173 197 2199 isto
213 2171 306 2199 oculos
325 2178 399 2199 meos
410 2177 561 2205 pascerem,
577 2174 604 2198 et
619 2171 763 2205 utriusque
776 2177 842 2204 opes
853 2169 979 2201 mirarer,
990 2176 1023 2196 ac
1052 2169 1233 2204 explorarem,
1250 2168 1333 2196 incidi
1361 2168 1388 2195 in
1410 2167 1624 2202 Disputationem
1648 2166 1766 2195 Bartho-

146 2216 232 2243 lomaai
246 2216 385 2247 Edesseni,
407 2215 542 2250 sequioris
561 2215 621 2248 aevi,
639 2215 666 2242 ni
682 2214 771 2247 fallor,
787 2213 922 2245 monachi,
954 2216 1047 2240 contra
1073 2211 1233 2239 Saracenos.
1257 2210 1334 2246 Opus
1347 2211 1495 2246 Scaligero,
1510 2210 1650 2243 Vulcanio,
1662 2209 1766 2238 Mursio

146 2264 253 2291 notum,
273 2258 435 2293 illorumque
454 2259 541 2286 doctis
557 2258 681 2285 manibus
696 2257 741 2284 diu
755 2258 848 2284 tritum
863 2263 895 2284 ac
914 2260 1061 2288 versatum,
1074 2256 1121 2283 sed
1139 2256 1191 2283 huc
1213 2262 1300 2290 usqtte
1325 2254 1466 2287 ineditutn,
1483 2261 1533 2281 nec
1547 2253 1694 2281 Latinitate
1715 2253 1765 2280 do-

146 2308 252 2330 natum.
269 2302 337 2330 Cum
352 2311 416 2330 vero
444 2303 517 2330 illius
532 2302 614 2330 lectio
629 2310 680 2329 non
699 2301 796 2329 leviter
812 2301 932 2328 animum
954 2299 1085 2332 alliceret,
1100 2306 1131 2326 ac
1144 2298 1170 2325 in
1183 2298 1228 2325 illo
1241 2298 1323 2325 multa
1352 2301 1539 2330 occurrerent,
1553 2297 1586 2324 de
1599 2296 1764 2328 Mahumete,

145 2347 180 2373 de
195 2345 404 2379 Mahumetauis,
418 2347 451 2374 de
479 2347 608 2382 religione
637 2345 909 2377 Muhamedanorum,
921 2345 954 2372 de
965 2344 1047 2371 variis
1061 2343 1132 2378 apud
1149 2342 1208 2369 illos
1227 2342 1338 2375 ritibus,
1357 2346 1436 2377 grata
1459 2348 1492 2368 ac
1519 2340 1649 2375 jucunda,
1670 2348 1732 2375 qua
1750 2348 1764 2367 a

146 2390 294 2417 lectoribus
305 2391 377 2418 sicut
390 2397 442 2417 nec
464 2398 478 2417 a
495 2398 548 2424 me,
564 2398 617 2418 non
636 2391 695 2418 sine
710 2389 826 2423 quadam
852 2388 991 2423 voluptate
1009 2387 1060 2421 legi
1077 2393 1157 2421 posse
1173 2386 1346 2418 videbantur,
1363 2384 1457 2413 statim
1471 2384 1505 2412 de
1524 2391 1606 2419 opere
1628 2391 1689 2411 cum
1703 2384 1765 2411 aliis

144 2434 202 2470 jam
232 2433 334 2468 paratis
357 2434 488 2462 sociande
515 2433 644 2468 cogitavi,
663 2433 815 2460 versionem
832 2431 974 2459 adornavi.
993 2431 1034 2458 Ad
1053 2429 1154 2457 calcem
1168 2437 1234 2457 vero
1260 2429 1341 2456 istius
1368 2428 1473 2457 codicis
1493 2435 1561 2455 mss.
1578 2426 1766 2454 Bartholomwi

147 2478 287 2512 Edesseui,
301 2478 424 2513 quaedam
448 2478 538 2506 addita
561 2478 798 2513 legebantur,quaa
813 2475 993 2503 Mahumetem
1015 2474 1102 2509 ipsum
1124 2473 1292 2508 spectabant.
1323 2472 1388 2506 Quae
1407 2479 1469 2500 cum
1494 2471 1629 2507 superiori
1646 2471 1766 2506 disputa-

147 2521 225 2555 tioni,
240 2521 354 2550 concilio
381 2522 498 2557 quodam
524 2522 614 2550 addita
636 2521 762 2554 fuissent,
779 2527 812 2548 ea
826 2519 853 2548 in
875 2519 996 2548 editione
1008 2524 1102 2547 nostra
1131 2518 1267 2546 noluimus
1286 2517 1445 2546 desiderari.
