  <div class='ocr_page' id='page_1' title='image "/cluster/home/n/w/nwhite01/storage/ocr_20150623/104/njp.32101077772885/699.png"; bbox 0 0 1932 3067; ppageno 0'>
   <div class='ocr_carea' id='block_1_1' title="bbox 187 143 257 175">
    <p class='ocr_par' dir='ltr' id='par_1_1' title="bbox 187 143 257 175">
     <span class='ocr_line' id='line_1_1' title="bbox 187 143 257 175; baseline 0 0"><span class='ocrx_word' id='word_1_1' title='bbox 187 143 257 175; x_wconf 83' lang='lat'><strong>1383</strong></span> 
     </span>
    </p>
   </div>
   <div class='ocr_carea' id='block_1_2' title="bbox 184 219 809 231">
    <p class='ocr_par' dir='ltr' id='par_1_2' title="bbox 184 219 809 231">
     <span class='ocr_line' id='line_1_2' title="bbox 184 219 809 231; baseline -0.002 -1"><span class='ocrx_word' id='word_1_2' title='bbox 184 219 809 231; x_wconf 70' lang='lat'><strong>—————-——————————_</strong></span> 
     </span>
    </p>
   </div>
   <div class='ocr_carea' id='block_1_3' title="bbox 750 144 1241 178">
    <p class='ocr_par' dir='ltr' id='par_1_3' title="bbox 750 144 1241 178">
     <span class='ocr_line' id='line_1_3' title="bbox 750 144 1241 178; baseline 0.002 -1"><span class='ocrx_word' id='word_1_3' title='bbox 750 144 978 177; x_wconf 79' lang='lat' dir='ltr'><strong>BARTHOLOM</strong></span> <span class='ocrx_word' id='word_1_4' title='bbox 987 146 1031 175; x_wconf 74' lang='lat' dir='ltr'><strong>:EI</strong></span> <span class='ocrx_word' id='word_1_5' title='bbox 1053 147 1241 178; x_wconf 88' lang='lat' dir='ltr'><strong>EDESSENI</strong></span> 
     </span>
    </p>
   </div>
   <div class='ocr_carea' id='block_1_4' title="bbox 1737 149 1801 182">
    <p class='ocr_par' dir='ltr' id='par_1_4' title="bbox 1737 149 1801 182">
     <span class='ocr_line' id='line_1_4' title="bbox 1737 149 1801 182; baseline 0.031 -2"><span class='ocrx_word' id='word_1_6' title='bbox 1737 149 1801 182; x_wconf 68' lang='grc'><strong>1384</strong></span> 
     </span>
    </p>
   </div>
   <div class='ocr_carea' id='block_1_5' title="bbox 380 296 1624 360">
    <p class='ocr_par' dir='ltr' id='par_1_5' title="bbox 380 296 1624 360">
     <span class='ocr_line' id='line_1_5' title="bbox 380 296 1624 360; baseline 0.005 -6"><span class='ocrx_word' id='word_1_7' title='bbox 380 296 996 358; x_wconf 88' lang='grc' dir='ltr'><strong>ΒΑΡΘΟΛΟΜΑΙΟΥ</strong></span> <span class='ocrx_word' id='word_1_8' title='bbox 1036 300 1186 358; x_wconf 92' lang='grc' dir='ltr'><strong>ΤΟΥ</strong></span> <span class='ocrx_word' id='word_1_9' title='bbox 1221 297 1624 360; x_wconf 89' lang='grc' dir='ltr'><strong>ΕΔΕΣΗΝΟΥ</strong></span> 
     </span>
    </p>
   </div>
   <div class='ocr_carea' id='block_1_6' title="bbox 692 419 1299 466">
    <p class='ocr_par' dir='ltr' id='par_1_6' title="bbox 692 419 1299 466">
     <span class='ocr_line' id='line_1_6' title="bbox 692 419 1299 466; baseline -0.002 -2"><span class='ocrx_word' id='word_1_10' title='bbox 692 421 954 466; x_wconf 87' lang='grc' dir='ltr'><strong>ΕΔΕΓΧΘΣ</strong></span> <span class='ocrx_word' id='word_1_11' title='bbox 989 419 1299 466; x_wconf 84' lang='grc' dir='ltr'><strong>ΑΓΑΡΗΝΟΥ.</strong></span> 
     </span>
    </p>
   </div>
   <div class='ocr_carea' id='block_1_7' title="bbox 488 603 1508 669">
    <p class='ocr_par' dir='ltr' id='par_1_7' title="bbox 488 603 1508 669">
     <span class='ocr_line' id='line_1_7' title="bbox 488 603 1508 669; baseline 0 -2"><span class='ocrx_word' id='word_1_12' title='bbox 488 603 1081 668; x_wconf 77' lang='lat' dir='ltr'><strong>BARTHOLOM/EI</strong></span> <span class='ocrx_word' id='word_1_13' title='bbox 1129 604 1508 669; x_wconf 90' lang='lat' dir='ltr'><strong>EDESSENI</strong></span> 
     </span>
    </p>
   </div>
   <div class='ocr_carea' id='block_1_8' title="bbox 385 711 1601 771">
    <p class='ocr_par' dir='ltr' id='par_1_8' title="bbox 385 711 1601 771">
     <span class='ocr_line' id='line_1_8' title="bbox 385 711 1601 771; baseline 0.001 -2"><span class='ocrx_word' id='word_1_14' title='bbox 385 729 707 769; x_wconf 85' lang='lat' dir='ltr'><strong>ELENCHUS</strong></span> <span class='ocrx_word' id='word_1_15' title='bbox 746 729 821 769; x_wconf 88' lang='lat' dir='ltr'><strong>ET</strong></span> <span class='ocrx_word' id='word_1_16' title='bbox 858 730 1269 769; x_wconf 81' lang='lat' dir='ltr'><strong>CONFUTATIO</strong></span> <span class='ocrx_word' id='word_1_17' title='bbox 1320 711 1601 771; x_wconf 59' lang='lat' dir='ltr'><strong>AGABENIr</strong></span> 
     </span>
    </p>
   </div>
   <div class='ocr_carea' id='block_1_9' title="bbox 183 1001 899 1012">
    <p class='ocr_par' dir='ltr' id='par_1_9' title="bbox 183 1001 899 1012">
     <span class='ocr_line' id='line_1_9' title="bbox 183 1001 899 1012; baseline -0.003 0"><span class='ocrx_word' id='word_1_18' title='bbox 183 1003 192 1012; x_wconf 73' lang='grc' dir='ltr'>ο</span> <span class='ocrx_word' id='word_1_19' title='bbox 230 1003 238 1011; x_wconf 76' lang='grc' dir='ltr'>ι</span> <span class='ocrx_word' id='word_1_20' title='bbox 277 1003 284 1010; x_wconf 77' lang='grc' dir='ltr'>ι</span> <span class='ocrx_word' id='word_1_21' title='bbox 324 1002 331 1010; x_wconf 76' lang='grc' dir='ltr'>ι</span> <span class='ocrx_word' id='word_1_22' title='bbox 371 1002 378 1009; x_wconf 79' lang='grc' dir='ltr'>ι</span> <span class='ocrx_word' id='word_1_23' title='bbox 419 1003 426 1010; x_wconf 92' lang='grc'>.</span> <span class='ocrx_word' id='word_1_24' title='bbox 467 1001 475 1010; x_wconf 68' lang='grc' dir='ltr'>ο</span> <span class='ocrx_word' id='word_1_25' title='bbox 514 1002 522 1009; x_wconf 80' lang='grc' dir='ltr'>ι</span> <span class='ocrx_word' id='word_1_26' title='bbox 561 1003 569 1010; x_wconf 85' lang='grc'><strong>.</strong></span> <span class='ocrx_word' id='word_1_27' title='bbox 609 1002 616 1009; x_wconf 83' lang='grc' dir='ltr'>ι</span> <span class='ocrx_word' id='word_1_28' title='bbox 656 1002 664 1009; x_wconf 74' lang='grc' dir='ltr'>ι</span> <span class='ocrx_word' id='word_1_29' title='bbox 703 1002 710 1008; x_wconf 86' lang='grc'><strong>-</strong></span> <span class='ocrx_word' id='word_1_30' title='bbox 750 1003 758 1010; x_wconf 79' lang='lat'>.</span> <span class='ocrx_word' id='word_1_31' title='bbox 798 1002 805 1009; x_wconf 87' lang='lat'><strong><em>-</em></strong></span> <span class='ocrx_word' id='word_1_32' title='bbox 847 1002 854 1010; x_wconf 74' lang='grc' dir='ltr'>ο</span> <span class='ocrx_word' id='word_1_33' title='bbox 892 1002 899 1010; x_wconf 78' lang='grc' dir='ltr'>ι</span> 
     </span>
    </p>
   </div>
   <div class='ocr_carea' id='block_1_10' title="bbox 217 1027 964 1063">
    <p class='ocr_par' dir='ltr' id='par_1_10' title="bbox 217 1027 964 1063">
     <span class='ocr_line' id='line_1_10' title="bbox 217 1027 964 1063; baseline -0.003 -6"><span class='ocrx_word' id='word_1_34' title='bbox 217 1031 250 1057; x_wconf 88' lang='grc' dir='ltr'><strong>Ει</strong></span> <span class='ocrx_word' id='word_1_35' title='bbox 264 1031 321 1057; x_wconf 72' lang='grc' dir='ltr'>ὶιωο</span> <span class='ocrx_word' id='word_1_36' title='bbox 336 1029 425 1056; x_wconf 85' lang='lat' dir='ltr'><strong>iuteni</strong></span> <span class='ocrx_word' id='word_1_37' title='bbox 440 1028 548 1063; x_wconf 78' lang='lat' dir='ltr'><strong>scriptis</strong></span> <span class='ocrx_word' id='word_1_38' title='bbox 575 1028 702 1055; x_wconf 84' lang='lat' dir='ltr'><strong>mandata</strong></span> <span class='ocrx_word' id='word_1_39' title='bbox 717 1028 742 1054; x_wconf 91' lang='lat' dir='ltr'><strong>in</strong></span> <span class='ocrx_word' id='word_1_40' title='bbox 756 1032 800 1054; x_wconf 87' lang='lat' dir='ltr'><strong>tuo</strong></span> <span class='ocrx_word' id='word_1_41' title='bbox 820 1027 964 1055; x_wconf 85' lang='lat' dir='ltr'><strong>Alcorano.</strong></span> 
     </span>
    </p>
   </div>
   <div class='ocr_carea' id='block_1_11' title="bbox 183 1072 963 1111">
    <p class='ocr_par' dir='ltr' id='par_1_11' title="bbox 183 1072 963 1111">
     <span class='ocr_line' id='line_1_11' title="bbox 183 1072 963 1111; baseline -0.008 -7"><span class='ocrx_word' id='word_1_42' title='bbox 183 1078 258 1111; x_wconf 86' lang='lat' dir='ltr'><strong>Quod</strong></span> <span class='ocrx_word' id='word_1_43' title='bbox 277 1084 339 1103; x_wconf 83' lang='lat' dir='ltr'><strong>vero</strong></span> <span class='ocrx_word' id='word_1_44' title='bbox 369 1075 448 1106; x_wconf 83' lang='lat' dir='ltr'><strong>dicis,</strong></span> <span class='ocrx_word' id='word_1_45' title='bbox 463 1081 547 1109; x_wconf 86' lang='lat' dir='ltr'><strong>quare</strong></span> <span class='ocrx_word' id='word_1_46' title='bbox 569 1074 705 1102; x_wconf 84' lang='lat' dir='ltr'><strong>Christum</strong></span> <span class='ocrx_word' id='word_1_47' title='bbox 721 1073 857 1100; x_wconf 76' lang='lat' dir='ltr'><strong>conlileris</strong></span> <span class='ocrx_word' id='word_1_48' title='bbox 882 1072 963 1099; x_wconf 86' lang='lat' dir='ltr'><strong>Deum</strong></span> 
     </span>
    </p>
   </div>
   <div class='ocr_carea' id='block_1_12' title="bbox 181 1119 965 1157">
    <p class='ocr_par' dir='ltr' id='par_1_12' title="bbox 181 1119 965 1157">
     <span class='ocr_line' id='line_1_12' title="bbox 181 1119 965 1157; baseline -0.008 -7"><span class='ocrx_word' id='word_1_49' title='bbox 181 1131 261 1157; x_wconf 88' lang='lat' dir='ltr'><strong>quent</strong></span> <span class='ocrx_word' id='word_1_50' title='bbox 288 1122 362 1148; x_wconf 80' lang='lat' dir='ltr'><strong>cruci</strong></span> <span class='ocrx_word' id='word_1_51' title='bbox 390 1120 522 1153; x_wconf 77' lang='lat' dir='ltr'><strong>aliixistis,</strong></span> <span class='ocrx_word' id='word_1_52' title='bbox 550 1124 577 1147; x_wconf 87' lang='lat' dir='ltr'><strong>et</strong></span> <span class='ocrx_word' id='word_1_53' title='bbox 595 1119 716 1153; x_wconf 78' lang='lat' dir='ltr'><strong>sepulcro</strong></span> <span class='ocrx_word' id='word_1_54' title='bbox 747 1119 923 1145; x_wconf 64' lang='lat' dir='ltr'><strong>COIltlitii&gt;li$?</strong></span> <span class='ocrx_word' id='word_1_55' title='bbox 938 1123 965 1145; x_wconf 87' lang='lat' dir='ltr'><strong>et</strong></span> 
     </span>
    </p>
   </div>
   <div class='ocr_carea' id='block_1_13' title="bbox 181 1164 965 1202">
    <p class='ocr_par' dir='ltr' id='par_1_13' title="bbox 181 1164 965 1202">
     <span class='ocr_line' id='line_1_13' title="bbox 181 1164 965 1202; baseline -0.009 -6"><span class='ocrx_word' id='word_1_56' title='bbox 181 1176 276 1196; x_wconf 81' lang='lat' dir='ltr'><strong>rursus</strong></span> <span class='ocrx_word' id='word_1_57' title='bbox 290 1167 424 1202; x_wconf 84' lang='lat' dir='ltr'><strong>quomodo</strong></span> <span class='ocrx_word' id='word_1_58' title='bbox 439 1167 521 1192; x_wconf 88' lang='lat' dir='ltr'><strong>Deum</strong></span> <span class='ocrx_word' id='word_1_59' title='bbox 535 1172 624 1192; x_wconf 85' lang='lat' dir='ltr'><strong>rerum</strong></span> <span class='ocrx_word' id='word_1_60' title='bbox 652 1165 771 1191; x_wconf 88' lang='lat' dir='ltr'><strong>ontniunt</strong></span> <span class='ocrx_word' id='word_1_61' title='bbox 793 1164 915 1198; x_wconf 65' lang='lat' dir='ltr'><strong>opiﬁcem</strong></span> <span class='ocrx_word' id='word_1_62' title='bbox 939 1169 965 1190; x_wconf 84' lang='lat' dir='ltr'><strong>et</strong></span> 
     </span>
    </p>
   </div>
   <div class='ocr_carea' id='block_1_14' title="bbox 181 1208 965 1243">
    <p class='ocr_par' dir='ltr' id='par_1_14' title="bbox 181 1208 965 1243">
     <span class='ocr_line' id='line_1_14' title="bbox 181 1208 965 1243; baseline -0.008 -3"><span class='ocrx_word' id='word_1_63' title='bbox 181 1218 330 1240; x_wconf 78' lang='lat' dir='ltr'><strong>creatorem</strong></span> <span class='ocrx_word' id='word_1_64' title='bbox 358 1212 384 1237; x_wconf 89' lang='lat' dir='ltr'><strong>in</strong></span> <span class='ocrx_word' id='word_1_65' title='bbox 401 1215 476 1237; x_wconf 86' lang='lat' dir='ltr'><strong>utero</strong></span> <span class='ocrx_word' id='word_1_66' title='bbox 495 1209 602 1236; x_wconf 78' lang='lat' dir='ltr'><strong>femina:</strong></span> <span class='ocrx_word' id='word_1_67' title='bbox 623 1208 814 1242; x_wconf 74' lang='lat' dir='ltr'><strong>comprehendi</strong></span> <span class='ocrx_word' id='word_1_68' title='bbox 845 1208 965 1243; x_wconf 84' lang='lat' dir='ltr'><strong>potuisse</strong></span> 
     </span>
    </p>
   </div>
   <div class='ocr_carea' id='block_1_15' title="bbox 181 1254 965 1290">
    <p class='ocr_par' dir='ltr' id='par_1_15' title="bbox 181 1254 965 1290">
     <span class='ocr_line' id='line_1_15' title="bbox 181 1254 965 1290; baseline -0.008 -5"><span class='ocrx_word' id='word_1_69' title='bbox 181 1257 354 1289; x_wconf 74' lang='lat' dir='ltr'><strong>existimatis,</strong></span> <span class='ocrx_word' id='word_1_70' title='bbox 366 1261 393 1283; x_wconf 89' lang='lat' dir='ltr'><strong>et</strong></span> <span class='ocrx_word' id='word_1_71' title='bbox 406 1255 528 1290; x_wconf 74' lang='lat' dir='ltr'><strong>generari</strong></span> <span class='ocrx_word' id='word_1_72' title='bbox 542 1260 567 1281; x_wconf 86' lang='lat' dir='ltr'><strong>et</strong></span> <span class='ocrx_word' id='word_1_73' title='bbox 580 1255 663 1286; x_wconf 84' lang='lat' dir='ltr'><strong>nasci,</strong></span> <span class='ocrx_word' id='word_1_74' title='bbox 677 1260 704 1279; x_wconf 90' lang='lat' dir='ltr'><strong>ut</strong></span> <span class='ocrx_word' id='word_1_75' title='bbox 716 1254 759 1280; x_wconf 80' lang='lat' dir='ltr'><strong>alii</strong></span> <span class='ocrx_word' id='word_1_76' title='bbox 783 1255 904 1280; x_wconf 74' lang='lat' dir='ltr'><strong>homines</strong></span> <span class='ocrx_word' id='word_1_77' title='bbox 919 1261 965 1279; x_wconf 86' lang='lat' dir='ltr'><strong>so-</strong></span> 
     </span>
    </p>
   </div>
   <div class='ocr_carea' id='block_1_16' title="bbox 181 1299 966 1336">
    <p class='ocr_par' dir='ltr' id='par_1_16' title="bbox 181 1299 966 1336">
     <span class='ocr_line' id='line_1_16' title="bbox 181 1299 966 1336; baseline -0.008 -6"><span class='ocrx_word' id='word_1_78' title='bbox 181 1305 247 1336; x_wconf 82' lang='lat' dir='ltr'><strong>lent,</strong></span> <span class='ocrx_word' id='word_1_79' title='bbox 266 1309 290 1329; x_wconf 83' lang='lat' dir='ltr'><strong>et</strong></span> <span class='ocrx_word' id='word_1_80' title='bbox 317 1301 420 1329; x_wconf 85' lang='lat' dir='ltr'><strong>vocalis</strong></span> <span class='ocrx_word' id='word_1_81' title='bbox 436 1306 569 1328; x_wconf 89' lang='lat' dir='ltr'><strong>terrenam</strong></span> <span class='ocrx_word' id='word_1_82' title='bbox 602 1299 734 1331; x_wconf 79' lang='lat' dir='ltr'><strong>Mariam,</strong></span> <span class='ocrx_word' id='word_1_83' title='bbox 756 1299 911 1327; x_wconf 67' lang='lat' dir='ltr'><strong>&#39;l‘lieotown</strong></span> <span class='ocrx_word' id='word_1_84' title='bbox 938 1304 966 1325; x_wconf 85' lang='lat' dir='ltr'><strong>et</strong></span> 
     </span>
    </p>
   </div>
   <div class='ocr_carea' id='block_1_17' title="bbox 184 1346 964 1382">
    <p class='ocr_par' dir='ltr' id='par_1_17' title="bbox 184 1346 964 1382">
     <span class='ocr_line' id='line_1_17' title="bbox 184 1346 964 1382; baseline -0.008 -5"><span class='ocrx_word' id='word_1_85' title='bbox 184 1351 230 1378; x_wconf 83' lang='lat' dir='ltr'><strong>Dei</strong></span> <span class='ocrx_word' id='word_1_86' title='bbox 245 1349 409 1377; x_wconf 83' lang='lat' dir='ltr'><strong>Genitricem</strong></span> <span class='ocrx_word' id='word_1_87' title='bbox 421 1347 432 1374; x_wconf 72' lang='lat' dir='ltr'><strong>‘l</strong></span> <span class='ocrx_word' id='word_1_88' title='bbox 445 1349 580 1382; x_wconf 83' lang='lat' dir='ltr'><strong>quomodo</strong></span> <span class='ocrx_word' id='word_1_89' title='bbox 594 1347 682 1373; x_wconf 75' lang='lat' dir='ltr'><strong>dicitis</strong></span> <span class='ocrx_word' id='word_1_90' title='bbox 695 1346 765 1372; x_wconf 76' lang='lat' dir='ltr'><strong>illam</strong></span> <span class='ocrx_word' id='word_1_91' title='bbox 781 1353 839 1372; x_wconf 77' lang='lat' dir='ltr'><strong>esse</strong></span> <span class='ocrx_word' id='word_1_92' title='bbox 851 1351 964 1372; x_wconf 84' lang='lat' dir='ltr'><strong>matrem</strong></span> 
     </span>
    </p>
   </div>
   <div class='ocr_carea' id='block_1_18' title="bbox 182 1390 965 1428">
    <p class='ocr_par' dir='ltr' id='par_1_18' title="bbox 182 1390 965 1428">
     <span class='ocr_line' id='line_1_18' title="bbox 182 1390 965 1428; baseline -0.006 -6"><span class='ocrx_word' id='word_1_93' title='bbox 182 1395 242 1428; x_wconf 82' lang='lat' dir='ltr'><strong>Dei,</strong></span> <span class='ocrx_word' id='word_1_94' title='bbox 256 1400 283 1421; x_wconf 87' lang='lat' dir='ltr'><strong>et</strong></span> <span class='ocrx_word' id='word_1_95' title='bbox 298 1393 393 1421; x_wconf 78' lang='lat' dir='ltr'><strong>Filium</strong></span> <span class='ocrx_word' id='word_1_96' title='bbox 408 1393 452 1420; x_wconf 88' lang='lat' dir='ltr'><strong>Dei</strong></span> <span class='ocrx_word' id='word_1_97' title='bbox 467 1393 502 1419; x_wconf 81' lang='lat' dir='ltr'><strong>ab</strong></span> <span class='ocrx_word' id='word_1_98' title='bbox 526 1392 568 1418; x_wconf 86' lang='lat' dir='ltr'><strong>illa</strong></span> <span class='ocrx_word' id='word_1_99' title='bbox 581 1391 757 1426; x_wconf 68' lang='lat' dir='ltr'><strong>generatum?</strong></span> <span class='ocrx_word' id='word_1_100' title='bbox 774 1397 800 1418; x_wconf 92' lang='lat' dir='ltr'><strong>et</strong></span> <span class='ocrx_word' id='word_1_101' title='bbox 824 1392 846 1417; x_wconf 88' lang='lat' dir='ltr'><strong>si</strong></span> <span class='ocrx_word' id='word_1_102' title='bbox 867 1397 905 1417; x_wconf 88' lang='lat' dir='ltr'><strong>est</strong></span> <span class='ocrx_word' id='word_1_103' title='bbox 922 1390 965 1417; x_wconf 86' lang='lat' dir='ltr'><strong>Fi-</strong></span> 
     </span>
    </p>
   </div>
   <div class='ocr_carea' id='block_1_19' title="bbox 181 1436 965 1473">
    <p class='ocr_par' dir='ltr' id='par_1_19' title="bbox 181 1436 965 1473">
     <span class='ocr_line' id='line_1_19' title="bbox 181 1436 965 1473; baseline -0.006 -6"><span class='ocrx_word' id='word_1_104' title='bbox 181 1441 232 1467; x_wconf 75' lang='lat' dir='ltr'><strong>lius</strong></span> <span class='ocrx_word' id='word_1_105' title='bbox 244 1440 301 1472; x_wconf 89' lang='lat' dir='ltr'><strong>Dei,</strong></span> <span class='ocrx_word' id='word_1_106' title='bbox 319 1438 452 1473; x_wconf 89' lang='lat' dir='ltr'><strong>quomodo</strong></span> <span class='ocrx_word' id='word_1_107' title='bbox 466 1445 496 1464; x_wconf 87' lang='lat' dir='ltr'><strong>ea</strong></span> <span class='ocrx_word' id='word_1_108' title='bbox 515 1444 575 1471; x_wconf 71' lang='lat' dir='ltr'><strong>qua:</strong></span> <span class='ocrx_word' id='word_1_109' title='bbox 587 1437 658 1462; x_wconf 78' lang='lat' dir='ltr'><strong>illum</strong></span> <span class='ocrx_word' id='word_1_110' title='bbox 676 1436 788 1471; x_wconf 73' lang='lat' dir='ltr'><strong>peperit,</strong></span> <span class='ocrx_word' id='word_1_111' title='bbox 806 1440 894 1470; x_wconf 83' lang='lat' dir='ltr'><strong>potest</strong></span> <span class='ocrx_word' id='word_1_112' title='bbox 906 1443 965 1462; x_wconf 78' lang='lat' dir='ltr'><strong>esse</strong></span> 
     </span>
    </p>
   </div>
   <div class='ocr_carea' id='block_1_20' title="bbox 183 1483 963 1520">
    <p class='ocr_par' dir='ltr' id='par_1_20' title="bbox 183 1483 963 1520">
     <span class='ocr_line' id='line_1_20' title="bbox 183 1483 963 1520; baseline -0.006 -7"><span class='ocrx_word' id='word_1_113' title='bbox 183 1487 230 1513; x_wconf 86' lang='lat' dir='ltr'><strong>Dei</strong></span> <span class='ocrx_word' id='word_1_114' title='bbox 263 1485 397 1520; x_wconf 76' lang='lat' dir='ltr'><strong>genitrix?</strong></span> <span class='ocrx_word' id='word_1_115' title='bbox 427 1484 521 1510; x_wconf 71' lang='lat' dir='ltr'><strong>Dicitis</strong></span> <span class='ocrx_word' id='word_1_116' title='bbox 546 1484 655 1517; x_wconf 85' lang='lat' dir='ltr'><strong>insuper</strong></span> <span class='ocrx_word' id='word_1_117' title='bbox 690 1483 860 1509; x_wconf 74' lang='lat' dir='ltr'><strong>(.hristiani:</strong></span> <span class='ocrx_word' id='word_1_118' title='bbox 884 1483 963 1508; x_wconf 84' lang='lat' dir='ltr'><strong>Deum</strong></span> 
     </span>
    </p>
   </div>
   <div class='ocr_carea' id='block_1_21' title="bbox 182 1527 964 1564">
    <p class='ocr_par' dir='ltr' id='par_1_21' title="bbox 182 1527 964 1564">
     <span class='ocr_line' id='line_1_21' title="bbox 182 1527 964 1564; baseline -0.005 -8"><span class='ocrx_word' id='word_1_119' title='bbox 182 1529 352 1564; x_wconf 74' lang='lat' dir='ltr'><strong>agnoscimus</strong></span> <span class='ocrx_word' id='word_1_120' title='bbox 366 1528 541 1555; x_wconf 74' lang='lat' dir='ltr'><strong>substantiam</strong></span> <span class='ocrx_word' id='word_1_121' title='bbox 553 1527 612 1554; x_wconf 82' lang='lat' dir='ltr'><strong>siue</strong></span> <span class='ocrx_word' id='word_1_122' title='bbox 634 1533 727 1557; x_wconf 80' lang='lat' dir='ltr'><strong>causa,</strong></span> <span class='ocrx_word' id='word_1_123' title='bbox 745 1535 832 1553; x_wconf 88' lang='lat' dir='ltr'><strong>rerutn</strong></span> <span class='ocrx_word' id='word_1_124' title='bbox 845 1528 964 1553; x_wconf 88' lang='lat' dir='ltr'><strong>otnnitttn</strong></span> 
     </span>
    </p>
   </div>
   <div class='ocr_carea' id='block_1_22' title="bbox 183 1570 1000 1609">
    <p class='ocr_par' dir='ltr' id='par_1_22' title="bbox 183 1570 1000 1609">
     <span class='ocr_line' id='line_1_22' title="bbox 183 1570 1000 1609; baseline -0.006 -7"><span class='ocrx_word' id='word_1_125' title='bbox 183 1584 290 1603; x_wconf 81' lang='lat' dir='ltr'><strong>causam</strong></span> <span class='ocrx_word' id='word_1_126' title='bbox 309 1575 535 1609; x_wconf 80' lang='lat' dir='ltr'><strong>potentissimum,</strong></span> <span class='ocrx_word' id='word_1_127' title='bbox 549 1573 729 1605; x_wconf 56' lang='lat' dir='ltr'><strong>verissimam,</strong></span> <span class='ocrx_word' id='word_1_128' title='bbox 743 1575 815 1600; x_wconf 88' lang='lat' dir='ltr'><strong>omni</strong></span> <span class='ocrx_word' id='word_1_129' title='bbox 834 1574 884 1599; x_wconf 86' lang='lat' dir='ltr'><strong>alia</strong></span> <span class='ocrx_word' id='word_1_130' title='bbox 899 1574 963 1600; x_wconf 88' lang='lat' dir='ltr'><strong>sub-</strong></span> <span class='ocrx_word' id='word_1_131' title='bbox 979 1570 1000 1597; x_wconf 80' lang='grc' dir='ltr'>Β</span> 
     </span>
    </p>
   </div>
   <div class='ocr_carea' id='block_1_23' title="bbox 181 1620 961 1654">
    <p class='ocr_par' dir='ltr' id='par_1_23' title="bbox 181 1620 961 1654">
     <span class='ocr_line' id='line_1_23' title="bbox 181 1620 961 1654; baseline -0.004 -6"><span class='ocrx_word' id='word_1_132' title='bbox 181 1624 280 1649; x_wconf 73' lang='lat' dir='ltr'><strong>stantia</strong></span> <span class='ocrx_word' id='word_1_133' title='bbox 293 1627 319 1648; x_wconf 88' lang='lat' dir='ltr'><strong>et</strong></span> <span class='ocrx_word' id='word_1_134' title='bbox 332 1627 426 1647; x_wconf 81' lang='lat' dir='ltr'><strong>natura</strong></span> <span class='ocrx_word' id='word_1_135' title='bbox 443 1620 621 1654; x_wconf 74' lang='lat' dir='ltr'><strong>superiorem,</strong></span> <span class='ocrx_word' id='word_1_136' title='bbox 639 1620 698 1646; x_wconf 77' lang='lat' dir='ltr'><strong>sine.</strong></span> <span class='ocrx_word' id='word_1_137' title='bbox 712 1620 844 1654; x_wconf 84' lang='lat' dir='ltr'><strong>principio</strong></span> <span class='ocrx_word' id='word_1_138' title='bbox 857 1620 961 1646; x_wconf 82' lang='lat' dir='ltr'><strong>etiine:</strong></span> 
     </span>
    </p>
   </div>
   <div class='ocr_carea' id='block_1_24' title="bbox 182 1665 961 1700">
    <p class='ocr_par' dir='ltr' id='par_1_24' title="bbox 182 1665 961 1700">
     <span class='ocr_line' id='line_1_24' title="bbox 182 1665 961 1700; baseline -0.003 -7"><span class='ocrx_word' id='word_1_139' title='bbox 182 1667 253 1700; x_wconf 88' lang='lat' dir='ltr'><strong>quod</strong></span> <span class='ocrx_word' id='word_1_140' title='bbox 270 1672 311 1693; x_wconf 84' lang='lat' dir='ltr'><strong>est</strong></span> <span class='ocrx_word' id='word_1_141' title='bbox 329 1674 391 1692; x_wconf 82' lang='lat' dir='ltr'><strong>vero</strong></span> <span class='ocrx_word' id='word_1_142' title='bbox 405 1666 464 1692; x_wconf 84' lang='lat' dir='ltr'><strong>sine</strong></span> <span class='ocrx_word' id='word_1_143' title='bbox 480 1666 612 1699; x_wconf 85' lang='lat' dir='ltr'><strong>principio</strong></span> <span class='ocrx_word' id='word_1_144' title='bbox 627 1671 668 1691; x_wconf 85' lang='lat' dir='ltr'><strong>est</strong></span> <span class='ocrx_word' id='word_1_145' title='bbox 679 1665 789 1691; x_wconf 84' lang='lat' dir='ltr'><strong>omnino</strong></span> <span class='ocrx_word' id='word_1_146' title='bbox 803 1666 961 1691; x_wconf 70' lang='lat' dir='ltr'><strong>int-reatum.</strong></span> 
     </span>
    </p>
   </div>
   <div class='ocr_carea' id='block_1_25' title="bbox 182 1710 961 1747">
    <p class='ocr_par' dir='ltr' id='par_1_25' title="bbox 182 1710 961 1747">
     <span class='ocr_line' id='line_1_25' title="bbox 182 1710 961 1747; baseline -0.005 -8"><span class='ocrx_word' id='word_1_147' title='bbox 182 1713 403 1747; x_wconf 71' lang='lat' dir='ltr'><strong>Quandoquidem</strong></span> <span class='ocrx_word' id='word_1_148' title='bbox 419 1719 483 1745; x_wconf 67' lang='lat' dir='ltr'><strong>ergo</strong></span> <span class='ocrx_word' id='word_1_149' title='bbox 495 1716 535 1738; x_wconf 87' lang='lat' dir='ltr'><strong>est</strong></span> <span class='ocrx_word' id='word_1_150' title='bbox 553 1719 642 1738; x_wconf 87' lang='lat' dir='ltr'><strong>rerum</strong></span> <span class='ocrx_word' id='word_1_151' title='bbox 662 1711 781 1737; x_wconf 89' lang='lat' dir='ltr'><strong>omnium</strong></span> <span class='ocrx_word' id='word_1_152' title='bbox 798 1710 878 1740; x_wconf 80' lang='lat' dir='ltr'><strong>Dens,</strong></span> <span class='ocrx_word' id='word_1_153' title='bbox 894 1719 961 1744; x_wconf 85' lang='lat' dir='ltr'><strong>quo-</strong></span> 
     </span>
    </p>
   </div>
   <div class='ocr_carea' id='block_1_26' title="bbox 183 1757 962 1793">
    <p class='ocr_par' dir='ltr' id='par_1_26' title="bbox 183 1757 962 1793">
     <span class='ocr_line' id='line_1_26' title="bbox 183 1757 962 1793; baseline -0.006 -7"><span class='ocrx_word' id='word_1_154' title='bbox 183 1760 261 1787; x_wconf 87' lang='lat' dir='ltr'><strong>tnudo</strong></span> <span class='ocrx_word' id='word_1_155' title='bbox 276 1764 362 1793; x_wconf 78' lang='lat' dir='ltr'><strong>potest</strong></span> <span class='ocrx_word' id='word_1_156' title='bbox 380 1765 440 1784; x_wconf 76' lang='lat' dir='ltr'><strong>esse</strong></span> <span class='ocrx_word' id='word_1_157' title='bbox 457 1758 593 1791; x_wconf 83' lang='lat' dir='ltr'><strong>particeps</strong></span> <span class='ocrx_word' id='word_1_158' title='bbox 609 1757 821 1790; x_wconf 76' lang='lat' dir='ltr'><strong>iugeneratiouis</strong></span> <span class='ocrx_word' id='word_1_159' title='bbox 837 1761 863 1782; x_wconf 86' lang='lat' dir='ltr'><strong>et</strong></span> <span class='ocrx_word' id='word_1_160' title='bbox 880 1764 962 1789; x_wconf 62' lang='lat' dir='ltr'><strong>gerie-</strong></span> 
     </span>
    </p>
   </div>
   <div class='ocr_carea' id='block_1_27' title="bbox 182 1803 963 1840">
    <p class='ocr_par' dir='ltr' id='par_1_27' title="bbox 182 1803 963 1840">
     <span class='ocr_line' id='line_1_27' title="bbox 182 1803 963 1840; baseline -0.006 -7"><span class='ocrx_word' id='word_1_161' title='bbox 182 1806 305 1836; x_wconf 83' lang='lat' dir='ltr'><strong>rationis,</strong></span> <span class='ocrx_word' id='word_1_162' title='bbox 325 1810 353 1831; x_wconf 91' lang='lat' dir='ltr'><strong>ut</strong></span> <span class='ocrx_word' id='word_1_163' title='bbox 373 1812 420 1831; x_wconf 78' lang='lat' dir='ltr'><strong>vos</strong></span> <span class='ocrx_word' id='word_1_164' title='bbox 435 1804 582 1830; x_wconf 69' lang='lat' dir='ltr'><strong>Christiani</strong></span> <span class='ocrx_word' id='word_1_165' title='bbox 596 1803 717 1830; x_wconf 78' lang='lat' dir='ltr'><strong>asseritis</strong></span> <span class='ocrx_word' id='word_1_166' title='bbox 728 1803 738 1828; x_wconf 85' lang='lat'><strong>‘?</strong></span> <span class='ocrx_word' id='word_1_167' title='bbox 749 1803 798 1840; x_wconf 80' lang='lat' dir='ltr'><strong>Qui</strong></span> <span class='ocrx_word' id='word_1_168' title='bbox 813 1811 864 1829; x_wconf 89' lang='lat' dir='ltr'><strong>non</strong></span> <span class='ocrx_word' id='word_1_169' title='bbox 883 1804 963 1828; x_wconf 84' lang='lat' dir='ltr'><strong>habet</strong></span> 
     </span>
    </p>
   </div>
   <div class='ocr_carea' id='block_1_28' title="bbox 181 1847 962 1885">
    <p class='ocr_par' dir='ltr' id='par_1_28' title="bbox 181 1847 962 1885">
     <span class='ocr_line' id='line_1_28' title="bbox 181 1847 962 1885; baseline -0.006 -7"><span class='ocrx_word' id='word_1_170' title='bbox 181 1852 301 1885; x_wconf 77' lang='lat' dir='ltr'><strong>genitura</strong></span> <span class='ocrx_word' id='word_1_171' title='bbox 315 1851 431 1881; x_wconf 83' lang='lat' dir='ltr'><strong>Patrem,</strong></span> <span class='ocrx_word' id='word_1_172' title='bbox 454 1850 588 1884; x_wconf 87' lang='lat' dir='ltr'><strong>quomodo</strong></span> <span class='ocrx_word' id='word_1_173' title='bbox 601 1848 687 1875; x_wconf 77' lang='lat' dir='ltr'><strong>factus</strong></span> <span class='ocrx_word' id='word_1_174' title='bbox 703 1852 742 1874; x_wconf 69' lang='lat' dir='ltr'><strong>est</strong></span> <span class='ocrx_word' id='word_1_175' title='bbox 755 1848 832 1874; x_wconf 79' lang='lat' dir='ltr'><strong>Pater</strong></span> <span class='ocrx_word' id='word_1_176' title='bbox 844 1847 855 1874; x_wconf 89' lang='lat'><strong>?</strong></span> <span class='ocrx_word' id='word_1_177' title='bbox 869 1854 962 1874; x_wconf 78' lang='lat' dir='ltr'><strong>Osten-</strong></span> 
     </span>
    </p>
   </div>
   <div class='ocr_carea' id='block_1_29' title="bbox 181 1894 960 1930">
    <p class='ocr_par' dir='ltr' id='par_1_29' title="bbox 181 1894 960 1930">
     <span class='ocr_line' id='line_1_29' title="bbox 181 1894 960 1930; baseline -0.006 -6"><span class='ocrx_word' id='word_1_178' title='bbox 181 1898 250 1924; x_wconf 87' lang='lat' dir='ltr'><strong>datis</strong></span> <span class='ocrx_word' id='word_1_179' title='bbox 267 1898 347 1923; x_wconf 86' lang='lat' dir='ltr'><strong>etiam</strong></span> <span class='ocrx_word' id='word_1_180' title='bbox 362 1895 440 1922; x_wconf 84' lang='lat' dir='ltr'><strong>nobis</strong></span> <span class='ocrx_word' id='word_1_181' title='bbox 457 1896 590 1929; x_wconf 88' lang='lat' dir='ltr'><strong>quomodo</strong></span> <span class='ocrx_word' id='word_1_182' title='bbox 604 1895 672 1922; x_wconf 75' lang='lat' dir='ltr'><strong>Deus</strong></span> <span class='ocrx_word' id='word_1_183' title='bbox 683 1895 822 1930; x_wconf 67' lang='lat' dir='ltr'><strong>generavit</strong></span> <span class='ocrx_word' id='word_1_184' title='bbox 851 1894 960 1920; x_wconf 76' lang='lat' dir='ltr'><strong>Filium.</strong></span> 
     </span>
    </p>
   </div>
   <div class='ocr_carea' id='block_1_30' title="bbox 182 1942 962 1975">
    <p class='ocr_par' dir='ltr' id='par_1_30' title="bbox 182 1942 962 1975">
     <span class='ocr_line' id='line_1_30' title="bbox 182 1942 962 1975; baseline -0.006 -5"><span class='ocrx_word' id='word_1_185' title='bbox 182 1944 210 1970; x_wconf 76' lang='lat' dir='ltr'><strong>Si</strong></span> <span class='ocrx_word' id='word_1_186' title='bbox 231 1943 328 1969; x_wconf 81' lang='lat' dir='ltr'><strong>dicatis</strong></span> <span class='ocrx_word' id='word_1_187' title='bbox 358 1942 391 1968; x_wconf 82' lang='lat' dir='ltr'><strong>ab</strong></span> <span class='ocrx_word' id='word_1_188' title='bbox 414 1946 524 1972; x_wconf 61' lang='lat' dir='ltr'><strong>mter-uo,</strong></span> <span class='ocrx_word' id='word_1_189' title='bbox 537 1942 671 1975; x_wconf 83' lang='lat' dir='ltr'><strong>quomodo</strong></span> <span class='ocrx_word' id='word_1_190' title='bbox 696 1948 742 1967; x_wconf 84' lang='lat' dir='ltr'><strong>vos</strong></span> <span class='ocrx_word' id='word_1_191' title='bbox 758 1948 851 1967; x_wconf 84' lang='lat' dir='ltr'><strong>recens</strong></span> <span class='ocrx_word' id='word_1_192' title='bbox 862 1946 888 1966; x_wconf 88' lang='lat' dir='ltr'><strong>et</strong></span> <span class='ocrx_word' id='word_1_193' title='bbox 913 1947 962 1966; x_wconf 84' lang='lat' dir='ltr'><strong>titt-</strong></span> 
     </span>
    </p>
   </div>
   <div class='ocr_carea' id='block_1_31' title="bbox 180 1987 963 2021">
    <p class='ocr_par' dir='ltr' id='par_1_31' title="bbox 180 1987 963 2021">
     <span class='ocr_line' id='line_1_31' title="bbox 180 1987 963 2021; baseline -0.005 -5"><span class='ocrx_word' id='word_1_194' title='bbox 180 1990 241 2016; x_wconf 88' lang='lat' dir='ltr'><strong>dius</strong></span> <span class='ocrx_word' id='word_1_195' title='bbox 254 1989 349 2016; x_wconf 80' lang='lat' dir='ltr'><strong>tertius</strong></span> <span class='ocrx_word' id='word_1_196' title='bbox 373 1988 438 2020; x_wconf 87' lang='lat' dir='ltr'><strong>nati,</strong></span> <span class='ocrx_word' id='word_1_197' title='bbox 453 1988 487 2014; x_wconf 82' lang='lat' dir='ltr'><strong>ad</strong></span> <span class='ocrx_word' id='word_1_198' title='bbox 511 1987 690 2021; x_wconf 81' lang='lat' dir='ltr'><strong>cognitionem</strong></span> <span class='ocrx_word' id='word_1_199' title='bbox 705 1994 797 2014; x_wconf 87' lang='lat' dir='ltr'><strong>eorum</strong></span> <span class='ocrx_word' id='word_1_200' title='bbox 826 1994 884 2020; x_wconf 78' lang='lat' dir='ltr'><strong>qua:</strong></span> <span class='ocrx_word' id='word_1_201' title='bbox 900 1990 963 2012; x_wconf 83' lang='lat' dir='ltr'><strong>stitit</strong></span> 
     </span>
    </p>
   </div>
   <div class='ocr_carea' id='block_1_32' title="bbox 180 2031 962 2070">
    <p class='ocr_par' dir='ltr' id='par_1_32' title="bbox 180 2031 962 2070">
     <span class='ocr_line' id='line_1_32' title="bbox 180 2031 962 2070; baseline -0.006 -7"><span class='ocrx_word' id='word_1_202' title='bbox 180 2038 213 2063; x_wconf 71' lang='lat' dir='ltr'><strong>ab</strong></span> <span class='ocrx_word' id='word_1_203' title='bbox 227 2041 327 2062; x_wconf 63' lang='lat' dir='ltr'><strong>wlexno</strong></span> <span class='ocrx_word' id='word_1_204' title='bbox 344 2035 468 2070; x_wconf 88' lang='lat' dir='ltr'><strong>potuistis</strong></span> <span class='ocrx_word' id='word_1_205' title='bbox 479 2033 641 2068; x_wconf 77' lang='lat' dir='ltr'><strong>assurgere?</strong></span> <span class='ocrx_word' id='word_1_206' title='bbox 656 2033 722 2065; x_wconf 82' lang='lat' dir='ltr'><strong>Quis</strong></span> <span class='ocrx_word' id='word_1_207' title='bbox 740 2033 814 2059; x_wconf 85' lang='lat' dir='ltr'><strong>vobis</strong></span> <span class='ocrx_word' id='word_1_208' title='bbox 834 2031 962 2059; x_wconf 83' lang='lat' dir='ltr'><strong>revelavit</strong></span> 
     </span>
    </p>
   </div>
   <div class='ocr_carea' id='block_1_33' title="bbox 181 2077 961 2115">
    <p class='ocr_par' dir='ltr' id='par_1_33' title="bbox 181 2077 961 2115">
     <span class='ocr_line' id='line_1_33' title="bbox 181 2077 961 2115; baseline -0.006 -7"><span class='ocrx_word' id='word_1_209' title='bbox 181 2082 258 2108; x_wconf 75' lang='lat' dir='ltr'><strong>tulerit</strong></span> <span class='ocrx_word' id='word_1_210' title='bbox 276 2080 493 2115; x_wconf 77' lang='lat' dir='ltr'><strong>generationem?</strong></span> <span class='ocrx_word' id='word_1_211' title='bbox 506 2079 608 2106; x_wconf 70' lang='lat' dir='ltr'><strong>Itur-sus</strong></span> <span class='ocrx_word' id='word_1_212' title='bbox 640 2086 687 2106; x_wconf 89' lang='lat' dir='ltr'><strong>vos</strong></span> <span class='ocrx_word' id='word_1_213' title='bbox 714 2078 859 2105; x_wconf 76' lang='lat' dir='ltr'><strong>Christiani</strong></span> <span class='ocrx_word' id='word_1_214' title='bbox 872 2077 961 2103; x_wconf 80' lang='lat' dir='ltr'><strong>dicitis</strong></span> 
     </span>
    </p>
   </div>
   <div class='ocr_carea' id='block_1_34' title="bbox 179 2123 962 2163">
    <p class='ocr_par' dir='ltr' id='par_1_34' title="bbox 179 2123 962 2163">
     <span class='ocr_line' id='line_1_34' title="bbox 179 2123 962 2163; baseline -0.008 -8"><span class='ocrx_word' id='word_1_215' title='bbox 179 2129 250 2163; x_wconf 90' lang='lat' dir='ltr'><strong>quod</strong></span> <span class='ocrx_word' id='word_1_216' title='bbox 268 2127 349 2154; x_wconf 83' lang='lat' dir='ltr'><strong>Filius</strong></span> <span class='ocrx_word' id='word_1_217' title='bbox 365 2127 481 2160; x_wconf 78' lang='lat' dir='ltr'><strong>genitus,</strong></span> <span class='ocrx_word' id='word_1_218' title='bbox 499 2126 568 2152; x_wconf 87' lang='lat' dir='ltr'><strong>idem</strong></span> <span class='ocrx_word' id='word_1_219' title='bbox 584 2125 665 2152; x_wconf 81' lang='lat' dir='ltr'><strong>habet</strong></span> <span class='ocrx_word' id='word_1_220' title='bbox 681 2133 740 2151; x_wconf 81' lang='lat' dir='ltr'><strong>(‘lllll</strong></span> <span class='ocrx_word' id='word_1_221' title='bbox 756 2123 835 2150; x_wconf 67' lang='lat' dir='ltr'><strong>Patre</strong></span> <span class='ocrx_word' id='word_1_222' title='bbox 861 2123 962 2158; x_wconf 89' lang='lat' dir='ltr'><strong>princi-</strong></span> 
     </span>
    </p>
   </div>
   <div class='ocr_carea' id='block_1_35' title="bbox 180 2171 962 2208">
    <p class='ocr_par' dir='ltr' id='par_1_35' title="bbox 180 2171 962 2208">
     <span class='ocr_line' id='line_1_35' title="bbox 180 2171 962 2208; baseline -0.005 -9"><span class='ocrx_word' id='word_1_223' title='bbox 180 2176 264 2208; x_wconf 84' lang='lat' dir='ltr'><strong>pium,</strong></span> <span class='ocrx_word' id='word_1_224' title='bbox 282 2173 416 2207; x_wconf 88' lang='lat' dir='ltr'><strong>quomodo</strong></span> <span class='ocrx_word' id='word_1_225' title='bbox 433 2179 496 2206; x_wconf 74' lang='lat' dir='ltr'><strong>ergo</strong></span> <span class='ocrx_word' id='word_1_226' title='bbox 509 2172 588 2197; x_wconf 84' lang='lat' dir='ltr'><strong>habet</strong></span> <span class='ocrx_word' id='word_1_227' title='bbox 609 2171 688 2197; x_wconf 87' lang='lat' dir='ltr'><strong>aliam</strong></span> <span class='ocrx_word' id='word_1_228' title='bbox 722 2171 920 2204; x_wconf 81' lang='lat' dir='ltr'><strong>generationem</strong></span> <span class='ocrx_word' id='word_1_229' title='bbox 934 2173 962 2196; x_wconf 84' lang='lat' dir='ltr'><strong>et</strong></span> 
     </span>
    </p>
   </div>
   <div class='ocr_carea' id='block_1_36' title="bbox 180 2217 961 2254">
    <p class='ocr_par' dir='ltr' id='par_1_36' title="bbox 180 2217 961 2254">
     <span class='ocr_line' id='line_1_36' title="bbox 180 2217 961 2254; baseline -0.005 -8"><span class='ocrx_word' id='word_1_230' title='bbox 180 2220 287 2254; x_wconf 77' lang='lat' dir='ltr'><strong>quidem</strong></span> <span class='ocrx_word' id='word_1_231' title='bbox 298 2217 466 2246; x_wconf 81' lang='lat' dir='ltr'><strong>iucreatatn?</strong></span> <span class='ocrx_word' id='word_1_232' title='bbox 477 2218 523 2244; x_wconf 87' lang='lat' dir='ltr'><strong>sed</strong></span> <span class='ocrx_word' id='word_1_233' title='bbox 533 2217 602 2251; x_wconf 88' lang='lat' dir='ltr'><strong>quod</strong></span> <span class='ocrx_word' id='word_1_234' title='bbox 612 2217 731 2252; x_wconf 83' lang='lat' dir='ltr'><strong>genitum</strong></span> <span class='ocrx_word' id='word_1_235' title='bbox 740 2221 793 2249; x_wconf 84' lang='lat' dir='ltr'><strong>est,</strong></span> <span class='ocrx_word' id='word_1_236' title='bbox 805 2221 924 2243; x_wconf 87' lang='lat' dir='ltr'><strong>creatuttt</strong></span> <span class='ocrx_word' id='word_1_237' title='bbox 935 2219 961 2242; x_wconf 84' lang='lat' dir='ltr'><strong>et</strong></span> 
     </span>
    </p>
   </div>
   <div class='ocr_carea' id='block_1_37' title="bbox 179 2262 959 2298">
    <p class='ocr_par' dir='ltr' id='par_1_37' title="bbox 179 2262 959 2298">
     <span class='ocr_line' id='line_1_37' title="bbox 179 2262 959 2298; baseline -0.005 -5"><span class='ocrx_word' id='word_1_238' title='bbox 179 2267 315 2293; x_wconf 76' lang='lat' dir='ltr'><strong>condit-nn</strong></span> <span class='ocrx_word' id='word_1_239' title='bbox 324 2265 479 2292; x_wconf 80' lang='lat' dir='ltr'><strong>essedebet.</strong></span> <span class='ocrx_word' id='word_1_240' title='bbox 489 2264 520 2291; x_wconf 87' lang='lat' dir='ltr'><strong>Et</strong></span> <span class='ocrx_word' id='word_1_241' title='bbox 526 2265 652 2298; x_wconf 80' lang='lat' dir='ltr'><strong>quoniam</strong></span> <span class='ocrx_word' id='word_1_242' title='bbox 665 2271 752 2290; x_wconf 88' lang='lat' dir='ltr'><strong>rerum</strong></span> <span class='ocrx_word' id='word_1_243' title='bbox 760 2263 879 2290; x_wconf 90' lang='lat' dir='ltr'><strong>omnium</strong></span> <span class='ocrx_word' id='word_1_244' title='bbox 888 2262 959 2289; x_wconf 87' lang='lat' dir='ltr'><strong>Deus</strong></span> 
     </span>
    </p>
   </div>
   <div class='ocr_carea' id='block_1_38' title="bbox 180 2309 959 2343">
    <p class='ocr_par' dir='ltr' id='par_1_38' title="bbox 180 2309 959 2343">
     <span class='ocr_line' id='line_1_38' title="bbox 180 2309 959 2343; baseline -0.005 -5"><span class='ocrx_word' id='word_1_245' title='bbox 180 2312 288 2339; x_wconf 77' lang='lat' dir='ltr'><strong>exsistit</strong></span> <span class='ocrx_word' id='word_1_246' title='bbox 302 2316 363 2337; x_wconf 82' lang='lat' dir='ltr'><strong>ante</strong></span> <span class='ocrx_word' id='word_1_247' title='bbox 380 2309 488 2343; x_wconf 65' lang='lat' dir='ltr'><strong>saecula,</strong></span> <span class='ocrx_word' id='word_1_248' title='bbox 502 2315 530 2337; x_wconf 89' lang='lat' dir='ltr'><strong>et</strong></span> <span class='ocrx_word' id='word_1_249' title='bbox 547 2317 616 2337; x_wconf 86' lang='lat' dir='ltr'><strong>unus</strong></span> <span class='ocrx_word' id='word_1_250' title='bbox 627 2315 669 2336; x_wconf 83' lang='lat' dir='ltr'><strong>est</strong></span> <span class='ocrx_word' id='word_1_251' title='bbox 679 2316 800 2340; x_wconf 83' lang='lat' dir='ltr'><strong>numero.</strong></span> <span class='ocrx_word' id='word_1_252' title='bbox 821 2316 872 2335; x_wconf 91' lang='lat' dir='ltr'><strong>non</strong></span> <span class='ocrx_word' id='word_1_253' title='bbox 893 2312 959 2339; x_wconf 83' lang='lat' dir='ltr'><strong>tres,</strong></span> 
     </span>
    </p>
   </div>
   <div class='ocr_carea' id='block_1_39' title="bbox 180 2355 960 2392">
    <p class='ocr_par' dir='ltr' id='par_1_39' title="bbox 180 2355 960 2392">
     <span class='ocr_line' id='line_1_39' title="bbox 180 2355 960 2392; baseline -0.005 -9"><span class='ocrx_word' id='word_1_254' title='bbox 180 2358 303 2392; x_wconf 80' lang='lat' dir='ltr'><strong>sequitur</strong></span> <span class='ocrx_word' id='word_1_255' title='bbox 328 2363 472 2383; x_wconf 87' lang='lat' dir='ltr'><strong>commune</strong></span> <span class='ocrx_word' id='word_1_256' title='bbox 485 2355 559 2382; x_wconf 88' lang='lat' dir='ltr'><strong>illum</strong></span> <span class='ocrx_word' id='word_1_257' title='bbox 576 2356 675 2382; x_wconf 83' lang='lat' dir='ltr'><strong>habere</strong></span> <span class='ocrx_word' id='word_1_258' title='bbox 696 2362 804 2386; x_wconf 78' lang='lat' dir='ltr'><strong>nomen.</strong></span> <span class='ocrx_word' id='word_1_259' title='bbox 818 2362 870 2380; x_wconf 88' lang='lat' dir='ltr'><strong>non</strong></span> <span class='ocrx_word' id='word_1_260' title='bbox 886 2361 960 2380; x_wconf 87' lang='lat' dir='ltr'><strong>coin-</strong></span> 
     </span>
    </p>
   </div>
   <div class='ocr_carea' id='block_1_40' title="bbox 181 2399 961 2435">
    <p class='ocr_par' dir='ltr' id='par_1_40' title="bbox 181 2399 961 2435">
     <span class='ocr_line' id='line_1_40' title="bbox 181 2399 961 2435; baseline -0.005 -7"><span class='ocrx_word' id='word_1_261' title='bbox 181 2401 269 2428; x_wconf 81' lang='lat' dir='ltr'><strong>munia</strong></span> <span class='ocrx_word' id='word_1_262' title='bbox 281 2399 401 2432; x_wconf 84' lang='lat' dir='ltr'><strong>nomina,</strong></span> <span class='ocrx_word' id='word_1_263' title='bbox 414 2405 441 2426; x_wconf 92' lang='lat' dir='ltr'><strong>et</strong></span> <span class='ocrx_word' id='word_1_264' title='bbox 451 2400 669 2435; x_wconf 84' lang='lat' dir='ltr'><strong>quandoquidem</strong></span> <span class='ocrx_word' id='word_1_265' title='bbox 680 2399 833 2426; x_wconf 86' lang='lat' dir='ltr'><strong>communia</strong></span> <span class='ocrx_word' id='word_1_266' title='bbox 854 2399 961 2425; x_wconf 88' lang='lat' dir='ltr'><strong>nomina</strong></span> 
     </span>
    </p>
   </div>
   <div class='ocr_carea' id='block_1_41' title="bbox 180 2444 962 2481">
    <p class='ocr_par' dir='ltr' id='par_1_41' title="bbox 180 2444 962 2481">
     <span class='ocr_line' id='line_1_41' title="bbox 180 2444 962 2481; baseline -0.005 -6"><span class='ocrx_word' id='word_1_267' title='bbox 180 2447 278 2480; x_wconf 83' lang='lat' dir='ltr'><strong>dicitis,</strong></span> <span class='ocrx_word' id='word_1_268' title='bbox 293 2447 428 2481; x_wconf 88' lang='lat' dir='ltr'><strong>quoruodo</strong></span> <span class='ocrx_word' id='word_1_269' title='bbox 442 2452 583 2473; x_wconf 83' lang='lat' dir='ltr'><strong>corttntune</strong></span> <span class='ocrx_word' id='word_1_270' title='bbox 613 2453 709 2472; x_wconf 84' lang='lat' dir='ltr'><strong>nomen</strong></span> <span class='ocrx_word' id='word_1_271' title='bbox 727 2453 822 2472; x_wconf 68' lang='lat' dir='ltr'><strong>rursus</strong></span> <span class='ocrx_word' id='word_1_272' title='bbox 851 2444 962 2479; x_wconf 75' lang='lat' dir='ltr'><strong>potestis</strong></span> 
     </span>
    </p>
   </div>
   <div class='ocr_carea' id='block_1_42' title="bbox 182 2491 959 2529">
    <p class='ocr_par' dir='ltr' id='par_1_42' title="bbox 182 2491 959 2529">
     <span class='ocr_line' id='line_1_42' title="bbox 182 2491 959 2529; baseline -0.004 -9"><span class='ocrx_word' id='word_1_273' title='bbox 182 2494 304 2529; x_wconf 75' lang='lat' dir='ltr'><strong>proferre</strong></span> <span class='ocrx_word' id='word_1_274' title='bbox 318 2496 346 2519; x_wconf 83' lang='lat' dir='ltr'><strong>et</strong></span> <span class='ocrx_word' id='word_1_275' title='bbox 365 2499 501 2525; x_wconf 85' lang='lat' dir='ltr'><strong>asserere;</strong></span> <span class='ocrx_word' id='word_1_276' title='bbox 525 2491 647 2526; x_wconf 86' lang='lat' dir='ltr'><strong>sequitur</strong></span> <span class='ocrx_word' id='word_1_277' title='bbox 667 2491 738 2518; x_wconf 89' lang='lat' dir='ltr'><strong>enirn</strong></span> <span class='ocrx_word' id='word_1_278' title='bbox 759 2497 812 2518; x_wconf 86' lang='lat' dir='ltr'><strong>tres</strong></span> <span class='ocrx_word' id='word_1_279' title='bbox 831 2498 959 2525; x_wconf 79' lang='lat' dir='ltr'><strong>personas</strong></span> 
     </span>
    </p>
   </div>
   <div class='ocr_carea' id='block_1_43' title="bbox 182 2536 956 2574">
    <p class='ocr_par' dir='ltr' id='par_1_43' title="bbox 182 2536 956 2574">
     <span class='ocr_line' id='line_1_43' title="bbox 182 2536 956 2574; baseline -0.004 -9"><span class='ocrx_word' id='word_1_280' title='bbox 182 2538 317 2574; x_wconf 78' lang='lat' dir='ltr'><strong>propriam</strong></span> <span class='ocrx_word' id='word_1_281' title='bbox 343 2538 443 2565; x_wconf 87' lang='lat' dir='ltr'><strong>habere</strong></span> <span class='ocrx_word' id='word_1_282' title='bbox 461 2542 584 2564; x_wconf 84' lang='lat' dir='ltr'><strong>naturam</strong></span> <span class='ocrx_word' id='word_1_283' title='bbox 604 2541 631 2564; x_wconf 88' lang='lat' dir='ltr'><strong>et</strong></span> <span class='ocrx_word' id='word_1_284' title='bbox 644 2536 833 2564; x_wconf 76' lang='lat' dir='ltr'><strong>substantiam.</strong></span> <span class='ocrx_word' id='word_1_285' title='bbox 858 2536 956 2562; x_wconf 88' lang='lat' dir='ltr'><strong>Iterum</strong></span> 
     </span>
    </p>
   </div>
   <div class='ocr_carea' id='block_1_44' title="bbox 181 2582 960 2617">
    <p class='ocr_par' dir='ltr' id='par_1_44' title="bbox 181 2582 960 2617">
     <span class='ocr_line' id='line_1_44' title="bbox 181 2582 960 2617; baseline -0.004 -6"><span class='ocrx_word' id='word_1_286' title='bbox 181 2584 338 2616; x_wconf 69' lang='lat' dir='ltr'><strong>Clitistiani,</strong></span> <span class='ocrx_word' id='word_1_287' title='bbox 352 2583 486 2617; x_wconf 87' lang='lat' dir='ltr'><strong>quomodo</strong></span> <span class='ocrx_word' id='word_1_288' title='bbox 498 2583 600 2610; x_wconf 86' lang='lat' dir='ltr'><strong>docetis</strong></span> <span class='ocrx_word' id='word_1_289' title='bbox 626 2583 697 2617; x_wconf 88' lang='lat' dir='ltr'><strong>quod</strong></span> <span class='ocrx_word' id='word_1_290' title='bbox 721 2582 792 2609; x_wconf 86' lang='lat' dir='ltr'><strong>Deus</strong></span> <span class='ocrx_word' id='word_1_291' title='bbox 809 2587 895 2609; x_wconf 86' lang='lat' dir='ltr'><strong>vester</strong></span> <span class='ocrx_word' id='word_1_292' title='bbox 923 2582 960 2608; x_wconf 81' lang='lat' dir='ltr'><strong>sit</strong></span> 
     </span>
    </p>
   </div>
   <div class='ocr_carea' id='block_1_45' title="bbox 180 2628 959 2662">
    <p class='ocr_par' dir='ltr' id='par_1_45' title="bbox 180 2628 959 2662">
     <span class='ocr_line' id='line_1_45' title="bbox 180 2628 959 2662; baseline -0.003 -5"><span class='ocrx_word' id='word_1_293' title='bbox 180 2632 270 2658; x_wconf 81' lang='lat' dir='ltr'><strong>imitus</strong></span> <span class='ocrx_word' id='word_1_294' title='bbox 286 2629 397 2662; x_wconf 89' lang='lat' dir='ltr'><strong>homini,</strong></span> <span class='ocrx_word' id='word_1_295' title='bbox 414 2634 441 2656; x_wconf 88' lang='lat' dir='ltr'><strong>et</strong></span> <span class='ocrx_word' id='word_1_296' title='bbox 457 2634 569 2656; x_wconf 86' lang='lat' dir='ltr'><strong>vocetur</strong></span> <span class='ocrx_word' id='word_1_297' title='bbox 583 2628 662 2656; x_wconf 85' lang='lat' dir='ltr'><strong>simul</strong></span> <span class='ocrx_word' id='word_1_298' title='bbox 680 2629 760 2656; x_wconf 92' lang='lat' dir='ltr'><strong>homo</strong></span> <span class='ocrx_word' id='word_1_299' title='bbox 783 2633 810 2655; x_wconf 87' lang='lat' dir='ltr'><strong>et</strong></span> <span class='ocrx_word' id='word_1_300' title='bbox 829 2635 909 2655; x_wconf 84' lang='lat' dir='ltr'><strong>verus</strong></span> <span class='ocrx_word' id='word_1_301' title='bbox 931 2633 959 2655; x_wconf 82' lang='lat' dir='ltr'><strong>et</strong></span> 
     </span>
    </p>
   </div>
   <div class='ocr_carea' id='block_1_46' title="bbox 180 2673 957 2710">
    <p class='ocr_par' dir='ltr' id='par_1_46' title="bbox 180 2673 957 2710">
     <span class='ocr_line' id='line_1_46' title="bbox 180 2673 957 2710; baseline -0.001 -8"><span class='ocrx_word' id='word_1_302' title='bbox 180 2677 313 2710; x_wconf 75' lang='lat' dir='ltr'><strong>perlectus</strong></span> <span class='ocrx_word' id='word_1_303' title='bbox 327 2674 407 2701; x_wconf 84' lang='lat' dir='ltr'><strong>Deus.</strong></span> <span class='ocrx_word' id='word_1_304' title='bbox 424 2673 481 2701; x_wconf 88' lang='lat' dir='ltr'><strong>Non</strong></span> <span class='ocrx_word' id='word_1_305' title='bbox 493 2674 533 2702; x_wconf 91' lang='lat' dir='ltr'><strong>sic</strong></span> <span class='ocrx_word' id='word_1_306' title='bbox 546 2675 640 2701; x_wconf 90' lang='lat' dir='ltr'><strong>unitur</strong></span> <span class='ocrx_word' id='word_1_307' title='bbox 654 2675 804 2702; x_wconf 84' lang='lat' dir='ltr'><strong>substantia</strong></span> <span class='ocrx_word' id='word_1_308' title='bbox 823 2680 850 2702; x_wconf 84' lang='lat' dir='ltr'><strong>et</strong></span> <span class='ocrx_word' id='word_1_309' title='bbox 863 2682 957 2702; x_wconf 78' lang='lat' dir='ltr'><strong>essen-</strong></span> 
     </span>
    </p>
   </div>
   <div class='ocr_carea' id='block_1_47' title="bbox 179 2720 962 2755">
    <p class='ocr_par' dir='ltr' id='par_1_47' title="bbox 179 2720 962 2755">
     <span class='ocr_line' id='line_1_47' title="bbox 179 2720 962 2755; baseline -0.001 -7"><span class='ocrx_word' id='word_1_310' title='bbox 179 2722 214 2748; x_wconf 82' lang='lat' dir='ltr'><strong>tia</strong></span> <span class='ocrx_word' id='word_1_311' title='bbox 234 2720 384 2747; x_wconf 80' lang='lat' dir='ltr'><strong>Divinitatis</strong></span> <span class='ocrx_word' id='word_1_312' title='bbox 397 2724 497 2747; x_wconf 71' lang='lat' dir='ltr'><strong>natura:</strong></span> <span class='ocrx_word' id='word_1_313' title='bbox 521 2726 634 2747; x_wconf 63' lang='lat' dir='ltr'><strong>terrena:</strong></span> <span class='ocrx_word' id='word_1_314' title='bbox 644 2726 671 2747; x_wconf 88' lang='lat' dir='ltr'><strong>et</strong></span> <span class='ocrx_word' id='word_1_315' title='bbox 695 2721 873 2755; x_wconf 86' lang='lat' dir='ltr'><strong>corruptibili,</strong></span> <span class='ocrx_word' id='word_1_316' title='bbox 891 2722 962 2747; x_wconf 87' lang='lat' dir='ltr'><strong>sicut</strong></span> 
     </span>
    </p>
   </div>
   <div class='ocr_carea' id='block_1_48' title="bbox 179 2764 959 2799">
    <p class='ocr_par' dir='ltr' id='par_1_48' title="bbox 179 2764 959 2799">
     <span class='ocr_line' id='line_1_48' title="bbox 179 2764 959 2799; baseline 0 -8"><span class='ocrx_word' id='word_1_317' title='bbox 179 2765 251 2799; x_wconf 56' lang='lat' dir='ltr'><strong>ignis</strong></span> <span class='ocrx_word' id='word_1_318' title='bbox 265 2765 358 2791; x_wconf 86' lang='lat' dir='ltr'><strong>unitur</strong></span> <span class='ocrx_word' id='word_1_319' title='bbox 374 2764 454 2799; x_wconf 74' lang='lat' dir='ltr'><strong>ligno.</strong></span> <span class='ocrx_word' id='word_1_320' title='bbox 472 2764 575 2791; x_wconf 72' lang='lat' dir='ltr'><strong>Rursus</strong></span> <span class='ocrx_word' id='word_1_321' title='bbox 591 2765 671 2791; x_wconf 87' lang='lat' dir='ltr'><strong>audio</strong></span> <span class='ocrx_word' id='word_1_322' title='bbox 689 2773 735 2792; x_wconf 85' lang='lat' dir='ltr'><strong>vos</strong></span> <span class='ocrx_word' id='word_1_323' title='bbox 750 2765 873 2792; x_wconf 55' lang='lat' dir='ltr'><strong>dii-entes</strong></span> <span class='ocrx_word' id='word_1_324' title='bbox 902 2766 959 2791; x_wconf 83' lang='lat' dir='ltr'><strong>dari</strong></span> 
     </span>
    </p>
   </div>
   <div class='ocr_carea' id='block_1_49' title="bbox 178 2809 959 2845">
    <p class='ocr_par' dir='ltr' id='par_1_49' title="bbox 178 2809 959 2845">
     <span class='ocr_line' id='line_1_49' title="bbox 178 2809 959 2845; baseline 0.001 -9"><span class='ocrx_word' id='word_1_325' title='bbox 178 2811 298 2842; x_wconf 81' lang='lat' dir='ltr'><strong>Patrem,</strong></span> <span class='ocrx_word' id='word_1_326' title='bbox 310 2809 416 2842; x_wconf 78' lang='lat' dir='ltr'><strong>Filium,</strong></span> <span class='ocrx_word' id='word_1_327' title='bbox 431 2811 574 2845; x_wconf 86' lang='lat' dir='ltr'><strong>Spiritum,</strong></span> <span class='ocrx_word' id='word_1_328' title='bbox 589 2816 615 2838; x_wconf 92' lang='lat' dir='ltr'><strong>et</strong></span> <span class='ocrx_word' id='word_1_329' title='bbox 633 2816 688 2838; x_wconf 86' lang='lat' dir='ltr'><strong>tres</strong></span> <span class='ocrx_word' id='word_1_330' title='bbox 699 2819 828 2845; x_wconf 71' lang='lat' dir='ltr'><strong>personas</strong></span> <span class='ocrx_word' id='word_1_331' title='bbox 837 2816 864 2837; x_wconf 87' lang='lat' dir='ltr'><strong>et</strong></span> <span class='ocrx_word' id='word_1_332' title='bbox 877 2819 959 2837; x_wconf 88' lang='lat' dir='ltr'><strong>utturn</strong></span> 
     </span>
    </p>
   </div>
   <div class='ocr_carea' id='block_1_50' title="bbox 179 2856 960 2892">
    <p class='ocr_par' dir='ltr' id='par_1_50' title="bbox 179 2856 960 2892">
     <span class='ocr_line' id='line_1_50' title="bbox 179 2856 960 2892; baseline 0.005 -11"><span class='ocrx_word' id='word_1_333' title='bbox 179 2859 272 2889; x_wconf 84' lang='lat' dir='ltr'><strong>postea</strong></span> <span class='ocrx_word' id='word_1_334' title='bbox 302 2862 461 2888; x_wconf 78' lang='lat' dir='ltr'><strong>memorare,</strong></span> <span class='ocrx_word' id='word_1_335' title='bbox 477 2856 524 2884; x_wconf 86' lang='lat' dir='ltr'><strong>sed</strong></span> <span class='ocrx_word' id='word_1_336' title='bbox 551 2857 644 2885; x_wconf 87' lang='lat' dir='ltr'><strong>eadem</strong></span> <span class='ocrx_word' id='word_1_337' title='bbox 661 2858 764 2884; x_wconf 84' lang='lat' dir='ltr'><strong>ratione</strong></span> <span class='ocrx_word' id='word_1_338' title='bbox 791 2857 907 2892; x_wconf 76' lang='lat' dir='ltr'><strong>possetis</strong></span> <span class='ocrx_word' id='word_1_339' title='bbox 932 2863 960 2885; x_wconf 88' lang='lat' dir='ltr'><strong>et</strong></span> 
     </span>
    </p>
   </div>
   <div class='ocr_carea' id='block_1_51' title="bbox 1053 1025 1802 1066">
    <p class='ocr_par' dir='ltr' id='par_1_51' title="bbox 1053 1025 1802 1066">
     <span class='ocr_line' id='line_1_51' title="bbox 1053 1025 1802 1066; baseline 0.003 -10"><span class='ocrx_word' id='word_1_340' title='bbox 1053 1030 1108 1056; x_wconf 73' lang='lat' dir='ltr'><strong>Kal</strong></span> <span class='ocrx_word' id='word_1_341' title='bbox 1123 1029 1208 1061; x_wconf 68' lang='grc' dir='ltr'>οὕτως</span> <span class='ocrx_word' id='word_1_342' title='bbox 1223 1025 1303 1065; x_wconf 74' lang='grc' dir='ltr'>εὗρον</span> <span class='ocrx_word' id='word_1_343' title='bbox 1315 1029 1403 1056; x_wconf 76' lang='grc' dir='ltr'>ταῦτα</span> <span class='ocrx_word' id='word_1_344' title='bbox 1417 1030 1446 1057; x_wconf 79' lang='grc' dir='ltr'>ὲν</span> <span class='ocrx_word' id='word_1_345' title='bbox 1462 1029 1501 1065; x_wconf 82' lang='grc' dir='ltr'>τῷ</span> <span class='ocrx_word' id='word_1_346' title='bbox 1527 1031 1672 1066; x_wconf 81' lang='grc' dir='ltr'>Κουρανίῳ</span> <span class='ocrx_word' id='word_1_347' title='bbox 1689 1039 1736 1058; x_wconf 85' lang='grc' dir='ltr'><strong>σου</strong></span> <span class='ocrx_word' id='word_1_348' title='bbox 1753 1040 1802 1066; x_wconf 86' lang='grc' dir='ltr'><strong>γε·</strong></span> 
     </span>
    </p>
   </div>
   <div class='ocr_carea' id='block_1_52' title="bbox 1014 1076 1802 1112">
    <p class='ocr_par' dir='ltr' id='par_1_52' title="bbox 1014 1076 1802 1112">
     <span class='ocr_line' id='line_1_52' title="bbox 1014 1076 1802 1112; baseline 0.003 -10"><span class='ocrx_word' id='word_1_349' title='bbox 1014 1077 1236 1111; x_wconf 73' lang='grc' dir='ltr'>γραμμένα.Καὶ</span> <span class='ocrx_word' id='word_1_350' title='bbox 1249 1077 1290 1102; x_wconf 74' lang='grc' dir='ltr'>ὅτι</span> <span class='ocrx_word' id='word_1_351' title='bbox 1303 1076 1390 1110; x_wconf 71' lang='grc' dir='ltr'>λέγεις</span> <span class='ocrx_word' id='word_1_352' title='bbox 1403 1085 1410 1092; x_wconf 86' lang='grc'>·</span> <span class='ocrx_word' id='word_1_353' title='bbox 1423 1076 1472 1102; x_wconf 83' lang='grc' dir='ltr'><strong>Διὰ</strong></span> <span class='ocrx_word' id='word_1_354' title='bbox 1485 1076 1511 1102; x_wconf 77' lang='grc' dir='ltr'>τί</span> <span class='ocrx_word' id='word_1_355' title='bbox 1523 1076 1567 1102; x_wconf 86' lang='grc' dir='ltr'><strong>τὸν</strong></span> <span class='ocrx_word' id='word_1_356' title='bbox 1582 1077 1699 1112; x_wconf 78' lang='grc' dir='ltr'>Χριστὸν</span> <span class='ocrx_word' id='word_1_357' title='bbox 1708 1077 1802 1112; x_wconf 70' lang='grc' dir='ltr'>ὁμολοα</span> 
     </span>
    </p>
   </div>
   <div class='ocr_carea' id='block_1_53' title="bbox 1014 1121 1800 1157">
    <p class='ocr_par' dir='ltr' id='par_1_53' title="bbox 1014 1121 1800 1157">
     <span class='ocr_line' id='line_1_53' title="bbox 1014 1121 1800 1157; baseline 0.001 -10"><span class='ocrx_word' id='word_1_358' title='bbox 1014 1123 1072 1156; x_wconf 81' lang='grc' dir='ltr'>γεῖς</span> <span class='ocrx_word' id='word_1_359' title='bbox 1087 1122 1153 1148; x_wconf 84' lang='grc' dir='ltr'>Θεὸν</span> <span class='ocrx_word' id='word_1_360' title='bbox 1167 1122 1205 1153; x_wconf 84' lang='grc' dir='ltr'><strong>εις</strong></span> <span class='ocrx_word' id='word_1_361' title='bbox 1222 1121 1268 1148; x_wconf 85' lang='grc' dir='ltr'>τὸν</span> <span class='ocrx_word' id='word_1_362' title='bbox 1282 1121 1400 1156; x_wconf 71' lang='grc' dir='ltr'>σταυρὸν</span> <span class='ocrx_word' id='word_1_363' title='bbox 1418 1121 1644 1155; x_wconf 74' lang='grc' dir='ltr'>ἀναϐιϐάσαντος,</span> <span class='ocrx_word' id='word_1_364' title='bbox 1657 1122 1704 1148; x_wconf 79' lang='grc' dir='ltr'><strong>καὶ</strong></span> <span class='ocrx_word' id='word_1_365' title='bbox 1721 1123 1750 1148; x_wconf 84' lang='grc' dir='ltr'><strong>ὲν</strong></span> <span class='ocrx_word' id='word_1_366' title='bbox 1761 1121 1800 1157; x_wconf 83' lang='grc' dir='ltr'>τῷ</span> 
     </span>
    </p>
   </div>
   <div class='ocr_carea' id='block_1_54' title="bbox 1015 1164 1801 1202">
    <p class='ocr_par' dir='ltr' id='par_1_54' title="bbox 1015 1164 1801 1202">
     <span class='ocr_line' id='line_1_54' title="bbox 1015 1164 1801 1202; baseline 0 -9"><span class='ocrx_word' id='word_1_367' title='bbox 1015 1168 1094 1202; x_wconf 82' lang='grc' dir='ltr'><strong>τάφῳ</strong></span> <span class='ocrx_word' id='word_1_368' title='bbox 1108 1167 1269 1200; x_wconf 76' lang='grc' dir='ltr'>τεθείκατε;</span> <span class='ocrx_word' id='word_1_369' title='bbox 1287 1166 1342 1192; x_wconf 79' lang='lat' dir='ltr'><strong>Kal</strong></span> <span class='ocrx_word' id='word_1_370' title='bbox 1361 1164 1438 1198; x_wconf 81' lang='grc' dir='ltr'>αὖθις</span> <span class='ocrx_word' id='word_1_371' title='bbox 1453 1166 1499 1193; x_wconf 82' lang='grc' dir='ltr'>τὸν</span> <span class='ocrx_word' id='word_1_372' title='bbox 1513 1167 1546 1193; x_wconf 79' lang='grc' dir='ltr'>τὰ</span> <span class='ocrx_word' id='word_1_373' title='bbox 1568 1167 1655 1193; x_wconf 84' lang='grc' dir='ltr'>πάντα</span> <span class='ocrx_word' id='word_1_374' title='bbox 1670 1167 1801 1202; x_wconf 75' lang='grc' dir='ltr'><strong>δημιουρ-</strong></span> 
     </span>
    </p>
   </div>
   <div class='ocr_carea' id='block_1_55' title="bbox 1016 1211 1800 1247">
    <p class='ocr_par' dir='ltr' id='par_1_55' title="bbox 1016 1211 1800 1247">
     <span class='ocr_line' id='line_1_55' title="bbox 1016 1211 1800 1247; baseline -0.001 -8"><span class='ocrx_word' id='word_1_375' title='bbox 1016 1214 1142 1247; x_wconf 85' lang='grc' dir='ltr'>γήσαντα</span> <span class='ocrx_word' id='word_1_376' title='bbox 1157 1212 1223 1238; x_wconf 79' lang='grc' dir='ltr'>Θεὸν</span> <span class='ocrx_word' id='word_1_377' title='bbox 1241 1213 1280 1243; x_wconf 84' lang='grc' dir='ltr'><strong>εις</strong></span> <span class='ocrx_word' id='word_1_378' title='bbox 1291 1213 1399 1247; x_wconf 83' lang='grc' dir='ltr'><strong>μήτραν</strong></span> <span class='ocrx_word' id='word_1_379' title='bbox 1414 1211 1544 1245; x_wconf 81' lang='grc' dir='ltr'>γυναικὸς</span> <span class='ocrx_word' id='word_1_380' title='bbox 1558 1212 1616 1243; x_wconf 83' lang='grc' dir='ltr'><strong>πῶς</strong></span> <span class='ocrx_word' id='word_1_381' title='bbox 1630 1213 1800 1247; x_wconf 75' lang='grc' dir='ltr'>ὲχωρήσατε,</span> 
     </span>
    </p>
   </div>
   <div class='ocr_carea' id='block_1_56' title="bbox 1015 1250 1801 1294">
    <p class='ocr_par' dir='ltr' id='par_1_56' title="bbox 1015 1250 1801 1294">
     <span class='ocr_line' id='line_1_56' title="bbox 1015 1250 1801 1294; baseline -0.003 -8"><span class='ocrx_word' id='word_1_382' title='bbox 1015 1259 1060 1286; x_wconf 78' lang='grc' dir='ltr'>καὶ</span> <span class='ocrx_word' id='word_1_383' title='bbox 1076 1259 1207 1294; x_wconf 78' lang='grc' dir='ltr'><strong>τεχθέντα</strong></span> <span class='ocrx_word' id='word_1_384' title='bbox 1233 1258 1270 1289; x_wconf 86' lang='grc' dir='ltr'>ὼς</span> <span class='ocrx_word' id='word_1_385' title='bbox 1302 1250 1463 1293; x_wconf 79' lang='grc' dir='ltr'><strong>ἄνθρωπον,</strong></span> <span class='ocrx_word' id='word_1_386' title='bbox 1489 1258 1537 1285; x_wconf 80' lang='grc' dir='ltr'><strong>καὶ</strong></span> <span class='ocrx_word' id='word_1_387' title='bbox 1561 1258 1655 1292; x_wconf 77' lang='grc' dir='ltr'>λέγετε</span> <span class='ocrx_word' id='word_1_388' title='bbox 1680 1258 1728 1285; x_wconf 82' lang='grc' dir='ltr'><strong>καὶ</strong></span> <span class='ocrx_word' id='word_1_389' title='bbox 1751 1258 1801 1293; x_wconf 81' lang='grc' dir='ltr'><strong>τὴν</strong></span> 
     </span>
    </p>
   </div>
   <div class='ocr_carea' id='block_1_57' title="bbox 1015 1303 1799 1339">
    <p class='ocr_par' dir='ltr' id='par_1_57' title="bbox 1015 1303 1799 1339">
     <span class='ocr_line' id='line_1_57' title="bbox 1015 1303 1799 1339; baseline -0.001 -9"><span class='ocrx_word' id='word_1_390' title='bbox 1015 1305 1111 1339; x_wconf 81' lang='grc' dir='ltr'><strong>χοῖκὴν</strong></span> <span class='ocrx_word' id='word_1_391' title='bbox 1127 1304 1236 1338; x_wconf 78' lang='grc' dir='ltr'><strong>Μαρίαν</strong></span> <span class='ocrx_word' id='word_1_392' title='bbox 1246 1303 1380 1330; x_wconf 80' lang='grc' dir='ltr'><strong>Θεοτόκον</strong></span> <span class='ocrx_word' id='word_1_393' title='bbox 1391 1312 1398 1335; x_wconf 82' lang='grc'>;</span> <span class='ocrx_word' id='word_1_394' title='bbox 1409 1304 1467 1334; x_wconf 85' lang='grc' dir='ltr'>πῶς</span> <span class='ocrx_word' id='word_1_395' title='bbox 1479 1303 1525 1330; x_wconf 77' lang='grc' dir='ltr'><strong>καὶ</strong></span> <span class='ocrx_word' id='word_1_396' title='bbox 1536 1303 1627 1337; x_wconf 78' lang='grc' dir='ltr'>λέγετε</span> <span class='ocrx_word' id='word_1_397' title='bbox 1641 1303 1725 1338; x_wconf 79' lang='grc' dir='ltr'>αὐτὴν</span> <span class='ocrx_word' id='word_1_398' title='bbox 1738 1304 1799 1338; x_wconf 81' lang='grc' dir='ltr'><strong>Μη-</strong></span> 
     </span>
    </p>
   </div>
   <div class='ocr_carea' id='block_1_58' title="bbox 1014 1348 1799 1385">
    <p class='ocr_par' dir='ltr' id='par_1_58' title="bbox 1014 1348 1799 1385">
     <span class='ocr_line' id='line_1_58' title="bbox 1014 1348 1799 1385; baseline 0 -10"><span class='ocrx_word' id='word_1_399' title='bbox 1014 1349 1081 1385; x_wconf 77' lang='grc' dir='ltr'>τέρα</span> <span class='ocrx_word' id='word_1_400' title='bbox 1109 1349 1188 1381; x_wconf 81' lang='grc' dir='ltr'>Θεοῦ,</span> <span class='ocrx_word' id='word_1_401' title='bbox 1214 1349 1263 1376; x_wconf 75' lang='grc' dir='ltr'><strong>καὶ</strong></span> <span class='ocrx_word' id='word_1_402' title='bbox 1286 1348 1348 1375; x_wconf 84' lang='grc' dir='ltr'><strong>Υἰὸν</strong></span> <span class='ocrx_word' id='word_1_403' title='bbox 1363 1348 1432 1375; x_wconf 81' lang='grc' dir='ltr'><strong>Θεοῦ</strong></span> <span class='ocrx_word' id='word_1_404' title='bbox 1458 1349 1487 1382; x_wconf 77' lang='grc' dir='ltr'><strong>ἐξ</strong></span> <span class='ocrx_word' id='word_1_405' title='bbox 1508 1349 1593 1384; x_wconf 82' lang='grc' dir='ltr'>αὐτῆς</span> <span class='ocrx_word' id='word_1_406' title='bbox 1618 1349 1799 1384; x_wconf 78' lang='grc' dir='ltr'><strong>γεννηοέντα;</strong></span> 
     </span>
    </p>
   </div>
   <div class='ocr_carea' id='block_1_59' title="bbox 1014 1395 1800 1431">
    <p class='ocr_par' dir='ltr' id='par_1_59' title="bbox 1014 1395 1800 1431">
     <span class='ocr_line' id='line_1_59' title="bbox 1014 1395 1800 1431; baseline 0 -9"><span class='ocrx_word' id='word_1_407' title='bbox 1014 1396 1078 1422; x_wconf 71' lang='grc' dir='ltr'>ἐπεὶ</span> <span class='ocrx_word' id='word_1_408' title='bbox 1104 1395 1168 1427; x_wconf 84' lang='grc' dir='ltr'>Υἱὸς</span> <span class='ocrx_word' id='word_1_409' title='bbox 1195 1395 1262 1422; x_wconf 81' lang='grc' dir='ltr'>Θεοῦ</span> <span class='ocrx_word' id='word_1_410' title='bbox 1276 1415 1284 1428; x_wconf 87' lang='grc'><strong>,</strong></span> <span class='ocrx_word' id='word_1_411' title='bbox 1309 1395 1368 1427; x_wconf 83' lang='grc' dir='ltr'><strong>πῶς</strong></span> <span class='ocrx_word' id='word_1_412' title='bbox 1385 1396 1507 1422; x_wconf 83' lang='grc' dir='ltr'>καλεῖται</span> <span class='ocrx_word' id='word_1_413' title='bbox 1526 1396 1656 1427; x_wconf 80' lang='grc' dir='ltr'>Θεοτόκος</span> <span class='ocrx_word' id='word_1_414' title='bbox 1673 1397 1689 1431; x_wconf 83' lang='grc' dir='ltr'>ἡ</span> <span class='ocrx_word' id='word_1_415' title='bbox 1707 1395 1800 1422; x_wconf 73' lang='grc' dir='ltr'>τοῦτον</span> 
     </span>
    </p>
   </div>
   <div class='ocr_carea' id='block_1_60' title="bbox 1014 1439 1800 1476">
    <p class='ocr_par' dir='ltr' id='par_1_60' title="bbox 1014 1439 1800 1476">
     <span class='ocr_line' id='line_1_60' title="bbox 1014 1439 1800 1476; baseline -0.001 -9"><span class='ocrx_word' id='word_1_416' title='bbox 1014 1441 1185 1476; x_wconf 83' lang='grc' dir='ltr'><strong>γεννήσασα;</strong></span> <span class='ocrx_word' id='word_1_417' title='bbox 1200 1441 1295 1474; x_wconf 78' lang='grc' dir='ltr'><strong>λέγετε</strong></span> <span class='ocrx_word' id='word_1_418' title='bbox 1307 1441 1335 1467; x_wconf 84' lang='grc' dir='ltr'><strong>δὲ</strong></span> <span class='ocrx_word' id='word_1_419' title='bbox 1349 1441 1428 1476; x_wconf 74' lang='grc' dir='ltr'>ὑμεῖς</span> <span class='ocrx_word' id='word_1_420' title='bbox 1436 1439 1513 1473; x_wconf 82' lang='grc' dir='ltr'>αὖθις</span> <span class='ocrx_word' id='word_1_421' title='bbox 1520 1441 1545 1467; x_wconf 78' lang='lat' dir='ltr'><strong>oi.</strong></span> <span class='ocrx_word' id='word_1_422' title='bbox 1556 1441 1716 1476; x_wconf 80' lang='grc' dir='ltr'>Χριστιανοί</span> <span class='ocrx_word' id='word_1_423' title='bbox 1727 1449 1734 1455; x_wconf 93' lang='grc'><strong>·</strong></span> <span class='ocrx_word' id='word_1_424' title='bbox 1747 1441 1800 1467; x_wconf 84' lang='grc' dir='ltr'><strong>Τὸν</strong></span> 
     </span>
    </p>
   </div>
   <div class='ocr_carea' id='block_1_61' title="bbox 1014 1486 1800 1522">
    <p class='ocr_par' dir='ltr' id='par_1_61' title="bbox 1014 1486 1800 1522">
     <span class='ocr_line' id='line_1_61' title="bbox 1014 1486 1800 1522; baseline 0 -10"><span class='ocrx_word' id='word_1_425' title='bbox 1014 1486 1079 1513; x_wconf 82' lang='grc' dir='ltr'>Θεὸν</span> <span class='ocrx_word' id='word_1_426' title='bbox 1098 1486 1268 1522; x_wconf 77' lang='grc' dir='ltr'><strong>γνωρίζομεν</strong></span> <span class='ocrx_word' id='word_1_427' title='bbox 1275 1486 1368 1514; x_wconf 79' lang='grc' dir='ltr'>οὐσίαν</span> <span class='ocrx_word' id='word_1_428' title='bbox 1380 1486 1500 1514; x_wconf 77' lang='grc' dir='ltr'><strong>ἀναίτιον</strong></span> <span class='ocrx_word' id='word_1_429' title='bbox 1512 1494 1519 1502; x_wconf 89' lang='grc'><strong>·</strong></span> <span class='ocrx_word' id='word_1_430' title='bbox 1532 1487 1621 1513; x_wconf 86' lang='grc' dir='ltr'><strong>αἰτίαν</strong></span> <span class='ocrx_word' id='word_1_431' title='bbox 1635 1486 1683 1512; x_wconf 83' lang='grc' dir='ltr'>οὖν</span> <span class='ocrx_word' id='word_1_432' title='bbox 1694 1494 1800 1512; x_wconf 77' lang='grc' dir='ltr'>παντο-</span> 
     </span>
    </p>
   </div>
   <div class='ocr_carea' id='block_1_62' title="bbox 1014 1531 1801 1568">
    <p class='ocr_par' dir='ltr' id='par_1_62' title="bbox 1014 1531 1801 1568">
     <span class='ocr_line' id='line_1_62' title="bbox 1014 1531 1801 1568; baseline 0 -10"><span class='ocrx_word' id='word_1_433' title='bbox 1014 1532 1141 1567; x_wconf 75' lang='grc' dir='ltr'>δύναμον,</span> <span class='ocrx_word' id='word_1_434' title='bbox 1155 1532 1312 1567; x_wconf 84' lang='grc' dir='ltr'>παναληοῆ,</span> <span class='ocrx_word' id='word_1_435' title='bbox 1323 1532 1415 1567; x_wconf 81' lang='grc' dir='ltr'><strong>πάσης</strong></span> <span class='ocrx_word' id='word_1_436' title='bbox 1430 1532 1523 1564; x_wconf 78' lang='grc' dir='ltr'>οὑσῐας</span> <span class='ocrx_word' id='word_1_437' title='bbox 1537 1531 1586 1558; x_wconf 78' lang='grc' dir='ltr'><strong>καὶ</strong></span> <span class='ocrx_word' id='word_1_438' title='bbox 1599 1532 1706 1566; x_wconf 79' lang='grc' dir='ltr'><strong>φύσεως</strong></span> <span class='ocrx_word' id='word_1_439' title='bbox 1719 1533 1801 1568; x_wconf 83' lang='grc' dir='ltr'>ὑπερ-</span> 
     </span>
    </p>
   </div>
   <div class='ocr_carea' id='block_1_63' title="bbox 1013 1577 1798 1613">
    <p class='ocr_par' dir='ltr' id='par_1_63' title="bbox 1013 1577 1798 1613">
     <span class='ocr_line' id='line_1_63' title="bbox 1013 1577 1798 1613; baseline -0.001 -9"><span class='ocrx_word' id='word_1_440' title='bbox 1013 1577 1113 1610; x_wconf 86' lang='grc' dir='ltr'>οὑσιον,</span> <span class='ocrx_word' id='word_1_441' title='bbox 1130 1577 1248 1613; x_wconf 79' lang='grc' dir='ltr'><strong>ἄναρχον</strong></span> <span class='ocrx_word' id='word_1_442' title='bbox 1267 1579 1314 1604; x_wconf 75' lang='grc' dir='ltr'><strong>καὶ¹</strong></span> <span class='ocrx_word' id='word_1_443' title='bbox 1343 1577 1531 1612; x_wconf 81' lang='grc' dir='ltr'>ἀτελεύτητον.</span> <span class='ocrx_word' id='word_1_444' title='bbox 1548 1577 1584 1604; x_wconf 84' lang='grc' dir='ltr'><strong>Τὸ</strong></span> <span class='ocrx_word' id='word_1_445' title='bbox 1603 1577 1657 1612; x_wconf 84' lang='grc' dir='ltr'><strong>γὰρ</strong></span> <span class='ocrx_word' id='word_1_446' title='bbox 1669 1577 1798 1612; x_wconf 84' lang='grc' dir='ltr'><strong>ἄναρχον,</strong></span> 
     </span>
    </p>
   </div>
   <div class='ocr_carea' id='block_1_64' title="bbox 1013 1622 1799 1657">
    <p class='ocr_par' dir='ltr' id='par_1_64' title="bbox 1013 1622 1799 1657">
     <span class='ocr_line' id='line_1_64' title="bbox 1013 1622 1799 1657; baseline -0.003 -7"><span class='ocrx_word' id='word_1_447' title='bbox 1013 1623 1142 1650; x_wconf 73' lang='grc' dir='ltr'>ἄκτιστον</span> <span class='ocrx_word' id='word_1_448' title='bbox 1157 1623 1277 1657; x_wconf 78' lang='grc' dir='ltr'>λέγεται.</span> <span class='ocrx_word' id='word_1_449' title='bbox 1300 1623 1377 1649; x_wconf 75' lang='grc' dir='ltr'>Ἐπεὶ</span> <span class='ocrx_word' id='word_1_450' title='bbox 1391 1623 1406 1648; x_wconf 80' lang='grc' dir='ltr'><strong>ὁ</strong></span> <span class='ocrx_word' id='word_1_451' title='bbox 1418 1623 1473 1649; x_wconf 83' lang='grc' dir='ltr'><strong>τῶν</strong></span> <span class='ocrx_word' id='word_1_452' title='bbox 1488 1623 1557 1649; x_wconf 82' lang='grc' dir='ltr'><strong>ὅλων</strong></span> <span class='ocrx_word' id='word_1_453' title='bbox 1572 1623 1639 1653; x_wconf 81' lang='grc' dir='ltr'>Θεὸς</span> <span class='ocrx_word' id='word_1_454' title='bbox 1653 1623 1739 1657; x_wconf 77' lang='grc' dir='ltr'>παρὲξ</span> <span class='ocrx_word' id='word_1_455' title='bbox 1748 1622 1799 1655; x_wconf 85' lang='grc' dir='ltr'><strong>ὢν,</strong></span> 
     </span>
    </p>
   </div>
   <div class='ocr_carea' id='block_1_65' title="bbox 1012 1668 1800 1704">
    <p class='ocr_par' dir='ltr' id='par_1_65' title="bbox 1012 1668 1800 1704">
     <span class='ocr_line' id='line_1_65' title="bbox 1012 1668 1800 1704; baseline 0.001 -10"><span class='ocrx_word' id='word_1_456' title='bbox 1012 1669 1050 1700; x_wconf 80' lang='grc' dir='ltr'>ὡς</span> <span class='ocrx_word' id='word_1_457' title='bbox 1062 1669 1156 1702; x_wconf 84' lang='grc' dir='ltr'>λέγετε</span> <span class='ocrx_word' id='word_1_458' title='bbox 1181 1670 1206 1695; x_wconf 80' lang='grc' dir='ltr'>οἱ</span> <span class='ocrx_word' id='word_1_459' title='bbox 1233 1668 1403 1704; x_wconf 69' lang='grc' dir='ltr'><strong>Χριστιανοὶ,</strong></span> <span class='ocrx_word' id='word_1_460' title='bbox 1432 1668 1481 1703; x_wconf 86' lang='grc' dir='ltr'><strong>τῆς</strong></span> <span class='ocrx_word' id='word_1_461' title='bbox 1495 1669 1662 1703; x_wconf 82' lang='grc' dir='ltr'><strong>ἀγεννησίας</strong></span> <span class='ocrx_word' id='word_1_462' title='bbox 1677 1669 1725 1695; x_wconf 77' lang='grc' dir='ltr'><strong>καὶ</strong></span> <span class='ocrx_word' id='word_1_463' title='bbox 1746 1668 1800 1702; x_wconf 77' lang='grc' dir='ltr'>τῆς</span> 
     </span>
    </p>
   </div>
   <div class='ocr_carea' id='block_1_66' title="bbox 1012 1714 1800 1749">
    <p class='ocr_par' dir='ltr' id='par_1_66' title="bbox 1012 1714 1800 1749">
     <span class='ocr_line' id='line_1_66' title="bbox 1012 1714 1800 1749; baseline 0 -9"><span class='ocrx_word' id='word_1_464' title='bbox 1012 1715 1178 1749; x_wconf 76' lang='grc' dir='ltr'><strong>γεννήσεως,</strong></span> <span class='ocrx_word' id='word_1_465' title='bbox 1204 1715 1264 1746; x_wconf 85' lang='grc' dir='ltr'>πῶς</span> <span class='ocrx_word' id='word_1_466' title='bbox 1294 1715 1426 1749; x_wconf 79' lang='grc' dir='ltr'>γέγονεν;</span> <span class='ocrx_word' id='word_1_467' title='bbox 1453 1714 1585 1749; x_wconf 79' lang='grc' dir='ltr'>Γεννητὸν</span> <span class='ocrx_word' id='word_1_468' title='bbox 1622 1714 1732 1749; x_wconf 83' lang='grc' dir='ltr'>Πατέρα</span> <span class='ocrx_word' id='word_1_469' title='bbox 1759 1714 1800 1749; x_wconf 81' lang='grc' dir='ltr'>μὴ</span> 
     </span>
    </p>
   </div>
   <div class='ocr_carea' id='block_1_67' title="bbox 1012 1760 1801 1796">
    <p class='ocr_par' dir='ltr' id='par_1_67' title="bbox 1012 1760 1801 1796">
     <span class='ocr_line' id='line_1_67' title="bbox 1012 1760 1801 1796; baseline -0.001 -9"><span class='ocrx_word' id='word_1_470' title='bbox 1012 1761 1092 1795; x_wconf 76' lang='grc' dir='ltr'><strong>ἔχων,</strong></span> <span class='ocrx_word' id='word_1_471' title='bbox 1111 1761 1169 1792; x_wconf 83' lang='grc' dir='ltr'>πῶς</span> <span class='ocrx_word' id='word_1_472' title='bbox 1184 1761 1296 1794; x_wconf 86' lang='grc' dir='ltr'>γέγονεν</span> <span class='ocrx_word' id='word_1_473' title='bbox 1322 1760 1508 1796; x_wconf 77' lang='grc' dir='ltr'>ΠατήρςΚαὶ</span> <span class='ocrx_word' id='word_1_474' title='bbox 1529 1760 1632 1792; x_wconf 77' lang='grc' dir='ltr'><strong>δείξατε</strong></span> <span class='ocrx_word' id='word_1_475' title='bbox 1656 1761 1724 1795; x_wconf 84' lang='grc' dir='ltr'>ἡμῖν</span> <span class='ocrx_word' id='word_1_476' title='bbox 1750 1760 1801 1786; x_wconf 75' lang='grc' dir='ltr'><strong>καὶ</strong></span> 
     </span>
    </p>
   </div>
   <div class='ocr_carea' id='block_1_68' title="bbox 1012 1804 1801 1840">
    <p class='ocr_par' dir='ltr' id='par_1_68' title="bbox 1012 1804 1801 1840">
     <span class='ocr_line' id='line_1_68' title="bbox 1012 1804 1801 1840; baseline -0.001 -9"><span class='ocrx_word' id='word_1_477' title='bbox 1012 1806 1070 1837; x_wconf 83' lang='grc' dir='ltr'>πῶς</span> <span class='ocrx_word' id='word_1_478' title='bbox 1085 1805 1232 1839; x_wconf 72' lang='grc' dir='ltr'>ἐγέννησεν</span> <span class='ocrx_word' id='word_1_479' title='bbox 1252 1806 1266 1831; x_wconf 83' lang='grc' dir='ltr'>ὀ</span> <span class='ocrx_word' id='word_1_480' title='bbox 1278 1805 1343 1836; x_wconf 84' lang='grc' dir='ltr'>Θεὸς</span> <span class='ocrx_word' id='word_1_481' title='bbox 1359 1805 1439 1832; x_wconf 78' lang='grc' dir='ltr'><strong>Υἰόνο</strong></span> <span class='ocrx_word' id='word_1_482' title='bbox 1454 1805 1478 1831; x_wconf 73' lang='grc' dir='ltr'>εἰ</span> <span class='ocrx_word' id='word_1_483' title='bbox 1497 1805 1546 1840; x_wconf 86' lang='grc' dir='ltr'><strong>μὲν</strong></span> <span class='ocrx_word' id='word_1_484' title='bbox 1563 1804 1656 1838; x_wconf 79' lang='grc' dir='ltr'>λέγετε</span> <span class='ocrx_word' id='word_1_485' title='bbox 1673 1805 1726 1839; x_wconf 76' lang='grc' dir='ltr'><strong>πρὸ</strong></span> <span class='ocrx_word' id='word_1_486' title='bbox 1744 1804 1801 1831; x_wconf 84' lang='grc' dir='ltr'>τῶν</span> 
     </span>
    </p>
   </div>
   <div class='ocr_carea' id='block_1_69' title="bbox 1011 1850 1802 1886">
    <p class='ocr_par' dir='ltr' id='par_1_69' title="bbox 1011 1850 1802 1886">
     <span class='ocr_line' id='line_1_69' title="bbox 1011 1850 1802 1886; baseline 0.001 -10"><span class='ocrx_word' id='word_1_487' title='bbox 1011 1850 1128 1883; x_wconf 86' lang='grc' dir='ltr'>αἰώνων,</span> <span class='ocrx_word' id='word_1_488' title='bbox 1147 1851 1227 1885; x_wconf 83' lang='grc' dir='ltr'>ὑμεῖς</span> <span class='ocrx_word' id='word_1_489' title='bbox 1253 1851 1370 1886; x_wconf 76' lang='grc' dir='ltr'><strong>χθεσινοὶ</strong></span> <span class='ocrx_word' id='word_1_490' title='bbox 1393 1851 1479 1883; x_wconf 75' lang='grc' dir='ltr'>ὗντες,</span> <span class='ocrx_word' id='word_1_491' title='bbox 1494 1851 1576 1877; x_wconf 79' lang='grc' dir='ltr'>πόθεν</span> <span class='ocrx_word' id='word_1_492' title='bbox 1592 1850 1681 1876; x_wconf 82' lang='grc' dir='ltr'>οἴδατε</span> <span class='ocrx_word' id='word_1_493' title='bbox 1694 1850 1729 1876; x_wconf 81' lang='grc' dir='ltr'>τὰ</span> <span class='ocrx_word' id='word_1_494' title='bbox 1744 1851 1802 1885; x_wconf 71' lang='grc' dir='ltr'><strong>πρὸ</strong></span> 
     </span>
    </p>
   </div>
   <div class='ocr_carea' id='block_1_70' title="bbox 1011 1897 1801 1932">
    <p class='ocr_par' dir='ltr' id='par_1_70' title="bbox 1011 1897 1801 1932">
     <span class='ocr_line' id='line_1_70' title="bbox 1011 1897 1801 1932; baseline 0 -9"><span class='ocrx_word' id='word_1_495' title='bbox 1011 1897 1138 1929; x_wconf 72' lang='grc' dir='ltr'>αἰώνωνς</span> <span class='ocrx_word' id='word_1_496' title='bbox 1153 1898 1200 1928; x_wconf 82' lang='grc' dir='ltr'><strong>Τίς</strong></span> <span class='ocrx_word' id='word_1_497' title='bbox 1223 1897 1322 1929; x_wconf 78' lang='grc' dir='ltr'><strong>ἔδειξεν</strong></span> <span class='ocrx_word' id='word_1_498' title='bbox 1348 1898 1412 1932; x_wconf 84' lang='grc' dir='ltr'>ὑμῖν</span> <span class='ocrx_word' id='word_1_499' title='bbox 1437 1897 1566 1932; x_wconf 76' lang='grc' dir='ltr'><strong>τοιαύτην</strong></span> <span class='ocrx_word' id='word_1_500' title='bbox 1589 1897 1731 1931; x_wconf 78' lang='grc' dir='ltr'>γέννησινς</span> <span class='ocrx_word' id='word_1_501' title='bbox 1750 1897 1801 1923; x_wconf 83' lang='grc' dir='ltr'><strong>καὶ</strong></span> 
     </span>
    </p>
   </div>
   <div class='ocr_carea' id='block_1_71' title="bbox 1012 1943 1802 1979">
    <p class='ocr_par' dir='ltr' id='par_1_71' title="bbox 1012 1943 1802 1979">
     <span class='ocr_line' id='line_1_71' title="bbox 1012 1943 1802 1979; baseline 0 -9"><span class='ocrx_word' id='word_1_502' title='bbox 1012 1943 1092 1970; x_wconf 78' lang='grc' dir='ltr'>πάλιν</span> <span class='ocrx_word' id='word_1_503' title='bbox 1103 1944 1170 1978; x_wconf 83' lang='grc' dir='ltr'>φατὲ</span> <span class='ocrx_word' id='word_1_504' title='bbox 1180 1944 1205 1970; x_wconf 81' lang='grc' dir='ltr'>οἱ</span> <span class='ocrx_word' id='word_1_505' title='bbox 1217 1944 1375 1979; x_wconf 80' lang='grc' dir='ltr'>Χριστιανοί</span> <span class='ocrx_word' id='word_1_506' title='bbox 1385 1944 1428 1970; x_wconf 87' lang='lat'><strong>&quot;0</strong></span> <span class='ocrx_word' id='word_1_507' title='bbox 1442 1944 1637 1978; x_wconf 79' lang='grc' dir='ltr'><strong>γεγεννημένος</strong></span> <span class='ocrx_word' id='word_1_508' title='bbox 1653 1943 1726 1977; x_wconf 71' lang='grc' dir='ltr'>Υἱὸς,</span> <span class='ocrx_word' id='word_1_509' title='bbox 1740 1943 1802 1970; x_wconf 66' lang='grc' dir='ltr'>εὐνα</span> 
     </span>
    </p>
   </div>
   <div class='ocr_carea' id='block_1_72' title="bbox 1012 1989 1802 2025">
    <p class='ocr_par' dir='ltr' id='par_1_72' title="bbox 1012 1989 1802 2025">
     <span class='ocr_line' id='line_1_72' title="bbox 1012 1989 1802 2025; baseline -0.001 -9"><span class='ocrx_word' id='word_1_510' title='bbox 1012 1998 1094 2024; x_wconf 86' lang='grc' dir='ltr'>αρχος</span> <span class='ocrx_word' id='word_1_511' title='bbox 1113 1989 1151 2024; x_wconf 80' lang='grc' dir='ltr'>τῷ</span> <span class='ocrx_word' id='word_1_512' title='bbox 1166 1990 1262 2025; x_wconf 84' lang='grc' dir='ltr'>Πατρὶ,</span> <span class='ocrx_word' id='word_1_513' title='bbox 1281 1990 1327 2016; x_wconf 77' lang='grc' dir='ltr'><strong>καὶ</strong></span> <span class='ocrx_word' id='word_1_514' title='bbox 1344 1989 1403 2021; x_wconf 85' lang='grc' dir='ltr'>πῶς</span> <span class='ocrx_word' id='word_1_515' title='bbox 1417 1989 1502 2024; x_wconf 85' lang='grc' dir='ltr'>ἄλλην</span> <span class='ocrx_word' id='word_1_516' title='bbox 1523 1989 1639 2023; x_wconf 82' lang='grc' dir='ltr'><strong>γένεσιν,</strong></span> <span class='ocrx_word' id='word_1_517' title='bbox 1657 1989 1704 2015; x_wconf 77' lang='grc' dir='ltr'><strong>καὶ</strong></span> <span class='ocrx_word' id='word_1_518' title='bbox 1719 1989 1802 2015; x_wconf 75' lang='grc' dir='ltr'>ἀκτι-</span> 
     </span>
    </p>
   </div>
   <div class='ocr_carea' id='block_1_73' title="bbox 1012 2035 1801 2070">
    <p class='ocr_par' dir='ltr' id='par_1_73' title="bbox 1012 2035 1801 2070">
     <span class='ocr_line' id='line_1_73' title="bbox 1012 2035 1801 2070; baseline 0 -9"><span class='ocrx_word' id='word_1_519' title='bbox 1012 2043 1089 2068; x_wconf 77' lang='grc' dir='ltr'>στον;</span> <span class='ocrx_word' id='word_1_520' title='bbox 1105 2035 1174 2061; x_wconf 80' lang='grc' dir='ltr'>ἀλλὰ</span> <span class='ocrx_word' id='word_1_521' title='bbox 1197 2035 1227 2061; x_wconf 75' lang='grc' dir='ltr'><strong>τὸ</strong></span> <span class='ocrx_word' id='word_1_522' title='bbox 1254 2035 1383 2070; x_wconf 84' lang='grc' dir='ltr'>γεννητὸν</span> <span class='ocrx_word' id='word_1_523' title='bbox 1411 2036 1530 2062; x_wconf 73' lang='grc' dir='ltr'>κτιστύν.</span> <span class='ocrx_word' id='word_1_524' title='bbox 1551 2036 1604 2062; x_wconf 70' lang='grc' dir='ltr'>Καὶ</span> <span class='ocrx_word' id='word_1_525' title='bbox 1629 2035 1718 2061; x_wconf 81' lang='grc' dir='ltr'><strong>ἐπεὶό</strong></span> <span class='ocrx_word' id='word_1_526' title='bbox 1743 2036 1801 2062; x_wconf 80' lang='grc' dir='ltr'><strong>τῶν</strong></span> 
     </span>
    </p>
   </div>
   <div class='ocr_carea' id='block_1_74' title="bbox 1010 2079 1799 2116">
    <p class='ocr_par' dir='ltr' id='par_1_74' title="bbox 1010 2079 1799 2116">
     <span class='ocr_line' id='line_1_74' title="bbox 1010 2079 1799 2116; baseline 0.001 -11"><span class='ocrx_word' id='word_1_527' title='bbox 1010 2082 1077 2108; x_wconf 71' lang='grc' dir='ltr'>ὅλων</span> <span class='ocrx_word' id='word_1_528' title='bbox 1092 2081 1156 2112; x_wconf 83' lang='grc' dir='ltr'>Θεὸς</span> <span class='ocrx_word' id='word_1_529' title='bbox 1172 2081 1289 2116; x_wconf 82' lang='grc' dir='ltr'><strong>ὑπάρχει</strong></span> <span class='ocrx_word' id='word_1_530' title='bbox 1305 2081 1357 2115; x_wconf 85' lang='grc' dir='ltr'><strong>πρὸ</strong></span> <span class='ocrx_word' id='word_1_531' title='bbox 1368 2080 1484 2113; x_wconf 63' lang='grc' dir='ltr'><strong>αιώλων,</strong></span> <span class='ocrx_word' id='word_1_532' title='bbox 1500 2081 1545 2107; x_wconf 77' lang='grc' dir='ltr'><strong>καὶ</strong></span> <span class='ocrx_word' id='word_1_533' title='bbox 1569 2079 1608 2112; x_wconf 77' lang='grc' dir='ltr'>εἷς</span> <span class='ocrx_word' id='word_1_534' title='bbox 1621 2081 1689 2113; x_wconf 75' lang='grc' dir='ltr'>ἐστι,</span> <span class='ocrx_word' id='word_1_535' title='bbox 1705 2081 1752 2106; x_wconf 74' lang='grc' dir='ltr'><strong>καὶ</strong></span> <span class='ocrx_word' id='word_1_536' title='bbox 1766 2081 1799 2107; x_wconf 81' lang='grc' dir='ltr'><strong>οὐ</strong></span> 
     </span>
    </p>
   </div>
   <div class='ocr_carea' id='block_1_75' title="bbox 1009 2126 1800 2162">
    <p class='ocr_par' dir='ltr' id='par_1_75' title="bbox 1009 2126 1800 2162">
     <span class='ocr_line' id='line_1_75' title="bbox 1009 2126 1800 2162; baseline 0 -10"><span class='ocrx_word' id='word_1_537' title='bbox 1009 2128 1095 2162; x_wconf 74' lang='grc' dir='ltr'>τρεῖς,</span> <span class='ocrx_word' id='word_1_538' title='bbox 1112 2126 1217 2158; x_wconf 79' lang='grc' dir='ltr'>λοιπὸν,</span> <span class='ocrx_word' id='word_1_539' title='bbox 1237 2127 1326 2152; x_wconf 78' lang='grc' dir='ltr'>κοινὸν</span> <span class='ocrx_word' id='word_1_540' title='bbox 1337 2126 1424 2161; x_wconf 76' lang='grc' dir='ltr'>ὄνομα</span> <span class='ocrx_word' id='word_1_541' title='bbox 1437 2126 1503 2161; x_wconf 75' lang='grc' dir='ltr'>ἔχει,</span> <span class='ocrx_word' id='word_1_542' title='bbox 1523 2126 1570 2153; x_wconf 73' lang='grc' dir='ltr'>καὶ</span> <span class='ocrx_word' id='word_1_543' title='bbox 1586 2128 1616 2152; x_wconf 81' lang='grc' dir='ltr'><strong>οὺ</strong></span> <span class='ocrx_word' id='word_1_544' title='bbox 1633 2126 1720 2153; x_wconf 82' lang='grc' dir='ltr'>κοινά.</span> <span class='ocrx_word' id='word_1_545' title='bbox 1740 2127 1800 2153; x_wconf 70' lang='grc' dir='ltr'><strong>Καὶ</strong></span> 
     </span>
    </p>
   </div>
   <div class='ocr_carea' id='block_1_76' title="bbox 1010 2171 1800 2206">
    <p class='ocr_par' dir='ltr' id='par_1_76' title="bbox 1010 2171 1800 2206">
     <span class='ocr_line' id='line_1_76' title="bbox 1010 2171 1800 2206; baseline 0 -9"><span class='ocrx_word' id='word_1_546' title='bbox 1010 2172 1072 2197; x_wconf 75' lang='grc' dir='ltr'>ἐπεὶ</span> <span class='ocrx_word' id='word_1_547' title='bbox 1086 2171 1164 2198; x_wconf 72' lang='grc' dir='ltr'>κοινὰ</span> <span class='ocrx_word' id='word_1_548' title='bbox 1181 2171 1304 2206; x_wconf 81' lang='grc' dir='ltr'>ὀνόματα</span> <span class='ocrx_word' id='word_1_549' title='bbox 1319 2171 1420 2204; x_wconf 82' lang='grc' dir='ltr'>λέγεις,</span> <span class='ocrx_word' id='word_1_550' title='bbox 1436 2172 1493 2202; x_wconf 79' lang='grc' dir='ltr'>πῶς</span> <span class='ocrx_word' id='word_1_551' title='bbox 1511 2171 1590 2198; x_wconf 77' lang='grc' dir='ltr'>πάλιν</span> <span class='ocrx_word' id='word_1_552' title='bbox 1607 2171 1695 2198; x_wconf 73' lang='grc' dir='ltr'>κοινὸν</span> <span class='ocrx_word' id='word_1_553' title='bbox 1711 2171 1800 2206; x_wconf 64' lang='grc' dir='ltr'>ὄνομα</span> 
     </span>
    </p>
   </div>
   <div class='ocr_carea' id='block_1_77' title="bbox 1010 2216 1802 2252">
    <p class='ocr_par' dir='ltr' id='par_1_77' title="bbox 1010 2216 1802 2252">
     <span class='ocr_line' id='line_1_77' title="bbox 1010 2216 1802 2252; baseline 0 -8"><span class='ocrx_word' id='word_1_554' title='bbox 1010 2217 1157 2252; x_wconf 75' lang='grc' dir='ltr'><strong>ἀναφέρεις</strong></span> <span class='ocrx_word' id='word_1_555' title='bbox 1174 2225 1181 2250; x_wconf 87' lang='grc'><strong>;</strong></span> <span class='ocrx_word' id='word_1_556' title='bbox 1200 2216 1293 2243; x_wconf 81' lang='grc' dir='ltr'>λοιπὸν</span> <span class='ocrx_word' id='word_1_557' title='bbox 1315 2217 1361 2242; x_wconf 78' lang='grc' dir='ltr'><strong>καὶ</strong></span> <span class='ocrx_word' id='word_1_558' title='bbox 1377 2217 1404 2243; x_wconf 76' lang='grc' dir='ltr'>αἱ</span> <span class='ocrx_word' id='word_1_559' title='bbox 1431 2218 1504 2252; x_wconf 78' lang='grc' dir='ltr'>τρεῖς</span> <span class='ocrx_word' id='word_1_560' title='bbox 1522 2217 1685 2248; x_wconf 73' lang='grc' dir='ltr'>ὑποστάσεις</span> <span class='ocrx_word' id='word_1_561' title='bbox 1705 2217 1802 2251; x_wconf 71' lang='grc' dir='ltr'>ἔχουσι</span> 
     </span>
    </p>
   </div>
   <div class='ocr_carea' id='block_1_78' title="bbox 1014 2262 1802 2296">
    <p class='ocr_par' dir='ltr' id='par_1_78' title="bbox 1014 2262 1802 2296">
     <span class='ocr_line' id='line_1_78' title="bbox 1014 2262 1802 2296; baseline -0.001 -7"><span class='ocrx_word' id='word_1_562' title='bbox 1014 2263 1081 2289; x_wconf 80' lang='grc' dir='ltr'>ἰδίαν</span> <span class='ocrx_word' id='word_1_563' title='bbox 1099 2262 1180 2296; x_wconf 74' lang='grc' dir='ltr'>φύσιν</span> <span class='ocrx_word' id='word_1_564' title='bbox 1203 2262 1249 2288; x_wconf 78' lang='grc' dir='ltr'>καὶ</span> <span class='ocrx_word' id='word_1_565' title='bbox 1279 2262 1381 2288; x_wconf 74' lang='grc' dir='ltr'><strong>οὐσίαν.</strong></span> <span class='ocrx_word' id='word_1_566' title='bbox 1404 2263 1458 2288; x_wconf 77' lang='grc' dir='ltr'><strong>Καὶ</strong></span> <span class='ocrx_word' id='word_1_567' title='bbox 1480 2263 1560 2289; x_wconf 74' lang='grc' dir='ltr'>πάλιν</span> <span class='ocrx_word' id='word_1_568' title='bbox 1577 2262 1633 2293; x_wconf 65' lang='grc' dir='ltr'><strong>πῶς</strong></span> <span class='ocrx_word' id='word_1_569' title='bbox 1657 2262 1750 2296; x_wconf 75' lang='grc' dir='ltr'>λέγετε</span> <span class='ocrx_word' id='word_1_570' title='bbox 1775 2263 1802 2288; x_wconf 74' lang='grc' dir='ltr'><strong>οἱ</strong></span> 
     </span>
    </p>
   </div>
   <div class='ocr_carea' id='block_1_79' title="bbox 1012 2307 1802 2343">
    <p class='ocr_par' dir='ltr' id='par_1_79' title="bbox 1012 2307 1802 2343">
     <span class='ocr_line' id='line_1_79' title="bbox 1012 2307 1802 2343; baseline -0.001 -9"><span class='ocrx_word' id='word_1_571' title='bbox 1012 2308 1182 2342; x_wconf 75' lang='grc' dir='ltr'><strong>Χριστιανοὶ,</strong></span> <span class='ocrx_word' id='word_1_572' title='bbox 1203 2309 1244 2334; x_wconf 78' lang='grc' dir='ltr'>ὅτι</span> <span class='ocrx_word' id='word_1_573' title='bbox 1261 2309 1274 2334; x_wconf 84' lang='grc' dir='ltr'><strong>ὁ</strong></span> <span class='ocrx_word' id='word_1_574' title='bbox 1297 2308 1361 2339; x_wconf 84' lang='grc' dir='ltr'>Θεὸς</span> <span class='ocrx_word' id='word_1_575' title='bbox 1377 2308 1454 2343; x_wconf 85' lang='grc' dir='ltr'>ὑμῶν</span> <span class='ocrx_word' id='word_1_576' title='bbox 1478 2308 1567 2343; x_wconf 79' lang='grc' dir='ltr'><strong>ὴνώθη</strong></span> <span class='ocrx_word' id='word_1_577' title='bbox 1595 2308 1634 2343; x_wconf 80' lang='grc' dir='ltr'>τῷ</span> <span class='ocrx_word' id='word_1_578' title='bbox 1650 2307 1802 2342; x_wconf 77' lang='grc' dir='ltr'><strong>ἀνθρώπῳ,</strong></span> 
     </span>
    </p>
   </div>
   <div class='ocr_carea' id='block_1_80' title="bbox 1012 2354 1803 2390">
    <p class='ocr_par' dir='ltr' id='par_1_80' title="bbox 1012 2354 1803 2390">
     <span class='ocr_line' id='line_1_80' title="bbox 1012 2354 1803 2390; baseline 0 -10"><span class='ocrx_word' id='word_1_579' title='bbox 1012 2355 1060 2381; x_wconf 80' lang='grc' dir='ltr'><strong>καὶ</strong></span> <span class='ocrx_word' id='word_1_580' title='bbox 1079 2354 1224 2390; x_wconf 77' lang='grc' dir='ltr'>ἄνθρωπος</span> <span class='ocrx_word' id='word_1_581' title='bbox 1240 2354 1353 2390; x_wconf 73' lang='grc' dir='ltr'>ἐκλήθη,</span> <span class='ocrx_word' id='word_1_582' title='bbox 1371 2355 1417 2381; x_wconf 82' lang='grc' dir='ltr'>καὶ</span> <span class='ocrx_word' id='word_1_583' title='bbox 1429 2354 1531 2386; x_wconf 83' lang='grc' dir='ltr'>τέλειος</span> <span class='ocrx_word' id='word_1_584' title='bbox 1547 2354 1622 2386; x_wconf 82' lang='grc' dir='ltr'>Θεὸς,</span> <span class='ocrx_word' id='word_1_585' title='bbox 1638 2354 1695 2385; x_wconf 77' lang='grc' dir='ltr'>πῶς</span> <span class='ocrx_word' id='word_1_586' title='bbox 1720 2354 1803 2380; x_wconf 76' lang='grc' dir='ltr'><strong>ὲ.νοῦ-</strong></span> 
     </span>
    </p>
   </div>
   <div class='ocr_carea' id='block_1_81' title="bbox 1011 2398 1806 2434">
    <p class='ocr_par' dir='ltr' id='par_1_81' title="bbox 1011 2398 1806 2434">
     <span class='ocr_line' id='line_1_81' title="bbox 1011 2398 1806 2434; baseline 0.001 -9"><span class='ocrx_word' id='word_1_587' title='bbox 1011 2407 1058 2426; x_wconf 87' lang='grc' dir='ltr'>ται</span> <span class='ocrx_word' id='word_1_588' title='bbox 1069 2399 1099 2425; x_wconf 86' lang='grc' dir='ltr'><strong>τὸ</strong></span> <span class='ocrx_word' id='word_1_589' title='bbox 1113 2399 1167 2433; x_wconf 77' lang='grc' dir='ltr'>πῦρ</span> <span class='ocrx_word' id='word_1_590' title='bbox 1179 2398 1217 2434; x_wconf 84' lang='grc' dir='ltr'>τῷ</span> <span class='ocrx_word' id='word_1_591' title='bbox 1238 2398 1321 2434; x_wconf 75' lang='grc' dir='ltr'>ξύλῳ,</span> <span class='ocrx_word' id='word_1_592' title='bbox 1335 2400 1384 2434; x_wconf 77' lang='grc' dir='ltr'><strong>οὐχ</strong></span> <span class='ocrx_word' id='word_1_593' title='bbox 1402 2400 1509 2426; x_wconf 76' lang='grc' dir='ltr'>ἑνοῦται</span> <span class='ocrx_word' id='word_1_594' title='bbox 1522 2401 1538 2434; x_wconf 76' lang='grc' dir='ltr'>ἡ</span> <span class='ocrx_word' id='word_1_595' title='bbox 1550 2399 1629 2426; x_wconf 70' lang='grc' dir='ltr'>οὐσία</span> <span class='ocrx_word' id='word_1_596' title='bbox 1642 2400 1691 2434; x_wconf 77' lang='grc' dir='ltr'>τῆς</span> <span class='ocrx_word' id='word_1_597' title='bbox 1708 2400 1806 2434; x_wconf 62' lang='lat'><strong>036:1;—</strong></span> 
     </span>
    </p>
   </div>
   <div class='ocr_carea' id='block_1_82' title="bbox 1012 2445 1805 2481">
    <p class='ocr_par' dir='ltr' id='par_1_82' title="bbox 1012 2445 1805 2481">
     <span class='ocr_line' id='line_1_82' title="bbox 1012 2445 1805 2481; baseline 0.003 -11"><span class='ocrx_word' id='word_1_598' title='bbox 1012 2453 1057 2476; x_wconf 81' lang='grc' dir='ltr'><strong>τος</strong></span> <span class='ocrx_word' id='word_1_599' title='bbox 1073 2446 1107 2480; x_wconf 80' lang='grc' dir='ltr'>τῇ</span> <span class='ocrx_word' id='word_1_600' title='bbox 1126 2447 1203 2480; x_wconf 78' lang='grc' dir='ltr'><strong>χοῐκῇ</strong></span> <span class='ocrx_word' id='word_1_601' title='bbox 1221 2445 1315 2479; x_wconf 83' lang='grc' dir='ltr'><strong>φύσει.</strong></span> <span class='ocrx_word' id='word_1_602' title='bbox 1333 2447 1387 2473; x_wconf 58' lang='grc' dir='ltr'><strong>Καὶ</strong></span> <span class='ocrx_word' id='word_1_603' title='bbox 1399 2445 1478 2477; x_wconf 76' lang='grc' dir='ltr'>αὖθις</span> <span class='ocrx_word' id='word_1_604' title='bbox 1496 2446 1588 2473; x_wconf 77' lang='grc' dir='ltr'><strong>ἀκούω</strong></span> <span class='ocrx_word' id='word_1_605' title='bbox 1606 2446 1655 2480; x_wconf 82' lang='grc' dir='ltr'>μὲν</span> <span class='ocrx_word' id='word_1_606' title='bbox 1670 2446 1747 2481; x_wconf 82' lang='grc' dir='ltr'>ὑμῶν</span> <span class='ocrx_word' id='word_1_607' title='bbox 1757 2446 1805 2472; x_wconf 86' lang='grc' dir='ltr'>λε-</span> 
     </span>
    </p>
   </div>
   <div class='ocr_carea' id='block_1_83' title="bbox 1012 2491 1806 2527">
    <p class='ocr_par' dir='ltr' id='par_1_83' title="bbox 1012 2491 1806 2527">
     <span class='ocr_line' id='line_1_83' title="bbox 1012 2491 1806 2527; baseline 0.003 -10"><span class='ocrx_word' id='word_1_608' title='bbox 1012 2491 1114 2524; x_wconf 83' lang='grc' dir='ltr'>γόντων</span> <span class='ocrx_word' id='word_1_609' title='bbox 1141 2492 1188 2518; x_wconf 72' lang='grc' dir='ltr'>καὶ</span> <span class='ocrx_word' id='word_1_610' title='bbox 1212 2492 1333 2526; x_wconf 78' lang='grc' dir='ltr'>Πατέρα,</span> <span class='ocrx_word' id='word_1_611' title='bbox 1360 2492 1408 2518; x_wconf 73' lang='grc' dir='ltr'><strong>καὶ</strong></span> <span class='ocrx_word' id='word_1_612' title='bbox 1426 2493 1500 2523; x_wconf 78' lang='grc' dir='ltr'>Υἱὸν,</span> <span class='ocrx_word' id='word_1_613' title='bbox 1527 2493 1574 2519; x_wconf 76' lang='grc' dir='ltr'><strong>καὶ</strong></span> <span class='ocrx_word' id='word_1_614' title='bbox 1595 2492 1716 2527; x_wconf 77' lang='grc' dir='ltr'>Πνεῦμα,</span> <span class='ocrx_word' id='word_1_615' title='bbox 1735 2493 1806 2519; x_wconf 73' lang='grc' dir='ltr'>ἐπεὶ</span> 
     </span>
    </p>
   </div>
   <div class='ocr_carea' id='block_1_84' title="bbox 1012 2536 1804 2572">
    <p class='ocr_par' dir='ltr' id='par_1_84' title="bbox 1012 2536 1804 2572">
     <span class='ocr_line' id='line_1_84' title="bbox 1012 2536 1804 2572; baseline 0.003 -10"><span class='ocrx_word' id='word_1_616' title='bbox 1012 2537 1060 2562; x_wconf 77' lang='grc' dir='ltr'><strong>ἕνα</strong></span> <span class='ocrx_word' id='word_1_617' title='bbox 1073 2536 1175 2569; x_wconf 85' lang='grc' dir='ltr'>λέγετε.</span> <span class='ocrx_word' id='word_1_618' title='bbox 1190 2537 1245 2563; x_wconf 77' lang='grc' dir='ltr'><strong>Καὶ</strong></span> <span class='ocrx_word' id='word_1_619' title='bbox 1256 2537 1381 2570; x_wconf 86' lang='grc' dir='ltr'><strong>συνάγειν</strong></span> <span class='ocrx_word' id='word_1_620' title='bbox 1395 2537 1570 2572; x_wconf 71' lang='grc' dir='ltr'>κιὶὲτέρονς,</span> <span class='ocrx_word' id='word_1_621' title='bbox 1584 2537 1629 2563; x_wconf 70' lang='grc' dir='ltr'><strong>καὶ</strong></span> <span class='ocrx_word' id='word_1_622' title='bbox 1641 2537 1783 2572; x_wconf 83' lang='grc' dir='ltr'>τέσσαρας</span> <span class='ocrx_word' id='word_1_623' title='bbox 1795 2557 1804 2569; x_wconf 89' lang='grc'><strong>,</strong></span> 
     </span>
    </p>
   </div>
   <div class='ocr_carea' id='block_1_85' title="bbox 1013 2582 1802 2618">
    <p class='ocr_par' dir='ltr' id='par_1_85' title="bbox 1013 2582 1802 2618">
     <span class='ocr_line' id='line_1_85' title="bbox 1013 2582 1802 2618; baseline 0.003 -10"><span class='ocrx_word' id='word_1_624' title='bbox 1013 2583 1059 2608; x_wconf 78' lang='grc' dir='ltr'>καὶ</span> <span class='ocrx_word' id='word_1_625' title='bbox 1075 2582 1154 2608; x_wconf 80' lang='grc' dir='ltr'>πέντε</span> <span class='ocrx_word' id='word_1_626' title='bbox 1166 2583 1212 2608; x_wconf 75' lang='grc' dir='ltr'><strong>καὶ</strong></span> <span class='ocrx_word' id='word_1_627' title='bbox 1224 2582 1350 2614; x_wconf 86' lang='grc' dir='ltr'>πλείονας</span> <span class='ocrx_word' id='word_1_628' title='bbox 1364 2583 1467 2618; x_wconf 75' lang='grc' dir='ltr'><strong>δυνήσῃ</strong></span> <span class='ocrx_word' id='word_1_629' title='bbox 1481 2584 1618 2616; x_wconf 83' lang='grc' dir='ltr'><strong>συνάγειν.</strong></span> <span class='ocrx_word' id='word_1_630' title='bbox 1636 2583 1691 2609; x_wconf 78' lang='lat' dir='ltr'><strong>Kal</strong></span> <span class='ocrx_word' id='word_1_631' title='bbox 1702 2585 1802 2617; x_wconf 75' lang='grc' dir='ltr'>πάλιν,</span> 
     </span>
    </p>
   </div>
   <div class='ocr_carea' id='block_1_86' title="bbox 1012 2628 1807 2665">
    <p class='ocr_par' dir='ltr' id='par_1_86' title="bbox 1012 2628 1807 2665">
     <span class='ocr_line' id='line_1_86' title="bbox 1012 2628 1807 2665; baseline 0.003 -11"><span class='ocrx_word' id='word_1_632' title='bbox 1012 2628 1056 2654; x_wconf 88' lang='grc' dir='ltr'><strong>διὰ</strong></span> <span class='ocrx_word' id='word_1_633' title='bbox 1069 2628 1095 2654; x_wconf 71' lang='grc' dir='ltr'>τί</span> <span class='ocrx_word' id='word_1_634' title='bbox 1117 2628 1224 2662; x_wconf 83' lang='grc' dir='ltr'>γλυπτὰ</span> <span class='ocrx_word' id='word_1_635' title='bbox 1240 2628 1315 2661; x_wconf 78' lang='grc' dir='ltr'>ξύλα,</span> <span class='ocrx_word' id='word_1_636' title='bbox 1335 2631 1382 2655; x_wconf 78' lang='grc' dir='ltr'><strong>καὶ</strong></span> <span class='ocrx_word' id='word_1_637' title='bbox 1403 2630 1510 2661; x_wconf 74' lang='grc' dir='ltr'><strong>εἰκόνας</strong></span> <span class='ocrx_word' id='word_1_638' title='bbox 1531 2631 1711 2665; x_wconf 72' lang='grc' dir='ltr'>προσκυνεῖτε</span> <span class='ocrx_word' id='word_1_639' title='bbox 1739 2631 1807 2657; x_wconf 81' lang='grc' dir='ltr'>Θεο-</span> 
     </span>
    </p>
   </div>
   <div class='ocr_carea' id='block_1_87' title="bbox 1012 2673 1804 2710">
    <p class='ocr_par' dir='ltr' id='par_1_87' title="bbox 1012 2673 1804 2710">
     <span class='ocr_line' id='line_1_87' title="bbox 1012 2673 1804 2710; baseline 0.004 -11"><span class='ocrx_word' id='word_1_640' title='bbox 1012 2673 1143 2709; x_wconf 84' lang='grc' dir='ltr'>πρετιῶς;</span> <span class='ocrx_word' id='word_1_641' title='bbox 1163 2675 1207 2700; x_wconf 75' lang='grc' dir='ltr'><strong>διὰ</strong></span> <span class='ocrx_word' id='word_1_642' title='bbox 1231 2675 1258 2700; x_wconf 84' lang='grc' dir='ltr'>τί</span> <span class='ocrx_word' id='word_1_643' title='bbox 1276 2675 1404 2709; x_wconf 76' lang='grc' dir='ltr'>μιγνύετε</span> <span class='ocrx_word' id='word_1_644' title='bbox 1430 2675 1473 2701; x_wconf 75' lang='grc' dir='ltr'>τὸν</span> <span class='ocrx_word' id='word_1_645' title='bbox 1491 2676 1572 2710; x_wconf 78' lang='grc' dir='ltr'>ἄρτον</span> <span class='ocrx_word' id='word_1_646' title='bbox 1590 2678 1637 2702; x_wconf 74' lang='grc' dir='ltr'>καὶ</span> <span class='ocrx_word' id='word_1_647' title='bbox 1654 2676 1700 2700; x_wconf 79' lang='grc' dir='ltr'>τὸν</span> <span class='ocrx_word' id='word_1_648' title='bbox 1715 2673 1804 2709; x_wconf 80' lang='grc' dir='ltr'>οἶνον,</span> 
     </span>
    </p>
   </div>
   <div class='ocr_carea' id='block_1_88' title="bbox 1010 2719 1805 2756">
    <p class='ocr_par' dir='ltr' id='par_1_88' title="bbox 1010 2719 1805 2756">
     <span class='ocr_line' id='line_1_88' title="bbox 1010 2719 1805 2756; baseline 0.004 -11"><span class='ocrx_word' id='word_1_649' title='bbox 1010 2720 1058 2746; x_wconf 72' lang='grc' dir='ltr'><strong>καὶ</strong></span> <span class='ocrx_word' id='word_1_650' title='bbox 1072 2720 1112 2750; x_wconf 70' lang='grc' dir='ltr'><strong>εἰς</strong></span> <span class='ocrx_word' id='word_1_651' title='bbox 1125 2719 1222 2754; x_wconf 72' lang='grc' dir='ltr'>ἄφεσιν</span> <span class='ocrx_word' id='word_1_652' title='bbox 1234 2721 1379 2755; x_wconf 80' lang='grc' dir='ltr'>ἁμαρτιῶν</span> <span class='ocrx_word' id='word_1_653' title='bbox 1396 2721 1552 2756; x_wconf 75' lang='grc' dir='ltr'>μεταδίδοτε</span> <span class='ocrx_word' id='word_1_654' title='bbox 1561 2723 1617 2752; x_wconf 83' lang='grc' dir='ltr'>τοῖς</span> <span class='ocrx_word' id='word_1_655' title='bbox 1631 2722 1805 2756; x_wconf 67' lang='grc' dir='ltr'>ἀνθρώποις,</span> 
     </span>
    </p>
   </div>
   <div class='ocr_carea' id='block_1_89' title="bbox 1010 2763 1807 2799">
    <p class='ocr_par' dir='ltr' id='par_1_89' title="bbox 1010 2763 1807 2799">
     <span class='ocr_line' id='line_1_89' title="bbox 1010 2763 1807 2799; baseline 0.003 -9"><span class='ocrx_word' id='word_1_656' title='bbox 1010 2764 1057 2790; x_wconf 80' lang='grc' dir='ltr'>καὶ</span> <span class='ocrx_word' id='word_1_657' title='bbox 1073 2763 1225 2798; x_wconf 70' lang='grc' dir='ltr'>λαμϐάνετε</span> <span class='ocrx_word' id='word_1_658' title='bbox 1238 2764 1312 2799; x_wconf 80' lang='grc' dir='ltr'>δῶρα</span> <span class='ocrx_word' id='word_1_659' title='bbox 1325 2765 1354 2798; x_wconf 75' lang='grc' dir='ltr'><strong>ἐξ</strong></span> <span class='ocrx_word' id='word_1_660' title='bbox 1371 2765 1479 2796; x_wconf 82' lang='grc' dir='ltr'>αὑτῶν;</span> <span class='ocrx_word' id='word_1_661' title='bbox 1498 2766 1647 2796; x_wconf 73' lang='grc' dir='ltr'>Βαπτίζετε</span> <span class='ocrx_word' id='word_1_662' title='bbox 1662 2766 1690 2792; x_wconf 72' lang='grc' dir='ltr'><strong>δὲ</strong></span> <span class='ocrx_word' id='word_1_663' title='bbox 1709 2767 1760 2792; x_wconf 75' lang='grc' dir='ltr'><strong>καὶ</strong></span> <span class='ocrx_word' id='word_1_664' title='bbox 1774 2768 1807 2792; x_wconf 76' lang='grc' dir='ltr'>ὲν</span> 
     </span>
    </p>
   </div>
   <div class='ocr_carea' id='block_1_90' title="bbox 1011 2810 1806 2847">
    <p class='ocr_par' dir='ltr' id='par_1_90' title="bbox 1011 2810 1806 2847">
     <span class='ocr_line' id='line_1_90' title="bbox 1011 2810 1806 2847; baseline 0.004 -12"><span class='ocrx_word' id='word_1_665' title='bbox 1011 2810 1085 2836; x_wconf 76' lang='grc' dir='ltr'>ὕδατι</span> <span class='ocrx_word' id='word_1_666' title='bbox 1100 2811 1222 2842; x_wconf 80' lang='grc' dir='ltr'>τούτους,</span> <span class='ocrx_word' id='word_1_667' title='bbox 1236 2811 1283 2837; x_wconf 72' lang='grc' dir='ltr'>καὶ</span> <span class='ocrx_word' id='word_1_668' title='bbox 1299 2811 1400 2846; x_wconf 78' lang='grc' dir='ltr'>ὁμοίως</span> <span class='ocrx_word' id='word_1_669' title='bbox 1415 2811 1445 2837; x_wconf 85' lang='grc' dir='ltr'>οὑ</span> <span class='ocrx_word' id='word_1_670' title='bbox 1474 2812 1627 2847; x_wconf 76' lang='grc' dir='ltr'>λαμϐάνετε</span> <span class='ocrx_word' id='word_1_671' title='bbox 1645 2811 1730 2846; x_wconf 79' lang='grc' dir='ltr'>δῶρα.</span> <span class='ocrx_word' id='word_1_672' title='bbox 1751 2812 1806 2838; x_wconf 65' lang='grc' dir='ltr'><strong>Διὰ</strong></span> 
     </span>
    </p>
   </div>
   <div class='ocr_carea' id='block_1_91' title="bbox 1009 2856 1805 2894">
    <p class='ocr_par' dir='ltr' id='par_1_91' title="bbox 1009 2856 1805 2894">
     <span class='ocr_line' id='line_1_91' title="bbox 1009 2856 1805 2894; baseline 0.001 -10"><span class='ocrx_word' id='word_1_673' title='bbox 1009 2858 1034 2884; x_wconf 79' lang='grc' dir='ltr'><strong>τι</strong></span> <span class='ocrx_word' id='word_1_674' title='bbox 1049 2857 1078 2884; x_wconf 83' lang='grc' dir='ltr'><strong>τὸ</strong></span> <span class='ocrx_word' id='word_1_675' title='bbox 1091 2856 1220 2884; x_wconf 82' lang='grc' dir='ltr'>κατελθὸν</span> <span class='ocrx_word' id='word_1_676' title='bbox 1236 2857 1401 2892; x_wconf 65' lang='grc' dir='ltr'><strong>Εὑαγγὲλιον</strong></span> <span class='ocrx_word' id='word_1_677' title='bbox 1416 2857 1566 2894; x_wconf 73' lang='grc' dir='ltr'>ἐκρύψατε,</span> <span class='ocrx_word' id='word_1_678' title='bbox 1579 2859 1627 2885; x_wconf 77' lang='grc' dir='ltr'><strong>καὶ</strong></span> <span class='ocrx_word' id='word_1_679' title='bbox 1640 2858 1701 2886; x_wconf 79' lang='grc' dir='ltr'>νέον</span> <span class='ocrx_word' id='word_1_680' title='bbox 1715 2858 1805 2894; x_wconf 70' lang='grc' dir='ltr'>ἐγρα-</span> 
     </span>
    </p>
   </div>
  </div>
