1932 3067
155 180 224 215 i335

731 180 968 213 CONFUTATIO
998 182 1178 213 AGAREN-I.

1701 187 1768 219 1386

151 239 221 272 φατε
231 246 239 270 ;
247 235 358 268 καὶπῶς
367 234 438 272 μετὰ
446 235 476 263 cs
482 234 672 271 ἀναληφθῆναι
684 235 841 271 τὺνΚύριον
856 236 870 263 ὺ
875 236 930 272 μῶν

985 237 1061 268 alias,
1076 239 1345 273 ιιιιιιιυοηιιιιῐιπιιιο.
1360 239 1622 274 plnrcscoacerrarc
1635 246 1660 268 ct
1672 242 1766 270 multi-

149 283 191 315 εις
203 283 267 315 τοὺς
281 281 625 318 οὐρανοὺς,ὲξαπέστειλεν
637 281 671 307 τὸ
682 280 797 316 Πνεῦμα
810 282 842 308 τὸ
857 282 934 316 ἄγων

148 329 205 359 τοῖς
229 326 410 359 ἀποστόλοιςς
428 325 490 358 Πῶς
511 325 591 352 τοῦτο
607 325 656 352 οὐκ
671 325 819 360 ὲχαρίσατο
838 327 930 358 αὐτοῖς

149 373 203 409 πρδ
223 373 270 399 τοῦ
294 372 480 407 ᾲναληφθῆναι
490 391 498 404 ,
511 371 559 398 καὶ
574 371 606 398 οὐ
617 370 729 397 λούεσθε
742 372 772 398 ὲν
786 371 827 406 τῷ
841 371 930 404 ὕδατι,

148 418 221 445 καθά
235 426 316 453 φησιν
338 417 470 449 Ἦσαῖας;
486 416 537 443 Διὰ
559 417 587 443 τί
604 416 808 451 ἁμαρτάνοντες
821 417 932 452 τρέχετε

149 463 189 494 εἰς
203 463 345 498 ἄνθρωπον
357 462 449 497 χοῖκὺν
468 461 711 497 ἐξομολογούμενοι
727 462 777 493 τὰς
792 462 931 498 ἁμαρτίας

149 509 236 544 ὑμῶν,
251 508 413 542 φάσκοντες,
431 508 567 543 Ίλάσθητί
583 516 628 543 μοι
641 508 681 543 τῷ
693 508 866 544 ἅμαρτωλῷ;
881 507 930 534 Διὰ

147 555 174 581 τί
191 555 220 581 ὲν
233 555 295 585 ταῖς
317 553 446 589 ἐσχάταις
465 553 542 588 ὑμῶν
557 554 706 585 ἀναπνοαῖς
724 553 772 580 τοῦ
790 553 872 588 ἄρτου
884 553 934 580 καὶ

147 599 195 626 τοῦ
216 598 289 626 οἴνου
308 598 575 633 μεταλαμϐάνοντες,
604 598 739 632 λέγοντες,
753 598 792 630 ὡς
817 599 873 625 ἀπὸ
886 598 933 625 τοῦ

147 644 196 672 νῦν
213 644 321 680 μέτοχοί
345 645 408 671 ἐστε
429 644 477 671 τοῦ
503 644 669 679 παραδείσου
686 652 694 676 ;
716 643 796 671 Ἀλλὰ
817 646 865 670 καὶ
886 644 934 671 τοῦ

147 691 297 726 Μουχάμετ
311 690 389 725 ἡμῶν
401 689 432 716 τὺ
457 690 543 725 ὄνομα
565 691 594 716 ὲν
617 689 657 725 τῷ
674 689 838 724 Εὐαγγελίῳ
857 689 934 724 ὑμῶν

147 737 339 772 γεγραμμένον
351 734 396 771 ἦν,
413 734 461 762 καὶ
475 734 620 768 ὲξεὼσατε.

980 282 1098 316 plicare.
1113 283 1216 310 Deinde
1227 290 1312 317 quare
1326 285 1465 318 sculptiiia
1479 289 1507 312 et
1522 285 1652 321 imagines
1670 287 1767 314 adora-

987 329 1022 356 tis
1037 329 1108 356 cultu
1124 329 1215 356 divino
1231 334 1258 356 et
1275 329 1411 364 religioso.
1429 331 1518 364 Quare
1536 331 1656 359 miscetis
1670 339 1769 367 panem

985 374 1125 407 etvinum,
1141 379 1168 402 et
1183 374 1229 401 illa
1245 375 1352 402 traditis
1367 375 1521 403 hominibus
1538 376 1566 403 in
1580 377 1768 406 remissionem

987 424 1169 453 peccatorum,
1190 424 1216 446 et
1230 420 1264 446 ab
1281 419 1334 446 illis
1362 420 1433 447 dona
1457 421 1600 456 accipitis?
1615 423 1768 457 quareillos

986 472 1054 499 aqua
1080 470 1107 492 et
1131 465 1291 499 baptismate
1320 465 1435 501 tingitis,
1460 471 1487 492 et
1512 466 1546 493 ab
1565 467 1619 494 illis
1634 468 1769 496 similiter

985 509 1054 536 dona
1068 513 1162 536 mutuo
1173 510 1318 544 accipitis?
1330 511 1419 543 Quare
1441 510 1512 545 quod
1528 511 1664 539 descendit
1677 512 1768 539 Evan-

986 554 1084 589 gelium
1098 555 1267 588 occultastis,
1281 560 1310 582 et
1328 563 1426 583 novum
1454 555 1567 584 cudistis
1579 561 1606 584 et
1631 558 1770 593 conscrip-

981 599 1077 626 sistis?
1092 598 1125 626 Et
1141 606 1224 633 quare
1242 604 1302 634 post
1321 601 1527 629 asccensionem
1552 602 1658 630 Domini
1682 604 1767 632 vestri

986 643 1013 670 in
1025 643 1108 671 oculos
1124 644 1195 672 misit
1208 644 1339 679 Spiritum
1363 650 1492 673 'sanctnm
1510 647 1536 673 in
1561 647 1704 680 apostolos.
1720 654 1770 675 cur

987 696 1038 715 non
1052 694 1195 723 antequam
1221 690 1383 717 eveheretur
1397 695 1425 717 in
1441 691 1549 723 coelum,
1568 692 1619 719 isto
1636 692 1767 720 beneﬁcio

986 734 1047 761 illos
1062 734 1227 761 cumulavit?
1238 734 1327 768 Quare
1344 743 1395 762 non
1406 736 1534 763 lavamini
1548 743 1629 771 aqua,
1642 741 1671 764 ιιι
1687 738 1767 773 docet

146 781 247 809 Isaias?
272 781 361 814 Quare
373 786 484 815 peccato
495 779 670 807 contaminati
696 779 809 806 curritis
828 778 861 806 ad
885 778 1020 806 hominem
1051 783 1188 806 terrenum
1208 779 1366 806 confitentes
1395 784 1503 812 peccata
1519 785 1617 814 vestra,
1631 786 1657 808 et
1674 781 1767 809 dicen-

148 834 189 858 tes
206 839 213 857 :
231 829 359 857 Miserere
370 829 422 856 mei
432 828 596 863 peccatoris?
609 834 694 862 quare
719 827 745 854 in
767 826 862 854 ultimo
876 826 938 854 vitae
957 831 1054 853 vestra:
1083 825 1207 858 articulo,
1238 830 1267 853 et
1291 826 1407 852 animum
1434 826 1551 854 elﬁaturi
1568 829 1630 861 pani
1658 832 1686 856 et
1702 829 1766 856 vino

146 877 363 908 communicatis,
379 879 530 903 asserentes
548 881 595 902 vos
625 875 659 902 ab
684 873 730 901 illo
768 879 905 902 momento
933 874 1052 908 paradisi
1072 872 1127 907 jam
1140 881 1200 901 esse
1209 873 1371 907 participes?
1386 872 1439 901 Sed
1474 874 1544 908 quod
1564 874 1649 909 magis
1660 878 1702 902 est
1715 881 1766 901 uo-

146 930 207 950 men
223 923 309 956 ipsum
329 921 489 949 Mahumetis
506 921 590 949 nostri
615 926 675 949 erat
701 921 765 949 olim
791 921 921 955 scriptum
941 921 968 948 in
1001 921 1097 948 vestris
1109 920 1272 956 Evangeliis,
1304 920 1351 947 sed
1369 920 1434 948 illud
1449 921 1602 949 removistis
1614 925 1642 949 et
1658 928 1765 956 expun-

146 967 233 994 xistis.

181 1011 253 1043 Πρὸς
263 1010 309 1043 οὓς
323 1010 458 1045 ἀντιλέγει
473 1010 555 1042 αὐτὸς
567 1011 581 1037 ὁ
596 1011 712 1046 μοναχὺς
721 1011 925 1048 Βαρθολομαῖος

1016 1011 1055 1038 Ad
1069 1018 1128 1046 qua:
1146 1017 1196 1045 ego
1209 1011 1266 1045 ipse
1275 1010 1487 1038 Bartltolomaaus
1516 1010 1675 1039 'Edessenus
1703 1019 1764 1039 mo-

145 1057 161 1082 ὸ
193 1056 361 1091 Ἐδεσηνὸςό
388 1056 577 1091 ἀμαθέστατος
594 1056 648 1083 τῶν
674 1056 857 1092 Χριστιανῶν,
885 1058 933 1084 καὶ

143 1101 258 1136 ἔσχατος
283 1101 392 1128 πάντων
420 1100 516 1133 ταῦτα,
546 1100 584 1136 μὴ
608 1101 744 1137 ὲρυθριιῖιν
767 1102 817 1137 τὴν
845 1103 931 1138 ἀφρο-

146 1147 230 1183 σύνην
256 1147 334 1182 ὑμῶν
365 1147 528 1181 ἀνοιγόνςων
566 1146 628 1173 καθ’
652 1147 731 1182 ἡμῶν
765 1147 796 1174 τδ
821 1147 932 1183 αἰσχρὸν

143 1193 194 1219 καὶ
219 1191 396 1227 παμὸέὸηλον
427 1191 514 1226 στόμα
546 1191 635 1226 ὑμῶν,
660 1193 702 1219 ὅτι
723 1192 749 1218 oi
775 1193 933 1228 Χριστιανοὶ

145 1239 222 1272 τρεῖς
243 1237 327 1268 θεοὺς
342 1236 466 1264 σέϐονται
479 1245 485 1252 ·
499 1237 571 1263 τοῦτ’
587 1237 660 1264 ἔστιν
673 1238 720 1264 τὸν
737 1239 858 1274 Πατέρα,
886 1240 931 1266 τὸν

148 1282 229 1314 Υἱδν,
258 1282 306 1308 καὶ
330 1282 361 1308 τὺ
386 1281 463 1315 ἅγιον
490 1282 612 1317 Πνεῦμα.
640 1282 697 1310 Νῦν
724 1284 828 1318 ἐλέγχω
861 1284 932 1311 κατὰ

146 1327 292 1362 πρόσωπον
305 1327 339 1353 τὰ.
351 1327 473 1362 σφαλερὰ
488 1327 565 1362 ὑμῶν
591 1329 713 1363 ῥήματα,
734 1329 814 1364 οἵπερ
836 1329 866 1362 ἐξ
881 1331 924 1356 ou-

147 1372 229 1407 ρανοῦ
245 1372 297 1398 ὑπὸ
308 1372 374 1398 Θεοῦ
397 1372 594 1407 κατενεχθῆναι
610 1373 706 1407 λέγετε
730 1375 898 1409 Εὐαγγέλιον
913 1376 929 1411 ἢ

147 1417 275 1451 ἑξκαύτοῦ
300 1418 424 1452 ἀντερεῖν
447 1418 540 1452 λέγετε
553 1418 709 1451 δικάζοντες
729 1420 836 1454 ψευδῶς
854 1421 930 1456 ἡμᾶς

145 1464 210 1495 τοὺς
227 1463 417 1498 Χριστιανούς.
435 1464 487 1490 Σὺν
501 1463 561 1499 Θεῷ
578 1465 605 1491 δὲ
620 1465 668 1491 καὶ
684 1466 717 1500 τῇ
737 1466 820 1492 αὑτοῦ
836 1467 929 1501 χάριτι

146 1509 301 1544 ἐκθήσομαι
322 1509 385 1544 ἄρτι
411 1508 480 1544 πρὸς
497 1509 728 1545 ὲπιθρυλλοῦντας
752 1511 787 1537 τὰ
806 1512 929 1544 τοιαῦτα,

145 1554 187 1581 ὅτι
203 1555 229 1581 οἱ
242 1555 271 1581 ὲν
286 1555 378 1586 αὐτοῖς
399 1554 584 1588 πιστεύοντες,
601 1555 641 1582 δτι
661 1557 736 1591 τρεῖς
751 1555 835 1588 Θεοὺς
852 1556 929 1582 σεϐό-

147 1608 223 1635 μενοι
236 1599 459 1635 βλασφημοῦμεν.
482 1601 530 1626 καὶ
551 1601 586 1627 τὰ
607 1601 731 1632 τοιαῦτα,
747 1601 787 1627 ὅτι
798 1602 822 1627 οἱ
838 1601 868 1628 ἐν
881 1601 929 1627 αὐ-

146 1647 201 1677 τοῖς
215 1645 390 1676 πιστεύοντες
399 1646 450 1672 οὐκ
458 1645 640 1680 ἀφεθήσονται
654 1647 747 1678 αὐτοῖς
757 1647 785 1673 αἱ
796 1647 928 1681 ἁμαρτίαι

984 1056 1098 1088 nachus,
1122 1055 1339 1084 Christianorum
1362 1055 1559 1090 ignarissimus,
1586 1061 1613 1083 et
1639 1056 1762 1084 omnium

983 1101 1105 1134 ultimus,
1121 1101 1177 1128 hac
1203 1100 1352 1135 respondeo
1390 1107 1441 1126 non
1466 1099 1630 1127 erubescens
1656 1104 1766 1135 propter

982 1147 1165 1182 insipientiam
1181 1151 1296 1174 vestram
1309 1153 1362 1181 qua
1383 1146 1524 1181 itnpudens
1535 1150 1564 1173 et
1574 1145 1685 1174 omnino
1700 1153 1764 1181 pro-

983 1193 1074 1220 fanum
1100 1199 1130 1219 os
1167 1196 1286 1219 vestrum
1313 1198 1405 1219 contra
1430 1199 1480 1219 nos
1515 1191 1618 1219 audetis
1647 1193 1763 1226 aperire,

982 1243 1131 1266 asserentes
1147 1237 1316 1265 Christianos
1334 1242 1389 1264 tres
1412 1236 1481 1264 Deos
1509 1236 1616 1270 colere;
1635 1237 1762 1263 nimirum

982 1282 1101 1315 Patrem,
1112 1283 1210 1310 Filium
1219 1288 1246 1309 et
1255 1283 1384 1316 Spiritum
1397 1280 1614 1309 sanetum.Nunc
1626 1282 1652 1308 in
1666 1281 1762 1309 facien-

981 1327 1084 1362 singula
1097 1332 1183 1354 vestra
1194 1334 1307 1354 errouea
1318 1326 1390 1354 dicta
1400 1333 1484 1361 arguo
1497 1331 1525 1354 et
1537 1326 1657 1354 confuto.
1670 1326 1764 1354 Dicitis

981 1373 1080 1408 quippe
1111 1372 1284 1406 Evangelium
1310 1378 1325 1398 a
1355 1371 1410 1398 Deo
1424 1378 1456 1398 ex
1471 1371 1541 1398 ctelo
1567 1371 1716 1406 delapsum,
1737 1377 1764 1399 et

981 1425 1014 1444 ex
1026 1418 1072 1445 illo
1098 1417 1330 1444 contradictiones
1362 1416 1642 1451 ncctitis,judicanles
1658 1422 1684 1444 et
1698 1425 1762 1444 con-

980 1462 1152 1494 demnantes,
1171 1462 1240 1489 falso
1254 1469 1302 1490 nos
1318 1461 1505 1494 Christianos;
1518 1463 1564 1489 sed
1581 1469 1642 1489 cum
1663 1462 1718 1490 Deo
1735 1467 1764 1490 et

981 1507 1068 1535 fretus
1079 1508 1151 1535 illius
1164 1508 1261 1542 gratia,
1275 1508 1365 1535 omnia
1377 1515 1447 1534 nunc
1459 1514 1590 1541 exponam
1605 1513 1698 1535 contra
1714 1515 1763 1536 eos

981 1553 1027 1588 qui
1054 1553 1132 1589 vulgo
1164 1553 1228 1580 talia
1268 1554 1373 1588 jactare
1403 1558 1430 1580 et
1457 1553 1636 1581 dissemiuare
1660 1554 1761 1586 solent,

980 1599 1056 1634 quasi
1075 1606 1122 1626 nos
1132 1598 1280 1634 blasphemi
1303 1603 1357 1626 tres
1374 1599 1441 1625 Deos
1454 1598 1615 1631 coleremus,
1626 1604 1651 1626 et
1665 1600 1761 1626 similia

980 1653 1040 1680 qua:
1053 1646 1075 1673 si
1093 1645 1192 1679 aliquis
1224 1645 1319 1673 credat
1341 1652 1396 1672 non
1419 1645 1597 1672 remittentur
1611 1645 1683 1672 illius
1700 1653 1762 1680 pec-

145 1689 207 1717 οὖτε
227 1691 255 1717 ὲν
269 1690 309 1725 τῷ
324 1691 382 1723 νῦν,
397 1690 460 1718 οὔτε
475 1692 504 1717 ἐν
518 1691 556 1726 τῷ
579 1691 703 1726 μέλλοντι
720 1691 822 1727 καιρῷ.
839 1692 925 1726 Κάγώ

982 1695 1041 1717 cata
1068 1697 1118 1717 nec
1135 1690 1161 1716 in
1185 1690 1309 1724 praesenti
1331 1696 1381 1716 nec
1399 1689 1425 1715 in
1455 1688 1545 1715 futuro
1570 1689 1678 1717 sa-culo.
1707 1690 1763 1724 Ego

145 1737 161 1762 ὁ
182 1736 323 1771 Ἐδεσηνὸς
345 1736 418 1769 λέγω
442 1737 522 1771 ὑμῖν·
540 1736 571 1763 '0
601 1738 639 1772 μὴ
656 1738 801 1772 γινώσκων
822 1737 930 1771 λογικὸν

146 1781 211 1808 Υίδν
239 1781 287 1808 καὶΙ
311 1781 445 1808 ἀθάνατον
472 1781 549 1812 Θεὸν,
577 1779 656 1814 οὗτος
674 1782 769 1818 ἔνοχός
794 1783 869 1810 ἐστιν
890 1784 930 1814 εἰς

145 1827 196 1862 τὴν
207 1827 321 1861 γέενναν
334 1827 382 1854 τοῦ
395 1827 491 1862 πυρός.
505 1827 578 1853 Διότι
586 1827 653 1855 Θεὸν
662 1828 788 1856 ἐλεοῦντα
799 1829 846 1855 καὶ
855 1828 930 1863 ὲλεή-

146 1881 217 1909 μονα
234 1873 388 1908 ὀνομάζεις.
411 1873 467 1900 Καὶ
490 1870 568 1904 οὗτός
593 1875 652 1900 ἐστι
675 1875 836 1909 προφανῶς,
853 1875 882 1901 ὃν
905 1875 929 1901 οἱ

151 1918 465 1955 ’Δρῤάϐοιδογματίζετε
487 1920 518 1945 τὸ
544 1918 696 1953 Ἑωσφόρον
707 1919 816 1954 ἄστρον,
843 1919 928 1952 Ζέϐω,

151 1963 307 1999 ⁹Λφροδίτη,
326 1964 439 1999 Κρόνος,
456 1964 502 1990 καὶ
518 1964 619 2000 Χαμὰρ
636 1964 741 1998 λέγετε.
759 1965 861 1996 Αὐτοὺς
878 1973 929 1991 κα-

145 2009 217 2035 λεῖτε
238 2009 330 2042 θεούς;
342 2009 446 2043 ἐλέγχω
457 2009 512 2044 γὰρ
526 2010 598 2042 ὑμᾶς
609 2010 641 2035 ἐκ
655 2010 705 2043 τῆς
718 2009 826 2044 γραφῆς
841 2008 928 2043 ὑμῶν.

145 2052 226 2082 Οὗτοι
240 2055 265 2081 οί
285 2055 341 2081 θεοὶ
356 2054 433 2089 ὑμῶν
453 2055 557 2081 κτιστοί
571 2056 651 2087 είσιν,
676 2054 724 2082 καὶ
736 2054 838 2088 κτίσμα
851 2054 929 2089 ἔχου-

146 2108 199 2137 σιν.
217 2100 272 2126 Καὶ
283 2099 399 2135 φθαρτοί
413 2100 493 2131 εἰσιν,
508 2099 576 2133 ἔργα
592 2099 693 2134 χειρῶν
710 2098 871 2134 ἀνθρώπων,
883 2097 930 2124 καὶ

143 2145 315 2172 εἴδωλα.Καὶ
334 2145 399 2172 αὐτὸ
416 2145 446 2171 τὸ
460 2145 555 2180 ὄνομα,
570 2141 601 2171 οὗ
616 2145 687 2180 ἁρχὴ
701 2146 730 2171 ὲν
758 2143 843 2171 αὑτοῦ
858 2144 929 2170 Κου-

145 2192 239 2227 ρανίου
258 2200 315 2222 σον,
330 2192 420 2218 ὅντινα
438 2191 567 2219 ἐλεοῦντα
581 2192 627 2218 καὶ
650 2191 786 2226 ἐλεήμονα
802 2192 851 2226 μὲν
865 2191 929 2218 ἀπο-

980 1743 1045 1762 vero
1062 1736 1212 1763 Edessenus
1225 1735 1286 1762 dico
1299 1735 1375 1762 vobis
1389 1742 1397 1762 :
1412 1733 1462 1767 Qui
1491 1742 1542 1761 non
1559 1735 1698 1769 cognoscit
1720 1743 1763 1762 ra-

981 1781 1106 1808 tionalem
1120 1785 1146 1807 et
1160 1780 1340 1808 immortalem
1366 1780 1449 1806 Deum
1481 1780 1590 1814 Filium,
1605 1788 1646 1808 na:
1659 1781 1704 1808 ille
1721 1782 1762 1809 di-

980 1833 1049 1860 gnus
1065 1831 1106 1854 est
1134 1826 1181 1860 qui
1192 1826 1217 1852 in
1229 1826 1381 1860 gehennam
1398 1825 1470 1860 ignis
1482 1826 1651 1854 detrudntur.
1671 1827 1762 1860 Quare

981 1878 1045 1898 vero
1059 1877 1086 1899 tu
1103 1872 1185 1899 Deum
1202 1872 1375 1899 miserantem
1391 1876 1419 1898 et
1437 1872 1639 1900 misericordem
1670 1880 1762 1901 vocas.

980 1917 1083 1944 Revera
1109 1917 1153 1944 ille
1170 1917 1229 1952 ipse
1247 1922 1290 1944 est
1316 1925 1395 1952 quem
1410 1925 1457 1945 vos
1486 1918 1590 1945 Arabes
1605 1919 1696 1946 dicitis
1714 1920 1763 1946 As-

981 1966 1052 1989 trum
1067 1961 1229 1988 matutinum
1239 1969 1286 1988 seu
1301 1963 1496 1996 phosphorum,
1514 1968 1539 1991 et
1555 1963 1601 1997 qui
1612 1963 1694 1997 Zebo,
1715 1964 1763 1992 Ve-

981 2014 1040 2037 nus,
1058 2006 1193 2033 Saturnus
1206 2012 1232 2033 et
1248 2006 1468 2034 Camardicitur.
1483 2007 1544 2035 lllos
1562 2009 1666 2036 vocatis
1686 2010 1760 2041 deos.

979 2057 1007 2079 et
1020 2051 1090 2079 istud
1106 2057 1200 2079 contra
1217 2059 1264 2080 vos
1278 2060 1312 2080 ex
1343 2053 1407 2087 ipsis
1422 2054 1562 2088 scripturis
1579 2055 1677 2082 vestris
1703 2063 1763 2089 pos-

980 2105 1038 2125 sum
1069 2098 1205 2125 evincere.
1221 2098 1265 2125 lsti
1294 2098 1330 2125 dii
1343 2099 1423 2126 vestri
1450 2104 1512 2126 sunt
1538 2099 1649 2131 conditi,
1667 2105 1693 2127 et
1711 2101 1762 2127 ha-

981 2143 1042 2170 bent
1056 2148 1180 2170 naturam
1195 2149 1325 2176 creatam,
1336 2149 1363 2171 et
1392 2148 1455 2171 sunt
1485 2145 1684 2180 corruptibilcs,
1699 2151 1763 2174 sunt

979 2189 1049 2216 idola
1065 2193 1091 2216 et
1101 2197 1181 2224 opera
1193 2197 1320 2216 manuunt
1339 2190 1487 2217 hominum.
1505 2190 1537 2216 Et
1549 2198 1646 2218 nomen
1673 2192 1760 2226 ipstnn

979 2235 1049 2268 quod
1068 2239 1110 2262 est
1126 2235 1151 2262 in
1180 2235 1313 2270 principio
1328 2235 1364 2262 tui
1380 2235 1505 2262 Alcorani
1532 2237 1603 2270 quod
1616 2244 1662 2270 per
1679 2238 1762 2265 misc-

980 2284 1081 2305 rentcm
1094 2283 1121 2305 et
1132 2279 1334 2306 misericordem
1348 2280 1505 2313 designatis,
1521 2281 1566 2307 illo
1587 2281 1761 2315 designantur

145 2236 264 2269 καλεῖτε,
281 2234 354 2263 οὗτοι
381 2237 456 2263 ἐστιν
481 2237 527 2268 οὓς
550 2236 656 2263 καλεῖτε
677 2237 721 2263 διὰ
745 2237 794 2271 τῆς
806 2236 928 2272 γλώττης

146 2283 223 2318 ὑμῶν
242 2281 334 2317 ’Δλὰχ,
350 2283 452 2317 Σαμὲτ,
470 2283 590 2318 Τξαμὲτ,
605 2283 677 2309 τοῦτ’
698 2282 770 2308 ἐστιν
783 2282 928 2317 προφανῶς

145 2327 305 2363 ὁλόσφυρος,
323 2327 370 2354 καὶ
386 2327 519 2359 ὁλόὸολος,
529 2327 586 2360 οἷος
601 2329 754 2363 κρατεῖται,
769 2328 816 2354 καὶ
833 2328 928 2362 σχῆμα

982 2324 997 2351 ii
1010 2332 1077 2359 quos
1092 2324 1118 2351 in
1135 2325 1223 2359 lingua
1241 2330 1331 2352 vestra
1352 2325 1466 2357 vocatis,
1479 2325 1558 2358 Aluit,
1577 2326 1679 2358 Samel,
1694 2326 1762 2354 Tsa—

145 2361 221 2408 ἑχειί
231 2361 262 2399 Οί
277 2373 322 2399 τὴν
333 2372 451 2399 τοιοῦτον
466 2372 526 2399 θεὸν
544 2361 687 2408 σεϐόμενοι
699 2392 706 2404 ,
732 2373 805 2399 οὗτοί
819 2361 926 2399 εἰσινγοὶ

982 2374 1047 2400 met.
1076 2370 1147 2404 quod
1173 2369 1315 2397 manifeste
1342 2375 1418 2397 notat
1448 2376 1533 2398 totum
1565 2372 1708 2398 rotundum
1735 2379 1762 2400 et

143 2420 200 2450 τοῖς
215 2419 273 2444 ἐκεῖ
288 2418 477 2453 κολαστηρὶοις
492 2418 590 2453 ἔνοχοι.
603 2419 633 2445 Οί
645 2418 674 2444 δὲ
686 2418 865 2452 γινώσκοντες
880 2419 928 2444 καὶ

982 2415 1077 2441 malleo
1094 2415 1216 2446 ductum,
1235 2416 1460 2449 quemadmodum
1478 2416 1551 2442 illum
1565 2417 1718 2450 admittitis,
1734 2423 1762 2446 ct

143 2464 336 2499 ὁμολογοῦντες
347 2464 378 2490 τὸ
395 2464 480 2498 ὅνομσ.
493 2463 541 2490 τοῦ
564 2464 674 2498 λογικοῦ
691 2465 739 2490 καὶ
765 2463 866 2495 ζῶντος
880 2463 927 2489 καὶ

982 2467 1028 2494 qua
1046 2460 1130 2486 forma
1145 2465 1172 2487 et
1196 2460 1278 2494 ﬁgura
1305 2460 1374 2494 apud
1391 2467 1437 2487 vos
1463 2460 1593 2488 induitur.
1611 2460 1661 2494 Qui
1680 2462 1760 2489 talem

143 2510 278 2537 ἀθανάτου
295 2509 374 2542 Θεοῦ,
386 2506 458 2536 οὗτοί
472 2509 541 2535 εἰσιν
555 2510 579 2535 oi.
604 2510 767 2545 κληρονόμοι
784 2509 832 2544 τῆς
847 2509 925 2543 βασι-

982 2507 1056 2533 dctttn
1072 2506 1175 2539 colunt,
1197 2506 1234 2532 illi
1249 2507 1298 2540 ipsi
1316 2511 1379 2533 sunt
1397 2506 1442 2540 qui
1466 2507 1539 2542 digni
1569 2513 1633 2535 sunt
1660 2508 1760 2542 suppli-

142 2554 218 2585 λείας
234 2553 280 2580 τοῦ
295 2553 372 2585 Θεοῦ,
391 2553 496 2580 καὶτοῦ
516 2553 692 2590 παραδείσου.
707 2554 774 2589 Περὶ
790 2553 819 2580 δὲ
841 2550 877 2580 ὧν
891 2561 925 2588 με

982 2551 1026 2579 :iis
1038 2552 1180 2586 gehennae;
1197 2553 1240 2586 qui
1252 2560 1313 2578 vero
1322 2557 1498 2585 cognoscunt,
1512 2557 1615 2585 amant,
1630 2554 1761 2580 conﬁteri-

142 2600 298 2635 ἠρώτησας.
314 2599 403 2625 πάντα
419 2598 530 2634 ὕστερόν
551 2607 592 2625 σοι
607 2599 819 2633 ὁμολογήσομαι.
905 2625 918 2635 α

982 2606 1019 2625 ,ιιι-
1047 2606 1143 2625 nomen
1161 2598 1313 2629 rationalis.
1336 2598 1453 2625 viventis
1477 2603 1504 2626 et
1525 2599 1685 2626 immortalis
1700 2599 1759 2632 Dci,

142 2647 180 2674 illi
200 2647 267 2673 ﬁunt
282 2644 402 2672 hmrcdes
426 2644 499 2678 regni
523 2644 571 2671 Dei
585 2649 612 2671 et
633 2645 811 2679 paradisi.Ad
827 2651 858 2671 ea
886 2651 949 2671 vero
968 2643 1000 2670 dc
1028 2643 1124 2677 quibus
1149 2651 1191 2670 me
1217 2643 1397 2678 interrogasti,
1412 2643 1446 2671 ad
1469 2651 1512 2676 ea,
1528 2644 1650 2678 inquam,
1670 2644 1758 2671 omnia

142 2697 235 2727 postea
254 2691 432 2725 respondebo.

177 2739 234 2765 Νῦν
245 2738 272 2765 δὲ
287 2737 382 2773 ἐρωτῶ
396 2745 426 2763 σε
441 2736 505 2771 περὶ
519 2735 566 2763 τοῦ
582 2736 642 2764 νέου
658 2737 719 2764 θεοῦ
739 2746 786 2764 σου
797 2759 804 2770 ,
818 2737 926 2773 καὶτῆς

1015 2737 1067 2764 Sed
1079 2737 1165 2771 primo
1182 2736 1246 2762 mihi
1268 2736 1348 2763 liccat
1362 2736 1524 2771 quaestiones
1539 2735 1620 2762 etiam
1636 2736 1682 2764 tibi
1701 2745 1760 2764 ιιιο-

142 2783 260 2816 πίστεώς
279 2793 338 2811 σου.
355 2784 418 2815 Πῶς
439 2783 486 2810 καὶ
505 2783 568 2810 πότε
580 2784 724 2818 γινώσκεις
740 2785 788 2811 καὶ
815 2786 844 2811 ὲν
855 2785 924 2820 ποίῳ

982 2790 1041 2809 vero
1055 2783 1087 2810 dc
1100 2787 1146 2809 tuo
1162 2782 1214 2808 isto
1228 2789 1296 2809 novo
1313 2783 1380 2812 deo,
1394 2786 1421 2808 ct
1437 2782 1470 2808 de
1498 2782 1550 2808 [ide
1566 2789 1645 2815 quam
1674 2782 1758 2813 foves.

142 2830 236 2866 τρόπῳ
250 2830 299 2865 τὴν
317 2830 445 2864 τοιαύτην
463 2829 603 2863 θεολογίαν
616 2830 778 2865 ὲδιδάχθης;
802 2831 880 2862 Θεὸν,
893 2831 924 2857 ὃν

982 2829 1117 2862 Quomodo
1133 2833 1160 2856 et
1177 2829 1247 2856 unde
1262 2829 1295 2855 ad
1321 2834 1347 2856 te
1362 2829 1484 2863 pervenit
1496 2829 1613 2863 cognitio
1625 2833 1668 2855 tua
1678 2829 1689 2855 ?
1701 2830 1760 2864 Qua

142 2873 312 2909 γινώσκομεν
342 2875 423 2909 ἡμεῖς
451 2874 476 2900 οἱ
499 2875 678 2909 Χριστιανοὶ,
703 2875 789 2907 οὐδεὶς
816 2875 921 2911 ἑώρακε

982 2876 1030 2908 via,
1046 2875 1090 2902 tali
1101 2875 1222 2902 doctrina
1235 2879 1261 2902 et
1276 2875 1408 2910 theologia
1434 2876 1552 2902 imbutus
1563 2875 1633 2903 [υἱειὶ
1644 2876 1655 2902 ?
1666 2875 1758 2909 Quoad

314 2919 447 2949 ΡΑτιιοι..
468 2920 526 2949 Gtt.
543 2919 620 2950 CIV.

1483 2920 1519 2950 [ιθ
