1932 3067
189 197 254 230 1387

753 198 1034 230 ΒΑΒΤΗΟΕΟΜΕΙ
1053 197 1241 228 EDESSENI

1741 199 1811 232 1388

189 263 254 290 nos,
270 255 358 283 nullus
375 261 493 290 unquam
520 255 588 283 vidit
604 255 687 283 Deum
703 262 784 290 quem
813 263 862 282 nos
894 255 974 283 Chri—

1026 253 1150 287 πώποτε,
1171 254 1232 281 οὗτε
1254 254 1310 286 τοῖς
1327 253 1453 289 ἀγγέλοις
1467 274 1474 287 ,
1491 254 1552 281 οὔτε
1567 256 1622 287 τοῖς
1646 257 1811 291 προφήταις.

188 302 272 330 sliani
289 301 414 333 colimus,
433 308 519 336 neque
534 301 647 336 angelis,
668 308 755 335 neque
765 302 911 336 prophetis,
924 309 972 328 ue-

188 355 241 384 que
265 348 311 374 ulli
333 348 469 374 hominum
498 348 573 374 visus
591 352 643 378 est,
659 354 746 381 neque
764 347 900 374 multoties
916 354 973 373 ma-

188 393 328 421 nifestavit
356 393 474 426 seipsum
502 393 626 426 cuiquam
661 392 768 419 mortali
802 396 830 419 et
858 396 973 419 terrena.-

187 443 330 468 creatum,
347 436 418 464 sicut
431 441 457 463 tu
474 436 563 470 inepte
591 436 690 464 asseris
726 436 811 464 Deum
836 436 973 464 multoties

189 482 323 510 salutasse
347 486 375 509 et
395 482 485 509 adhuc
510 482 624 516 singulis
646 482 740 509 diebus
761 482 867 510 salvare
878 481 973 515 jubere

189 531 264 553 tuum
279 525 469 552 Mallumetem.
487 525 515 552 Si
532 533 596 553 vero
613 526 713 553 asseris
722 531 749 554 te
765 527 847 553 Deum
865 526 973 553 novisse

188 571 341 600 ministerio
359 571 530 604 Mahumetis,
553 572 676 606 sequitur
693 572 762 604 quod
778 572 823 600 ille
835 573 932 599 sitdnx
945 577 972 599 et

187 622 391 644 consummator
419 617 481 643 vita:
496 622 565 649 ture;
580 617 643 643 hinc
663 616 736 642 illum
758 624 839 643 vocas
856 617 972 652 prophe-

187 667 242 689 tam
272 668 300 689 et
323 662 472 697 apostolum
500 662 556 688 Dei.
579 660 709 688 Omnibus
737 669 801 688 vero
825 667 915 691 notum
931 666 973 689 est

186 707 367 735 Hahumelam
385 714 433 734 nec
443 706 601 741 prophetam
614 714 663 733 nec
679 706 830 740 apostolum
841 706 885 734 Dei
902 715 971 740 esse,

187 753 234 780 sed
253 752 325 779 ὶιιιιιιι
336 757 439 778 tantum
453 751 535 778 fuisse
547 751 686 778 alumnum
702 751 860 786 Abutalepi,
876 757 971 779 etser—

187 805 250 825 vum
276 797 396 829 Cadizae,
422 797 498 832 cujus
511 797 629 824 camelos
659 798 770 832 regebat
803 804 830 824 et
855 798 972 824 ducebat

189 845 347 872 Damascum
370 848 498 870 oneratos
520 843 603 869 variis
629 843 776 874 mercibus,
797 847 825 870 et
847 843 880 869 ad
905 843 973 869 alios

188 890 270 917 etiam
287 889 398 924 populos
412 888 516 915 deloco
542 889 570 916 in
591 888 678 915 locum
701 890 840 923 pergebat,
864 889 970 922 negotia

1023 299 1084 326 οὔτε
1113 299 1167 326 τινὶ
1201 299 1255 326 τῶν
1284 299 1437 334 ἀνθρώπων
1480 300 1596 335 ὡράθη,
1628 301 1690 328 οὔτε
1727 303 1812 329 πάλιν

1023 346 1195 380 ἐφανέρωσεν
1219 347 1234 372 6
1263 345 1329 377 Θεὸς
1354 345 1450 372 ἑαυτὸν
1478 346 1565 380 χοῖκῷ
1598 354 1670 379 τινι,
1707 347 1745 378 ὡς
1776 347 1812 374 σὺ

1024 390 1154 425 φλυαρεῖς
1164 390 1250 424 λέγων
1263 390 1303 416 ὅτι
1317 390 1380 416 καθ’
1400 389 1521 424 ἑκάστην
1535 392 1550 417 6
1563 391 1629 423 Θεὸς
1641 392 1813 427 ὲχαιρέτιζεν

1022 435 1070 460 καὶ
1082 435 1228 470 χαιρετίζει
1245 435 1404 470 Μουχάμετ.
1421 436 1477 462 Καὶ
1489 436 1514 461 ει
1531 435 1581 469 μὲν
1595 435 1695 470 λέγεις,
1712 437 1754 462 ὅτι
1765 437 1812 463 τὸν

1022 479 1088 506 Θεὸν
1105 480 1137 506 ἐκ
1150 479 1197 506 τοῦ
1216 480 1366 515 Μουχάμετ
1391 479 1551 515 γινώσκεις,
1569 481 1664 508 λοιπὸν
1685 482 1814 513 κάκεῖνός

1023 523 1097 550 ἐστιν
1113 524 1128 549 ὁ
1140 524 1261 559 ἀρχηγὸς
1274 525 1323 559 τῆς
1334 524 1407 558 ζωῆς
1422 532 1481 557 σου,
1497 524 1547 550 καὶ
1558 524 1604 551 διὰ
1617 525 1698 551 τοῦτο
1718 525 1812 557 καλεῖς

1022 569 1103 596 αὑτὸν
1116 570 1260 604 προφήτην
1269 570 1316 596 καὶ
1331 569 1480 596 ἀπόστολον
1491 569 1571 596 Θεοῦ.
1585 571 1657 596 [ἰᾶσι
1672 570 1813 606 γνώριμον

1022 615 1072 649 ἔνι,
1092 617 1133 643 ὅτι
1145 617 1159 642 6
1176 616 1327 651 Μουχάμετ
1340 615 1402 642 οὕτε
1416 616 1570 652 προφήτης,
1587 615 1648 642 οὔτε
1662 617 1813 648 ἀπόστολος

1022 661 1089 688 Θεοῦ
1098 661 1225 696 ὑπάρχει,
1236 662 1260 687 ει
1270 661 1307 696 μὴ
1320 661 1489 697 ἀναθρεπτὺς
1501 661 1555 695 τοῦ,
1566 662 1814 694 Ἀπουταλεπὶ,καὶ

1024 707 1174 742 μισθάργος
1185 707 1235 742 τῆς
1249 707 1372 738 Χατιζσ.ς
1383 708 1423 739 εις
1436 708 1470 734 τὰ
1486 708 1620 743 καμήλια,
1631 708 1649 734 ἃ
1661 709 1813 743 ἐπεφέρετο

1022 754 1062 785 εις
1072 753 1226 788 Δαμασκὸν,
1237 754 1286 780 καὶ
1299 754 1338 785 εἰς
1349 754 1460 788 ἑτέρους
1472 753 1572 785 τόπους
1591 755 1813 789 πεφορτωμένων

1023 799 1229 835 πραγματειῶν,
1242 800 1433 835 μεταὸιὸἁζων
1441 800 1527 827 ταῦτα
1538 803 1569 828 ὲκ
1578 801 1707 833 τόπουεις
1716 802 1812 833 τόπον,

1022 846 1068 872 καὶ
1077 847 1338 881 πραγματευόμενος
1349 847 1401 873 ὑπὸ
1409 847 1457 882 τῆς
1467 847 1596 882 ρηθείσης
1610 848 1706 883 κυρίας
1715 848 1810 874 αὐτοῦ.

1022 892 1077 918 Καὶ
1090 892 1121 918 τὸ
1150 893 1301 928 Κουράνιόν
1330 893 1378 919 σου
1405 895 1540 928 μαρτυρεῖ
1560 894 1625 927 περὶ
1647 894 1740 925 αὑτοῦ,
1769 888 1814 920 ὖτί

188 943 286 971 gerens
297 939 325 962 et
340 935 535 962 administrans
560 933 693 967 prmdictze
723 942 778 962 suae
797 934 921 962 dominre.
942 933 974 960 Et

1026 938 1170 973 τριάκοντα
1197 937 1244 965 δύο
1259 939 1372 974 χρόνους
1400 939 1513 970 ἄπιστος
1543 939 1676 974 ὑπῆρχεν,
1701 940 1812 973 καὶτῆς

187 982 337 1019 Alcoraiius
366 986 428 1007 tuus
455 980 487 1007 de
511 980 555 1006 illo
583 984 707 1012 testatur,
731 980 861 1006 nimirum
885 980 973 1014 spatio

189 1028 300 1063 triginta
322 1029 436 1055 duorum
468 1034 599 1052 annormn
615 1025 689 1052 illum
707 1026 808 1053 vixisse
831 1026 890 1053 sine
907 1025 970 1052 (ide.

187 1074 319 1102 Memorat
330 1073 429 1108 quippe
445 1072 519 1099 illum
540 1072 695 1106 implevisse
715 1072 893 1106 quadraginta
908 1079 972 1106 sep-

188 1125 242 1148 tem
262 1127 358 1150 annos,
373 1117 461 1152 spatio
480 1117 634 1151 quindecim
663 1124 796 1143 annorum
812 1117 886 1144 illum
908 1117 972 1144 reli-

188 1165 340 1201 giosissime
357 1164 469 1195 vixisse.
483 1163 528 1190 sed
542 1162 656 1188 aliorum
671 1162 779 1197 triginta
804 1163 917 1189 duorum
932 1164 972 1189 in-

189 1210 300 1239 tervallo
314 1214 370 1237 toto
397 1209 469 1236 illum
485 1208 593 1240 vixisse,
610 1208 669 1234 sine
683 1207 747 1238 Deo.
760 1207 819 1234 sine
845 1208 912 1243 lege,
926 1209 973 1235 im-

188 1256 243 1290 pie,
276 1259 303 1281 et
330 1252 455 1288 pessimis
483 1251 653 1286 dogmatibus
683 1250 921 1283 obnoxium.Quin
945 1254 972 1277 et

188 1302 246 1336 ipse
271 1300 349 1328 duxit
368 1299 460 1327 decem
479 1305 589 1330 uxores,
603 1302 631 1324 et
659 1297 794 1324 sexdecim
808 1297 972 1324 concubinas

188 1347 319 1381 captivas.
329 1345 402 1376 Jam,
413 1351 515 1379 quaeso,
527 1343 633 1370 declara
647 1343 755 1377 quando
769 1343 828 1369 illas
838 1343 972 1375 habuerit,

188 1400 223 1420 an
238 1398 358 1426 tempore
373 1398 428 1418 sum
443 1389 600 1424 impietatis,
613 1396 647 1415 an
673 1396 738 1416 vero
752 1395 813 1416 cum
828 1388 911 1416 Deum
925 1396 973 1416 co—

189 1440 245 1467 lere
259 1438 342 1472 coepit
368 1442 396 1464 et
409 1436 533 1470 religiose
553 1435 652 1462 vivere.
670 1434 698 1461 Si
727 1434 856 1461 memoria
872 1442 970 1469 suppe-

189 1485 352 1518 tit,ostende
367 1482 468 1517 aliquid
480 1489 533 1517 quo
550 1482 600 1508 hoc
614 1480 885 1515 possitcomprobari.
900 1481 974 1508 Insu-

190 1539 237 1566 per
250 1530 387 1557 Mahumet
402 1536 433 1555 ex
447 1533 557 1562 peccato
570 1532 597 1554 et
616 1526 721 1554 semine
737 1527 854 1553 humano
873 1526 974 1553 forma-

190 1584 234 1605 tus
249 1581 300 1608 est,
318 1579 344 1603 et
362 1575 406 1601 ille
423 1575 479 1608 ipse
493 1572 616 1607 peccavit
644 1577 669 1599 et
693 1571 784 1598 liberis
798 1571 972 1606 procreandis
985 1593 1007 1622 α

189 1631 301 1660 operam
329 1622 420 1654 dedit;
440 1619 575 1654 quomodo
602 1626 667 1653 ergo
695 1618 764 1646 dicis
791 1618 864 1645 illum
888 1618 972 1646 fuisse

189 1670 299 1697 fratrem
315 1666 508 1698 Christi;cum
534 1671 586 1690 non
615 1663 701 1690 solum
730 1662 812 1690 fuerit
835 1667 972 1697 peccator,

188 1716 236 1743 sed
263 1712 461 1741 iniensissimus
487 1710 533 1737 Dei
551 1709 637 1737 hostis
665 1713 693 1735 ut
713 1710 770 1743 ipse
798 1708 924 1743 agnoscis
947 1713 975 1735 et

188 1759 329 1788 conﬁteris
348 1767 356 1786 :
376 1765 438 1785 nam
466 1761 611 1789 antequam
642 1755 724 1781 vitam
744 1754 895 1789 religiosam
917 1761 976 1780 am-

189 1806 364 1842 plecteretur,
381 1806 440 1829 erat
458 1800 510 1834 fur,
523 1800 602 1833 latro,
618 1805 767 1827 nocturnus
793 1800 899 1827 viarum
931 1800 974 1827 iu-

1023 983 1097 1018 ζωῆς
1119 983 1201 1010 αὐτοῦ
1214 983 1298 1018 οὔσης
1314 984 1418 1019 χρόνων
1434 984 1638 1019 τεσσαράκοντα
1652 985 1732 1016 ἑπτα,
1751 985 1811 1017 πῶς

1022 1028 1085 1059 τοὺς
1095 1029 1176 1055 πέντε
1188 1028 1236 1055 καὶ
1250 1028 1320 1055 δέκα
1335 1028 1447 1064 χρόνους
1459 1028 1583 1063 ὑπῆρχεν
1593 1029 1734 1064 Θεοσεόὴς,
1747 1029 1813 1060 τοὺς

1021 1073 1050 1101 δὲ
1063 1074 1213 1109 τριάκοντα
1237 1074 1283 1100 δύο
1297 1074 1366 1109 μήτε
1381 1073 1447 1100 Θεὸν
1462 1074 1618 1108 γινώσκων,
1644 1075 1714 1110 μήτε
1730 1075 1814 1109 νόμον

1022 1118 1105 1153 ἔχων,
1120 1118 1188 1145 ἀλλὰ
1201 1118 1304 1154 ἀσεϐὴς
1319 1119 1366 1145 καὶ
1380 1118 1527 1150 κακόδοξος
1539 1119 1676 1154 ὑπῆρχεν.
1690 1120 1746 1146 Kal
1762 1120 1811 1146 λα-

1022 1163 1078 1190 ϐὼν
1096 1165 1227 1198 γυναῖκας
1240 1164 1316 1195 δέκα,
1336 1164 1382 1190 καὶ
1406 1163 1529 1195 σκλάὸας
1549 1164 1597 1196 ις’,
1618 1164 1684 1191 πότε
1711 1165 1813 1196 ταύτας

1022 1209 1127 1241 ἐλαϐεν,
1137 1209 1223 1242 δεῖξόν
1235 1218 1290 1244 μοι.
1300 1209 1377 1236 Μετὰ
1384 1209 1415 1236 τὸ
1428 1209 1599 1245 θεοσεόῆσαι,
1611 1211 1627 1246 ἢ
1642 1210 1695 1246 πρὸ
1702 1211 1812 1244 τούτους

1023 1254 1162 1287 ὑπόδειξον
1181 1263 1226 1289 μοι
1247 1254 1297 1289 τὴν
1314 1255 1378 1290 περὶ
1398 1255 1493 1281 τούτου
1508 1255 1635 1290 δήλωσιν,
1658 1256 1708 1281 ἑὰν
1728 1253 1812 1287 οἶδας.

1023 1301 1078 1328 Καὶ
1095 1300 1177 1327 πάλιν
1189 1301 1203 1326 ό
1214 1301 1365 1335 Μουχάμετ
1386 1301 1443 1327 ἀπὸ
1461 1301 1600 1336 ἁμαρτιας
1617 1302 1664 1328 καὶ
1682 1302 1812 1336 σπέρμα-

1022 1355 1067 1378 τος
1078 1346 1249 1381 ἀνθρωπίνου
1256 1346 1342 1374 ἐστίν.
1357 1347 1412 1373 Καὶ
1423 1347 1504 1378 αὐτὸς
1516 1348 1650 1383 ἥμαρτεν,
1664 1348 1711 1374 καὶ
1724 1348 1816 1374 ἐσπει-

1024 1401 1080 1429 ρεν.
1093 1393 1155 1424 Πῶς
1166 1391 1213 1419 οὖν
1226 1392 1307 1419 αὑτὸν
1321 1393 1422 1426 λέγεις,
1435 1393 1476 1418 ὅτι
1492 1392 1672 1427 ἁδελφόςὲστι
1687 1393 1734 1419 τοῦ
1744 1394 1815 1428 Χρι-

1024 1437 1104 1470 στοῦ;
1117 1438 1157 1463 ὅτι
1171 1437 1202 1464 οὐ
1219 1438 1297 1472 μόνον
1305 1437 1467 1472 ἁμαρτωλός
1478 1438 1564 1469 ἐστιν,
1573 1437 1640 1464 ἀλλὰ
1650 1439 1697 1464 καὶ
1708 1438 1742 1464 δι’
1753 1439 1815 1465 ὅλου

1023 1482 1119 1518 ἐχθρὸς
1130 1483 1177 1509 τοῦ
1189 1483 1267 1515 Θεοῦ,
1277 1483 1369 1515 καθὼς
1378 1482 1535 1517 γινώσκεις,
1548 1484 1590 1510 ὃτι
1605 1483 1661 1520 πρὸ
1667 1484 1714 1510 τοῦ
1728 1484 1817 1511 θεοσε-

1025 1528 1119 1563 ϐῆσαι,
1131 1528 1178 1554 καὶ
1192 1528 1320 1563 κλέπτης,
1334 1529 1383 1555 καὶ
1396 1529 1561 1563 νυκτοπόρος
1573 1529 1696 1564 ὑπῆρχεν
1707 1529 1756 1555 καὶ
1764 1529 1816 1566 λῃ‹

1024 1572 1100 1607 στὴς,
1115 1573 1161 1599 καὶ
1171 1573 1217 1598 ἐπὶ
1232 1573 1281 1604 τὰς
1290 1573 1439 1608 στρωμνὰς
1463 1572 1576 1604 πολλοὺς
1595 1573 1650 1599 τῶν
1662 1573 1817 1608 ἀνθρώπων

1025 1619 1180 1653 ἐφόνευσεν.
1197 1619 1251 1645 Kal
1263 1619 1350 1646 ταῦτα
1359 1618 1404 1645 διὰ
1420 1619 1562 1652 γυναῖκας,
1572 1619 1618 1644 καὶ
1640 1618 1676 1644 δι’
1695 1620 1817 1653 ἄκριτον

1024 1664 1098 1699 μίξιν
1104 1663 1260 1700 ἐξωνήσατο
1267 1665 1380 1700 βοτάνια
1389 1672 1422 1690 συ
1427 1664 1600 1699 μὸαλλόμενα
1607 1664 1694 1691 ταῦτα
1703 1673 1716 1691 ε
1721 1666 1744 1696 ὶς
1750 1673 1818 1700 πορ-

1022 1712 1097 1738 νείαν
1109 1711 1233 1746 ἄσχετον,
1247 1713 1286 1744 ὡς
1302 1712 1340 1747 μὴ
1353 1712 1422 1743 ὅλως
1436 1712 1517 1747 κόρον
1529 1712 1599 1746 ἔχων
1615 1713 1665 1747 τῆς
1686 1713 1818 1746 τοιαύτης

1023 1756 1181 1790 ἐπιθυμίας,
1190 1757 1275 1792 ὅνπερ
1289 1757 1322 1783 δι’
1331 1756 1394 1783 ὅλου
1412 1756 1472 1792 μεθ’
1483 1756 1580 1784 ἑαυτοῦ
1592 1755 1661 1792 εἶχε,
1673 1757 1818 1793 χρώμενος

1024 1800 1063 1836 τῷ
1077 1801 1189 1837 τοιοὺτῳ
1203 1802 1250 1828 ἐπὶ
1268 1803 1303 1837 τῇ
1318 1801 1401 1829 αὐτοῦ
1416 1802 1543 1838 ἐργασίᾳ.

189 1860 280 1882 sessor
293 1852 336 1886 qui
351 1849 563 1885 quamplurimos
575 1848 601 1874 in
617 1847 729 1874 insidias
744 1853 812 1881 quas
835 1851 972 1874 struxerat
990 1847 1116 1881 delapsos
1131 1849 1250 1876 violenta
1285 1854 1370 1876 morte
1406 1850 1531 1884 peremit.
1553 1849 1686 1877 Praeterea
1702 1855 1815 1885 propter

190 1907 301 1932 uxores,
323 1903 351 1926 ct
374 1899 546 1931 impotentem
569 1896 850 1929 intemperantemque
873 1896 974 1922 coitum
995 1895 1094 1923 herbas
1124 1896 1230 1924 solebat
1262 1903 1354 1924 emere
1380 1897 1477 1931 quibus
1493 1903 1620 1925 venerem
1636 1903 1662 1924 et
1674 1897 1816 1924 libidinem

189 1948 318 1976 ell'reuem
331 1944 504 1975 conciliaret;
521 1942 589 1969 adeo
604 1945 634 1968 ut
663 1948 798 1975 nunquam
821 1941 935 1968 satiatus
963 1944 1103 1969 recederet
1132 1943 1167 1970 ab
1183 1943 1242 1970 istis
1272 1943 1365 1977 pravis
1384 1943 1540 1975 desideriis,
1559 1943 1657 1977 quibus
1668 1951 1716 1978 per
1730 1948 1817 1970 totum

189 1995 252 2022 vita:
278 1991 442 2020 curriculum
465 1989 517 2017 fuit
550 1987 694 2020 obnoxius,
717 1994 781 2015 usus
806 1987 867 2015 istis
890 1988 1011 2015 moribus
1031 1992 1160 2024 tauquam
1190 1990 1320 2017 exercitio
1346 1997 1399 2024 quo
1426 1989 1478 2017 sibi
1510 1990 1613 2017 lucrum
1637 1994 1818 2029 etquaestum

189 2043 376 2074 compararet.

223 2086 314 2120 Quare
329 2091 393 2119 ergo
406 2082 564 2118 prophetam
579 2085 606 2109 et
636 2080 788 2115 apostolum
806 2079 854 2108 Dei
875 2079 978 2108 vocatis

191 2131 267 2159 illum
292 2129 336 2164 qui
367 2129 416 2155 l'uit
434 2126 646 2162 impnrissimus,
660 2124 734 2151 omni
758 2125 901 2151 criminum
919 2123 979 2151 labe

192 2177 403 2206 contaminatus,
419 2173 499 2205 latro,
515 2172 642 2207 iniustus,
655 2171 800 2203 homicida,
813 2175 915 2205 raptor.
932 2169 979 2197 Dic

194 2223 272 2255 .uihi,
286 2228 390 2256 quaeso,
409 2219 473 2254 quid
491 2217 626 2252 signiﬁcet
640 2217 781 2252 prophetia
800 2221 828 2243 et
842 2216 977 2251 apostola-

194 2274 248 2295 Ius.
270 2267 379 2295 Certqu
405 2270 448 2292 est
474 2269 501 2292 et
526 2263 599 2290 Deus
619 2263 704 2295 novit,
737 2267 763 2289 te
791 2262 841 2289 hoc
868 2269 979 2296 prorsus

195 2316 328 2350 ignorare,
355 2313 406 2339 nisi
430 2312 482 2339 hoc
512 2318 525 2337 a
556 2310 712 2337 Christiano
739 2310 813 2344 prius
842 2309 979 2336 didiceris.

194 2361 217 2387 0
248 2360 388 2394 impudens
415 2362 440 2384 et
474 2356 670 2384 inverecunde!
697 2360 723 2382 tu
752 2354 892 2382 conﬁteris
921 2353 980 2380 lliu-

196 2406 364 2433 hammedem
387 2403 474 2438 spatio
500 2403 610 2437 triginta
637 2402 750 2428 duorum
777 2407 910 2427 annorum
932 2407 981 2427 nec

195 2452 279 2478 fuisse
295 2450 464 2485 prophetam,
483 2457 531 2476 nec
539 2445 793 2483 ‘prophetizantem,
812 2453 862 2473 nec
875 2451 981 2479 aposto.

195 2497 263 2528 lum,
280 2503 330 2523 nec
346 2496 498 2526 docentem,
513 2501 562 2521 nec
573 2493 618 2520 Dei
627 2494 770 2525 cultorem,
786 2500 835 2520 ncc
845 2498 979 2525 orantem,

196 2550 247 2570 nec
274 2546 482 2576 cognoscentem
514 2540 608 2572 Deum,
630 2539 677 2566 sed
703 2543 763 2573 post
797 2538 916 2571 elapsum
946 2538 981 2564 is-

196 2593 285 2616 torum
304 2594 437 2614 annorum
452 2585 629 2618 curriculum,
646 2584 800 2619 cognitione
827 2583 916 2610 divina
935 2583 981 2609 im-

196 2634 291 2662 butum
324 2633 419 2660 fuisse.
445 2633 497 2659 Sed
519 2632 541 2659 si
573 2632 623 2658 ista
648 2630 739 2657 omnia
764 2636 876 2664 negares
903 2629 979 2663 quasi

196 2687 257 2714 quae
275 2686 328 2706 non
354 2678 518 2712 contigerint
536 2677 588 2704 isto
618 2676 727 2710 triginta
755 2677 869 2702 duomm
895 2682 980 2700 amin-

197 2733 257 2753 rum
282 2725 379 2758 spatio,
394 2731 477 2758 quare
500 2723 593 2750 eadem
621 2722 726 2748 ratione
745 2728 793 2755 ego
809 2720 982 2748 Christianus

196 2779 249 2797 non
263 2777 388 2805 negarem
401 2777 432 2796 ea
446 2776 504 2803 qum
518 2768 697 2794 Mnhammedi
713 2767 861 2802 contigisse
881 2767 981 2793 asseris

197 2816 351 2850 quindecim
368 2815 420 2841 illis
434 2814 511 2840 annis
526 2819 585 2845 post
603 2814 710 2847 triginta
726 2813 792 2839 duos
822 2819 907 2839 annos
931 2819 980 2846 po-

197 2859 416 2894 steriuselapsis?
427 2859 478 2886 Sed
491 2858 776 2893 priiiio,,qli'eso,dore
793 2864 834 2884 me
847 2857 982 2891 quomodo

197 2904 324 2936 cognovit
354 2905 448 2937 Deum,
461 2909 486 2931 et
512 2906 538 2931 lu
567 2912 619 2938 qua
642 2903 727 2931 forma
742 2903 794 2930 ?Si
820 2903 891 2929 enim
915 2902 981 2929 dicis

1063 2079 1165 2106 Λοιπὸν
1180 2079 1224 2106 διὰ
1236 2080 1264 2106 τι
1273 2079 1356 2106 αὑτὸν
1369 2079 1514 2115 προφήτην
1525 2079 1572 2106 καὶ
1582 2079 1732 2107 ἀπόστολον
1747 2080 1818 2106 Θεοῦ

1029 2125 1122 2157 καλεῖς
1135 2125 1232 2160 λάγνον
1252 2126 1327 2158 ὄντα,
1349 2126 1396 2152 καὶ
1420 2125 1543 2152 τοιοῦτον
1572 2126 1745 2161 παμμίαρον,
1769 2128 1819 2153 καὶ

1028 2170 1141 2206 λῃστὴν,
1157 2171 1205 2197 καὶ
1219 2171 1320 2202 ἄδικον,
1332 2171 1379 2197 καὶ
1395 2171 1487 2205 φονέα,
1504 2170 1552 2197 καὶ
1566 2170 1680 2206 ἅρπαγα
1692 2180 1699 2204 ;
1710 2171 1820 2206 Φράσον

1031 2224 1086 2251 μοι,
1106 2216 1133 2242 τι
1161 2216 1347 2251 ἑρμηνεύεται
1383 2215 1557 2250 προφητεία,
1588 2216 1636 2242 καὶ
1659 2216 1817 2247 ἀπόστολος.

993 2249 1016 2278 ῐ)
1032 2249 1110 2288 οἶδεν
1124 2262 1138 2288 6
1151 2249 1285 2293 θέδςζδτι
1299 2262 1329 2288 οὺ
1345 2249 1502 2295 Mam,
1519 2261 1593 2296 εἰμὴ
1612 2261 1741 2296 διδαχθῇς
1762 2263 1818 2288 ἀπὸ

1030 2306 1207 2342 Χριστιανοῦ,
1225 2305 1260 2332 Ὦ
1281 2306 1478 2342 ἀνερυορίαστε
1503 2306 1552 2333 καὶ
1578 2306 1758 2341 ἀναισχυντεῖ
1786 2307 1819 2333 σὺ

1030 2352 1182 2386 ὁμολογεῖς,
1197 2353 1264 2379 ’ὀτιὸ
1290 2353 1441 2387 Μουχάμετ
1471 2352 1618 2387 τριάκοντα
1632 2352 1679 2378 δύο
1705 2352 1820 2387 χρόνους

1033 2398 1102 2433 μήτε
1110 2399 1262 2434 προφήτης,
1276 2398 1346 2434 μήτε
1360 2398 1540 2434 προφητεύων
1554 2396 1598 2434 ἦν,
1614 2399 1683 2433 μήτε
1696 2398 1818 2425 ἀπόστο-

1030 2443 1086 2477 λος,
1104 2445 1172 2480 μήτε
1187 2445 1331 2475 διδάσκων,
1346 2445 1414 2479 μήτε
1425 2444 1563 2479 θεοσεϐὴς,
1579 2445 1648 2479 μήτε
1660 2444 1819 2479 εὐχόμενος,

1033 2491 1102 2525 μήτε
1117 2490 1260 2524 γινώσκων
1277 2490 1353 2523 Θεὸν,
1372 2490 1441 2517 ἀλλὰ
1456 2489 1526 2524 μετὰ
1539 2489 1626 2516 ταῦτα
1647 2490 1714 2515 Θεὸν
1734 2490 1820 2524 ἐγνώ-

1033 2546 1118 2573 ρισεν.
1136 2537 1206 2563 ’Λλλ’
1224 2536 1318 2571 ἐπειδὴ
1331 2537 1363 2562 ὲκ
1376 2535 1479 2562 τούτων
1493 2536 1552 2566 ὅλος
1567 2535 1682 2570 ἔξαρνος
1692 2536 1818 2571 γένηται,

1031 2583 1068 2616 ὡς
1084 2583 1120 2618 μὴ
1134 2583 1286 2617 γεγονότων
1305 2583 1337 2608 ὲκ
1348 2582 1394 2608 τοῦ
1413 2582 1563 2616 Μουχάμετ
1578 2581 1650 2607 κατὰ
1664 2582 1728 2613 τοὺς
1742 2581 1821 2616 τριά-

1032 2639 1114 2657 κοντα
1138 2629 1185 2656 δύο
1204 2629 1316 2664 χρόνους
1333 2637 1340 2644 ο
1370 2628 1427 2660 πῶς
1454 2626 1530 2661 κάγὼ
1549 2628 1562 2653 6
1583 2627 1746 2661 Χριστιανὸς
1770 2627 1821 2653 οὐκ

1032 2675 1166 2712 ἀρνοῦμαι
1182 2675 1216 2702 τὰ
1230 2674 1299 2709 μετὰ
1321 2673 1408 2700 ταῦτα
1424 2672 1519 2704 αὑτοῦ,
1534 2673 1620 2707 ἦγουν
1637 2672 1672 2699 τὰ
1685 2672 1739 2698 τῶν
1753 2680 1821 2697 πεν-

1032 2720 1177 2747 τεκαίδεκα
1188 2719 1291 2755 χρόνων
1302 2728 1310 2751 ;
1323 2718 1432 2752 πρῶτον
1445 2717 1581 2752 γνώρισον
1600 2725 1647 2752 μοι
1662 2717 1743 2749 τέως,
1761 2717 1823 2748 πῶς

1032 2764 1180 2801 ἐγνώρισεν
1198 2764 1275 2795 Θεὸν,
1287 2764 1334 2790 καὶ
1347 2764 1377 2789 ὲν
1399 2763 1466 2797 ποίῳ
1483 2762 1577 2797 τρόπῳ
1588 2769 1595 2778 ·
1616 2763 1640 2788 εἰ
1657 2762 1707 2797 μὲν
1718 2762 1819 2795 λέγεις,

1032 2812 1073 2838 ὅτι
1084 2811 1098 2837 6
1117 2810 1182 2841 Θεὸς
1199 2809 1381 2846 [ἀπέστειλεν]
1396 2808 1440 2834 τὸν
1455 2808 1570 2842 ἄγγελον
1587 2807 1671 2834 αὐτοῦ
1691 2808 1759 2843 πρὸς
1772 2807 1821 2832 αὐ-

1032 2857 1088 2888 τὸν,
1096 2856 1144 2882 καὶ
1152 2855 1269 2888 ἐδίδαξεν
1281 2854 1362 2881 αὑτὸν
1369 2862 1402 2880 πε
1407 2853 1434 2889 pl
1443 2852 1618 2886 θεογνωσίας,
1633 2852 1729 2879 λοιπὸν
1740 2853 1754 2878 6
1767 2851 1802 2885 ἀγ
1809 2865 1819 2871 -

1032 2902 1111 2937 γελὸς
1131 2903 1204 2928 ἐστιν
1211 2900 1358 2931 ἀπόστολος
1366 2899 1435 2926 Θεοῦ
1447 2898 1515 2934 πρὸς
1526 2898 1607 2925 αὐτὸν
1631 2898 1678 2925 καὶ
1691 2897 1737 2925 τὸν
1745 2897 1820 2924 λαόν.
