1932 3067
139 217 208 251 1389

726 217 962 250 CONFU'I‘ATIO
996 216 1175 249 AGARENI.

1627 204 1630 206 ’
1687 218 1753 250 1390

136 275 192 301 Καὶ
209 268 286 304 οὗτος
297 271 390 299 λοιπὸν
405 267 440 307 ἦν
450 269 635 306 ψεύστης,καὶ
650 271 789 300 ἀπατεὼν.
812 273 923 308 Ἐπειδὴ

977 272 1060 300 Deum
1072 272 1106 300 ad
1136 272 1210 299 illum
1230 271 1337 299 misisse
1364 271 1488 305 angelum
1503 279 1592 303 suum.
1608 273 1654 307 qui
1679 273 1764 301 illum:

135 321 183 347 xui.
199 318 280 346 αὑτὸν
300 318 444 353 προφήτην
469 317 571 349 καλεῖς,
587 317 674 349 δεῖξόν
698 326 745 352 μοι
756 318 783 344 τί
799 318 921 353 ἐπροφή-

135 373 242 394 τευσεν.
264 364 311 391 καὶ
327 365 356 391 ὲν
376 364 446 399 ποίῳ
457 363 529 398 λόγῳ
549 362 640 396 τοῦτο,
656 362 704 390 καὶ
716 362 745 389 τί
765 363 883 395 κελεύει,
903 363 920 398 ἢ

135 410 163 438 τί
176 411 289 445 σημεῖον
300 409 346 436 καὶ
357 409 440 444 τέρας
454 408 615 443 πεποίηκεν.
634 408 726 435 Πάντα
741 408 796 444 γὰρ
808 408 843 435 τὰ
855 408 922 443 ὑμέ-

135 463 203 491 τερα
219 455 309 490 βισλία
322 454 452 488 ἀνέγνων,
468 453 514 480 καὶ
529 453 626 487 ἔγνων.
644 453 706 480 Ἐὰν
720 451 755 488 ἦν
768 454 921 489 προφήτης,

135 501 174 532 ὡς
193 499 298 534 λέγετε,
314 499 358 525 διὰ
372 498 398 525 τί
412 498 556 533 μέλλοντος
571 499 666 524 πεσεῖν
683 499 716 525 ὲκ
731 497 780 524 τοῦ
809 499 920 533 ἀλόγου,

135 543 166 573 οὗ
185 545 313 580 ἐκάθητο,
333 544 380 571 καὶ
402 543 559 579 σχισθέντος
576 543 624 570 τοῦ
639 542 746 578 τοίχους
760 543 857 575 αὑτοῦ,
872 544 921 570 καὶ

136 591 200 622 τοὺς
215 590 291 617 κάτω
308 589 356 616 καὶ
372 589 430 615 ἄνω
446 589 556 620 ὀδόντας
573 588 656 615 αὑτοῦ
667 588 815 623 μέλλοντας
827 588 922 615 πεσεῖν

136 636 185 663 καὶ
206 634 355 669 θλασθῆναι
374 633 427 660 ἀπὸ
441 633 489 660 τοῦ
512 632 633 659 τοιούτου
653 633 875 668 προσκόμματος,
890 634 921 660 οὒ

142 681 356 717 προεφήτευσεν,
372 680 389 715 ἥ
416 679 559 714 προέγνω;
580 679 636 705 Καὶ
651 679 744 712 πάλιν,
764 677 827 706 ἐπεὶ
853 687 922 714 προ-

135 727 224 762 φήτης
234 724 279 761 ἦν.
303 725 407 760 μέλλων
436 724 553 758 συνάψαι
583 723 653 759 μετὰ
665 723 712 750 τοῦ
732 723 849 759 Κασαρὰ
874 721 923 750 πό-

135 773 228 806 λεμον,
240 771 298 803 πῶς
318 771 368 798 οὐκ
385 770 466 804 ἔγνω,
484 771 525 796 ὅτι
540 769 652 804 ἔμελλεν
665 769 731 804 παρ’
746 769 829 797 αὐτοῦ
846 778 924 805 νικη-

135 818 226 853 θῆναι,
237 817 318 848 αὐτὸς
336 816 383 842 καὶ
401 815 435 842 τὰ
452 815 502 841 ὅλα
522 814 605 842 αὐτοῦ
628 815 751 849 φουσᾶτα
767 823 774 847 ;
788 814 856 841 ἀλλὰ
875 814 924 840 καὶ

135 862 217 894 αὐτὸς
231 863 324 897 φυγὼν
339 859 454 895 διεσώθη
470 861 498 886 ὲν
514 859 554 893 τῷ
577 859 711 895 σπηλαίῳ,
728 859 823 894 μείνας
847 859 923 894 τρεῖς

136 908 244 944 ἡμέρας
267 907 314 934 καὶ
323 907 398 942 τρεῖς
414 905 525 936 νύκτας,
540 905 587 931 καὶ
600 904 686 935 οὕτως
707 904 783 938 μόλις
793 903 922 939 διεσώθη.

972 317 1081 344 doceret
1095 321 1122 344 et
1143 316 1299 352 cognitione
1316 317 1360 344 Dci
1373 316 1517 350 imbueret,
1533 318 1656 352 sequitur
1681 319 1753 353 quod

972 362 1083 396 angelus
1102 362 1161 396 ipse
1187 366 1247 389 erat
1268 361 1404 395 apostolus
1423 362 1470 390 Dei
1490 362 1523 390 ad
1538 363 1664 397 populum
1677 367 1705 390 et
1719 364 1752 390 ad

971 403 1171 440 Mahumedem,
1183 414 1216 434 ac
1228 407 1342 442 proinde
1356 406 1562 435 Muhammcdes
1573 408 1624 435 fuit
1639 408 1752 435 mendax

971 457 997 480 et
1012 454 1148 480 seductor.
1176 452 1209 479 Et
1222 452 1349 486 quoniam
1382 452 1457 479 illum
1476 453 1638 487 prophetam
1661 460 1752 485 vocas,

971 498 1082 525 ostende
1101 497 1166 524 mihi
1184 497 1249 532 quid
1262 497 1297 524 sit
1312 497 1485 529 vaticinatus,
1499 505 1553 532 quo
1564 502 1592 525 et
1608 498 1679 533 quali
1693 505 1754 525 ser-

972 549 1052 570 mone
1073 542 1180 569 oracula
1202 550 1252 570 sua
1279 542 1358 576 fudit,
1374 543 1438 578 quid
1467 543 1627 577 imperavit,
1647 548 1674 572 et
1700 551 1754 579 quo

972 588 1049 622 signo
1064 592 1091 615 et
1105 587 1236 615 miraculo
1248 594 1278 615 se
1293 588 1503 615 commendavit.
1515 588 1616 616 Omnes
1633 589 1705 616 enim
1721 588 1754 616 li-

971 633 1035 660 bros
1050 637 1109 660 tuos
1120 633 1180 660 novi
1194 637 1221 660 et
1236 633 1335 661 evolvi.
1352 632 1380 660 Si
1407 633 1458 660 fuit
1485 635 1625 669 propheta,
1640 639 1669 661 ut
1687 634 1755 662 dici-

972 678 1017 709 tis.
1031 685 1092 705 cum
1110 685 1143 705 ex
1160 685 1230 713 equo
1240 685 1353 705 casurus
1365 683 1424 705 erat
1442 679 1485 706 cui
1502 679 1644 711 insidebat,
1661 684 1688 706 et
1714 678 1756 706 ef-

973 722 1059 750 fracto
1073 723 1210 757 scissoque
1220 723 1303 750 latere
1315 730 1376 750 cum
1389 724 1482 751 dentes
1496 723 1651 758 superiores
1670 727 1698 751 et
1711 724 1755 751 in~

973 767 1088 796 feriores
1104 768 1150 795 tali
1165 776 1228 796 casu
1245 773 1274 796 et
1287 769 1364 796 ruina
1378 773 1468 796 essent
1481 762 1638 797 conterendi
1655 774 1683 797 et
1710 776 1756 797 ca-

972 814 1041 846 suri,
1051 820 1134 848 quare
1149 814 1201 841 hoc
1216 821 1268 840 non
1286 814 1446 848 prmviditet
1460 814 1624 842 vaticinatus
1633 818 1685 842 est.
1702 814 1757 842 lte-

973 866 1032 886 rum
1052 859 1075 886 si
1099 859 1230 892 propheta
1251 858 1311 892 fuit,
1337 866 1399 886 cum
1417 859 1517 887 bellum
1536 864 1610 888 esset
1638 860 1757 888 initurus

973 911 1034 932 cum
1047 903 1181 937 Chabara,
1191 905 1262 932 etab
1276 904 1329 932 isto
1341 904 1515 933 debellandus
1523 910 1551 932 et
1562 905 1755 940 proﬂigandus.

135 953 193 980 Καὶ
204 953 235 980 σὺ
248 953 302 979 ἀπο
315 951 416 985 πολλῆς
427 959 474 977 σου
488 950 620 985 αἰσχύνης
634 949 734 984 λέγεις,
749 949 790 975 ὅτι
808 948 922 983 ἄγγελος

977 950 1115 984 omniaque
1131 949 1204 977 illius
1226 954 1316 977 castra
1346 954 1441 978 essent
1468 951 1658 986 expugnanda,
1672 958 1757 985 quare

138 999 208 1033 μετὰ
225 998 356 1033 ἀράχνης,
370 996 420 1030 τὴν
441 996 526 1031 θύραν
539 995 585 1022 τοῦ
602 995 735 1030 σπηλαίου
756 994 920 1026 ὲσκέπασεν,

135 1044 184 1071 καὶ
198 1041 266 1070 εἶδον
281 1042 306 1068 οἱ
320 1041 508 1076 ψηλαφῶντες,
523 1040 572 1067 καὶ
589 1038 676 1073 εἷπον,
695 1040 733 1075 μὴ
749 1038 819 1066 εἷναι
838 1040 867 1066 ὲν
882 1039 921 1074 τῷ

136 1088 262 1124 σπηλαίῳ
271 1087 343 1119 τινὰ,
355 1087 399 1113 διὰ
411 1086 443 1112 τὸ
458 1084 527 1113 εἶναι
540 1085 590 1120 τὴν
603 1086 734 1121 ἀράχνην.
747 1085 802 1112 Καὶ
812 1085 871 1116 πῶς
889 1085 920 1112 οὐ

136 1135 353 1169 προεφήτευσεν,
366 1132 405 1163 ὡς
420 1131 450 1158 οὕ
465 1131 578 1167 ζήσεται
592 1139 635 1162 τις
656 1131 690 1157 ὲκ
704 1131 758 1157 τῶν
780 1130 922 1165 τεσσάρων

136 1179 241 1214 τεχνῶν
263 1177 346 1204 αὑτοῦ
356 1197 363 1208 ,
377 1177 428 1203 καὶ
445 1176 496 1202 οὐκ
510 1174 588 1202 εἶπεν
607 1175 646 1210 τῷ
661 1175 718 1211 λαῷ
731 1175 766 1202 τὰ
786 1176 851 1210 περὶ
871 1176 922 1210 τῆς

136 1221 227 1256 φυγῆς
239 1220 321 1248 αὐτοῦ
335 1220 382 1246 καὶ
395 1221 452 1251 τοῖς
473 1220 567 1250 ἵπποις
579 1227 587 1251 ;

974 996 1026 1023 hoc
1040 1003 1094 1022 non
1106 995 1238 1030 praevidit.
1255 995 1311 1023 lmo
1321 995 1406 1023 victus
1420 1002 1448 1022 et
1474 995 1580 1031 fugiens
1606 996 1634 1023 in
1660 1002 1755 1023 caver-

973 1049 1037 1069 nam
1055 1048 1084 1069 se
1098 1041 1199 1076 recepit
1209 1042 1255 1069 ubi
1280 1049 1329 1077 per
1360 1045 1416 1069 tres
1432 1041 1491 1069 dies
1506 1045 1534 1069 et
1547 1046 1602 1069 tres
1615 1046 1709 1070 noctes
1721 1041 1757 1068 la-

974 1086 1056 1113 titans
1082 1086 1127 1112 vix
1157 1085 1264 1113 tandem
1294 1086 1383 1114 salvus
1410 1087 1505 1114 evasit.
1531 1086 1565 1113 Et
1585 1090 1612 1113 tu
1631 1093 1681 1121 pro
1710 1092 1757 1113 tuo

974 1138 1080 1159 summo
1090 1132 1204 1166 (pudore
1221 1140 1319 1160 narras
1341 1135 1412 1168 quod
1437 1133 1549 1168 angelus
1572 1140 1603 1161 os
1634 1140 1757 1160 caverna}

973 1176 1104 1203 velaverit
1124 1176 1201 1212 longa
1231 1185 1338 1205 aranea:
1354 1178 1414 1205 tela:
1439 1182 1559 1211 textura,
1584 1186 1665 1213 quam
1694 1186 1756 1206 cum

973 1221 1227 1249 animadvertissent
1253 1224 1298 1258 qui
1325 1223 1399 1250 illum
1425 1224 1566 1259 diligenter
1591 1224 1756 1258 quazrehant.

137 1267 264 1294 dixerunt
287 1266 420 1293 neminem
440 1266 467 1292 in
495 1266 622 1300 spelunca
644 1266 762 1299 latitare,
791 1273 851 1294 cum
882 1274 914 1294 os
956 1269 1092 1303 spelunca:
1112 1270 1259 1298 obduceret
1301 1271 1394 1298 aranei
1413 1271 1477 1298 tela.
1495 1272 1634 1304 Quomodo
1648 1274 1758 1298 nonest

137 1312 312 1345 vaticinatus,
334 1311 436 1338 nullum
454 1318 487 1339 ex
500 1315 616 1346 quatuor
642 1311 705 1341 filiis
719 1313 776 1341 suis
787 1313 832 1341 diu
844 1313 920 1341 vitali
940 1321 1005 1341 aura
1039 1315 1198 1349 fruiturum,
1216 1320 1244 1344 et
1262 1317 1361 1351 populo
1379 1322 1408 1344 et
1437 1317 1574 1352 equitibus
1596 1325 1648 1345 non
1662 1317 1758 1352 signfi-

141 1357 214 1385 cavit
224 1363 285 1391 qua!
295 1356 455 1391 spectabant
466 1356 538 1384 illius
551 1355 662 1391 fugam?

173 1403 230 1430 Kal.
240 1402 298 1434 πῶς
305 1402 355 1429 οὐκ
366 1400 452 1434 εἶπεν,
460 1403 500 1429 ὅτι
512 1402 537 1429 οἱ
548 1403 733 1438 Κωρασιῶται
747 1403 817 1438 μετὰ
831 1404 926 1439 καιρὸν

139 1447 282 1483 μέλλουσιν
296 1447 377 1474 αὑτὸν
392 1447 472 1482 δῆσαι
486 1447 516 1473 ἐν
528 1448 561 1482 τῇ
574 1445 642 1483 οὐρᾷ
651 1448 702 1483 τῆς
716 1448 927 1484 μεμεθυσμένης

139 1493 274 1529 καμήλου,
301 1493 349 1520 καὶ
374 1493 468 1519 τοῦτον
495 1493 588 1524 κακῶς
615 1493 762 1529 διαρρῆξαι
774 1494 823 1529 τὴν
854 1494 927 1530 ζωὴν

138 1539 244 1572 αὑτοῦ;
265 1539 319 1567 Καὶ
346 1539 395 1566 οὐκ
410 1538 465 1573 ἐγὼ
488 1539 575 1566 ταῦτα
596 1539 702 1566 οἴκοθεν
724 1539 806 1574 λέγω,
819 1539 877 1566 ἀλλ’
899 1540 925 1566 0t

1015 1405 1155 1439 Quomodo
1184 1414 1238 1434 non
1267 1407 1391 1442 praedixit
1407 1407 1479 1442 quod
1501 1407 1668 1435 Chorasiota:
1697 1413 1759 1443 post

978 1449 1086 1485 aliquod
1118 1452 1247 1486 temporis
1265 1453 1449 1486 intervallum,
1470 1453 1545 1480 illum
1561 1454 1664 1481 vincire
1677 1454 1758 1483 debe-

979 1500 1039 1522 rent
1053 1495 1086 1522 ad
1108 1497 1220 1524 caudam
1247 1497 1386 1524 inebriatus
1400 1498 1463 1525 vino
1481 1498 1620 1533 myrrhato
1633 1500 1756 1532 camele,

978 1545 1005 1568 et
1019 1541 1090 1568 illius
1109 1541 1190 1568 vitam
1205 1546 1232 1569 et
1247 1542 1331 1570 latera
1358 1544 1474 1577 pessime
1491 1544 1621 1579 disrumpi
1643 1549 1671 1573 et
1704 1544 1759 1573 dif-

138 1584 267 1611 Χαλδαῖοι
280 1584 345 1619 περὶ
358 1583 453 1610 τούτου
469 1583 662 1619 μαρτυροῦσιν,
683 1584 709 1611 οἱ
721 1584 926 1619 παρατυχόντες

977 1584 1058 1620 Μηςί
1071 1585 1179 1613 debere.
1194 1586 1226 1613 Et
1239 1587 1291 1614 hoc
1302 1594 1354 1614 non
1368 1587 1518 1616 domestico
1532 1594 1560 1616 et
1575 1590 1685 1624 proprio
1714 1594 1759 1617 te-

139 1629 311 1656 ἔκεῖσε.Καὶ
326 1630 408 1664 ἡμεῖς
431 1628 461 1655 δὲ
489 1628 567 1655 αὐτοὶ
599 1629 811 1664 μεμαθήκαμεν.
843 1628 926 1655 Ἀλλὰ

140 1675 188 1702 καὶ
202 1676 359 1710 μαρτυρεῖς,
375 1675 413 1706 ὡς
429 1674 606 1709 ἐψευδόμεθα.
625 1675 656 1701 Εἰ
667 1674 696 1701 δὲ.
712 1675 761 1710 μὴ,
775 1674 865 1706 δεῖξόν
878 1683 926 1710 μοι

139 1721 190 1757 τὴν
210 1721 378 1755 προφητείαν
395 1721 488 1754 αὑτοῦ,
506 1721 554 1748 καὶ
569 1719 621 1746 ποῦ
637 1720 711 1746 ἐστιν
724 1719 903 1755 γεγραμμένη
918 1727 925 1734 ·

140 1767 207 1793 αὺτὺ
221 1766 275 1801 γὰρ
298 1766 328 1792 τδ
343 1767 493 1802 Κουράνιόν
508 1776 556 1793 σου
573 1766 705 1800 ἀνέγνων.
720 1767 778 1801 Οὐχ
799 1762 880 1802 εὖρον
897 1766 927 1792 ὲν

140 1811 215 1846 αὑτῷ
229 1812 496 1847 καταγεγραμμένην
519 1812 688 1847 προψητείαν
701 1811 749 1838 τοῦ
759 1812 924 1847 Μουχάμετ,

140 1859 165 1885 εὶ
180 1858 218 1894 μὴ
232 1857 296 1893 περὶ
309 1858 356 1884 τοῦ
380 1858 466 1892 Ἀδὰμ
478 1858 579 1892 μικράν
592 1865 654 1884 τινα
678 1857 798 1892 ὁμιλίαν,
811 1859 860 1884 καὶ
873 1857 925 1893 τῆς

141 1904 225 1936 Εὔας,
257 1904 304 1930 καὶ
330 1903 377 1930 τοῦ
408 1904 481 1939 Σὴθ,
511 1904 559 1930 καὶ
582 1903 628 1930 τοῦ
663 1903 796 1938 Ἀϐραὰμ,
822 1903 927 1930 καὶτοῦ

147 1950 251 1980 Ἰσαὰκ,
267 1950 315 1976 καὶ
340 1949 388 1977 τοῦ
424 1949 530 1981 Ἰακὼϐ,
544 1949 593 1976 τοῦ
615 1948 688 1981 Νῶε,
713 1948 761 1975 τοῦ
793 1949 865 1980 Λὼτ,
880 1947 928 1975 τοῦ

147 1996 237 2027 Ἰωνᾶ,
251 1995 297 2022 τοῦ
309 1995 459 2028 Μωῡσέως,
471 1995 519 2022 τοῦ
540 1995 656 2030 Ἀαρὼν,
677 1995 766 2029 Ἰησοῦ
779 1994 826 2021 τοῦ
836 1995 926 2029 Ναυῆ,

141 2042 189 2069 τοῦ
201 2042 383 2078 Σιλομῶντος,
396 2043 443 2069 τοῦ
458 2043 569 2077 Ἰωσὴφ,
579 2041 627 2069 τοῦ
645 2041 742 2076 Ἑνὼχ,
757 2041 803 2068 τοῦ
824 2040 927 2074 Ἠλίου,

141 2087 189 2115 τοῦ
211 2087 352 2123 Ἰεζεκιὴλ,
367 2088 415 2114 τοῦ
428 2087 576 2123 Ζαχαρίου,
593 2087 640 2113 τοῦ
661 2087 786 2114 Ἰωάννου
796 2086 843 2114 τοῦ
860 2087 929 2122 Προ-

141 2134 252 2169 δρόμου,
268 2134 315 2160 τοῦ
338 2134 425 2169 Ἰησοῦ
443 2133 574 2170 Χριστοῦ,
585 2133 637 2168 τῆς
653 2133 733 2167 ἁγίας
746 2133 867 2168 Μαρίας,
878 2133 928 2167 τῆς

142 2178 224 2212 ἁγίας
244 2179 342 2213 ’Δννης
353 2179 404 2213 τῆς
418 2178 522 2214 μητρὸς
537 2179 635 2213 αὐτῆς,
648 2177 696 2204 τοῦ
719 2177 858 2212 Ἰωακείμ,
872 2177 929 2204 τῶν

142 2224 231 2257 ἁγίων
255 2224 422 2257 ἀποστόλων,
441 2224 591 2259 ἐξαιρέτως
617 2223 739 2258 Σίμωνος
753 2224 859 2259 Πέτρου
880 2222 928 2251 τοῦ

143 2271 215 2297 κατὰ
226 2270 276 2305 τὴν
289 2269 338 2305 σὴν
358 2270 480 2304 γλῶτταν
496 2270 616 2306 Σεμεοῦν
629 2270 716 2305 Σαφᾶ.
733 2267 819 2306 Εὗρον
834 2268 881 2297 οὖν
898 2270 928 2297 τὺ
944 2259 966 2287 D

143 2315 294 2350 Κουράνιόν
308 2324 355 2341 σου
365 2316 508 2350 ἀληθεύειν
519 2317 566 2343 καὶ
583 2316 758 2351 ψευδόμενον.
774 2316 828 2343 Καὶ
840 2318 856 2352 ἡ
878 2317 929 2352 μὲν

144 2360 268 2396 ἀλήθεια,
286 2361 340 2388 ἀπὸ
349 2361 396 2395 τῆς
410 2361 584 2393 διδασκαλίας
598 2361 645 2388 τοῦ
670 2363 786 2398 Παχυρᾶ
804 2362 873 2397 πρὸς
883 2363 929 2389 τὸν

143 2406 302 2440 Μουχάμετ.
329 2406 366 2432 Τὸ
389 2406 418 2432 δὲ
437 2406 536 2441 ψεῦδος
567 2406 620 2433 ἀπὸ
651 2407 702 2442 τῆς
735 2407 844 2442 γραφῆς
882 2406 929 2434 τοῦ

149 2450 282 2486 ὀθμάνη.
301 2450 349 2477 Ἐκ
362 2451 464 2477 τοῦτων
479 2450 527 2478 οὖν
546 2451 727 2487 γινώσκομεν,
744 2452 786 2478 ὃτι
801 2452 817 2487 ἡ
834 2453 927 2487 γραφή

145 2505 194 2524 σου
208 2497 258 2523 οὐκ
271 2496 399 2531 ἐπέμφθη
414 2497 446 2522 ὲκ
469 2497 517 2523 τοῦ
536 2497 662 2532 οὐρανοῦ,
678 2498 722 2525 διὰ
747 2498 777 2524 τὸ
795 2498 861 2525 ποτὲ
878 2498 928 2533 μὲν

145 2543 299 2577 ἀληθεύειν,
314 2542 379 2568 ποτε
398 2542 426 2568 δὲ
438 2542 595 2576 ψεύδεσθαι.
609 2543 664 2570 Καὶ
678 2544 731 2570 ἀπὶ
757 2545 861 2571 τούτων
876 2544 931 2571 τῶν

146 2588 269 2623 σημείων
295 2587 557 2623 πληροφορούμεθα,
581 2589 622 2615 ὅτι
646 2588 709 2616 οὔτε
734 2591 879 2626 προφήτης
897 2588 932 2626 ἦν

144 2633 208 2661 οὔτε
223 2633 380 2664 ἀπόστολος.
398 2633 494 2665 ’Ἄλλος
510 2633 585 2660 ἐστὶν
604 2634 765 2667 ἀπόστολος,
780 2637 828 2662 καὶ
851 2636 933 2667 ἄλλος

145 2680 301 2716 προφήτης.
319 2679 382 2711 Πῶς
406 2679 472 2713 γοῦν
498 2680 573 2707 ἐστιν
599 2681 613 2707 ό
641 2680 688 2712 σος
715 2681 864 2716 Μουχὰμετ
886 2682 933 2708 καὶ

146 2727 302 2761 προφήτης.
313 2724 359 2751 καὶ
374 2724 541 2757 ἀπόστολος
555 2725 640 2752 Ὅταν
652 2725 707 2753 ἀπὸ
722 2726 880 2758 Βαϐυλῶνός
891 2735 933 2758 τις

147 2773 258 2808 ἔρχεται
287 2771 356 2805 πρὸς
380 2770 427 2797 τὸν
462 2770 612 2797 Σουλτανὸν
630 2771 669 2803 ὡς
695 2772 931 2807 γραμματοφόρον

147 2817 230 2844 tat-31w
243 2816 413 2847 καλέσουσιν,
433 2815 450 2851 ἢ
464 2816 625 2851 προφήτηνς
658 2817 723 2842 Ὅτε
734 2816 763 2842 δὲ
774 2816 882 2843 ἵσταταί
891 2825 933 2849 τις

147 2864 178 2889 ἐν
195 2861 269 2897 μέσῳ
286 2861 364 2896 ὄχλου
381 2861 492 2893 πολλοῦ,
505 2862 552 2888 καὶ
567 2861 735 2897 προφητεύει
752 2861 800 2888 καὶ
819 2861 934 2889 δεικνύει

149 2909 252 2945 σημεῖα
275 2909 322 2937 καὶ
343 2908 455 2944 τέρατα,
468 2908 495 2934 τί
525 2908 663 2944 ὲροῦμεν;
683 2908 736 2935 Ἴδε
752 2907 802 2944 τὴν
826 2916 934 2944 προφηε

976 1630 1104 1658 stimonio
1116 1628 1220 1658 afﬁrmo
1235 1641 1242 1665 ;
1259 1632 1304 1659 sed
1323 1632 1374 1667 ipsi
1399 1632 1517 1660 Chaldmi
1541 1634 1586 1668 qui
1614 1635 1669 1662 illic
1681 1639 1760 1663 erant

976 1674 1029 1702 hoc
1042 1675 1073 1702 de
1087 1675 1132 1703 illo
1144 1676 1332 1708 testiﬁcantur.
1345 1682 1373 1705 et
1383 1685 1432 1705 nos
1457 1678 1505 1713 ipsi
1534 1679 1689 1706 didicimus.
1706 1679 1759 1708 Sed

976 1726 1084 1747 asseres
1098 1728 1147 1748 nos
1166 1721 1274 1748 mentiri
1292 1723 1360 1749 :sed
1375 1723 1397 1749 si
1415 1730 1468 1750 non
1486 1731 1549 1750 vera
1569 1724 1697 1757 dicimus.
1714 1732 1760 1752 os-

978 1763 1058 1791 tende
1074 1764 1153 1792 nobis
1170 1765 1240 1793 illius
1253 1766 1433 1801 prophetiam,
1448 1773 1476 1795 et
1494 1768 1538 1796 die
1553 1769 1630 1797 nobis
1645 1770 1689 1797 ubi
1704 1770 1761 1797 sint

977 1809 1076 1843 scripta
1092 1810 1165 1838 illitts
1179 1811 1318 1839 vaticinia.
1337 1811 1424 1840 Tuum
1442 1814 1515 1841 enim
1532 1814 1668 1842 Coranum
1696 1815 1760 1852 legi,

977 1860 1005 1883 et
1019 1855 1117 1883 nullam
1137 1856 1163 1883 in
1182 1857 1227 1883 illo
1241 1857 1331 1885 inveni
1357 1858 1552 1888 Muhammedis
1579 1862 1760 1896 prophetiam,

977 1902 1023 1928 sed
1040 1907 1144 1929 tantum
1159 1902 1255 1930 breves
1268 1904 1397 1938 quasdam
1427 1906 1554 1933 homilias
1580 1912 1607 1934 et
1621 1914 1762 1936 sermones

978 1946 1010 1972 de
1018 1946 1171 1978 Adamo,'de
1182 1947 1247 1980 Eva,
1257 1949 1290 1976 de
1301 1948 1378 1980 Seth.
1391 1950 1425 1976 de
1435 1950 1600 1984 Abrahamo,
1612 1952 1645 1979 de
1658 1952 1760 1985 lsaaoo.

979 1991 1012 2018 de
1027 1990 1138 2025 Jacobo,
1155 1993 1187 2020 de
1199 1993 1265 2025 Noe.
1293 1994 1327 2021 de
1356 1994 1417 2027 Lot,
1434 1996 1468 2023 de
1485 1995 1564 2029 Jona,
1581 1998 1614 2024 de
1628 1997 1712 2030 Mose.
1729 2000 1764 2026 de

977 2036 1081 2069 Aaron,
1094 2037 1128 2065 de
1139 2036 1202 2065 Jesu
1213 2038 1267 2066 lilio
1277 2038 1360 2071 Nave,
1375 2040 1409 2067 de
1420 2039 1577 2074 Salomone,
1588 2043 1621 2069 de
1630 2041 1762 2078 Josepho.

978 2080 1013 2108 de
1031 2081 1152 2114 Euocho,
1169 2083 1202 2109 de
1218 2082 1286 2115 Elia,
1305 2083 1338 2110 de
1351 2083 1503 2116 Ezechiele.
1520 2086 1553 2112 de
1570 2085 1714 2119 Zacharia,
1730 2089 1764 2116 de

979 2126 1084 2155 Joanne
1096 2127 1279 2161 Prwcnrsore,
1293 2130 1326 2156 de
1337 2128 1400 2157 Jesu
1412 2129 1534 2162 Christo,
1551 2131 1584 2159 de
1601 2137 1694 2160 sancta
1708 2132 1765 2160 Ma-

979 2175 1030 2207 ria,
1051 2175 1084 2201 de
1097 2179 1190 2201 sancta
1214 2175 1291 2202 Anna
1305 2175 1377 2203 illius
1390 2181 1485 2209 matre,
1509 2177 1544 2205 de
1564 2177 1716 2212 Joachimo,
1730 2180 1765 2207 de

979 2219 1080 2247 sanctis
1089 2218 1230 2254 apostolis,
1242 2221 1376 2255 praecipue
1386 2221 1418 2249 de
1430 2221 1540 2250 Simone
1551 2221 1641 2255 Petro,
1652 2224 1699 2258 qui
1714 2224 1765 2251 lin-

979 2272 1032 2299 gua
1045 2270 1089 2292 tua
1102 2265 1202 2292 dicitur
1220 2265 1328 2293 Simeon
1348 2266 1451 2301 Sapha.
1469 2267 1560 2295 Inveni
1580 2268 1662 2295 etiam
1689 2273 1764 2296 tuum

981 2309 1115 2338 Coranum
1129 2319 1193 2338 vera
1209 2316 1238 2339 et
1259 2311 1325 2340 falsa
1350 2312 1450 2340 dicere.
1468 2312 1576 2341 Veritas
1602 2319 1661 2342 orta
1675 2320 1717 2342 est
1730 2323 1766 2342 ex

980 2357 1102 2385 doctrina
1114 2365 1193 2392 quam
1210 2357 1352 2386 Muhamed
1368 2358 1461 2386 habuit
1473 2366 1488 2386 a
1505 2359 1643 2393 Pachura,
1656 2361 1766 2389 menda-

981 2404 1052 2431 cium
1072 2411 1137 2432 vero
1149 2408 1176 2431 et
1190 2403 1295 2432 falsitas
1313 2404 1392 2432 ﬂuxit
1403 2412 1436 2432 ex
1450 2406 1559 2438 scriptis
1571 2406 1708 2434 Othmani.
1727 2407 1766 2435 Ex

981 2450 1078 2484 quibus
1092 2450 1279 2484 cognoscimus
1309 2451 1405 2478 librtttn
1420 2456 1495 2479 tuum
1512 2459 1544 2480 ex
1569 2453 1638 2479 coelo
1654 2454 1765 2481 missum

982 2503 1034 2522 non
1061 2495 1154 2527 fuisse,
1167 2496 1231 2530 quia
1246 2496 1393 2529 aliquando
1409 2497 1549 2524 veritatem
1568 2497 1668 2532 profert
1681 2503 1708 2525 et
1718 2498 1767 2525 ali-

982 2541 1091 2574 quando
1113 2541 1264 2568 mendacia.
1288 2541 1322 2568 Et
1338 2540 1390 2569 ista
1405 2547 1566 2576 argumenta
1584 2550 1632 2569 nos
1656 2550 1767 2577 promus

982 2587 1145 2621 persuadent
1157 2586 1372 2615 Multatnmedem
1388 2595 1438 2615 nec
1453 2588 1614 2622 apostolum,
1625 2597 1674 2617 nec
1685 2590 1769 2617 fuisse

982 2633 1152 2666 prophetam.
1177 2632 1253 2660 Alius
1270 2638 1312 2660 cst
1326 2633 1554 2668 enim,propheta,
1575 2634 1643 2661 alius
1658 2639 1768 2668 aposto-

982 2677 1033 2705 lus.
1048 2678 1187 2711 Quomodo
1199 2686 1263 2714 ergo
1283 2683 1346 2706 tuus
1362 2679 1530 2707 Mnhammed
1545 2684 1618 2707 esset
1637 2681 1767 2714 propheta

982 2729 1011 2751 et
1024 2724 1173 2758 apostolus.
1187 2723 1252 2750 Cum
1282 2724 1380 2759 aliquis
1394 2724 1528 2760 Babylone
1542 2725 1616 2752 venit
1631 2726 1663 2751 ad
1678 2725 1768 2752 Sulla-

984 2778 1047 2797 num
1075 2777 1136 2797 cum
1158 2769 1267 2802 litteris,
1278 2777 1312 2796 an
1332 2770 1406 2797 illum
1429 2771 1599 2798 tabellarium
1612 2775 1711 2798 vocant
1733 2779 1768 2800 an

984 2815 1161 2851 prophetam?
1172 2815 1237 2842 Cum
1245 2823 1309 2843 vero
1321 2816 1418 2851 aliquis
1434 2821 1486 2843 stat
1495 2816 1592 2844 nllcuhi
1606 2824 1701 2852 magna
1717 2817 1768 2845 ho-

986 2861 1087 2888 minnm
1094 2860 1276 2889 circumdatus
1289 2865 1443 2894 caterva,et
1460 2862 1630 2895 vaticinatur,
1645 2867 1673 2890 ct
1692 2862 1769 2897 signa

986 2910 1014 2934 et
1038 2905 1166 2934 miracula
1180 2911 1269 2941 patrat
1283 2911 1311 2934 ct
1325 2907 1453 2941 ostendit,
1469 2908 1533 2942 quid
1552 2908 1687 2936 dicimus?
1702 2908 1770 2938 Vide
