1932 3067
208 193 271 226 i391

767 189 1049 220 BARTHOLOM/EI
1068 188 1253 219 EDESSENI

1754 182 1822 214 13M

206 248 376 284 prophetiam
390 247 526 284 prophetae
535 247 613 282 lmjus
628 246 667 273 vel
678 245 844 280 prophetiam
852 245 986 279 apostoli!

1045 244 1112 271 τειαν
1132 243 1179 270 τοῦ
1204 242 1344 278 προφήτου
1365 241 1461 268 τούτου
1482 240 1563 276 ἢτὴν
1579 241 1749 276 προφητείαν
1775 240 1822 266 τοῦ

206 294 331 322 Profecto
358 293 493 328 apostolus
515 292 624 319 omnino
652 292 740 326 prodit
766 298 797 318 se
824 289 986 325 apostolum,

205 340 335 375 propheta
350 346 415 366 vero
431 346 464 366 ex
483 337 623 372 prophetia
638 344 697 368 sua.
709 336 792 370 signis
814 341 841 362 et
871 335 986 362 miracu-

207 385 240 411 lis
265 391 294 411 se
326 383 541 418 cognoscendum
566 381 677 416 praebet.
690 381 723 408 Et
750 388 798 408 nos
827 379 906 407 talem
937 386 987 414 pro

207 429 335 463 propheta
352 428 493 458 habemus,
514 426 558 460 qtti
576 425 667 452 futura
683 430 776 452 narrat
789 430 816 452 et
840 424 986 459 przcterita,

205 479 233 500 et
245 474 288 508 qui
309 473 393 508 signis
408 477 436 500 et
449 471 587 500 miraculis
601 478 630 499 se
642 471 814 506 conspicuum
829 471 925 497 reddit.
940 470 987 496 llis

206 526 271 546 vero
299 519 387 547 simile
422 519 486 553 quid
510 525 564 545 non
595 518 719 544 novimus
736 517 761 543 in
787 515 986 549 Muhammede,

206 568 237 590 ut
252 564 390 598 prophetae
401 567 427 589 et
451 562 565 597 apostoli
578 561 868 596 nomineinsigniatur.
881 560 909 587 Si
923 568 987 588 vero

207 614 235 635 tu
251 608 309 642 ipse
327 608 408 638 nosti.
423 607 491 634 velis
506 611 533 634 et
549 607 618 634 istud
636 606 800 641 signiﬁcare,
814 605 871 639 ipse
889 605 987 639 quippe

206 661 256 688 ego
270 660 322 680 non
335 653 407 680 novi.
424 653 452 680 Si
477 660 539 680 vero
561 657 588 679 tu
604 651 685 684 nosti,
706 651 820 678 ostende
836 650 910 684 mihi,
942 651 986 678 ubi

206 703 233 726 et
245 699 271 725 in
284 706 338 733 quo
351 699 419 726 libro
433 697 505 725 istud
518 696 649 732 scriptum
684 696 864 724 contineatur.
885 694 986 722 Omnes

207 742 306 777 quippe
322 742 404 769 libros
415 745 520 769 vestros
537 741 640 768 versavi
659 745 685 767 et
700 740 796 773 evolvi,
813 740 860 767 sed
880 740 948 766 nihil
960 737 985 766 in

207 787 261 814 illis
276 787 341 815 utile
367 787 468 819 inveni,
483 786 537 814 imo
557 793 665 821 prorsus
686 786 777 813 omnia
803 785 943 813 cachinnis
959 790 987 813 et

207 832 321 860 ludibrio
332 832 422 867 digna.
437 831 576 866 Pra‘cipue
591 831 620 858 id
629 831 700 866 quod
714 831 813 858 dicitur
827 830 854 858 in
866 830 986 862 Corano,

207 875 421 904 lahummedem
431 876 534 904 scilicet
546 876 680 904 exstitisse
690 879 751 902 ante
765 875 875 904 saecula.
884 875 919 902 At
927 883 988 902 cum

207 929 222 949 a
239 921 315 949 vobis
331 922 461 956 quaeritur
479 922 588 949 ubinam
609 921 754 954 existebat,
767 922 935 956 respondetis
958 921 988 948 il-
1004 912 1025 939 Β

207 967 262 994 inm
277 967 349 994 inter
365 967 449 994 lutum
467 969 494 994 e‘t
509 974 605 1002 aquam
619 966 781 994 occultatum
800 965 894 994 fuisse.
921 959 1010 999 Quis”

207 1019 316 1046 vero,‘o
332 1013 466 1048 Agarene.
480 1018 524 1040 est
540 1013 638 1048 impius
666 1016 694 1039 tu
721 1018 767 1040 aut
791 1014 861 1047 ego?
876 1014 990 1041 Ubinam

207 1057 334 1084 didicisti
349 1063 412 1085 ante
424 1057 551 1085 sa‘culum
566 1058 769 1091 aquam‘l‘uisse,
784 1063 830 1086 aut
845 1059 928 1086 ltttum
944 1067 990 1087 ex-

208 1100 328 1128 stitisse?
342 1101 446 1128 Rursus
457 1108 542 1135 quare
568 1109 621 1128 non
635 1106 637 1108 '
651 1102 789 1130 erubesois
807 1111 867 1130 cum
889 1105 989 1132 asseris

207 1146 280 1174 circa
299 1146 424 1174 thronum
441 1147 488 1174 Dei
505 1148 634 1182 scriptum
654 1147 737 1175 fuisse
752 1155 850 1176 nomen
866 1149 988 1177 Multam-

209 1193 306 1220 medis.
319 1192 373 1220 Sed
382 1193 426 1220 ubi
442 1197 501 1220 erat
512 1197 574 1220 tuus
585 1193 766 1225 Multammed,
781 1201 842 1221 cum
860 1194 930 1222 Deus
946 1203 989 1222 es-

208 1242 260 1270 set,
279 1243 338 1265 erat
360 1242 387 1264 et
410 1237 523 1264 thronus
546 1237 614 1273 ejus.
634 1237 761 1265 Thronus
788 1246 851 1266 vero
876 1238 923 1266 Dei
947 1246 990 1267 est

209 1283 306 1311 celum
328 1288 356 1310 et
374 1287 456 1316 terra,
470 1289 566 1310 nomen
579 1290 643 1310 vero
659 1283 855 1311 Multammedis
869 1285 990 1313 continet

1037 288 1196 315 ἀποστόλου.
1212 287 1322 318 Πάντως
1333 286 1348 311 ό
1360 286 1509 317 ἀπόστολος
1525 285 1649 319 φαίνεται
1663 284 1823 316 ἀπόστολος.

1043 335 1072 362 '0
1091 335 1119 361 δὲ
1145 335 1288 370 προφήτης
1304 334 1337 360 ὲκ
1357 333 1408 367 τῆς
1423 332 1590 368 προφητείας
1604 331 1687 358 αὐτοῦ
1702 331 1749 358 καὶ
1767 331 1824 358 τῶν

1039 380 1170 415 σημείων,
1189 380 1237 406 καὶ
1249 380 1303 406 τῶν
1314 379 1446 414 τεράτων.
1463 379 1519 405 Kal.
1532 378 1614 413 ἡμεῖς
1628 378 1675 404 τὸν
1698 377 1823 404 τοιοῦτον

1038 425 1181 460 προφήτην
1205 425 1304 460 ἔχομεν
1327 425 1372 450 τὸν
1385 424 1499 458 λέγοντα
1515 424 1549 450 τὰ
1563 423 1703 458 μέλλοντα,
1713 423 1761 449 καὶ
1788 422 1823 448 τὰ

1037 470 1232 505 προγεγονότα,
1248 470 1296 496 καὶ
1321 469 1478 496 δεικνύοντα
1502 470 1604 503 σημεῖα
1630 469 1679 495 καὶ
1704 468 1821 503 τέρατα,

1039 515 1087 549 ἀφ’
1099 513 1136 542 ὧν
1150 516 1199 542 οὐκ
1221 515 1343 550 ἔγνωμεν
1357 524 1383 542 τι
1398 515 1438 546 εις
1453 514 1499 541 τὸν
1516 514 1676 549 Μουχάμετ,
1691 513 1736 540 ἰνα
1754 521 1823 548 προ-

1039 562 1128 596 φήτην
1152 561 1292 596 καλοῖμεν,
1314 560 1331 596 ἢ
1361 560 1520 587 ἀπόστολον.
1541 560 1573 587 Et
1594 559 1646 594 μὲν
1667 560 1700 585 σὺ
1727 557 1822 590 οἶδα-ς,

1039 607 1152 642 φράσον.
1171 607 1242 641 Ἐγὼ
1264 607 1293 633 δὲ
1320 607 1371 633 οὐκ
1391 605 1471 633 εἶδον.
1489 606 1545 632 Kal.
1575 605 1622 632 ἑὰν
1637 603 1722 637 οἶδας,
1737 604 1823 636 δεῖξόν

1041 660 1087 687 μοι
1106 652 1196 684 τοῦτο,
1222 651 1293 685 ποῦ,
1312 652 1360 678 καὶ
1387 652 1417 679 ἐν
1441 651 1510 686 ποίῳ
1537 650 1631 686 βιϐλίῳ
1656 651 1823 684 γέγραπται.

1040 697 1132 723 Πάντα
1161 696 1216 731 γὰρ
1238 696 1274 722 τὰ
1301 695 1423 731 ὑμέτερα
1445 695 1536 729 βιϐλία
1555 693 1674 730 διῆλθον.
1695 695 1749 721 Καὶ
1774 695 1826 729 οὐχ

1039 738 1197 776 εὗρονοὺδέν
1207 750 1233 768 τι
1246 741 1373 776 χρηστὸν,
1382 742 1407 767 ει
1421 741 1458 776 μὴ
1473 740 1507 767 τὰ
1519 740 1608 767 πάντα.
1618 740 1736 774 γέλωτος
1750 740 1824 773 ἀξια.

1046 787 1218 822 Ἐξαιρέτως,
1234 786 1275 813 ὅτι
1290 786 1384 820 λέγετε
1397 787 1437 818 εις
1451 786 1482 813 τὺ
1497 785 1659 822 Κουράνιον,
1669 786 1711 812 ὅτι
1726 786 1740 811 ὁ
1751 786 1826 812 Μου-

1039 833 1127 868 χάμετ
1156 832 1234 867 ὑμῶν
1250 832 1304 868 πρὸ
1327 833 1382 859 τῶν
1410 832 1518 859 αἰώνων
1531 832 1665 866 manu.
1680 831 1736 858 Καὶ
1761 831 1827 857 ὅταν

1040 878 1181 914 ἐρωτᾶσθαι
1197 877 1250 904 ποῦ
1266 878 1399 913 ὑπῆρχεν,
1415 878 1494 911 φατὲ,
1505 876 1548 903 ὅτι
1563 870 1718 911 ἀναμετάξὺ
1739 875 1828 910 τι-ηλοῦ

1039 923 1088 950 καὶ
1102 923 1195 954 ὕδατος
1211 923 1376 958 ἐκέκρυπτο.
1388 922 1436 954 Τίς
1457 921 1521 956 γοῦν
1532 921 1645 957 ἀσεὸὴς,
1679 921 1828 956 ’Δγαρηνὲ,

1040 969 1083 1000 σὺ,
1098 968 1115 1003 ἢ
1131 967 1204 1002 syth;
1217 968 1272 1003 Πρδ
1283 967 1390 995 αἰώνων
1409 967 1460 994 ποῦ
1477 967 1578 1002 ἔμαθες
1600 966 1697 1001 πηλὸν,
1709 967 1726 1001 ἢ
1755 967 1830 1002 ὕδωρ

1040 1013 1125 1046 εἴναι;
1141 1014 1227 1040 Πάλιν
1239 1013 1268 1040 δὲ
1282 1013 1341 1045 πῶς
1353 1013 1404 1040 οὐκ
1419 1013 1559 1048 ἐρυθριᾷς,
1575 1013 1663 1047 λέγων
1673 1013 1715 1038 ὅτι
1726 1011 1830 1046 1179a-

1040 1059 1242 1094 πταιγύρωθεν
1262 1059 1309 1086 τοῦ
1327 1059 1422 1094 θρόνου
1442 1059 1471 1085 τὸ
1483 1059 1569 1093 ὂνομα
1590 1057 1638 1084 τοῦ
1667 1058 1830 1092 Μουχὰμετ.

1042 1104 1098 1131 Kal.
1110 1105 1161 1132 ποῦ
1177 1102 1211 1140 ἦν
1224 1106 1237 1131 ό
1255 1105 1415 1139 Μουχάμετ,
1430 1104 1496 1130 ὅταν
1514 1104 1529 1130 ὁ
1548 1103 1623 1135 Θεὸς,
1641 1103 1690 1130 καὶ
1703 1103 1718 1129 ὁ
1733 1102 1832 1138 θρόνος

1038 1149 1122 1177 αὑτοῦ
1147 1148 1182 1185 ἦν
1199 1159 1207 1183 ;
1225 1150 1255 1177 '0
1272 1150 1365 1185 θρόνος
1391 1150 1439 1176 τοῦ
1460 1149 1528 1176 Θεοῦ
1554 1150 1569 1176 ό
1593 1149 1720 1185 οὐρανὸς,
1741 1149 1760 1184 ἡ
1781 1148 1830 1182 γῆ,

1039 1197 1086 1222 καὶ
1100 1197 1129 1222 τὸ
1143 1196 1229 1231 ὄνομα
1240 1196 1286 1223 τοῦ
1301 1197 1451 1231 Μουχάμετ
1475 1195 1655 1230 τρισύλλαὸόν
1677 1196 1746 1221 ἐστι.
1771 1195 1829 1221 Kal.

1042 1241 1102 1272 πῶς
1116 1241 1240 1276 γύρωθεν
1264 1241 1490 1276 καταγέγραπται
1503 1239 1550 1266 τοῦ
1566 1240 1662 1275 θρόνου
1680 1239 1728 1266 τοῦ
1742 1238 1811 1266 Θεοῦ
1823 1246 1831 1270 ;

1047 1286 1230 1322 Περιεγράψω
1244 1287 1282 1323 τῷ
1293 1287 1370 1321 Θεῷ;
1386 1286 1454 1313 ἀλλὰ
1473 1286 1655 1321 πεπλάνησαι.

210 1335 314 1357 tantum
342 1334 398 1358 tres
415 1329 540 1365 syllabas.
557 1330 696 1363 Quomodo
718 1337 782 1365 ergo
793 1331 866 1359 circa
896 1327 1101 1367 amplitudinem
1135 1334 1215 1361 istius
1250 1334 1341 1361 throni
1370 1332 1557 1361 circumscribi
1572 1335 1731 1366 potuerunt.
1748 1330 1830 1358 Dices

210 1375 266 1403 Deo
280 1376 501 1410 circumscriptas
512 1375 606 1409 fuisse,
623 1376 670 1403 sed
683 1375 795 1404 falleris.

246 1423 345 1450 lterum
362 1423 430 1450 dicis
443 1423 513 1457 quod
525 1422 698 1450 Muhammed
723 1426 805 1450 unum
831 1431 908 1450 suum
931 1431 992 1459 pro‘

211 1467 302 1495 fanum
327 1469 420 1503 pedem
452 1468 666 1503 Hierosolymam
681 1475 765 1502 usque
776 1469 939 1502 extenderil,
955 1469 994 1496 al-

212 1519 269 1540 tero
285 1520 349 1540 vero
360 1520 419 1540 ettm
436 1513 571 1540 sandaliis
594 1513 671 1548 ipsis,
685 1513 831 1540 calcaverit
842 1513 926 1540 ccelos
941 1513 994 1540 Deo

1081 1426 1136 1452 Kal.
1152 1425 1234 1453 πάλιν
1249 1425 1349 1460 λέγεις,
1363 1427 1404 1452 ὅτι
1433 1426 1448 1452 ό
1471 1406 1620 1460 Μουχάμετ
1648 1423 1760 1458 ἥπλωσε
1786 1423 1834 1450 τδν

1046 1471 1095 1498 ἕνα
1110 1470 1222 1507 βέβηλον
1246 1471 1316 1498 πόδα
1339 1470 1423 1498 αὑτοῦ
1435 1472 1464 1498 ἐν
1484 1472 1541 1502 τοῖς
1560 1469 1768 1505 Ἱεροσολύμοις,
1784 1468 1834 1494 καὶ

1047 1517 1093 1543 τὸν
1111 1517 1203 1553 ἕτερον
1229 1517 1298 1543 πόδα
1309 1516 1424 1550 ἀνῆλθεν
1446 1515 1492 1543 τοῦ
1508 1515 1624 1551 οὐρινοῦ
1643 1514 1759 1549 πλησίον
1783 1514 1832 1540 τοῦ

211 1559 358 1592 proximus,
373 1563 400 1585 et
410 1562 465 1585 tam
482 1558 621 1593 proximus
639 1559 672 1585 ad
687 1558 756 1585 latus
777 1557 894 1591 sederet,
915 1565 993 1592 quam

1047 1562 1115 1589 8εοῦ
1131 1564 1179 1589 σὺν
1192 1564 1248 1594 τοῖς
1265 1562 1419 1594 σανδαλεοις
1438 1562 1533 1589 αὐτοῦ.
1555 1561 1610 1588 Kal.
1620 1560 1748 1587 τοσοῦτον
1762 1560 1834 1594 πλη-

212 1603 362 1636 proximum
379 1608 420 1630 est
433 1603 579 1637 supercilio
590 1602 777 1637 supercilium,
793 1610 854 1630 cum
881 1602 936 1630 Deo
961 1602 994 1629 li-

213 1649 279 1676 bere
307 1653 526 1681 conversaretur,
559 1648 697 1683 Deumque
731 1648 897 1683 cognoverit,
924 1647 996 1676 sicut

215 1694 285 1722 Deus
296 1694 371 1722 illum
383 1694 526 1730 cognovit;
540 1694 593 1721 hoc
608 1694 679 1721 enim
693 1693 744 1729 legi
755 1694 780 1720 in
790 1693 923 1721 Alcorano
939 1697 993 1720 tuo.

211 1739 279 1767 Cum
294 1747 358 1775 ergo
375 1739 441 1767 talcs
466 1739 574 1774 ineptiae
602 1739 628 1766 in
645 1744 690 1766 tuo
707 1736 814 1766 Corano
829 1739 991 1766 continean-

214 1792 268 1818 tur,
288 1786 422 1819 quomodo
437 1791 514 1820 potes
527 1792 650 1812 asserere
676 1785 750 1812 illum
762 1792 777 1812 e
792 1785 860 1812 caelo
883 1785 994 1812 missum

213 1836 242 1858 et
257 1831 396 1865 delapsum
409 1830 503 1858 fuisse.
520 1830 572 1857 Sed
588 1829 609 1858 si
629 1830 737 1864 jactetis
751 1829 964 1857 Multatnmedem
980 1837 996 1856 e

214 1877 285 1904 caelo
300 1877 472 1904 descendisse
483 1881 625 1910 postquam
637 1883 697 1903 cum
717 1875 770 1902 Deo
787 1875 881 1903 [uisset
904 1874 996 1902 confa-

215 1922 332 1955 hulatus,
346 1926 373 1949 et
389 1922 474 1949 adhuc
495 1921 642 1949 ferventem
663 1926 691 1949 et
715 1922 827 1948 calidam
859 1922 996 1949 invenisse

214 1975 290 1995 suam
318 1967 477 2002 stragulam,
511 1975 525 1993 a
555 1974 597 1994 me
617 1975 681 1995 vero
703 1967 858 1994 Christiano
886 1972 996 2002 rogatus

214 2020 294 2047 queui
306 2012 384 2039 istius
411 2012 509 2047 negotii
531 2017 626 2039 testem
652 2013 800 2045 producere
821 2017 906 2046 potes,
924 2012 997 2038 dices

214 2058 299 2086 solam
313 2057 463 2085 Phatimam
478 2056 673 2085 Muhammedis
697 2056 779 2084 ﬁliam
795 2057 846 2084 hoc
875 2057 996 2083 testimo-

216 2105 260 2133 Itio
272 2112 321 2132 suo
336 2104 522 2139 cetnprobare.
543 2104 610 2131 Cum
625 2111 688 2131 vero
715 2104 784 2137 apud
812 2111 860 2130 vos
897 2101 995 2129 femina

216 2151 334 2186 legitime
362 2155 387 2176 et
409 2149 483 2183 juslc
508 2149 679 2175 matrimonio
706 2149 800 2183 juncta
830 2147 996 2179 declaratur,

217 2197 359 2224 duodecim
375 2196 462 2223 solent
474 2194 594 2221 adhiberi
622 2199 713 2226 testes.
726 2194 770 2221 hic
785 2199 874 2221 autent
894 2194 996 2221 nullum

215 2241 342 2277 producis
363 2246 468 2269 testem.
483 2240 530 2267 sed
560 2244 663 2268 tantum
691 2240 774 2267 solam
801 2239 999 2267 llluliatnmedis
1015 2230 1036 2258 Ῐ)

216 2287 310 2315 illlam.
327 2286 550 2321 Quandoquidem
568 2294 632 2321 ergo
660 2286 685 2313 in
704 2287 865 2314 ascensione
889 2293 936 2312 sua
950 2286 1000 2312 iuit

216 2334 274 2361 sitte
290 2334 413 2364 testibus,
430 2333 564 2366 quomodo
579 2332 672 2360 testari
694 2337 770 2366 potes
804 2331 877 2358 illum
905 2339 1001 2358 ascen-

215 2379 290 2406 disse
313 2379 340 2405 in
364 2378 480 2405 mnium?
509 2377 649 2410 Quomodo
675 2377 732 2404 solo
759 2376 890 2404 Pbatimrc
923 2377 1000 2403 testi-

217 2425 308 2452 monio
325 2423 469 2451 conﬁrmas
489 2423 558 2450 illius
571 2422 768 2450 ascensionem.
784 2421 903 2449 Femina:
923 2421 1000 2448 testi-

217 2470 337 2498 monium
350 2474 391 2497 est
407 2470 465 2497 sine
479 2470 501 2496 vi
528 2474 554 2496 ct
570 2469 667 2496 robore
681 2468 714 2495 ad
739 2467 817 2495 ﬁdem
838 2469 1001 2502 ingeneran-

217 2516 290 2542 tlam.
307 2513 393 2542 Noctu
421 2520 485 2547 ergo
515 2518 541 2540 et
560 2513 630 2540 clam
647 2513 768 2540 ascendit
795 2513 821 2540 in
847 2513 956 2544 coelum,
974 2517 1001 2538 et

215 2559 446 2587 descenditnullis
465 2558 592 2586 adhibitis
608 2558 731 2585 testibus.
745 2557 778 2585 Et
794 2566 856 2585 vera
872 2563 914 2584 est
929 2557 1000 2584 illius

217 2605 352 2637 ascensio,
375 2604 446 2631 sicut
473 2603 542 2630 illius
572 2603 724 2639 prophetia.
743 2603 795 2630 Sed
824 2603 866 2631 ilic
883 2603 948 2631 mihi
966 2611 1001 2630 an

218 2655 282 2678 ante
296 2650 337 2677 vel
360 2655 420 2685 post
443 2657 584 2676 ascensum
609 2656 720 2676 uxorem
740 2650 816 2677 duxit
830 2655 856 2676 et
887 2650 1002 2676 habuit?

216 2698 308 2731 Quare
323 2703 375 2723 non
390 2701 415 2722 te
429 2696 500 2723 subit
514 2694 620 2729 pudor?
636 2695 669 2722 Et
681 2703 773 2722 rursus
790 2696 924 2729 qumuodo
955 2704 998 2722 as-

217 2743 288 2770 seris
300 2746 428 2775 tanquant
442 2748 474 2768 ex
490 2745 535 2766 tuo
549 2740 736 2774 depromptum
766 2740 913 2773 Alcorauo,
930 2741 1001 2776 quod

218 2788 241 2815 si
252 2786 420 2814 Multammed
437 2792 489 2812 non
503 2784 665 2817 exstitisset,
675 2789 703 2812 et
720 2785 746 2812 ui
775 2786 845 2813 Deus
874 2786 1001 2813 intends-

218 2834 289 2859 simo
306 2838 398 2858 amore
415 2831 490 2858 illum
507 2835 578 2858 esset
596 2836 766 2865 prosccutus,
780 2831 850 2859 Deus
863 2839 999 2866 nunquam

217 2876 384 2904 condidisset
415 2877 550 2910 thronum,
584 2876 704 2911 angelos,
738 2877 848 2910 etclam,
889 2883 999 2911 terram,

1046 1608 1102 1634 σίον
1116 1609 1164 1635 τοῦ
1179 1607 1246 1634 Θεοῦ
1262 1607 1400 1640 ἐκάθισεν,
1421 1608 1458 1639 ὡς
1472 1607 1527 1634 ἀπὸ
1549 1606 1660 1641 ὀφρύος,
1676 1607 1716 1636 εις
1735 1605 1834 1640 ὀφρύν.

1045 1654 1103 1681 Kal.
1127 1655 1271 1689 συνέτυχεν
1290 1653 1330 1689 τῷ
1361 1653 1420 1688 Θεῷ
1451 1652 1758 1687 πεπαρῥησιασμένως,
1788 1651 1836 1677 καὶ

1045 1699 1179 1735 ἐγνώρισε
1193 1700 1239 1726 τὸν
1247 1700 1324 1730 Θεὸν,
1339 1699 1386 1725 καὶ
1398 1699 1412 1724 ὁ
1422 1698 1488 1730 Θεὸς
1501 1698 1594 1729 αὐτὸν,
1608 1697 1700 1727 καθὼς
1711 1696 1837 1728 ἀνέγνων

1046 1745 1086 1776 εἰς
1098 1745 1129 1771 τὺ
1138 1744 1288 1780 Κουράνιόν
1302 1752 1360 1771 σου.
1373 1743 1434 1774 Πῶς
1455 1741 1502 1770 οὖν
1518 1743 1552 1769 τὰ
1573 1741 1687 1769 τοιαῦτα
1709 1741 1837 1776 φλυαρή-

1047 1799 1120 1826 ματα
1144 1790 1214 1825 ἔχων
1228 1790 1257 1816 ὲν
1279 1789 1318 1824 τῷ
1343 1788 1488 1824 Κουρανιῳ
1513 1796 1559 1814 σου
1572 1787 1644 1822 ἔχεις
1669 1786 1751 1814 αὐτὸν
1780 1787 1837 1813 ἀπὺ

1046 1836 1113 1863 Θεοῦ
1142 1835 1370 1870 ἀπεσταλμένον;
1392 1834 1461 1861 ἀλλά
1492 1834 1539 1860 καὶ
1564 1834 1588 1859 ει
1611 1832 1763 1867 καυχᾶσθε,
1795 1833 1837 1858 ὅτι

1047 1881 1201 1916 κατῆλθενὸ
1218 1881 1368 1915 Μουχάμετ
1381 1880 1411 1912 ἐξ
1428 1879 1544 1914 οὐρανοῦ
1562 1880 1631 1914 μετὰ
1649 1879 1680 1905 τὸ
1693 1879 1838 1912 συντυχεῖν

1048 1926 1086 1961 τῷ
1099 1925 1168 1960 Θεῷ,
1183 1925 1231 1951 καὶ
1245 1922 1324 1959 εὗρεν
1335 1924 1376 1952 ἔτι
1391 1925 1505 1957 ζέουσαν
1516 1924 1564 1959 τὴν
1578 1923 1722 1958 στρωμνὴν
1739 1922 1837 1953 αὑτοῦ,

1047 1973 1094 1999 καὶ
1115 1971 1291 2007 ἐρωτώμενος
1303 1971 1367 2007 παρ’
1389 1971 1458 2006 ἐμοῦ
1482 1971 1529 1997 τοῦ
1555 1968 1732 2005 Χριστιανοὶ
1758 1970 1838 1995 ποῖον

1047 2017 1118 2051 ἔχεις
1131 2017 1257 2053 μάρτυρα
1280 2016 1394 2048 τούτου.
1411 2017 1459 2043 καὶ
1481 2016 1582 2050 λέγεις,
1595 2016 1638 2042 ὅτι
1661 2016 1678 2050 ἡ
1707 2014 1837 2048 Θυγάτηρ

1049 2063 1116 2099 μόνη
1132 2063 1179 2089 τοῦ
1191 2063 1340 2098 Μουχάμετ
1363 2063 1380 2098 ὴ
1402 2063 1500 2097 ψάτμα.
1530 2062 1674 2097 μαρτυρεῖ.
1691 2061 1747 2087 Kal.
1771 2062 1838 2087 ὅταν

1049 2109 1098 2142 μὲν
1115 2108 1227 2144 γένηται
1243 2107 1272 2140 ἐξ
1283 2108 1359 2143 ὑμῶν
1374 2110 1492 2142 γυναῖκα
1513 2107 1629 2141 νόμιμον
1655 2106 1749 2141 φέρεις
1767 2107 1839 2140 μάρ-

1047 2161 1130 2187 τυρας
1145 2152 1187 2187 ιβ’.
1204 2153 1260 2179 Kal.
1274 2153 1338 2188 περὶ
1352 2153 1398 2179 τοῦ
1411 2152 1559 2187 Μουχάμετ
1573 2151 1668 2178 οὐδένα.
1675 2151 1748 2185 ἔχεις
1763 2151 1835 2186 μάρ-

1048 2205 1128 2231 τυρα,
1143 2198 1166 2223 εἰ
1188 2197 1224 2232 μὴ
1241 2197 1290 2232 τὴν
1307 2196 1445 2232 θυγατέρα
1459 2196 1543 2223 αὑτοῦ
1561 2196 1656 2231 μόνην.
1677 2195 1754 2222 Ἐπεὶ
1772 2195 1840 2229 γοῦν

1051 2243 1134 2278 χωρὶς
1150 2242 1297 2277 μαρτύρων
1309 2243 1349 2273 εις
1363 2242 1412 2276 τὴν
1427 2241 1521 2268 τούτου
1529 2241 1677 2276 ἀνάληψιν,
1692 2241 1751 2272 πῶς
1768 2249 1841 2276 μαρ-

1050 2289 1141 2323 τυρεῖς
1157 2289 1200 2320 σὺ,
1210 2288 1250 2314 ὅτι
1263 2288 1418 2323 ἀνελήφοη;
1436 2288 1496 2318 Πῶς
1508 2288 1540 2314 ὲκ
1554 2287 1604 2321 τῆς
1619 2286 1774 2322 μαρτυρίας
1789 2287 1841 2321 τῆς

1050 2334 1161 2368 Φατμᾶς
1176 2334 1312 2368 παριστᾷς
1326 2333 1376 2367 τὴν
1387 2333 1481 2359 τούτου
1494 2331 1626 2367 ἀνάληψιν
1639 2339 1646 2364 ;
1665 2332 1800 2362 ’Λπιστος
1821 2332 1841 2366 ἡ

1051 2378 1100 2413 τῆς
1120 2378 1246 2412 γυναικὸς
1268 2378 1418 2413 μαρτυρία.
1436 2379 1491 2405 Καὶ
1519 2378 1626 2409 νυκτὸς,
1641 2377 1689 2403 καὶ
1719 2377 1842 2411 χρυςίος

1050 2426 1133 2460 ἀνέϐη
1147 2426 1186 2456 εἰς
1198 2425 1260 2456 τοὺς
1273 2425 1416 2459 οὐρανοὺς,
1429 2425 1477 2450 καὶ
1491 2423 1594 2458 κατέϐη
1619 2423 1656 2457 μὴ
1670 2423 1747 2457 παρὰ
1761 2431 1841 2454 τινος

1053 2471 1196 2506 γνωσθείς.
1218 2471 1260 2501 Ὠς
1274 2471 1416 2505 ἀληθεύειν
1430 2471 1480 2505 τὴν
1491 2470 1584 2497 τούτου
1594 2469 1739 2504 ἀνάληψιν,
1749 2469 1781 2496 οὗ
1787 2478 1842 2501 τως

1051 2518 1098 2544 καὶ
1110 2519 1148 2549 εἰς
1162 2517 1210 2551 τὴν
1232 2517 1400 2552 προφητείαν
1421 2516 1515 2543 αὑτοῦ.
1528 2515 1618 2547 Δείξόν
1645 2524 1700 2550 μοι,
1719 2515 1774 2549 πρὸ
1790 2515 1842 2541 τοῦ

1052 2563 1248 2598 ἀναληςςθῆναι,
1268 2560 1341 2596 εἶχεν
1366 2563 1491 2596 γυναῖκα,
1512 2561 1528 2596 ἢ
1560 2561 1629 2596 μετὰ
1650 2560 1759 2591 “ﬁta;
1776 2559 1843 2590 Πῶς

1051 2608 1102 2634 οὐκ
1125 2607 1259 2643 αἱσχύνῃ;
1276 2607 1331 2634 Καὶ
1351 2607 1431 2633 πάλιν
1457 2598 1515 2637 πῶς
1539 2605 1640 2638 λέγεις,
1656 2604 1693 2636 ὡς
1708 2603 1763 2630 ἀπὸ
1789 2603 1841 2629 τοῦ

1052 2652 1203 2686 Κουρανίου
1223 2660 1279 2680 σου,
1292 2652 1333 2677 ὅτι
1348 2650 1396 2677 ἐὰν
1418 2650 1468 2676 οὐκ
1485 2648 1518 2684 ἦν
1534 2651 1548 2676 ό
1571 2649 1732 2684 Μουχάμετ,
1748 2648 1795 2674 καὶ
1822 2648 1843 2683 ἠ

1052 2698 1084 2723 ὲκ
1108 2696 1175 2723 Θεοῦ
1200 2696 1302 2731 σφοδρὰ
1325 2697 1420 2730 ἀγάπη
1448 2695 1546 2726 αὐτοῦ,
1563 2694 1625 2720 οὔτε
1651 2694 1756 2728 θρόνος,
1775 2692 1843 2719 οὔτε

1052 2741 1176 2777 ἄγγελος,
1206 2741 1268 2768 οὔτε
1295 2741 1420 2777 οὐρανὸς,
1441 2739 1504 2767 οὗτε
1527 2740 1611 2775 ἥλιος,
1640 2739 1702 2765 οὔτε
1725 2738 1842 2772 σελήνη,

1051 2788 1113 2815 οὒτε
1127 2788 1250 2823 ἀστέρες.
1260 2787 1321 2814 οὕτε
1339 2789 1384 2823 γῆ,
1399 2787 1460 2813 οὔτε
1477 2786 1615 2820 ἄνθρωποι
1630 2785 1744 2820 ἔμελλον
1754 2782 1842 2810 εἷναι.

1053 2831 1227 2868 Παμϐἐΰηλε,
1245 2831 1293 2858 νῦν
1312 2831 1353 2863 τίς
1378 2832 1452 2857 ἐστιν
1468 2830 1569 2864 ἀσεϐὴς
1584 2829 1631 2855 καὶ
1662 2828 1753 2858 ἄθεος,
1771 2826 1843 2860 ἐγὼ.

1053 2878 1069 2914 ἢ
1088 2877 1119 2904 σύ
1135 2877 1202 2910 moi
1214 2879 1227 2904 ό
1242 2877 1403 2912 Μουχὰμετ,
1415 2877 1477 2902 ὅταν
1489 2876 1502 2901 ὁ
1524 2874 1619 2910 θρόνος
1641 2871 1676 2908 ἦν
1687 2872 1735 2900 τοῦ
1757 2871 1843 2903 Θεοό,
