1932 3067
119 179 187 212 1393

694 175 934 206 CONFUTATIO
969 175 1150 206 AGARENI.

1665 172 1732 206 1394

117 225 162 251 καὶ
175 226 189 251 6
199 225 350 260 καθήμενος
366 222 457 249 ἐπάνω
471 220 569 253 αὑτοῦ;
585 219 641 246 Kal
654 219 723 254 μετὰ
737 219 823 246 ταῦτα
835 219 900 246 ὅταν

967 219 1048 250 olom,
1076 219 1180 251 lunam,
1207 218 1309 252 sidera,
1331 225 1382 246 nec
1401 218 1448 245 ulli
1470 213 1594 246 homines
1620 218 1733 245 fuissent

117 271 139 296 οἱ
164 270 273 305 ἄγγελοι
289 268 369 305 ἦσαν,
384 268 432 294 καὶ
447 268 461 293 6
488 266 613 302 οὐρανὸς,
628 265 675 291 καὶ
737 265 783 300 γῆ,
801 265 849 290 καὶ
874 264 899 290 οἱ

117 314 266 349 ἅνθρωποι,
284 315 333 342 καὶ
349 313 439 340 πάντα
455 311 491 338 τὰ
516 313 545 337 ὲν
558 312 591 346 τῇ
615 311 662 346 γῇ,
680 310 838 346 ὑμνοῦντες,
853 309 901 336 καὶ

116 361 316 394 δοξολογοῦντες
331 359 376 386 τὸν
386 359 433 385 ἐπὶ
450 357 546 393 θρόνου
559 357 725 392 καθήμενον.

956 272 1076 299 unquam
1092 264 1229 303 exstituri.
1248 264 1456 298 Scelestissime,
1479 265 1540 303 quis
1568 270 1610 291 est
1636 264 1734 298 impius

954 313 982 336 et
995 309 1103 340 athens,
1127 315 1177 341 ego
1193 315 1226 335 an
1257 309 1308 335 tu?
1325 309 1374 335 Ubi
1399 314 1458 336 eral.
1485 301 1656 336 Mithammed
1673 317 1733 336 cum

951 360 1011 382 erat
1024 354 1119 381 solium
1131 359 1159 380 et
1178 354 1291 381 thronus
1323 355 1382 386 Dei,
1398 359 1425 381 et
1441 354 1511 382 Deus
1545 354 1581 381 illi
1603 355 1732 381 insidens‘

118 410 143 433 et
157 413 216 432 cum
231 410 308 433 erant
321 405 419 439 angeli,
447 409 475 430 et
492 403 600 434 coelum,
634 407 661 429 et
689 407 773 433 terra,
799 405 826 428 et
854 401 987 433 homines,
1013 405 1041 427 et
1065 408 1160 428 omnes
1198 407 1331 428 creatura:
1366 405 1509 434 terrestres
1556 401 1680 428 laudibus
1706 403 1735 427 ct

120 453 225 487 hymnis
236 455 428 487 prosequentes
439 451 575 477 sedentem
591 457 672 483 super
690 449 826 476 thronum.

154 499 254 526 Λοιπὸν
265 499 331 533 γοῦν
344 499 412 534 ἀρνῇ
428 497 478 532 τὴν
495 497 606 532 ἀγάπην
617 496 664 522 τοῦ
686 495 766 528 Θεοῦ,
779 496 812 531 ἣν
829 493 902 530 εῖχεν

121 542 189 580 πρδς
208 543 253 568 τὴν
277 543 373 578 Ἀδὰμ,
394 543 423 574 ὃς
443 542 560 569 ἔπλασεν
578 542 670 574 αὑτὸν,
687 542 732 568 καὶ
757 541 792 568 τὰ
820 541 903 567 τέκνα

121 589 218 623 αὑτοῦ,
239 589 348 616 καὶιτδν
380 588 516 624 Ἀϐραὰμ,
536 588 583 614 καὶ
606 588 651 613 τὸν
680 586 782 617 Ἰσαὰκ,
797 585 903 612 καὶτὸν

127 634 236 666 Ἰακὼϐ,
251 635 372 666 καὶτοὺς
389 634 564 670 προπάτορας
579 632 669 667 ἡμῶν,
684 631 756 664 Νῶε,
770 630 901 663 Μωῦσῆν,

121 680 225 714 Ἰησοῦν
237 679 282 706 τὺν
293 679 383 713 Ναυῆ.
395 679 441 705 τὸν
454 678 545 709 Δαϐὶδ,
561 678 606 703 τὸν
631 675 768 710 Σολομὼν,
783 675 828 701 τὸν
852 674 904 700 Ζα-

121 724 229 760 χαρίαν,
247 725 291 751 τὴν
314 725 470 759 Πρόδρομον
503 723 641 757 Ἰωάννην,
656 722 703 753 οὓς
730 721 777 748 καὶ
790 720 820 746 τὸ
834 721 905 746 Κου-

123 771 215 806 ράνιὸν
239 778 286 796 σου
305 770 454 805 μαρτυρεῖ,
471 768 591 795 ἐπαινῶν
614 767 663 793 καὶ
684 767 730 793 τὸν
749 765 835 799 Λόγον
857 764 905 791 τοῦ

121 815 189 842 Θεοῦ
211 815 313 850 Ἰησοῦν
327 814 456 850 Χριστόν.
477 814 533 841 Καὶ
547 813 621 846 λέγει
638 813 678 843 εἰς
702 811 733 838 τδ
754 809 906 845 Κουράνιόν

122 869 181 888 σουθ
199 861 325 895 Ἐξῆλθεν
347 863 379 887 ὲκ
390 859 458 886 Θεοῦ
475 859 523 886 καὶ
543 858 617 885 ἔστιν
631 857 718 892 Λόγος
744 855 836 888 αὐτοῦ,
857 855 905 881 καὶ

991 494 1038 522 Sic
1051 495 1134 522 debes
1148 502 1249 529 negare
1264 495 1434 522 dilectionem
1449 496 1495 524 Dei
1510 502 1574 530 erga
1588 495 1733 524 Adamum.

955 549 1034 575 quem
1053 540 1180 568 formavit
1195 546 1223 568 et
1249 541 1322 568 illius
1337 541 1446 574 liberos,
1460 545 1487 568 et
1503 541 1696 571 Abrahamum,
1710 546 1736 566 et

955 587 1089 617 lsaacmn.
1104 579 1132 613 et
1144 586 1286 618 Jacobum,
1303 592 1330 614 et
1341 594 1434 614 omnes
1444 593 1535 621 patres
1549 591 1736 619 antecessores

957 636 1077 664 nostros,
1089 630 1185 663 Noani,
1201 630 1311 664 Mosen,
1328 630 1420 658 Iesum
1449 631 1531 658 tiliutn
1554 630 1637 663 Nave,
1657 629 1736 657 Davi—

957 677 1029 710 dem,
1045 677 1229 708 Salomonem,
1246 676 1423 708 Zachariam,
1437 675 1567 704 Joannem
1583 676 1737 704 Praecurso-

959 729 1025 755 tem,
1043 729 1111 756 quos
1141 725 1275 748 memorat
1292 721 1441 748 Alcoranus
1471 725 1543 752 tuus,
1557 721 1698 748 celebrans
1711 725 1738 747 et

958 767 1043 800 ipsntu
1059 767 1104 793 Dei
1119 765 1235 793 Verbum
1248 766 1340 793 Jcsum
1355 766 1504 793 Christum.
1520 765 1573 792 Sed
1591 766 1689 795 dicitur
1703 766 1736 793 de

955 812 1061 840 Corano
1073 816 1117 838 tuo
1133 811 1239 839 :Evivit
1254 819 1268 837 a
1283 813 1335 838 Deo
1350 816 1376 838 et
1390 817 1430 838 est
1442 811 1516 843 illius,
1527 811 1654 844 Verbum,
1669 812 1739 839 sicut

956 856 999 883 ille
1013 857 1072 884 sine
1081 857 1215 891 principio
1229 856 1374 884 exsisteus.
1391 857 1538 893 pstendam
1554 863 1618 884 vero
1641 857 1738 885 falsum

123 904 300 941 συνάναρχος.
332 904 413 930 Ἀλλὰ
436 903 522 937 δεῖξαι
542 902 616 936 ἔχω,
632 902 673 928 ὅτι
699 900 796 934 ψευδὲς
819 897 853 935 ἦν
875 899 907 925 τὸ

965 909 1018 929 asse
1033 901 1169 928 Coranum
1188 906 1262 928 tuutn
1278 909 1358 936 quem
1385 902 1497 929 tradidit
1512 906 1540 929 et
1556 903 1648 930 docuit
1674 902 1740 930 0th-

122 949 273 984 Κουράνιόν
287 957 334 974 σου
349 948 379 975 τὸ
392 946 515 982 διδαχθὲν
526 947 602 981 παρὰ
613 946 660 972 τοῦ
677 945 809 979 ὐομάνη.
826 944 907 978 Λέγει

123 994 189 1028 γοῦν
202 994 232 1020 τὸ
245 994 395 1028 Κουράνιόν
411 1002 457 1019 σου
474 993 514 1023 εἰς
529 992 578 1026 τὴν
593 991 681 1026 ἀρχὴν
691 991 740 1024 τῆς
754 990 907 1024 τραπέζης,

122 1039 206 1066 ὅτιτὸ
227 1039 327 1073 ἀγαθὸν
350 1039 398 1065 καὶ
421 1039 451 1065 τὺ
472 1038 589 1073 πονηρὸν
610 1038 642 1063 ὲκ
673 1036 741 1062 Θεοῦ
762 1037 833 1062 ἐστιι
851 1036 908 1067 τοῖς

123 1083 287 1116 ἀνθρώποις,
301 1083 372 1119 ἅπερ
401 1083 535 1118 ἔρχονται.
560 1082 651 1109 Εἰσέτι
675 1082 775 1113 παντὸς
803 1081 906 1115 ἀγαθοῦ

125 1128 171 1155 καὶ
182 1128 303 1163 πονηροῦ
312 1129 357 1155 τὸν
369 1129 436 1155 Θεὸν
443 1129 530 1159 ποιεῖς
540 1128 636 1160 αιτιον,
648 1127 744 1159 τοὺςδὲ
752 1135 784 1161 γε
793 1127 906 1162 λῃστὰς,

125 1174 240 1205 καὶτοὺς
254 1173 480 1209 φαρμακοὺς,καὶ
491 1175 592 1208 φονεῖς,
603 1173 721 1204 καὶτοὺς
736 1173 814 1206 κακῷ
825 1172 910 1199 θανά.

125 1227 163 1253 τῳ
169 1219 349 1250 τελευτῶντας
355 1219 452 1251 οὕτως,
460 1219 552 1254 φησὶν,
561 1220 575 1245 6
581 1219 646 1249 Θεὸς
654 1218 784 1253 ἔγραψεν.
799 1217 908 1252 Ἀνόητε

126 1262 174 1288 καὶ
191 1262 274 1297 βραδὺ
290 1263 322 1297 τῇ
335 1263 444 1298 καρδίᾳ,
467 1263 529 1289 ἐπεὶ
546 1263 575 1290 τὸ
593 1263 742 1298 Κουράνιόν
761 1271 807 1288 σου
821 1262 908 1296 Λόγον

126 1307 194 1333 Θεοῦ
207 1307 310 1341 λέγεις,
330 1307 391 1339 πῶς
403 1309 417 1334 ὸ
433 1308 518 1342 Λόγος
528 1307 575 1334 τοῦ
589 1308 657 1334 Θεοῦ
671 1307 810 1342 ψεύδεται,
819 1307 867 1333 καὶ
879 1306 910 1332 τὸ

127 1352 308 1387 πονηρδνλκαὶ
322 1352 354 1378 τὸ
366 1353 468 1386 ἀγαθὸν
479 1354 510 1379 ὲκ
522 1352 590 1379 Θεοῦ
600 1353 690 1385 ὲστιν;
704 1354 734 1378 ὲν
748 1352 840 1387 ἡμέρᾳ
848 1351 911 1384 κρι-

129 1406 197 1429 σεως
205 1397 264 1429 πῶς
276 1398 326 1424 οὐκ
338 1397 554 1432 ἀφώρισταιτοϊς
568 1398 684 1429 δικαίοις
694 1397 742 1424 καὶ
753 1398 808 1428 τοῖς
817 1398 910 1431 ἁμαρ-

128 1444 236 1476 τωλοῖςς
253 1443 333 1470 Ἀλλὰ
343 1445 398 1475 τοῖς
407 1444 456 1478 μὲν
469 1443 583 1474 δικαίοις
591 1444 605 1469 6
612 1443 790 1478 παράδεισος,
799 1443 912 1472 καὶτοῖς

129 1489 301 1524 ἁμαρτωλοῖς
313 1489 330 1524 ή
342 1489 462 1519 κόλασις.
477 1488 530 1514 Τοῦ
548 1488 632 1514 καλοῦ
648 1488 696 1514 καὶ
717 1487 765 1513 τοῦ
781 1486 868 1513 κακοῦ
881 1487 913 1513 ὲκ

130 1533 198 1559 Θεοῦ
204 1532 289 1564 ὄντος,
300 1533 358 1564 πῶς
368 1532 536 1568 ὲξεχωρίσθη
546 1533 561 1559 6
575 1532 660 1567 ’Ἀδὰμ
675 1532 722 1559 τοῦ
733 1531 910 1566 παραδείσου.

130 1577 192 1609 Πῶς
204 1577 332 1610 ἐξέπεσεν
342 1578 356 1604 6
365 1577 485 1609 διάϐολος
495 1577 578 1604 εἰπών
589 1586 594 1592 ·
607 1578 687 1611 Θήσω
697 1577 743 1604 τὸν
756 1577 851 1612 Θρόνον
860 1585 912 1612 μου

130 1624 223 1650 Er:de
253 1623 307 1650 τῶν
318 1623 438 1658 νεφελῶν
450 1623 497 1650 τοῦ
511 1623 639 1658 οὐρανοῦ,
649 1623 697 1649 καὶ
711 1622 809 1657 ἔσομαι
820 1623 913 1656 ὅμοιος

130 1669 170 1703 τῷ
190 1668 308 1703 Ὑψίστῳ
324 1677 331 1684 ·
343 1670 368 1696 εἰ
381 1669 412 1695 τὸ
427 1669 528 1704 ἀγαθὸν
545 1669 593 1696 καὶ
607 1669 637 1695 τὸ
661 1668 779 1704 πονηρὸν
793 1669 826 1694 ἐκ
840 1668 908 1694 Θεοῦ

131 1715 202 1745 ἐστι,
216 1713 276 1745 πῶς
301 1713 442 1741 ἀπώλοντο
470 1715 584 1749 Σόδομα,
599 1715 647 1741 καὶ
674 1713 802 1750 Γόμορρα
822 1714 914 1744 αὐτοῖς

131 1758 233 1794 ἔργοις,
245 1759 293 1784 καὶ
308 1760 335 1785 ἐν
349 1760 383 1794 τῇ
403 1759 527 1794 ἁμαρτίᾳ
549 1759 638 1786 αὐτῶν
652 1768 660 1793 ;
678 1759 795 1794 Ὁμοίως
807 1759 855 1785 καὶ
869 1758 915 1785 ἐπὶ

131 1803 179 1830 τ›ῦ
199 1804 390 1838 κατακλυσμοῦ
408 1803 456 1830 τοῦ
467 1805 539 1838 Νῶε,
557 1805 615 1836 πῶς
626 1806 641 1830 6
652 1804 754 1839 κόσμος
768 1803 891 1831 ἀπώλετο
904 1812 912 1837 ;

133 1849 188 1875 Kal
203 1848 262 1879 πῶς
286 1848 471 1883 ἑϐδομήκοντα
485 1848 533 1874 δύο
546 1848 636 1883 φυλῶν
661 1848 745 1883 οὔσης
758 1848 809 1882 τῆς
820 1849 915 1883 γενεᾶς

132 1892 187 1919 τῶν
208 1892 441 1927 Μουσουλμανῶν,
458 1893 474 1927 ὴ
506 1893 556 1928 μία
581 1893 666 1926 ἐστὶν,
682 1893 720 1925 ὡς
745 1892 851 1927 λέγετε,
865 1895 914 1921 τοῦ

133 1939 316 1974 παραδείσου;
333 1938 380 1965 καὶ
406 1940 436 1966 αἱ
457 1939 536 1966 ἁλλαι
563 1940 618 1966 τῶν
643 1939 800 1973 κολάσεων;
836 1941 915 1975 Ὁρᾷς

133 1985 175 2011 ὅτι
184 1983 239 2010 ἀπὸ
248 1984 302 2010 τῶν
310 1984 396 2018 λόγων
407 1984 537 2019 ψεύδεα-αι
548 1986 618 2017 ςΚαὶ
630 1984 703 2016 οὔτε,
720 1985 757 2017 ὡς
768 1986 800 2012 σὺ
813 1985 915 2020 λέγεις,

134 2030 208 2057 ἐστιν
222 2031 268 2057 τοῦ
280 2030 348 2057 Θεοῦ
363 2031 393 2057 τὸ
407 2032 557 2066 Κουράνιόν
580 2040 636 2063 σου,
655 2031 717 2058 οὔτε
730 2033 762 2059 ὲκ
776 2033 823 2059 τοῦ
835 2033 917 2068 οὐρα-

134 2076 181 2103 νοῦ
208 2076 352 2111 κατῆλθεν,
365 2077 403 2108 ὡς
426 2077 530 2113 ληροῖς.
555 2078 611 2104 Καὶ
632 2079 687 2114 γὰρ
713 2079 805 2106 ἄδικον
829 2081 918 2112 ποιεῖς

133 2122 179 2148 τὸν
196 2123 261 2148 Θεὸν
289 2123 385 2157 λέγων,
399 2123 440 2149 ὃτι
457 2123 488 2149 τὸ
513 2124 613 2157 ἀγαυὸν
636 2125 728 2151 καὶτὸ
751 2125 870 2160 πονηρὸν
885 2126 917 2152 ὲκ

134 2167 203 2194 Θεοῦ
221 2169 304 2196 ἐστιν.
323 2169 352 2195 ’0
361 2170 389 2196 δὲ
403 2170 469 2202 Θεὸς
483 2170 569 2205 κρίνει
583 2171 614 2197 τὸ
628 2171 740 2206 ἀγαθὸν,
758 2172 806 2199 καὶ
821 2173 852 2199 τὺ
866 2182 917 2200 πο-

958 954 1062 973 manes.
1080 946 1225 981 Dicitxrgo
1249 947 1369 974 Coranus
1395 952 1457 974 tuus
1482 948 1507 974 in
1523 948 1654 983 principio
1683 956 1740 976 ser-

958 993 1047 1020 monis
1058 993 1090 1021 de
1111 1000 1214 1025 mensa,
1226 993 1296 1027 quod
1316 993 1478 1028 omniaquae
1496 993 1652 1021 hominibtts
1677 1002 1740 1021 con-

960 1039 1066 1073 tingunt
1083 1038 1152 1065 bona
1177 1038 1218 1065 vel
1242 1038 1310 1071 mala
1335 1038 1415 1066 aDeo
1444 1040 1599 1073 procedunt.
1626 1039 1653 1066 Si
1677 1047 1741 1073 ergo

960 1084 1044 1110 Deum
1061 1083 1128 1110 facis
1144 1083 1231 1110 omnis
1244 1083 1305 1110 boni
1319 1088 1346 1110 et
1359 1083 1422 1111 mali
1440 1088 1590 1116 auctorem,
1610 1084 1738 1112 latrones.

960 1129 1107 1161 veneﬁcos,
1136 1129 1297 1162 homicidas,
1328 1128 1443 1155 violenta
1478 1134 1564 1156 morte
1596 1134 1739 1164 pereuntes

960 1175 1031 1203 Deus
1046 1175 1113 1202 tales
1130 1175 1236 1202 futuros
1252 1176 1362 1210 scripsit
1377 1181 1404 1203 et
1419 1175 1622 1204 determinavit.
1638 1174 1738 1209 Inepte,

960 1228 986 1250 et
1012 1223 1093 1250 corde
1121 1222 1273 1256 spirituque
1305 1223 1395 1253 tarde,
1411 1222 1434 1250 si
1460 1221 1595 1249 Coranum
1627 1221 1740 1248 Verbum

961 1267 1008 1295 Dei
1032 1275 1093 1295 esse
1107 1267 1258 1300 existimas,
1289 1269 1422 1302 quomodo
1449 1267 1567 1295 Verbum
1588 1267 1634 1294 Dei
1654 1271 1742 1301 potest

961 1313 1028 1341 falsa
1043 1313 1230 1348 pronuntiare,
1248 1317 1275 1340 et
1290 1314 1312 1341 si
1326 1314 1426 1340 bonum
1442 1318 1469 1341 et
1481 1313 1580 1341 malum
1593 1320 1607 1340 a
1620 1312 1676 1341 Deo
1690 1319 1741 1344 est,

962 1359 989 1386 in
1003 1359 1046 1386 die
1056 1359 1150 1393 judicii
1168 1358 1302 1393 quomodo
1312 1363 1436 1392 separata
1452 1363 1480 1385 et
1494 1358 1623 1386 distincta
1644 1365 1740 1386 c0nce-

962 1404 1151 1437 dunturjustis
1166 1409 1192 1430 et
1204 1403 1328 1436 injustis?
1346 1403 1398 1429 Sed
1413 1403 1501 1437 justos
1517 1402 1668 1437 paradisus,
1681 1410 1742 1438 pec—

963 1454 1070 1476 catores
1083 1456 1146 1476 vero
1161 1448 1292 1483 supplicia
1307 1453 1427 1475 manent.
1445 1448 1518 1476 Bono
1533 1457 1565 1475 ac
1581 1449 1653 1475 malo
1668 1456 1743 1483 aeque

963 1502 977 1520 a
997 1494 1050 1520 Deo
1062 1494 1222 1525 orientibus,
1236 1501 1319 1527 qttare
1330 1495 1448 1520 Adatnus
1469 1494 1594 1527 paradiso
1610 1494 1702 1528 pulsus
1718 1500 1745 1522 et

963 1539 1067 1572 ejectus
1083 1539 1153 1565 fuit?
1166 1537 1255 1571 Quare
1267 1538 1362 1570 cecidit
1377 1543 1405 1565 et
1416 1539 1470 1565 ruit
1481 1538 1604 1566 diabolus
1626 1538 1720 1566 dicens
1736 1548 1742 1564 ε

963 1584 1107 1611 Collocabo
1123 1584 1249 1611 thronum
1266 1591 1354 1610 meum
1369 1591 1452 1618 super
1467 1583 1553 1610 nubes
1568 1583 1640 1616 cteli,
1656 1589 1684 1611 et
1697 1591 1744 1611 ero

963 1629 1060 1657 similis
1073 1628 1224 1656 Altissimo.
1240 1628 1267 1655 Si
1282 1628 1380 1655 malum
1398 1634 1426 1655 et
1437 1629 1537 1657 bonum
1550 1629 1650 1656 habent
1663 1629 1744 1656 Deutu

964 1681 1115 1706 auctorem,
1133 1683 1218 1709 qttare
1245 1675 1373 1710 operibus
1385 1676 1441 1702 suis
1469 1681 1583 1703 vastata).
1604 1680 1667 1702 sunt
1694 1675 1743 1703 So-

964 1720 1041 1747 doma
1059 1725 1086 1746 et
1097 1719 1297 1753 Gomorrha,et
1329 1721 1354 1747 in
1378 1724 1489 1755 peccato
1514 1727 1563 1748 suo
1592 1721 1747 1755 perierunt?

965 1764 1097 1791 Similiter
1115 1765 1281 1799 temporibus
1290 1765 1381 1792 diluvii
1394 1764 1460 1798 Noe,
1475 1773 1562 1802 quare
1575 1766 1656 1800 periit
1667 1773 1745 1793 mun-

965 1811 1038 1838 dus?
1050 1812 1081 1838 Et
1094 1819 1180 1846 quare
1209 1811 1376 1846 septuaginta
1397 1811 1510 1838 duarutn
1528 1811 1644 1839 tribuunt
1668 1817 1695 1838 et
1707 1811 1747 1837 fa-

966 1857 1098 1885 miliarqu
1112 1857 1294 1893 generationis
1307 1857 1519 1889 Musultnanicaa,
1533 1858 1612 1884 unica
1630 1862 1744 1889 tantum,

966 1908 995 1929 ut
1009 1903 1141 1934 asseritis,
1160 1902 1314 1937 paradisum
1330 1906 1520 1936 consequetur,
1537 1901 1595 1928 alia:
1615 1908 1678 1928 vero
1691 1908 1747 1935 po:—

967 1949 1008 1976 nis
1021 1953 1048 1975 et
1075 1948 1213 1982 suppliciis
1244 1947 1489 1981 :uljudicabuntur?
1510 1947 1590 1974 Vides
1614 1947 1749 1981 quomodo

967 1993 1117 2025 mentiaris,
1134 1997 1160 2019 et
1173 1992 1306 2019 Coranum
1329 1997 1403 2018 tuum
1431 1999 1481 2019 nec
1502 1999 1517 2018 a
1537 1992 1591 2018 Deo
1615 1992 1747 2025 originem

967 2038 1076 2069 habere,
1094 2045 1169 2064 nece
1188 2036 1256 2063 ett-lo
1271 2037 1453 2069 descendisse,
1473 2036 1615 2063 utdelirus
1639 2037 1748 2062 asseris.

967 2083 1034 2111 Nam
1047 2082 1130 2109 Deutu
1148 2083 1234 2117 ipsutn
1263 2081 1391 2115 injustam
1421 2082 1510 2116 ﬁngis,
1527 2083 1622 2109 dicens
1649 2082 1748 2108 bonum

969 2133 996 2157 et
1019 2128 1118 2155 tnalum
1134 2136 1147 2154 a
1165 2129 1219 2155 Deo
1234 2129 1366 2164 originem
1383 2129 1492 2156 habere.
1513 2126 1680 2161 Sedjudicat
1700 2127 1750 2153 bo—

969 2181 1032 2201 num
1047 2177 1075 2200 et
1095 2173 1207 2206 malum,
1225 2179 1253 2200 et
1279 2174 1473 2200 convenienter
1496 2172 1584 2200 reddit
1607 2170 1751 2204 unicuique

135 2214 228 2247 νηρὺν,
243 2215 290 2240 καὶ
304 2215 466 2242 ἀποδίδωσιν
483 2217 591 2252 ἑκάστῳ
614 2219 686 2245 κατὰ
701 2218 733 2245 τὰ
748 2219 815 2253 ἔργα
831 2219 912 2245 αὑτοῦ

970 2219 1117 2247 secundum
1126 2226 1208 2253 opera
1222 2225 1282 2246 sua.

135 2258 230 2291 ἀξίως.

170 2303 267 2337 Λέγεις
275 2311 282 2319 ·
296 2305 389 2337 Ὅστις
401 2306 431 2332 οὐ
442 2305 536 2334 πλύνει
547 2307 597 2342 τὴν
605 2307 739 2344 καθέδραν
749 2318 807 2342 του,
818 2307 877 2337 εἶτα
889 2310 919 2336 τδ

137 2349 226 2383 στόμα
250 2358 308 2382 του,
322 2351 362 2382 εἰς
375 2351 538 2386 παράδεισον
562 2353 612 2380 οὐκ
635 2354 800 2390 εἰσέρχεται,
824 2355 920 2388 καθὼς

135 2395 313 2430 διαλαμϐάνει
324 2396 355 2422 τὸ
365 2397 515 2432 Κουρὰνιόν
528 2407 585 2425 σου.
601 2399 656 2426 Καὶ
677 2398 756 2432 αὖθίς
787 2410 864 2436 φησι,
879 2402 920 2428 ὅτι

136 2443 150 2469 ὁ
162 2441 275 2476 τρώγων
286 2442 403 2477 χοίρειον
415 2442 508 2478 κρέας,
529 2444 578 2470 οὐκ
594 2445 748 2480 εἰσέρχεται
767 2447 807 2478 εὶς
829 2447 919 2482 παρά-

135 2487 224 2514 δεισον
251 2487 293 2513 ὅτι
318 2488 453 2522 μιαίνεται
481 2489 495 2514 6
511 2489 674 2524 παράδεισος
695 2491 742 2517 τοῦ
765 2491 844 2519 Θεοῦ.
865 2492 921 2519 Καὶ

136 2533 229 2566 πάλιν,
240 2534 254 2559 6
270 2533 373 2567 μέλλων
382 2533 475 2560 λαϐεῖν
484 2536 611 2568 γυναῖκα,
632 2535 746 2563 ἐνώπιον
760 2537 826 2564 δέκα
849 2546 920 2573 μαρ-

137 2579 226 2614 τύρων
240 2578 346 2606 λαϐέτω
366 2579 461 2615 αὐτὴν,
481 2580 524 2606 ἴνα
544 2580 635 2608 δικαία
651 2582 723 2609 ἐστὶν
738 2583 807 2618 αὕτη
824 2585 840 2618 ὴ
853 2585 923 2619 πρᾶ-

140 2625 192 2657 ξις.
214 2625 277 2656 Πῶς
305 2625 370 2652 δέκα
408 2627 562 2661 μαρτυρίας
590 2627 635 2654 διὰ
661 2630 775 2662 γυναῖκα
807 2629 897 2665 ζητεῖς
913 2649 921 2661 ,

137 2671 185 2698 καὶ
199 2670 243 2698 διὰ
257 2670 302 2698 τδν
312 2671 455 2707 προφήτην
471 2680 517 2698 σου
534 2672 641 2706 οὐδένα,
649 2673 695 2700 τδν
712 2675 872 2710 συντυχόντα
884 2675 923 2710 τῷ

137 2714 198 2751 Θεῷ
206 2716 292 2751 στόμα
307 2717 375 2752 πρὸς
391 2718 492 2752 στόμα;
509 2719 617 2751 Λοιπὸν,
632 2719 692 2746 οὔτε
703 2719 748 2746 τδν
762 2720 828 2747 Θεὸν
844 2721 924 2753 γινώ-

139 2769 230 2792 σκετε,
246 2761 306 2788 οὔτε
331 2763 557 2797 κροφήτην,οῦτε
572 2764 799 2797 ἀπόστολον,οὖτε
822 2767 923 2801 σημεῖα

139 2806 239 2839 οῐδατε,
254 2807 315 2834 οὗτε
329 2808 441 2843 τέρατα.
456 2808 526 2835 Οὔτε
549 2810 579 2836 τὸ
594 2810 746 2845 Κουρὰνιον
756 2811 834 2846 ὑμῶν
850 2813 923 2838 ἐστιν

140 2851 225 2885 Λόγος
236 2852 283 2878 τοῦ
306 2854 384 2886 Θεοῦ,
398 2855 516 2881 ὅτιθεὸν
545 2855 574 2881 οὐ
596 2855 756 2890 γινώσκετε.
786 2857 848 2883 ’Ότι
873 2858 921 2891 οὐχ

1005 2307 1078 2335 Dicis
1091 2316 1098 2335 :
1113 2306 1163 2341 Qui
1177 2314 1229 2334 non
1249 2307 1322 2335 lavat
1343 2313 1435 2339 anum,
1451 2311 1479 2334 et
1493 2310 1587 2341 postea
1609 2313 1640 2333 os
1661 2313 1750 2338 suum,

971 2361 1023 2381 non
1039 2359 1127 2389 potest
1141 2353 1242 2389 ingredi
1270 2353 1435 2387 paradisum,
1454 2357 1483 2379 ut
1498 2353 1594 2380 statuit
1619 2357 1646 2380 et
1661 2360 1752 2380 censet

971 2403 1032 2425 tnus
1045 2397 1211 2430 Alcoranus;
1223 2402 1250 2424 et
1263 2404 1357 2424 rursus
1377 2397 1474 2424 asserit
1493 2404 1554 2423 eum
1578 2398 1623 2432 qui
1643 2404 1751 2425 carnem

971 2445 1074 2472 suillam
1090 2445 1217 2472 comedit.
1234 2452 1286 2471 non
1303 2445 1463 2478 adepturum
1483 2444 1678 2471 beatitudinem
1704 2452 1754 2478 pa-

971 2491 1065 2524 radisi,
1087 2491 1150 2525 quia
1181 2495 1245 2517 tunc
1273 2489 1414 2525 paradisus
1439 2489 1486 2516 Dei
1513 2489 1754 2517 contaminaretur.

972 2537 1004 2564 Et
1016 2545 1108 2564 rursus
1119 2537 1187 2563 dicis
1202 2537 1274 2571 qttod
1288 2536 1333 2570 qui
1350 2543 1460 2563 uxorem
1476 2535 1511 2562 sit
1522 2536 1663 2567 dttcturus,
1676 2535 1756 2562 debet

973 2584 1045 2611 illaut
1058 2583 1155 2610 dueere
1172 2582 1353 2617 prmsentibus
1376 2583 1467 2608 decent
1483 2581 1609 2613 testibus,
1625 2587 1654 2607 ut
1671 2585 1753 2607 totum

973 2629 1043 2656 istud
1057 2628 1193 2662 negotium
1204 2628 1354 2662 legitilttuttt
1369 2627 1510 2654 habeatur.
1529 2626 1619 2658 Quare
1629 2633 1693 2652 vero
1706 2625 1754 2652 de-

972 2682 1031 2701 cem
1046 2673 1198 2700 testimonia
1212 2672 1246 2699 ad
1261 2679 1371 2699 uxorem
1386 2672 1483 2698 marito
1492 2671 1609 2705 legitime
1626 2669 1753 2703 copulan-

972 2720 1035 2747 dum
1053 2719 1179 2754 requiris.
1197 2718 1298 2746 nullum
1314 2725 1377 2745 vero
1392 2718 1425 2744 ad
1446 2716 1618 2744 asserendatu
1636 2715 1754 2750 dignita-

974 2771 1026 2792 tem
1041 2765 1179 2799 prophetae
1190 2764 1238 2796 ltti,
1252 2763 1296 2796 qui
1309 2771 1356 2790 ore
1375 2763 1408 2789 ad
1418 2770 1449 2790 os
1465 2770 1526 2789 cuin
1545 2761 1600 2789 Deo
1609 2765 1652 2788 est
1670 2761 1755 2788 collo-

973 2816 1062 2838 cutus.
1077 2810 1224 2843 Creterum,
1241 2817 1328 2844 neque
1341 2809 1425 2836 Deum
1451 2807 1539 2834 nostis
1554 2827 1561 2838 ,
1581 2814 1630 2834 nec
1639 2808 1757 2842 prophe-

975 2862 1039 2888 tam,
1050 2864 1098 2884 nec
1115 2856 1276 2891 apostolum,
1286 2863 1336 2883 nec
1344 2855 1420 2889 signa
1436 2853 1531 2886 nostis,
1548 2860 1597 2881 nec
1614 2853 1754 2882 miracula.
