1932 3067
201 131 270 163 1395

763 137 1047 170 BARTHOLOMEI
1066 140 1253 173 EDESSENI

1748 148 1815 180 1396

200 193 287 220 neque
299 186 422 215 Coranus
437 192 526 216 vester
541 193 583 217 est
599 189 717 218 Verbum
736 191 796 219 Dei.
827 192 862 220 Et
884 200 965 221 rever

1030 192 1110 230 εὗρον
1123 196 1154 223 ἐν
1168 196 1208 232 τῷ
1220 197 1364 233 Κουρανίῳ
1381 207 1428 226 σου
1448 199 1535 236 ὄνομα
1555 201 1603 229 τοῦ
1627 201 1745 237 δρῶντος
1771 205 1816 231 καὶ

199 232 284 259 Deum
299 239 352 260 non
366 234 462 268 nostis,
478 242 540 262 nam
556 236 582 263 in
592 236 698 264 Corano
712 242 802 265 vestro
814 246 867 266 non
888 240 980 268 inveni

199 286 297 306 nomen
320 281 463 313 creatoris,
475 282 629 314 rationalis,
645 287 672 310 et
689 283 849 312 immortalis
862 285 921 318 Dei,
933 286 980 314 sed

200 328 304 351 tantum
320 332 418 353 nomen
430 325 476 353 Dei
489 334 567 360 quem
581 327 685 355 Arabes
698 329 824 357 colebant
844 335 907 358 ante
931 332 980 358 ad-

200 374 312 397 ventum
341 370 549 403 Mubammedis,
566 372 694 400 nimirum
722 373 906 409 phaspborum
931 383 979 404 seu

198 419 304 443 astrum
328 416 502 443 matutinum.
528 417 586 444 Non
612 417 696 446 habes
724 421 895 455 prophetam,
916 430 978 449 natn

199 460 265 487 nihil
290 461 432 488 ostendisti
447 462 518 496 quod
540 468 676 497 spectaret
699 464 772 492 illius
791 466 976 501 prophetiam,

196 508 222 531 et
236 504 280 532 ubi
299 505 401 539 scripta
416 505 561 541 legeretur,
575 509 646 535 sicut
659 517 709 537 nos
726 509 859 539 habemus
881 512 979 539 vatici-

195 547 239 575 nia
268 549 460 584 prophetarum
489 552 516 579 iu
545 554 644 588 quibus
670 556 805 589 prmterita
835 561 862 583 et
885 557 978 585 futura

196 599 318 628 narrant,
337 600 482 631 antequam
500 597 630 626 vidissent
654 607 722 633 opus
748 600 858 635 aliquod
873 601 975 634 fusum,

196 639 237 666 vel
249 640 379 674 scriptum
400 641 473 669 unde
498 642 542 670 illa
565 644 672 672 haurire
694 650 815 679 possent.
844 645 898 673 Sed
924 655 975 675 nec

194 685 332 718 apostolus
347 692 398 713 nec
407 687 538 721 propheta
552 687 603 715 fuit
625 688 810 717 Muhamtned.
835 689 904 718 Nam
921 699 974 719 non

193 729 272 756 nobis
287 735 394 758 constat
407 731 480 758 illum
496 734 651 761 ascendisse
664 735 690 761 in
703 735 788 762 cmlos
806 736 848 762 vel
861 736 976 764 descen-

192 774 275 803 disse.
296 774 419 804 Testaris
444 777 552 812 quidem
577 779 701 814 angelum
724 780 770 807 Dei
805 781 913 809 vertisse
940 782 975 809 ad

192 819 420 855 Multammedem,
433 828 462 851 et
483 823 523 850 sic
548 830 709 858 sequeretur
732 825 857 860 angelum
887 826 974 855 fuisse

1032 238 1142 273 λογικοῦ
1160 240 1239 274 Θεοῦ,
1254 242 1303 269 καὶ
1318 242 1464 276 ἀθανάτου,
1478 245 1503 271 εί
1529 245 1567 281 μὴ
1588 246 1674 282 ὄνομα
1696 247 1775 280 Θεοῦ,
1788 248 1816 274 ὃν

1030 285 1056 311 οι
1072 286 1210 322 Ἀρῤαϐες
1221 287 1274 322 πρὸ
1289 288 1337 314 τοῦ
1352 290 1499 325 Μουχάμετ
1510 291 1685 325 ἐπίστευσαν,
1701 293 1730 325 ὃς
1743 294 1817 322 ἐστιν

1030 332 1044 357 6
1072 332 1211 368 ἑωσφόρος
1238 333 1336 369 ἀστήρ.
1358 335 1415 362 υὺκ
1431 335 1503 371 ἔχεις
1531 339 1687 373 προφήτην,
1700 340 1742 365 ὃτι
1766 340 1816 366 οὐκ

1030 376 1133 409 ἔδειξας
1146 386 1191 413 μοι
1205 380 1270 414 περὶ
1279 380 1330 414 τῆς
1349 382 1518 416 προφητείας
1535 383 1617 410 αὑτοῦ
1630 383 1681 410 ποῦ
1696 385 1814 420 ἐγράφη,

1031 422 1122 454 καθὼς
1138 422 1236 458 ἔχομεν
1250 424 1330 460 ἡμεῖς
1345 426 1394 458 τὰς
1406 426 1463 452 τῶν
1479 428 1628 463 προφητῶν
1637 430 1815 464 προφητείας,

1029 468 1058 494 εν
1071 465 1115 499 αἷς
1127 466 1203 496 εἷπον
1219 471 1284 505 περὶ
1301 471 1356 498 τῶν
1379 472 1596 507 προγεγονότων,
1613 473 1728 500 καὶτῶν
1750 475 1816 509 μελ-

1028 513 1127 541 λόντων
1145 516 1199 551 πρὸ
1214 515 1260 542 τοῦ
1277 517 1343 544 ἰδεῖν
1359 518 1509 552 χρυσοχόου
1530 518 1621 553 ἔργον,
1639 519 1655 554 ἢ
1680 527 1814 555 γραμμα-

1027 560 1114 587 τικόν.
1142 560 1213 587 Ἀλλ’
1227 561 1289 588 οὐδὲ
1311 563 1460 595 ἀπόστολος
1480 562 1524 600 ἦν,
1538 564 1601 591 οὔτε
1625 566 1769 600 προφήτης
1801 567 1815 593 6

1027 605 1185 640 Μουχάμετ,
1201 607 1241 634 ὅτι
1254 608 1304 634 οὐκ
1316 608 1427 643 οἴδαμεν
1443 610 1524 636 αὐτὸν
1536 610 1674 637 ἀναῦάντα
1687 611 1727 642 είς
1751 611 1816 643 τοὺς

1026 650 1166 685 οὐρανοὺς,
1184 651 1200 687 ἢ
1216 654 1385 681 καταϐάντα.
1399 655 1623 690 Συμμαρτυρείς.
1637 656 1678 682 ὄτι
1699 657 1815 690 ἄγγελος

1026 696 1129 731 Κυρίου
1147 697 1256 733 ἔρχεται
1275 700 1316 730 εἰς
1341 699 1386 726 τὸν
1409 701 1568 736 Μουχάμετ.
1599 702 1655 728 Καὶ
1687 701 1778 729 λοιπὸν
1799 703 1814 729 6

1025 741 1141 776 ἄγγελός
1150 743 1223 770 ἐστιν
1236 745 1394 778 ἀπόστολος,
1407 747 1453 772 καὶ
1463 747 1477 772 6
1489 747 1639 782 Μουχάμετ
1647 747 1732 774 οὐδέν.
1743 747 1813 774 Οὐδὲ

1026 787 1125 820 σημεῖα
1136 787 1182 813 καὶ
1191 789 1294 824 τέρατα
1304 790 1394 817 οἴδατε
1408 790 1439 823 ἐξ
1453 791 1535 818 αὑτοῦ
1543 811 1550 818 .
1567 792 1628 819 Ὀτι
1640 793 1717 819 οὐδὲν
1732 789 1813 829 εὖρον

1024 830 1110 858 αὐτὸν
1125 833 1212 867 Λόγον
1222 835 1302 867 Θεοῦ,
1320 836 1344 862 εί
1355 836 1392 871 μὴ
1407 837 1514 864 πλαστὰ
1531 838 1580 864 καὶ
1599 837 1704 872 βέϐηλα
1720 839 1812 872 λόγια.

190 868 352 901 apostolum,
377 876 429 896 non
456 877 520 897 vero
543 870 757 899 Multammedem
784 872 885 907 ipsum.
908 873 964 900 Nec
987 875 1064 909 signa
1083 885 1134 906 nec
1163 880 1292 908 miracula
1326 868 1420 910 abillo
1434 888 1541 918 patrata
1563 868 1677 918 potestis
1689 868 1812 919 proferre

189 923 221 941 rx
234 914 293 948 ipso
307 914 422 943 Corano.
437 915 471 942 Et
489 917 556 944 nihil
570 917 597 944 in
611 917 655 945 illo
676 918 774 952 inveni,
789 920 860 954 quod
881 919 1016 948 redoleret
1035 928 1062 950 et
1090 925 1208 960 spiraret
1223 927 1340 956 Verbum
1357 914 1481 964 Ι)θὶςᾷεὰ
1512 914 1615 958 tantum
1638 914 1765 966 ﬁgmenta
1783 932 1813 960 οι

187 961 314 994 profanas
326 962 576 990 sermocinationes.

223 1007 265 1039 Et,
295 1014 396 1042 quaeso,
418 1007 461 1035 die
489 1007 554 1035 mihi
570 1008 702 1042 quomodo
717 1009 833 1038 Verbum
849 1011 895 1039 Dei
915 1012 965 1039 uni

1062 1014 1118 1040 Kal.
1141 1015 1210 1048 πῶς,
1224 1015 1286 1044 εἷπὲ
1303 1026 1359 1053 μοι,
1378 1019 1392 1045 6
1404 1018 1451 1045 τοῦ
1465 1019 1534 1046 Θεοῦ
1551 1019 1638 1054 Λόγος
1663 1019 1757 1055 ήνὼθη
1770 1019 1812 1056 τῷ

187 1058 242 1079 tum
257 1057 330 1080 esset
357 1052 437 1084 libro,
455 1060 502 1080 seu
530 1053 636 1082 Corano
657 1058 713 1086 tuo‘,
727 1060 774 1082 aut
797 1056 936 1089 volumini,
949 1062 977 1084 et

184 1098 308 1125 Coranus
337 1102 400 1126 tuus
417 1099 546 1127 evaderet
567 1099 684 1127 Verbum
709 1101 760 1135 ipsi
777 1101 832 1128 Deo
843 1109 973 1130 cozevum.

185 1146 212 1170 In
235 1144 322 1177 platea
350 1144 448 1171 oll‘endi
477 1151 574 1179 pueros
599 1152 679 1180 quam
699 1147 837 1180 plurimos,
855 1148 900 1182 qui
915 1147 975 1175 Co-

184 1197 278 1216 ranum
314 1189 514 1223 gestabant.et
545 1197 605 1218 cum
638 1191 735 1226 aliquis
758 1199 851 1219 eorum
883 1194 973 1228 priva~

185 1236 231 1261 lim
263 1235 369 1262 volebat
401 1235 528 1263 secedere
565 1242 673 1272 propter
701 1237 902 1270 necessitatem,
921 1238 973 1266 Co-

185 1288 279 1307 ranum
311 1282 389 1313 juxta
426 1288 456 1308 se
486 1281 694 1315 collocabat,et
717 1283 837 1310 sedebat.
864 1283 971 1318 Alioqui

183 1333 231 1359 per
248 1329 332 1352 totam
345 1326 415 1353 diem
425 1328 500 1361 pueri
509 1326 643 1354 Coranum
658 1328 768 1360 habent,
777 1333 805 1356 et
818 1329 966 1364 aliquando

184 1372 258 1399 illum
277 1372 392 1405 caleant,
409 1373 554 1406 aliquando
566 1381 626 1401 cum
648 1375 694 1402 illo
711 1375 788 1402 ludos
803 1380 898 1410 agunt,
915 1376 968 1402 ali-

182 1418 291 1451 quando
306 1426 371 1445 vero
385 1419 431 1445 illo
446 1426 475 1445 se
497 1424 589 1446 mutuo
606 1419 738 1454 impetunt
765 1425 792 1448 et
810 1421 966 1449 verberant.

183 1463 323 1495 Quomodo
340 1471 404 1497 ergo
423 1464 545 1492 Coranus
568 1470 641 1493 esset
656 1465 774 1493 Verbum
791 1467 848 1500 Dei,
869 1471 896 1494 et
916 1468 966 1502 ipsi

185 1509 238 1535 Deo
263 1513 424 1536 coarternus.
453 1509 543 1542 Quare
568 1517 620 1537 non
645 1511 742 1538 annuis
753 1511 852 1539 dicenti
872 1511 965 1539 Jesum

182 1554 321 1581 Christum
346 1555 510 1582 cxcitantem
542 1561 672 1589 mortuos,
689 1562 797 1591 peccata
827 1559 964 1586 tollentem

181 1601 381 1632 etabolentem.
396 1602 478 1629 variis
489 1602 572 1637 signis
588 1606 616 1629 et
631 1602 767 1630 miraculis
783 1610 813 1630 se
829 1611 965 1631 commcn-

1027 1061 1141 1097 χαρτίῳ,
1153 1062 1237 1096 ήγουν
1249 1063 1288 1098 τῷ
1312 1063 1458 1099 Κουρανίῳ
1477 1072 1535 1097 σου,
1552 1064 1601 1091 καὶ
1615 1064 1654 1099 τῷ
1672 1065 1809 1100 τομαρίῳ,

1026 1107 1070 1134 ἵνα
1087 1107 1204 1142 ὑπάρχει
1218 1108 1249 1134 τὸ
1266 1109 1416 1144 Κουράνιόν
1432 1118 1478 1136 σου
1496 1110 1574 1144 λόγος
1594 1110 1728 1146 σύναρχος
1756 1110 1805 1136 τοῦ

1024 1154 1092 1181 Θεοῦ
1111 1155 1208 1186 ςΚατὰ
1221 1155 1271 1190 τὴν
1293 1155 1353 1182 ὁδὸν
1372 1157 1459 1192 μικρὰ
1479 1156 1573 1183 παιδία
1597 1155 1753 1191 κρατοῦντα
1774 1156 1807 1182 τὺ

1023 1201 1174 1235 Κουράνιον
1194 1209 1252 1232 σου,
1263 1201 1312 1228 καὶ
1335 1201 1364 1227 ἐν
1377 1201 1416 1236 τῷ
1433 1201 1539 1236 μέλλειν
1553 1202 1642 1228 αὐτῶν
1671 1201 1727 1228 τῶν
1742 1209 1808 1227 παι-

1022 1244 1085 1271 δίων
1113 1244 1175 1271 καθ’
1196 1245 1318 1279 ἑκάστην
1334 1245 1493 1280 ἑξέρχεσθαι
1517 1246 1563 1272 διὰ
1588 1246 1683 1281 χρείαν
1704 1245 1805 1279 αὐτῶν,

1021 1290 1113 1317 ἔθεντο
1127 1291 1240 1326 πλησίον
1252 1291 1344 1318 αὐτῶν
1362 1291 1410 1317 καὶ
1435 1291 1467 1317 τὸ
1490 1291 1642 1326 Κουράνιόν
1665 1299 1723 1322 σου,
1756 1290 1806 1317 καὶ

1020 1337 1170 1372 ὲκάθησαν.
1184 1337 1241 1363 Καὶ
1256 1337 1344 1368 ἄλλως
1358 1337 1392 1362 δι’
1403 1336 1466 1363 ὅλου
1481 1337 1530 1372 τῆς
1540 1336 1649 1372 ἡμέρας
1661 1337 1688 1363 οι
1708 1335 1804 1367 παῖδες

1020 1383 1034 1409 ὑ
1039 1382 1098 1418 μῶν
1115 1383 1276 1417 κατέχουσιν
1290 1383 1367 1409 αὐτό.
1381 1382 1436 1408 Kal.
1450 1382 1516 1408 ποτὲ
1529 1382 1578 1416 μὲν
1593 1382 1721 1414 πατοῦσι,
1737 1381 1805 1408 ποτὲ

1018 1428 1047 1455 δὲ
1064 1428 1192 1460 παίζουσι
1206 1428 1265 1462 μετ’
1282 1427 1376 1454 αὑτοῦ.
1392 1428 1461 1454 Ποτὲ
1474 1427 1615 1462 δέρρονται
1631 1425 1672 1458 εἷς
1684 1426 1731 1453 τὸν
1743 1426 1805 1452 ἑτε-

1020 1482 1066 1509 ρον
1081 1475 1141 1508 μετ’
1155 1473 1247 1500 αὐτοῦ.
1262 1473 1324 1504 Πῶς
1340 1473 1407 1506 γοῦν
1425 1474 1482 1499 ἐστι
1497 1473 1583 1506 Λόγος
1602 1472 1649 1499 τοῦ
1664 1471 1744 1503 Θεοῦ,
1753 1470 1805 1497 καὶ

1018 1519 1152 1554 σύναρχος
1165 1519 1194 1545 τὸ
1215 1519 1366 1553 Κουράνιόν
1392 1527 1438 1544 σου
1453 1525 1462 1551 ;
1477 1518 1539 1550 Πῶς
1565 1518 1597 1544 οὑ
1616 1517 1802 1553 παραδέχεσαι

1016 1564 1144 1598 λέγοντα,
1159 1564 1201 1590 ὅτι
1221 1564 1325 1598 Ἰησοῦς
1353 1563 1470 1598 Χριστὸς
1491 1564 1506 1589 6
1528 1563 1591 1594 τοὺς
1619 1562 1732 1597 νεκροὺς
1753 1561 1805 1588 ἁν-

1018 1608 1114 1638 ιστῶν,
1132 1608 1179 1634 καὶ
1195 1608 1244 1639 τὰς
1254 1607 1392 1643 ἁμαρτίας
1402 1608 1532 1641 ἀναιρῶν,
1541 1607 1683 1634 καὶπολλὰ
1700 1607 1803 1641 σημεῖα

181 1647 290 1673 dantem
304 1654 365 1673 esse
380 1647 465 1681 ipsum
489 1647 607 1674 Verbum
629 1646 687 1680 Dei,
705 1653 732 1675 et
757 1648 807 1682 ipsi
833 1656 963 1676 eomvum.

1019 1653 1062 1680 καὶ
1071 1653 1172 1688 τέρατα
1183 1653 1325 1685 δεικνύων,
1339 1653 1368 1684 ὃς
1380 1655 1454 1680 ἐστιν
1463 1654 1549 1687 Λόγος
1563 1652 1632 1679 Θεοῦ
1640 1652 1688 1678 καὶ
1701 1652 1802 1686 σύναρ-

182 1691 235 1718 Sed
252 1692 340 1726 potius
354 1691 428 1718 illum
445 1696 474 1719 ut
485 1692 594 1720 atheum
606 1692 736 1727 exagitas.
760 1693 900 1726 Quomodo
914 1701 964 1720 au-

181 1739 228 1764 des
249 1745 372 1765 aSSerere
388 1737 615 1769 Muhammedeur,
644 1737 794 1772 Christum,
816 1738 963 1770 Adamum,

182 1783 326 1816 prophetas
343 1783 421 1810 unius
438 1791 498 1810 esse
511 1783 615 1810 ordinis
627 1783 752 1818 parisque
765 1784 847 1811 sortis
867 1789 896 1812 et
923 1785 964 1811 di-

179 1828 293 1862 gnitatis
324 1828 394 1862 apud
422 1827 524 1855 Deum?
552 1833 578 1856 et
606 1835 666 1855 cum
691 1828 813 1857 Coranus
826 1834 887 1857 tuus
916 1836 964 1856 ore

179 1873 238 1906 ipso
251 1872 380 1900 Pachura:
410 1873 482 1899 dicat
508 1873 645 1900 Christum
672 1881 732 1901 esse
752 1874 867 1902 Verbum
895 1874 960 1908 Dei,

179 1926 264 1951 quare
277 1918 400 1945 asseritis
423 1918 498 1944 illum
523 1924 642 1946 creatum
672 1919 765 1952 fuisse,
781 1925 810 1946 ut
838 1919 962 1955 Multam-

177 1965 238 1990 med
253 1968 279 1990 et
296 1963 352 1989 alii.
368 1964 399 1990 Et
414 1963 436 1990 si
450 1963 588 1990 Christum
603 1969 644 1991 est
662 1963 777 1991 Verbum
793 1964 850 1997 Dei,
866 1972 914 1992 cur
928 1965 959 1992 il-

178 2008 235 2035 lum
253 2009 411 2043 prophetam
430 2016 521 2036 vocas.
553 2009 638 2042 Quem
668 2010 834 2037 inveniemus
854 2011 882 2037 in
908 2010 960 2038 Co-

177 2061 243 2080 rano
260 2059 305 2081 tuo
318 2055 424 2081 duobus
439 2055 481 2082 his
503 2055 658 2082 nominibus
681 2056 861 2090 designatum,
881 2055 959 2084 Jcsus

175 2099 311 2131 Christus,
328 2099 353 2126 id
368 2105 410 2126 est
424 2099 493 2127 Deus
506 2105 533 2127 et
545 2100 644 2128 homo?
658 2100 725 2134 Quis
753 2101 884 2136 propheta
919 2101 960 2129 di—

175 2150 234 2173 ctus
247 2146 378 2181 propheta
393 2151 419 2173 et
435 2146 582 2180 apostolus.

208 2249 333 2277 Christus
349 2255 389 2277 cst
405 2249 522 2277 Verbum
547 2250 592 2278 Dei
609 2257 636 2278 et
663 2251 717 2279 Deo
745 2259 863 2279 comvus.
884 2251 958 2285 Quo-

174 2295 254 2322 modo
265 2296 393 2323 convenit
407 2303 503 2323 nomen
518 2295 576 2328 Dei,
590 2296 713 2324 criminis
724 2303 751 2324 et
762 2298 873 2326 sceleris
897 2299 955 2333 puri

173 2345 200 2367 et
218 2340 390 2374 immortalis,
410 2341 511 2369 nomini
546 2342 618 2370 illius
632 2342 677 2376 qui
694 2343 719 2369 in
737 2349 848 2377 peccato
876 2349 956 2372 natus

172 2391 222 2420 est,
234 2387 279 2422 qui
291 2391 432 2421 peccatum
447 2389 533 2421 novit,
545 2392 573 2415 et
586 2389 612 2415 in
628 2389 747 2422 peccatis
763 2394 888 2418 mortuus
904 2396 955 2418 est.

207 2474 291 2502 Nobis
307 2482 360 2502 non
377 2481 418 2503 est
434 2481 603 2510 compertum
619 2476 807 2508 Mallumedem
824 2478 914 2507 verbis
928 2485 956 2507 et

170 2521 297 2555 operibus
311 2525 447 2554 potentem
466 2521 560 2554 luisse,
580 2521 650 2549 sicut
667 2521 718 2549 fuit
731 2522 796 2550 olim
808 2523 951 2558 Christus;

169 2568 232 2595 hinc
244 2567 366 2595 Coranus
392 2569 489 2596 asserit
507 2567 599 2597 Jesum
622 2569 761 2597 Christum
789 2571 863 2597 cruci
897 2579 950 2599 non

169 2614 253 2640 fuisse
267 2612 389 2646 alIixum,
407 2621 456 2641 nec
488 2618 634 2646 mortuum,
668 2622 701 2641 ne
730 2615 801 2642 illius
831 2623 952 2643 resurre-

170 2659 268 2686 ctionis
283 2659 444 2686 miraculum
466 2664 614 2693 constaret,
631 2660 677 2688 sed
693 2660 766 2687 illum
785 2661 856 2688 sicut
881 2661 953 2690 Deus

167 2705 299 2732 exsistere
314 2705 507 2732 immortalem.
523 2705 575 2732 Sed
605 2713 684 2733 crror
710 2710 753 2733 est
775 2711 802 2733 et
819 2708 951 2742 det-eptio.

167 2750 233 2777 Nam
251 2751 315 2778 licet
329 2752 432 2785 negetis
451 2751 524 2778 illius
543 2759 651 2778 crucem
670 2756 697 2779 et
712 2754 949 2785 resurrectionem,

1015 1708 1073 1734 χος,
1089 1699 1157 1725 ἀλλὰ
1182 1699 1230 1725 καὶ
1252 1698 1332 1726 ἄθεον
1353 1699 1436 1725 αὐτὸν
1460 1698 1609 1730 ἀποκαλεῖς
1626 1706 1633 1731 ;
1648 1698 1710 1728 Πῶς
1738 1696 1802 1723 τολ-

1017 1745 1069 1780 μᾷς
1086 1744 1188 1778 λέγειν,
1201 1744 1242 1770 ὅτι
1258 1744 1273 1770 ό
1294 1744 1456 1778 Μουχάμετ,
1470 1743 1517 1770 καὶ
1530 1745 1544 1770 6
1565 1743 1693 1778 Χριστὸς,
1713 1743 1762 1769 καὶ
1784 1742 1801 1768 ὁ

1021 1790 1116 1825 Ἀδὰμ,
1133 1790 1181 1816 καὶ
1196 1790 1220 1816 οἰ
1235 1790 1373 1824 προφῆται
1394 1789 1453 1821 ἑνός
1473 1790 1527 1815 εισι
1548 1789 1642 1820 τόπου,
1666 1788 1714 1815 καὶ
1733 1788 1801 1822 μιᾶς

1013 1834 1091 1868 ἀξίας
1105 1835 1181 1870 παρὰ
1196 1834 1235 1869 τῷ
1249 1834 1319 1869 Θεῷ.
1336 1835 1392 1860 Kal.
1407 1835 1437 1861 τὸ
1452 1834 1604 1870 Κουράνιόν
1620 1842 1679 1866 σου,
1702 1834 1799 1869 φησιν,

1013 1881 1046 1907 ἐκ
1064 1880 1198 1915 στόματος
1211 1879 1257 1906 τοῦ
1275 1881 1398 1916 Παχυρᾶ,
1414 1881 1454 1907 ὅτι
1470 1881 1485 1906 6
1499 1880 1616 1915 Χριστὸς
1632 1880 1719 1914 Λόγος
1737 1880 1800 1906 ἐστὶ

1012 1927 1059 1953 τοῦ
1078 1926 1157 1959 Θεοῦ,
1171 1926 1215 1952 διὰ
1232 1926 1260 1952 τί
1275 1926 1368 1960 λέγετε
1394 1926 1474 1952 αὑτὸν
1500 1926 1619 1958 κτιστδν,
1653 1925 1691 1956 ὡς
1714 1925 1799 1951 αὐτὸν

1012 1971 1176 2006 Μουχάμετ;
1192 1971 1279 1998 καὶτὸ
1293 1970 1396 1997 λοιπόν.
1417 1971 1470 1997 Ka‘t
1484 1971 1508 1997 εἰ
1524 1970 1609 2004 Λόγος
1634 1970 1703 1996 Θεοῦ
1720 1971 1798 1996 ἐστιν

1011 2017 1026 2043 ὀ
1040 2016 1168 2051 Χριστὸς,
1187 2016 1246 2047 πῶς
1261 2015 1343 2042 αὐτὸν
1364 2016 1509 2051 προφήτην
1525 2016 1632 2048 καλεῖς;
1647 2016 1728 2042 Ποῖον
1746 2014 1798 2041 εὖ-

1012 2070 1096 2098 ρομεν
1110 2063 1140 2088 ὲν
1152 2061 1191 2096 τῷ
1209 2062 1354 2097 Κουρανίῳ
1367 2070 1414 2087 σου
1427 2061 1522 2096 ἔχοντα
1540 2062 1587 2088 δύο
1606 2062 1727 2097 ὀνόματα
1740 2062 1798 2097 ’1η-

1011 2107 1074 2134 σοῦν
1090 2108 1220 2142 Χριστὸν,
1235 2107 1306 2133 τοῦτ’
1320 2107 1394 2134 ἔστιν
1416 2108 1482 2139 Θεὸς
1502 2108 1550 2133 καὶ
1565 2107 1709 2142 ἄνθρωπος
1724 2107 1798 2140 ςΔιὰ

1011 2154 1088 2181 ποῖον
1106 2157 1250 2189 προφήτην
1265 2151 1342 2180 εἶπον
1352 2154 1493 2189 προφήτην
1506 2153 1553 2180 καὶ
1571 2152 1741 2186 ἀπόστολονς

1051 2249 1080 2276 '0
1089 2249 1216 2284 Χριστὸς,
1225 2249 1310 2282 Λόγος
1323 2249 1397 2275 ἐστὶν
1414 2248 1460 2275 τοῦ
1475 2248 1554 2279 Θεοῦ,
1583 2248 1631 2275 καὶ
1647 2247 1795 2282 σύναρχος.

1008 2294 1071 2325 Πῶς
1091 2294 1180 2320 ἔοικεν
1195 2294 1226 2320 τὸ
1249 2294 1335 2329 ὄνομα
1349 2293 1396 2320 τοῦ
1417 2293 1485 2319 Θεοῦ
1514 2292 1561 2319 τοῦ
1585 2293 1794 2327 ἁναμαρτήτου,

1008 2340 1054 2366 καὶ
1068 2339 1216 2371 ἀθανάτου,
1231 2339 1271 2374 τῷ
1283 2339 1395 2373 ὀνόματι
1406 2338 1452 2364 τοῦ
1462 2337 1491 2370 ἐξ
1499 2337 1636 2372 ἁμαρτίας
1648 2337 1795 2372 γεννηθέν-

1006 2395 1064 2418 τος,
1085 2386 1132 2413 καὶ
1145 2385 1194 2417 τὰς
1212 2385 1350 2421 ἁμαρτίας
1369 2385 1564 2419 γνωρίσαντος,
1580 2384 1627 2411 καὶ
1642 2384 1672 2410 ὲν
1695 2383 1794 2415 αὐταῖς

1006 2431 1099 2463 κακῶς
1109 2430 1291 2461 ἀποθανόντος
1302 2438 1310 2462 ;

1042 2477 1099 2504 Οὐκ
1113 2477 1223 2511 οἴδαμεν
1243 2476 1289 2503 τὸν
1300 2476 1450 2511 Μουχάμετ
1462 2477 1575 2503 δυνατὸν
1592 2477 1621 2503 ὲν
1650 2476 1724 2512 ἔργῳ
1741 2476 1792 2503 καὶ

1006 2523 1088 2558 λόγῳ,
1106 2523 1200 2558 ὥσπερ
1213 2523 1257 2549 τὸν
1268 2523 1397 2558 Χριστόν.
1416 2523 1466 2549 Διὰ
1479 2523 1556 2549 τοῦτο
1571 2523 1646 2557 λέγει
1661 2523 1692 2549 τὸ
1716 2523 1791 2550 Koo-

1007 2569 1096 2605 ράνιόν
1114 2576 1172 2601 σου,
1187 2569 1228 2595 ὅτι
1243 2568 1289 2596 τὸν
1305 2568 1411 2603 Ἰησοῦν
1423 2569 1541 2603 Χριστὸν
1558 2567 1621 2595 οὔτε
1644 2562 1791 2604 ἐσταύρω-

1006 2623 1067 2646 σαν,
1086 2614 1148 2641 οὔτε
1159 2615 1317 2648 ἐφόνευσαν,
1330 2614 1374 2641 διὰ
1384 2614 1414 2640 τὸ
1426 2614 1462 2649 μὴ
1485 2615 1640 2650 φανερῶσαι
1654 2615 1704 2650 τὴν
1721 2615 1791 2642 ἀνά-ι

1006 2668 1100 2686 στασιν
1111 2659 1252 2691 αὑτοῦ,ὅτι
1264 2659 1397 2689 ἀθάνατος
1407 2659 1523 2694 ὑπάρχει
1535 2659 1606 2685 καθὰ
1613 2659 1693 2691 Θεός.
1707 2659 1791 2686 ’Λλλὰ

1005 2705 1193 2740 πεπλάνησθε.
1213 2705 1269 2740 Τὴν
1293 2705 1347 2740 γὰρ
1367 2705 1522 2740 σταύρωσιν
1532 2705 1615 2731 αὐτοῦ
1627 2706 1788 2740 ἀρνούμενοι

1002 2751 1048 2777 καὶ
1058 2751 1107 2786 τὴν
1130 2751 1288 2783 ἀνάστασιν,
1307 2751 1357 2786 τὴν
1383 2751 1438 2777 τῶν
1459 2751 1564 2785 νεκρῶν
1593 2750 1785 2784 ἐξανάστασιν,

166 2802 304 2828 nunquam
323 2796 450 2829 poteritis
469 2803 569 2830 negare
596 2796 825 2824 resurrectionem
855 2805 949 2826 eorum

1019 2797 1044 2828 ὃς
1063 2797 1222 2833 ἀνέστησεν,
1240 2797 1270 2824 οὐ
1284 2797 1396 2824 δύνασαι
1412 2798 1594 2832 ἀρνήσασθαι.
1618 2798 1656 2824 Τὸ
1671 2800 1785 2833 σημεῖον

165 2847 233 2872 quos
248 2847 279 2867 cx
296 2841 411 2869 mortuis
439 2840 578 2869 excitavit.
596 2840 651 2869 lloc
664 2841 770 2876 signum
788 2843 835 2870 tibi
851 2843 948 2872 sullieit

998 2844 1079 2878 ἀρκεῖ
1095 2851 1147 2877 σοι,
1165 2843 1206 2870 ὅτι
1222 2843 1283 2875 τοὺς
1296 2843 1410 2878 νεκροὺς
1431 2842 1548 2870 ἁνιστῶν
1563 2843 1645 2876 αὐτὸς
1659 2844 1710 2871 οὐκ
1725 2845 1784 2871 ἐνε-
