1932 3067
153 161 219 194 1397

739 159 974 190 CONFUTATIO
1004 162 1182 193 AGARENI.

1707 160 1773 192 1398

150 217 251 254 κροῦτο
271 215 393 250 πώποτε,
407 215 464 242 ἀλλ’
478 215 516 246 ὡς
537 214 604 246 Θεὸς
629 214 762 246 ἀθάνατός
775 215 860 242 ἐστιν.
873 215 929 247 Πῶς

987 219 1059 251 quod
1076 224 1195 247 mortuos
1213 217 1351 245 viviﬁcans
1385 218 1443 253 ipse
1471 218 1550 244 morti
1576 225 1627 244 non
1647 217 1696 243 fuit
1721 218 1770 244 ott-

156 263 225 298 γοῦν,
247 262 272 288 εί
291 261 425 292 ἀθάνατός
454 260 539 293 ἐστιν,
564 260 612 286 καὶ
633 259 761 294 ποιητὴς,
796 260 844 286 καὶ
866 260 931 292 τοὺς

149 308 262 343 νεκροὺς
278 306 405 338 ἁνιστῶν,
420 306 450 337 ἐξ
463 305 523 332 ἴσου
533 304 606 339 αὐτῷ
619 304 664 331 τὸν
681 304 811 339 Μαχόμετ
824 306 912 336 ποιεῖς
925 313 932 337 ;

149 353 194 387 Μὴ
209 354 223 379 ό
239 352 387 387 Μουχάμετ
400 351 484 379 ἀνέϐη
497 351 526 377 ὲν
534 349 701 385 ἁλαλαγμῷ;
716 350 784 376 Οὔτε
797 350 930 377 ἐκάλεσαν

149 398 173 424 οἱ
190 398 301 432 ἄγγελοι
318 397 494 431 γεννηθέντα,
508 396 538 422 οὐ
552 395 711 430 ποιηθέντα,
724 396 749 422 εί
767 396 805 431 μὴ
820 396 866 422 τὸν
878 396 933 423 Κύ-

149 451 207 478 ριον
225 443 303 478 ἡμῶν
323 442 426 478 Ἰησοῦν
444 441 572 477 Χριστόν.
591 441 646 469 Kal
671 442 719 468 ἐπὶ
734 441 783 468 τοῦ
807 441 927 478 Χριστοῦ

148 488 298 522 ἀνεϐόησαν
308 487 349 520 τὺ,
362 497 372 513 ί
382 487 451 519 Δόξα
469 487 499 513 ἐν
518 487 640 521 ὑψίστοις
653 486 724 521 Θεῷ,
748 487 795 514 καὶ
822 487 869 514 ἐπὶ
883 488 933 522 τῆς

148 534 199 568 γῆς
220 533 327 568 είρήνη,
344 533 372 558 ἐν
396 531 549 566 ἀνθρώποις
565 531 682 559 εὐδοκία.
698 541 708 558 ι
726 532 850 567 Σήμερον
877 532 932 568 γὰρ

147 578 280 613 ἐγεννήθη
294 578 400 604 παιδίον
408 577 466 604 νέον
477 578 491 603 ὁ
506 577 557 612 πρὸ
567 577 672 604 αἰώνων
679 577 755 609 Θεός.
763 587 772 604 t
788 577 931 613 Πεπλανη-

149 624 224 658 μένε,
242 624 358 650 ἄκουσον
373 623 428 656 τὸ,‹
444 624 556 658 Χαῖρε,›
572 623 624 649 ὑπὸ
636 622 683 649 τοῦ
695 623 868 658 ἀρχαγγέλου
880 624 932 650 Γα-

146 669 228 704 ϐριὴλ
242 669 310 703 πρὸς
327 669 377 703 τὴν
393 668 531 702 παναγίαν
553 668 701 702 Παρθένον,
711 669 751 694 ὅτι
768 677 777 693 ι
796 669 810 695 ὁ
829 668 932 703 Κύριος

148 714 218 748 μετὰ
241 714 299 746 σοῦ,
329 714 375 740 καὶ
393 714 508 748 δύναμις
535 713 662 747 Ὑψίστου
685 713 841 739 ἐπισκιάσει
857 721 924 739 σοι.»

147 757 247 789 Καθὼς
261 757 372 789 ἀκούεις
383 759 415 784 ὲκ
429 757 476 783 τοῦ
492 756 589 791 κεφαλ.
603 760 636 783 ια’
649 757 688 788 είς
700 756 750 791 τὴν
761 757 871 791 γραφὴν
882 755 930 783 τοῦ

147 803 293 838 Ζαχαρίου.
313 803 369 828 Kal
383 803 400 837 ή
418 802 554 838 Παρθὲνος
565 803 593 828 ὲν
606 801 662 836 ναῷ
677 802 779 836 Κυρίου
802 802 928 837 παραγέ-

146 856 235 881 γονεν.
260 849 313 875 Καὶ
328 849 445 883 ἄγγελος
460 848 563 884 Κυρίου
577 848 680 883 τροφὴν
698 848 820 882 κομίζων
840 848 925 883 αὐτῇ,

987 264 1094 290 noxius.
1113 263 1167 291 Sed
1181 264 1251 291 sicut
1264 263 1335 291 Deus
1348 263 1393 291 ille
1415 264 1472 296 ipse
1491 268 1534 290 est
1546 263 1717 290 immortalis.
1742 262 1770 289 Si

984 315 1050 334 vero
1079 311 1120 334 est
1151 308 1324 340 immortalis,
1354 308 1489 341 conditor,
1509 313 1537 335 et
1563 315 1683 335 mortuos
1709 309 1771 336 vita:

985 353 1105 386 pristina:
1120 353 1275 386 restituens,
1289 354 1425 388 quomodo
1440 354 1514 380 illum
1532 353 1713 381 Multamtuedi
1731 354 1770 382 si-

984 398 1075 426 milem
1092 403 1120 426 et
1136 407 1229 433 parent
1247 400 1400 427 constituis.
1413 399 1472 427 Non
1484 399 1655 426 Muhammed
1672 406 1770 427 ascen-

985 443 1023 470 dit
1035 443 1062 470 in
1075 444 1174 470 coelum
1183 444 1344 480 cumjubilis
1357 449 1385 472 et
1400 445 1656 472 acclamationibus.
1675 446 1770 480 Neque

984 488 1072 522 angeli
1087 488 1170 515 alium
1186 489 1337 516 increatum
1354 495 1381 516 et
1397 490 1516 525 genitum
1529 490 1587 517 suis
1608 490 1770 518 clamoribus

983 537 1047 560 sunt
1076 534 1209 567 prosecuti
1238 541 1319 569 quam
1347 535 1503 562 Dominum'
1525 541 1646 562 nostrum
1677 534 1768 563 Jesum

982 577 1130 610 Christum,
1147 584 1173 605 et
1186 579 1243 607 solo
1259 584 1385 607 nascente
1405 579 1514 606 Christo
1543 580 1569 606 in
1587 581 1635 606 has
1667 587 1768 613 erupe-

984 629 1045 650 runt
1058 631 1136 651 voces
1152 634 1159 651 :
1177 624 1266 652 Gloria
1281 626 1307 652 in
1332 625 1448 652 excelsis
1467 625 1532 656 Deo,
1546 626 1573 652 iu
1601 631 1672 653 terra
1701 634 1766 660 pax,

981 676 1044 702 erga
1073 668 1196 696 homines
1216 670 1286 696 bona
1302 670 1437 702 voluntas,
1466 662 1545 697 li'odie
1566 671 1664 704 quippe
1689 677 1769 699 natus

982 718 1023 740 est
1052 713 1139 741 infans
1172 722 1267 746 novus,
1290 715 1391 749 quiest
1425 715 1494 742 Deus
1519 721 1583 742 ante
1609 716 1715 744 saecula.
1744 717 1767 744 0

981 759 1119 786 erroribus
1142 760 1260 786 obnoxie
1274 779 1283 792 ,
1302 761 1365 788 audi
1391 761 1506 788 salutent
1533 762 1687 797 archangeli
1710 762 1766 790 Ga-

982 803 1073 831 brielis
1096 811 1148 838 qua
1177 805 1379 832 sanctissimam
1407 805 1542 840 Virginem
1580 807 1764 835 adoriebatur.

981 847 1114 875 Nimirum
1139 857 1146 876 :
1176 849 1305 877 Dominus
1320 855 1419 877 -tecum
1435 870 1443 882 ,
1470 851 1555 878 virtus
1585 851 1718 878 Altissimi
1742 857 1768 879 te

146 896 178 920 ὲκ
191 895 239 930 τῆς
252 894 360 930 γραφῆς
374 894 421 921 τοῦ
432 894 577 929 Ζαχαρίου.
591 894 647 920 Kal
661 893 753 925 πάλιν,
765 893 798 919 τὰ
812 893 928 928 οὐράνια

982 894 1170 927 ndumbrabit,
1194 895 1264 922 sicut
1297 895 1361 922 illud
1399 895 1508 922 auditur
1534 900 1562 922 et
1583 896 1708 923 hauritur
1732 903 1764 924 ex

146 941 236 968 πάντα
250 940 399 974 ἐξέστησαν
413 941 453 971 είς
465 940 514 975 τὴν
530 940 655 974 γέννησιν
669 939 716 966 τοῦ
738 938 800 965 νέου
822 938 930 966 παιδίου

144 986 192 1013 τοῦ
202 987 254 1022 πρὸ
266 987 372 1013 αἰώνων
382 986 458 1013 Θεοῦ.
480 986 526 1012 Διὺ
547 986 573 1012 οἱ
595 985 707 1020 ἄγγελοι
725 985 863 1021 προσῆγον
879 985 928 1012 τὸν

145 1031 240 1065 ὕμνον,
253 1033 278 1058 oi
295 1031 423 1066 ποίμενες
439 1030 470 1057 τὸ
485 1030 589 1065 θαῦμα,
609 1031 626 1065 ή
639 1030 675 1064 γῆ
693 1030 723 1056 τδ
746 1029 891 1064 σπήλαιον,
908 1029 925 1064 ή

144 1075 245 1111 ἕρημος
255 1075 304 1110 τὴν
316 1076 430 1110 φάτνην,
447 1075 472 1101 oi
488 1075 599 1110 οὐρανοὶ
613 1075 659 1101 τδν
675 1074 789 1109 ἀστέρα,
803 1075 828 1100 oi.
839 1074 931 1108 Μάγοι

143 1122 178 1148 τὰ
190 1119 374 1156 δῶρα.οὖτως
390 1120 509 1155 ὑπάρχει
524 1121 540 1154 ή
553 1120 679 1154 γέννησις
693 1119 740 1146 τοῦ
751 1119 819 1146 Θεοῦ
831 1119 929 1154 Λόγου.

144 1168 200 1194 Kal
216 1167 247 1193 τὸ
274 1166 425 1201 Κουράνιον
449 1165 578 1200 προσθεὶς
602 1164 676 1199 λέγει
693 1163 800 1196 οὕτως·
833 1163 931 1191 Ἦνίκα

145 1212 278 1246 ἐγεννήθη
286 1212 300 1238 ό
311 1212 396 1245 Λόγος
411 1211 458 1237 τοῦ
468 1210 536 1237 Θεοῦ
548 1212 605 1243 τοῖς
618 1210 779 1246 δορυφόροις
787 1209 928 1245 συνέτυχε.

144 1258 200 1285 Kal
221 1258 311 1284 λασὼν
323 1257 408 1292 πηλὸν
435 1257 568 1292 πεποίηκε
598 1256 725 1291 πτερωτὰ
749 1257 798 1283 καὶ
823 1255 931 1291 ἑρπετὰ

142 1303 276 1338 ἥσθησαν.
296 1303 356 1334 Πῶς
371 1303 420 1337 οὐχ
434 1299 512 1338 εὖρον
532 1303 560 1329 έν
574 1301 612 1337 τῷ
642 1301 788 1336 Κουρανίῳ
808 1309 856 1327 σου
878 1301 930 1327 κᾶν

143 1348 193 1374 ἕνα
209 1348 318 1374 ἔπαινον
329 1347 377 1374 τοῦ
390 1348 553 1382 Μουχάμετ,
582 1347 631 1374 καὶ
656 1347 707 1381 τῆς
723 1347 827 1383 μητρὸς
844 1346 930 1373 αὐτοῦ

144 1394 276 1429 Ὶεμενᾶς,
300 1394 390 1425 καθὼς
409 1394 508 1428 εὑρέθη
537 1393 567 1419 ἐν
582 1393 621 1427 τῷ
639 1392 782 1428 Κουρινίῳ
806 1401 853 1419 σου
881 1392 927 1419 διὰ

144 1439 246 1474 Κύριον
259 1440 339 1474 ήμῶν
354 1439 458 1472 Ἰησοῦν
470 1438 597 1474 Χριστὸν,
613 1439 660 1465 καὶ
678 1438 729 1474 τὴν
752 1438 832 1472 ἁγίαν
852 1439 927 1473 Παρ-

145 1485 220 1512 θένον
233 1486 349 1520 Μαριὰμ
362 1486 409 1511 καὶ
420 1485 568 1518 Θεοτόκον;
581 1484 668 1511 Πόθεν
683 1482 729 1510 οὖν
741 1484 834 1515 καλεῖς
850 1483 930 1510 αὐτὸν

143 1531 256 1565 ἀδελφὸν
267 1530 313 1556 τοῦ
330 1530 468 1566 Χριστοῦ;
489 1530 525 1556 ’Ἡ
535 1529 628 1565 ἕτερον
655 1530 800 1565 προφήτην
817 1530 847 1562 ἐξ
870 1530 930 1567 ῐσης

143 1577 183 1612 τῷ
192 1576 311 1611 Χριστῷ,
322 1576 435 1610 πλάσμα
449 1575 523 1606 ὄντες
534 1575 582 1601 τοῦ
597 1574 665 1601 Θεοῦ
679 1575 778 1608 Λόγου,
792 1575 839 1601 καὶ
851 1575 929 1609 περί-

144 1630 262 1657 γραπτοι
283 1623 330 1648 καὶ
346 1621 449 1656 θνητοί,
479 1621 526 1647 καὶ
543 1619 674 1655 φθαρτοὶ,
692 1620 751 1651 πῶς
777 1620 928 1652 έξισοῦνται

144 1669 184 1703 τῷ
199 1669 258 1703 Θεῷ
275 1668 353 1703 Λόγῳ
367 1667 478 1702 ἁνάρχῳ
493 1666 541 1693 καὶ
555 1666 727 1702 ἀτελευτήτῳ
744 1665 801 1693 όντι
814 1675 821 1699 ;

981 939 1067 973 capite
1077 947 1104 966 χι
1120 939 1180 966 libri
1201 947 1246 967 seu
1263 941 1356 974 scripti
1379 940 1518 967 Zachariae
1536 947 1544 967 :
1570 941 1601 968 Et
1614 941 1694 976 Virgo
1709 947 1768 969 erat

981 984 1006 1010 in
1022 983 1129 1018 templo,
1143 987 1170 1010 et
1195 985 1306 1018 angelus
1329 985 1435 1011 Domini
1456 985 1492 1011 illi
1527 985 1700 1012 ministrabat
1725 985 1767 1012 vi-

980 1034 1063 1056 ctum.
1080 1028 1118 1055 Ex
1136 1029 1229 1056 eodem
1242 1029 1343 1064 scripto
1356 1029 1657 1061 Zachariae,etrursus:
1671 1029 1765 1056 Omnia

980 1074 1098 1101 cmlestia
1116 1079 1251 1102 connuota
1268 1075 1369 1102 suntin
1387 1075 1529 1102 nativitate
1545 1075 1607 1102 novi
1624 1075 1701 1109 pueri
1719 1075 1766 1109 qui

980 1124 1039 1147 erat
1051 1119 1122 1147 Deus
1143 1124 1205 1147 ante
1218 1120 1331 1154 saecula;
1349 1126 1517 1155 quapropter
1529 1120 1617 1153 angeli
1638 1121 1766 1156 hymnn'n

980 1165 1193 1200 suppeditarunt,
1207 1171 1330 1199 pastores
1340 1166 1558 1198 admirationem,
1571 1170 1642 1193 terra
1654 1165 1764 1200 spelun~

980 1218 1051 1243 cam,
1064 1210 1201 1238 desertum
1216 1218 1354 1246 praesaepe,
1377 1212 1439 1239 cmii
1464 1212 1582 1243 stellam,
1596 1211 1666 1245 magi
1683 1211 1764 1238 dotta.

981 1255 1053 1283 'i'alis
1067 1256 1171 1283 exstitit
1200 1256 1330 1284 nativitas
1346 1256 1392 1283 Dei
1406 1256 1498 1284 Verbi.
1514 1256 1567 1284 Sed
1579 1257 1697 1283 addatur
1709 1256 1767 1290 ipse

979 1301 1101 1329 Coranus
1110 1302 1156 1336 qui
1170 1302 1209 1330 sic
1221 1303 1340 1337 loquitur
1355 1302 1516 1337 :Postquam
1526 1308 1604 1330 natus
1614 1307 1687 1330 esset
1700 1302 1767 1329 Ver-

981 1347 1042 1374 bum
1052 1347 1186 1380 Dei,forte
1199 1355 1261 1375 cum
1277 1348 1407 1375 militibus
1422 1349 1646 1380 conversabatur,
1661 1348 1767 1382 accepit

980 1401 1045 1420 vero
1061 1393 1144 1420 lutum
1159 1394 1259 1428 illoque
1273 1393 1377 1421 eiﬁnxit
1390 1394 1517 1421 animalia
1548 1395 1670 1429 quaedam
1688 1393 1766 1421 vola-

981 1438 1036 1465 tilia
1050 1443 1078 1466 et.
1097 1439 1200 1474 reptilia
1213 1447 1294 1467 sensu
1309 1440 1420 1467 omnino
1446 1440 1568 1474 praedita.
1584 1439 1674 1472 Quare
1700 1446 1767 1466 vero
1788 1462 1795 1469 ,

980 1486 1006 1512 in
1019 1490 1074 1512 toto
1085 1485 1194 1513 C0rano
1209 1486 1282 1513 nulla
1314 1486 1509 1513 Muhammedis
1526 1485 1568 1512 vel
1593 1485 1687 1512 matris
1707 1485 1767 1518 ejus

979 1530 1098 1558 leniente
1109 1531 1404 1564 occurruutencomia,
1421 1531 1492 1559 sicut
1505 1531 1684 1558 inveniuntur
1704 1538 1766 1566 qua:

980 1580 1105 1610 spectant
1120 1575 1261 1602 Dominum
1291 1581 1413 1603 nostrum
1441 1575 1532 1604 Jesum
1567 1576 1716 1608 Christum,
1737 1580 1766 1603 et

981 1626 1103 1647 sanctam
1115 1621 1174 1654 ejus
1197 1620 1308 1648 Matrem
1332 1621 1468 1656 Virginem
1499 1621 1545 1648 Dei
1579 1621 1765 1649 Genitricem?

982 1665 1060 1693 Unde
1075 1666 1104 1692 lit
1115 1665 1184 1699 quod
1196 1665 1270 1692 illum
1283 1673 1364 1693 vocas
1374 1665 1486 1693 fratrem
1501 1666 1619 1693 Christi?
1629 1668 1681 1693 Aut
1695 1673 1765 1700 quu-

146 1716 226 1742 modo
239 1715 319 1741 alium
338 1714 494 1748 prophetam
509 1713 628 1748 mquabis
641 1713 838 1746 Christo,cutn
860 1712 910 1747 ipsi
929 1712 984 1739 sint
998 1720 1080 1747 opera
1109 1712 1157 1739 Dei
1194 1712 1274 1740 Verbi
1290 1713 1302 1739 *ί
1318 1713 1352 1740 Ει
1381 1721 1442 1740 cum
1467 1714 1523 1740 sint
1554 1711 1764 1747 circumscripti.

146 1761 273 1790 mortales
298 1765 325 1788 et
346 1760 544 1796 cOi-ruptibiles,
569 1761 705 1795 quomodo
730 1760 909 1796 aequabuntur
930 1760 984 1789 Deo
1012 1758 1100 1787 Verbo
1116 1759 1187 1795 quod
1201 1763 1276 1788 caret
1293 1760 1428 1796 principio
1442 1764 1470 1788 et
1483 1760 1562 1788 line?

182 1850 237 1878 Kal
251 1850 318 1883 πῶς,
333 1849 457 1884 λέγοντός
472 1858 534 1885 μου,
549 1850 593 1877 δτι
609 1851 623 1877 ὁ
645 1850 763 1886 Χριστὸς
779 1851 846 1883 Υἱὸς
860 1851 929 1878 Θεοῦ

147 1897 216 1929 ἐστι,
230 1896 277 1923 καὶ
294 1896 379 1930 Λόγος
393 1896 472 1927 Θεοῦ,
485 1896 576 1930 λέγεις
592 1897 635 1929 σὺ,
645 1897 698 1924 Kal
714 1897 728 1922 6
747 1896 832 1931 Ἀδὰμ
844 1897 931 1931 Λόγος

146 1943 206 1968 ἐστὶ
221 1942 267 1968 τοῦ
285 1943 353 1967 θεοῦ
363 1950 371 1974 ;
382 1941 435 1967 Kal
446 1941 487 1967 ὅτι
498 1942 512 1968 ό
525 1942 643 1976 Χριστὸς
659 1942 761 1976 σημεῖα
769 1943 816 1968 καὶ
828 1942 932 1977 τέρατα

147 1988 285 2022 ἐποίησεν,
303 1988 350 2013 καὶ
361 1988 402 2014 ὃτι
419 1987 483 2014 ἄνευ
500 1988 606 2021 σπορᾶς
620 1987 729 2022 ἐτέχθη,
746 1987 793 2013 καὶ
806 1987 932 2022 ἀναμάρ-

146 2034 226 2069 τητός
241 2035 325 2066 ἐστιν,
342 2034 421 2068 ὑμεῖς
443 2042 523 2068 φατε,
539 2034 580 2059 ὅτι
602 2034 649 2060 καὶ
675 2034 690 2060 6
717 2033 803 2068 ’Δδὰμ
826 2033 928 2067 ὅμοιος.

146 2080 201 2106 Kal
217 2080 257 2106 ὄτι
273 2079 333 2105 οὐδὲ
348 2080 420 2114 ἴχνος
431 2079 569 2114 ἁμαρτίας
584 2079 649 2114 παρ’
672 2078 746 2113 αὐτῷ
757 2078 868 2113 Χριστῷ
882 2079 930 2105 ὲσσ-

144 2134 197 2158 τιν,
210 2125 310 2159 λέγεις,
322 2125 377 2150 Καὶ
393 2124 503 2159 Ἰωάννῃ
518 2124 549 2150 τὸ
561 2124 626 2150 αὑτό
637 2132 643 2139 ·
652 2124 706 2150 Kal
718 2123 745 2150 τὶ
756 2123 928 2158 θαυμαστόνς

145 2170 200 2196 Καὶ
211 2170 275 2195 ὅταν
291 2169 364 2203 λέγω
375 2170 415 2196 ὅτι
427 2171 540 2205 νεκροὺς
551 2170 710 2205 ἀνέστησεν,
724 2169 771 2196 καὶ
786 2169 865 2204 ὑμεῖς
888 2168 930 2196 λέ-

1017 1852 1108 1885 Quare
1129 1860 1204 1887 vero,
1220 1860 1262 1880 me
1279 1857 1419 1880 asserente
1442 1852 1579 1880 Christum
1593 1858 1653 1879 esse
1668 1851 1765 1878 Filiqu

984 1898 1030 1925 Dei
1044 1903 1071 1926 et
1085 1898 1204 1927 Verbum
1220 1898 1279 1931 Dei,
1305 1900 1407 1934 reget-Is
1422 1897 1556 1925 Ada‘m’um
1573 1904 1633 1924 esse
1652 1891 1765 1924 verbum

984 1944 1051 1971 Dei?
1062 1944 1128 1971 Cutn
1141 1945 1201 1972 dico
1210 1944 1349 1972 Christum
1364 1945 1440 1979 signa
1449 1942 1476 1971 et
1491 1943 1619 1970 miracula
1631 1948 1764 1976 patrasse,

983 1994 1010 2016 et
1026 1990 1086 2017 sine
1111 1990 1215 2017 semine
1230 1995 1333 2022 uatum,
1349 1994 1376 2016 et
1398 1989 1471 2016 nulla
1494 1988 1599 2022 peccati
1635 1987 1695 2014 labe
1725 1986 1767 2013 in-

983 2035 1135 2069 quinatum.
1153 2042 1201 2061 cur
1215 2034 1304 2061 dicitis
1331 2034 1401 2060 idem
1432 2040 1577 2060 occurrere
1593 2032 1620 2059 in
1636 2031 1767 2059 Adamo?

982 2087 1032 2107 cur
1042 2080 1167 2107 asseritis
1184 2081 1267 2114 qttod,
1285 2079 1307 2106 si
1324 2079 1350 2106 in
1367 2078 1475 2106 Christo
1491 2077 1564 2105 nulla
1590 2076 1768 2111 apparuerint

983 2124 1084 2158 peccati
1110 2125 1234 2158 vestigia,
1260 2124 1330 2151 idem
1360 2124 1392 2151 de
1414 2122 1517 2150 Joanne
1545 2122 1598 2149 dici
1624 2121 1721 2155 possit,
1739 2125 1768 2148 et

983 2171 1034 2197 hoc
1046 2170 1116 2197 inter
1128 2170 1250 2197 miranda
1277 2177 1328 2196 non
1342 2176 1402 2196 esse
1418 2169 1610 2195 recensendum
1623 2167 1635 2194 ’ἶ
1647 2167 1681 2194 Ει
1702 2174 1765 2194 cum

145 2217 284 2249 γετε,Καὶ
305 2216 397 2247 Ἠλίας
419 2216 578 2251 ἀνέστησεν.
594 2217 649 2242 Kal
673 2215 706 2242 ἂν
721 2215 777 2249 ἐγὼ
795 2216 878 2250 λέγω,
901 2216 929 2243 ’0

982 2223 1075 2243 assero
1103 2214 1240 2242 Christum
1273 2220 1393 2242 mortuos
1417 2214 1563 2244 excitas5e,
1593 2219 1642 2239 cur
1676 2211 1766 2240 dicitis

145 2259 247 2294 Κύριος
260 2260 396 2295 ἀνελήφθη
409 2261 450 2292 είς
460 2261 603 2296 οὐρανοὺς,
614 2261 719 2294 λέγετε,
737 2261 791 2287 Kal
804 2261 830 2287 τί
843 2261 931 2296 παρά-

165 2305 234 2338 ωξονς
249 2306 297 2332 καὶ
314 2307 328 2332 ὁ
345 2306 429 2341 Ἑνὼχ
443 2307 553 2341 ὁμοίως.
570 2307 698 2342 Ἕτοιμός
721 2307 780 2342 εἰμι
801 2308 815 2334 ὁ
832 2315 931 2334 ταπει-

145 2350 190 2381 νὸς
222 2351 362 2386 Ἐδεσηνὸς
390 2352 504 2387 μοναχὺς
530 2352 638 2387 ἐλέγξαι
664 2361 695 2379 σε
728 2353 793 2387 περὶ
822 2353 930 2379 πάντων

146 2393 182 2422 ὧν
199 2395 288 2430 λέγεις
311 2396 530 2431 διαψευδὸμενος.
545 2395 580 2423 Ὦ
592 2398 689 2432 ἀνόητε
711 2398 762 2424 κᾶν
788 2398 870 2433 λέγῃς
888 2398 930 2424 ὅτι

145 2442 159 2467 6
171 2441 260 2476 Ἀδὰμ
274 2441 361 2468 ἔοικεν
376 2442 414 2476 τῷ
424 2442 535 2477 Χριστῷ
546 2443 590 2469 διὰ
599 2443 640 2474 τὸ,
661 2443 698 2474 ὡς
715 2442 930 2478 πρωτόπλαστος

144 2484 190 2522 ἦν,
209 2487 256 2512 καὶ
265 2486 329 2513 ἄνευ
343 2488 447 2522 σπορᾶς
459 2485 504 2522 ἦν,
519 2487 612 2514 λοιπὸν
626 2489 672 2514 καὶ
696 2489 710 2515 6
735 2487 844 2523 πρῶτος
860 2488 929 2522 ἀγα-

145 2532 263 2567 τίδαρος,
278 2533 325 2559 καὶ
337 2534 350 2559 ὁ
363 2533 446 2564 κύων,
461 2533 507 2559 καὶ¹
523 2534 537 2559 ὁ
553 2533 615 2567 ὄφις
640 2534 704 2560 ἄνευ
727 2535 833 2568 σπορᾶς
848 2534 928 2566 εἰσιν,

145 2579 193 2604 καὶ
210 2579 327 2610 ἐοίκασι,
343 2579 413 2605 κατὰ
425 2578 470 2605 τὶν
486 2579 532 2605 σὺν
544 2579 633 2613 λόγον,
646 2580 693 2605 καὶ
711 2579 749 2614 τῷ
770 2579 867 2614 Ἀδὰμ.
882 2580 929 2606 καὶ

145 2624 184 2660 τῷ
213 2624 334 2659 Χριστῷ.
365 2625 420 2650 Kal
445 2624 557 2651 αὐτόθεν
586 2624 658 2659 λέγω
683 2633 747 2651 σοι’
780 2625 809 2651 Ὁ
845 2625 929 2659 ’Λδᾶιμ

145 2668 252 2703 ποίημά
264 2669 337 2695 ἐστιν
360 2668 406 2695 τοῦ
427 2668 495 2694 Θεοῦ
522 2669 621 2702 Λόγου.
648 2670 703 2696 Kal
728 2670 742 2696 ὁ
765 2669 854 2703 Λόγος
880 2670 928 2696 τοῦ

145 2713 223 2748 Θεοῦ,
239 2713 356 2749 Χριστός
375 2715 458 2740 ἐστιν.
479 2713 534 2741 Kal
551 2714 608 2745 πῶς
620 2714 692 2746 ἴσους
706 2716 791 2746 ποιεῖς
805 2723 812 2747 ;
831 2715 860 2741 '0
884 2715 929 2740 ’A-

146 2760 200 2794 δὰμ
212 2759 304 2791 δοῦλος
319 2760 366 2785 καὶ
381 2760 529 2794 ὑπουργὸς,
557 2761 606 2787 καὶ
622 2761 731 2796 παρέϐη
746 2760 796 2795 τὴν
817 2761 929 2796 ἐντολὴν

147 2804 192 2830 τοῦ
207 2804 343 2837 Θεοῦ,καὶ
355 2805 518 2840 ἁμαρτήσας
532 2805 670 2841 ἐξωρίσθη
685 2806 731 2832 τοῦ
747 2806 927 2840 παραδείσου.

149 2847 203 2875 Kal
216 2847 274 2880 πῶς
285 2848 374 2876 ἔοικεν
389 2849 403 2876 ό
413 2849 606 2886 ἀναμάρτητος
618 2851 703 2885 Λόγος
719 2850 768 2878 τοῦ
784 2850 851 2878 Θεοῦ
878 2851 924 2878 καὶ

983 2261 1068 2288 Eliam
1096 2261 1167 2288 idem
1182 2262 1263 2288 etiam
1287 2259 1467 2295 prestitisse‘!
1484 2259 1517 2286 Et
1547 2266 1608 2285 cum
1638 2259 1766 2292 proﬁteor

982 2306 1125 2334 Dominum
1142 2307 1168 2334 in
1181 2307 1262 2334 caslos
1275 2306 1439 2338 ascendisse,
1456 2313 1505 2332 cur
1534 2304 1702 2339 respondetis
1713 2303 1766 2330 hoc

981 2360 1036 2380 non
1049 2360 1109 2380 esse
1119 2353 1296 2386 paradoxum,
1308 2356 1334 2379 et
1348 2356 1423 2378 extra
1442 2358 1531 2378 rerum
1544 2349 1765 2384 etexemplorutn

981 2398 1112 2431 ordinem,
1124 2406 1185 2426 cum
1198 2398 1302 2432 ctgidem
1320 2397 1402 2424 etiam
1421 2395 1530 2423 Enocbo
1542 2395 1695 2430 contigerit.
1711 2393 1764 2422 Sed

980 2451 1030 2477 ego
1039 2442 1464 2477 humilistnonacltus_Edessenus
1475 2450 1533 2469 sum
1545 2446 1654 2476 paratus
1666 2440 1699 2468 ad
1710 2440 1764 2468 dif-

980 2489 1066 2516 ﬂanda
1075 2488 1271 2516 etconiutanda
1282 2496 1312 2515 ea
1319 2488 1409 2514 omnia
1418 2495 1477 2522 qua-
1487 2486 1590 2521 profers
1599 2486 1763 2513 mentiendo.

981 2533 1004 2561 0
1012 2533 1187 2568 ineptissime,
1204 2534 1225 2560 si
1239 2533 1299 2559 ideo
1308 2531 1428 2559 Adanms
1435 2540 1496 2559 eum
1503 2532 1611 2559 Christo
1624 2531 1765 2559 conferen-

981 2580 1030 2606 dus
1044 2579 1105 2613 quia
1118 2578 1188 2605 sicut
1207 2577 1331 2605 Christus
1348 2578 1452 2612 primus
1472 2578 1552 2604 homo
1565 2577 1697 2604 formatus
1714 2575 1764 2603 fuit

980 2624 1039 2650 sine
1051 2624 1164 2656 semine,
1172 2628 1330 2656 sequeretur
1341 2623 1457 2657 primum
1467 2623 1585 2653 asinum,
1593 2622 1709 2656 primum
1716 2629 1764 2648 ca—

980 2677 1052 2700 nem,
1063 2669 1179 2702 primunt
1194 2672 1359 2703 serpentem,
1369 2669 1517 2694 secundum
1529 2666 1762 2694 ratiocinationem

981 2719 1065 2746 tuam,
1077 2721 1138 2741 cum
1151 2714 1254 2741 Adatno
1266 2718 1293 2741 et
1307 2713 1415 2740 Christo
1427 2720 1506 2747 posse
1515 2711 1642 2744 conferri,
1655 2718 1704 2738 nec
1717 2710 1762 2738 illa

981 2760 1007 2786 in
1024 2767 1056 2786 eo
1071 2767 1132 2786 csse
1146 2759 1289 2786 deterioris
1300 2759 1394 2790 sortis;
1412 2765 1473 2784 nam
1488 2759 1560 2784 sicut
1573 2756 1627 2788 ille,
1644 2756 1761 2784 formata

980 2806 1038 2833 sine
1054 2805 1157 2832 semine
1174 2804 1287 2832 luerunt
1301 2804 1350 2830 ista
1370 2802 1509 2829 animalia.
1528 2801 1581 2829 Sed
1603 2808 1697 2828 rursus
1710 2801 1759 2830 tibi

981 2859 1076 2886 regem
1090 2851 1226 2879 Adamum
1243 2850 1332 2884 ipsum
1359 2847 1444 2876 fuisse
1470 2851 1625 2875 creaturam
1646 2851 1758 2884 etopus
