1932 3067
157 143 226 177 1399

721 142 1002 174 BARTHOLOM/EI
1024 141 1209 172 EDESSENI

1707 137 1781 171 1400

156 204 242 238 Ipsius
259 201 338 230 Verbi
360 202 418 236 Dei,
438 201 557 230 Verbum
575 208 639 229 vero
671 201 720 229 Dei
748 206 792 228 est
818 200 939 228 Christus

993 197 1138 231 ἀθανάτος,
1151 197 1197 224 καὶ
1215 196 1304 232 μένων
1326 196 1366 229 εἰς
1385 197 1449 229 τοὺς
1478 195 1579 228 αἰῶνας
1603 194 1674 221 ὅπου.
1698 191 1733 229 ἦν
1752 194 1781 220 τὸ

156 248 223 282 ipse.
240 247 380 280 Quomodo
395 255 459 282 ergo
475 247 536 274 illos
550 254 628 281 pares
643 250 672 274 et
698 245 800 273 similes
826 244 928 272 consti-

982 243 1115 278 πρότερον
1127 251 1135 275 ;

157 281 220 320 tuis.
234 293 353 320 Adamus
370 281 551 323 fuitiservus,
574 291 708 322 minister,
724 295 751 317 et
780 289 935 316 mandatum
955 287 1002 315 Dei
1035 291 1207 320 trangressus
1232 289 1284 318 est,
1301 289 1329 312 et
1356 288 1419 320 post
1443 287 1585 319 peccatum
1601 281 1679 310 exsul
1697 289 1780 316 para-

157 339 218 366 diso
231 338 321 373 pulsus
334 343 384 366 est.
401 338 540 370 Quomodo
553 345 618 372 ergo
631 337 726 365 similis
741 342 813 364 esset
824 336 911 363 Verbo
924 335 980 367 Dei,
991 335 1063 369 quod
1070 336 1115 361 ἐει
1126 333 1288 365 immortale.
1305 333 1379 368 quod
1391 337 1434 361 est
1447 334 1507 360 sine
1525 335 1647 366 peccato,
1660 334 1688 358 et
1699 329 1773 364 quod

158 390 264 419 semper
281 390 395 418 occupat
406 384 529 411 eumdem
547 384 634 410 locum
652 390 732 418 quem
745 382 779 409 ab
790 386 892 409 aeterno
900 380 1052 415 occupavit.

193 431 252 458 Dixi
271 430 316 457 tibi
339 430 474 457 Christum
499 429 558 456 sine
580 429 684 456 semine
701 433 805 461 natum,
821 432 848 454 et
864 435 938 454 nuu-

157 483 239 510 quam
261 480 370 510 peccato
386 475 532 503 obnoxium
561 475 658 506 fuisse;
688 474 791 508 regeris
817 481 883 500 vero
911 479 938 499 tu

158 521 228 555 quod
255 521 325 548 idem
342 520 375 548 de
400 517 504 547 Joanne
532 520 584 547 dici
612 520 705 554 possit.
729 519 782 546 Sed
802 517 936 550 mentiris,

158 573 221 593 nam
254 565 360 593 etiamsi
383 573 433 592 non
459 565 609 600 peccaverit
623 568 650 591 et
672 563 755 591 soboli
780 561 942 596 generandae

158 619 211 638 non
235 611 382 643 vacaverit,
405 614 486 637 natus
512 614 554 636 est
577 615 666 636 tamen
687 616 718 635 ex
736 608 849 639 semine,
863 611 891 633 et
904 613 937 633 eo

157 656 239 683 modo
259 656 373 683 naturali
396 663 450 690 quo
461 648 590 682 homines
613 654 734 688 generari
747 654 843 680 solent.
858 651 938 685 Quo-

158 701 238 728 modo
252 708 316 735 ει·εο
334 700 443 728 Christo
458 699 574 727 canterri
596 698 708 733 potest?
726 698 785 725 Dixi
800 697 937 725 Christum

157 745 212 772 vim
222 751 299 772 suam
327 744 466 771 exeruisse
485 745 511 771 in
527 744 609 771 variis
632 743 717 778 signis
749 747 777 771 et
803 741 939 769 miraculis

157 790 312 825 patrandis;
333 790 399 817 dicis
416 797 480 816 vero
494 793 532 821 tu,
553 790 623 824 quod
643 789 729 816 Moses
744 789 814 816 idem
832 787 937 815 fecerit.

1024 423 1107 452 Εἶπόν
1123 432 1176 456 σοι,
1189 424 1232 451 ὅτι
1245 423 1386 458 ὀΧριο-τδς
1401 423 1464 450 ἄνευ
1480 422 1584 458 σπορᾶς
1597 420 1707 456 ἐτέχθη,
1728 420 1778 447 καὶ¹

986 470 1067 498 οὐδὲν
1092 470 1223 505 ἥμαρτεν.
1251 469 1305 496 Καὶ
1322 469 1355 495 σὺ
1380 468 1487 502 λέγεις·
1507 467 1563 494 Καὶ
1594 466 1722 501 Ἰωάννης
1745 466 1779 492 τὸ

988 515 1064 542 αὐτό.
1088 514 1170 541 Ἀλλὰ
1192 514 1329 549 ψεύδῃ.Εξ
1354 514 1403 541 καὶ
1429 514 1480 540 οὐκ
1502 513 1642 547 ἔσπειρεν⁹
1659 512 1705 538 καὶ
1726 512 1779 546 οὐχ

991 561 1125 596 ἥμαρτεν,
1142 560 1200 587 ἀλλ’
1212 561 1245 586 ἐκ
1274 559 1432 595 σπέρματος
1449 559 1560 594 ἐτέχθη,
1575 559 1624 586 καὶ
1634 558 1707 586 κατὰ
1725 557 1778 592 τὴν

989 605 1160 641 ἀνθρωπίνην
1173 605 1282 640 ἐγένετο
1290 604 1382 639 φύσιν.
1401 605 1460 632 Νῦν
1471 603 1567 640 ἐρωτῶ
1588 612 1618 631 σε
1631 603 1690 635 πῶς
1701 602 1778 629 ἔοικε

987 651 1026 687 τῷ
1037 651 1164 686 Χριστῷ;
1182 649 1260 678 εἶπόν
1272 659 1324 683 σοι,
1339 651 1380 677 ὄτι
1391 651 1406 677 6
1420 650 1539 685 Χριστὸς
1556 650 1657 684 σημεῖα
1672 648 1776 676 καὶπέ-

990 705 1060 731 ρατα
1078 696 1215 731 ἐποίησεν,
1226 696 1273 723 καὶ
1284 693 1375 728 εἶπας,
1392 696 1433 722 ὅτι
1445 696 1493 722 καὶ
1508 695 1629 730 Μωῦσῆς
1649 694 1679 720 τὺ
1695 693 1775 721 αὐτό.

995 741 1076 768 Ἀλλὰ
1093 741 1189 777 ψεύδῃ.
1209 741 1238 768 '0
1254 741 1375 776 Μωῦσῆς
1387 741 1472 776 χωρὶς
1486 741 1618 776 ὀνόματος
1639 739 1688 767 τοῦ
1709 740 1778 774 Χρι-

991 787 1055 813 στοῦ
1064 788 1166 822 σημεῖα
1182 787 1295 821 ποιῆσαι
1305 787 1357 813 οὐκ
1369 785 1589 822 ὲδυνήθη.Εῐπεν
1595 786 1651 821 γὰρ
1663 785 1774 821 πρῶτον

159 835 212 863 Sed
226 835 338 863 falleris.
355 835 442 862 Moses
461 836 519 862 sine
539 835 648 862 nomine
679 834 780 861 Christi
809 832 938 860 miracula

997 832 1118 867 Ἐὕραῖδι
1129 834 1205 868 φωνῇ
1219 833 1286 868 πρὸς
1304 833 1351 859 τὸν
1368 831 1479 868 Φαραὼ,
1503 831 1576 863 ’Δῖὰ.
1594 832 1683 866 ’Λσαρ
1701 831 1775 862 ’Δῖὰ,

158 885 269 915 patrare
283 888 334 907 non
349 885 464 915 poterat.
482 880 573 908 Primo
585 880 683 915 quippe
697 879 804 906 dicebat
816 878 938 905 Pharao-

158 925 185 953 ni
203 925 333 953 iiebraica
347 926 454 960 lingua:
476 926 536 957 Aia,
552 926 629 958 Aser,
652 925 710 957 Ala,
737 925 850 958 Aspaot,
866 923 940 950 misit

158 977 201 997 me
213 970 246 997 ad
261 974 296 1002 te,
309 970 361 997 hoc
374 974 413 997 est
429 970 511 1003 Deus,
531 971 673 1001 Dominus.
683 969 803 1004 Spiritus
815 973 937 1000 sanctus,

157 1015 255 1050 quibus
267 1016 358 1042 verbis
369 1016 436 1043 satis
448 1016 564 1044 ostendit
581 1016 717 1051 propriam
733 1022 809 1043 suam
823 1015 939 1042 servitu-

159 1065 221 1093 tem,
238 1068 292 1095 qua
305 1061 472 1095 superiorem
490 1066 517 1088 et
530 1061 674 1088 Dominum
688 1060 863 1095 agnoscebat;
883 1060 938 1087 imo

157 1109 277 1132 sanctam
309 1105 470 1133 Trinitatem
494 1106 576 1133 etiam
605 1106 788 1133 manifestavit
813 1106 907 1133 dicens
930 1114 937 1132 :

158 1150 241 1183 Deus,
254 1151 394 1183 Dominus,
414 1156 441 1179 et
455 1151 573 1186 Spiritus
595 1155 715 1179 sanctus.
736 1151 769 1178 Et
786 1151 818 1177 ad
834 1155 938 1185 tempus

160 1200 275 1229 tantum,
287 1201 383 1223 etcum
395 1197 522 1230 precibus
531 1200 558 1223 et
567 1196 695 1232 lacrymis
706 1195 835 1223 miracula
845 1202 937 1230 patra-

158 1242 207 1269 vit.
232 1241 299 1274 Quia
316 1247 344 1269 et
361 1246 453 1276 postea
469 1243 494 1268 in
519 1242 564 1269 Dei
591 1242 746 1269 mandatum
775 1242 936 1276 impingens,

159 1291 301 1320 propterea
324 1294 376 1314 non
392 1287 459 1314 vidit
477 1293 576 1314 terram
602 1286 798 1321 promissionis.
819 1291 846 1314 et
861 1292 938 1314 extra

159 1331 232 1357 illam
259 1332 378 1359 suaviter
409 1337 532 1359 mortuus
555 1337 607 1359 est.
632 1332 691 1365 Quo
717 1333 749 1360 de
770 1332 878 1367 negotio
900 1331 940 1359 sic

160 1377 279 1411 loquitur
295 1377 418 1405 Coranus
432 1382 495 1405 tuus
515 1377 806 1412 Μπατελμουκάτεμ,
818 1385 865 1406 seu
885 1382 939 1405 ler-

159 1429 216 1447 ram
236 1422 433 1456 promissionis.
453 1423 577 1451 Christus
599 1431 663 1451 vero
686 1423 745 1450 sine
763 1424 889 1456 precibus
911 1427 939 1449 et

158 1466 394 1502 elllagitationihus
429 1474 550 1495 mortuos
594 1469 744 1501 excitavit,
788 1469 938 1502 imperante

996 877 1132 904 Ἀσπαούθ
1142 877 1318 903 ’Ἆπέστειλέ
1330 886 1363 912 με
1373 878 1441 913 πρὸς
1458 877 1499 909 σὲ,
1513 876 1585 903 τοῦτ’
1598 876 1683 908 ἔστιν,
1697 875 1776 906 Θεὺς.

989 921 1102 958 Κύριος,
1114 922 1162 949 καὶ
1174 923 1205 948 τὸ
1218 922 1297 956 ἅγιον
1307 921 1431 957 Πνεῦμα.
1448 922 1503 948 Kal.
1519 921 1645 954 ὑπέδειξε
1668 921 1719 955 τὴν
1734 921 1778 946 ai.-

989 967 1067 994 κείαν
1078 966 1242 1002 δουλοσύνην
1256 967 1324 1002 πρὸς
1338 967 1384 994 τὸν
1395 967 1534 1002 Δεσπότην
1548 966 1643 993 αὑτοῦ.
1665 965 1779 1000 Ἐφανέ-

990 1021 1062 1049 ρωσε
1071 1012 1120 1049 τὴν
1135 1013 1215 1047 ἁγίαν
1244 1012 1359 1048 Τριάδα,
1378 1011 1476 1044 ειπὼν,
1497 1011 1575 1044 Θεὸς,
1594 1012 1707 1047 Κύριος,
1727 1011 1779 1038 καὶ

989 1058 1020 1085 τὸ
1036 1058 1111 1093 ἅγιον
1128 1057 1251 1093 Πνεῦμα.
1273 1058 1328 1084 Kal.
1342 1057 1386 1085 διὰ
1403 1057 1453 1092 μὲν
1465 1057 1581 1092 χρόνων,
1599 1057 1648 1084 καὶ
1666 1057 1701 1084 δι’
1726 1057 1777 1083 εὐ-

989 1104 1055 1139 χῶν,
1066 1104 1114 1131 καὶ
1124 1103 1250 1139 δακρύων
1267 1103 1401 1138 πεποίηκε
1416 1102 1452 1130 τὰ
1474 1102 1614 1139 θαύματα.
1636 1103 1684 1130 Ἐκ
1711 1102 1778 1129 τότε

991 1150 1107 1180 πταίσας
1123 1149 1190 1184 πρὸς
1199 1148 1245 1175 τὸν
1260 1148 1327 1175 Θεὸν
1337 1148 1387 1175 οὐκ
1399 1145 1469 1175 εῐδεν
1482 1148 1533 1184 τὴν
1549 1149 1600 1183 γῆν
1619 1148 1670 1183 τῆς
1684 1148 1778 1182 ἐπαγ-

989 1194 1094 1228 γελίας,
1114 1194 1184 1222 ἀλλὰ
1198 1194 1259 1220 κατ’
1277 1193 1376 1229 ἡδονὴν
1399 1194 1604 1229 τετελεύτηκεν.
1633 1194 1690 1220 Καὶ
1711 1194 1779 1229 περὶ

988 1239 1083 1267 τούτου
1095 1240 1126 1267 τὸ
1144 1239 1295 1274 Κουράνιόν
1311 1248 1359 1266 σου
1383 1239 1468 1274 λέγει,
1483 1239 1777 1275 Μπατελμουκατέμ”

989 1285 1074 1320 ἤγουν
1087 1285 1136 1320 τὴν
1161 1285 1214 1320 γῆν
1229 1285 1278 1319 τῆς
1298 1285 1476 1319 ἐπαγγελίας.
1508 1285 1538 1312 '0
1550 1285 1670 1320 Χριστὸς
1692 1285 1779 1320 χωρὶς

989 1331 1072 1366 εὐχῆς
1094 1331 1141 1357 καὶ
1156 1330 1373 1366 παρακαλέσεως
1397 1331 1462 1362 τοὺς
1489 1332 1603 1366 νεκροὺς
1616 1331 1779 1365 ἀνέστησεν.

989 1377 1142 1411 Δεσποτικῇ
1159 1377 1234 1411 φωνῇ
1250 1376 1304 1411 γὰρ
1319 1376 1450 1410 ἐλάλησεν
1463 1376 1532 1411 πρὸς
1559 1377 1605 1403 τδν
1621 1376 1780 1411 τετραήμε-

990 1429 1038 1457 ρον
1052 1420 1185 1456 Λάζαρον
1200 1430 1210 1447 ‹
1228 1421 1434 1456 Λάζαρε,δεῦρο
1450 1421 1529 1453 ἐξω.»
1539 1421 1600 1453 Πῶς
1609 1422 1674 1455 γοῦν
1689 1421 1780 1448 ἔοικεν

989 1466 1029 1501 τῷ
1050 1466 1146 1502 ⁸Δδιὶιμ,
1160 1466 1208 1494 καὶ
1220 1466 1260 1502 τῷ
1274 1467 1391 1502 Μωῡσῇ,
1408 1467 1516 1502 ἢὲτέρᾳ
1528 1467 1583 1494 τινὶ
1594 1467 1646 1493 τῶν
1659 1467 1780 1502 κτισμά-

159 1513 258 1547 quippe
269 1519 335 1540 voce
346 1514 384 1541 sic
400 1514 505 1542 locutus
514 1514 547 1541 ad
561 1513 694 1541 Lazarum
704 1514 912 1548 quatriduanum
929 1523 935 1540 :

993 1498 1046 1539 των
1070 1498 1162 1547 φύαει.
1173 1498 1268 1547 Λέγων
1284 1498 1380 1544 «alat,
1398 1498 1427 1539 ’ὁ
1443 1498 1560 1549 Χριοτὸς
1577 1498 1780 1549 ἀνελήφθη-εις

158 1556 272 1592 Lazare,
287 1558 346 1586 veni
368 1558 456 1593 loras;
473 1560 608 1594 quomodo
632 1567 697 1594 ergo
719 1559 835 1587 conferri
852 1563 941 1593 potest

158 1604 351 1638 cutnvAdamo,
377 1613 437 1632 cum
464 1605 548 1637 Mose,
570 1605 611 1633 vel
640 1613 701 1639 cum
730 1605 783 1632 alia
808 1605 938 1641 quapiam

993 1559 1134 1594 οὐρανοὺς,
1149 1557 1186 1589 ὡς
1201 1555 1277 1584 εἶπόν
1292 1566 1343 1590 σοι,
1358 1559 1387 1585 ὲν
1400 1559 1464 1594 δόξῃ
1481 1566 1489 1575 ·
1509 1559 1557 1586 καὶ
1572 1559 1604 1586 σὺ
1616 1557 1707 1590 εἴπας,
1735 1559 1780 1585 ὅτι

994 1604 1051 1632 Kal.
1066 1605 1080 1631 6
1095 1603 1182 1639 Ἑνὼχ
1188 1603 1301 1638 ὁμοίως,
1318 1604 1366 1630 καὶ
1375 1604 1401 1630 τι
1414 1604 1525 1638 καινὸνς

159 1650 301 1679 creatura?
316 1650 387 1678 Ante
403 1658 466 1678 vero
486 1658 546 1678 cum
568 1651 685 1679 dicerem
698 1651 833 1678 Christum
846 1651 931 1685 gloria
950 1649 1147 1677 circumdatum
1177 1649 1332 1677 ascendisse
1364 1650 1391 1677 in
1416 1650 1512 1683 caelos,
1527 1650 1616 1678 dixisti
1637 1649 1780 1678 Euochum

158 1695 216 1728 pari
233 1695 361 1722 miraculo
371 1696 546 1730 conspicuum
563 1697 656 1729 fuisse,
669 1696 771 1724 etnihil
787 1696 813 1722 in
828 1696 936 1723 Christo
955 1694 1017 1722 novi
1032 1694 1189 1728 comigisse.

194 1739 307 1773 insulse,
320 1744 347 1767 et
357 1741 391 1767 ab
398 1742 470 1768 omni
483 1741 595 1769 veritate
609 1742 707 1773 aliene,
717 1742 740 1768 si
751 1741 844 1768 Enoch
860 1741 940 1768 istam

159 1785 312 1813 libertatem
327 1791 354 1813 et
371 1787 483 1821 gloriam
496 1786 567 1814 illius
581 1787 663 1814 sortis
684 1793 711 1814 et
726 1786 772 1813 lati
785 1791 827 1814 cst
845 1793 942 1814 conse-

159 1835 250 1863 cutus.
274 1839 367 1858 verum
395 1832 502 1866 quidem
522 1832 600 1860 dicis.
628 1832 682 1860 Sed
705 1839 737 1860 ex
756 1831 811 1859 tuis
834 1831 942 1866 scriptis

159 1880 267 1903 constat
287 1876 337 1903 hoc
350 1883 410 1903 esse
430 1876 538 1904 falsum.
550 1877 672 1905 Coranus
688 1877 785 1912 quippe
802 1883 863 1905 tuus
877 1877 943 1905 dicit

159 1920 299 1948 Euochum
310 1927 381 1948 nunc
391 1928 452 1948 esse
474 1921 501 1948 in
514 1921 572 1949 loco
584 1922 700 1956 quodam
713 1922 858 1954 altissimo,
871 1928 897 1949 et
912 1923 938 1950 in

160 1965 220 2000 ipso
235 1970 279 1992 tuo
291 1965 398 1993 Corano
408 1966 497 1994 inveni
510 1965 596 1994 locum
607 1966 688 1994 istum
702 1973 762 1994 esse
776 1967 938 2001 paradisum.

161 2009 290 2045 Sequitur
312 2018 377 2044 ergo
399 2011 537 2038 Euochum
556 2019 617 2040 esse
635 2016 739 2040 tantum
757 2012 783 2039 iu
800 2013 939 2047 paradiso.

160 2055 238 2088 Quod
257 2062 320 2082 vero
339 2055 481 2083 Dominum
504 2062 619 2090 spectat,
646 2057 744 2092 legitur
759 2057 785 2085 in
802 2057 957 2087 Alcorano.

159 2101 231 2135 quod
246 2101 323 2128 Deus
348 2103 487 2129 vocaverit
516 2101 606 2130 .iesum
638 2103 776 2131 Christum
803 2108 832 2130 ut
852 2104 941 2131 locum

159 2151 305 2180 occuparet
320 2154 400 2180 supra
425 2147 509 2175 caelos
522 2148 713 2181 sublimiores;
731 2149 798 2175 etin
820 2148 943 2183 Evange-

1030 1739 1134 1775 Ἀφρον
1145 1759 1152 1771 ,
1169 1739 1217 1766 καὶ
1231 1739 1283 1772 ἔξω
1291 1741 1341 1775 τῆς
1356 1739 1502 1774 ἀληθείαςι
1521 1739 1584 1767 Ἐὰν
1599 1740 1649 1776 ἔχῃ
1660 1741 1675 1767 6
1689 1741 1779 1776 Ἑνὼχ

994 1784 1042 1820 τὴν
1063 1785 1231 1821 παρρησίαν,
1258 1786 1305 1812 καὶ
1321 1786 1370 1821 τὴν
1388 1786 1467 1818 δόξαν
1485 1786 1535 1821 τῆς
1563 1785 1660 1822 μοίρας
1681 1786 1778 1819 αὑτοῦ,

994 1829 1149 1865 ἀληθεύεις.
1169 1829 1250 1857 Ἀλλὰ
1261 1830 1305 1857 διὰ
1315 1830 1370 1857 τῶν
1385 1830 1440 1857 σῶν
1456 1831 1629 1866 γραμμάτων
1643 1830 1782 1866 ψευδόμε-

995 1883 1040 1901 νον
1053 1874 1086 1901 τὸ
1102 1875 1255 1910 Κουράνιόν
1271 1883 1317 1902 σου
1333 1875 1420 1910 λέγει,
1436 1877 1477 1902 ὅτι
1494 1877 1509 1902 6
1527 1875 1614 1911 Ἑνὼχ
1628 1877 1714 1902 χεῖται
1735 1878 1781 1909 ei;

993 1920 1093 1956 ὑψηλὸν
1109 1920 1202 1954 τόπον,
1219 1919 1297 1957 εὗρον
1312 1921 1341 1948 ὲν
1352 1920 1391 1957 τῷ
1406 1921 1551 1956 Κουρανίῳ
1560 1929 1609 1948 σου
1625 1921 1671 1948 τὸν
1686 1922 1781 1957 παρά.-

997 1966 1096 2000 δεισον,
1113 1966 1161 1993 καὶ
1177 1966 1270 1993 λοιπὸν
1285 1967 1315 1994 ιν
1329 1967 1367 2002 τῷ
1384 1967 1543 2002 παραδείσῳ
1556 1967 1630 1994 ἐστὶν
1646 1967 1660 1994 6
1681 1967 1780 2003 Ἑνώχ.

994 2011 1050 2038 Kal.
1063 2011 1106 2038 διὰ
1116 2012 1163 2038 τὸν
1179 2011 1292 2047 Κύριον,
1311 2011 1399 2044 οὕτως
1415 2012 1490 2047 λέγει
1505 2012 1536 2038 τὸ
1549 2012 1701 2047 Κουράνιόν
1718 2020 1779 2045 σου,

995 2057 1064 2084 ὅτιὸ
1082 2057 1149 2089 Θεὸς
1171 2057 1285 2084 ἐκάλεσε
1305 2058 1351 2084 τὸν
1376 2058 1481 2093 Ἰησοῦν
1502 2058 1621 2094 Χριστὸν
1643 2058 1781 2093 ἀνώτερον

995 2102 1050 2128 τῶν
1066 2102 1198 2137 οὐρανῶν.
1215 2103 1271 2129 Kal.
1284 2103 1314 2130 τὺ
1331 2104 1404 2130 θεῖον
1421 2104 1437 2138 ἡ
1441 2103 1500 2138 μῶν
1520 2104 1687 2138 Εὑαγγέλιον
1707 2104 1782 2130 οὕτω

996 2145 1072 2180 φησί’
1087 2155 1096 2171 ι
1112 2146 1210 2181 Κύριε,
1222 2148 1254 2182 τῇ
1268 2149 1300 2183 σῇ
1320 2147 1453 2182 ἀναλήψει
1471 2147 1661 2184 ἐξεπλάγησαν
1669 2148 1704 2175 τὰ
1724 2149 1780 2176 Χε-

160 2191 197 2218 iio
209 2199 301 2219 nostro
320 2192 419 2228 legitur
437 2202 444 2220 :
461 2193 582 2226 Domine,
599 2194 758 2221 ascensione
775 2199 819 2221 tua
832 2194 939 2221 attoniti

994 2191 1102 2226 peu6lp,
1122 2192 1297 2227 θεωρήσαντα
1307 2201 1337 2220 σε
1347 2194 1393 2220 ἐπὶ
1402 2194 1520 2228 νεφελῶν
1532 2194 1724 2229 ἀνερχόμενον,
1734 2194 1781 2221 τὸν

160 2237 270 2264 fuerunt
293 2238 451 2270 Cheruhim,
468 2245 529 2265 cum
556 2243 582 2266 te
599 2239 722 2267 viderent
741 2247 823 2273 super
857 2239 942 2267 nnbcs

160 2282 328 2309 incedentem
354 2288 382 2310 et
394 2284 544 2310 sedentem.
554 2284 682 2317 Quantam
697 2291 762 2318 ergo
777 2285 847 2312 inter
867 2285 942 2313 illiilli

160 2327 224 2362 tingi
240 2333 339 2362 potest
355 2334 382 2356 ct
400 2329 538 2357 Euochum
555 2329 742 2364 comparatio?
756 2331 855 2357 lterum
872 2331 942 2359 «liii-

160 2378 255 2407 genter
274 2375 468 2407 animadverte,
493 2377 564 2410 quod
583 2376 671 2403 nullus
687 2381 785 2411 praeter
801 2377 938 2408 Christum

161 2427 221 2446 cum
245 2419 331 2454 jubiio
351 2425 379 2447 et
395 2421 636 2449 acclamationibus
652 2426 680 2449 et
697 2429 757 2449 cum
777 2422 846 2449 tubzc
866 2423 941 2449 clan-

160 2465 375 2497 goroasccntlit;
404 2466 448 2500 qui
470 2467 647 2495 descenderat
672 2475 706 2494 ex
733 2466 814 2500 cutio,
844 2467 941 2496 iterum

160 2517 221 2536 cum
233 2509 317 2544 gloria
334 2511 465 2538 remeavit
479 2511 512 2538 ad
534 2512 617 2540 caelos
629 2513 672 2540 ubi
697 2512 772 2547 prius
784 2518 854 2546 erat,
872 2514 943 2541 sicut

160 2554 257 2588 legitur
272 2556 306 2582 .in
335 2555 445 2590 scriptis
464 2557 656 2591 prophetarum
680 2563 851 2590 nostrorum;
878 2565 941 2585 nam

160 2602 230 2628 sicut
246 2601 375 2629 Dominus
399 2603 549 2634 descendit,
561 2608 589 2629 et
610 2603 680 2630 sicut
698 2603 827 2630 Dominus
844 2603 941 2630 iterum

149 2647 187 2686 lin
205 2647 289 2674 caelos
306 2647 435 2674 ascendit.
460 2648 600 2680 Quomodo
614 2655 679 2682 ergo
704 2648 740 2675 illi
756 2648 852 2675 similis
871 2653 942 2676 esset

161 2691 287 2719 Enochus
300 2692 311 2718 ?
326 2692 408 2726 igitur
423 2698 557 2725 tcrrcnus,
573 2697 690 2725 creatus,
711 2701 816 2725 servus.
841 2699 942 2720 morta-

161 2739 203 2767 Its.
220 2738 399 2772 corruptibiLs
416 2738 586 2766 Muhainmed
600 2740 626 2766 in
640 2739 723 2767 cwlos
738 2747 789 2766 non
805 2739 940 2772 ascendit;

162 2790 211 2810 nec
223 2791 317 2810 errore
333 2784 384 2811 isto
400 2784 510 2811 nimium
525 2784 571 2811 tibi
587 2785 745 2817 blandiaris,
761 2785 838 2819 quasi
849 2792 941 2811 verum

162 2833 235 2855 esset
252 2828 466 2856 Multammcdem
479 2830 504 2856 in
517 2830 600 2858 cmios
617 2830 780 2862 ascendisse,
796 2831 858 2864 quia
872 2830 941 2857 illius

993 2237 1035 2265 ἐπ’
1047 2237 1137 2263 αὐτῶν
1149 2237 1341 2272 καθεζόμενον.
1360 2247 1369 2265 ›
1395 2239 1458 2270 Πῶς
1473 2237 1520 2266 οὖν
1531 2239 1618 2266 ἔοικεν
1625 2239 1663 2275 τῷ
1677 2239 1779 2274 Ἐνώχς

993 2281 1079 2308 Πάλιν
1098 2282 1169 2315 μάθε
1183 2283 1317 2318 ἀκριϐῶς,
1334 2284 1375 2310 ὅτι
1391 2284 1480 2316 οὐδεὶς
1498 2285 1584 2319 ὰνέὸη
1601 2286 1630 2312 ὲν
1660 2285 1781 2319 ἀλαλαγ-

994 2327 1047 2362 μῷ,
1063 2328 1088 2353 ει
1102 2327 1139 2362 μὴ
1150 2329 1164 2354 6
1182 2328 1300 2363 Χριστὸς
1323 2330 1352 2355 ὲν
1368 2329 1444 2365 φώνῃ
1461 2330 1617 2364 σάλπιγγος
1631 2338 1638 2345 ·
1655 2331 1669 2357 6
1692 2339 1780 2357 κατα-

993 2373 1044 2405 ϐὰς
1060 2374 1089 2407 ὲξ
1104 2374 1219 2410 οὐρανοῦ
1235 2375 1316 2406 αὐτὸς
1336 2376 1421 2403 πάλιν
1435 2376 1573 2412 ἀνελήφθη
1594 2379 1623 2404 ὲν
1650 2376 1714 2413 δόξῃ
1739 2377 1781 2408 εἰς

992 2419 1056 2451 τοὺς
1071 2420 1212 2455 οὐρανοὺς,
1226 2421 1292 2447 ὅπου
1302 2418 1336 2456 ἦν
1348 2421 1379 2447 τὸ
1392 2422 1535 2458 πρότερον,
1558 2422 1648 2454 καθὼς
1672 2423 1779 2458 γέγρα-

994 2473 1060 2492 πται
1076 2466 1105 2492 ὲν
1130 2468 1186 2497 τοῖς
1207 2467 1363 2502 προφήταις
1381 2467 1471 2502 ἡμῶν.
1494 2468 1538 2500 Ὠς
1563 2468 1617 2504 γὰρ
1640 2468 1780 2504 Δεσπότης

993 2511 1125 2544 καταϐὰς,
1146 2512 1225 2538 πάλιν
1240 2513 1278 2544 ὡς
1291 2513 1431 2548 Δεσπότης
1443 2514 1540 2549 ἀνέϐη.
1562 2514 1623 2545 Πῶς
1637 2512 1684 2540 οὖν
1705 2515 1781 2540 ἔστιν

994 2557 1049 2588 leo;
1063 2557 1100 2592 τῷ
1120 2557 1223 2592 Ἐνώχ;
1239 2558 1338 2591 Χοῖκὺς
1349 2559 1397 2586 καὶ
1411 2559 1530 2594 ποίημα,
1549 2560 1596 2587 καὶ
1609 2559 1714 2592 δοῦλος.
1733 2561 1782 2587 καὶ

994 2602 1100 2634 θνητὸς,
1118 2603 1165 2628 καὶ
1183 2603 1312 2637 φθαρτὴς,
1327 2606 1367 2636 εις
1379 2605 1510 2639 οὐρανοὺς
1525 2606 1539 2632 6
1561 2606 1711 2640 Μουχάμετ
1729 2606 1781 2633 οὐκ

993 2647 1086 2681 ἀνέϐη,
1105 2647 1143 2682 μὴ
1152 2647 1256 2679 πλανῶ,
1273 2648 1343 2674 ὥστε
1355 2649 1499 2684 ἀληθεύειν
1522 2650 1715 2686 ἀναληφθῆναι
1731 2651 1781 2677 αὐ·
1817 2657 1823 2659 ·

993 2693 1038 2719 τὸν
1055 2693 1095 2724 εἰς
1113 2693 1254 2728 οὐρανοὺς,
1280 2694 1328 2720 καὶ
1345 2695 1494 2730 μαρτυρεῖν
1518 2696 1587 2728 περὶ
1600 2696 1699 2722 τούτου
1726 2696 1777 2732 τὴν

993 2737 1130 2773 θυγατέρα
1141 2738 1224 2765 αὑτοῦ
1241 2740 1363 2774 Φατμάν,
1383 2741 1436 2767 Kal.
1453 2739 1530 2772 αὖθις
1543 2741 1632 2775 λέγεις
1646 2750 1653 2756 ·
1667 2742 1697 2768 '0
1713 2743 1781 2778 Χρι-

993 2784 1055 2815 στὸς
1069 2783 1178 2819 ηὔχετο,
1192 2785 1239 2811 καὶ
1248 2785 1262 2810 ὁ
1273 2786 1420 2821 εὐχόμενος
1437 2787 1532 2818 δοῦλός
1549 2788 1607 2814 ἐστι
1620 2787 1668 2814 τοῦ
1697 2788 1780 2815 Θεοῦ.

1000 2830 1068 2856 Ἀλλ⁸
1085 2830 1200 2858 ἄκουσον
1214 2831 1281 2866 ipe-3
1292 2832 1340 2858 τοῦ
1360 2832 1512 2867 Ἐδεσηνοῦ.
1529 2833 1695 2866 Ἐδειξάισοι
1709 2835 1777 2862 πολ-
