  <div class='ocr_page' id='page_1' title='image "/cluster/home/n/w/nwhite01/storage/ocr_20150623/104/njp.32101077772885/708.png"; bbox 0 0 1932 3067; ppageno 0'>
   <div class='ocr_carea' id='block_1_1' title="bbox 123 151 188 186">
    <p class='ocr_par' dir='ltr' id='par_1_1' title="bbox 123 151 188 186">
     <span class='ocr_line' id='line_1_1' title="bbox 123 151 188 186; baseline 0.031 -2"><span class='ocrx_word' id='word_1_1' title='bbox 123 151 188 186; x_wconf 66' lang='lat' dir='ltr'><strong>Ml)!</strong></span> 
     </span>
    </p>
   </div>
   <div class='ocr_carea' id='block_1_2' title="bbox 699 156 1150 191">
    <p class='ocr_par' dir='ltr' id='par_1_2' title="bbox 699 156 1150 191">
     <span class='ocr_line' id='line_1_2' title="bbox 699 156 1150 191; baseline 0.009 -4"><span class='ocrx_word' id='word_1_2' title='bbox 699 156 937 189; x_wconf 77' lang='lat' dir='ltr'><strong>CONFUTATIO</strong></span> <span class='ocrx_word' id='word_1_3' title='bbox 968 159 1150 191; x_wconf 81' lang='lat' dir='ltr'><strong>AGARENI.</strong></span> 
     </span>
    </p>
   </div>
   <div class='ocr_carea' id='block_1_3' title="bbox 1669 161 1737 194">
    <p class='ocr_par' dir='ltr' id='par_1_3' title="bbox 1669 161 1737 194">
     <span class='ocr_line' id='line_1_3' title="bbox 1669 161 1737 194; baseline 0.015 -1"><span class='ocrx_word' id='word_1_4' title='bbox 1669 161 1737 194; x_wconf 76' lang='grc'><strong>1402</strong></span> 
     </span>
    </p>
   </div>
   <div class='ocr_carea' id='block_1_4' title="bbox 121 209 897 247">
    <p class='ocr_par' dir='ltr' id='par_1_4' title="bbox 121 209 897 247">
     <span class='ocr_line' id='line_1_4' title="bbox 121 209 897 247; baseline 0.006 -10"><span class='ocrx_word' id='word_1_5' title='bbox 121 211 210 243; x_wconf 83' lang='grc' dir='ltr'>λάκις,</span> <span class='ocrx_word' id='word_1_6' title='bbox 224 209 266 238; x_wconf 74' lang='grc' dir='ltr'>ὅτι</span> <span class='ocrx_word' id='word_1_7' title='bbox 278 210 293 237; x_wconf 83' lang='grc'>6</span> <span class='ocrx_word' id='word_1_8' title='bbox 312 209 430 246; x_wconf 73' lang='grc' dir='ltr'>Χριστὸς</span> <span class='ocrx_word' id='word_1_9' title='bbox 443 210 529 245; x_wconf 89' lang='grc' dir='ltr'>Λόγος</span> <span class='ocrx_word' id='word_1_10' title='bbox 545 211 620 240; x_wconf 69' lang='grc' dir='ltr'>ἐστὶν</span> <span class='ocrx_word' id='word_1_11' title='bbox 642 212 689 239; x_wconf 87' lang='grc' dir='ltr'><strong>τοῦ</strong></span> <span class='ocrx_word' id='word_1_12' title='bbox 703 213 784 247; x_wconf 86' lang='grc' dir='ltr'><strong>Θεοῦ,</strong></span> <span class='ocrx_word' id='word_1_13' title='bbox 802 215 850 241; x_wconf 79' lang='grc' dir='ltr'>καὶ</span> <span class='ocrx_word' id='word_1_14' title='bbox 869 215 897 242; x_wconf 71' lang='grc' dir='ltr'>τὲ</span> 
     </span>
    </p>
   </div>
   <div class='ocr_carea' id='block_1_5' title="bbox 949 209 1735 247">
    <p class='ocr_par' dir='ltr' id='par_1_5' title="bbox 954 215 1735 247">
     <span class='ocr_line' id='line_1_5' title="bbox 954 215 1735 247; baseline 0.005 -5"><span class='ocrx_word' id='word_1_15' title='bbox 954 216 1007 243; x_wconf 99' lang='lat' dir='ltr'><strong>ﬁlia</strong></span> <span class='ocrx_word' id='word_1_16' title='bbox 1020 215 1144 244; x_wconf 86' lang='lat' dir='ltr'><strong>Phatima</strong></span> <span class='ocrx_word' id='word_1_17' title='bbox 1156 217 1207 244; x_wconf 91' lang='lat' dir='ltr'><strong>hoc</strong></span> <span class='ocrx_word' id='word_1_18' title='bbox 1219 217 1372 245; x_wconf 87' lang='lat' dir='ltr'><strong>testimonio</strong></span> <span class='ocrx_word' id='word_1_19' title='bbox 1379 225 1428 246; x_wconf 83' lang='lat' dir='ltr'><strong>suo</strong></span> <span class='ocrx_word' id='word_1_20' title='bbox 1441 218 1735 247; x_wconf 81' lang='lat' dir='ltr'><strong>tentavltconﬁrmare.</strong></span> 
     </span>
    </p>
   </div>
   <div class='ocr_carea' id='block_1_6' title="bbox 121 255 902 295">
    <p class='ocr_par' dir='ltr' id='par_1_6' title="bbox 121 255 902 295">
     <span class='ocr_line' id='line_1_6' title="bbox 121 255 902 295; baseline 0.006 -14"><span class='ocrx_word' id='word_1_21' title='bbox 121 255 270 290; x_wconf 82' lang='grc' dir='ltr'>Κουράνιόν</span> <span class='ocrx_word' id='word_1_22' title='bbox 298 264 345 282; x_wconf 88' lang='grc' dir='ltr'><strong>σου</strong></span> <span class='ocrx_word' id='word_1_23' title='bbox 372 257 516 291; x_wconf 83' lang='grc' dir='ltr'>μαρτυρεῖ.</span> <span class='ocrx_word' id='word_1_24' title='bbox 533 257 588 283; x_wconf 77' lang='grc' dir='ltr'><strong>Καὶ</strong></span> <span class='ocrx_word' id='word_1_25' title='bbox 613 257 650 293; x_wconf 83' lang='grc' dir='ltr'>μὴ</span> <span class='ocrx_word' id='word_1_26' title='bbox 668 259 902 295; x_wconf 80' lang='grc' dir='ltr'>πολυπραγμονῇς</span> 
     </span>
    </p>
   </div>
   <div class='ocr_carea' id='block_1_7' title="bbox 121 300 900 339">
    <p class='ocr_par' dir='ltr' id='par_1_7' title="bbox 121 300 900 339">
     <span class='ocr_line' id='line_1_7' title="bbox 121 300 900 339; baseline 0.006 -12"><span class='ocrx_word' id='word_1_27' title='bbox 121 301 185 336; x_wconf 75' lang='grc' dir='ltr'>περὶ</span> <span class='ocrx_word' id='word_1_28' title='bbox 196 300 303 327; x_wconf 82' lang='grc' dir='ltr'>τούτου.</span> <span class='ocrx_word' id='word_1_29' title='bbox 318 301 370 327; x_wconf 82' lang='grc' dir='ltr'><strong>Τὸν</strong></span> <span class='ocrx_word' id='word_1_30' title='bbox 383 301 449 328; x_wconf 83' lang='grc' dir='ltr'><strong>Θεὸν</strong></span> <span class='ocrx_word' id='word_1_31' title='bbox 464 302 550 336; x_wconf 81' lang='grc' dir='ltr'><strong>Λόγον</strong></span> <span class='ocrx_word' id='word_1_32' title='bbox 571 302 688 336; x_wconf 76' lang='grc' dir='ltr'><strong>δοξάζει,</strong></span> <span class='ocrx_word' id='word_1_33' title='bbox 703 305 751 330; x_wconf 75' lang='grc' dir='ltr'>καὶ</span> <span class='ocrx_word' id='word_1_34' title='bbox 771 305 900 339; x_wconf 80' lang='grc' dir='ltr'>ἀνυμνεῖ,</span> 
     </span>
    </p>
   </div>
   <div class='ocr_carea' id='block_1_8' title="bbox 120 345 902 383">
    <p class='ocr_par' dir='ltr' id='par_1_8' title="bbox 120 345 902 383">
     <span class='ocr_line' id='line_1_8' title="bbox 120 345 902 383; baseline 0.006 -12"><span class='ocrx_word' id='word_1_35' title='bbox 120 345 167 372; x_wconf 76' lang='grc' dir='ltr'>καὶ</span> <span class='ocrx_word' id='word_1_36' title='bbox 183 347 332 380; x_wconf 84' lang='grc' dir='ltr'>προσκυνεῖ</span> <span class='ocrx_word' id='word_1_37' title='bbox 346 346 446 382; x_wconf 79' lang='grc' dir='ltr'>πᾶσαὴ</span> <span class='ocrx_word' id='word_1_38' title='bbox 459 347 573 382; x_wconf 85' lang='grc' dir='ltr'>δύναμις</span> <span class='ocrx_word' id='word_1_39' title='bbox 591 347 644 374; x_wconf 84' lang='grc' dir='ltr'><strong>τῶν</strong></span> <span class='ocrx_word' id='word_1_40' title='bbox 654 348 786 383; x_wconf 85' lang='grc' dir='ltr'><strong>οὐρανῶν.</strong></span> <span class='ocrx_word' id='word_1_41' title='bbox 804 350 858 376; x_wconf 72' lang='grc' dir='ltr'><strong>Καὶ</strong></span> <span class='ocrx_word' id='word_1_42' title='bbox 871 349 902 376; x_wconf 84' lang='grc' dir='ltr'>τὸ</span> 
     </span>
    </p>
   </div>
   <div class='ocr_carea' id='block_1_9' title="bbox 120 390 900 430">
    <p class='ocr_par' dir='ltr' id='par_1_9' title="bbox 120 390 900 430">
     <span class='ocr_line' id='line_1_9' title="bbox 120 390 900 430; baseline 0.006 -14"><span class='ocrx_word' id='word_1_43' title='bbox 120 390 196 424; x_wconf 89' lang='grc' dir='ltr'>γένος</span> <span class='ocrx_word' id='word_1_44' title='bbox 212 390 266 417; x_wconf 82' lang='grc' dir='ltr'><strong>τῶν</strong></span> <span class='ocrx_word' id='word_1_45' title='bbox 281 390 445 426; x_wconf 81' lang='grc' dir='ltr'>ἀνθρώπων,</span> <span class='ocrx_word' id='word_1_46' title='bbox 456 391 504 418; x_wconf 77' lang='grc' dir='ltr'><strong>καὶ</strong></span> <span class='ocrx_word' id='word_1_47' title='bbox 522 393 536 418; x_wconf 86' lang='grc' dir='ltr'>ὁ</span> <span class='ocrx_word' id='word_1_48' title='bbox 550 392 637 426; x_wconf 86' lang='grc' dir='ltr'>Λόγος</span> <span class='ocrx_word' id='word_1_49' title='bbox 653 390 730 425; x_wconf 72' lang='grc' dir='ltr'>οὗτος</span> <span class='ocrx_word' id='word_1_50' title='bbox 744 395 900 430; x_wconf 75' lang='grc' dir='ltr'><strong>ἐσκήνωσεν</strong></span> 
     </span>
    </p>
   </div>
   <div class='ocr_carea' id='block_1_10' title="bbox 119 436 897 473">
    <p class='ocr_par' dir='ltr' id='par_1_10' title="bbox 119 436 897 473">
     <span class='ocr_line' id='line_1_10' title="bbox 119 436 897 473; baseline 0.005 -11"><span class='ocrx_word' id='word_1_51' title='bbox 119 436 147 462; x_wconf 76' lang='grc' dir='ltr'>ἐν</span> <span class='ocrx_word' id='word_1_52' title='bbox 161 437 194 471; x_wconf 74' lang='grc' dir='ltr'><strong>τῇ</strong></span> <span class='ocrx_word' id='word_1_53' title='bbox 209 437 300 471; x_wconf 77' lang='grc' dir='ltr'>σαρκὶ,</span> <span class='ocrx_word' id='word_1_54' title='bbox 312 437 329 472; x_wconf 84' lang='grc' dir='ltr'><strong>ἦ</strong></span> <span class='ocrx_word' id='word_1_55' title='bbox 341 437 388 463; x_wconf 74' lang='grc' dir='ltr'>καὶ</span> <span class='ocrx_word' id='word_1_56' title='bbox 402 438 524 464; x_wconf 86' lang='grc' dir='ltr'>καλεῖται</span> <span class='ocrx_word' id='word_1_57' title='bbox 539 438 555 472; x_wconf 86' lang='grc' dir='ltr'><strong>ή</strong></span> <span class='ocrx_word' id='word_1_58' title='bbox 567 438 635 473; x_wconf 79' lang='grc' dir='ltr'>σὰρξ</span> <span class='ocrx_word' id='word_1_59' title='bbox 649 438 732 465; x_wconf 83' lang='grc' dir='ltr'>αὑτοῦ</span> <span class='ocrx_word' id='word_1_60' title='bbox 749 440 813 471; x_wconf 63' lang='lat' dir='ltr'><strong>vel);</strong></span> <span class='ocrx_word' id='word_1_61' title='bbox 827 440 897 466; x_wconf 83' lang='grc' dir='ltr'>Θεοῦ</span> 
     </span>
    </p>
   </div>
   <div class='ocr_carea' id='block_1_11' title="bbox 118 481 896 521">
    <p class='ocr_par' dir='ltr' id='par_1_11' title="bbox 118 481 896 521">
     <span class='ocr_line' id='line_1_11' title="bbox 118 481 896 521; baseline 0.008 -14"><span class='ocrx_word' id='word_1_62' title='bbox 118 481 218 515; x_wconf 88' lang='grc' dir='ltr'>Λόγου.</span> <span class='ocrx_word' id='word_1_63' title='bbox 235 482 289 509; x_wconf 76' lang='grc' dir='ltr'><strong>Καὶ</strong></span> <span class='ocrx_word' id='word_1_64' title='bbox 302 483 332 509; x_wconf 83' lang='grc' dir='ltr'>ἐν</span> <span class='ocrx_word' id='word_1_65' title='bbox 349 482 436 518; x_wconf 77' lang='grc' dir='ltr'>τούτῳ</span> <span class='ocrx_word' id='word_1_66' title='bbox 449 482 489 518; x_wconf 82' lang='grc' dir='ltr'>τῷ</span> <span class='ocrx_word' id='word_1_67' title='bbox 503 484 560 518; x_wconf 86' lang='grc' dir='ltr'>ναῷ</span> <span class='ocrx_word' id='word_1_68' title='bbox 575 485 690 520; x_wconf 85' lang='grc' dir='ltr'>νεκροὺς</span> <span class='ocrx_word' id='word_1_69' title='bbox 711 485 896 521; x_wconf 77' lang='grc' dir='ltr'>ὲζωοποίησεν</span> 
     </span>
    </p>
   </div>
   <div class='ocr_carea' id='block_1_12' title="bbox 113 526 615 562">
    <p class='ocr_par' dir='ltr' id='par_1_12' title="bbox 113 526 615 562">
     <span class='ocr_line' id='line_1_12' title="bbox 113 526 615 562; baseline 0.006 -10"><span class='ocrx_word' id='word_1_70' title='bbox 113 527 127 552; x_wconf 88' lang='grc' dir='ltr'><strong>ό</strong></span> <span class='ocrx_word' id='word_1_71' title='bbox 147 526 232 559; x_wconf 81' lang='grc' dir='ltr'>Λόγος</span> <span class='ocrx_word' id='word_1_72' title='bbox 248 526 419 562; x_wconf 84' lang='grc' dir='ltr'><strong>θεοπρεπῶς,</strong></span> <span class='ocrx_word' id='word_1_73' title='bbox 432 527 525 553; x_wconf 80' lang='grc' dir='ltr'>καὶτὰ</span> <span class='ocrx_word' id='word_1_74' title='bbox 539 528 615 562; x_wconf 78' lang='grc' dir='ltr'>ἑξῆς.</span> 
     </span>
    </p>
   </div>
   <div class='ocr_carea' id='block_1_13' title="bbox 955 260 1735 298">
    <p class='ocr_par' dir='ltr' id='par_1_13' title="bbox 955 260 1735 298">
     <span class='ocr_line' id='line_1_13' title="bbox 955 260 1735 298; baseline 0.006 -11"><span class='ocrx_word' id='word_1_75' title='bbox 955 260 1060 288; x_wconf 79' lang='lat' dir='ltr'><strong>Rursus</strong></span> <span class='ocrx_word' id='word_1_76' title='bbox 1074 269 1139 289; x_wconf 86' lang='lat' dir='ltr'><strong>vero</strong></span> <span class='ocrx_word' id='word_1_77' title='bbox 1154 262 1241 289; x_wconf 88' lang='lat' dir='ltr'><strong>dicis:</strong></span> <span class='ocrx_word' id='word_1_78' title='bbox 1261 262 1386 290; x_wconf 73' lang='lat' dir='ltr'><strong>Christus</strong></span> <span class='ocrx_word' id='word_1_79' title='bbox 1395 263 1476 291; x_wconf 90' lang='lat' dir='ltr'><strong>etiam</strong></span> <span class='ocrx_word' id='word_1_80' title='bbox 1490 271 1584 298; x_wconf 81' lang='lat' dir='ltr'><strong>preces</strong></span> <span class='ocrx_word' id='word_1_81' title='bbox 1600 264 1735 298; x_wconf 82' lang='lat' dir='ltr'><strong>adhibuit,</strong></span> 
     </span>
    </p>
   </div>
   <div class='ocr_carea' id='block_1_14' title="bbox 952 305 1736 340">
    <p class='ocr_par' dir='ltr' id='par_1_14' title="bbox 952 305 1736 340">
     <span class='ocr_line' id='line_1_14' title="bbox 952 305 1736 340; baseline 0.006 -8"><span class='ocrx_word' id='word_1_82' title='bbox 952 305 998 340; x_wconf 85' lang='lat' dir='ltr'><strong>qui</strong></span> <span class='ocrx_word' id='word_1_83' title='bbox 1023 313 1087 333; x_wconf 90' lang='lat' dir='ltr'><strong>vero</strong></span> <span class='ocrx_word' id='word_1_84' title='bbox 1110 311 1245 340; x_wconf 74' lang='lat' dir='ltr'><strong>precatur,</strong></span> <span class='ocrx_word' id='word_1_85' title='bbox 1269 314 1365 335; x_wconf 87' lang='lat' dir='ltr'><strong>servus</strong></span> <span class='ocrx_word' id='word_1_86' title='bbox 1382 308 1431 336; x_wconf 89' lang='lat' dir='ltr'><strong>Dei</strong></span> <span class='ocrx_word' id='word_1_87' title='bbox 1452 309 1544 336; x_wconf 88' lang='lat' dir='ltr'><strong>haberi</strong></span> <span class='ocrx_word' id='word_1_88' title='bbox 1575 309 1664 336; x_wconf 87' lang='lat' dir='ltr'><strong>debet.</strong></span> <span class='ocrx_word' id='word_1_89' title='bbox 1681 309 1736 337; x_wconf 86' lang='lat' dir='ltr'><strong>Sed</strong></span> 
     </span>
    </p>
   </div>
   <div class='ocr_carea' id='block_1_15' title="bbox 953 351 1735 389">
    <p class='ocr_par' dir='ltr' id='par_1_15' title="bbox 953 351 1735 389">
     <span class='ocr_line' id='line_1_15' title="bbox 953 351 1735 389; baseline 0.004 -11"><span class='ocrx_word' id='word_1_90' title='bbox 953 351 1013 378; x_wconf 86' lang='lat' dir='ltr'><strong>audi</strong></span> <span class='ocrx_word' id='word_1_91' title='bbox 1025 359 1067 379; x_wconf 90' lang='lat' dir='ltr'><strong>me</strong></span> <span class='ocrx_word' id='word_1_92' title='bbox 1081 352 1287 386; x_wconf 72' lang='lat' dir='ltr'><strong>respondentem</strong></span> <span class='ocrx_word' id='word_1_93' title='bbox 1302 353 1482 381; x_wconf 84' lang='lat' dir='ltr'><strong>Edessenum.</strong></span> <span class='ocrx_word' id='word_1_94' title='bbox 1497 354 1602 389; x_wconf 67' lang='lat' dir='ltr'><strong>Str-plus</strong></span> <span class='ocrx_word' id='word_1_95' title='bbox 1615 354 1668 383; x_wconf 83' lang='lat' dir='ltr'><strong>hoc</strong></span> <span class='ocrx_word' id='word_1_96' title='bbox 1687 354 1735 382; x_wconf 86' lang='lat' dir='ltr'><strong>tibi</strong></span> 
     </span>
    </p>
   </div>
   <div class='ocr_carea' id='block_1_16' title="bbox 951 398 1734 431">
    <p class='ocr_par' dir='ltr' id='par_1_16' title="bbox 951 398 1734 431">
     <span class='ocr_line' id='line_1_16' title="bbox 951 398 1734 431; baseline 0.006 -8"><span class='ocrx_word' id='word_1_97' title='bbox 951 398 1134 431; x_wconf 77' lang='lat' dir='ltr'><strong>comprobari,</strong></span> <span class='ocrx_word' id='word_1_98' title='bbox 1152 403 1179 426; x_wconf 92' lang='lat' dir='ltr'><strong>et</strong></span> <span class='ocrx_word' id='word_1_99' title='bbox 1195 399 1246 425; x_wconf 87' lang='lat' dir='ltr'><strong>hoc</strong></span> <span class='ocrx_word' id='word_1_100' title='bbox 1271 403 1332 426; x_wconf 87' lang='lat' dir='ltr'><strong>tuus</strong></span> <span class='ocrx_word' id='word_1_101' title='bbox 1349 399 1471 427; x_wconf 86' lang='lat' dir='ltr'><strong>Coranus</strong></span> <span class='ocrx_word' id='word_1_102' title='bbox 1494 401 1652 428; x_wconf 87' lang='lat' dir='ltr'><strong>testimonio</strong></span> <span class='ocrx_word' id='word_1_103' title='bbox 1683 409 1734 428; x_wconf 85' lang='lat' dir='ltr'><strong>suo</strong></span> 
     </span>
    </p>
   </div>
   <div class='ocr_carea' id='block_1_17' title="bbox 950 442 1733 478">
    <p class='ocr_par' dir='ltr' id='par_1_17' title="bbox 950 442 1733 478">
     <span class='ocr_line' id='line_1_17' title="bbox 950 442 1733 478; baseline 0.005 -10"><span class='ocrx_word' id='word_1_104' title='bbox 950 442 1103 474; x_wconf 85' lang='lat' dir='ltr'><strong>conﬁrmat,</strong></span> <span class='ocrx_word' id='word_1_105' title='bbox 1125 443 1252 470; x_wconf 89' lang='lat' dir='ltr'><strong>nimirum</strong></span> <span class='ocrx_word' id='word_1_106' title='bbox 1265 444 1336 478; x_wconf 90' lang='lat' dir='ltr'><strong>quod</strong></span> <span class='ocrx_word' id='word_1_107' title='bbox 1348 443 1475 471; x_wconf 79' lang='lat' dir='ltr'><strong>Christus</strong></span> <span class='ocrx_word' id='word_1_108' title='bbox 1490 445 1526 472; x_wconf 86' lang='lat' dir='ltr'><strong>sit</strong></span> <span class='ocrx_word' id='word_1_109' title='bbox 1540 444 1658 472; x_wconf 84' lang='lat' dir='ltr'><strong>Verbum</strong></span> <span class='ocrx_word' id='word_1_110' title='bbox 1670 445 1733 473; x_wconf 92' lang='lat' dir='ltr'><strong>-Dei.</strong></span> 
     </span>
    </p>
   </div>
   <div class='ocr_carea' id='block_1_18' title="bbox 950 485 1735 523">
    <p class='ocr_par' dir='ltr' id='par_1_18' title="bbox 950 485 1735 523">
     <span class='ocr_line' id='line_1_18' title="bbox 950 485 1735 523; baseline 0.004 -10"><span class='ocrx_word' id='word_1_111' title='bbox 950 485 984 513; x_wconf 87' lang='lat' dir='ltr'><strong>Et</strong></span> <span class='ocrx_word' id='word_1_112' title='bbox 997 494 1028 513; x_wconf 87' lang='lat' dir='ltr'><strong>ea</strong></span> <span class='ocrx_word' id='word_1_113' title='bbox 1045 487 1076 514; x_wconf 89' lang='lat' dir='ltr'><strong>de</strong></span> <span class='ocrx_word' id='word_1_114' title='bbox 1089 495 1119 514; x_wconf 92' lang='lat' dir='ltr'><strong>re</strong></span> <span class='ocrx_word' id='word_1_115' title='bbox 1131 495 1182 515; x_wconf 88' lang='lat' dir='ltr'><strong>non</strong></span> <span class='ocrx_word' id='word_1_116' title='bbox 1197 488 1276 516; x_wconf 83' lang='lat' dir='ltr'><strong>debes</strong></span> <span class='ocrx_word' id='word_1_117' title='bbox 1288 489 1400 516; x_wconf 90' lang='lat' dir='ltr'><strong>nimium</strong></span> <span class='ocrx_word' id='word_1_118' title='bbox 1414 497 1474 516; x_wconf 88' lang='lat' dir='ltr'><strong>esse</strong></span> <span class='ocrx_word' id='word_1_119' title='bbox 1488 489 1637 523; x_wconf 89' lang='lat' dir='ltr'><strong>sollicitus;</strong></span> <span class='ocrx_word' id='word_1_120' title='bbox 1651 489 1735 517; x_wconf 87' lang='lat' dir='ltr'><strong>Deum</strong></span> 
     </span>
    </p>
   </div>
   <div class='ocr_carea' id='block_1_19' title="bbox 949 532 1736 570">
    <p class='ocr_par' dir='ltr' id='par_1_19' title="bbox 949 532 1736 570">
     <span class='ocr_line' id='line_1_19' title="bbox 949 532 1736 570; baseline 0.006 -12"><span class='ocrx_word' id='word_1_121' title='bbox 949 538 1014 559; x_wconf 88' lang='lat' dir='ltr'><strong>vero</strong></span> <span class='ocrx_word' id='word_1_122' title='bbox 1023 532 1138 559; x_wconf 86' lang='lat' dir='ltr'><strong>Verbum</strong></span> <span class='ocrx_word' id='word_1_123' title='bbox 1150 534 1262 567; x_wconf 92' lang='lat' dir='ltr'><strong>honore,</strong></span> <span class='ocrx_word' id='word_1_124' title='bbox 1273 534 1390 569; x_wconf 81' lang='lat' dir='ltr'><strong>hymnis,</strong></span> <span class='ocrx_word' id='word_1_125' title='bbox 1402 535 1560 562; x_wconf 86' lang='lat' dir='ltr'><strong>adoratione</strong></span> <span class='ocrx_word' id='word_1_126' title='bbox 1569 543 1721 570; x_wconf 83' lang='lat' dir='ltr'><strong>prosequun</strong></span> <span class='ocrx_word' id='word_1_127' title='bbox 1729 551 1736 557; x_wconf 94' lang='lat'><strong>-</strong></span> 
     </span>
    </p>
   </div>
   <div class='ocr_carea' id='block_1_20' title="bbox 116 573 1732 614">
    <p class='ocr_par' dir='ltr' id='par_1_20' title="bbox 116 573 1732 614">
     <span class='ocr_line' id='line_1_20' title="bbox 116 573 1732 614; baseline 0.006 -15"><span class='ocrx_word' id='word_1_128' title='bbox 116 576 160 600; x_wconf 91' lang='lat' dir='ltr'><strong>tur</strong></span> <span class='ocrx_word' id='word_1_129' title='bbox 177 581 273 601; x_wconf 88' lang='lat' dir='ltr'><strong>omnes</strong></span> <span class='ocrx_word' id='word_1_130' title='bbox 282 573 342 600; x_wconf 79' lang='lat' dir='ltr'><strong>cceli</strong></span> <span class='ocrx_word' id='word_1_131' title='bbox 358 573 482 605; x_wconf 86' lang='lat' dir='ltr'><strong>virtutes,</strong></span> <span class='ocrx_word' id='word_1_132' title='bbox 498 578 525 600; x_wconf 87' lang='lat' dir='ltr'><strong>et</strong></span> <span class='ocrx_word' id='word_1_133' title='bbox 543 578 626 601; x_wconf 92' lang='lat' dir='ltr'><strong>totum</strong></span> <span class='ocrx_word' id='word_1_134' title='bbox 636 582 720 609; x_wconf 85' lang='lat' dir='ltr'><strong>genus</strong></span> <span class='ocrx_word' id='word_1_135' title='bbox 737 576 893 603; x_wconf 91' lang='lat' dir='ltr'><strong>humanum.</strong></span> <span class='ocrx_word' id='word_1_136' title='bbox 914 576 948 603; x_wconf 87' lang='lat' dir='ltr'><strong>Et</strong></span> <span class='ocrx_word' id='word_1_137' title='bbox 985 576 1101 605; x_wconf 87' lang='lat' dir='ltr'><strong>Verbum</strong></span> <span class='ocrx_word' id='word_1_138' title='bbox 1129 579 1201 606; x_wconf 85' lang='lat' dir='ltr'><strong>istud</strong></span> <span class='ocrx_word' id='word_1_139' title='bbox 1230 579 1362 607; x_wconf 78' lang='lat' dir='ltr'><strong>habitavit</strong></span> <span class='ocrx_word' id='word_1_140' title='bbox 1401 581 1427 607; x_wconf 92' lang='lat' dir='ltr'><strong>in</strong></span> <span class='ocrx_word' id='word_1_141' title='bbox 1448 588 1541 614; x_wconf 85' lang='lat' dir='ltr'><strong>carne,</strong></span> <span class='ocrx_word' id='word_1_142' title='bbox 1557 587 1584 608; x_wconf 84' lang='lat' dir='ltr'><strong>et</strong></span> <span class='ocrx_word' id='word_1_143' title='bbox 1604 589 1669 609; x_wconf 90' lang='lat' dir='ltr'><strong>caro</strong></span> <span class='ocrx_word' id='word_1_144' title='bbox 1682 582 1732 610; x_wconf 84' lang='lat' dir='ltr'><strong>ista</strong></span> 
     </span>
    </p>
   </div>
   <div class='ocr_carea' id='block_1_21' title="bbox 117 617 1734 658">
    <p class='ocr_par' dir='ltr' id='par_1_21' title="bbox 117 617 1734 658">
     <span class='ocr_line' id='line_1_21' title="bbox 117 617 1734 658; baseline 0.007 -15"><span class='ocrx_word' id='word_1_145' title='bbox 117 617 186 643; x_wconf 61' lang='lat' dir='ltr'><strong>iniria</strong></span> <span class='ocrx_word' id='word_1_146' title='bbox 202 623 244 644; x_wconf 79' lang='lat' dir='ltr'><strong>est</strong></span> <span class='ocrx_word' id='word_1_147' title='bbox 258 618 384 651; x_wconf 89' lang='lat' dir='ltr'><strong>templum</strong></span> <span class='ocrx_word' id='word_1_148' title='bbox 401 618 457 645; x_wconf 89' lang='lat' dir='ltr'><strong>Dei.</strong></span> <span class='ocrx_word' id='word_1_149' title='bbox 476 618 508 645; x_wconf 83' lang='lat' dir='ltr'><strong>Et</strong></span> <span class='ocrx_word' id='word_1_150' title='bbox 520 617 637 646; x_wconf 81' lang='lat' dir='ltr'><strong>Verbum</strong></span> <span class='ocrx_word' id='word_1_151' title='bbox 670 620 749 648; x_wconf 89' lang='lat' dir='ltr'><strong>modo</strong></span> <span class='ocrx_word' id='word_1_152' title='bbox 774 621 826 649; x_wconf 92' lang='lat' dir='ltr'><strong>Deo</strong></span> <span class='ocrx_word' id='word_1_153' title='bbox 846 622 1035 657; x_wconf 83' lang='lat' dir='ltr'><strong>conveniente,</strong></span> <span class='ocrx_word' id='word_1_154' title='bbox 1071 628 1191 651; x_wconf 82' lang='lat' dir='ltr'><strong>mortuos</strong></span> <span class='ocrx_word' id='word_1_155' title='bbox 1208 624 1371 658; x_wconf 83' lang='lat' dir='ltr'><strong>viviﬁcavit,</strong></span> <span class='ocrx_word' id='word_1_156' title='bbox 1403 626 1538 654; x_wconf 84' lang='lat' dir='ltr'><strong>exsistens</strong></span> <span class='ocrx_word' id='word_1_157' title='bbox 1553 628 1579 654; x_wconf 90' lang='lat' dir='ltr'><strong>in</strong></span> <span class='ocrx_word' id='word_1_158' title='bbox 1598 628 1650 654; x_wconf 88' lang='lat' dir='ltr'><strong>isto</strong></span> <span class='ocrx_word' id='word_1_159' title='bbox 1665 630 1734 654; x_wconf 83' lang='lat' dir='ltr'><strong>tem-</strong></span> 
     </span>
    </p>
   </div>
   <div class='ocr_carea' id='block_1_22' title="bbox 118 663 710 698">
    <p class='ocr_par' dir='ltr' id='par_1_22' title="bbox 118 663 710 698">
     <span class='ocr_line' id='line_1_22' title="bbox 118 663 710 698; baseline 0.002 -8"><span class='ocrx_word' id='word_1_160' title='bbox 118 664 162 698; x_wconf 90' lang='lat' dir='ltr'><strong>plo</strong></span> <span class='ocrx_word' id='word_1_161' title='bbox 181 663 309 689; x_wconf 88' lang='lat' dir='ltr'><strong>nimirum</strong></span> <span class='ocrx_word' id='word_1_162' title='bbox 328 670 420 694; x_wconf 90' lang='lat' dir='ltr'><strong>carne,</strong></span> <span class='ocrx_word' id='word_1_163' title='bbox 435 667 462 690; x_wconf 90' lang='lat' dir='ltr'><strong>et</strong></span> <span class='ocrx_word' id='word_1_164' title='bbox 476 671 534 696; x_wconf 75' lang='lat' dir='ltr'><strong>qua:</strong></span> <span class='ocrx_word' id='word_1_165' title='bbox 550 670 710 698; x_wconf 88' lang='lat' dir='ltr'><strong>sequuntur.</strong></span> 
     </span>
    </p>
   </div>
   <div class='ocr_carea' id='block_1_23' title="bbox 158 709 898 747">
    <p class='ocr_par' dir='ltr' id='par_1_23' title="bbox 158 709 898 747">
     <span class='ocr_line' id='line_1_23' title="bbox 158 709 898 747; baseline 0.008 -13"><span class='ocrx_word' id='word_1_166' title='bbox 158 709 249 744; x_wconf 78' lang='grc' dir='ltr'>Ὁρᾷς,</span> <span class='ocrx_word' id='word_1_167' title='bbox 267 709 328 735; x_wconf 73' lang='grc' dir='ltr'>ἐπεὶ</span> <span class='ocrx_word' id='word_1_168' title='bbox 346 710 408 741; x_wconf 69' lang='grc' dir='ltr'>ναὸς</span> <span class='ocrx_word' id='word_1_169' title='bbox 425 710 493 736; x_wconf 85' lang='grc' dir='ltr'>Θεοῦ</span> <span class='ocrx_word' id='word_1_170' title='bbox 509 712 584 737; x_wconf 73' lang='grc' dir='ltr'>ἐστιν</span> <span class='ocrx_word' id='word_1_171' title='bbox 605 712 619 737; x_wconf 87' lang='grc' dir='ltr'><strong>ό</strong></span> <span class='ocrx_word' id='word_1_172' title='bbox 636 712 683 738; x_wconf 82' lang='grc' dir='ltr'><strong>τοῦ</strong></span> <span class='ocrx_word' id='word_1_173' title='bbox 699 712 767 739; x_wconf 77' lang='grc' dir='ltr'>Θεοῦ</span> <span class='ocrx_word' id='word_1_174' title='bbox 798 713 898 747; x_wconf 83' lang='grc' dir='ltr'>Λόγος,</span> 
     </span>
    </p>
   </div>
   <div class='ocr_carea' id='block_1_24' title="bbox 116 753 898 794">
    <p class='ocr_par' dir='ltr' id='par_1_24' title="bbox 116 753 898 794">
     <span class='ocr_line' id='line_1_24' title="bbox 116 753 898 794; baseline 0.008 -15"><span class='ocrx_word' id='word_1_175' title='bbox 116 753 209 780; x_wconf 81' lang='grc' dir='ltr'>λοιπδν</span> <span class='ocrx_word' id='word_1_176' title='bbox 223 754 254 780; x_wconf 86' lang='grc' dir='ltr'>οὗ</span> <span class='ocrx_word' id='word_1_177' title='bbox 269 754 364 788; x_wconf 82' lang='grc' dir='ltr'>χρείαν</span> <span class='ocrx_word' id='word_1_178' title='bbox 388 755 445 789; x_wconf 77' lang='grc' dir='ltr'>ἔχει</span> <span class='ocrx_word' id='word_1_179' title='bbox 462 755 508 782; x_wconf 81' lang='grc' dir='ltr'><strong>τοῦ</strong></span> <span class='ocrx_word' id='word_1_180' title='bbox 523 755 661 789; x_wconf 75' lang='grc' dir='ltr'>εὔξασθαι,</span> <span class='ocrx_word' id='word_1_181' title='bbox 678 758 724 784; x_wconf 75' lang='grc' dir='ltr'><strong>καὶ</strong></span> <span class='ocrx_word' id='word_1_182' title='bbox 752 758 799 784; x_wconf 75' lang='grc' dir='ltr'><strong>ἐὰν</strong></span> <span class='ocrx_word' id='word_1_183' title='bbox 814 757 898 794; x_wconf 78' lang='grc' dir='ltr'>εὔχη-</span> 
     </span>
    </p>
   </div>
   <div class='ocr_carea' id='block_1_25' title="bbox 116 798 899 839">
    <p class='ocr_par' dir='ltr' id='par_1_25' title="bbox 116 798 899 839">
     <span class='ocr_line' id='line_1_25' title="bbox 116 798 899 839; baseline 0.008 -15"><span class='ocrx_word' id='word_1_184' title='bbox 116 807 163 825; x_wconf 83' lang='grc' dir='ltr'><strong>ται</strong></span> <span class='ocrx_word' id='word_1_185' title='bbox 180 798 295 825; x_wconf 70' lang='grc' dir='ltr'>ἐνώπιον</span> <span class='ocrx_word' id='word_1_186' title='bbox 307 799 363 826; x_wconf 86' lang='grc' dir='ltr'><strong>τῶν</strong></span> <span class='ocrx_word' id='word_1_187' title='bbox 379 800 542 835; x_wconf 83' lang='grc' dir='ltr'>ἀνθρώπων,</span> <span class='ocrx_word' id='word_1_188' title='bbox 563 801 637 833; x_wconf 75' lang='grc' dir='ltr'>ἔλεος</span> <span class='ocrx_word' id='word_1_189' title='bbox 661 803 708 829; x_wconf 69' lang='grc' dir='ltr'>καὶ</span> <span class='ocrx_word' id='word_1_190' title='bbox 724 803 899 839; x_wconf 78' lang='grc' dir='ltr'><strong>συγχώρησιν</strong></span> 
     </span>
    </p>
   </div>
   <div class='ocr_carea' id='block_1_26' title="bbox 116 843 899 881">
    <p class='ocr_par' dir='ltr' id='par_1_26' title="bbox 116 843 899 881">
     <span class='ocr_line' id='line_1_26' title="bbox 116 843 899 881; baseline 0.008 -12"><span class='ocrx_word' id='word_1_191' title='bbox 116 843 238 870; x_wconf 81' lang='grc' dir='ltr'><strong>διδάσκει</strong></span> <span class='ocrx_word' id='word_1_192' title='bbox 254 843 293 879; x_wconf 85' lang='grc' dir='ltr'>τῷ</span> <span class='ocrx_word' id='word_1_193' title='bbox 319 844 386 880; x_wconf 82' lang='grc' dir='ltr'>λαῷ,</span> <span class='ocrx_word' id='word_1_194' title='bbox 403 845 489 872; x_wconf 82' lang='grc' dir='ltr'>σῶσαι</span> <span class='ocrx_word' id='word_1_195' title='bbox 520 846 682 881; x_wconf 81' lang='grc' dir='ltr'>βουλόμενος</span> <span class='ocrx_word' id='word_1_196' title='bbox 709 848 818 879; x_wconf 71' lang='grc' dir='ltr'>αὐτούς.</span> <span class='ocrx_word' id='word_1_197' title='bbox 843 849 899 875; x_wconf 79' lang='grc' dir='ltr'>Καὶ</span> 
     </span>
    </p>
   </div>
   <div class='ocr_carea' id='block_1_27' title="bbox 116 889 901 928">
    <p class='ocr_par' dir='ltr' id='par_1_27' title="bbox 116 889 901 928">
     <span class='ocr_line' id='line_1_27' title="bbox 116 889 901 928; baseline 0.008 -13"><span class='ocrx_word' id='word_1_198' title='bbox 116 889 222 922; x_wconf 79' lang='grc' dir='ltr'>λέγεις·</span> <span class='ocrx_word' id='word_1_199' title='bbox 231 890 286 916; x_wconf 70' lang='grc' dir='ltr'><strong>Καὶ</strong></span> <span class='ocrx_word' id='word_1_200' title='bbox 305 891 319 917; x_wconf 84' lang='grc' dir='ltr'>ὁ</span> <span class='ocrx_word' id='word_1_201' title='bbox 337 891 452 924; x_wconf 84' lang='grc' dir='ltr'>ἄγγελος</span> <span class='ocrx_word' id='word_1_202' title='bbox 465 891 613 926; x_wconf 79' lang='grc' dir='ltr'><strong>ἀσώματος</strong></span> <span class='ocrx_word' id='word_1_203' title='bbox 626 891 672 928; x_wconf 83' lang='grc' dir='ltr'>ἦν,</span> <span class='ocrx_word' id='word_1_204' title='bbox 681 893 729 919; x_wconf 80' lang='grc' dir='ltr'>καὶ</span> <span class='ocrx_word' id='word_1_205' title='bbox 744 894 808 925; x_wconf 88' lang='grc' dir='ltr'>ναδς</span> <span class='ocrx_word' id='word_1_206' title='bbox 821 894 901 923; x_wconf 85' lang='grc' dir='ltr'>Θεοῦ.</span> 
     </span>
    </p>
   </div>
   <div class='ocr_carea' id='block_1_28' title="bbox 117 933 903 971">
    <p class='ocr_par' dir='ltr' id='par_1_28' title="bbox 117 933 903 971">
     <span class='ocr_line' id='line_1_28' title="bbox 117 933 903 971; baseline 0.006 -11"><span class='ocrx_word' id='word_1_207' title='bbox 117 933 167 960; x_wconf 77' lang='grc' dir='ltr'>Διὰ</span> <span class='ocrx_word' id='word_1_208' title='bbox 177 934 204 960; x_wconf 87' lang='grc' dir='ltr'><strong>τί</strong></span> <span class='ocrx_word' id='word_1_209' title='bbox 216 934 328 969; x_wconf 84' lang='grc' dir='ltr'>εὔχεται</span> <span class='ocrx_word' id='word_1_210' title='bbox 344 944 351 968; x_wconf 88' lang='grc'>;</span> <span class='ocrx_word' id='word_1_211' title='bbox 367 936 478 971; x_wconf 87' lang='grc' dir='ltr'>Ληρεῖς.</span> <span class='ocrx_word' id='word_1_212' title='bbox 488 936 554 962; x_wconf 76' lang='grc' dir='ltr'><strong>Οὐδὲ</strong></span> <span class='ocrx_word' id='word_1_213' title='bbox 566 945 631 963; x_wconf 85' lang='grc' dir='ltr'>ποτε</span> <span class='ocrx_word' id='word_1_214' title='bbox 653 935 731 964; x_wconf 72' lang='grc' dir='ltr'>εἶπεν</span> <span class='ocrx_word' id='word_1_215' title='bbox 744 939 758 964; x_wconf 81' lang='grc' dir='ltr'>ὀ</span> <span class='ocrx_word' id='word_1_216' title='bbox 767 937 833 970; x_wconf 79' lang='grc' dir='ltr'>Θεὸς</span> <span class='ocrx_word' id='word_1_217' title='bbox 848 938 903 964; x_wconf 89' lang='grc' dir='ltr'><strong>τῶν</strong></span> 
     </span>
    </p>
   </div>
   <div class='ocr_carea' id='block_1_29' title="bbox 117 979 904 1018">
    <p class='ocr_par' dir='ltr' id='par_1_29' title="bbox 117 979 904 1018">
     <span class='ocr_line' id='line_1_29' title="bbox 117 979 904 1018; baseline 0.009 -14"><span class='ocrx_word' id='word_1_218' title='bbox 117 979 252 1012; x_wconf 83' lang='grc' dir='ltr'>ἀγγέλων,</span> <span class='ocrx_word' id='word_1_219' title='bbox 262 979 434 1015; x_wconf 78' lang='grc' dir='ltr'>ἦπροφητῶν</span> <span class='ocrx_word' id='word_1_220' title='bbox 444 989 522 1013; x_wconf 87' lang='grc' dir='ltr'>τινι,ι</span> <span class='ocrx_word' id='word_1_221' title='bbox 534 980 606 1016; x_wconf 83' lang='grc' dir='ltr'><strong>Ἐγὼ</strong></span> <span class='ocrx_word' id='word_1_222' title='bbox 617 983 737 1018; x_wconf 90' lang='grc' dir='ltr'>σήμερον</span> <span class='ocrx_word' id='word_1_223' title='bbox 750 983 904 1018; x_wconf 82' lang='grc' dir='ltr'>γεγέννηκά</span> 
     </span>
    </p>
   </div>
   <div class='ocr_carea' id='block_1_30' title="bbox 118 1024 903 1060">
    <p class='ocr_par' dir='ltr' id='par_1_30' title="bbox 118 1024 903 1060">
     <span class='ocr_line' id='line_1_30' title="bbox 118 1024 903 1060; baseline 0.006 -11"><span class='ocrx_word' id='word_1_224' title='bbox 118 1031 175 1056; x_wconf 64' lang='lat' dir='ltr'><strong>ac,»</strong></span> <span class='ocrx_word' id='word_1_225' title='bbox 183 1024 220 1055; x_wconf 78' lang='grc' dir='ltr'>ὡς</span> <span class='ocrx_word' id='word_1_226' title='bbox 229 1025 262 1050; x_wconf 82' lang='grc' dir='ltr'>ὲκ</span> <span class='ocrx_word' id='word_1_227' title='bbox 268 1025 400 1060; x_wconf 81' lang='grc' dir='ltr'>στόματος</span> <span class='ocrx_word' id='word_1_228' title='bbox 410 1025 501 1056; x_wconf 68' lang='grc' dir='ltr'>Δαὸὶδ,</span> <span class='ocrx_word' id='word_1_229' title='bbox 512 1025 539 1060; x_wconf 84' lang='grc' dir='ltr'>ἦ,</span> <span class='ocrx_word' id='word_1_230' title='bbox 546 1035 555 1051; x_wconf 86' lang='grc'><strong>‹</strong></span> <span class='ocrx_word' id='word_1_231' title='bbox 567 1026 638 1057; x_wconf 59' lang='lat' dir='ltr'><strong>Nati);</strong></span> <span class='ocrx_word' id='word_1_232' title='bbox 646 1025 723 1053; x_wconf 87' lang='grc' dir='ltr'>εῐτοῦ</span> <span class='ocrx_word' id='word_1_233' title='bbox 731 1027 808 1055; x_wconf 81' lang='grc' dir='ltr'>Θεοῦ.</span> <span class='ocrx_word' id='word_1_234' title='bbox 815 1037 824 1053; x_wconf 79' lang='grc' dir='ltr'><strong>ι</strong></span> <span class='ocrx_word' id='word_1_235' title='bbox 834 1027 903 1054; x_wconf 77' lang='grc' dir='ltr'>Οὔτε</span> 
     </span>
    </p>
   </div>
   <div class='ocr_carea' id='block_1_31' title="bbox 117 1066 902 1108">
    <p class='ocr_par' dir='ltr' id='par_1_31' title="bbox 117 1066 902 1108">
     <span class='ocr_line' id='line_1_31' title="bbox 117 1066 902 1108; baseline 0.006 -13"><span class='ocrx_word' id='word_1_236' title='bbox 117 1069 210 1102; x_wconf 83' lang='grc' dir='ltr'>πάλιν,</span> <span class='ocrx_word' id='word_1_237' title='bbox 232 1078 241 1096; x_wconf 83' lang='grc' dir='ltr'><strong>ι</strong></span> <span class='ocrx_word' id='word_1_238' title='bbox 256 1066 341 1101; x_wconf 75' lang='grc' dir='ltr'>Οὗτός</span> <span class='ocrx_word' id='word_1_239' title='bbox 353 1070 427 1097; x_wconf 76' lang='grc' dir='ltr'>ἐστιν</span> <span class='ocrx_word' id='word_1_240' title='bbox 444 1071 458 1097; x_wconf 85' lang='grc' dir='ltr'>ὀ</span> <span class='ocrx_word' id='word_1_241' title='bbox 475 1070 537 1101; x_wconf 88' lang='grc' dir='ltr'>Υἱός</span> <span class='ocrx_word' id='word_1_242' title='bbox 555 1079 605 1106; x_wconf 89' lang='grc' dir='ltr'><strong>μου</strong></span> <span class='ocrx_word' id='word_1_243' title='bbox 622 1071 636 1097; x_wconf 78' lang='grc' dir='ltr'><strong>ὁ</strong></span> <span class='ocrx_word' id='word_1_244' title='bbox 652 1072 805 1108; x_wconf 81' lang='grc' dir='ltr'>ἀγαπητὸς,</span> <span class='ocrx_word' id='word_1_245' title='bbox 819 1073 902 1100; x_wconf 80' lang='grc' dir='ltr'>αὑτοῦ</span> 
     </span>
    </p>
   </div>
   <div class='ocr_carea' id='block_1_32' title="bbox 119 1115 902 1154">
    <p class='ocr_par' dir='ltr' id='par_1_32' title="bbox 119 1115 902 1154">
     <span class='ocr_line' id='line_1_32' title="bbox 119 1115 902 1154; baseline 0.005 -13"><span class='ocrx_word' id='word_1_246' title='bbox 119 1115 246 1142; x_wconf 72' lang='grc' dir='ltr'>ἀκούετε.</span> <span class='ocrx_word' id='word_1_247' title='bbox 262 1125 271 1142; x_wconf 75' lang='grc' dir='ltr'><strong>ι</strong></span> <span class='ocrx_word' id='word_1_248' title='bbox 293 1116 365 1142; x_wconf 84' lang='grc' dir='ltr'>Ἀλλ’</span> <span class='ocrx_word' id='word_1_249' title='bbox 382 1116 444 1143; x_wconf 82' lang='grc' dir='ltr'>οὐδὲ</span> <span class='ocrx_word' id='word_1_250' title='bbox 454 1116 510 1142; x_wconf 86' lang='grc' dir='ltr'><strong>τῶν</strong></span> <span class='ocrx_word' id='word_1_251' title='bbox 518 1117 680 1153; x_wconf 77' lang='grc' dir='ltr'><strong>ἀγγέλων.1ῆ</strong></span> <span class='ocrx_word' id='word_1_252' title='bbox 695 1126 748 1145; x_wconf 87' lang='grc' dir='ltr'>τινι</span> <span class='ocrx_word' id='word_1_253' title='bbox 763 1119 818 1145; x_wconf 85' lang='grc' dir='ltr'><strong>τῶν</strong></span> <span class='ocrx_word' id='word_1_254' title='bbox 833 1127 902 1154; x_wconf 64' lang='grc' dir='ltr'>προσ</span> 
     </span>
    </p>
   </div>
   <div class='ocr_carea' id='block_1_33' title="bbox 117 1161 903 1199">
    <p class='ocr_par' dir='ltr' id='par_1_33' title="bbox 117 1161 903 1199">
     <span class='ocr_line' id='line_1_33' title="bbox 117 1161 903 1199; baseline 0.005 -12"><span class='ocrx_word' id='word_1_255' title='bbox 117 1161 229 1196; x_wconf 52' lang='grc' dir='ltr'>φοιτῶν,</span> <span class='ocrx_word' id='word_1_256' title='bbox 241 1170 251 1187; x_wconf 82' lang='grc' dir='ltr'><strong>ι</strong></span> <span class='ocrx_word' id='word_1_257' title='bbox 266 1161 360 1188; x_wconf 84' lang='grc' dir='ltr'><strong>Κάθου</strong></span> <span class='ocrx_word' id='word_1_258' title='bbox 378 1162 410 1188; x_wconf 82' lang='grc' dir='ltr'>ὲκ</span> <span class='ocrx_word' id='word_1_259' title='bbox 425 1161 522 1195; x_wconf 81' lang='grc' dir='ltr'>δεξιῶν</span> <span class='ocrx_word' id='word_1_260' title='bbox 538 1171 600 1197; x_wconf 84' lang='grc' dir='ltr'>μου,</span> <span class='ocrx_word' id='word_1_261' title='bbox 618 1163 670 1195; x_wconf 79' lang='grc' dir='ltr'><strong>ἓως</strong></span> <span class='ocrx_word' id='word_1_262' title='bbox 679 1163 713 1190; x_wconf 79' lang='grc' dir='ltr'>ἂν</span> <span class='ocrx_word' id='word_1_263' title='bbox 729 1164 769 1190; x_wconf 88' lang='grc' dir='ltr'>θῶ</span> <span class='ocrx_word' id='word_1_264' title='bbox 780 1165 843 1196; x_wconf 82' lang='grc' dir='ltr'>τοὺς</span> <span class='ocrx_word' id='word_1_265' title='bbox 857 1165 903 1199; x_wconf 78' lang='grc' dir='ltr'><strong>ἑχ-</strong></span> 
     </span>
    </p>
   </div>
   <div class='ocr_carea' id='block_1_34' title="bbox 116 1206 903 1242">
    <p class='ocr_par' dir='ltr' id='par_1_34' title="bbox 116 1206 903 1242">
     <span class='ocr_line' id='line_1_34' title="bbox 116 1206 903 1242; baseline 0.004 -9"><span class='ocrx_word' id='word_1_266' title='bbox 116 1206 199 1241; x_wconf 81' lang='grc' dir='ltr'>θρούς</span> <span class='ocrx_word' id='word_1_267' title='bbox 215 1215 262 1233; x_wconf 90' lang='grc' dir='ltr'><strong>σου</strong></span> <span class='ocrx_word' id='word_1_268' title='bbox 280 1207 424 1234; x_wconf 84' lang='grc' dir='ltr'>ὑποπόδιον</span> <span class='ocrx_word' id='word_1_269' title='bbox 453 1207 507 1234; x_wconf 81' lang='grc' dir='ltr'><strong>τῶν</strong></span> <span class='ocrx_word' id='word_1_270' title='bbox 522 1208 611 1234; x_wconf 86' lang='grc' dir='ltr'>ποδῶν</span> <span class='ocrx_word' id='word_1_271' title='bbox 628 1216 686 1235; x_wconf 90' lang='grc' dir='ltr'>σου.</span> <span class='ocrx_word' id='word_1_272' title='bbox 703 1218 714 1235; x_wconf 71' lang='grc' dir='ltr'><strong>ι</strong></span> <span class='ocrx_word' id='word_1_273' title='bbox 733 1209 801 1236; x_wconf 75' lang='grc' dir='ltr'>Οὐδὲ</span> <span class='ocrx_word' id='word_1_274' title='bbox 824 1208 903 1242; x_wconf 84' lang='grc' dir='ltr'>αὖθις</span> 
     </span>
    </p>
   </div>
   <div class='ocr_carea' id='block_1_35' title="bbox 117 1252 901 1288">
    <p class='ocr_par' dir='ltr' id='par_1_35' title="bbox 117 1252 901 1288">
     <span class='ocr_line' id='line_1_35' title="bbox 117 1252 901 1288; baseline 0.005 -10"><span class='ocrx_word' id='word_1_275' title='bbox 117 1252 187 1286; x_wconf 76' lang='grc' dir='ltr'>πρὸς</span> <span class='ocrx_word' id='word_1_276' title='bbox 199 1252 329 1286; x_wconf 69' lang='grc' dir='ltr'>ἄγγελον,</span> <span class='ocrx_word' id='word_1_277' title='bbox 342 1262 351 1278; x_wconf 87' lang='grc' dir='ltr'><strong>ι</strong></span> <span class='ocrx_word' id='word_1_278' title='bbox 363 1252 392 1279; x_wconf 86' lang='lat'><strong>&#39;0</strong></span> <span class='ocrx_word' id='word_1_279' title='bbox 401 1253 467 1284; x_wconf 77' lang='grc' dir='ltr'>Θεὸς</span> <span class='ocrx_word' id='word_1_280' title='bbox 477 1252 555 1288; x_wconf 83' lang='grc' dir='ltr'>ἡμῶν</span> <span class='ocrx_word' id='word_1_281' title='bbox 562 1255 594 1280; x_wconf 82' lang='grc' dir='ltr'>ὲκ</span> <span class='ocrx_word' id='word_1_282' title='bbox 601 1254 723 1286; x_wconf 79' lang='grc' dir='ltr'>δεξιῶν.»</span> <span class='ocrx_word' id='word_1_283' title='bbox 731 1254 800 1281; x_wconf 79' lang='grc' dir='ltr'>Οῦτε</span> <span class='ocrx_word' id='word_1_284' title='bbox 809 1255 901 1288; x_wconf 80' lang='grc' dir='ltr'>πάλιν,</span> 
     </span>
    </p>
   </div>
   <div class='ocr_carea' id='block_1_36' title="bbox 119 1299 902 1336">
    <p class='ocr_par' dir='ltr' id='par_1_36' title="bbox 119 1299 902 1336">
     <span class='ocr_line' id='line_1_36' title="bbox 119 1299 902 1336; baseline 0.004 -11"><span class='ocrx_word' id='word_1_285' title='bbox 119 1307 129 1324; x_wconf 77' lang='grc' dir='ltr'><strong>ι</strong></span> <span class='ocrx_word' id='word_1_286' title='bbox 147 1299 207 1325; x_wconf 80' lang='grc' dir='ltr'><strong>Ἀπ’</strong></span> <span class='ocrx_word' id='word_1_287' title='bbox 222 1299 311 1334; x_wconf 87' lang='grc' dir='ltr'>ἀρχῆς</span> <span class='ocrx_word' id='word_1_288' title='bbox 335 1299 367 1325; x_wconf 80' lang='grc' dir='ltr'>τὸ</span> <span class='ocrx_word' id='word_1_289' title='bbox 380 1299 467 1334; x_wconf 79' lang='grc' dir='ltr'>ὄνομά.</span> <span class='ocrx_word' id='word_1_290' title='bbox 481 1307 528 1325; x_wconf 86' lang='grc' dir='ltr'><strong>σου</strong></span> <span class='ocrx_word' id='word_1_291' title='bbox 539 1299 615 1327; x_wconf 80' lang='grc' dir='ltr'>ἐστὶν</span> <span class='ocrx_word' id='word_1_292' title='bbox 624 1300 694 1336; x_wconf 73' lang='grc' dir='ltr'>ὑπὲρ</span> <span class='ocrx_word' id='word_1_293' title='bbox 710 1301 756 1327; x_wconf 75' lang='grc' dir='ltr'>τὸν</span> <span class='ocrx_word' id='word_1_294' title='bbox 770 1301 847 1336; x_wconf 74' lang='grc' dir='ltr'>ἥλιον</span> <span class='ocrx_word' id='word_1_295' title='bbox 855 1301 902 1328; x_wconf 81' lang='grc' dir='ltr'>καὶ</span> 
     </span>
    </p>
   </div>
   <div class='ocr_carea' id='block_1_37' title="bbox 115 1343 902 1380">
    <p class='ocr_par' dir='ltr' id='par_1_37' title="bbox 115 1343 902 1380">
     <span class='ocr_line' id='line_1_37' title="bbox 115 1343 902 1380; baseline 0.001 -10"><span class='ocrx_word' id='word_1_296' title='bbox 115 1344 166 1379; x_wconf 80' lang='grc' dir='ltr'>τὴν</span> <span class='ocrx_word' id='word_1_297' title='bbox 183 1343 298 1378; x_wconf 86' lang='grc' dir='ltr'>σελήνην</span> <span class='ocrx_word' id='word_1_298' title='bbox 315 1344 354 1373; x_wconf 82' lang='grc' dir='ltr'>εις</span> <span class='ocrx_word' id='word_1_299' title='bbox 367 1344 430 1375; x_wconf 84' lang='grc' dir='ltr'>τοὺς</span> <span class='ocrx_word' id='word_1_300' title='bbox 444 1343 555 1375; x_wconf 77' lang='grc' dir='ltr'>αἰῶνας.</span> <span class='ocrx_word' id='word_1_301' title='bbox 569 1353 578 1369; x_wconf 79' lang='lat' dir='ltr'><strong>t</strong></span> <span class='ocrx_word' id='word_1_302' title='bbox 592 1344 659 1371; x_wconf 82' lang='grc' dir='ltr'><strong>Οὐδὲ</strong></span> <span class='ocrx_word' id='word_1_303' title='bbox 676 1344 760 1371; x_wconf 84' lang='grc' dir='ltr'>πάλιν</span> <span class='ocrx_word' id='word_1_304' title='bbox 773 1345 842 1380; x_wconf 85' lang='grc' dir='ltr'>πρὸς</span> <span class='ocrx_word' id='word_1_305' title='bbox 852 1345 902 1379; x_wconf 78' lang='grc' dir='ltr'><strong>ἆγ-</strong></span> 
     </span>
    </p>
   </div>
   <div class='ocr_carea' id='block_1_38' title="bbox 115 1389 902 1425">
    <p class='ocr_par' dir='ltr' id='par_1_38' title="bbox 115 1389 902 1425">
     <span class='ocr_line' id='line_1_38' title="bbox 115 1389 902 1425; baseline 0.001 -10"><span class='ocrx_word' id='word_1_306' title='bbox 115 1389 230 1425; x_wconf 82' lang='grc' dir='ltr'>γελον,ἢ</span> <span class='ocrx_word' id='word_1_307' title='bbox 248 1389 404 1424; x_wconf 78' lang='grc' dir='ltr'>προφήτην,</span> <span class='ocrx_word' id='word_1_308' title='bbox 420 1398 430 1414; x_wconf 84' lang='grc' dir='ltr'><strong>ι</strong></span> <span class='ocrx_word' id='word_1_309' title='bbox 445 1389 491 1416; x_wconf 74' lang='grc' dir='ltr'><strong>Σοὶ</strong></span> <span class='ocrx_word' id='word_1_310' title='bbox 503 1390 740 1425; x_wconf 84' lang='grc' dir='ltr'>προσκυνήσουσιν</span> <span class='ocrx_word' id='word_1_311' title='bbox 748 1390 772 1416; x_wconf 74' lang='grc' dir='ltr'>οἱ</span> <span class='ocrx_word' id='word_1_312' title='bbox 782 1390 902 1425; x_wconf 72' lang='grc' dir='ltr'>βασιλεῖς</span> 
     </span>
    </p>
   </div>
   <div class='ocr_carea' id='block_1_39' title="bbox 115 1435 900 1470">
    <p class='ocr_par' dir='ltr' id='par_1_39' title="bbox 115 1435 900 1470">
     <span class='ocr_line' id='line_1_39' title="bbox 115 1435 900 1470; baseline 0 -8"><span class='ocrx_word' id='word_1_313' title='bbox 115 1435 162 1462; x_wconf 80' lang='grc' dir='ltr'><strong>τοῦ</strong></span> <span class='ocrx_word' id='word_1_314' title='bbox 177 1435 255 1467; x_wconf 83' lang='grc' dir='ltr'>λαοῦ,</span> <span class='ocrx_word' id='word_1_315' title='bbox 276 1435 324 1462; x_wconf 77' lang='grc' dir='ltr'>καὶ</span> <span class='ocrx_word' id='word_1_316' title='bbox 343 1435 372 1461; x_wconf 80' lang='grc' dir='ltr'>αἱ</span> <span class='ocrx_word' id='word_1_317' title='bbox 386 1435 480 1469; x_wconf 78' lang='grc' dir='ltr'>φυλαὶ,</span> <span class='ocrx_word' id='word_1_318' title='bbox 503 1435 552 1461; x_wconf 80' lang='grc' dir='ltr'>καὶ</span> <span class='ocrx_word' id='word_1_319' title='bbox 577 1435 624 1461; x_wconf 76' lang='grc' dir='ltr'><strong>ἐπὶ</strong></span> <span class='ocrx_word' id='word_1_320' title='bbox 643 1436 686 1461; x_wconf 78' lang='grc' dir='ltr'>σοὶ</span> <span class='ocrx_word' id='word_1_321' title='bbox 711 1435 900 1470; x_wconf 80' lang='grc' dir='ltr'>εὐλογοῦνται,</span> 
     </span>
    </p>
   </div>
   <div class='ocr_carea' id='block_1_40' title="bbox 114 1481 900 1517">
    <p class='ocr_par' dir='ltr' id='par_1_40' title="bbox 114 1481 900 1517">
     <span class='ocr_line' id='line_1_40' title="bbox 114 1481 900 1517; baseline 0.003 -10"><span class='ocrx_word' id='word_1_322' title='bbox 114 1482 163 1508; x_wconf 80' lang='grc' dir='ltr'>καὶ</span> <span class='ocrx_word' id='word_1_323' title='bbox 198 1481 418 1517; x_wconf 83' lang='grc' dir='ltr'>προσκυνήσουσί</span> <span class='ocrx_word' id='word_1_324' title='bbox 445 1489 475 1507; x_wconf 89' lang='grc' dir='ltr'><strong>σε</strong></span> <span class='ocrx_word' id='word_1_325' title='bbox 508 1481 608 1513; x_wconf 83' lang='grc' dir='ltr'>πάντες</span> <span class='ocrx_word' id='word_1_326' title='bbox 635 1481 784 1517; x_wconf 80' lang='grc' dir='ltr'>ἄνθρωποι.</span> <span class='ocrx_word' id='word_1_327' title='bbox 805 1491 815 1508; x_wconf 71' lang='grc' dir='ltr'><strong>ι</strong></span> <span class='ocrx_word' id='word_1_328' title='bbox 842 1482 900 1510; x_wconf 86' lang='grc' dir='ltr'><strong>Οὐκ</strong></span> 
     </span>
    </p>
   </div>
   <div class='ocr_carea' id='block_1_41' title="bbox 114 1527 899 1562">
    <p class='ocr_par' dir='ltr' id='par_1_41' title="bbox 114 1527 899 1562">
     <span class='ocr_line' id='line_1_41' title="bbox 114 1527 899 1562; baseline 0.001 -9"><span class='ocrx_word' id='word_1_329' title='bbox 114 1527 189 1554; x_wconf 77' lang='grc' dir='ltr'>ἐστιν</span> <span class='ocrx_word' id='word_1_330' title='bbox 199 1527 253 1562; x_wconf 74' lang='grc' dir='ltr'>ἄρα</span> <span class='ocrx_word' id='word_1_331' title='bbox 273 1527 377 1559; x_wconf 80' lang='grc' dir='ltr'>λοιπὸν,</span> <span class='ocrx_word' id='word_1_332' title='bbox 395 1528 442 1554; x_wconf 80' lang='grc' dir='ltr'>καὶ</span> <span class='ocrx_word' id='word_1_333' title='bbox 457 1528 470 1554; x_wconf 85' lang='grc' dir='ltr'><strong>ό</strong></span> <span class='ocrx_word' id='word_1_334' title='bbox 485 1527 600 1561; x_wconf 75' lang='grc' dir='ltr'>ἄγγελος</span> <span class='ocrx_word' id='word_1_335' title='bbox 620 1528 683 1559; x_wconf 79' lang='grc' dir='ltr'>ναὸς</span> <span class='ocrx_word' id='word_1_336' title='bbox 700 1527 769 1554; x_wconf 82' lang='grc' dir='ltr'>Θεοῦ</span> <span class='ocrx_word' id='word_1_337' title='bbox 783 1548 790 1561; x_wconf 92' lang='grc'><strong>,</strong></span> <span class='ocrx_word' id='word_1_338' title='bbox 810 1528 849 1560; x_wconf 85' lang='grc' dir='ltr'>ὼς</span> <span class='ocrx_word' id='word_1_339' title='bbox 866 1528 899 1554; x_wconf 82' lang='grc' dir='ltr'>σὺ</span> 
     </span>
    </p>
   </div>
   <div class='ocr_carea' id='block_1_42' title="bbox 113 1571 899 1608">
    <p class='ocr_par' dir='ltr' id='par_1_42' title="bbox 113 1571 899 1608">
     <span class='ocr_line' id='line_1_42' title="bbox 113 1571 899 1608; baseline 0.003 -10"><span class='ocrx_word' id='word_1_340' title='bbox 113 1572 212 1604; x_wconf 75' lang='grc' dir='ltr'>δοκεῖς.</span> <span class='ocrx_word' id='word_1_341' title='bbox 229 1573 286 1599; x_wconf 81' lang='grc' dir='ltr'><strong>Καὶ</strong></span> <span class='ocrx_word' id='word_1_342' title='bbox 300 1571 379 1604; x_wconf 79' lang='grc' dir='ltr'>αὖθις</span> <span class='ocrx_word' id='word_1_343' title='bbox 393 1573 488 1608; x_wconf 76' lang='grc' dir='ltr'>ἐρωτῶ</span> <span class='ocrx_word' id='word_1_344' title='bbox 506 1581 536 1599; x_wconf 90' lang='grc' dir='ltr'><strong>σε</strong></span> <span class='ocrx_word' id='word_1_345' title='bbox 551 1574 584 1600; x_wconf 76' lang='grc' dir='ltr'>ἐκ</span> <span class='ocrx_word' id='word_1_346' title='bbox 595 1573 645 1608; x_wconf 83' lang='grc' dir='ltr'>τῆς</span> <span class='ocrx_word' id='word_1_347' title='bbox 661 1575 772 1608; x_wconf 77' lang='grc' dir='ltr'>γραφῆς</span> <span class='ocrx_word' id='word_1_348' title='bbox 786 1582 843 1605; x_wconf 89' lang='grc' dir='ltr'>σου,</span> <span class='ocrx_word' id='word_1_349' title='bbox 858 1574 899 1600; x_wconf 81' lang='grc' dir='ltr'>ὅτι</span> 
     </span>
    </p>
   </div>
   <div class='ocr_carea' id='block_1_43' title="bbox 113 1618 898 1655">
    <p class='ocr_par' dir='ltr' id='par_1_43' title="bbox 113 1618 898 1655">
     <span class='ocr_line' id='line_1_43' title="bbox 113 1618 898 1655; baseline 0.001 -11"><span class='ocrx_word' id='word_1_350' title='bbox 113 1618 301 1653; x_wconf 82' lang='grc' dir='ltr'>ἐὸδομήκοντα</span> <span class='ocrx_word' id='word_1_351' title='bbox 335 1620 412 1655; x_wconf 81' lang='grc' dir='ltr'>τρεῖς</span> <span class='ocrx_word' id='word_1_352' title='bbox 440 1619 521 1653; x_wconf 88' lang='grc' dir='ltr'>φυλαί</span> <span class='ocrx_word' id='word_1_353' title='bbox 549 1620 618 1646; x_wconf 74' lang='grc' dir='ltr'>εἰσιν</span> <span class='ocrx_word' id='word_1_354' title='bbox 640 1620 664 1646; x_wconf 79' lang='lat' dir='ltr'><strong>oi</strong></span> <span class='ocrx_word' id='word_1_355' title='bbox 690 1619 898 1654; x_wconf 79' lang='grc' dir='ltr'>Μουσαλμανοὶ,</span> 
     </span>
    </p>
   </div>
   <div class='ocr_carea' id='block_1_44' title="bbox 112 1664 898 1700">
    <p class='ocr_par' dir='ltr' id='par_1_44' title="bbox 112 1664 898 1700">
     <span class='ocr_line' id='line_1_44' title="bbox 112 1664 898 1700; baseline 0 -10"><span class='ocrx_word' id='word_1_356' title='bbox 112 1664 151 1695; x_wconf 82' lang='grc' dir='ltr'>ὡς</span> <span class='ocrx_word' id='word_1_357' title='bbox 163 1664 264 1698; x_wconf 81' lang='grc' dir='ltr'>λέγεις,</span> <span class='ocrx_word' id='word_1_358' title='bbox 281 1665 298 1698; x_wconf 83' lang='grc' dir='ltr'><strong>ἡ</strong></span> <span class='ocrx_word' id='word_1_359' title='bbox 317 1664 367 1699; x_wconf 85' lang='grc' dir='ltr'>μία</span> <span class='ocrx_word' id='word_1_360' title='bbox 381 1664 429 1691; x_wconf 83' lang='grc' dir='ltr'><strong>τοῦ</strong></span> <span class='ocrx_word' id='word_1_361' title='bbox 445 1665 622 1700; x_wconf 83' lang='grc' dir='ltr'>παραδείσου,</span> <span class='ocrx_word' id='word_1_362' title='bbox 640 1664 686 1692; x_wconf 79' lang='grc' dir='ltr'>καὶ</span> <span class='ocrx_word' id='word_1_363' title='bbox 698 1665 725 1691; x_wconf 77' lang='grc' dir='ltr'>αἱ</span> <span class='ocrx_word' id='word_1_364' title='bbox 735 1664 828 1691; x_wconf 79' lang='grc' dir='ltr'>λοιπαὶ</span> <span class='ocrx_word' id='word_1_365' title='bbox 843 1665 898 1691; x_wconf 82' lang='grc' dir='ltr'><strong>τῶν</strong></span> 
     </span>
    </p>
   </div>
   <div class='ocr_carea' id='block_1_45' title="bbox 112 1710 897 1746">
    <p class='ocr_par' dir='ltr' id='par_1_45' title="bbox 112 1710 897 1746">
     <span class='ocr_line' id='line_1_45' title="bbox 112 1710 897 1746; baseline 0.001 -9"><span class='ocrx_word' id='word_1_366' title='bbox 112 1710 260 1737; x_wconf 75' lang='grc' dir='ltr'>κολάσεων·</span> <span class='ocrx_word' id='word_1_367' title='bbox 276 1711 325 1737; x_wconf 80' lang='grc' dir='ltr'>καὶ</span> <span class='ocrx_word' id='word_1_368' title='bbox 353 1711 455 1743; x_wconf 84' lang='grc' dir='ltr'>πάντες</span> <span class='ocrx_word' id='word_1_369' title='bbox 474 1712 523 1738; x_wconf 70' lang='grc' dir='ltr'>ἕνα</span> <span class='ocrx_word' id='word_1_370' title='bbox 547 1711 697 1746; x_wconf 80' lang='grc' dir='ltr'>Μουχάμετ</span> <span class='ocrx_word' id='word_1_371' title='bbox 712 1711 897 1745; x_wconf 85' lang='grc' dir='ltr'>γινώσκουσιν</span> 
     </span>
    </p>
   </div>
   <div class='ocr_carea' id='block_1_46' title="bbox 111 1755 899 1792">
    <p class='ocr_par' dir='ltr' id='par_1_46' title="bbox 111 1755 899 1792">
     <span class='ocr_line' id='line_1_46' title="bbox 111 1755 899 1792; baseline 0.001 -10"><span class='ocrx_word' id='word_1_372' title='bbox 111 1756 161 1782; x_wconf 77' lang='grc' dir='ltr'>καὶ</span> <span class='ocrx_word' id='word_1_373' title='bbox 181 1755 231 1782; x_wconf 69' lang='grc' dir='ltr'>ἕνα</span> <span class='ocrx_word' id='word_1_374' title='bbox 242 1756 309 1782; x_wconf 75' lang='grc' dir='ltr'>Θεὸν</span> <span class='ocrx_word' id='word_1_375' title='bbox 323 1756 403 1783; x_wconf 79' lang='grc' dir='ltr'>ἄλλον</span> <span class='ocrx_word' id='word_1_376' title='bbox 423 1756 593 1791; x_wconf 75' lang='grc' dir='ltr'>ὁμολογοῦσι,</span> <span class='ocrx_word' id='word_1_377' title='bbox 612 1757 660 1784; x_wconf 74' lang='grc' dir='ltr'>καὶ</span> <span class='ocrx_word' id='word_1_378' title='bbox 687 1757 811 1792; x_wconf 76' lang='grc' dir='ltr'>τέσσαρα</span> <span class='ocrx_word' id='word_1_379' title='bbox 837 1757 899 1791; x_wconf 89' lang='grc' dir='ltr'>δόγ-</span> 
     </span>
    </p>
   </div>
   <div class='ocr_carea' id='block_1_47' title="bbox 114 1800 898 1837">
    <p class='ocr_par' dir='ltr' id='par_1_47' title="bbox 114 1800 898 1837">
     <span class='ocr_line' id='line_1_47' title="bbox 114 1800 898 1837; baseline 0.003 -10"><span class='ocrx_word' id='word_1_380' title='bbox 114 1809 187 1836; x_wconf 85' lang='grc' dir='ltr'>ματα</span> <span class='ocrx_word' id='word_1_381' title='bbox 203 1800 409 1836; x_wconf 77' lang='grc' dir='ltr'>δογματίζουσι.</span> <span class='ocrx_word' id='word_1_382' title='bbox 431 1802 468 1828; x_wconf 88' lang='grc' dir='ltr'>Τδ</span> <span class='ocrx_word' id='word_1_383' title='bbox 484 1802 593 1836; x_wconf 83' lang='grc' dir='ltr'>πρῶτον</span> <span class='ocrx_word' id='word_1_384' title='bbox 618 1802 673 1830; x_wconf 73' lang='grc' dir='ltr'><strong>ἀπὸ</strong></span> <span class='ocrx_word' id='word_1_385' title='bbox 694 1802 814 1837; x_wconf 79' lang='grc' dir='ltr'>Χανιφὰ,</span> <span class='ocrx_word' id='word_1_386' title='bbox 837 1802 898 1829; x_wconf 87' lang='grc' dir='ltr'>δεύ-</span> 
     </span>
    </p>
   </div>
   <div class='ocr_carea' id='block_1_48' title="bbox 111 1847 898 1884">
    <p class='ocr_par' dir='ltr' id='par_1_48' title="bbox 111 1847 898 1884">
     <span class='ocr_line' id='line_1_48' title="bbox 111 1847 898 1884; baseline 0.005 -12"><span class='ocrx_word' id='word_1_387' title='bbox 111 1854 193 1881; x_wconf 86' lang='grc' dir='ltr'>τερον</span> <span class='ocrx_word' id='word_1_388' title='bbox 203 1847 280 1882; x_wconf 69' lang='grc' dir='ltr'>Σεφὶ,</span> <span class='ocrx_word' id='word_1_389' title='bbox 297 1847 389 1882; x_wconf 86' lang='grc' dir='ltr'>τρίτον</span> <span class='ocrx_word' id='word_1_390' title='bbox 406 1847 504 1880; x_wconf 54' lang='lat' dir='ltr'><strong>Malui,</strong></span> <span class='ocrx_word' id='word_1_391' title='bbox 522 1848 652 1883; x_wconf 73' lang='grc' dir='ltr'>τέταρτον</span> <span class='ocrx_word' id='word_1_392' title='bbox 682 1848 790 1884; x_wconf 82' lang='grc' dir='ltr'>’Δχμὰτ</span> <span class='ocrx_word' id='word_1_393' title='bbox 817 1849 898 1884; x_wconf 85' lang='grc' dir='ltr'>Χαμ-</span> 
     </span>
    </p>
   </div>
   <div class='ocr_carea' id='block_1_49' title="bbox 115 1890 174 1918">
    <p class='ocr_par' dir='ltr' id='par_1_49' title="bbox 115 1890 174 1918">
     <span class='ocr_line' id='line_1_49' title="bbox 115 1890 174 1918; baseline 0.017 -1"><span class='ocrx_word' id='word_1_394' title='bbox 115 1890 174 1918; x_wconf 89' lang='grc' dir='ltr'>πίλ.</span> 
     </span>
    </p>
   </div>
   <div class='ocr_carea' id='block_1_50' title="bbox 147 2022 897 2059">
    <p class='ocr_par' dir='ltr' id='par_1_50' title="bbox 147 2022 897 2059">
     <span class='ocr_line' id='line_1_50' title="bbox 147 2022 897 2059; baseline 0 -9"><span class='ocrx_word' id='word_1_395' title='bbox 147 2023 204 2050; x_wconf 78' lang='grc' dir='ltr'>Καὶ</span> <span class='ocrx_word' id='word_1_396' title='bbox 215 2022 328 2059; x_wconf 71' lang='grc' dir='ltr'>ἔμαθον,</span> <span class='ocrx_word' id='word_1_397' title='bbox 343 2024 384 2051; x_wconf 81' lang='grc' dir='ltr'>ὅτι</span> <span class='ocrx_word' id='word_1_398' title='bbox 397 2023 472 2058; x_wconf 81' lang='grc' dir='ltr'>λέγει</span> <span class='ocrx_word' id='word_1_399' title='bbox 499 2024 513 2051; x_wconf 84' lang='grc' dir='ltr'><strong>ὁ</strong></span> <span class='ocrx_word' id='word_1_400' title='bbox 529 2023 679 2059; x_wconf 77' lang='grc' dir='ltr'>Μουχαμὲτ</span> <span class='ocrx_word' id='word_1_401' title='bbox 702 2024 731 2050; x_wconf 78' lang='grc' dir='ltr'>ὲν</span> <span class='ocrx_word' id='word_1_402' title='bbox 764 2023 806 2059; x_wconf 80' lang='grc' dir='ltr'><strong>τῷ</strong></span> <span class='ocrx_word' id='word_1_403' title='bbox 824 2025 897 2051; x_wconf 85' lang='grc' dir='ltr'>Κου-</span> 
     </span>
    </p>
   </div>
   <div class='ocr_carea' id='block_1_51' title="bbox 111 2069 898 2106">
    <p class='ocr_par' dir='ltr' id='par_1_51' title="bbox 111 2069 898 2106">
     <span class='ocr_line' id='line_1_51' title="bbox 111 2069 898 2106; baseline -0.001 -9"><span class='ocrx_word' id='word_1_404' title='bbox 111 2069 197 2106; x_wconf 83' lang='grc' dir='ltr'>ρανιῳ</span> <span class='ocrx_word' id='word_1_405' title='bbox 207 2090 215 2102; x_wconf 94' lang='grc'><strong>,</strong></span> <span class='ocrx_word' id='word_1_406' title='bbox 233 2069 437 2105; x_wconf 79' lang='grc' dir='ltr'>Ἐϐδομήκοντα</span> <span class='ocrx_word' id='word_1_407' title='bbox 449 2069 496 2097; x_wconf 89' lang='grc' dir='ltr'>δύο</span> <span class='ocrx_word' id='word_1_408' title='bbox 516 2070 599 2104; x_wconf 81' lang='grc' dir='ltr'>φυλαὶ</span> <span class='ocrx_word' id='word_1_409' title='bbox 608 2071 658 2105; x_wconf 81' lang='grc' dir='ltr'>τῆς</span> <span class='ocrx_word' id='word_1_410' title='bbox 672 2070 822 2102; x_wconf 79' lang='grc' dir='ltr'>κολάσεως,</span> <span class='ocrx_word' id='word_1_411' title='bbox 849 2070 898 2097; x_wconf 74' lang='grc' dir='ltr'>καὶ</span> 
     </span>
    </p>
   </div>
   <div class='ocr_carea' id='block_1_52' title="bbox 110 2115 897 2152">
    <p class='ocr_par' dir='ltr' id='par_1_52' title="bbox 110 2115 897 2152">
     <span class='ocr_line' id='line_1_52' title="bbox 110 2115 897 2152; baseline 0 -10"><span class='ocrx_word' id='word_1_412' title='bbox 110 2116 163 2152; x_wconf 83' lang='grc' dir='ltr'><strong>μία</strong></span> <span class='ocrx_word' id='word_1_413' title='bbox 176 2115 223 2143; x_wconf 86' lang='grc' dir='ltr'><strong>τοῦ</strong></span> <span class='ocrx_word' id='word_1_414' title='bbox 238 2115 417 2150; x_wconf 85' lang='grc' dir='ltr'>παραδείσου.</span> <span class='ocrx_word' id='word_1_415' title='bbox 436 2116 571 2147; x_wconf 84' lang='grc' dir='ltr'>Πάντωςὸ</span> <span class='ocrx_word' id='word_1_416' title='bbox 585 2115 747 2150; x_wconf 81' lang='grc' dir='ltr'>Μουχάμετ,</span> <span class='ocrx_word' id='word_1_417' title='bbox 760 2115 825 2142; x_wconf 77' lang='grc' dir='ltr'>οὐδὲ</span> <span class='ocrx_word' id='word_1_418' title='bbox 841 2116 897 2142; x_wconf 82' lang='grc' dir='ltr'><strong>ἀπὸ</strong></span> 
     </span>
    </p>
   </div>
   <div class='ocr_carea' id='block_1_53' title="bbox 108 2161 897 2197">
    <p class='ocr_par' dir='ltr' id='par_1_53' title="bbox 108 2161 897 2197">
     <span class='ocr_line' id='line_1_53' title="bbox 108 2161 897 2197; baseline 0 -9"><span class='ocrx_word' id='word_1_419' title='bbox 108 2161 212 2197; x_wconf 77' lang='grc' dir='ltr'>πολλῆς</span> <span class='ocrx_word' id='word_1_420' title='bbox 229 2162 362 2197; x_wconf 79' lang='grc' dir='ltr'>συλλογῆς</span> <span class='ocrx_word' id='word_1_421' title='bbox 376 2162 486 2196; x_wconf 78' lang='grc' dir='ltr'>βιὸλίων</span> <span class='ocrx_word' id='word_1_422' title='bbox 502 2162 665 2189; x_wconf 73' lang='grc' dir='ltr'>ἐπαίδευσεν</span> <span class='ocrx_word' id='word_1_423' title='bbox 682 2161 728 2188; x_wconf 80' lang='grc' dir='ltr'>τὸν</span> <span class='ocrx_word' id='word_1_424' title='bbox 751 2161 817 2188; x_wconf 83' lang='grc' dir='ltr'>λαὸν</span> <span class='ocrx_word' id='word_1_425' title='bbox 846 2163 897 2188; x_wconf 88' lang='grc' dir='ltr'><strong>αὐ-</strong></span> 
     </span>
    </p>
   </div>
   <div class='ocr_carea' id='block_1_54' title="bbox 987 714 1733 753">
    <p class='ocr_par' dir='ltr' id='par_1_54' title="bbox 987 714 1733 753">
     <span class='ocr_line' id='line_1_54' title="bbox 987 714 1733 753; baseline 0.007 -12"><span class='ocrx_word' id='word_1_426' title='bbox 987 714 1071 743; x_wconf 89' lang='lat' dir='ltr'><strong>Vides</strong></span> <span class='ocrx_word' id='word_1_427' title='bbox 1088 717 1160 751; x_wconf 89' lang='lat' dir='ltr'><strong>quod</strong></span> <span class='ocrx_word' id='word_1_428' title='bbox 1173 717 1390 752; x_wconf 80' lang='lat' dir='ltr'><strong>quandoquidem</strong></span> <span class='ocrx_word' id='word_1_429' title='bbox 1404 717 1522 745; x_wconf 90' lang='lat' dir='ltr'><strong>Verbum</strong></span> <span class='ocrx_word' id='word_1_430' title='bbox 1544 723 1587 746; x_wconf 87' lang='lat' dir='ltr'><strong>est</strong></span> <span class='ocrx_word' id='word_1_431' title='bbox 1605 719 1733 753; x_wconf 79' lang='lat' dir='ltr'><strong>templum</strong></span> 
     </span>
    </p>
   </div>
   <div class='ocr_carea' id='block_1_55' title="bbox 952 759 1734 799">
    <p class='ocr_par' dir='ltr' id='par_1_55' title="bbox 952 759 1734 799">
     <span class='ocr_line' id='line_1_55' title="bbox 952 759 1734 799; baseline 0.008 -13"><span class='ocrx_word' id='word_1_432' title='bbox 952 759 1010 791; x_wconf 85' lang='lat' dir='ltr'><strong>Dei,</strong></span> <span class='ocrx_word' id='word_1_433' title='bbox 1024 761 1146 795; x_wconf 83' lang='lat' dir='ltr'><strong>sequitur</strong></span> <span class='ocrx_word' id='word_1_434' title='bbox 1162 763 1262 789; x_wconf 78' lang='lat' dir='ltr'><strong>neu&#39;illi</strong></span> <span class='ocrx_word' id='word_1_435' title='bbox 1276 771 1343 798; x_wconf 88' lang='lat' dir='ltr'><strong>opus</strong></span> <span class='ocrx_word' id='word_1_436' title='bbox 1357 764 1438 791; x_wconf 80' lang='lat' dir='ltr'><strong>fuisse</strong></span> <span class='ocrx_word' id='word_1_437' title='bbox 1453 764 1590 799; x_wconf 86' lang='lat' dir='ltr'><strong>precibus,</strong></span> <span class='ocrx_word' id='word_1_438' title='bbox 1604 770 1631 792; x_wconf 88' lang='lat' dir='ltr'><strong>et</strong></span> <span class='ocrx_word' id='word_1_439' title='bbox 1643 765 1665 792; x_wconf 89' lang='lat' dir='ltr'><strong>si</strong></span> <span class='ocrx_word' id='word_1_440' title='bbox 1681 765 1734 792; x_wconf 83' lang='lat' dir='ltr'><strong>ali-</strong></span> 
     </span>
    </p>
   </div>
   <div class='ocr_carea' id='block_1_56' title="bbox 952 805 1732 841">
    <p class='ocr_par' dir='ltr' id='par_1_56' title="bbox 952 805 1732 841">
     <span class='ocr_line' id='line_1_56' title="bbox 952 805 1732 841; baseline 0.006 -10"><span class='ocrx_word' id='word_1_441' title='bbox 952 805 1060 839; x_wconf 87' lang='lat' dir='ltr'><strong>quando</strong></span> <span class='ocrx_word' id='word_1_442' title='bbox 1074 813 1168 840; x_wconf 88' lang='lat' dir='ltr'><strong>preces</strong></span> <span class='ocrx_word' id='word_1_443' title='bbox 1182 807 1266 833; x_wconf 85' lang='lat' dir='ltr'><strong>visnm</strong></span> <span class='ocrx_word' id='word_1_444' title='bbox 1283 811 1324 834; x_wconf 86' lang='lat' dir='ltr'><strong>est</strong></span> <span class='ocrx_word' id='word_1_445' title='bbox 1339 807 1450 835; x_wconf 85' lang='lat' dir='ltr'><strong>fundere</strong></span> <span class='ocrx_word' id='word_1_446' title='bbox 1463 815 1553 835; x_wconf 89' lang='lat' dir='ltr'><strong>coram</strong></span> <span class='ocrx_word' id='word_1_447' title='bbox 1569 809 1732 841; x_wconf 90' lang='lat' dir='ltr'><strong>hominibus,</strong></span> 
     </span>
    </p>
   </div>
   <div class='ocr_carea' id='block_1_57' title="bbox 916 849 1732 893">
    <p class='ocr_par' dir='ltr' id='par_1_57' title="bbox 916 849 1732 893">
     <span class='ocr_line' id='line_1_57' title="bbox 916 849 1732 893; baseline 0.006 -17"><span class='ocrx_word' id='word_1_448' title='bbox 916 866 937 893; x_wconf 73' lang='grc' dir='ltr'>Β</span> <span class='ocrx_word' id='word_1_449' title='bbox 953 849 1004 877; x_wconf 85' lang='lat' dir='ltr'><strong>hac</strong></span> <span class='ocrx_word' id='word_1_450' title='bbox 1018 851 1112 885; x_wconf 79' lang='lat' dir='ltr'><strong>agendi</strong></span> <span class='ocrx_word' id='word_1_451' title='bbox 1130 852 1235 879; x_wconf 78' lang='lat' dir='ltr'><strong>ratione</strong></span> <span class='ocrx_word' id='word_1_452' title='bbox 1248 852 1332 879; x_wconf 89' lang='lat' dir='ltr'><strong>voluit</strong></span> <span class='ocrx_word' id='word_1_453' title='bbox 1347 852 1408 880; x_wconf 90' lang='lat' dir='ltr'><strong>illos</strong></span> <span class='ocrx_word' id='word_1_454' title='bbox 1422 853 1636 881; x_wconf 86' lang='lat' dir='ltr'><strong>misericordiam</strong></span> <span class='ocrx_word' id='word_1_455' title='bbox 1649 860 1677 881; x_wconf 92' lang='lat' dir='ltr'><strong>et</strong></span> <span class='ocrx_word' id='word_1_456' title='bbox 1689 854 1732 881; x_wconf 85' lang='lat' dir='ltr'><strong>in-</strong></span> 
     </span>
    </p>
   </div>
   <div class='ocr_carea' id='block_1_58' title="bbox 951 895 1733 933">
    <p class='ocr_par' dir='ltr' id='par_1_58' title="bbox 951 895 1733 933">
     <span class='ocr_line' id='line_1_58' title="bbox 951 895 1733 933; baseline 0.006 -11"><span class='ocrx_word' id='word_1_457' title='bbox 951 895 1113 931; x_wconf 81' lang='lat' dir='ltr'><strong>dulgentiam</strong></span> <span class='ocrx_word' id='word_1_458' title='bbox 1123 898 1229 929; x_wconf 87' lang='lat' dir='ltr'><strong>docere,</strong></span> <span class='ocrx_word' id='word_1_459' title='bbox 1238 901 1265 924; x_wconf 83' lang='lat' dir='ltr'><strong>et</strong></span> <span class='ocrx_word' id='word_1_460' title='bbox 1275 897 1333 924; x_wconf 89' lang='lat' dir='ltr'><strong>illos</strong></span> <span class='ocrx_word' id='word_1_461' title='bbox 1345 898 1377 925; x_wconf 88' lang='lat' dir='ltr'><strong>ad</strong></span> <span class='ocrx_word' id='word_1_462' title='bbox 1387 899 1500 926; x_wconf 83' lang='lat' dir='ltr'><strong>salutem</strong></span> <span class='ocrx_word' id='word_1_463' title='bbox 1511 899 1667 933; x_wconf 80' lang='lat' dir='ltr'><strong>perducere.</strong></span> <span class='ocrx_word' id='word_1_464' title='bbox 1679 899 1733 927; x_wconf 89' lang='lat' dir='ltr'><strong>Sed</strong></span> 
     </span>
    </p>
   </div>
   <div class='ocr_carea' id='block_1_59' title="bbox 953 941 1731 978">
    <p class='ocr_par' dir='ltr' id='par_1_59' title="bbox 953 941 1731 978">
     <span class='ocr_line' id='line_1_59' title="bbox 953 941 1731 978; baseline 0.005 -11"><span class='ocrx_word' id='word_1_465' title='bbox 953 941 1025 968; x_wconf 89' lang='lat' dir='ltr'><strong>dices</strong></span> <span class='ocrx_word' id='word_1_466' title='bbox 1043 949 1051 968; x_wconf 88' lang='lat'><strong>:</strong></span> <span class='ocrx_word' id='word_1_467' title='bbox 1068 942 1185 977; x_wconf 79' lang='lat' dir='ltr'><strong>Angelus</strong></span> <span class='ocrx_word' id='word_1_468' title='bbox 1205 947 1246 970; x_wconf 86' lang='lat' dir='ltr'><strong>est</strong></span> <span class='ocrx_word' id='word_1_469' title='bbox 1262 944 1449 977; x_wconf 88' lang='lat' dir='ltr'><strong>incorporeus,</strong></span> <span class='ocrx_word' id='word_1_470' title='bbox 1463 948 1491 971; x_wconf 87' lang='lat' dir='ltr'><strong>et</strong></span> <span class='ocrx_word' id='word_1_471' title='bbox 1507 945 1635 978; x_wconf 91' lang='lat' dir='ltr'><strong>templum</strong></span> <span class='ocrx_word' id='word_1_472' title='bbox 1663 944 1731 977; x_wconf 91' lang='lat' dir='ltr'><strong>Dei,</strong></span> 
     </span>
    </p>
   </div>
   <div class='ocr_carea' id='block_1_60' title="bbox 952 987 1732 1024">
    <p class='ocr_par' dir='ltr' id='par_1_60' title="bbox 952 987 1732 1024">
     <span class='ocr_line' id='line_1_60' title="bbox 952 987 1732 1024; baseline 0.005 -11"><span class='ocrx_word' id='word_1_473' title='bbox 952 994 1035 1021; x_wconf 90' lang='lat' dir='ltr'><strong>quare</strong></span> <span class='ocrx_word' id='word_1_474' title='bbox 1060 994 1124 1021; x_wconf 82' lang='lat' dir='ltr'><strong>ergo</strong></span> <span class='ocrx_word' id='word_1_475' title='bbox 1151 987 1295 1021; x_wconf 80' lang='lat' dir='ltr'><strong>precatur?</strong></span> <span class='ocrx_word' id='word_1_476' title='bbox 1310 988 1363 1015; x_wconf 85' lang='lat' dir='ltr'><strong>Sed</strong></span> <span class='ocrx_word' id='word_1_477' title='bbox 1394 988 1503 1021; x_wconf 83' lang='lat' dir='ltr'><strong>deliras,</strong></span> <span class='ocrx_word' id='word_1_478' title='bbox 1530 988 1594 1016; x_wconf 84' lang='lat' dir='ltr'><strong>nulli</strong></span> <span class='ocrx_word' id='word_1_479' title='bbox 1614 996 1732 1024; x_wconf 82' lang='lat' dir='ltr'><strong>unquam</strong></span> 
     </span>
    </p>
   </div>
   <div class='ocr_carea' id='block_1_61' title="bbox 953 1031 1733 1069">
    <p class='ocr_par' dir='ltr' id='par_1_61' title="bbox 953 1031 1733 1069">
     <span class='ocr_line' id='line_1_61' title="bbox 953 1031 1733 1069; baseline 0.004 -11"><span class='ocrx_word' id='word_1_480' title='bbox 953 1031 1109 1067; x_wconf 77' lang='lat' dir='ltr'><strong>angelorum</strong></span> <span class='ocrx_word' id='word_1_481' title='bbox 1127 1037 1173 1059; x_wconf 87' lang='lat' dir='ltr'><strong>aut</strong></span> <span class='ocrx_word' id='word_1_482' title='bbox 1187 1033 1379 1067; x_wconf 86' lang='lat' dir='ltr'><strong>prophetarum</strong></span> <span class='ocrx_word' id='word_1_483' title='bbox 1400 1034 1468 1061; x_wconf 80' lang='lat' dir='ltr'><strong>dixit</strong></span> <span class='ocrx_word' id='word_1_484' title='bbox 1486 1034 1566 1067; x_wconf 83' lang='lat' dir='ltr'><strong>Deus,</strong></span> <span class='ocrx_word' id='word_1_485' title='bbox 1582 1034 1663 1061; x_wconf 90' lang='lat' dir='ltr'><strong>hodie</strong></span> <span class='ocrx_word' id='word_1_486' title='bbox 1684 1042 1733 1069; x_wconf 81' lang='lat' dir='ltr'><strong>ge-</strong></span> 
     </span>
    </p>
   </div>
   <div class='ocr_carea' id='block_1_62' title="bbox 952 1077 1731 1113">
    <p class='ocr_par' dir='ltr' id='par_1_62' title="bbox 952 1077 1731 1113">
     <span class='ocr_line' id='line_1_62' title="bbox 952 1077 1731 1113; baseline 0.004 -10"><span class='ocrx_word' id='word_1_487' title='bbox 952 1077 997 1103; x_wconf 89' lang='lat' dir='ltr'><strong>nui</strong></span> <span class='ocrx_word' id='word_1_488' title='bbox 1013 1082 1048 1109; x_wconf 87' lang='lat' dir='ltr'><strong>te,</strong></span> <span class='ocrx_word' id='word_1_489' title='bbox 1069 1081 1098 1103; x_wconf 90' lang='lat' dir='ltr'><strong>ut</strong></span> <span class='ocrx_word' id='word_1_490' title='bbox 1112 1077 1231 1111; x_wconf 87' lang='lat' dir='ltr'><strong>loquitur</strong></span> <span class='ocrx_word' id='word_1_491' title='bbox 1244 1077 1339 1109; x_wconf 85' lang='lat' dir='ltr'><strong>David,</strong></span> <span class='ocrx_word' id='word_1_492' title='bbox 1365 1082 1412 1105; x_wconf 89' lang='lat' dir='ltr'><strong>aut</strong></span> <span class='ocrx_word' id='word_1_493' title='bbox 1431 1082 1460 1105; x_wconf 87' lang='lat' dir='ltr'><strong>tu</strong></span> <span class='ocrx_word' id='word_1_494' title='bbox 1490 1086 1520 1106; x_wconf 88' lang='lat' dir='ltr'><strong>es</strong></span> <span class='ocrx_word' id='word_1_495' title='bbox 1533 1078 1660 1113; x_wconf 88' lang='lat' dir='ltr'><strong>templum</strong></span> <span class='ocrx_word' id='word_1_496' title='bbox 1672 1079 1731 1107; x_wconf 87' lang='lat' dir='ltr'><strong>Dei.</strong></span> 
     </span>
    </p>
   </div>
   <div class='ocr_carea' id='block_1_63' title="bbox 951 1121 1733 1150">
    <p class='ocr_par' dir='ltr' id='par_1_63' title="bbox 951 1121 1733 1150">
     <span class='ocr_line' id='line_1_63' title="bbox 951 1121 1733 1150; baseline 0.003 -2"><span class='ocrx_word' id='word_1_497' title='bbox 951 1121 985 1149; x_wconf 84' lang='lat' dir='ltr'><strong>Et</strong></span> <span class='ocrx_word' id='word_1_498' title='bbox 997 1128 1090 1149; x_wconf 83' lang='lat' dir='ltr'><strong>rursus</strong></span> <span class='ocrx_word' id='word_1_499' title='bbox 1105 1121 1138 1149; x_wconf 90' lang='lat' dir='ltr'><strong>de</strong></span> <span class='ocrx_word' id='word_1_500' title='bbox 1152 1121 1224 1148; x_wconf 92' lang='lat' dir='ltr'><strong>nullo</strong></span> <span class='ocrx_word' id='word_1_501' title='bbox 1241 1121 1292 1149; x_wconf 86' lang='lat' dir='ltr'><strong>alio</strong></span> <span class='ocrx_word' id='word_1_502' title='bbox 1307 1122 1408 1149; x_wconf 86' lang='lat' dir='ltr'><strong>dictum</strong></span> <span class='ocrx_word' id='word_1_503' title='bbox 1433 1126 1475 1150; x_wconf 88' lang='lat' dir='ltr'><strong>est</strong></span> <span class='ocrx_word' id='word_1_504' title='bbox 1491 1131 1498 1149; x_wconf 91' lang='lat'>:</span> <span class='ocrx_word' id='word_1_505' title='bbox 1516 1123 1565 1149; x_wconf 86' lang='lat' dir='ltr'><strong>llic</strong></span> <span class='ocrx_word' id='word_1_506' title='bbox 1589 1127 1632 1150; x_wconf 88' lang='lat' dir='ltr'><strong>est</strong></span> <span class='ocrx_word' id='word_1_507' title='bbox 1648 1122 1733 1150; x_wconf 80' lang='lat' dir='ltr'><strong>Filius</strong></span> 
     </span>
    </p>
   </div>
   <div class='ocr_carea' id='block_1_64' title="bbox 951 1166 1733 1202">
    <p class='ocr_par' dir='ltr' id='par_1_64' title="bbox 951 1166 1733 1202">
     <span class='ocr_line' id='line_1_64' title="bbox 951 1166 1733 1202; baseline 0.001 -9"><span class='ocrx_word' id='word_1_508' title='bbox 951 1173 1028 1193; x_wconf 85' lang='lat' dir='ltr'><strong>meus</strong></span> <span class='ocrx_word' id='word_1_509' title='bbox 1043 1166 1165 1199; x_wconf 85' lang='lat' dir='ltr'><strong>dilectus,</strong></span> <span class='ocrx_word' id='word_1_510' title='bbox 1184 1167 1278 1194; x_wconf 85' lang='lat' dir='ltr'><strong>audite</strong></span> <span class='ocrx_word' id='word_1_511' title='bbox 1289 1167 1375 1194; x_wconf 87' lang='lat' dir='ltr'><strong>illum.</strong></span> <span class='ocrx_word' id='word_1_512' title='bbox 1388 1166 1421 1194; x_wconf 87' lang='lat' dir='ltr'><strong>Et</strong></span> <span class='ocrx_word' id='word_1_513' title='bbox 1436 1167 1500 1194; x_wconf 89' lang='lat' dir='ltr'><strong>nulli</strong></span> <span class='ocrx_word' id='word_1_514' title='bbox 1515 1167 1672 1202; x_wconf 79' lang='lat' dir='ltr'><strong>angelorum</strong></span> <span class='ocrx_word' id='word_1_515' title='bbox 1686 1172 1733 1194; x_wconf 89' lang='lat' dir='ltr'><strong>aut</strong></span> 
     </span>
    </p>
   </div>
   <div class='ocr_carea' id='block_1_65' title="bbox 950 1210 1734 1246">
    <p class='ocr_par' dir='ltr' id='par_1_65' title="bbox 950 1210 1734 1246">
     <span class='ocr_line' id='line_1_65' title="bbox 950 1210 1734 1246; baseline 0.003 -9"><span class='ocrx_word' id='word_1_516' title='bbox 950 1211 1144 1246; x_wconf 80' lang='lat' dir='ltr'><strong>prophetarum</strong></span> <span class='ocrx_word' id='word_1_517' title='bbox 1161 1210 1262 1238; x_wconf 90' lang='lat' dir='ltr'><strong>dictum</strong></span> <span class='ocrx_word' id='word_1_518' title='bbox 1284 1216 1327 1238; x_wconf 86' lang='lat' dir='ltr'><strong>est</strong></span> <span class='ocrx_word' id='word_1_519' title='bbox 1345 1220 1351 1238; x_wconf 92' lang='lat'><strong>:</strong></span> <span class='ocrx_word' id='word_1_520' title='bbox 1371 1211 1434 1238; x_wconf 86' lang='lat' dir='ltr'><strong>sede</strong></span> <span class='ocrx_word' id='word_1_521' title='bbox 1445 1219 1461 1238; x_wconf 88' lang='lat' dir='ltr'><strong>a</strong></span> <span class='ocrx_word' id='word_1_522' title='bbox 1478 1212 1579 1238; x_wconf 82' lang='lat' dir='ltr'><strong>dextris</strong></span> <span class='ocrx_word' id='word_1_523' title='bbox 1596 1212 1662 1239; x_wconf 85' lang='lat' dir='ltr'><strong>meis</strong></span> <span class='ocrx_word' id='word_1_524' title='bbox 1684 1211 1734 1239; x_wconf 89' lang='lat' dir='ltr'><strong>d0-</strong></span> 
     </span>
    </p>
   </div>
   <div class='ocr_carea' id='block_1_66' title="bbox 952 1257 1732 1292">
    <p class='ocr_par' dir='ltr' id='par_1_66' title="bbox 952 1257 1732 1292">
     <span class='ocr_line' id='line_1_66' title="bbox 952 1257 1732 1292; baseline 0 -8"><span class='ocrx_word' id='word_1_525' title='bbox 952 1265 1001 1284; x_wconf 88' lang='lat' dir='ltr'><strong>nec</strong></span> <span class='ocrx_word' id='word_1_526' title='bbox 1014 1263 1130 1292; x_wconf 90' lang='lat' dir='ltr'><strong>posuero</strong></span> <span class='ocrx_word' id='word_1_527' title='bbox 1147 1257 1271 1284; x_wconf 86' lang='lat' dir='ltr'><strong>inimicos</strong></span> <span class='ocrx_word' id='word_1_528' title='bbox 1296 1262 1370 1284; x_wconf 23' lang='lat' dir='ltr'><strong>tuosl</strong></span> <span class='ocrx_word' id='word_1_529' title='bbox 1385 1257 1532 1284; x_wconf 82' lang='lat' dir='ltr'><strong>scabellum</strong></span> <span class='ocrx_word' id='word_1_530' title='bbox 1558 1258 1655 1292; x_wconf 87' lang='lat' dir='ltr'><strong>pedum</strong></span> <span class='ocrx_word' id='word_1_531' title='bbox 1671 1262 1732 1284; x_wconf 89' lang='lat' dir='ltr'><strong>tuo-</strong></span> 
     </span>
    </p>
   </div>
   <div class='ocr_carea' id='block_1_67' title="bbox 951 1301 1732 1338">
    <p class='ocr_par' dir='ltr' id='par_1_67' title="bbox 951 1301 1732 1338">
     <span class='ocr_line' id='line_1_67' title="bbox 951 1301 1732 1338; baseline -0.001 -9"><span class='ocrx_word' id='word_1_532' title='bbox 951 1305 1025 1329; x_wconf 80' lang='lat' dir='ltr'><strong>rum.‘</strong></span> <span class='ocrx_word' id='word_1_533' title='bbox 1034 1301 1089 1329; x_wconf 80' lang='lat' dir='ltr'><strong>Nec</strong></span> <span class='ocrx_word' id='word_1_534' title='bbox 1115 1302 1148 1329; x_wconf 89' lang='lat' dir='ltr'><strong>de</strong></span> <span class='ocrx_word' id='word_1_535' title='bbox 1178 1302 1274 1338; x_wconf 89' lang='lat' dir='ltr'><strong>angelo</strong></span> <span class='ocrx_word' id='word_1_536' title='bbox 1303 1303 1429 1330; x_wconf 88' lang='lat' dir='ltr'><strong>dictum:</strong></span> <span class='ocrx_word' id='word_1_537' title='bbox 1452 1303 1520 1330; x_wconf 82' lang='lat' dir='ltr'><strong>Deus</strong></span> <span class='ocrx_word' id='word_1_538' title='bbox 1545 1307 1637 1330; x_wconf 88' lang='lat' dir='ltr'><strong>noster</strong></span> <span class='ocrx_word' id='word_1_539' title='bbox 1660 1307 1701 1329; x_wconf 87' lang='lat' dir='ltr'><strong>est</strong></span> <span class='ocrx_word' id='word_1_540' title='bbox 1716 1309 1732 1328; x_wconf 65' lang='grc' dir='ltr'><strong><em>λ</em></strong></span> 
     </span>
    </p>
   </div>
   <div class='ocr_carea' id='block_1_68' title="bbox 951 1345 1732 1374">
    <p class='ocr_par' dir='ltr' id='par_1_68' title="bbox 951 1345 1732 1374">
     <span class='ocr_line' id='line_1_68' title="bbox 951 1345 1732 1374; baseline -0.001 0"><span class='ocrx_word' id='word_1_541' title='bbox 951 1345 1131 1374; x_wconf 79' lang='lat' dir='ltr'><strong>dcxtris.Nec</strong></span> <span class='ocrx_word' id='word_1_542' title='bbox 1158 1354 1272 1374; x_wconf 87' lang='lat' dir='ltr'><strong>rursus:</strong></span> <span class='ocrx_word' id='word_1_543' title='bbox 1290 1347 1394 1374; x_wconf 88' lang='lat' dir='ltr'><strong>Nomen</strong></span> <span class='ocrx_word' id='word_1_544' title='bbox 1422 1352 1497 1374; x_wconf 89' lang='lat' dir='ltr'><strong>tuum</strong></span> <span class='ocrx_word' id='word_1_545' title='bbox 1526 1351 1568 1374; x_wconf 86' lang='lat' dir='ltr'><strong>est</strong></span> <span class='ocrx_word' id='word_1_546' title='bbox 1592 1347 1626 1374; x_wconf 87' lang='lat' dir='ltr'><strong>ab</strong></span> <span class='ocrx_word' id='word_1_547' title='bbox 1653 1347 1732 1374; x_wconf 87' lang='lat' dir='ltr'><strong>initio</strong></span> 
     </span>
    </p>
   </div>
   <div class='ocr_carea' id='block_1_69' title="bbox 951 1391 1732 1426">
    <p class='ocr_par' dir='ltr' id='par_1_69' title="bbox 951 1391 1732 1426">
     <span class='ocr_line' id='line_1_69' title="bbox 951 1391 1732 1426; baseline 0 -8"><span class='ocrx_word' id='word_1_548' title='bbox 951 1396 1014 1419; x_wconf 84' lang='lat' dir='ltr'><strong>ante</strong></span> <span class='ocrx_word' id='word_1_549' title='bbox 1035 1392 1130 1424; x_wconf 87' lang='lat' dir='ltr'><strong>solem,</strong></span> <span class='ocrx_word' id='word_1_550' title='bbox 1145 1396 1171 1419; x_wconf 89' lang='lat' dir='ltr'><strong>et</strong></span> <span class='ocrx_word' id='word_1_551' title='bbox 1184 1391 1285 1424; x_wconf 86' lang='lat' dir='ltr'><strong>lunam,</strong></span> <span class='ocrx_word' id='word_1_552' title='bbox 1300 1392 1367 1419; x_wconf 89' lang='lat' dir='ltr'><strong>etin</strong></span> <span class='ocrx_word' id='word_1_553' title='bbox 1381 1392 1495 1424; x_wconf 71' lang='lat' dir='ltr'><strong>szecula;</strong></span> <span class='ocrx_word' id='word_1_554' title='bbox 1514 1399 1563 1419; x_wconf 89' lang='lat' dir='ltr'><strong>nec</strong></span> <span class='ocrx_word' id='word_1_555' title='bbox 1580 1392 1613 1419; x_wconf 90' lang='lat' dir='ltr'><strong>de</strong></span> <span class='ocrx_word' id='word_1_556' title='bbox 1636 1392 1732 1426; x_wconf 78' lang='lat' dir='ltr'><strong>angelo</strong></span> 
     </span>
    </p>
   </div>
   <div class='ocr_carea' id='block_1_70' title="bbox 950 1436 1731 1472">
    <p class='ocr_par' dir='ltr' id='par_1_70' title="bbox 950 1436 1731 1472">
     <span class='ocr_line' id='line_1_70' title="bbox 950 1436 1731 1472; baseline -0.001 -7"><span class='ocrx_word' id='word_1_557' title='bbox 950 1442 976 1465; x_wconf 88' lang='lat' dir='ltr'><strong>et</strong></span> <span class='ocrx_word' id='word_1_558' title='bbox 992 1437 1119 1472; x_wconf 89' lang='lat' dir='ltr'><strong>propheta</strong></span> <span class='ocrx_word' id='word_1_559' title='bbox 1137 1437 1238 1465; x_wconf 88' lang='lat' dir='ltr'><strong>dictum</strong></span> <span class='ocrx_word' id='word_1_560' title='bbox 1255 1445 1262 1464; x_wconf 91' lang='lat'><strong>:</strong></span> <span class='ocrx_word' id='word_1_561' title='bbox 1276 1436 1315 1464; x_wconf 88' lang='lat' dir='ltr'><strong>Te</strong></span> <span class='ocrx_word' id='word_1_562' title='bbox 1331 1437 1530 1464; x_wconf 85' lang='lat' dir='ltr'><strong>venerabuntur</strong></span> <span class='ocrx_word' id='word_1_563' title='bbox 1551 1444 1627 1472; x_wconf 87' lang='lat' dir='ltr'><strong>reges</strong></span> <span class='ocrx_word' id='word_1_564' title='bbox 1641 1437 1731 1472; x_wconf 87' lang='lat' dir='ltr'><strong>populi</strong></span> 
     </span>
    </p>
   </div>
   <div class='ocr_carea' id='block_1_71' title="bbox 951 1482 1732 1516">
    <p class='ocr_par' dir='ltr' id='par_1_71' title="bbox 951 1482 1732 1516">
     <span class='ocr_line' id='line_1_71' title="bbox 951 1482 1732 1516; baseline 0 -7"><span class='ocrx_word' id='word_1_565' title='bbox 951 1483 1000 1514; x_wconf 90' lang='lat' dir='ltr'><strong>tui.</strong></span> <span class='ocrx_word' id='word_1_566' title='bbox 1017 1487 1043 1510; x_wconf 87' lang='lat' dir='ltr'><strong>et</strong></span> <span class='ocrx_word' id='word_1_567' title='bbox 1059 1482 1145 1509; x_wconf 87' lang='lat' dir='ltr'><strong>tribus</strong></span> <span class='ocrx_word' id='word_1_568' title='bbox 1159 1483 1250 1516; x_wconf 85' lang='lat' dir='ltr'><strong>populi</strong></span> <span class='ocrx_word' id='word_1_569' title='bbox 1277 1483 1315 1509; x_wconf 91' lang='lat' dir='ltr'><strong>tui</strong></span> <span class='ocrx_word' id='word_1_570' title='bbox 1343 1483 1370 1510; x_wconf 92' lang='lat' dir='ltr'><strong>in</strong></span> <span class='ocrx_word' id='word_1_571' title='bbox 1385 1487 1409 1510; x_wconf 84' lang='lat' dir='ltr'><strong>te</strong></span> <span class='ocrx_word' id='word_1_572' title='bbox 1435 1483 1637 1515; x_wconf 85' lang='lat' dir='ltr'><strong>benedicentur,</strong></span> <span class='ocrx_word' id='word_1_573' title='bbox 1651 1487 1678 1510; x_wconf 89' lang='lat' dir='ltr'><strong>et</strong></span> <span class='ocrx_word' id='word_1_574' title='bbox 1706 1487 1732 1510; x_wconf 86' lang='lat' dir='ltr'><strong>te</strong></span> 
     </span>
    </p>
   </div>
   <div class='ocr_carea' id='block_1_72' title="bbox 952 1525 1730 1560">
    <p class='ocr_par' dir='ltr' id='par_1_72' title="bbox 952 1525 1730 1560">
     <span class='ocr_line' id='line_1_72' title="bbox 952 1525 1730 1560; baseline -0.001 -8"><span class='ocrx_word' id='word_1_575' title='bbox 952 1526 1101 1554; x_wconf 86' lang='lat' dir='ltr'><strong>adorabunt</strong></span> <span class='ocrx_word' id='word_1_576' title='bbox 1115 1533 1209 1553; x_wconf 87' lang='lat' dir='ltr'><strong>omnes</strong></span> <span class='ocrx_word' id='word_1_577' title='bbox 1218 1526 1349 1554; x_wconf 88' lang='lat' dir='ltr'><strong>homines.</strong></span> <span class='ocrx_word' id='word_1_578' title='bbox 1358 1525 1416 1553; x_wconf 88' lang='lat' dir='ltr'><strong>Non</strong></span> <span class='ocrx_word' id='word_1_579' title='bbox 1431 1533 1496 1559; x_wconf 84' lang='lat' dir='ltr'><strong>ergo</strong></span> <span class='ocrx_word' id='word_1_580' title='bbox 1511 1526 1646 1560; x_wconf 88' lang='lat' dir='ltr'><strong>sequitur,</strong></span> <span class='ocrx_word' id='word_1_581' title='bbox 1663 1530 1692 1552; x_wconf 91' lang='lat' dir='ltr'><strong>ut</strong></span> <span class='ocrx_word' id='word_1_582' title='bbox 1703 1530 1730 1552; x_wconf 91' lang='lat' dir='ltr'><strong>tu</strong></span> 
     </span>
    </p>
   </div>
   <div class='ocr_carea' id='block_1_73' title="bbox 950 1571 1732 1606">
    <p class='ocr_par' dir='ltr' id='par_1_73' title="bbox 950 1571 1732 1606">
     <span class='ocr_line' id='line_1_73' title="bbox 950 1571 1732 1606; baseline -0.003 -8"><span class='ocrx_word' id='word_1_583' title='bbox 950 1571 1097 1601; x_wconf 78' lang='lat' dir='ltr'><strong>existimas.</strong></span> <span class='ocrx_word' id='word_1_584' title='bbox 1119 1572 1190 1606; x_wconf 90' lang='lat' dir='ltr'><strong>quod</strong></span> <span class='ocrx_word' id='word_1_585' title='bbox 1203 1571 1317 1606; x_wconf 88' lang='lat' dir='ltr'><strong>angelus</strong></span> <span class='ocrx_word' id='word_1_586' title='bbox 1330 1572 1366 1598; x_wconf 94' lang='lat' dir='ltr'><strong>sit</strong></span> <span class='ocrx_word' id='word_1_587' title='bbox 1381 1571 1507 1605; x_wconf 88' lang='lat' dir='ltr'><strong>templum</strong></span> <span class='ocrx_word' id='word_1_588' title='bbox 1523 1571 1578 1598; x_wconf 86' lang='lat' dir='ltr'><strong>Dei.</strong></span> <span class='ocrx_word' id='word_1_589' title='bbox 1593 1571 1646 1598; x_wconf 87' lang='lat' dir='ltr'><strong>Sed</strong></span> <span class='ocrx_word' id='word_1_590' title='bbox 1672 1578 1732 1597; x_wconf 91' lang='lat' dir='ltr'><strong>rur-</strong></span> 
     </span>
    </p>
   </div>
   <div class='ocr_carea' id='block_1_74' title="bbox 950 1616 1729 1652">
    <p class='ocr_par' dir='ltr' id='par_1_74' title="bbox 950 1616 1729 1652">
     <span class='ocr_line' id='line_1_74' title="bbox 950 1616 1729 1652; baseline -0.001 -9"><span class='ocrx_word' id='word_1_591' title='bbox 950 1624 997 1644; x_wconf 88' lang='lat' dir='ltr'><strong>sus</strong></span> <span class='ocrx_word' id='word_1_592' title='bbox 1009 1616 1080 1651; x_wconf 86' lang='lat' dir='ltr'><strong>apud</strong></span> <span class='ocrx_word' id='word_1_593' title='bbox 1101 1621 1127 1644; x_wconf 92' lang='lat' dir='ltr'><strong>te</strong></span> <span class='ocrx_word' id='word_1_594' title='bbox 1138 1618 1316 1652; x_wconf 71' lang='lat' dir='ltr'><strong>quaestionem</strong></span> <span class='ocrx_word' id='word_1_595' title='bbox 1341 1617 1456 1644; x_wconf 88' lang='lat' dir='ltr'><strong>movebo</strong></span> <span class='ocrx_word' id='word_1_596' title='bbox 1469 1624 1501 1643; x_wconf 75' lang='lat' dir='ltr'><strong>ex</strong></span> <span class='ocrx_word' id='word_1_597' title='bbox 1518 1617 1574 1650; x_wconf 88' lang='lat' dir='ltr'><strong>ipsa</strong></span> <span class='ocrx_word' id='word_1_598' title='bbox 1594 1617 1729 1650; x_wconf 85' lang='lat' dir='ltr'><strong>scriptura</strong></span> 
     </span>
    </p>
   </div>
   <div class='ocr_carea' id='block_1_75' title="bbox 950 1661 1731 1698">
    <p class='ocr_par' dir='ltr' id='par_1_75' title="bbox 950 1661 1731 1698">
     <span class='ocr_line' id='line_1_75' title="bbox 950 1661 1731 1698; baseline -0.001 -9"><span class='ocrx_word' id='word_1_599' title='bbox 950 1665 996 1689; x_wconf 90' lang='lat' dir='ltr'><strong>ttta</strong></span> <span class='ocrx_word' id='word_1_600' title='bbox 1010 1663 1119 1697; x_wconf 82' lang='lat' dir='ltr'><strong>petitam</strong></span> <span class='ocrx_word' id='word_1_601' title='bbox 1131 1683 1140 1696; x_wconf 91' lang='lat'><strong>,</strong></span> <span class='ocrx_word' id='word_1_602' title='bbox 1153 1663 1198 1690; x_wconf 88' lang='lat' dir='ltr'><strong>ubi</strong></span> <span class='ocrx_word' id='word_1_603' title='bbox 1214 1669 1341 1690; x_wconf 79' lang='lat' dir='ltr'><strong>narratur</strong></span> <span class='ocrx_word' id='word_1_604' title='bbox 1351 1663 1520 1698; x_wconf 78' lang='lat' dir='ltr'><strong>septuaginta</strong></span> <span class='ocrx_word' id='word_1_605' title='bbox 1538 1668 1591 1689; x_wconf 86' lang='lat' dir='ltr'><strong>tres</strong></span> <span class='ocrx_word' id='word_1_606' title='bbox 1606 1669 1668 1689; x_wconf 83' lang='lat' dir='ltr'><strong>esse</strong></span> <span class='ocrx_word' id='word_1_607' title='bbox 1681 1661 1731 1688; x_wconf 89' lang='lat' dir='ltr'><strong>tri-</strong></span> 
     </span>
    </p>
   </div>
   <div class='ocr_carea' id='block_1_76' title="bbox 950 1707 1730 1743">
    <p class='ocr_par' dir='ltr' id='par_1_76' title="bbox 950 1707 1730 1743">
     <span class='ocr_line' id='line_1_76' title="bbox 950 1707 1730 1743; baseline -0.001 -9"><span class='ocrx_word' id='word_1_608' title='bbox 950 1709 998 1734; x_wconf 88' lang='lat' dir='ltr'><strong>btts</strong></span> <span class='ocrx_word' id='word_1_609' title='bbox 1017 1707 1275 1741; x_wconf 82' lang='lat' dir='ltr'><strong>Musulmannorum,</strong></span> <span class='ocrx_word' id='word_1_610' title='bbox 1293 1709 1401 1735; x_wconf 90' lang='lat' dir='ltr'><strong>unicam</strong></span> <span class='ocrx_word' id='word_1_611' title='bbox 1415 1712 1480 1735; x_wconf 79' lang='lat' dir='ltr'><strong>vero</strong></span> <span class='ocrx_word' id='word_1_612' title='bbox 1492 1708 1612 1743; x_wconf 79' lang='lat' dir='ltr'><strong>paradisi</strong></span> <span class='ocrx_word' id='word_1_613' title='bbox 1626 1707 1730 1734; x_wconf 83' lang='lat' dir='ltr'><strong>deliciis</strong></span> 
     </span>
    </p>
   </div>
   <div class='ocr_carea' id='block_1_77' title="bbox 950 1753 1730 1789">
    <p class='ocr_par' dir='ltr' id='par_1_77' title="bbox 950 1753 1730 1789">
     <span class='ocr_line' id='line_1_77' title="bbox 950 1753 1730 1789; baseline 0 -9"><span class='ocrx_word' id='word_1_614' title='bbox 950 1755 1104 1788; x_wconf 82' lang='lat' dir='ltr'><strong>potituram,</strong></span> <span class='ocrx_word' id='word_1_615' title='bbox 1121 1754 1188 1781; x_wconf 84' lang='lat' dir='ltr'><strong>alias</strong></span> <span class='ocrx_word' id='word_1_616' title='bbox 1199 1762 1262 1782; x_wconf 89' lang='lat' dir='ltr'><strong>vero</strong></span> <span class='ocrx_word' id='word_1_617' title='bbox 1276 1762 1369 1782; x_wconf 81' lang='lat' dir='ltr'><strong>omnes</strong></span> <span class='ocrx_word' id='word_1_618' title='bbox 1383 1754 1522 1789; x_wconf 86' lang='lat' dir='ltr'><strong>suppliciis</strong></span> <span class='ocrx_word' id='word_1_619' title='bbox 1537 1759 1562 1781; x_wconf 89' lang='lat' dir='ltr'><strong>et</strong></span> <span class='ocrx_word' id='word_1_620' title='bbox 1578 1754 1665 1787; x_wconf 74' lang='lat' dir='ltr'><strong>poenis</strong></span> <span class='ocrx_word' id='word_1_621' title='bbox 1681 1753 1730 1780; x_wconf 87' lang='lat' dir='ltr'><strong>ad-</strong></span> 
     </span>
    </p>
   </div>
   <div class='ocr_carea' id='block_1_78' title="bbox 945 1798 1729 1834">
    <p class='ocr_par' dir='ltr' id='par_1_78' title="bbox 945 1798 1729 1834">
     <span class='ocr_line' id='line_1_78' title="bbox 945 1798 1729 1834; baseline 0 -9"><span class='ocrx_word' id='word_1_622' title='bbox 945 1798 1124 1833; x_wconf 85' lang='lat' dir='ltr'><strong>jndicandas;</strong></span> <span class='ocrx_word' id='word_1_623' title='bbox 1139 1804 1166 1827; x_wconf 91' lang='lat' dir='ltr'><strong>et</strong></span> <span class='ocrx_word' id='word_1_624' title='bbox 1185 1807 1279 1827; x_wconf 90' lang='lat' dir='ltr'><strong>omnes</strong></span> <span class='ocrx_word' id='word_1_625' title='bbox 1296 1800 1404 1834; x_wconf 86' lang='lat' dir='ltr'><strong>quidem</strong></span> <span class='ocrx_word' id='word_1_626' title='bbox 1416 1808 1497 1827; x_wconf 89' lang='lat' dir='ltr'><strong>untun</strong></span> <span class='ocrx_word' id='word_1_627' title='bbox 1515 1799 1729 1827; x_wconf 76' lang='lat' dir='ltr'><strong>Mulmmmedem</strong></span> 
     </span>
    </p>
   </div>
   <div class='ocr_carea' id='block_1_79' title="bbox 948 1845 1731 1879">
    <p class='ocr_par' dir='ltr' id='par_1_79' title="bbox 948 1845 1731 1879">
     <span class='ocr_line' id='line_1_79' title="bbox 948 1845 1731 1879; baseline 0.001 -8"><span class='ocrx_word' id='word_1_628' title='bbox 948 1849 1106 1879; x_wconf 86' lang='lat' dir='ltr'><strong>agnoscunt,</strong></span> <span class='ocrx_word' id='word_1_629' title='bbox 1119 1853 1200 1872; x_wconf 91' lang='lat' dir='ltr'><strong>unutn</strong></span> <span class='ocrx_word' id='word_1_630' title='bbox 1217 1853 1283 1873; x_wconf 87' lang='lat' dir='ltr'><strong>vero</strong></span> <span class='ocrx_word' id='word_1_631' title='bbox 1296 1845 1378 1873; x_wconf 85' lang='lat' dir='ltr'><strong>alium</strong></span> <span class='ocrx_word' id='word_1_632' title='bbox 1404 1846 1487 1872; x_wconf 86' lang='lat' dir='ltr'><strong>Deum</strong></span> <span class='ocrx_word' id='word_1_633' title='bbox 1514 1846 1686 1878; x_wconf 89' lang='lat' dir='ltr'><strong>conﬁtentur,</strong></span> <span class='ocrx_word' id='word_1_634' title='bbox 1702 1849 1731 1872; x_wconf 87' lang='lat' dir='ltr'><strong>et</strong></span> 
     </span>
    </p>
   </div>
   <div class='ocr_carea' id='block_1_80' title="bbox 948 1890 1730 1926">
    <p class='ocr_par' dir='ltr' id='par_1_80' title="bbox 948 1890 1730 1926">
     <span class='ocr_line' id='line_1_80' title="bbox 948 1890 1730 1926; baseline 0.004 -11"><span class='ocrx_word' id='word_1_635' title='bbox 948 1895 1064 1924; x_wconf 82' lang='lat' dir='ltr'><strong>quatuor</strong></span> <span class='ocrx_word' id='word_1_636' title='bbox 1073 1891 1181 1924; x_wconf 87' lang='lat' dir='ltr'><strong>quidem</strong></span> <span class='ocrx_word' id='word_1_637' title='bbox 1196 1891 1345 1918; x_wconf 80' lang='lat' dir='ltr'><strong>sententias</strong></span> <span class='ocrx_word' id='word_1_638' title='bbox 1357 1891 1445 1918; x_wconf 88' lang='lat' dir='ltr'><strong>varias</strong></span> <span class='ocrx_word' id='word_1_639' title='bbox 1455 1891 1546 1918; x_wconf 83' lang='lat' dir='ltr'><strong>fovent</strong></span> <span class='ocrx_word' id='word_1_640' title='bbox 1558 1896 1585 1918; x_wconf 85' lang='lat' dir='ltr'><strong>et</strong></span> <span class='ocrx_word' id='word_1_641' title='bbox 1600 1890 1730 1926; x_wconf 82' lang='lat' dir='ltr'><strong>proﬁten-</strong></span> 
     </span>
    </p>
   </div>
   <div class='ocr_carea' id='block_1_81' title="bbox 948 1934 1727 1971">
    <p class='ocr_par' dir='ltr' id='par_1_81' title="bbox 948 1934 1727 1971">
     <span class='ocr_line' id='line_1_81' title="bbox 948 1934 1727 1971; baseline 0.001 -10"><span class='ocrx_word' id='word_1_642' title='bbox 948 1938 1002 1962; x_wconf 86' lang='lat' dir='ltr'><strong>tur.</strong></span> <span class='ocrx_word' id='word_1_643' title='bbox 1016 1934 1101 1961; x_wconf 83' lang='lat' dir='ltr'><strong>Unam</strong></span> <span class='ocrx_word' id='word_1_644' title='bbox 1115 1935 1291 1970; x_wconf 82' lang='lat' dir='ltr'><strong>aChauipha,</strong></span> <span class='ocrx_word' id='word_1_645' title='bbox 1308 1936 1422 1963; x_wconf 73' lang='lat' dir='ltr'><strong>alterum</strong></span> <span class='ocrx_word' id='word_1_646' title='bbox 1439 1944 1453 1963; x_wconf 90' lang='lat' dir='ltr'><strong>a</strong></span> <span class='ocrx_word' id='word_1_647' title='bbox 1471 1935 1567 1971; x_wconf 85' lang='lat' dir='ltr'><strong>Seplti,</strong></span> <span class='ocrx_word' id='word_1_648' title='bbox 1579 1937 1687 1964; x_wconf 86' lang='lat' dir='ltr'><strong>tertiam</strong></span> <span class='ocrx_word' id='word_1_649' title='bbox 1711 1943 1727 1962; x_wconf 78' lang='grc' dir='ltr'><strong>ιι</strong></span> 
     </span>
    </p>
   </div>
   <div class='ocr_carea' id='block_1_82' title="bbox 947 1978 1511 2015">
    <p class='ocr_par' dir='ltr' id='par_1_82' title="bbox 947 1978 1511 2015">
     <span class='ocr_line' id='line_1_82' title="bbox 947 1978 1511 2015; baseline 0.005 -10"><span class='ocrx_word' id='word_1_650' title='bbox 947 1978 1055 2012; x_wconf 78' lang='lat' dir='ltr'><strong>Melrhi,</strong></span> <span class='ocrx_word' id='word_1_651' title='bbox 1069 1985 1192 2013; x_wconf 85' lang='lat' dir='ltr'><strong>quartam</strong></span> <span class='ocrx_word' id='word_1_652' title='bbox 1204 1980 1237 2007; x_wconf 91' lang='lat' dir='ltr'><strong>ab</strong></span> <span class='ocrx_word' id='word_1_653' title='bbox 1251 1980 1366 2007; x_wconf 80' lang='lat' dir='ltr'><strong>Achmet</strong></span> <span class='ocrx_word' id='word_1_654' title='bbox 1379 1981 1511 2015; x_wconf 85' lang='lat' dir='ltr'><strong>Champil.</strong></span> 
     </span>
    </p>
   </div>
   <div class='ocr_carea' id='block_1_83' title="bbox 982 2023 1730 2059">
    <p class='ocr_par' dir='ltr' id='par_1_83' title="bbox 982 2023 1730 2059">
     <span class='ocr_line' id='line_1_83' title="bbox 982 2023 1730 2059; baseline 0.003 -8"><span class='ocrx_word' id='word_1_655' title='bbox 982 2023 1013 2050; x_wconf 85' lang='lat' dir='ltr'><strong>Et</strong></span> <span class='ocrx_word' id='word_1_656' title='bbox 1025 2025 1114 2051; x_wconf 85' lang='lat' dir='ltr'><strong>audivi</strong></span> <span class='ocrx_word' id='word_1_657' title='bbox 1130 2029 1157 2052; x_wconf 89' lang='lat' dir='ltr'><strong>et</strong></span> <span class='ocrx_word' id='word_1_658' title='bbox 1169 2025 1230 2052; x_wconf 88' lang='lat' dir='ltr'><strong>novi</strong></span> <span class='ocrx_word' id='word_1_659' title='bbox 1248 2027 1321 2059; x_wconf 84' lang='lat' dir='ltr'><strong>quod</strong></span> <span class='ocrx_word' id='word_1_660' title='bbox 1335 2025 1507 2053; x_wconf 79' lang='lat' dir='ltr'><strong>Muhammed</strong></span> <span class='ocrx_word' id='word_1_661' title='bbox 1520 2026 1615 2054; x_wconf 75' lang='lat' dir='ltr'><strong>doceat</strong></span> <span class='ocrx_word' id='word_1_662' title='bbox 1627 2027 1653 2053; x_wconf 92' lang='lat' dir='ltr'><strong>in</strong></span> <span class='ocrx_word' id='word_1_663' title='bbox 1682 2025 1730 2053; x_wconf 45' lang='lat' dir='ltr'><strong>Al‘</strong></span> 
     </span>
    </p>
   </div>
   <div class='ocr_carea' id='block_1_84' title="bbox 947 2070 1728 2106">
    <p class='ocr_par' dir='ltr' id='par_1_84' title="bbox 947 2070 1728 2106">
     <span class='ocr_line' id='line_1_84' title="bbox 947 2070 1728 2106; baseline 0.003 -10"><span class='ocrx_word' id='word_1_664' title='bbox 947 2076 1046 2096; x_wconf 88' lang='lat' dir='ltr'><strong>corano</strong></span> <span class='ocrx_word' id='word_1_665' title='bbox 1061 2070 1232 2105; x_wconf 79' lang='lat' dir='ltr'><strong>septuaginta</strong></span> <span class='ocrx_word' id='word_1_666' title='bbox 1261 2071 1330 2097; x_wconf 81' lang='lat' dir='ltr'><strong>duas</strong></span> <span class='ocrx_word' id='word_1_667' title='bbox 1345 2071 1432 2098; x_wconf 84' lang='lat' dir='ltr'><strong>tribus</strong></span> <span class='ocrx_word' id='word_1_668' title='bbox 1442 2071 1592 2106; x_wconf 83' lang='lat' dir='ltr'><strong>suppliciis,</strong></span> <span class='ocrx_word' id='word_1_669' title='bbox 1619 2072 1728 2098; x_wconf 87' lang='lat' dir='ltr'><strong>unicam</strong></span> 
     </span>
    </p>
   </div>
   <div class='ocr_carea' id='block_1_85' title="bbox 946 2115 1728 2151">
    <p class='ocr_par' dir='ltr' id='par_1_85' title="bbox 946 2115 1728 2151">
     <span class='ocr_line' id='line_1_85' title="bbox 946 2115 1728 2151; baseline 0.004 -10"><span class='ocrx_word' id='word_1_670' title='bbox 946 2121 1012 2142; x_wconf 75' lang='lat' dir='ltr'><strong>Vero</strong></span> <span class='ocrx_word' id='word_1_671' title='bbox 1024 2115 1154 2142; x_wconf 84' lang='lat' dir='ltr'><strong>destinari</strong></span> <span class='ocrx_word' id='word_1_672' title='bbox 1171 2116 1306 2149; x_wconf 83' lang='lat' dir='ltr'><strong>paradiso.</strong></span> <span class='ocrx_word' id='word_1_673' title='bbox 1319 2116 1398 2142; x_wconf 83' lang='lat' dir='ltr'><strong>Certe</strong></span> <span class='ocrx_word' id='word_1_674' title='bbox 1410 2116 1588 2151; x_wconf 82' lang='lat' dir='ltr'><strong>Muhammed</strong></span> <span class='ocrx_word' id='word_1_675' title='bbox 1600 2125 1632 2145; x_wconf 88' lang='lat' dir='ltr'><strong>ex</strong></span> <span class='ocrx_word' id='word_1_676' title='bbox 1654 2118 1728 2144; x_wconf 81' lang='lat' dir='ltr'><strong>varia</strong></span> 
     </span>
    </p>
   </div>
   <div class='ocr_carea' id='block_1_86' title="bbox 946 2161 1728 2197">
    <p class='ocr_par' dir='ltr' id='par_1_86' title="bbox 946 2161 1728 2197">
     <span class='ocr_line' id='line_1_86' title="bbox 946 2161 1728 2197; baseline 0.003 -9"><span class='ocrx_word' id='word_1_677' title='bbox 946 2161 1125 2195; x_wconf 86' lang='lat' dir='ltr'><strong>etmultiplici</strong></span> <span class='ocrx_word' id='word_1_678' title='bbox 1138 2161 1267 2188; x_wconf 88' lang='lat' dir='ltr'><strong>librorum</strong></span> <span class='ocrx_word' id='word_1_679' title='bbox 1279 2163 1433 2197; x_wconf 88' lang='lat' dir='ltr'><strong>cognitione</strong></span> <span class='ocrx_word' id='word_1_680' title='bbox 1444 2162 1568 2197; x_wconf 90' lang='lat' dir='ltr'><strong>populum</strong></span> <span class='ocrx_word' id='word_1_681' title='bbox 1583 2170 1661 2190; x_wconf 89' lang='lat' dir='ltr'><strong>suum</strong></span> <span class='ocrx_word' id='word_1_682' title='bbox 1675 2171 1709 2190; x_wconf 91' lang='lat' dir='ltr'><strong>no</strong></span> <span class='ocrx_word' id='word_1_683' title='bbox 1719 2173 1728 2190; x_wconf 82' lang='lat' dir='ltr'><strong>I</strong></span> 
     </span>
    </p>
   </div>
   <div class='ocr_carea' id='block_1_87' title="bbox 107 2207 897 2244">
    <p class='ocr_par' dir='ltr' id='par_1_87' title="bbox 107 2208 894 2244">
     <span class='ocr_line' id='line_1_87' title="bbox 107 2208 894 2244; baseline 0.001 -10"><span class='ocrx_word' id='word_1_684' title='bbox 107 2208 169 2239; x_wconf 84' lang='grc' dir='ltr'>τοῦ,</span> <span class='ocrx_word' id='word_1_685' title='bbox 185 2208 229 2234; x_wconf 82' lang='grc' dir='ltr'>ἴνα</span> <span class='ocrx_word' id='word_1_686' title='bbox 243 2209 268 2235; x_wconf 79' lang='grc' dir='ltr'>οἱ</span> <span class='ocrx_word' id='word_1_687' title='bbox 285 2209 335 2243; x_wconf 82' lang='grc' dir='ltr'>μὲν</span> <span class='ocrx_word' id='word_1_688' title='bbox 350 2208 540 2243; x_wconf 76' lang='grc' dir='ltr'>γινώσκουσιν,</span> <span class='ocrx_word' id='word_1_689' title='bbox 564 2209 588 2234; x_wconf 83' lang='lat' dir='ltr'><strong>oi</strong></span> <span class='ocrx_word' id='word_1_690' title='bbox 603 2208 632 2235; x_wconf 81' lang='grc' dir='ltr'>δὲ</span> <span class='ocrx_word' id='word_1_691' title='bbox 661 2209 710 2244; x_wconf 84' lang='grc' dir='ltr'>μή.</span> <span class='ocrx_word' id='word_1_692' title='bbox 743 2208 811 2235; x_wconf 76' lang='grc' dir='ltr'>’Λπὺ</span> <span class='ocrx_word' id='word_1_693' title='bbox 841 2208 894 2243; x_wconf 86' lang='grc' dir='ltr'>τῆς</span> 
     </span>
    </p>
   </div>
   <div class='ocr_carea' id='block_1_88' title="bbox 949 2207 1728 2244">
    <p class='ocr_par' dir='ltr' id='par_1_88' title="bbox 949 2207 1728 2242">
     <span class='ocr_line' id='line_1_88' title="bbox 949 2207 1728 2242; baseline 0.001 -9"><span class='ocrx_word' id='word_1_694' title='bbox 949 2207 1040 2234; x_wconf 88' lang='lat' dir='ltr'><strong>docuit</strong></span> <span class='ocrx_word' id='word_1_695' title='bbox 1053 2211 1080 2234; x_wconf 90' lang='lat' dir='ltr'><strong>et</strong></span> <span class='ocrx_word' id='word_1_696' title='bbox 1109 2207 1279 2234; x_wconf 85' lang='lat' dir='ltr'><strong>institutione</strong></span> <span class='ocrx_word' id='word_1_697' title='bbox 1303 2207 1433 2240; x_wconf 84' lang='lat' dir='ltr'><strong>erudivit,</strong></span> <span class='ocrx_word' id='word_1_698' title='bbox 1451 2211 1479 2234; x_wconf 91' lang='lat' dir='ltr'><strong>ut</strong></span> <span class='ocrx_word' id='word_1_699' title='bbox 1510 2207 1630 2242; x_wconf 82' lang='lat' dir='ltr'><strong>quidam,</strong></span> <span class='ocrx_word' id='word_1_700' title='bbox 1656 2207 1728 2234; x_wconf 88' lang='lat' dir='ltr'><strong>illius</strong></span> 
     </span>
    </p>
   </div>
   <div class='ocr_carea' id='block_1_89' title="bbox 107 2253 890 2289">
    <p class='ocr_par' dir='ltr' id='par_1_89' title="bbox 107 2253 890 2289">
     <span class='ocr_line' id='line_1_89' title="bbox 107 2253 890 2289; baseline 0 -9"><span class='ocrx_word' id='word_1_701' title='bbox 107 2253 237 2288; x_wconf 78' lang='grc' dir='ltr'>τοιαύτης</span> <span class='ocrx_word' id='word_1_702' title='bbox 263 2254 394 2288; x_wconf 87' lang='grc' dir='ltr'>συλλογῆς</span> <span class='ocrx_word' id='word_1_703' title='bbox 415 2254 523 2285; x_wconf 83' lang='grc' dir='ltr'>πάντως</span> <span class='ocrx_word' id='word_1_704' title='bbox 549 2255 566 2289; x_wconf 83' lang='grc' dir='ltr'><strong>ἡ</strong></span> <span class='ocrx_word' id='word_1_705' title='bbox 582 2253 676 2289; x_wconf 81' lang='grc' dir='ltr'>διδαχὴ</span> <span class='ocrx_word' id='word_1_706' title='bbox 693 2253 776 2280; x_wconf 79' lang='grc' dir='ltr'>αὑτοῦ</span> <span class='ocrx_word' id='word_1_707' title='bbox 803 2255 890 2286; x_wconf 82' lang='grc' dir='ltr'>πᾶσα,</span> 
     </span>
    </p>
   </div>
   <div class='ocr_carea' id='block_1_90' title="bbox 107 2298 890 2335">
    <p class='ocr_par' dir='ltr' id='par_1_90' title="bbox 107 2298 890 2335">
     <span class='ocr_line' id='line_1_90' title="bbox 107 2298 890 2335; baseline 0.001 -11"><span class='ocrx_word' id='word_1_708' title='bbox 107 2298 157 2325; x_wconf 75' lang='grc' dir='ltr'><strong>καὶ</strong></span> <span class='ocrx_word' id='word_1_709' title='bbox 170 2299 186 2333; x_wconf 89' lang='grc' dir='ltr'>ἡ</span> <span class='ocrx_word' id='word_1_710' title='bbox 204 2299 272 2333; x_wconf 78' lang='grc' dir='ltr'>πρὸς</span> <span class='ocrx_word' id='word_1_711' title='bbox 282 2299 328 2325; x_wconf 71' lang='grc' dir='ltr'>τὸν</span> <span class='ocrx_word' id='word_1_712' title='bbox 338 2299 401 2325; x_wconf 70' lang='grc' dir='ltr'>λαὸν</span> <span class='ocrx_word' id='word_1_713' title='bbox 416 2298 540 2334; x_wconf 79' lang='grc' dir='ltr'>κήρυξις,</span> <span class='ocrx_word' id='word_1_714' title='bbox 556 2299 628 2334; x_wconf 79' lang='grc' dir='ltr'><strong>καὶή</strong></span> <span class='ocrx_word' id='word_1_715' title='bbox 640 2299 758 2334; x_wconf 85' lang='grc' dir='ltr'>πίστιςή</span> <span class='ocrx_word' id='word_1_716' title='bbox 772 2299 890 2335; x_wconf 75' lang='grc' dir='ltr'>φοϐερὰ,</span> 
     </span>
    </p>
   </div>
   <div class='ocr_carea' id='block_1_91' title="bbox 107 2343 894 2380">
    <p class='ocr_par' dir='ltr' id='par_1_91' title="bbox 107 2343 894 2380">
     <span class='ocr_line' id='line_1_91' title="bbox 107 2343 894 2380; baseline 0.003 -10"><span class='ocrx_word' id='word_1_717' title='bbox 107 2343 201 2371; x_wconf 77' lang='grc' dir='ltr'>καὶτὸ</span> <span class='ocrx_word' id='word_1_718' title='bbox 213 2344 310 2379; x_wconf 80' lang='grc' dir='ltr'>δόγμα,</span> <span class='ocrx_word' id='word_1_719' title='bbox 336 2344 383 2371; x_wconf 78' lang='grc' dir='ltr'>καὶ</span> <span class='ocrx_word' id='word_1_720' title='bbox 398 2345 414 2379; x_wconf 83' lang='grc' dir='ltr'><strong>ἠ</strong></span> <span class='ocrx_word' id='word_1_721' title='bbox 428 2344 557 2379; x_wconf 82' lang='grc' dir='ltr'>ὁμολογία</span> <span class='ocrx_word' id='word_1_722' title='bbox 587 2344 633 2371; x_wconf 81' lang='grc' dir='ltr'><strong>τοῦ</strong></span> <span class='ocrx_word' id='word_1_723' title='bbox 648 2344 827 2380; x_wconf 81' lang='grc' dir='ltr'>παραδείσου,</span> <span class='ocrx_word' id='word_1_724' title='bbox 843 2345 894 2372; x_wconf 76' lang='grc' dir='ltr'>καὶ</span> 
     </span>
    </p>
   </div>
   <div class='ocr_carea' id='block_1_92' title="bbox 105 2389 894 2425">
    <p class='ocr_par' dir='ltr' id='par_1_92' title="bbox 105 2389 894 2425">
     <span class='ocr_line' id='line_1_92' title="bbox 105 2389 894 2425; baseline 0 -9"><span class='ocrx_word' id='word_1_725' title='bbox 105 2390 158 2423; x_wconf 72' lang='grc' dir='ltr'>τῆς</span> <span class='ocrx_word' id='word_1_726' title='bbox 166 2389 293 2424; x_wconf 81' lang='grc' dir='ltr'>κρίσεως,</span> <span class='ocrx_word' id='word_1_727' title='bbox 310 2389 355 2416; x_wconf 78' lang='grc' dir='ltr'>καὶ</span> <span class='ocrx_word' id='word_1_728' title='bbox 370 2389 494 2424; x_wconf 82' lang='grc' dir='ltr'>ἡσυχίας,</span> <span class='ocrx_word' id='word_1_729' title='bbox 511 2390 560 2416; x_wconf 75' lang='grc' dir='ltr'>καὶ</span> <span class='ocrx_word' id='word_1_730' title='bbox 571 2389 679 2425; x_wconf 81' lang='grc' dir='ltr'>ὸῦμνος</span> <span class='ocrx_word' id='word_1_731' title='bbox 688 2410 696 2422; x_wconf 88' lang='grc'><strong>,</strong></span> <span class='ocrx_word' id='word_1_732' title='bbox 709 2392 756 2416; x_wconf 86' lang='grc' dir='ltr'>καὶ</span> <span class='ocrx_word' id='word_1_733' title='bbox 769 2391 786 2425; x_wconf 80' lang='grc' dir='ltr'><strong>ἡ</strong></span> <span class='ocrx_word' id='word_1_734' title='bbox 801 2390 894 2424; x_wconf 77' lang='grc' dir='ltr'>ψαλμ-</span> 
     </span>
    </p>
   </div>
   <div class='ocr_carea' id='block_1_93' title="bbox 105 2434 891 2471">
    <p class='ocr_par' dir='ltr' id='par_1_93' title="bbox 105 2434 891 2471">
     <span class='ocr_line' id='line_1_93' title="bbox 105 2434 891 2471; baseline 0.001 -10"><span class='ocrx_word' id='word_1_735' title='bbox 105 2434 186 2470; x_wconf 70' lang='grc' dir='ltr'>ῳδία,</span> <span class='ocrx_word' id='word_1_736' title='bbox 206 2436 251 2461; x_wconf 70' lang='grc' dir='ltr'>καὶ</span> <span class='ocrx_word' id='word_1_737' title='bbox 270 2436 287 2470; x_wconf 84' lang='grc' dir='ltr'>ἡ</span> <span class='ocrx_word' id='word_1_738' title='bbox 303 2436 460 2470; x_wconf 78' lang='grc' dir='ltr'>προφητεία</span> <span class='ocrx_word' id='word_1_739' title='bbox 487 2436 571 2462; x_wconf 82' lang='grc' dir='ltr'>αὐτοῦ</span> <span class='ocrx_word' id='word_1_740' title='bbox 586 2456 593 2469; x_wconf 83' lang='grc'><strong>,</strong></span> <span class='ocrx_word' id='word_1_741' title='bbox 612 2437 659 2463; x_wconf 78' lang='grc' dir='ltr'>καὶ</span> <span class='ocrx_word' id='word_1_742' title='bbox 685 2436 702 2471; x_wconf 84' lang='grc' dir='ltr'><strong>ή</strong></span> <span class='ocrx_word' id='word_1_743' title='bbox 719 2436 891 2468; x_wconf 82' lang='grc' dir='ltr'>διδασκαλία,</span> 
     </span>
    </p>
   </div>
   <div class='ocr_carea' id='block_1_94' title="bbox 106 2481 894 2517">
    <p class='ocr_par' dir='ltr' id='par_1_94' title="bbox 106 2481 894 2517">
     <span class='ocr_line' id='line_1_94' title="bbox 106 2481 894 2517; baseline 0 -9"><span class='ocrx_word' id='word_1_744' title='bbox 106 2481 158 2508; x_wconf 82' lang='grc' dir='ltr'>καὶ</span> <span class='ocrx_word' id='word_1_745' title='bbox 174 2482 191 2516; x_wconf 84' lang='grc' dir='ltr'><strong>ἡ</strong></span> <span class='ocrx_word' id='word_1_746' title='bbox 208 2481 301 2514; x_wconf 85' lang='grc' dir='ltr'>σοφία,</span> <span class='ocrx_word' id='word_1_747' title='bbox 313 2481 361 2507; x_wconf 80' lang='grc' dir='ltr'>καὶ</span> <span class='ocrx_word' id='word_1_748' title='bbox 374 2481 405 2507; x_wconf 79' lang='grc' dir='ltr'><strong>τὺ</strong></span> <span class='ocrx_word' id='word_1_749' title='bbox 414 2481 484 2515; x_wconf 81' lang='grc' dir='ltr'>φῶς,</span> <span class='ocrx_word' id='word_1_750' title='bbox 495 2482 541 2508; x_wconf 74' lang='grc' dir='ltr'>καὶ</span> <span class='ocrx_word' id='word_1_751' title='bbox 561 2483 575 2508; x_wconf 87' lang='grc' dir='ltr'><strong>ό</strong></span> <span class='ocrx_word' id='word_1_752' title='bbox 590 2482 681 2517; x_wconf 78' lang='grc' dir='ltr'>νόμος,</span> <span class='ocrx_word' id='word_1_753' title='bbox 694 2482 723 2508; x_wconf 81' lang='grc' dir='ltr'>ὅν</span> <span class='ocrx_word' id='word_1_754' title='bbox 739 2482 840 2508; x_wconf 86' lang='grc' dir='ltr'>δέδωκε</span> <span class='ocrx_word' id='word_1_755' title='bbox 863 2482 894 2508; x_wconf 84' lang='grc' dir='ltr'>τὸ</span> 
     </span>
    </p>
   </div>
   <div class='ocr_carea' id='block_1_95' title="bbox 104 2526 894 2561">
    <p class='ocr_par' dir='ltr' id='par_1_95' title="bbox 104 2526 894 2561">
     <span class='ocr_line' id='line_1_95' title="bbox 104 2526 894 2561; baseline 0.003 -9"><span class='ocrx_word' id='word_1_756' title='bbox 104 2526 187 2561; x_wconf 80' lang='grc' dir='ltr'>γένος</span> <span class='ocrx_word' id='word_1_757' title='bbox 205 2526 259 2553; x_wconf 86' lang='grc' dir='ltr'><strong>τῶν</strong></span> <span class='ocrx_word' id='word_1_758' title='bbox 269 2526 500 2560; x_wconf 88' lang='grc' dir='ltr'>Μουσουλμανῶν,</span> <span class='ocrx_word' id='word_1_759' title='bbox 509 2526 584 2553; x_wconf 79' lang='grc' dir='ltr'>τοῦτ’</span> <span class='ocrx_word' id='word_1_760' title='bbox 604 2527 662 2554; x_wconf 76' lang='grc' dir='ltr'>ἔστι</span> <span class='ocrx_word' id='word_1_761' title='bbox 676 2528 706 2554; x_wconf 78' lang='grc' dir='ltr'>τὸ</span> <span class='ocrx_word' id='word_1_762' title='bbox 721 2529 820 2559; x_wconf 82' lang='grc' dir='ltr'>εἰπεῖν,</span> <span class='ocrx_word' id='word_1_763' title='bbox 836 2527 894 2554; x_wconf 76' lang='grc' dir='ltr'><strong>Οὐκ</strong></span> 
     </span>
    </p>
   </div>
   <div class='ocr_carea' id='block_1_96' title="bbox 104 2570 894 2607">
    <p class='ocr_par' dir='ltr' id='par_1_96' title="bbox 104 2570 894 2607">
     <span class='ocr_line' id='line_1_96' title="bbox 104 2570 894 2607; baseline 0.003 -10"><span class='ocrx_word' id='word_1_764' title='bbox 104 2571 184 2598; x_wconf 78' lang='grc' dir='ltr'>ἔστιν</span> <span class='ocrx_word' id='word_1_765' title='bbox 201 2570 278 2601; x_wconf 80' lang='grc' dir='ltr'>Θεὸς,</span> <span class='ocrx_word' id='word_1_766' title='bbox 291 2570 361 2606; x_wconf 83' lang='grc' dir='ltr'>πλὴν</span> <span class='ocrx_word' id='word_1_767' title='bbox 377 2570 457 2603; x_wconf 85' lang='grc' dir='ltr'>Θεοῦ,</span> <span class='ocrx_word' id='word_1_768' title='bbox 477 2572 525 2598; x_wconf 79' lang='grc' dir='ltr'>καὶ</span> <span class='ocrx_word' id='word_1_769' title='bbox 543 2572 565 2599; x_wconf 46' lang='grc' dir='ltr'><strong>ηὸ</strong></span> <span class='ocrx_word' id='word_1_770' title='bbox 578 2573 726 2607; x_wconf 84' lang='grc' dir='ltr'>Μουχάμετ</span> <span class='ocrx_word' id='word_1_771' title='bbox 743 2572 894 2604; x_wconf 82' lang='grc' dir='ltr'>ἀπόστολος</span> 
     </span>
    </p>
   </div>
   <div class='ocr_carea' id='block_1_97' title="bbox 105 2615 893 2652">
    <p class='ocr_par' dir='ltr' id='par_1_97' title="bbox 105 2615 893 2652">
     <span class='ocr_line' id='line_1_97' title="bbox 105 2615 893 2652; baseline 0.001 -9"><span class='ocrx_word' id='word_1_772' title='bbox 105 2615 189 2643; x_wconf 76' lang='grc' dir='ltr'>Θεοῦ.</span> <span class='ocrx_word' id='word_1_773' title='bbox 210 2615 265 2642; x_wconf 78' lang='grc' dir='ltr'><strong>Καὶ</strong></span> <span class='ocrx_word' id='word_1_774' title='bbox 279 2615 459 2649; x_wconf 78' lang='grc' dir='ltr'>πάλιν,τοῦτό</span> <span class='ocrx_word' id='word_1_775' title='bbox 474 2618 549 2643; x_wconf 71' lang='grc' dir='ltr'>ἐστιν</span> <span class='ocrx_word' id='word_1_776' title='bbox 560 2617 591 2643; x_wconf 80' lang='grc' dir='ltr'><strong>τὸ</strong></span> <span class='ocrx_word' id='word_1_777' title='bbox 607 2618 756 2651; x_wconf 70' lang='grc' dir='ltr'>κεφάλαιον</span> <span class='ocrx_word' id='word_1_778' title='bbox 776 2617 825 2652; x_wconf 84' lang='grc' dir='ltr'>τῆς</span> <span class='ocrx_word' id='word_1_779' title='bbox 839 2627 893 2644; x_wconf 90' lang='grc' dir='ltr'><strong>σω-</strong></span> 
     </span>
    </p>
   </div>
   <div class='ocr_carea' id='block_1_98' title="bbox 103 2661 892 2698">
    <p class='ocr_par' dir='ltr' id='par_1_98' title="bbox 103 2661 892 2698">
     <span class='ocr_line' id='line_1_98' title="bbox 103 2661 892 2698; baseline 0.001 -9"><span class='ocrx_word' id='word_1_780' title='bbox 103 2661 206 2697; x_wconf 78' lang='grc' dir='ltr'>τηρίας</span> <span class='ocrx_word' id='word_1_781' title='bbox 223 2661 311 2696; x_wconf 86' lang='grc' dir='ltr'>ὑμῶν,</span> <span class='ocrx_word' id='word_1_782' title='bbox 325 2662 356 2689; x_wconf 75' lang='grc' dir='ltr'>τὸ</span> <span class='ocrx_word' id='word_1_783' title='bbox 368 2662 469 2696; x_wconf 83' lang='grc' dir='ltr'>λέγειν,</span> <span class='ocrx_word' id='word_1_784' title='bbox 486 2663 533 2694; x_wconf 82' lang='grc' dir='ltr'>Εἰς</span> <span class='ocrx_word' id='word_1_785' title='bbox 549 2663 580 2689; x_wconf 82' lang='grc' dir='ltr'>τὸ</span> <span class='ocrx_word' id='word_1_786' title='bbox 595 2663 681 2698; x_wconf 77' lang='grc' dir='ltr'>δνομα</span> <span class='ocrx_word' id='word_1_787' title='bbox 701 2663 748 2690; x_wconf 85' lang='grc' dir='ltr'><strong>τοῦ</strong></span> <span class='ocrx_word' id='word_1_788' title='bbox 764 2663 830 2690; x_wconf 86' lang='grc' dir='ltr'>Θεοῦ</span> <span class='ocrx_word' id='word_1_789' title='bbox 845 2663 892 2690; x_wconf 84' lang='grc' dir='ltr'><strong>τοῦ</strong></span> 
     </span>
    </p>
   </div>
   <div class='ocr_carea' id='block_1_99' title="bbox 104 2705 891 2745">
    <p class='ocr_par' dir='ltr' id='par_1_99' title="bbox 104 2705 891 2745">
     <span class='ocr_line' id='line_1_99' title="bbox 104 2705 891 2745; baseline 0.003 -11"><span class='ocrx_word' id='word_1_790' title='bbox 104 2707 257 2741; x_wconf 76' lang='grc' dir='ltr'>ἐλεοῦντος,</span> <span class='ocrx_word' id='word_1_791' title='bbox 272 2708 318 2734; x_wconf 67' lang='grc' dir='ltr'>καὶ</span> <span class='ocrx_word' id='word_1_792' title='bbox 327 2705 516 2743; x_wconf 75' lang='grc' dir='ltr'>ἑλεημένου,ᾧ</span> <span class='ocrx_word' id='word_1_793' title='bbox 532 2709 595 2735; x_wconf 84' lang='grc' dir='ltr'>οίὲν</span> <span class='ocrx_word' id='word_1_794' title='bbox 607 2709 721 2745; x_wconf 65' lang='grc' dir='ltr'>ἀληθεία</span> <span class='ocrx_word' id='word_1_795' title='bbox 736 2709 891 2745; x_wconf 81' lang='grc' dir='ltr'>εὐχόμενοι.</span> 
     </span>
    </p>
   </div>
   <div class='ocr_carea' id='block_1_100' title="bbox 104 2752 891 2790">
    <p class='ocr_par' dir='ltr' id='par_1_100' title="bbox 104 2752 891 2790">
     <span class='ocr_line' id='line_1_100' title="bbox 104 2752 891 2790; baseline 0.001 -10"><span class='ocrx_word' id='word_1_796' title='bbox 104 2752 305 2788; x_wconf 75' lang='grc' dir='ltr'>Καὶὸτιπαρὲξ</span> <span class='ocrx_word' id='word_1_797' title='bbox 316 2753 438 2779; x_wconf 81' lang='grc' dir='ltr'>τοιούτου</span> <span class='ocrx_word' id='word_1_798' title='bbox 453 2753 588 2788; x_wconf 80' lang='grc' dir='ltr'>δόγματος</span> <span class='ocrx_word' id='word_1_799' title='bbox 603 2754 633 2781; x_wconf 81' lang='grc' dir='ltr'>οὐ</span> <span class='ocrx_word' id='word_1_800' title='bbox 648 2754 782 2787; x_wconf 71' lang='grc' dir='ltr'>δοξάζεις,</span> <span class='ocrx_word' id='word_1_801' title='bbox 796 2755 891 2790; x_wconf 75' lang='grc' dir='ltr'>ἕτερος</span> 
     </span>
    </p>
   </div>
   <div class='ocr_carea' id='block_1_101' title="bbox 104 2798 892 2836">
    <p class='ocr_par' dir='ltr' id='par_1_101' title="bbox 104 2798 892 2836">
     <span class='ocr_line' id='line_1_101' title="bbox 104 2798 892 2836; baseline 0.005 -12"><span class='ocrx_word' id='word_1_802' title='bbox 104 2798 188 2831; x_wconf 84' lang='grc' dir='ltr'>λόγος</span> <span class='ocrx_word' id='word_1_803' title='bbox 211 2799 348 2834; x_wconf 69' lang='grc' dir='ltr'>σωτηρίας</span> <span class='ocrx_word' id='word_1_804' title='bbox 374 2800 424 2834; x_wconf 82' lang='grc' dir='ltr'>οὐχ</span> <span class='ocrx_word' id='word_1_805' title='bbox 454 2799 582 2834; x_wconf 79' lang='grc' dir='ltr'>ὑπάρχει.</span> <span class='ocrx_word' id='word_1_806' title='bbox 612 2800 669 2826; x_wconf 77' lang='grc' dir='ltr'><strong>Καὶ</strong></span> <span class='ocrx_word' id='word_1_807' title='bbox 701 2800 716 2825; x_wconf 82' lang='grc' dir='ltr'><strong>ὁ</strong></span> <span class='ocrx_word' id='word_1_808' title='bbox 742 2801 892 2836; x_wconf 71' lang='grc' dir='ltr'>Μουχάμετ</span> 
     </span>
    </p>
   </div>
   <div class='ocr_carea' id='block_1_102' title="bbox 106 2842 890 2881">
    <p class='ocr_par' dir='ltr' id='par_1_102' title="bbox 106 2842 890 2881">
     <span class='ocr_line' id='line_1_102' title="bbox 106 2842 890 2881; baseline 0.006 -13"><span class='ocrx_word' id='word_1_809' title='bbox 106 2842 261 2875; x_wconf 73' lang='grc' dir='ltr'>ἀπόστολος</span> <span class='ocrx_word' id='word_1_810' title='bbox 277 2843 356 2877; x_wconf 70' lang='grc' dir='ltr'>Θεοῦ,</span> <span class='ocrx_word' id='word_1_811' title='bbox 374 2843 513 2879; x_wconf 81' lang='grc' dir='ltr'>βασιλείαν</span> <span class='ocrx_word' id='word_1_812' title='bbox 529 2844 596 2871; x_wconf 79' lang='grc' dir='ltr'>Θεοῦ</span> <span class='ocrx_word' id='word_1_813' title='bbox 613 2845 643 2871; x_wconf 79' lang='grc' dir='ltr'>οὐ</span> <span class='ocrx_word' id='word_1_814' title='bbox 669 2845 890 2881; x_wconf 84' lang='grc' dir='ltr'>κληρονομήσας.</span> 
     </span>
    </p>
   </div>
   <div class='ocr_carea' id='block_1_103' title="bbox 946 2253 1728 2286">
    <p class='ocr_par' dir='ltr' id='par_1_103' title="bbox 946 2253 1728 2286">
     <span class='ocr_line' id='line_1_103' title="bbox 946 2253 1728 2286; baseline 0 -6"><span class='ocrx_word' id='word_1_815' title='bbox 946 2253 1097 2280; x_wconf 88' lang='lat' dir='ltr'><strong>doctrinam</strong></span> <span class='ocrx_word' id='word_1_816' title='bbox 1114 2257 1336 2286; x_wconf 83' lang='lat' dir='ltr'><strong>assequereutur,</strong></span> <span class='ocrx_word' id='word_1_817' title='bbox 1351 2253 1395 2280; x_wconf 86' lang='lat' dir='ltr'><strong>alii</strong></span> <span class='ocrx_word' id='word_1_818' title='bbox 1413 2260 1478 2280; x_wconf 90' lang='lat' dir='ltr'><strong>vero</strong></span> <span class='ocrx_word' id='word_1_819' title='bbox 1493 2260 1563 2286; x_wconf 84' lang='lat' dir='ltr'><strong>non;</strong></span> <span class='ocrx_word' id='word_1_820' title='bbox 1577 2260 1610 2280; x_wconf 77' lang='lat' dir='ltr'><strong>ex</strong></span> <span class='ocrx_word' id='word_1_821' title='bbox 1627 2261 1678 2280; x_wconf 81' lang='lat' dir='ltr'><strong>una</strong></span> <span class='ocrx_word' id='word_1_822' title='bbox 1700 2257 1728 2281; x_wconf 87' lang='lat' dir='ltr'><strong>et</strong></span> 
     </span>
    </p>
   </div>
   <div class='ocr_carea' id='block_1_104' title="bbox 945 2296 1728 2332">
    <p class='ocr_par' dir='ltr' id='par_1_104' title="bbox 945 2296 1728 2332">
     <span class='ocr_line' id='line_1_104' title="bbox 945 2296 1728 2332; baseline 0.004 -9"><span class='ocrx_word' id='word_1_823' title='bbox 945 2297 1037 2324; x_wconf 79' lang='lat' dir='ltr'><strong>cadent</strong></span> <span class='ocrx_word' id='word_1_824' title='bbox 1052 2297 1187 2332; x_wconf 79' lang='lat' dir='ltr'><strong>farragine</strong></span> <span class='ocrx_word' id='word_1_825' title='bbox 1198 2296 1276 2324; x_wconf 78' lang='lat' dir='ltr'><strong>ﬂuxit</strong></span> <span class='ocrx_word' id='word_1_826' title='bbox 1293 2301 1347 2324; x_wconf 87' lang='lat' dir='ltr'><strong>tota</strong></span> <span class='ocrx_word' id='word_1_827' title='bbox 1369 2297 1442 2324; x_wconf 86' lang='lat' dir='ltr'><strong>illius</strong></span> <span class='ocrx_word' id='word_1_828' title='bbox 1456 2298 1589 2330; x_wconf 82' lang='lat' dir='ltr'><strong>doctrina,</strong></span> <span class='ocrx_word' id='word_1_829' title='bbox 1613 2302 1640 2325; x_wconf 89' lang='lat' dir='ltr'><strong>et</strong></span> <span class='ocrx_word' id='word_1_830' title='bbox 1656 2297 1728 2326; x_wconf 87' lang='lat' dir='ltr'><strong>illius</strong></span> 
     </span>
    </p>
   </div>
   <div class='ocr_carea' id='block_1_105' title="bbox 945 2343 1728 2377">
    <p class='ocr_par' dir='ltr' id='par_1_105' title="bbox 945 2343 1728 2377">
     <span class='ocr_line' id='line_1_105' title="bbox 945 2343 1728 2377; baseline 0.003 -8"><span class='ocrx_word' id='word_1_831' title='bbox 945 2343 978 2369; x_wconf 82' lang='lat' dir='ltr'><strong>ad</strong></span> <span class='ocrx_word' id='word_1_832' title='bbox 996 2343 1121 2377; x_wconf 88' lang='lat' dir='ltr'><strong>populum</strong></span> <span class='ocrx_word' id='word_1_833' title='bbox 1137 2343 1303 2377; x_wconf 80' lang='lat' dir='ltr'><strong>praedicatio.</strong></span> <span class='ocrx_word' id='word_1_834' title='bbox 1319 2348 1347 2370; x_wconf 91' lang='lat' dir='ltr'><strong>et</strong></span> <span class='ocrx_word' id='word_1_835' title='bbox 1382 2343 1516 2371; x_wconf 87' lang='lat' dir='ltr'><strong>ltorrenda</strong></span> <span class='ocrx_word' id='word_1_836' title='bbox 1531 2343 1607 2375; x_wconf 86' lang='lat' dir='ltr'><strong>ﬁdes,</strong></span> <span class='ocrx_word' id='word_1_837' title='bbox 1623 2348 1651 2371; x_wconf 87' lang='lat' dir='ltr'><strong>et</strong></span> <span class='ocrx_word' id='word_1_838' title='bbox 1677 2344 1728 2371; x_wconf 86' lang='lat' dir='ltr'><strong>do-</strong></span> 
     </span>
    </p>
   </div>
   <div class='ocr_carea' id='block_1_106' title="bbox 935 2388 1727 2423">
    <p class='ocr_par' dir='ltr' id='par_1_106' title="bbox 935 2388 1727 2423">
     <span class='ocr_line' id='line_1_106' title="bbox 935 2388 1727 2423; baseline 0.004 -9"><span class='ocrx_word' id='word_1_839' title='bbox 935 2389 1043 2420; x_wconf 80' lang='lat' dir='ltr'><strong>ctrina.</strong></span> <span class='ocrx_word' id='word_1_840' title='bbox 1068 2393 1095 2415; x_wconf 88' lang='lat' dir='ltr'><strong>et</strong></span> <span class='ocrx_word' id='word_1_841' title='bbox 1121 2388 1259 2416; x_wconf 77' lang='lat' dir='ltr'><strong>confessio</strong></span> <span class='ocrx_word' id='word_1_842' title='bbox 1277 2390 1310 2416; x_wconf 92' lang='lat' dir='ltr'><strong>de</strong></span> <span class='ocrx_word' id='word_1_843' title='bbox 1341 2388 1476 2423; x_wconf 84' lang='lat' dir='ltr'><strong>paradiso.</strong></span> <span class='ocrx_word' id='word_1_844' title='bbox 1504 2390 1597 2416; x_wconf 86' lang='lat' dir='ltr'><strong>ultimo</strong></span> <span class='ocrx_word' id='word_1_845' title='bbox 1613 2389 1727 2423; x_wconf 86' lang='lat' dir='ltr'><strong>judicio,</strong></span> 
     </span>
    </p>
   </div>
   <div class='ocr_carea' id='block_1_107' title="bbox 944 2434 1727 2469">
    <p class='ocr_par' dir='ltr' id='par_1_107' title="bbox 944 2434 1727 2469">
     <span class='ocr_line' id='line_1_107' title="bbox 944 2434 1727 2469; baseline 0.003 -9"><span class='ocrx_word' id='word_1_846' title='bbox 944 2438 971 2460; x_wconf 91' lang='lat' dir='ltr'><strong>et</strong></span> <span class='ocrx_word' id='word_1_847' title='bbox 980 2434 1070 2468; x_wconf 85' lang='lat' dir='ltr'><strong>quiete</strong></span> <span class='ocrx_word' id='word_1_848' title='bbox 1081 2439 1193 2466; x_wconf 70' lang='lat' dir='ltr'><strong>aeterna,</strong></span> <span class='ocrx_word' id='word_1_849' title='bbox 1203 2439 1229 2460; x_wconf 89' lang='lat' dir='ltr'><strong>et</strong></span> <span class='ocrx_word' id='word_1_850' title='bbox 1239 2434 1364 2469; x_wconf 83' lang='lat' dir='ltr'><strong>hymnus,</strong></span> <span class='ocrx_word' id='word_1_851' title='bbox 1375 2440 1401 2460; x_wconf 91' lang='lat' dir='ltr'><strong>et</strong></span> <span class='ocrx_word' id='word_1_852' title='bbox 1415 2434 1522 2469; x_wconf 76' lang='lat' dir='ltr'><strong>psalmi,</strong></span> <span class='ocrx_word' id='word_1_853' title='bbox 1531 2439 1559 2462; x_wconf 90' lang='lat' dir='ltr'><strong>et</strong></span> <span class='ocrx_word' id='word_1_854' title='bbox 1574 2434 1727 2469; x_wconf 87' lang='lat' dir='ltr'><strong>disciplina,</strong></span> 
     </span>
    </p>
   </div>
   <div class='ocr_carea' id='block_1_108' title="bbox 945 2479 1727 2514">
    <p class='ocr_par' dir='ltr' id='par_1_108' title="bbox 945 2479 1727 2514">
     <span class='ocr_line' id='line_1_108' title="bbox 945 2479 1727 2514; baseline 0.001 -8"><span class='ocrx_word' id='word_1_855' title='bbox 945 2484 973 2506; x_wconf 87' lang='lat' dir='ltr'><strong>et</strong></span> <span class='ocrx_word' id='word_1_856' title='bbox 1002 2480 1174 2513; x_wconf 86' lang='lat' dir='ltr'><strong>supplicatio,</strong></span> <span class='ocrx_word' id='word_1_857' title='bbox 1192 2484 1219 2506; x_wconf 80' lang='lat' dir='ltr'><strong>et</strong></span> <span class='ocrx_word' id='word_1_858' title='bbox 1235 2480 1300 2510; x_wconf 79' lang='lat' dir='ltr'><strong>lux,</strong></span> <span class='ocrx_word' id='word_1_859' title='bbox 1312 2483 1339 2506; x_wconf 89' lang='lat' dir='ltr'><strong>et</strong></span> <span class='ocrx_word' id='word_1_860' title='bbox 1364 2479 1417 2512; x_wconf 78' lang='lat' dir='ltr'><strong>lex,</strong></span> <span class='ocrx_word' id='word_1_861' title='bbox 1431 2487 1511 2514; x_wconf 75' lang='lat' dir='ltr'><strong>quam</strong></span> <span class='ocrx_word' id='word_1_862' title='bbox 1527 2480 1600 2514; x_wconf 82' lang='lat' dir='ltr'><strong>genti</strong></span> <span class='ocrx_word' id='word_1_863' title='bbox 1625 2480 1727 2507; x_wconf 83' lang='lat' dir='ltr'><strong>Musul~</strong></span> 
     </span>
    </p>
   </div>
   <div class='ocr_carea' id='block_1_109' title="bbox 946 2525 1725 2558">
    <p class='ocr_par' dir='ltr' id='par_1_109' title="bbox 946 2525 1725 2558">
     <span class='ocr_line' id='line_1_109' title="bbox 946 2525 1725 2558; baseline 0.001 -7"><span class='ocrx_word' id='word_1_864' title='bbox 946 2526 1061 2552; x_wconf 66' lang='lat' dir='ltr'><strong>manicae</strong></span> <span class='ocrx_word' id='word_1_865' title='bbox 1077 2525 1197 2558; x_wconf 86' lang='lat' dir='ltr'><strong>tradidit,</strong></span> <span class='ocrx_word' id='word_1_866' title='bbox 1215 2526 1240 2552; x_wconf 88' lang='lat' dir='ltr'><strong>in</strong></span> <span class='ocrx_word' id='word_1_867' title='bbox 1256 2533 1289 2552; x_wconf 91' lang='lat' dir='ltr'><strong>eo</strong></span> <span class='ocrx_word' id='word_1_868' title='bbox 1303 2529 1405 2552; x_wconf 84' lang='lat' dir='ltr'><strong>tantum</strong></span> <span class='ocrx_word' id='word_1_869' title='bbox 1418 2525 1550 2558; x_wconf 84' lang='lat' dir='ltr'><strong>consistit,</strong></span> <span class='ocrx_word' id='word_1_870' title='bbox 1565 2530 1594 2552; x_wconf 94' lang='lat' dir='ltr'><strong>ut</strong></span> <span class='ocrx_word' id='word_1_871' title='bbox 1608 2526 1725 2558; x_wconf 85' lang='lat' dir='ltr'><strong>dicatur,</strong></span> 
     </span>
    </p>
   </div>
   <div class='ocr_carea' id='block_1_110' title="bbox 945 2571 1726 2606">
    <p class='ocr_par' dir='ltr' id='par_1_110' title="bbox 945 2571 1726 2606">
     <span class='ocr_line' id='line_1_110' title="bbox 945 2571 1726 2606; baseline 0.001 -9"><span class='ocrx_word' id='word_1_872' title='bbox 945 2579 997 2597; x_wconf 81' lang='lat' dir='ltr'><strong>noti</strong></span> <span class='ocrx_word' id='word_1_873' title='bbox 1026 2577 1067 2598; x_wconf 84' lang='lat' dir='ltr'><strong>est</strong></span> <span class='ocrx_word' id='word_1_874' title='bbox 1092 2571 1161 2599; x_wconf 81' lang='lat' dir='ltr'><strong>Deus</strong></span> <span class='ocrx_word' id='word_1_875' title='bbox 1178 2572 1227 2598; x_wconf 87' lang='lat' dir='ltr'><strong>nisi</strong></span> <span class='ocrx_word' id='word_1_876' title='bbox 1253 2572 1333 2604; x_wconf 82' lang='lat' dir='ltr'><strong>Deus,</strong></span> <span class='ocrx_word' id='word_1_877' title='bbox 1349 2576 1378 2598; x_wconf 86' lang='lat' dir='ltr'><strong>et</strong></span> <span class='ocrx_word' id='word_1_878' title='bbox 1396 2571 1569 2599; x_wconf 77' lang='lat' dir='ltr'><strong>Multammed</strong></span> <span class='ocrx_word' id='word_1_879' title='bbox 1589 2572 1726 2606; x_wconf 85' lang='lat' dir='ltr'><strong>apostolus</strong></span> 
     </span>
    </p>
   </div>
   <div class='ocr_carea' id='block_1_111' title="bbox 945 2616 1726 2649">
    <p class='ocr_par' dir='ltr' id='par_1_111' title="bbox 945 2616 1726 2649">
     <span class='ocr_line' id='line_1_111' title="bbox 945 2616 1726 2649; baseline 0.001 -6"><span class='ocrx_word' id='word_1_880' title='bbox 945 2616 1001 2643; x_wconf 83' lang='lat' dir='ltr'><strong>Dei.</strong></span> <span class='ocrx_word' id='word_1_881' title='bbox 1016 2617 1047 2643; x_wconf 85' lang='lat' dir='ltr'><strong>Et</strong></span> <span class='ocrx_word' id='word_1_882' title='bbox 1060 2617 1168 2648; x_wconf 86' lang='lat' dir='ltr'><strong>iterum,</strong></span> <span class='ocrx_word' id='word_1_883' title='bbox 1184 2618 1242 2644; x_wconf 63' lang='lat' dir='ltr'><strong>haec</strong></span> <span class='ocrx_word' id='word_1_884' title='bbox 1265 2622 1307 2644; x_wconf 87' lang='lat' dir='ltr'><strong>est</strong></span> <span class='ocrx_word' id='word_1_885' title='bbox 1330 2625 1435 2644; x_wconf 83' lang='lat' dir='ltr'><strong>summa</strong></span> <span class='ocrx_word' id='word_1_886' title='bbox 1464 2617 1559 2645; x_wconf 82' lang='lat' dir='ltr'><strong>salutis</strong></span> <span class='ocrx_word' id='word_1_887' title='bbox 1573 2623 1679 2649; x_wconf 70' lang='lat' dir='ltr'><strong>vestrae,</strong></span> <span class='ocrx_word' id='word_1_888' title='bbox 1699 2618 1726 2644; x_wconf 88' lang='lat' dir='ltr'><strong>in</strong></span> 
     </span>
    </p>
   </div>
   <div class='ocr_carea' id='block_1_112' title="bbox 944 2662 1725 2697">
    <p class='ocr_par' dir='ltr' id='par_1_112' title="bbox 944 2662 1725 2697">
     <span class='ocr_line' id='line_1_112' title="bbox 944 2662 1725 2697; baseline 0.001 -9"><span class='ocrx_word' id='word_1_889' title='bbox 944 2662 1051 2689; x_wconf 86' lang='lat' dir='ltr'><strong>nomine</strong></span> <span class='ocrx_word' id='word_1_890' title='bbox 1063 2662 1109 2689; x_wconf 86' lang='lat' dir='ltr'><strong>Dei</strong></span> <span class='ocrx_word' id='word_1_891' title='bbox 1134 2663 1305 2690; x_wconf 84' lang='lat' dir='ltr'><strong>miseratoris</strong></span> <span class='ocrx_word' id='word_1_892' title='bbox 1337 2667 1365 2690; x_wconf 87' lang='lat' dir='ltr'><strong>et</strong></span> <span class='ocrx_word' id='word_1_893' title='bbox 1382 2663 1567 2690; x_wconf 67' lang='lat' dir='ltr'><strong>misericordis</strong></span> <span class='ocrx_word' id='word_1_894' title='bbox 1590 2671 1670 2697; x_wconf 87' lang='lat' dir='ltr'><strong>quem</strong></span> <span class='ocrx_word' id='word_1_895' title='bbox 1698 2662 1725 2689; x_wconf 86' lang='lat' dir='ltr'><strong>in</strong></span> 
     </span>
    </p>
   </div>
   <div class='ocr_carea' id='block_1_113' title="bbox 944 2708 1724 2743">
    <p class='ocr_par' dir='ltr' id='par_1_113' title="bbox 944 2708 1724 2743">
     <span class='ocr_line' id='line_1_113' title="bbox 944 2708 1724 2743; baseline 0.003 -9"><span class='ocrx_word' id='word_1_896' title='bbox 944 2709 1058 2734; x_wconf 83' lang='lat' dir='ltr'><strong>veritate</strong></span> <span class='ocrx_word' id='word_1_897' title='bbox 1079 2709 1277 2743; x_wconf 81' lang='lat' dir='ltr'><strong>precamini,et</strong></span> <span class='ocrx_word' id='word_1_898' title='bbox 1304 2714 1402 2743; x_wconf 67' lang='lat' dir='ltr'><strong>praeter</strong></span> <span class='ocrx_word' id='word_1_899' title='bbox 1419 2709 1491 2736; x_wconf 88' lang='lat' dir='ltr'><strong>istud</strong></span> <span class='ocrx_word' id='word_1_900' title='bbox 1525 2709 1632 2743; x_wconf 80' lang='lat' dir='ltr'><strong>dogma,</strong></span> <span class='ocrx_word' id='word_1_901' title='bbox 1651 2708 1724 2736; x_wconf 72' lang='lat' dir='ltr'><strong>nulla</strong></span> 
     </span>
    </p>
   </div>
   <div class='ocr_carea' id='block_1_114' title="bbox 944 2753 1724 2788">
    <p class='ocr_par' dir='ltr' id='par_1_114' title="bbox 944 2753 1724 2788">
     <span class='ocr_line' id='line_1_114' title="bbox 944 2753 1724 2788; baseline 0 -8"><span class='ocrx_word' id='word_1_902' title='bbox 944 2753 996 2781; x_wconf 87' lang='lat' dir='ltr'><strong>alia</strong></span> <span class='ocrx_word' id='word_1_903' title='bbox 1011 2753 1057 2780; x_wconf 90' lang='lat' dir='ltr'><strong>Dei</strong></span> <span class='ocrx_word' id='word_1_904' title='bbox 1077 2754 1235 2784; x_wconf 79' lang='lat' dir='ltr'><strong>celebratio,</strong></span> <span class='ocrx_word' id='word_1_905' title='bbox 1246 2754 1402 2788; x_wconf 88' lang='lat' dir='ltr'><strong>nullumque</strong></span> <span class='ocrx_word' id='word_1_906' title='bbox 1418 2755 1489 2788; x_wconf 82' lang='lat' dir='ltr'><strong>apud</strong></span> <span class='ocrx_word' id='word_1_907' title='bbox 1511 2762 1559 2781; x_wconf 84' lang='lat' dir='ltr'><strong>vos</strong></span> <span class='ocrx_word' id='word_1_908' title='bbox 1574 2754 1646 2780; x_wconf 86' lang='lat' dir='ltr'><strong>aliud</strong></span> <span class='ocrx_word' id='word_1_909' title='bbox 1662 2761 1724 2781; x_wconf 85' lang='lat' dir='ltr'><strong>ver-</strong></span> 
     </span>
    </p>
   </div>
   <div class='ocr_carea' id='block_1_115' title="bbox 943 2798 1721 2834">
    <p class='ocr_par' dir='ltr' id='par_1_115' title="bbox 943 2798 1721 2834">
     <span class='ocr_line' id='line_1_115' title="bbox 943 2798 1721 2834; baseline -0.001 -7"><span class='ocrx_word' id='word_1_910' title='bbox 943 2800 1005 2827; x_wconf 86' lang='lat' dir='ltr'><strong>bum</strong></span> <span class='ocrx_word' id='word_1_911' title='bbox 1020 2801 1124 2828; x_wconf 82' lang='lat' dir='ltr'><strong>salutis.</strong></span> <span class='ocrx_word' id='word_1_912' title='bbox 1140 2801 1173 2827; x_wconf 88' lang='lat' dir='ltr'><strong>Et</strong></span> <span class='ocrx_word' id='word_1_913' title='bbox 1190 2801 1362 2827; x_wconf 82' lang='lat' dir='ltr'><strong>Muhnmmed</strong></span> <span class='ocrx_word' id='word_1_914' title='bbox 1391 2805 1434 2827; x_wconf 86' lang='lat' dir='ltr'><strong>est</strong></span> <span class='ocrx_word' id='word_1_915' title='bbox 1463 2800 1600 2834; x_wconf 84' lang='lat' dir='ltr'><strong>apostolus</strong></span> <span class='ocrx_word' id='word_1_916' title='bbox 1615 2798 1660 2826; x_wconf 90' lang='lat' dir='ltr'><strong>Dei</strong></span> <span class='ocrx_word' id='word_1_917' title='bbox 1675 2799 1721 2834; x_wconf 87' lang='lat' dir='ltr'><strong>qui</strong></span> 
     </span>
    </p>
   </div>
   <div class='ocr_carea' id='block_1_116' title="bbox 944 2845 1721 2881">
    <p class='ocr_par' dir='ltr' id='par_1_116' title="bbox 944 2845 1721 2881">
     <span class='ocr_line' id='line_1_116' title="bbox 944 2845 1721 2881; baseline -0.001 -8"><span class='ocrx_word' id='word_1_918' title='bbox 944 2850 1033 2873; x_wconf 81' lang='lat' dir='ltr'><strong>tamen</strong></span> <span class='ocrx_word' id='word_1_919' title='bbox 1050 2854 1161 2881; x_wconf 79' lang='lat' dir='ltr'><strong>regnum</strong></span> <span class='ocrx_word' id='word_1_920' title='bbox 1180 2846 1226 2874; x_wconf 81' lang='lat' dir='ltr'><strong>Dei</strong></span> <span class='ocrx_word' id='word_1_921' title='bbox 1245 2854 1297 2874; x_wconf 87' lang='lat' dir='ltr'><strong>non</strong></span> <span class='ocrx_word' id='word_1_922' title='bbox 1318 2851 1358 2873; x_wconf 90' lang='lat' dir='ltr'><strong>est</strong></span> <span class='ocrx_word' id='word_1_923' title='bbox 1371 2851 1551 2879; x_wconf 86' lang='lat' dir='ltr'><strong>consecutus;</strong></span> <span class='ocrx_word' id='word_1_924' title='bbox 1566 2845 1721 2881; x_wconf 79' lang='lat' dir='ltr'><strong>quicunque</strong></span> 
     </span>
    </p>
   </div>
  </div>
