1932 3067
207 136 274 168 1403

763 130 1043 172 BARTHOLOM/EI
1061 143 1247 174 EDESSENI

1757 149 1825 182 1404

208 201 272 221 vero
286 193 358 220 sicut
372 193 502 229 scriptum
514 199 556 222 est
566 195 707 223 confessus
721 195 812 227 fuerit,
834 196 905 223 inter
918 197 985 224 cives

1045 198 1139 230 Ὅστις
1153 199 1182 226 δὲ
1203 208 1280 230 ουτος
1293 200 1475 236 ὁμολογήσας,
1499 203 1537 235 ὡς
1553 205 1720 239 γέγραπται,
1747 205 1825 232 ἐστὶν

207 238 351 266 etaceolas
377 239 494 273 paradisi
519 241 714 268 recensebitur.
732 240 779 267 Vae
815 241 863 268 toti
893 242 986 275 generi

208 283 404 311 Musnlutanieo
432 289 542 319 propter
568 285 647 311 talem
669 285 831 313 doctrinam.
848 285 915 318 Quia
941 286 988 319 qui

209 332 267 358 haec
281 331 367 362 audit,
383 335 410 358 et
429 332 516 358 credit
529 330 571 357 illa
585 331 610 357 itt
624 330 749 364 paradiso
761 331 830 362 ﬁeri,
852 331 990 366 immergi—

209 382 254 402 tur
270 380 380 409 peccato
394 375 464 401 sicut
479 382 547 408 aqua
559 375 710 401 scaluriens
721 379 749 401 et
772 381 896 408 mergeris
925 375 989 402 her-

210 422 282 448 batu.
297 420 428 447 Caeterum
450 420 668 454 quandoquidem
693 427 788 447 omnes
803 417 985 449 Musulmanni

210 471 239 493 ut
262 466 319 499 ipse
344 465 412 492 bene
437 465 510 496 novi,
526 464 587 490 talia
615 465 696 491 verba
720 463 861 498 proferunt
889 469 916 492 et
944 465 986 492 sic

208 520 303 540 omnes
320 511 448 541 sentiunt,
461 509 595 544 quomodo
621 513 649 535 tu
673 509 772 536 asseris
815 509 986 544 septuaginta

208 559 315 586 illorum
339 557 423 583 tribus
439 560 465 583 et
478 554 593 581 fat-tilias
604 555 689 589 pinnis
702 554 859 587 adiudicari,
876 556 984 582 unicam

208 612 272 632 vero
287 603 440 638 paradisum
454 606 671 628 consecuturam.
695 599 814 628 Ostende
832 601 899 628 tnihi
918 608 988 634 quo-

209 647 288 675 modo
301 648 350 674 hoc
367 646 421 678 ﬁat,
441 645 462 672 si
477 644 541 671 illud
566 645 652 677 nosti;
670 644 692 671 si
704 652 768 672 vero
785 645 855 672 illius
879 653 931 672 non
955 653 986 673 es

209 691 343 723 conscius,
359 690 409 718 hoc
433 689 554 723 tibiipsi,
571 690 628 723 ipse
653 689 742 716 dicam
764 693 791 717 et
817 690 986 725 signiﬁcabo.

243 738 389 772 Propterea
426 737 495 763 dixit
520 736 692 764 Multammed
724 737 893 771 septuaginta
920 736 990 765 duas

207 785 294 812 tribus
307 785 339 811 ad
355 783 486 818 supplicia
514 783 656 814 destinari,
674 791 754 810 unam
770 790 834 810 vero
858 783 891 809 ad
908 790 988 817 para-

206 828 259 854 disi
276 827 432 861 voluptates,
446 826 509 861 quia
537 827 707 860 septuaginta
724 828 794 859 dna},
809 828 907 862 inquit,
922 833 986 856 sunt

1040 243 1151 279 πολίτης
1165 244 1212 270 τοῦ
1226 244 1401 279 παραδείσου.
1419 247 1490 274 Οὐαὶ
1514 249 1545 274 τὸ
1561 249 1640 283 γένος
1663 248 1720 275 τῶν
1747 250 1824 276 Μου-

1040 289 1200 323 σουλμανῶν
1213 290 1242 315 ἐν
1257 290 1295 325 τῷ
1311 291 1383 326 λόγῳ
1397 292 1498 327 τούτῳ.
1513 294 1576 320 Ὅτι
1595 295 1609 320 ὁ
1627 295 1737 320 ἁκούων
1759 296 1823 321 τοὺ-

1040 342 1086 360 του
1101 333 1147 360 τοῦ
1157 335 1285 368 γενέσθαι
1299 337 1328 362 ὲν
1342 337 1381 371 τῷ
1398 338 1559 373 παραδείσῳ
1571 339 1678 373 είσάγει
1689 341 1721 374 τῇ
1738 341 1824 375 ἀμαρ-

1040 379 1085 414 τίᾳ
1101 379 1139 410 ὡς
1152 380 1249 415 βρύσιν
1263 382 1371 416 χόρτου.
1383 383 1494 415 Λοιπὸν,
1506 384 1580 410 είπεὶ
1593 385 1693 416 πάντες
1708 386 1732 411 ot
1749 386 1824 411 Μου-

1041 424 1187 458 σοολμανοὶ
1199 445 1206 457 ,
1222 426 1259 457 ὡς
1279 423 1338 452 οἶδα
1358 427 1445 461 κάγὼ,
1459 429 1572 456 τοιαῦτα
1596 430 1674 464 λόγια
1702 431 1822 464 λέγουσι,

1040 469 1088 496 καὶ
1110 470 1249 505 φρονοῦσι,
1264 472 1297 498 σὺ
1309 472 1368 504 πῶς
1382 473 1485 507 λέγεις,
1499 476 1540 501 ὅτι
1565 476 1749 511 ἑὸδομήκοντα
1775 476 1824 502 δύο

1039 515 1109 541 είσὶν
1119 516 1202 550 φυλαὶ
1217 517 1269 551 τῆς
1286 517 1433 551 κολάσεως,
1449 520 1497 546 καὶ
1508 520 1557 555 μία
1572 521 1619 547 τοῦ
1641 521 1821 556 παραδείσους

1045 561 1211 595 ’Υπόδειξον,
1226 563 1274 590 ἐὰν
1287 564 1432 597 γινώσκεις
1443 566 1502 598 πῶς
1514 565 1597 594 εἶναι.
1617 567 1649 593 ΕΞ
1662 566 1691 594 δὲ
1708 567 1759 594 οὐκ
1779 565 1822 594 οἷ-

1039 607 1097 640 δας,
1115 608 1212 643 φράσω
1226 612 1274 636 σοι’
1285 609 1378 642 αὑτός.

1074 738 1124 765 Διὰ
1147 739 1228 767 τοῦτο
1246 737 1351 768 εἶπενό
1375 741 1535 777 Μουχαμετ,
1565 742 1607 769 ὅτι
1631 742 1822 777 ἑϐδομήκοντα

1038 783 1085 809 δύο
1106 784 1175 810 εἰσὶν
1194 785 1244 820 τῆς
1267 785 1405 817 κολάσεως
1421 787 1468 812 καὶ
1497 787 1546 821 pt'a
1568 787 1616 813 τοῦ
1634 787 1821 823 παραδείσου.

1037 828 1078 854 ὅτι
1097 829 1125 855 αἱ
1143 829 1330 865 ἑϐδομήκοντα
1357 831 1405 857 δύο
1426 827 1518 864 αὗται,
1545 832 1632 866 λέγει,
1651 833 1679 858 ὲν
1696 832 1736 867 τῷ
1762 840 1819 865 φα-

208 877 310 900 tautum
325 871 545 899 Musulmanuicce
565 873 653 906 quoad
678 873 778 899 cultum
803 873 950 907 publicum.
962 881 985 901 et

1039 874 1121 909 νερῷ,
1139 875 1188 901 καὶ
1209 876 1355 911 ἀληθεύειν
1369 876 1417 903 τὸν
1439 878 1601 912 Μουχάμετ·
1615 880 1645 905 ὲν
1665 878 1694 904 δὲ
1716 878 1756 913 τῷ
1772 886 1822 904 κε-

205 923 317 944 externe
333 921 433 943 tantuut
448 916 607 951 proﬁtentur
624 923 686 944 vera
706 917 796 944 dicere
817 917 984 945 Muhamtne-

205 963 276 995 dem,
293 962 361 989 clam
377 969 440 989 vero
451 967 573 989 asserunt
582 962 706 996 populum
719 962 914 991 Mahammedis
924 972 986 992 cunt

205 1009 253 1035 illo
268 1007 324 1035 falli
344 1011 371 1035 et
387 1007 490 1034 fallere.
504 1007 536 1034 Et
548 1007 634 1034 dicam
649 1008 695 1035 tibi
713 1016 836 1042 quamam
853 1009 909 1036 sint
927 1009 987 1038 ista:

205 1053 303 1085 tribus,
321 1059 450 1081 eteorum
468 1054 586 1085 nomina,
603 1061 698 1088 nempe
708 1054 865 1087 Chasisimi.
878 1055 984 1091 Separi,

204 1100 319 1133 lsmaeli,
336 1100 455 1127 Montani
473 1105 500 1127 et
516 1100 625 1134 reliquae
641 1108 700 1134 quae
714 1106 874 1136 sequuntur.
884 1102 938 1130 Sed
948 1111 982 1130 ne

205 1146 285 1173 nimis
299 1146 393 1181 longas
404 1147 546 1174 verborum
559 1147 686 1181 ambages
710 1152 862 1180 nectamus,
890 1156 986 1176 rursus

204 1192 265 1219 dico
278 1194 349 1226 quod
361 1193 529 1226 septuaginta
543 1193 602 1219 duae
614 1197 710 1220 vestrae
721 1193 828 1228 linguae,
853 1194 986 1230 abnegent

204 1234 429 1264 Multammedem.
444 1236 546 1264 Nostra:
576 1244 640 1264 vero
659 1244 753 1264 omnes
774 1238 879 1265 unicam
906 1239 985 1266 ﬁdem

204 1282 374 1316 proﬁtentur,
392 1286 420 1309 et
433 1282 570 1310 Christum
592 1282 714 1318 religiose
731 1283 832 1311 colunt.
862 1284 890 1311 Si
922 1293 985 1313 vero

204 1332 301 1354 vestrae
319 1327 485 1363 septuaginta
499 1328 557 1355 duae
567 1328 652 1356 tribus
664 1334 690 1355 et
704 1329 802 1364 liuguze
816 1329 983 1356 Multamme—

203 1374 264 1401 dem
272 1375 409 1409 _abuegeut
421 1380 448 1401 et
462 1375 754 1409 reprobentmuwnatn
773 1376 914 1402 veritatem
925 1383 986 1410 pro-

203 1420 302 1448 ferent.
320 1420 435 1448 Omnino
455 1421 494 1448 vel
508 1421 597 1455 plures
610 1421 649 1448 vel
666 1429 717 1448 una
732 1420 827 1448 saltem
851 1421 984 1448 mentien-

203 1470 257 1493 tur.
273 1466 326 1493 Nec
339 1471 380 1493 est
398 1467 468 1500 quod
480 1466 576 1493 dicatis
590 1466 680 1494 ﬁdeles
687 1472 714 1494 et
727 1467 830 1494 electos
839 1467 980 1494 veritatem

204 1511 333 1546 proﬁteri.
348 1511 414 1539 Nam
431 1513 482 1539 hoc
505 1513 585 1540 etiam
605 1521 764 1548 respousqu
795 1513 940 1540 dissolvam
956 1516 984 1540 et

203 1557 312 1585 elidant.
342 1557 409 1584 Nam
435 1558 478 1585 dic
495 1559 601 1590 mihi,o
622 1559 756 1593 Agareue,
791 1567 876 1593 quare
901 1559 983 1586 Deum

203 1603 289 1638 ipsum
312 1604 471 1631 conviciaris
493 1608 521 1631 et
545 1605 729 1637 calumniaris,
755 1612 879 1632 asserens
901 1605 984 1632 Deunt

205 1650 261 1676 hinc
275 1649 352 1677 verba
366 1650 392 1676 in
420 1650 522 1677 ambitu
542 1650 629 1677 throni
645 1651 684 1677 sui
703 1658 839 1682 exarasse,
858 1658 909 1677 non
940 1655 983 1677 est

205 1695 270 1722 lides
287 1702 348 1721 vera
363 1695 413 1722 alia
425 1703 504 1730 quarti
530 1695 596 1722 ﬁdes
620 1695 765 1722 electorum
784 1695 986 1722 Musulntanno-

205 1749 274 1768 rutn.
293 1741 350 1768 Hoc
367 1742 465 1775 quippe
476 1741 565 1768 inveni
582 1741 710 1774 scriptum
721 1741 747 1766 in
766 1740 873 1767 Corano
894 1745 949 1767 tuo.
964 1741 986 1768 0

204 1795 219 1814 a
235 1788 349 1814 veritate
363 1788 501 1818 oberrans,
515 1787 601 1813 nullus
616 1794 733 1820 unquam
747 1786 814 1813 vidit
829 1788 923 1818 Deum,
935 1794 984 1814 nec

205 1833 276 1859 illius
302 1833 426 1859 thronum
453 1834 601 1866 conspexit,
622 1833 681 1866 quis
698 1837 724 1859 te
744 1839 808 1866 ergo
841 1832 985 1859 certiorem

205 1877 268 1905 fecit
283 1878 334 1905 ista
356 1879 426 1905 circa
443 1879 569 1904 thronum
590 1878 635 1904 Dei
661 1884 721 1904 esse
748 1877 850 1912 scripta
864 1881 893 1904 et
922 1885 986 1904 exa-

205 1923 281 1949 rata?
295 1923 324 1951 Si
340 1930 404 1950 vero
416 1924 489 1950 dicas
499 1924 549 1950 hoc
563 1928 588 1949 te
599 1922 725 1949 didicisse
740 1929 772 1949 ex
795 1927 840 1949 tuo
859 1922 918 1956 ipso
934 1923 987 1949 Uo-

205 1975 280 2000 rano,
294 1973 367 1995 certe
384 1976 492 2002 prorsus
503 1968 630 1995 mentitur
644 1967 766 1994 Coranus
780 1970 850 1993 tuus.
862 1966 928 1993 Nam
941 1967 985 1994 ubi

997 1544 1020 1573 (Ζ

1038 920 1199 956 κρυμμένῳ,
1224 922 1266 948 ὅτι
1293 923 1308 949 ό
1340 923 1403 954 λαὸς
1423 922 1470 949 τοῦ
1497 924 1647 958 Μουχάμετ
1672 924 1721 950 σὺν
1745 923 1823 958 αὺτῴ

1038 965 1171 998 πλανώσι,
1197 966 1245 992 καὶ
1271 966 1437 994 πλανῶνται.
1466 968 1521 994 Ka‘.
1542 968 1631 1002 μέλλω
1657 976 1699 994 σοι
1715 967 1824 1000 διδάξαι

1037 1010 1146 1041 αὐτοὺς,
1167 1011 1214 1037 καὶ
1228 1011 1261 1038 τὰ
1277 1011 1396 1047 ὀνόματα
1413 1013 1514 1044 αὐτῶν,
1528 1013 1694 1047 Χασισῑμου,
1706 1013 1822 1047 Σεπερὶ,

1044 1056 1170 1091 Ἰσμαῖλϊ,
1195 1057 1330 1089 Μουτανὶ,
1350 1059 1399 1084 καὶ
1419 1059 1448 1085 al.
1475 1058 1569 1085 λοιπαὶ
1591 1058 1719 1092 καθεξῆς.
1749 1058 1823 1084 Ἀλλ’

1038 1101 1083 1127 ἵνα
1100 1101 1138 1137 μὴ
1154 1102 1380 1138 μακρολογῶμεν,
1410 1104 1459 1130 καὶ
1485 1103 1567 1130 πάλιν
1581 1104 1610 1130 αἱ
1639 1103 1688 1138 μὲν
1703 1103 1821 1138 ἑϐδομή-

1038 1155 1124 1174 κοντα
1138 1147 1186 1174 δύο
1207 1148 1340 1183 ὑμέτεραι
1365 1149 1488 1183 γλῶσσαι
1515 1149 1659 1184 ἀρνοῦνται
1673 1149 1720 1175 τὸν
1745 1149 1824 1176 Mou-

1038 1193 1137 1228 χὰμετ.
1149 1194 1182 1220 Δί
1193 1194 1222 1220 δὲ
1235 1195 1369 1230 ἡμέτεραι
1395 1195 1471 1223 τόσαι
1502 1196 1567 1231 μίαν
1582 1196 1673 1222 πίστιν
1688 1196 1735 1222 ἐπὶ
1756 1195 1824 1230 Χρι-

1038 1239 1102 1265 στοῦ
1127 1239 1249 1266 σέϐονται
1264 1240 1476 1276 εὑσεὸοφρόνως.
1486 1242 1518 1268 At
1529 1241 1594 1275 γοῦν
1603 1241 1735 1276 ὑμέτεραι
1749 1241 1824 1267 £650-

1038 1286 1159 1320 μήκοντα
1169 1286 1215 1312 δύο
1234 1286 1356 1320 γλῶσσαι
1382 1287 1407 1313 εί
1424 1286 1571 1322 ἀρνοῦνται
1594 1287 1639 1312 τὸν
1659 1286 1821 1321 Μουχάμετ,

1035 1330 1105 1360 τινὲς
1117 1329 1182 1364 γοῦν
1196 1330 1388 1366 ἀληθεύουσιν.
1406 1332 1456 1357 Διὰ
1471 1332 1581 1362 παντὸς,
1602 1331 1618 1366 ἦ
1641 1331 1774 1362 πλείονες,
1801 1331 1820 1366 ἡ

1037 1374 1086 1409 μία
1103 1375 1180 1409 ὑμῶν
1191 1376 1301 1409 γλῶσσα
1317 1376 1455 1410 ψεύδεται.
1476 1376 1555 1407 οὒτε,
1568 1377 1606 1406 ὡς
1621 1376 1671 1411 μὲν
1684 1376 1822 1411 νομίζετε,

1036 1420 1128 1447 πιστοὶ
1151 1421 1200 1447 καὶ
1224 1421 1358 1449 ἐκλεκτοί.
1381 1422 1461 1448 Ἀλλὰ
1487 1421 1632 1448 καταλύσω
1657 1422 1740 1456 ὑμᾶς,
1774 1421 1823 1447 καὶ

1036 1466 1182 1501 συντρίψω.
1200 1467 1250 1494 Διὰ
1260 1467 1296 1499 τί,
1318 1467 1466 1503 Ἀγαρηνὲ,
1485 1469 1547 1494 εἰπέ
1562 1476 1618 1503 μοι,
1643 1467 1823 1501 συκοφαντεῖς

1035 1513 1081 1539 τὸν
1095 1513 1160 1539 Θεὸν
1175 1513 1276 1548 λέγων,
1290 1514 1332 1540 ὃτι
1346 1514 1449 1549 ἔγραψε
1461 1515 1586 1550 γύρωθεν
1602 1515 1650 1541 τοῦ
1660 1515 1755 1550 υρόνσυ
1769 1515 1822 1541 αὐ-

1035 1558 1081 1586 τοῦ
1097 1558 1184 1591 οὕτως
1198 1567 1205 1575 ·
1227 1559 1284 1587 Οὐκ
1300 1559 1374 1586 ἐστιν
1389 1559 1558 1597 ἀληθεστέρα
1577 1561 1668 1592 πίστις
1685 1560 1776 1596 ἑτέρα,
1803 1560 1822 1594 ἢ

1034 1606 1087 1632 τῶν
1104 1606 1239 1632 ἐκλεκτῶν
1251 1606 1489 1641 Μουσουλμανῶνς
1506 1606 1559 1633 Καὶ
1579 1606 1668 1638 οὕτως
1690 1603 1770 1641 εὖρον
1794 1607 1823 1632 ὲν

1034 1650 1073 1685 τῷ
1086 1651 1229 1686 Κουρανίῳ
1257 1660 1315 1684 σου,
1329 1652 1451 1687 πεπλανη
1457 1652 1519 1687 μένε
1534 1660 1542 1668 ο
1559 1653 1612 1678 Τὸν
1641 1652 1708 1678 Θεὸν
1734 1651 1823 1682 οὐδεὶς

1035 1695 1142 1730 ἑώρακε
1163 1695 1285 1728 πώποτε,
1299 1697 1359 1723 οὐδὲ
1383 1698 1429 1724 τὸν
1441 1697 1535 1732 θρόνον
1559 1697 1652 1729 αὐτοῦ,
1674 1696 1735 1723 οὺδέ
1764 1704 1825 1726 πως

1035 1739 1120 1772 οἶδας.
1137 1741 1273 1773 ὃτιοῦτως
1283 1742 1439 1777 γέγραπται
1456 1743 1486 1770 ὲν
1514 1743 1554 1778 τῷ
1577 1743 1665 1778 θρόνῳ
1679 1742 1726 1769 τοῦ
1742 1741 1823 1768 Θεοῦ.

1036 1786 1066 1812 Εἰ
1080 1786 1129 1820 μὲν
1143 1786 1243 1820 λέγεις,
1264 1787 1303 1818 ὡς
1322 1788 1377 1814 ἀπὸ
1389 1788 1436 1814 τοῦ
1460 1788 1611 1823 Κουρανὶου
1645 1796 1691 1814 σου
1711 1787 1823 1822 ἔμαθες,

1035 1831 1127 1857 λοιπὴν
1143 1831 1269 1866 ψεύδεται
1281 1832 1312 1859 τδ
1332 1833 1481 1868 Κουράνιόν
1499 1842 1555 1860 σου.
1567 1833 1621 1860 Ποῦ
1637 1834 1692 1868 γὰρ
1703 1831 1738 1868 ἦν
1751 1834 1825 1859 Μου-

1035 1877 1192 1912 σουλμανδς,
1208 1878 1271 1904 ὃταν
1285 1879 1299 1905 ὁ
1319 1879 1415 1913 θρόνος
1428 1879 1476 1905 τοῦ
1501 1879 1570 1906 Θεοῦ
1600 1877 1645 1914 ἦν,
1663 1879 1712 1905 καὶ
1738 1879 1753 1904 6
1772 1887 1826 1904 κα-

1035 1921 1152 1956 θήμενος
1167 1922 1332 1958 ἐπὶορόνου,
1343 1924 1357 1949 ό
1373 1923 1512 1956 στεγάςων
1527 1924 1556 1950 ἐν
1570 1923 1649 1950 ὖδειει
1666 1923 1700 1950 τὰ
1710 1923 1826 1958 ὑπερῷα

1035 1967 1128 2001 αὐτοῦ,
1143 1968 1190 1994 καὶ
1207 1969 1326 2003 συνέχων
1340 1969 1374 1995 τὰ
1387 1969 1477 1996 πάντα
1492 1977 1500 2002 ;

203 2017 279 2040 erant
289 2020 382 2040 omnes
400 2012 576 2039 Musulmauni
596 2019 657 2039 cum
672 2016 744 2039 esset
757 2011 869 2038 thronus
885 2011 943 2044 Dei,
968 2016 994 2039 et
1014 2012 1111 2040 sedens
1125 2021 1207 2048 super
1227 2013 1313 2047 illum,
1326 2014 1370 2048 qui
1383 2015 1449 2049 tegit
1480 2014 1558 2049 aquis
1574 2014 1720 2048 superiora
1740 2014 1826 2046 illius,

203 2065 231 2088 et
246 2061 335 2088 omnia
346 2060 559 2094 comprehendit.

238 2109 314 2136 Nunc
331 2116 394 2135 vero
417 2109 460 2135 die
475 2108 550 2141 mihi,
565 2116 582 2136 ο
606 2107 701 2139 ﬁdelis,
714 2115 766 2142 quo
781 2107 856 2135 titulo
867 2107 985 2143 gaudere

202 2155 342 2182 contendis
351 2154 422 2182 inter
436 2162 529 2181 ontnes
541 2154 608 2181 alias
623 2154 756 2185 nationes,
769 2162 865 2180 annon
878 2160 984 2180 summa

1078 2110 1169 2144 Ἀρτι,
1187 2109 1248 2136 είπέ
1267 2118 1322 2144 μοι,
1335 2109 1372 2142 ὡς
1384 2110 1480 2136 ἑαυτὸν
1496 2109 1587 2140 καλεῖς
1606 2110 1638 2136 ὲκ
1661 2108 1757 2135 πασῶν
1771 2108 1827 2135 τῶν

1039 2152 1152 2186 γενεῶν,
1169 2155 1278 2185 πάντως
1294 2154 1324 2180 τὸ
1339 2154 1446 2189 πρῶτον
1457 2154 1604 2189 κεφάλαιον
1618 2153 1669 2188 τῆς
1686 2154 1826 2188 σωτηρίας

203 2199 298 2227 salutis
311 2200 447 2226 hominum
470 2199 595 2230 ﬁdelium,
608 2203 635 2225 et
657 2206 718 2225 vera
732 2203 759 2225 et
790 2204 863 2225 recta
880 2199 922 2225 via
954 2199 985 2225 ad

1040 2198 1096 2225 τῶν
1113 2199 1216 2225 πιστῶν
1230 2199 1394 2234 ἀνθρώπων,
1413 2201 1460 2226 καὶ
1483 2201 1500 2234 ὴ
1518 2199 1613 2226 εὐθεῖα
1643 2199 1703 2231 ὁδὸς
1727 2200 1743 2234 ή
1769 2200 1826 2226 ἁπ-

204 2247 284 2273 vitam
301 2251 440 2276 attentam,
453 2250 480 2272 et
496 2245 700 2272 fundamentum
716 2244 811 2271 salutis
842 2245 940 2272 anima:
961 2248 989 2271 ct

203 2292 334 2326 corporis.
349 2297 377 2318 et
390 2299 463 2325 pura:
477 2291 508 2317 ad
526 2290 608 2317 Deum
630 2290 771 2323 orationis,
798 2294 840 2317 est
871 2290 989 2325 cognitio

204 2337 259 2363 Dei.
273 2336 312 2362 Tu
325 2343 387 2363 vero
400 2336 479 2363 deum
494 2337 595 2363 ratione
612 2341 639 2363 et
664 2336 719 2362 vita
733 2340 869 2363 carentem
903 2343 987 2371 agno-

203 2382 258 2409 scis
270 2385 298 2408 ct
311 2381 460 2412 conﬁteris,
477 2381 605 2416 illumque
621 2381 695 2409 cultu
707 2381 798 2408 divino
814 2382 987 2416 prosequeris

203 2431 231 2454 ct
243 2428 382 2455 veneraris
397 2431 426 2454 ut
438 2428 562 2462 superius
576 2433 716 2454 ostensum
732 2431 783 2454 est.
799 2428 873 2454 Adde
888 2431 913 2454 te
933 2435 986 2454 nou

204 2473 304 2500 habere
315 2473 471 2507 prophetam
490 2478 537 2500 aut
549 2473 698 2508 apostolum
710 2481 717 2506 ;
730 2480 782 2507 qua
798 2473 902 2500 ratione
920 2479 984 2506 ergo

204 2520 320 2554 teipsum
351 2519 465 2546 clectum
482 2527 561 2546 voces
586 2519 692 2546 declara
712 2524 739 2546 et
755 2519 913 2553 comproba.
932 2518 988 2545 Nec

203 2565 287 2593 habes
301 2566 492 2597 sacerdotium,
505 2574 552 2593 nec
567 2566 690 2601 gratiam,
708 2572 757 2592 nec
780 2565 920 2599 templum,
938 2571 987 2591 nec

204 2611 351 2638 remedium
367 2611 400 2638 ad
426 2612 533 2638 morbos
546 2611 643 2638 animae
658 2615 683 2638 et
700 2610 821 2644 corporis
839 2609 986 2643 curandos,

203 2656 398 2690 necpsalmos,
426 2664 475 2683 nec
499 2656 646 2683 orationes.
679 2656 707 2683 Si
737 2656 864 2688 mentiar,
883 2654 925 2682 iac
958 2659 987 2681 ut

203 2705 307 2729 constet.
332 2701 435 2728 falsitas
460 2705 487 2729 et
523 2702 690 2728 mendacium
725 2709 825 2728 meum.
850 2701 896 2727 Illa
923 2708 988 2735 ergo

203 2753 352 2782 agnoscens
366 2747 500 2781 quomodo
516 2747 616 2781 poteris
643 2747 746 2781 ingredi
772 2754 883 2781 regnum
907 2745 989 2773 coetu-

204 2802 262 2821 rutn
278 2797 304 2819 et
319 2793 411 2826 gratiis
421 2792 467 2820 Dei
477 2793 613 2827 particeps
626 2793 764 2820 evadere?
779 2793 817 2820 Ab
831 2792 890 2819 istis
901 2791 988 2819 omni-

204 2840 255 2866 bus
268 2845 298 2865 cs
311 2845 391 2872 quam
407 2839 564 2874 longissime
573 2839 686 2866 alienus.

1041 2245 1146 2278 ἀγουσα
1158 2246 1198 2276 είς
1211 2245 1260 2280 τὴν
1275 2245 1347 2280 ζωὴν
1361 2245 1409 2281 τὴν
1419 2245 1536 2276 αἰώνιον,
1546 2245 1650 2279 καὶτῆς
1660 2245 1759 2279 ψυχῆς,
1776 2246 1826 2271 καὶ

1038 2291 1085 2316 τοῦ
1109 2289 1234 2325 σώματος
1261 2292 1410 2326 σωτηρίας,
1437 2292 1485 2317 καὶ
1506 2291 1630 2326 καθαρᾶς
1651 2291 1735 2325 εὺχῆς
1757 2291 1827 2325 πρὸς

1042 2336 1122 2367 Θεὸν,
1141 2337 1157 2370 ή
1172 2337 1320 2371 οεογνωσισ.
1336 2337 1393 2363 ἐστί
1409 2346 1415 2352 ·
1433 2337 1464 2364 σὺ
1492 2336 1520 2363 δὲ
1537 2336 1633 2370 ἄλογον
1657 2336 1717 2362 θεὸν
1743 2335 1829 2369 γινώ-

1040 2390 1120 2414 σκεις
1133 2382 1179 2408 καὶ
1194 2382 1293 2414 ἆζωον,
1326 2382 1372 2408 καὶ
1398 2382 1478 2408 αὐτὸν
1493 2381 1651 2416 λατρεύεις,
1681 2380 1754 2407 καθὰ
1781 2381 1829 2407 καὶ

1039 2427 1172 2462 πρότερον
1185 2426 1274 2459 ἕδειξά
1291 2435 1342 2453 σοι.
1369 2426 1453 2452 Πάλιν
1482 2426 1545 2452 οὔτε
1572 2427 1718 2461 προφήτην
1741 2426 1827 2460 ἔχεις,

1040 2470 1102 2497 οὔτε
1138 2470 1297 2497 ἀπόστολον.
1323 2471 1384 2502 ﬂii);
1409 2469 1474 2504 γοῦν
1506 2470 1598 2501 καλεῖς
1618 2470 1714 2496 ἑαυτὸν
1745 2471 1828 2496 ἔκλε-

1042 2518 1116 2550 κτὺν,
1135 2518 1220 2551 δεῖξόν
1248 2517 1385 2552 μοι.οὗτε
1404 2516 1553 2552 ἱερωσύνην
1580 2516 1736 2550 γινώσκεις,
1763 2516 1828 2543 οὔτε

1039 2563 1119 2598 χάριν
1134 2563 1218 2598 ἔχεις,
1239 2562 1300 2588 οὔτε
1318 2563 1393 2595 ναὸν,
1424 2562 1485 2588 οὔτε
1505 2561 1578 2588 ἴασιν
1599 2561 1690 2596 ψυχῆς
1708 2561 1757 2587 καὶ
1775 2561 1829 2588 σώ-

1042 2618 1135 2644 ματος,
1151 2609 1211 2635 οὔτε
1230 2608 1401 2643 ψαλμῳδῐαν,
1428 2607 1489 2633 οὔτε
1509 2607 1592 2642 εὐχάς
1609 2615 1616 2622 ·
1633 2607 1680 2633 καὶ
1707 2607 1731 2633 εἰ
1756 2607 1828 2641 ψεύ-

1039 2655 1129 2689 δομαι,
1151 2654 1237 2685 δεῖξόν
1256 2662 1311 2688 μοι.
1323 2653 1377 2680 Καὶ
1391 2653 1467 2688 ὅμως
1488 2653 1575 2678 ταῦτα
1588 2652 1743 2686 γινώσκων,
1766 2652 1829 2683 πῶς

1039 2700 1153 2726 δύνασαι
1171 2698 1300 2726 ἀπελθεῖν
1317 2699 1358 2729 εἰς
1377 2698 1426 2732 τὴν
1454 2697 1594 2732 βασιλείαν
1617 2697 1673 2723 τῶν
1698 2697 1829 2732 οὐρανῶν

1039 2745 1087 2772 καὶ
1101 2747 1151 2780 τῆς
1166 2745 1276 2781 χάριτος
1298 2744 1346 2770 τοῦ
1363 2742 1447 2776 Θεοῦ;
1464 2742 1573 2770 Τούτων
1601 2742 1712 2770 πάντων
1729 2742 1830 2778 τιόρρω

1039 2792 1154 2828 τυγχᾶνε
1159 2801 1194 2824 ις.
