1932 3067
142 148 210 181 1105

726 148 964 180 CONFUTATIO
979 150 1159 181 AGARENI.

1686 149 1755 184 1406

173 205 257 239 Καὶή
272 202 397 239 κήρυεις,
415 204 448 239 ἦν
459 211 489 230 σε
505 202 660 239 ἐκήρυξενό
674 204 839 239 Μουχάμετ·
855 204 922 231 Ὅτε

1008 205 1070 232 Haec
1080 209 1122 233 est
1132 212 1197 233 vero
1213 205 1335 233 doctrina
1347 213 1428 240 quant
1441 206 1619 242 promulgavit
1632 206 1754 234 Multam-

141 249 248 284 μέλλεις
259 248 399 282 εὔξασθαι,
421 249 486 276 λαϐὲ
499 249 760 285 μακρογούργουρον
789 250 921 285 κεράμιον

141 295 190 321 σὺν
206 294 293 321 ὕδατι.
305 294 358 319 Kal
369 294 438 328 μετὰ
454 294 504 326 τῆς
517 293 607 325 δεξιᾶς
625 302 671 320 σου
688 295 780 329 χειρὸς
797 294 861 329 βάλε
876 294 921 321 τὸν

139 340 268 367 δάκτυλόν
280 347 327 365 σου
345 340 386 370 είς
401 339 453 373 τὴν
466 339 601 374 καθέδραν
615 347 672 366 σου.
691 349 700 365 ‹
716 340 770 366 Καὶ
784 341 855 374 μετὰ.
866 341 917 375 τῆς

140 386 286 422 ἀριστερᾶς
297 394 343 411 σου
358 385 449 420 χειρὸς
458 384 522 419 βάλε
533 385 563 411 τὸ
579 384 662 420 ὕδωρ,
675 383 735 411 εἶτα
753 385 846 412 πλῦνε.
865 386 920 412 Kal

141 431 211 466 μετὰ
236 431 285 457 τού
298 430 430 456 δακτύλου
454 438 512 462 σου,
527 426 549 463 ᾧ
565 429 687 462 ἐπλυνας
716 430 766 466 τὴν
787 431 921 466 καθέδραν

143 484 204 509 σου,
225 475 309 502 πλῦνε
324 475 383 510 μετ’
397 474 480 501 αὑτοῦ
493 475 523 501 τὸ
541 475 628 509 στόμα
642 483 699 501 σου.
713 473 780 501 Εἶτα
792 475 823 501 τὸ
838 475 922 511 πρόσ-

139 522 214 548 ωπόν
231 530 289 554 σου,
305 522 399 547 ἔκτοτε
415 521 464 552 τὰς
478 520 525 547 δύο
548 522 644 555 χεῖρας
662 520 742 556 μέχρι
759 520 813 547 τῶν
833 520 924 554 thymb—

139 576 204 600 νων,
220 564 279 593 εἶτα
297 566 346 597 τὰς
360 565 456 600 ὀφρῦς,
473 566 561 592 καὶτὰ
573 562 641 597 ὦτα,
654 566 701 592 καὶ
716 566 777 592 τότε
797 566 861 597 τοὺς
875 566 924 592 πό-

139 614 197 644 δας.
213 613 267 639 Kal
290 613 315 638 εἰ
339 611 389 646 μέν
402 613 475 637 ἐστιν
500 612 530 637 ὲν
548 611 669 646 ταξιδίῳ,
681 611 798 645 ὀφείλεις
814 611 924 638 πλύνειν

140 657 193 690 ἔξω
210 656 263 683 τῶν
277 655 458 691 ὑποδημάτων
473 664 531 688 σου,
551 656 595 682 ἶνα
611 656 648 690 μὴ
674 656 784 691 κοπιᾷς,
802 653 861 682 εἶτα
877 659 924 682 εκ-

140 702 249 729 6άλλειν
264 701 343 732 αὐτὰ,
358 701 404 728 καὶ
418 701 499 728 πάλιν
516 702 689 728 ὑποδέεσθαι.
709 702 764 728 Kal
778 702 824 728 ἐὰν
838 702 924 737 φορῇς

140 747 305 774 δακτυλίδιον
316 747 443 782 χρυσοῦν,
458 746 557 773 έκόαλε
567 747 644 778 αὐτὸ,
655 748 703 773 καὶ
724 747 818 774 ἔκτοτε
831 746 923 780 εὔχου.

142 792 173 818 Εἰ
187 792 215 818 δὲ
229 792 277 827 μὴ,
293 791 384 826 εὔχου.
396 791 506 818 Καὶὲὰν
521 792 615 826 φορεῖς
629 791 711 825 γοῦνα
719 792 770 818 ὑπὸ
784 792 921 827 δέρματος

142 838 295 871 κατουδίου,
313 840 350 872 μὴ
365 837 459 872 εὔχου,
474 838 539 874 πρὶν
552 837 671 872 ἐκϐάλῃς
686 838 780 872 αὐτὴν.
799 838 854 864 Kal
872 837 922 864 ἐὰν

972 251 1043 283 med,
1062 258 1167 285 ncmpe,
1181 258 1241 278 cum
1260 251 1384 286 precibus
1412 251 1526 278 orationi
1546 255 1690 280 vacaturus
1710 261 1753 286 es,

972 297 1064 331 accipe
1084 297 1269 331 gurgulioneni
1287 305 1334 324 seu
1350 305 1397 324 vas
1411 297 1502 331 liclile,
1530 298 1676 332 oblongum
1702 298 1753 326 lta-

971 344 1038 368 ltcns
1052 341 1148 368 collqu
1161 341 1186 368 in
1205 349 1258 374 quo
1282 349 1352 375 aqua
1378 342 1558 375 contineatur,
1580 351 1590 367 ι
1615 342 1647 369 Ει
1675 337 1777 370 manu,

974 386 1070 412 dextra
1088 385 1120 413 ad
1139 394 1218 412 anum
1232 391 1258 413 el
1275 386 1395 420 podicetn
1408 387 1515 412 admota
1540 387 1650 414 sinistra
1674 395 1755 421 quatit

973 431 1067 464 iniice,
1081 436 1108 458 et
1123 431 1326 458 fundamentum
1345 431 1414 457 lava.
1430 430 1462 457 Et
1476 431 1560 466 digito
1581 439 1634 466 quo
1663 431 1757 459 funda-

973 481 1092 502 mentum
1120 475 1253 503 lavaveris
1268 480 1296 502 et
1307 476 1476 510 purgaveris,
1490 476 1583 502 eodem
1615 476 1672 510 ipso
1697 476 1756 503 lava

972 529 1004 549 os
1018 526 1103 548 tuum.
1120 521 1215 548 Postea
1232 521 1289 547 lava
1312 521 1418 553 facient,
1439 526 1467 548 et
1481 529 1576 549 manus
1598 522 1692 549 ambas
1722 521 1756 548 ad

973 567 1079 595 cubitus
1094 575 1188 601 usque,
1205 567 1321 602 denique
1345 567 1403 594 lava
1433 567 1577 601 supercilia
1606 572 1633 594 et
1665 575 1755 600 aures,

974 618 1111 646 postremo
1131 612 1212 646 pedes
1225 613 1307 647 ipsos.
1327 613 1354 640 Si
1368 621 1431 640 vero
1457 613 1494 640 sis
1510 613 1537 639 in
1554 613 1688 647 praesidio,
1711 614 1758 640 de-

974 659 1021 684 bes
1048 663 1125 684 extra
1158 658 1264 685 calceos
1282 659 1384 690 lavare,
1397 666 1430 685 nc
1447 658 1498 685 hoc
1530 658 1577 685 tibi
1604 659 1757 686 molestiam

974 706 1058 734 creet,
1079 702 1175 730 deinde
1194 703 1253 731 illos
1266 708 1391 730 excutere
1410 708 1437 730 et
1455 704 1551 731 iterum
1571 704 1694 731 induere.
1723 704 1759 731 Et

974 748 996 774 si
1011 753 1100 782 gestes
1119 748 1246 775 amntium
1261 756 1382 781 aureum,
1397 756 1504 776 remove
1519 749 1591 775 illum
1601 769 1609 782 ,
1623 754 1650 778 et
1674 755 1754 784 post-

974 799 1005 819 ea
1024 800 1088 819 vaca
1103 793 1227 820 orationi.
1255 793 1284 820 Si
1296 801 1359 821 vero
1374 794 1473 821 annulo
1491 802 1598 827 careas,
1614 799 1689 829 potes
1704 799 1760 822 sta-

977 838 1024 864 tim
1039 845 1128 865 orare.
1147 838 1181 865 Et
1200 838 1222 865 si
1246 843 1334 866 tecum
1360 844 1449 874 gestes
1465 845 1566 867 vestem
1580 847 1612 867 ex
1625 840 1692 874 pelle
1702 840 1757 867 cati

143 883 209 920 πίνῃ
223 885 236 910 ὁ
248 883 458 918 Μουσουλμανὸς
478 881 549 909 οῐνον
573 883 638 917 ὅλην
662 882 712 917 τὴν
738 883 857 919 ἡμέραν,
877 882 925 909 καὶ

979 890 1024 910 seu
1042 882 1102 911 felis
1118 888 1271 916 consulant,
1287 891 1320 910 ne
1333 892 1426 918 preces
1441 884 1537 912 fundas
1558 885 1714 920 priusquam
1729 886 1759 912 il-

143 929 207 965 θέλῃ
222 928 363 961 εὖξασοαι,
376 928 522 960 ἁτενιζέτω
537 930 577 960 εἰς
592 929 622 955 τὸ
639 929 747 963 ἱμάτιον
761 928 856 956 αὑτοῦ.
869 929 924 955 Kal

142 973 188 1000 ἐὰν
203 974 315 1006 ἔσταξεν
334 975 375 1005 εἰς
402 974 468 1000 αὐτὸ
480 974 533 1000 ἀπὸ
546 974 593 1000 τοῦ
607 974 690 1004 οῐνου,
707 974 830 1000 πλυνέτω
854 974 924 1008 μετὰ

143 1019 294 1045 σωπουνίου
310 1019 357 1045 καὶ
373 1018 481 1051 ὕδατος,
505 1019 554 1045 καὶ
582 1018 642 1045 τότε
659 1019 790 1053 εὐχέσθω.
810 1028 819 1044 t
840 1019 926 1053 Κάγὼ

142 1065 215 1100 λέγω
231 1074 284 1098 σοι,
304 1065 371 1092 οὐαὶ
393 1065 443 1100 τῆς
462 1064 631 1099 ἀφροσύνης,
654 1065 696 1091 ὅτι
722 1065 736 1091 ὁ
751 1065 829 1097 πίοος
846 1066 926 1100 γέμει

141 1112 224 1144 οῐνου,
240 1111 288 1137 καὶ
307 1110 407 1142 ἔξωθεν
423 1109 563 1136 πλύνεται.

979 927 1029 954 lam
1046 928 1205 955 removeris.
1216 927 1280 955 Etsi
1296 928 1499 956 Musulmaunus
1519 933 1575 956 toto
1592 931 1636 957 die
1656 938 1684 957 se
1697 931 1758 957 vino

975 974 1189 1007 ingurgitaverit,
1201 979 1229 1000 et
1239 974 1352 1001 voluerit
1362 978 1453 1001 tamen
1464 982 1553 1007 orare,
1578 980 1680 1002 attente
1693 983 1759 1003 con-

974 1018 1073 1044 siderct
1099 1023 1200 1045 vestem
1228 1025 1314 1051 suam,
1337 1023 1364 1045 et
1387 1018 1410 1045 si
1432 1019 1504 1045 illaut
1534 1019 1760 1048 animadverterit

974 1063 1030 1090 vini
1046 1063 1127 1098 guttis
1140 1063 1300 1098 quibusdam
1318 1063 1490 1096 maculatam,
1507 1065 1600 1091 statim
1618 1064 1692 1091 illaut
1715 1072 1761 1091 sa-

977 1115 1046 1140 pune
1059 1111 1086 1134 et
1101 1115 1169 1142 aqua
1187 1112 1294 1142 purget,
1310 1112 1336 1135 ct
1351 1114 1444 1142 postea
1460 1108 1598 1136 incumbat
1606 1109 1734 1136 orationi.
1747 1118 1756 1134 ι

142 1157 197 1190 Ego
218 1165 281 1184 vero
302 1164 417 1191 regem:
436 1154 493 1182 Vati
520 1155 683 1190 ineptiarum
707 1158 735 1182 et
756 1153 942 1182 stultitiarum.
962 1152 1030 1180 Nam
1054 1153 1106 1180 hoc
1122 1157 1164 1181 est
1194 1153 1294 1180 dolium
1320 1154 1440 1181 exterius
1474 1161 1593 1189 purgare
1616 1159 1643 1181 et
1671 1153 1762 1181 lavare

141 1202 211 1236 quml
225 1203 297 1228 intus
309 1203 369 1228 vino
379 1203 488 1235 plenum
499 1207 551 1228 est.

177 1247 270 1278 Οὕτως
282 1247 330 1274 καὶ
346 1248 378 1274 σὺ
405 1247 453 1281 τῆς
470 1247 575 1278 κοιλίας
606 1255 654 1273 σου
671 1247 810 1283 γεμούοης
835 1247 925 1278 οἴνου,

144 1293 190 1319 καὶ
208 1293 258 1318 οὐκ
269 1292 412 1327 ἐμιάνοης,
428 1292 476 1318 xal
490 1292 537 1318 τοῦ
554 1293 664 1327 ἱματίου
680 1301 726 1319 σου
744 1293 924 1327 σταλαγμοῖς,

142 1339 284 1373 ὲμιὰνοης.
298 1339 354 1364 Καὶ
378 1335 454 1369 αὖθις
476 1337 589 1364 ἀνάθετε
615 1338 680 1373 εὐχῇ
701 1340 733 1373 τῇ
763 1339 925 1373 μιαινομένῃ

141 1384 196 1410 ἀπὸ
208 1383 309 1418 χρυσοῦ
331 1382 512 1414 δακτυλιδίου,
530 1382 577 1408 καὶ
604 1383 849 1417 δερμακατουδίου,
878 1383 927 1408 καὶ

141 1428 267 1462 ἀνάθεμα
290 1427 450 1462 παραδείσῳ
485 1427 652 1462 μιαινομένῳ
678 1428 731 1453 ἀπὸ
756 1428 848 1463 χοίρου
878 1429 927 1454 καὶ

141 1475 225 1501 οἴνου.
248 1472 330 1504 Τέλος
350 1472 459 1499 πάντων
476 1473 493 1506 ἠ
524 1472 684 1498 διδασκαλία
703 1472 751 1498 τοῦ
777 1473 928 1508 Μουχάμετ

143 1527 190 1544 σου
204 1517 390 1553 παραγγέλλει
406 1525 462 1544 σοι’
477 1527 486 1543 ε
501 1517 532 1544 Εἰ
544 1517 594 1551 μὲν
613 1517 745 1552 ὑπάρχεις
760 1517 843 1551 ἐγγὺς
859 1526 928 1552 μασ-

142 1565 240 1600 γιδίου,
265 1564 355 1590 λαϐὼν
374 1563 532 1598 μανδήλιον,
561 1563 609 1590 καὶ
623 1563 749 1590 ἆπλωσον
769 1563 925 1598 ἔμπροσθέν

144 1618 190 1636 σου
203 1610 343 1644 ἐχόμενος,
361 1609 404 1635 ῐνα
417 1608 454 1643 μὴ
472 1607 572 1643 μιανθῇ
595 1608 625 1634 τὺ
642 1608 787 1643 πρόσωπόν
809 1616 856 1634 σου
875 1609 928 1635 ἀπὸ

143 1655 192 1682 τοῦ
213 1656 293 1690 χροδς
313 1654 360 1681 τοῦ
385 1654 542 1689 μαπγιδίου.
563 1654 595 1679 Εἰ
622 1654 651 1680 δὲ
663 1654 809 1688 τυγχάνεις
829 1653 929 1686 ἑξωῡεν

144 1701 288 1736 μασγιδίου
301 1721 308 1732 ,
324 1700 372 1727 καὶ
385 1700 434 1726 οὐκ
448 1700 520 1735 ἔχεις
538 1699 693 1735 μανδήλιον,
703 1699 803 1726 ἔκϐαλε
813 1699 843 1726 τὺ
859 1700 930 1726 ἄνω-

144 1745 190 1772 οέν
203 1754 250 1771 σου
267 1745 386 1779 ἱμάτιον,
399 1745 446 1771 καὶ
462 1744 588 1770 ἅπλωσον
601 1743 757 1779 ἔμπροσθέν
771 1752 828 1770 σου.
840 1743 928 1778 Εὕχου

143 1791 246 1819 ἄνωθεν
262 1790 356 1821 αὑτοῦ,
369 1790 417 1816 καὶ
429 1790 499 1815 ἔστω
514 1790 531 1824 ἡ
545 1790 611 1824 εὐχή
630 1798 676 1815 σου
694 1789 852 1821 οὕτως’Τίς
863 1789 929 1820 Θεὸς

145 1838 243 1872 μέγας,
262 1837 299 1868 ὡς
310 1837 324 1862 ὁ
338 1836 404 1867 Θεὸς
419 1835 513 1870 ήμῶν;
538 1836 606 1867 καὶ,
622 1836 672 1861 οὐκ
686 1836 760 1862 ἐστιν
773 1836 838 1867 Θεὸς
859 1835 929 1871 πλὴν

144 1883 207 1914 σοῦ,
223 1882 272 1908 καὶ
286 1882 436 1915 Μουχὲμετ
462 1880 612 1911 ἀπόστολος
638 1880 718 1908 Θεοῦ.
740 1882 837 1916 Ἀμήν.
862 1879 930 1908 Εἶτα

144 1927 248 1962 βαίνεις
264 1926 439 1959 γονυκλιοίας
450 1926 523 1959 τρεῖς
538 1924 625 1957 λέγων
637 1924 737 1956 οὕτως·
747 1925 929 1959 Εύχαριστοῦ-

145 1972 196 2007 μέν
216 1980 258 2003 σε,
272 1973 338 2002 Θεὸς
353 1971 400 1996 καὶ
417 1970 505 2005 Κύριε
522 1970 576 1997 τῶν
589 1971 729 2002 ἁπάντων,
747 1970 821 2005 ήτοῦ
838 1971 929 2002 ἐλέους

144 2018 272 2048 ἄῦυσσος,
301 2017 315 2042 ὀ
342 2017 370 2042 ἑν
388 2018 421 2051 τῇ
449 2016 584 2051 μελλούσῃ
611 2016 705 2051 ἡμέρᾳ
728 2016 929 2052 ἀδωροδόκητος

143 2065 252 2099 κριτὴς,
268 2063 316 2089 καὶ
332 2062 469 2097 βαειλείδς,
496 2062 608 2096 χάρισαι
624 2063 689 2096 ἡμῖν
716 2062 793 2093 ὁδοὺς
808 2062 928 2094 εὐθείας,

142 2111 172 2136 ἐν
188 2107 232 2140 αἷς
246 2109 376 2144 ἐδωρήσω
387 2109 444 2139 τοῖς
453 2107 542 2140 ἁγίοις
557 2115 603 2133 σου
622 2107 790 2142 πορευθῆναι
797 2108 847 2142 οὐχ
857 2108 893 2139 ὡς
904 2108 928 2134 οε

141 2156 308 2191 ὠργισμένοι
315 2154 460 2190 ἐπορεύιθη
466 2156 536 2189 jaav,
543 2154 583 2180 ἔτι
592 2153 620 2179 δὲ
630 2153 676 2179 καὶ
683 2155 707 2180 οἱ
716 2154 926 2189 πεπλανημένοι.

149 2202 248 2236 Ἀμήν.
265 2201 320 2226 Kal
334 2199 405 2226 ποίει
422 2200 496 2235 τρεῖς
514 2198 690 2232 γονυκλισίας
705 2198 869 2234 καθήμενος,
880 2200 927 2226 καὶ

142 2246 263 2276 ἀναστὰς
287 2245 360 2279 λέγει
378 2245 425 2276 Τίς
442 2245 508 2276 Θεὸς
532 2245 629 2279 μέγας,
652 2244 690 2275 ὡς
719 2245 733 2269 ὸ
748 2244 814 2275 Θεὸς
827 2244 926 2278 ὴμῶνς
944 2256 965 2283 D

142 2293 218 2326 τρίς·
233 2290 315 2317 πάλιν
338 2290 367 2316 δὲ
396 2291 536 2330 κοιθήσαςἸ
553 2290 601 2315 καὶ
625 2290 776 2324 μεγόιὶ.υνον
792 2290 839 2316 τὸν
860 2290 925 2316 θεὸν

142 2336 204 2372 τρίς
219 2344 225 2350 ·
239 2333 299 2361 εἶτα
316 2334 453 2370 χαιρέτιζε
464 2335 496 2361 ἐκ
510 2334 557 2361 τοῦ
581 2333 668 2365 δεξιοῦ
692 2334 802 2370 μέρους,
829 2334 926 2368 λέγων·

143 2383 250 2418 Εἰρήνη
263 2383 338 2416 ἡμῖν.
357 2381 411 2407 Kal
424 2380 454 2413 ἐξ
468 2381 626 2416 εὐωνύμων
641 2380 722 2406 πάλιν
736 2380 767 2406 τὸ
782 2381 858 2412 αὐτὸ,
876 2381 928 2407 Σὺν

142 2429 273 2462 ἐλεήμονι
287 2425 356 2461 Θεῷ.
373 2425 429 2452 Kal
439 2425 550 2452 ἀπέλυε.
572 2435 582 2451 ι
597 2424 672 2460 Αὕτη
685 2425 794 2456 πάντως
821 2426 838 2460 ὴ
855 2425 923 2462 εὐχή

144 2482 203 2506 σου,
219 2473 267 2499 καὶ
279 2475 295 2507 ὴ
310 2471 470 2498 διδασκαλία
489 2479 548 2504 σου,
565 2472 612 2498 καὶ
637 2472 654 2506 ἡ
681 2472 759 2507 παρὰ
776 2472 928 2507 Μουχάμετ

143 2529 191 2547 σου
208 2519 299 2554 σοφία.
314 2518 397 2545 Πλέον
408 2518 436 2543 δε
451 2517 547 2543 τούτου
558 2517 608 2544 οὐκ
619 2517 692 2552 ἔχεις
705 2519 734 2544 τὸ
744 2517 857 2544 οὶονοῦν.

1017 1245 1062 1273 Sic
1077 1246 1220 1274 abdomine
1245 1251 1291 1274 tuo
1318 1251 1430 1274 onerato
1445 1251 1483 1284 _et
1513 1247 1593 1282 pleno
1619 1247 1682 1274 vino
1708 1254 1762 1275 non

979 1293 1184 1324 contaminaris,
1200 1292 1281 1327 guttis
1298 1301 1362 1320 vero
1375 1293 1474 1326 quibus
1487 1293 1606 1320 inﬁcitur
1619 1293 1763 1321 vestimen-

981 1343 1035 1364 tum
1049 1342 1121 1365 tuum
1135 1345 1164 1365 es
1174 1345 1285 1372 prorsus
1299 1338 1467 1372 inquinatus.
1481 1338 1515 1365 Et
1536 1345 1630 1365 rursus
1649 1338 1762 1365 anathe-

980 1389 1052 1410 tnate
1070 1384 1169 1410 notatis
1182 1389 1206 1411 et
1224 1384 1418 1418 proscquintini
1441 1391 1536 1418 preces
1566 1385 1763 1411 contaminatas

981 1428 1132 1463 gestatione
1145 1428 1246 1460 annuli,
1261 1432 1288 1454 et
1303 1429 1378 1462 pellis
1398 1427 1468 1461 felis,
1485 1433 1513 1455 et
1533 1428 1691 1462 paradisum
1722 1428 1763 1462 ip-

981 1481 1040 1500 sum
1068 1473 1130 1500 vino
1159 1478 1187 1499 et
1217 1481 1300 1501 carne
1329 1473 1407 1500 suilla
1448 1474 1675 1500 contaminatutn.
1709 1473 1762 1500 Do-

982 1518 1068 1544 ctrina
1080 1525 1141 1544 vero
1153 1517 1345 1545 Mubammedis
1356 1519 1411 1545 haec
1420 1522 1546 1552 tanquam
1557 1518 1635 1544 linem
1648 1522 1675 1544 et
1687 1524 1764 1545 sutu-

983 1572 1052 1592 tnatn
1072 1573 1179 1591 suorum
1192 1565 1345 1599 dogmatum
1363 1569 1451 1599 urget,
1469 1569 1497 1590 ut
1513 1564 1656 1590 nimirum:
1669 1572 1678 1588 ι
1694 1563 1763 1591 Cum

980 1612 1091 1638 accedes
1103 1611 1134 1637 ad
1149 1611 1465 1642 mosclueam.sudarium
1488 1618 1535 1637 seu
1548 1610 1658 1637 mantile
1669 1615 1764 1637 exten-

979 1657 1027 1683 das
1046 1664 1137 1683 coram
1153 1661 1189 1690 te,
1211 1664 1244 1684 ne
1259 1664 1273 1683 a
1288 1656 1379 1684 colore
1390 1656 1431 1683 vel
1447 1661 1518 1682 terra
1535 1655 1675 1682 utosclizeze
1702 1655 1764 1682 inli-

979 1701 1068 1728 ciatur
1077 1707 1104 1728 et
1119 1701 1278 1735 inquinetur
1293 1700 1382 1727 vultus
1399 1706 1472 1727 tuus.
1491 1699 1518 1726 Si
1537 1707 1600 1726 vero
1625 1706 1655 1726 es
1684 1705 1762 1727 extra

982 1746 1156 1777 moschmam,
1171 1751 1198 1772 et
1213 1753 1266 1772 non
1278 1745 1360 1772 babes
1371 1745 1518 1776 sudarium.
1531 1752 1599 1771 exue
1612 1750 1639 1771 et
1649 1745 1763 1771 extende

981 1792 1146 1826 superiorem
1160 1796 1260 1818 vestem
1275 1795 1358 1822 tuam,
1372 1795 1400 1817 et
1424 1798 1505 1824 super
1530 1790 1574 1816 illa
1607 1790 1761 1816 oralionem

982 1843 1055 1865 luant
1071 1837 1162 1869 funde.
1175 1842 1202 1863 et
1221 1836 1282 1863 talis
1293 1836 1329 1863 sit
1342 1835 1429 1863 oratio
1449 1840 1491 1862 tua
1510 1843 1518 1862 :
1535 1835 1601 1868 Quis
1617 1834 1689 1862 Deus
1705 1842 1763 1861 Illa‘

979 1892 1047 1919 gnus
1062 1884 1131 1911 sicut
1153 1882 1222 1909 Deus
1237 1886 1343 1913 noster,
1355 1886 1382 1908 et
1396 1889 1448 1907 non
1467 1885 1508 1907 est
1534 1880 1605 1907 Deus
1624 1881 1674 1907 nisi
1691 1879 1762 1907 Deus

980 1935 1084 1961 noster,
1098 1933 1127 1955 et
1141 1928 1308 1955 Mnltamtned
1321 1928 1458 1960 apostolus
1472 1926 1529 1954 Dei.
1545 1926 1642 1953 Amen.
1660 1926 1763 1953 Deinde

980 1982 1077 2009 perges
1090 1978 1115 2000 et
1133 1978 1172 1999 ter
1184 1980 1269 2007 genua
1281 1971 1371 1999 ﬂectes
1380 1973 1482 2003 dicens.
1500 1972 1683 1998 benediciutus
1700 1971 1761 2003 tibi,

979 2027 995 2047 o
1011 2020 1091 2051 Deus.
1116 2018 1160 2052 qui
1179 2025 1209 2044 es
1224 2017 1353 2045 Demiiius
1366 2022 1394 2043 et
1409 2024 1499 2043 rerum
1514 2016 1633 2043 omnium
1649 2015 1760 2048 arbiter,

979 2065 1024 2100 qui
1040 2069 1067 2091 et
1083 2064 1275 2090 misericordia:
1287 2063 1416 2098 abyssus,
1427 2067 1453 2089 et
1470 2062 1515 2096 qui
1544 2062 1640 2088 ultimo
1657 2062 1700 2089 die
1715 2069 1761 2089 se-

980 2109 1143 2143 debisjudex
1155 2108 1234 2135 nullis
1246 2109 1323 2135 donis
1339 2113 1366 2135 et
1380 2108 1536 2134 muneribus
1554 2107 1760 2142 corruptibilis;

978 2163 994 2183 o
1013 2154 1080 2186 ilex,
1096 2155 1212 2181 concede
1227 2153 1303 2180 nobis
1320 2153 1377 2180 vias
1393 2157 1490 2185 rectas,
1508 2160 1574 2187 quas
1603 2152 1761 2179 concessisti

978 2199 1090 2231 sanctis,
1107 2199 1174 2225 utin
1190 2198 1243 2224 illis
1259 2198 1425 2229 iucedautus,
1451 2205 1505 2224 non
1534 2205 1597 2224 vero
1623 2197 1695 2224 sicut
1723 2197 1760 2224 illi

979 2246 1025 2280 qui
1041 2245 1080 2271 ira
1091 2249 1120 2271 et
1138 2251 1230 2271 errore
1250 2251 1265 2270 a
1291 2243 1333 2270 via
1369 2248 1442 2270 recta
1472 2243 1648 2270 deﬂexerunt.
1664 2242 1759 2269 Amen.

979 2292 1012 2318 lit
1025 2290 1107 2317 I‘acies
1124 2295 1179 2317 tres
1198 2288 1398 2324 genuﬂexiones
1411 2288 1517 2321 sedens,
1535 2288 1631 2315 deimle
1649 2295 1761 2322 surgens

978 2337 1021 2363 dic
1037 2341 1087 2362 tcr.
1101 2335 1166 2368 Quis
1181 2335 1251 2362 Deus
1265 2342 1376 2369 magnus
1390 2335 1460 2361 sicut
1473 2335 1541 2361 Deus
1553 2338 1644 2360 noster
1660 2342 1668 2360 :
1683 2333 1761 2360 Post-

981 2391 1012 2410 ca
1046 2382 1143 2409 sedens
1174 2382 1259 2408 Deum
1292 2384 1333 2407 ter
1349 2379 1499 2407 celebrabis
1514 2384 1541 2407 et
1566 2378 1761 2412 magnilicabis.

981 2429 1077 2455 deinde
1093 2427 1223 2454 salutabis
1238 2427 1270 2453 ad
1286 2427 1410 2453 dextrum
1431 2425 1501 2452 latus
1515 2425 1606 2452 dicens
1619 2433 1626 2451 :
1641 2423 1697 2450 Pax
1713 2430 1762 2450 no-

981 2473 1084 2501 biscum
1097 2481 1105 2506 ;
1118 2473 1214 2499 deinde
1228 2472 1261 2499 ad
1277 2472 1415 2499 sinistrum
1430 2471 1522 2498 cadent
1538 2471 1620 2497 verba
1627 2474 1761 2504 repetens,

980 2519 1078 2552 quibus
1095 2518 1178 2545 addes
1197 2526 1204 2544 :
1221 2517 1288 2544 Cum
1303 2516 1359 2543 Deo
1375 2515 1559 2542 misericorde.
1582 2515 1685 2549 Quibus
1701 2522 1762 2549 per-

142 2568 215 2596 actis
236 2565 370 2592 discedas.
385 2573 395 2589 »
412 2563 475 2590 llaec
506 2568 549 2590 est
577 2568 630 2590 tuta
653 2569 695 2590 tua
724 2565 817 2590 orandi
836 2565 915 2595 ratio.
937 2569 990 2592 tota
1007 2569 1052 2593 tua
1070 2564 1222 2599 disciplina,
1249 2568 1304 2591 tota
1323 2571 1404 2598 quant
1419 2570 1434 2589 a
1449 2561 1636 2590 Multammede
1649 2558 1762 2588 hausisti

143 2614 275 2648 sapientia
301 2615 329 2638 et
355 2614 450 2645 przeler
465 2609 528 2636 illud
541 2609 605 2636 nihil
618 2610 765 2644 quidquam
778 2611 849 2637 aliud
863 2610 985 2644 proferre
996 2616 1083 2646 potes.

177 2659 262 2694 Κάγώ
279 2658 307 2684 δέ
319 2665 361 2684 σοι
373 2657 450 2691 φέρω
465 2656 616 2691 μάρτυρας,
643 2657 685 2683 ὅτι
701 2658 755 2692 πρὸ
775 2658 885 2684 πάντων
903 2659 927 2684 οἱ

145 2706 284 2743 Ἀῤῥαὸες
300 2704 334 2731 τὰ
350 2704 461 2739 ῥήματα
478 2703 565 2729 ταῦτα
578 2701 649 2737 εἶχον
663 2703 710 2729 καὶ
726 2703 761 2730 τὰ
776 2704 929 2738 γράμματα

145 2753 194 2780 σὺν
207 2751 246 2786 τῷ
262 2749 401 2784 ἐλεημένῳ
415 2748 461 2773 καὶ
474 2747 604 2779 ὲλεοῦντι,
623 2747 641 2773 ἃ
664 2747 693 2773 δὲ
718 2749 930 2783 Μουσουλμανοὶ

145 2799 193 2826 καὶ
208 2794 398 2831 γραμματικοὶ
412 2792 548 2824 κελεύετε,
563 2793 610 2819 τὸν
636 2793 720 2828 ὕμνον
747 2795 854 2826 τοῦτον,
882 2795 930 2821 καὶ

146 2845 195 2879 τὴν
208 2841 377 2877 ψαλμῳδίαν,
395 2839 518 2881 νκαξᾼςεὸ,
534 2839 582 2871 Τίς
605 2839 671 2872 Θεὸς
697 2840 804 2875 μὲγας;
829 2841 929 2876 μᾶλλον

1015 2659 1071 2694 Ego
1086 2666 1150 2686 vero
1168 2662 1248 2686 testes
1259 2657 1306 2685 tibi
1316 2657 1458 2692 suppedito
1470 2657 1568 2692 quibus
1579 2659 1686 2684 constat
1703 2655 1755 2684 ista

980 2705 1071 2732 omnia
1092 2709 1119 2730 et
1138 2704 1210 2731 dicta
1227 2708 1253 2731 et
1265 2704 1365 2738 scripta
1385 2703 1534 2730 obtinuisse
1563 2703 1635 2736 apud
1656 2702 1762 2730 Arabas

979 2754 1043 2776 ante
1059 2749 1284 2780 Muhammcdem,
1300 2748 1354 2776 imo
1368 2748 1447 2775 verba
1456 2748 1506 2775 ista
1520 2748 1602 2775 :Cum
1612 2747 1668 2774 Deo
1682 2747 1763 2775 mise-

980 2800 1072 2822 ratore
1096 2799 1123 2822 ct
1139 2794 1324 2826 misericorde,
1341 2801 1401 2828 quae
1416 2800 1462 2820 vos
1485 2792 1664 2819 Musulmanni
1692 2792 1762 2820 libro

981 2845 1069 2869 vestro
1081 2840 1183 2876 scripto
1194 2839 1362 2868 adbtcrcutes
1373 2838 1465 2867 soletis
1477 2837 1572 2866 vestris
1584 2838 1746 2867 sectatoribu
1754 2853 1762 2865 ,
