1932 3067
165 165 235 198 1407

726 154 1007 196 ΒΑΗΤΗΟΙιΟΜὲΕῘ
1021 154 1211 196 abessem

1713 165 1785 197 1408

164 224 301 252 inculcare
314 229 342 252 et
356 223 501 258 imperare,
518 229 546 251 et
562 224 644 251 istum
663 223 804 259 hymnum,
832 229 859 251 et
871 223 949 251 istam

1004 223 1030 249 δὲ
1047 224 1094 250 καὶ
1109 224 1302 259 ἀστρονομίαν,
1320 224 1367 251 καὶ
1386 223 1576 260 ψηφηφορίαν,
1601 224 1648 252 καὶ
1662 224 1783 259 στίχους,

163 270 350 305 psalmodiam,
365 274 392 296 et
404 269 456 297 ista
477 270 558 296 verba
574 277 581 295 :
597 269 664 302 Quis
678 274 720 296 est
738 269 809 296 Deus
820 276 949 302 magnus,

163 320 230 346 etc.,
241 315 295 342 imo
310 321 337 341 et
346 315 550 346 astronomiam,
564 317 591 341 et
602 313 717 348 phaseos
725 321 772 340 seu
788 314 949 347 positionum

165 360 235 388 lunae
249 360 376 391 calculos,
388 365 417 387 et
439 359 626 394 epilogismos,
640 363 668 386 et
689 359 756 387 artis
776 359 886 386 medica?
905 367 951 386 sa-

163 406 304 440 pientiam,
315 411 342 432 et
357 412 465 437 versus,
482 409 509 432 et
532 405 644 436 scholia,
662 412 709 432 seu
736 405 949 437 observationes,

165 452 216 478 ista
230 452 320 478 omnia
337 450 514 477 excoluerunt
533 449 636 477 Arabes
657 449 748 477 inultis
779 450 857 476 annis
875 455 951 476 ante-

165 503 246 530 quam
268 494 437 521 Multammed
453 495 581 521 oriretur.
598 493 691 520 Omnis
708 501 772 521 vero
792 502 806 520 a
833 493 952 520 Multam-

165 542 244 568 mede
258 541 412 575 excogitata
426 540 570 574 sapientia,
586 545 612 566 et
623 538 779 574 praedicatio
801 540 827 566 in
839 547 871 566 eo
887 547 950 567 con-

164 587 238 614 sistit
245 592 274 614 ut
282 587 435 621 proferatur
445 596 452 614 :
463 586 632 612 Muhannned
644 590 685 612 est
699 585 836 620 apostolus
844 585 888 612 Dei
900 593 907 618 ;
923 590 950 611 tu

167 640 221 660 non
248 638 324 668 potes
353 640 395 659 me
422 632 556 658 mendacii
590 629 785 665 arguereJloc
815 631 888 658 disce
917 631 951 658 ab

165 680 280 714 ipsumet
294 678 492 705 Muhammede.
510 686 519 703 ι
535 677 563 703 Si
578 678 648 711 quis,
663 676 761 711 inquit,
774 678 824 704 hoc
836 676 915 703 faciat
925 679 951 703 et

164 726 337 756 confiteatur,
355 725 460 751 futurus
473 728 514 751 est
539 723 658 758 paradisi
685 723 824 755 ineola,et
847 723 868 750 si
890 723 951 757 quis

165 778 235 806 aqua
252 779 304 798 non
320 778 349 798 se
361 770 557 805 purificaverit,
581 777 633 795 non
647 769 726 796 debet
741 776 772 796 eo
792 769 951 796 temeritatis

165 817 295 844 devenire
304 821 334 843 ut
349 824 428 843 orare
462 814 749 850 unquam'audeat,'et
770 814 792 841 si
812 815 873 849 quis
887 822 952 841 con-

167 863 324 891 trectaverit
341 868 368 888 et
388 862 504 895 tetigerit
524 868 635 887 uxorem
663 867 752 892 suam,
769 866 820 886 non
847 866 950 888 tantum

1003 269 1050 295 aut
1066 268 1171 303 σχόλια,
1184 269 1231 295 καὶ
1247 269 1434 304 ῑατροσοφιαν,
1453 268 1540 294 ταῦτα
1553 269 1642 295 πάντα
1659 268 1712 303 πρὸ
1734 267 1785 293 τῦῡ

1002 313 1152 349 Μουχάμετ
1163 313 1270 349 φανερὰ
1284 312 1354 350 ἦσαν
1367 315 1422 349 πρὸ
1437 314 1541 349 χρόνων
1555 313 1669 340 πολλῶν.
1683 313 1786 340 Λοιπῦν

1000 359 1079 386 τοῦτο
1090 360 1137 386 τοῦ
1150 360 1301 395 Μουχάμετ
1314 361 1332 395 ἡ
1347 360 1427 394 σοφία
1445 360 1492 386 καὶ
1505 360 1522 394 ἡ
1544 359 1669 394 κήρυξις.
1695 358 1785 385 Τοῦτο

1001 405 1075 432 ἐστιν
1096 406 1126 432 τὸ
1147 407 1247 438 εἰπεῖν,
1261 408 1275 433 ὸ
1290 406 1439 440 Μουχάμετ
1464 405 1611 435 ἀπόστολος
1635 403 1712 430 Θεοῦ.
1745 403 1784 430 Οὐ

1000 450 1114 477 δύνασαι
1150 453 1236 477 ποιεῖν
1271 460 1305 486 με
1335 450 1466 487 ψεύστην.
1499 449 1627 477 Μάνθανε
1656 442 1786 476 ἀπὸντοῦ

1000 497 1150 531 Μουχάμετ
1170 497 1218 523 καὶ
1232 495 1310 523 τοῦτο
1321 505 1327 512 ⁵
1346 506 1356 522 ι
1371 497 1404 523 Εἰ
1421 505 1462 528 τις
1475 496 1561 522 ταῦτα
1574 497 1648 523 ποιεῖ
1659 495 1706 522 καὶ
1720 495 1786 529 ὁμο-

1001 542 1086 575 λογεῖ,
1103 542 1177 568 ἔστιν
1193 541 1241 568 τοῦ
1258 541 1434 577 παραδείσου.
1460 542 1515 567 Καὶ
1529 542 1603 573 ὅστις
1618 542 1648 568 οὺ
1668 532 1786 575 καθαρί-

1001 587 1044 618 ζει
1056 587 1155 613 ἑαυτὸν
1174 586 1244 621 μετὰ
1260 586 1364 618 ὓδατος,
1377 587 1406 612 οὐ
1422 586 1509 621 τολμᾷ
1523 585 1651 621 εὔχεσθαι
1661 578 1785 617 πώποτε,

1004 634 1052 659 καὶ
1069 633 1083 658 ὁ
1107 632 1261 666 συναφθεὶς
1278 633 1311 667 τῇ
1329 632 1439 667 συζύγῳ
1463 631 1558 664 αὑτοῦ,
1574 632 1604 658 οὺ
1630 631 1709 666 μόνον
1734 631 1787 665 τὴν

1001 678 1134 713 καθέδραν
1160 678 1267 708 πλύνει,
1293 677 1350 704 ἀλλ’
1378 678 1431 704 ἀπὸ
1462 676 1589 712 κορυφῆς
1613 676 1665 708 ἕως
1693 675 1784 702 ποδῶν

1001 725 1128 751 πλυνέτω
1141 725 1211 758 μετὰ
1224 721 1318 755 ὓδατος
1328 732 1336 739 ·
1364 724 1411 750 καὶ
1426 723 1485 749 τότε
1500 722 1557 758 ἔχει
1586 722 1709 755 ἐξουσίαν
1734 721 1785 747 τοῦ

1002 769 1129 805 εῠχεσοαι
1152 769 1199 796 καὶ
1225 767 1295 795 εἶναι
1317 768 1364 795 τοῦ
1378 768 1554 803 παραδείσου.
1572 777 1582 794 ι
1599 768 1654 794 Καὶ
1670 767 1751 794 πάλιν
1767 767 1786 801 ἡ

1001 815 1119 851 κήρυξις
1134 813 1182 841 τοῦ
1200 814 1350 849 Μουχάμετ
1363 822 1409 840 σου
1427 813 1514 845 οὕτως
1525 813 1617 839 ἐστιν’
1633 822 1642 838 ι
1666 811 1728 839 Ἐὰν
1746 812 1786 847 μὴ

1003 861 1101 896 εὑρεθῇ
1116 860 1197 895 ὕδωρ,
1211 861 1271 886 ἀντὶ
1285 859 1332 886 τοῦ
1349 859 1443 890 ὓδατος
1461 860 1564 894 ὀφείλει
1581 857 1650 885 εἶναι
1665 858 1739 894 χοῦς.
1759 867 1769 883 ι

166 909 245 937 debet
261 909 473 940 fundamentum,
489 913 516 934 et
533 907 654 940 podicem
682 906 781 938 lavare,
798 907 844 933 sed
869 916 883 933 a
899 909 988 942 capite
1019 908 1052 934 ad
1067 908 1168 934 calcem
1193 907 1272 934 debet
1306 911 1376 933 totus
1405 914 1473 941 aqua
1489 906 1583 938 laVat-i,
1609 910 1637 932 et
1664 911 1726 931 tunc
1739 904 1786 938 jus

167 956 284 989 acquirit
299 962 393 989 preces
403 953 545 993 _l'nndeudi,
560 958 586 979 et
606 952 761 987 paradisum
782 953 958 986 adipiscendi.
974 965 982 979 I
1004 953 1036 980 Et
1057 961 1149 980 rursus
1180 952 1231 980 alia
1254 958 1295 979 est
1314 952 1470 987 przedicatio
1498 951 1693 978 Muhainmedis
1719 958 1781 985 qua:

165 1003 206 1031 sic
224 1010 253 1030 se
273 1001 350 1029 liabet
366 1010 373 1028 :
392 1010 402 1026 ι
418 1000 470 1028 Ubi
497 999 583 1027 deerit
600 1006 676 1032 aqua:
699 999 787 1033 copia,
804 999 863 1026 loco
880 1008 955 1034 aqum
976 1001 1054 1028 debet
1068 1001 1104 1026 uti
1126 1000 1235 1034 pulvere
1249 998 1296 1027 scu
1311 1005 1391 1026 terra.
1407 1008 1417 1024 ι

201 1049 269 1075 Audi
283 1047 381 1082 quippe
393 1046 536 1081 diligenter
553 1052 613 1071 eum
629 1044 673 1078 qtti
687 1049 759 1071 recta
783 1046 952 1073 institutione
969 1063 989 1089 Β

165 1094 251 1122 voluit
261 1098 287 1120 te
299 1094 405 1121 docere.
414 1093 442 1119 Si
455 1093 594 1126 contingat
606 1097 629 1119 te
638 1093 742 1119 horrere
754 1091 780 1118 in
791 1100 885 1126 campo
894 1092 953 1118 Illli-

168 1141 202 1167 lis
222 1139 298 1173 aquis
320 1139 431 1172 irriguo,
453 1139 493 1165 vel
518 1139 544 1164 itt
560 1139 659 1170 monte,
677 1137 786 1165 omnino
802 1145 854 1164 noti
871 1137 953 1164 habes

167 1185 323 1213 facultatem
335 1184 440 1211 orandi.
460 1183 487 1209 Si
499 1191 565 1211 vero
583 1192 655 1211 mors
677 1189 702 1210 te
715 1184 859 1218 derepente
868 1183 954 1210 corri-

167 1231 232 1265 piat,
245 1229 323 1264 plane
334 1228 381 1255 tibi
393 1228 555 1262 pereuudum
568 1234 619 1261 est,
630 1227 680 1254 nisi
697 1228 866 1262 obtemperes
875 1235 952 1254 mau-

167 1276 231 1302 dato
241 1274 376 1309 propheta:
386 1273 434 1305 tui,
445 1281 498 1308 quo
508 1274 630 1301 concedit
640 1278 667 1300 et
675 1273 750 1308 jubet
760 1277 799 1306 ut,
811 1273 953 1300 deficiente

168 1325 248 1353 aqua,
262 1326 313 1352 qua
325 1317 410 1344 lavari
426 1317 523 1352 possis,
547 1317 605 1345 vice
618 1325 693 1352 aqua:
713 1318 799 1352 possis
816 1318 951 1352 pulverem

167 1371 215 1390 seu
234 1367 332 1389 terram
349 1369 490 1396 usurpare,
508 1367 536 1389 et
550 1369 582 1388 co
603 1362 806 1389 fundamentum
824 1359 950 1396 purgare.

167 1409 225 1435 Jam
241 1415 315 1440 vero,
330 1414 345 1434 ο
355 1407 489 1441 Agarene,
503 1407 547 1433 dic
560 1407 636 1439 mihi,
650 1414 709 1433 cum
722 1414 802 1433 manu
816 1407 950 1439 pulverem

168 1452 310 1487 collegisti,
323 1456 350 1478 et
361 1459 440 1477 manu
455 1451 576 1486 podicetn
591 1451 690 1477 trivisti
704 1449 888 1485 etldcfricasti.
901 1458 951 1477 an-

169 1505 223 1525 non
235 1503 329 1523 manus
343 1496 368 1522 in
384 1496 430 1522 illo
442 1495 518 1529 quasi
531 1495 670 1521 volutatur
679 1500 707 1521 et
733 1494 901 1528 inquinatur,
924 1498 951 1521 et

170 1548 262 1570 tamen
277 1549 292 1569 a
306 1546 351 1568 tuo
366 1540 554 1568 Mnhammede
575 1541 707 1567 sancitum
726 1545 777 1572 est,
797 1545 824 1567 ut
839 1545 951 1575 purgato

170 1595 216 1617 tuo
236 1589 341 1623 podice,
355 1596 387 1615 os
406 1593 493 1620 tuum,
508 1593 534 1615 et
547 1588 637 1615 vultus
668 1593 732 1615 tuus
752 1588 843 1615 statim
868 1588 951 1615 ctiam

169 1634 355 1670 purificentur.
369 1633 441 1660 Adeo
455 1638 494 1667 ut,
512 1634 576 1660 trito
591 1638 617 1660 et
632 1638 746 1669 purgato
762 1634 855 1668 podice
886 1638 945 1668 tuo,

168 1687 230 1708 cum
246 1686 325 1706 manu
337 1683 380 1705 tua
395 1679 495 1706 debeas
509 1679 599 1706 statim
617 1679 690 1706 illam
706 1681 851 1707 admovere
871 1680 904 1708 ad
917 1688 949 1707 os

1040 1047 1174 1074 Ἄκουσον
1190 1046 1244 1081 γὰρ
1261 1046 1383 1081 ἀκριϐῶς
1406 1046 1483 1080 παρά
1504 1045 1550 1072 τοῦ
1563 1044 1651 1080 ὀρθῶς
1666 1044 1788 1076 διδάξον-

1003 1093 1048 1124 τός
1062 1101 1092 1118 σε
1109 1101 1115 1107 ·
1136 1092 1223 1127 Εἴπερ
1252 1091 1410 1126 παρα-τύχῃς
1429 1091 1468 1122 εἰς
1494 1091 1603 1126 κάμπον
1629 1090 1752 1125 ἄνυδρον,
1768 1090 1788 1125 ἢ

1004 1138 1108 1174 βουνὸν,
1137 1138 1232 1165 λοιπὸν
1260 1137 1311 1164 οὐκ
1336 1137 1408 1172 έχεις
1424 1137 1549 1171 ἐξουσίαν
1575 1135 1622 1162 τοῦ
1643 1136 1786 1170 εὔχεσθαι.

1009 1183 1080 1209 Ἀλλ’
1095 1182 1143 1208 ἐὰν
1160 1182 1291 1216 ἐξαίφνης
1306 1181 1376 1217 λάϐῃ
1394 1190 1423 1207 σε
1441 1181 1565 1213 θάνατος,
1581 1181 1688 1212 πάντως
1698 1180 1786 1207 ἀπόλ-

1002 1227 1083 1254 λυσαι
1098 1236 1105 1243 ·
1120 1227 1167 1253 καὶ
1183 1227 1231 1253 ἐὰν
1245 1226 1361 1261 ποιήσῃς
1378 1225 1449 1252 κατὰ
1460 1225 1509 1260 τὴν
1521 1225 1631 1260 ἐντολὴν
1647 1224 1694 1251 τοῦ
1717 1233 1787 1259 προ-

984 1294 989 1298 .
1003 1274 1089 1308 φήτου
1108 1281 1166 1303 σου.
1178 1272 1218 1298 ὅτι
1236 1272 1300 1298 ὅταν
1321 1271 1358 1305 μὴ
1373 1270 1498 1306 ξυρήσεις
1513 1269 1596 1304 ὕδωρ,
1615 1269 1658 1295 ἵνα
1672 1269 1786 1304 λουθῇς,

1003 1318 1067 1354 χοῦν
1083 1319 1144 1344 ἀντὶ
1169 1317 1216 1343 τοῦ
1239 1316 1334 1348 ὓδατος
1349 1316 1441 1342 λαϐὼν
1463 1315 1611 1350 καθάρισον
1637 1315 1785 1350 καθέδραν.

1004 1365 1085 1399 Ἀρτι
1097 1363 1157 1389 εἰπέ
1175 1371 1231 1397 μοι,
1247 1359 1269 1388 ὦ
1290 1361 1435 1396 ’Λγαρηνὲ,
1448 1361 1511 1388 ὅταν
1525 1361 1636 1396 κρατεῖς
1649 1361 1695 1387 τὸν
1717 1360 1783 1395 χοῦν

1004 1409 1073 1444 μετὰ
1087 1408 1137 1443 τῆς
1151 1408 1241 1442 χειρός
1262 1416 1320 1438 σου,
1340 1408 1386 1433 καὶ
1397 1406 1494 1441 τρέψῃς
1519 1406 1569 1441 τὴν
1584 1405 1716 1439 καθέδραν
1734 1413 1785 1431 σου

1004 1454 1073 1489 μετὰ
1086 1454 1136 1488 τῆς
1155 1453 1246 1488 χειρός
1258 1461 1316 1484 σου,
1333 1453 1508 1487 συγκυλίεται
1522 1454 1554 1487 τῇ
1567 1452 1638 1487 χειρί
1652 1461 1709 1485 σου,
1733 1453 1784 1478 καὶ

1001 1500 1151 1534 Μουχάμετ
1167 1499 1236 1526 οὕτω
1262 1507 1302 1525 σοι
1323 1498 1521 1534 παραγγέλλει,
1539 1499 1580 1525 ὅτι
1608 1499 1672 1525 ὃταν
1697 1499 1787 1524 καθα-

1003 1544 1081 1580 ρίζῃς
1096 1545 1147 1580 τὴν
1158 1544 1292 1579 καθέδραν
1305 1553 1352 1570 σου
1369 1543 1501 1579 καθάριζε
1512 1544 1559 1570 καὶ
1575 1544 1605 1570 τὸ
1621 1546 1708 1578 στέμα
1725 1552 1785 1576 σου,

1002 1590 1049 1616 καὶ
1058 1590 1089 1615 τὸ
1106 1589 1250 1624 πρόσωπόν
1266 1598 1324 1616 σου.
1335 1589 1440 1624 Τρίψας
1453 1587 1499 1615 οὖν
1512 1588 1560 1623 τὴν
1582 1589 1716 1624 καθέδραν
1738 1598 1786 1615 σου

1004 1633 1074 1670 μετὰ
1088 1636 1137 1670 τῆς
1155 1634 1246 1669 χειρός
1262 1642 1320 1665 σου,
1334 1633 1432 1660 ἔπειτα
1455 1633 1501 1665 θὲς
1518 1634 1559 1664 εις
1575 1633 1606 1659 τὸ
1623 1633 1710 1668 στόμα
1726 1642 1786 1665 σευ,

1004 1679 1057 1705 καὶ
1068 1679 1106 1710 εἰς
1121 1678 1152 1704 τὺ
1165 1678 1311 1713 πρόσωπόν
1327 1686 1373 1704 σου
1386 1686 1392 1692 ·
1409 1678 1455 1704 καὶ
1472 1677 1579 1712 μέλλεις
1594 1677 1706 1711 ποιῆσαι
1721 1677 1788 1703 ταῦ-

169 1729 245 1752 tuum
262 1729 290 1752 et
309 1724 405 1751 faciem
422 1729 494 1750 tuam
508 1744 515 1756 ,
530 1730 556 1751 et
581 1725 683 1752 iicibus
704 1726 846 1760 quinquies
874 1733 951 1760 repe—

1004 1733 1035 1751 τα
1050 1723 1180 1755 πεντάκις
1194 1725 1228 1758 τῇ
1244 1723 1346 1758 ἡμέρᾳ.
1365 1723 1419 1749 Καὶ
1429 1724 1453 1748 ει
1466 1722 1549 1758 τύχῃς
1561 1723 1601 1754 εἰς
1612 1723 1726 1758 ἄνυδρον
1740 1723 1788 1749 τό-

171 1770 228 1797 titis
246 1770 296 1796 hoc
305 1769 418 1803 singulis
440 1769 535 1796 diebus
561 1769 641 1796 debet
655 1770 758 1804 peragi.
779 1770 807 1797 Si
831 1778 894 1805 ergo
912 1771 952 1797 lo-

169 1823 231 1843 cqu
244 1815 360 1849 aliquem
377 1815 423 1841 ub’r
438 1822 492 1840 non
512 1814 547 1841 sit
570 1821 639 1849 aqua
656 1815 702 1841 tibi
726 1815 866 1849 contingat
891 1823 953 1850 pcr-

169 1868 278 1895 agrare,
289 1865 317 1887 et
331 1861 451 1894 quinque
463 1859 568 1886 vicibus
584 1864 655 1886 terra
673 1864 774 1887 tantum
789 1861 951 1894 purificeris,

169 1913 238 1941 quos
258 1905 357 1933 fetores
384 1905 493 1932 debebis
522 1905 633 1932 naribus
665 1905 817 1938 admittere,
842 1905 897 1932 imo
918 1906 951 1932 ad

170 1950 318 1977 medullam
343 1948 498 1983 usqueiEt
523 1949 602 1976 talem
628 1950 817 1977 suavissimum
837 1951 951 1977 'odorem

169 1995 277 2022 exhalat
289 1994 432 2029 paradisus
447 1993 510 2027 iste,
521 1999 575 2021 tam
589 1994 684 2022 calidis
699 1995 768 2022 votis
779 2002 793 2022 a
812 2000 838 2022 te
856 2002 953 2030 exspe-

168 2045 258 2069 ctatus
264 2045 291 2068 et
303 2040 394 2067 deside
401 2045 486 2067 ratus.
499 2040 552 2067 Sed
567 2040 664 2068 iterum
676 2041 719 2067 dic
730 2041 807 2073 mihi,
816 2042 838 2068 si
850 2041 952 2068 luereas

167 2087 196 2115 in
214 2088 354 2114 cacumine
371 2087 471 2113 montis
485 2086 601 2121 alicajus
621 2087 764 2114 ceisissimi
788 2087 834 2114 ubi
848 2095 900 2115 non
916 2088 952 2115 sit

167 2141 236 2168 aqua
247 2138 274 2160 et
287 2133 436 2166 terra,ctte
450 2139 521 2159 mors
535 2133 622 2159 subita
639 2138 666 2160 et
679 2134 817 2167 repentina
830 2134 950 2166 invadat,

167 2179 290 2210 omnino,
304 2186 320 2205 o
343 2178 432 2210 atltee,
446 2178 611 2212 pereundum
627 2177 678 2205 erit
693 2178 751 2209 tibi,
765 2187 825 2205 cuni
844 2179 870 2206 in
898 2179 951 2206 isto

167 2226 238 2248 statu
253 2226 305 2248 non
317 2221 364 2247 tibi
382 2221 547 2247 concedatur
558 2220 671 2248 facultas
697 2222 803 2252 orandi,
816 2227 843 2250 et
869 2223 951 2258 probe

167 2267 229 2294 novi
241 2266 312 2300 quod
325 2267 371 2301 qui
384 2270 439 2292 ‘non
453 2271 524 2298 orat,
537 2273 589 2293 non
615 2267 712 2294 habeat
725 2267 808 2294 Deum
820 2271 949 2302 tanquam

167 2312 319 2346 portionem
342 2318 428 2338 suam.
453 2311 506 2338 Sed
548 2319 581 2338 ex
610 2312 773 2346 supradictis
792 2318 820 2339 et
843 2314 950 2347 scriptis

166 2357 273 2383 abunde
300 2356 349 2383 tibi
378 2356 547 2383 manilestavi
574 2361 599 2383 te
618 2364 713 2384 revera
741 2364 801 2385 esse
827 2359 947 2386 atheum.

1003 1778 1065 1803 πον,
1082 1769 1129 1796 καὶ
1141 1769 1190 1800 τὰς
1212 1768 1294 1795 πέντε
1315 1768 1401 1804 φορὰς
1430 1768 1498 1804 μετὰ
1517 1769 1564 1795 τοῦ
1589 1768 1650 1803 χοὸς
1667 1768 1788 1802 ὀφείλεις

1006 1814 1218 1850 καθαρισθῆναι,
1233 1815 1326 1840 πότων
1340 1814 1465 1849 ὼρωμῶν
1479 1814 1588 1849 μέλλεις
1600 1815 1788 1849 όσφρανθῆναι

1004 1862 1034 1888 ὲν
1049 1863 1104 1891 τοῖς
1133 1862 1188 1897 ρισί
1205 1869 1252 1886 σου
1270 1861 1350 1895 μέχρι
1367 1860 1395 1886 δὲ
1413 1861 1460 1887 καὶ
1485 1860 1567 1887 αὐτοῦ
1596 1860 1641 1886 τοῦ
1658 1860 1760 1895 μυελοῦ
1778 1868 1786 1874 ·

1003 1907 1052 1934 καὶ
1073 1907 1145 1934 κατά
1163 1907 1212 1943 τὴν
1232 1907 1345 1933 εὐωδίαν
1364 1906 1466 1941 ταύτην
1485 1906 1561 1934 ἔσται
1579 1907 1688 1938 πάντως
1706 1907 1754 1933 καὶ
1774 1908 1789 1933 ὁ

1002 1952 1230 1988 προσδοκώμενός
1263 1960 1305 1978 σοι
1327 1952 1504 1987 παράδεισος.
1535 1952 1590 1978 Καὶ
1613 1953 1660 1978 ὲαν
1688 1952 1788 1987 λάχῃς,

1001 1998 1063 2024 εἰπέ
1081 2007 1138 2033 μοι,
1159 1999 1198 2030 εἰς
1219 1998 1281 2033 ὅρος
1305 1997 1418 2033 ὑψηλὸν,
1435 1999 1463 2024 ὲν
1488 1995 1510 2032 ᾧ
1524 1997 1585 2023 οὔτε
1602 1997 1674 2032 ὕδωρ
1700 1999 1786 2031 ἐστὶν,

1001 2044 1065 2071 οὗτε
1080 2042 1155 2078 χοῦς,
1183 2043 1213 2069 τί
1235 2043 1344 2078 μέλλεις
1369 2043 1496 2078 amt-itaut;
1524 2043 1656 2077 Ὀφείλεις
1677 2044 1787 2074 πάντως

1002 2088 1154 2115 ἀποθανεῖν
1176 2088 1310 2122 αἰφνιδίου
1331 2087 1460 2121 θανάτου,
1485 2087 1594 2120 πάντως
1619 2088 1786 2123 ἀπολέσθης,

1001 2135 1075 2168 ἄθεε,
1092 2136 1155 2162 ἄνευ
1181 2135 1263 2169 εὐχῆς
1276 2142 1284 2149 ·
1298 2133 1346 2161 οἷδ’
1359 2135 1400 2161 ὅτι
1411 2136 1425 2161 ὁ
1440 2135 1478 2171 μὴ
1505 2135 1650 2170 εὐχόμενος
1663 2135 1728 2162 Θεὸν
1735 2137 1788 2162 οὐκ

1002 2180 1059 2216 ἔχει
1079 2180 1174 2216 μέρος,
1202 2180 1249 2206 καὶ
1268 2180 1423 2215 ἔμπροσθεν
1454 2181 1646 2216 γεγραμμένον
1662 2181 1786 2216 ἐδήλωσά

1002 2235 1054 2258 σοι,
1070 2226 1109 2253 ὅτι
1124 2226 1202 2257 ἄθεος
1217 2223 1252 2253 εἴ.
1265 2226 1331 2252 Θεὸν
1352 2226 1447 2260 ἄλογον
1465 2226 1527 2261 δίχα
1552 2226 1633 2260 λόγου
1645 2226 1693 2254 καὶ
1706 2228 1785 2253 mati-

1003 2280 1089 2306 ματος
1102 2271 1259 2307 λατρεύεις.
1281 2271 1364 2307 Ὁρᾷς
1373 2273 1423 2305 τὴν
1440 2272 1538 2306 σοφίαν
1547 2272 1631 2308 αὐτὴν
1645 2272 1783 2306 ἀνωφελῆ,

1002 2317 1052 2352 τὴν
1066 2317 1176 2352 διδαχὴν
1191 2318 1237 2343 καὶ
1256 2317 1304 2352 τὴν
1318 2317 1434 2352 κήρυξιν
1449 2317 1496 2343 τοῦ
1517 2318 1698 2352 Μουχάμετός
1715 2327 1762 2344 σου
1774 2339 1782 2350 ,

1003 2363 1062 2394 πῶς
1090 2363 1279 2397 σκοτεινοτέρα
1293 2363 1340 2389 καὶ
1359 2363 1441 2398 χάους
1456 2371 1463 2396 ;
1477 2363 1558 2389 Ὅθεν
1578 2364 1609 2389 οὐ
1635 2363 1785 2397 γινώσκετε

167 2403 251 2429 Deum
284 2402 383 2436 quippe
413 2402 616 2435 irrationalem,‘
648 2403 760 2431 rationis
787 2409 813 2431 et
840 2405 949 2439 spiritus

1004 2408 1028 2434 τί
1046 2410 1121 2435 ἐστιν
1147 2409 1283 2444 ἁγιασμὸς
1301 2408 1390 2444 ψυχῆς
1408 2409 1456 2436 καὶ
1475 2409 1612 2445 σώματος,
1634 2401 1696 2437 οὐαὶ
1721 2410 1786 2445 ὑμῖν

167 2453 306 2482 expertem
322 2448 472 2474 veneraris.
493 2447 571 2474 Unde
584 2452 661 2482 potes
677 2449 892 2477 animadvertere
906 2458 947 2478 sa-

1002 2454 1250 2490 βεϐορὸορωμένοι.

167 2496 308 2531 pientiam,
322 2495 491 2527 doctrinam,
505 2495 725 2529 praedicationem
742 2497 938 2527 Muhamntedis
957 2509 1068 2535 prorsus
1090 2510 1151 2530 esse
1182 2503 1317 2535 inutilem,
1347 2511 1427 2538 quam
1442 2504 1558 2531 obscura
1570 2505 1608 2531 sit
1620 2509 1648 2531 et
1667 2504 1787 2532 tenebris

167 2541 296 2573 involuta,
317 2541 582 2575 quam'confusa‘et
612 2549 716 2569 merum
739 2543 839 2572 Chaos.
870 2545 945 2573 ljndc
965 2548 993 2575 fit
1015 2553 1044 2575 ut
1075 2549 1204 2583 ignoretis
1220 2549 1308 2582 qualis
1323 2550 1360 2577 sit
1393 2557 1455 2577 vera
1478 2551 1658 2578 sanctificatio
1689 2554 1789 2579 anima:

167 2593 194 2614 et
212 2589 342 2622 corporis.
359 2587 403 2615 Vae
420 2590 533 2621 vobis,‘o
548 2591 703 2619 herboritae.

201 2634 313 2661 Ostendi
329 2634 377 2661 tibi
391 2635 479 2669 qualis
491 2636 526 2663 sit
540 2637 629 2663 oratio
648 2643 704 2670 tua,
721 2643 749 2665 et
770 2647 802 2666 ex
827 2641 952 2668 doctrina

167 2683 213 2705 tua
229 2680 279 2706 hoc
301 2681 361 2714 ipse
377 2685 455 2714 potes
481 2681 619 2715 colligere,
641 2687 668 2709 et
692 2683 865 2711 manifestavi
894 2694 952 2713 om-

166 2732 227 2750 nem
256 2729 330 2751 tuam
339 2725 540 2758 perditionem.
553 2725 587 2752 Et
599 2734 691 2755 rursus
702 2729 749 2755 tibi
757 2730 879 2757 eamdem
889 2738 950 2765 per-

166 2770 294 2797 ditionem
315 2770 363 2798 tibi
378 2771 570 2805 manifcstabo,
584 2778 611 2799 et
628 2773 744 2806 ruinam,
761 2782 786 2801 et
810 2776 948 2803 interitum

166 2814 265 2840 anima:
283 2819 334 2842 tuae
361 2820 390 2842 et
404 2817 538 2851 'corporis
565 2817 614 2849 tui,
627 2823 654 2844 et
677 2820 811 2852 quomodo
839 2829 890 2847 non
909 2821 949 2848 vis

167 2858 264 2885 salvari
280 2866 294 2885 a
309 2861 427 2893 peccatis
454 2868 481 2889 et
498 2863 658 2890 criminibus
687 2871 746 2898 qua:
777 2868 947 2900 pci'petrasti.

1042 2642 1153 2676 Ἔδειξὰ
1169 2651 1209 2669 σοι
1225 2643 1337 2675 πάντως
1353 2643 1379 2669 τί
1393 2644 1469 2670 ἐστιν
1484 2643 1550 2679 εὐχή
1565 2652 1624 2677 σου,
1640 2646 1689 2672 καὶ
1713 2643 1788 2677 οἶδας

1007 2687 1156 2723 δυνάμενος
1171 2689 1209 2723 τῷ
1224 2689 1342 2724 δόγματί
1359 2698 1416 2721 σου,
1442 2689 1489 2716 καὶ
1511 2691 1671 2726 ἐφανέρωσα
1695 2693 1789 2718 πᾶσαν

1004 2742 1051 2759 συυ
1068 2734 1117 2768 τὴν
1129 2733 1279 2761 ἀπώλειαν.
1307 2734 1361 2761 Καὶ
1378 2735 1459 2762 πάλιν
1484 2744 1525 2762 σοι
1554 2736 1639 2767 δεῖξαι
1667 2737 1722 2772 ἔχω
1738 2739 1789 2773 τὴν

1002 2779 1142 2806 ἀπώλειαν
1160 2787 1166 2794 ·
1186 2780 1234 2806 καὶ
1247 2779 1339 2812 πάλιν,
1355 2780 1439 2814 δεῖξαί
1458 2789 1498 2808 σοι
1523 2781 1577 2816 ἔχω
1604 2782 1651 2808 τὸν
1675 2783 1790 2820 ὄλεθρον

1002 2825 1050 2859 τῆς
1063 2825 1152 2860 ψυχῆς
1169 2834 1217 2852 σου
1229 2826 1278 2852 καὶ
1296 2826 1343 2853 τοῦ
1359 2827 1497 2862 σώματος,
1510 2827 1568 2859 πῶς
1583 2828 1614 2854 οὐ
1627 2828 1717 2861 Θέλεις
1732 2839 1788 2858 σω·

1004 2870 1083 2904 θῆναι
1097 2871 1150 2897 ἀπὸ
1166 2872 1219 2898 τῶν
1233 2873 1378 2907 ἁμαρτιῶν
1393 2881 1454 2905 σου,
1474 2870 1511 2900 ὧν
1528 2873 1660 2908 ἔπραξας.
1677 2875 1789 2907 Πάντως
