  <div class='ocr_page' id='page_1' title='image "/cluster/home/n/w/nwhite01/storage/ocr_20150623/104/njp.32101077772885/713.png"; bbox 0 0 1932 3067; ppageno 0'>
   <div class='ocr_carea' id='block_1_1' title="bbox 157 174 1779 212">
    <p class='ocr_par' dir='ltr' id='par_1_1' title="bbox 157 174 1779 212">
     <span class='ocr_line' id='line_1_1' title="bbox 157 174 1779 212; baseline 0.005 -9"><span class='ocrx_word' id='word_1_1' title='bbox 157 179 224 212; x_wconf 64' lang='lat'><strong>15,11</strong></span> <span class='ocrx_word' id='word_1_2' title='bbox 720 175 1002 206; x_wconf 68' lang='lat' dir='ltr'><strong>BARTHOLOMAZI</strong></span> <span class='ocrx_word' id='word_1_3' title='bbox 1020 174 1208 209; x_wconf 84' lang='lat' dir='ltr'><strong>EDESSENI</strong></span> <span class='ocrx_word' id='word_1_4' title='bbox 1709 179 1753 211; x_wconf 75' lang='grc'><strong>141</strong></span> <span class='ocrx_word' id='word_1_5' title='bbox 1761 180 1779 212; x_wconf 77' lang='lat'><strong>2</strong></span> 
     </span>
    </p>
   </div>
   <div class='ocr_carea' id='block_1_2' title="bbox 157 227 920 264">
    <p class='ocr_par' dir='ltr' id='par_1_2' title="bbox 157 228 920 263">
     <span class='ocr_line' id='line_1_2' title="bbox 157 228 920 263; baseline -0.01 -1"><span class='ocrx_word' id='word_1_6' title='bbox 157 236 231 263; x_wconf 84' lang='lat' dir='ltr'><strong>lilem</strong></span> <span class='ocrx_word' id='word_1_7' title='bbox 247 237 275 261; x_wconf 85' lang='lat' dir='ltr'><strong>et</strong></span> <span class='ocrx_word' id='word_1_8' title='bbox 293 231 458 260; x_wconf 80' lang='lat' dir='ltr'><strong>iuvisibilem</strong></span> <span class='ocrx_word' id='word_1_9' title='bbox 482 229 563 257; x_wconf 78' lang='lat' dir='ltr'><strong>aliter</strong></span> <span class='ocrx_word' id='word_1_10' title='bbox 574 228 722 263; x_wconf 80' lang='lat' dir='ltr'><strong>concipere</strong></span> <span class='ocrx_word' id='word_1_11' title='bbox 736 235 816 263; x_wconf 84' lang='lat' dir='ltr'><strong>quam</strong></span> <span class='ocrx_word' id='word_1_12' title='bbox 837 228 920 255; x_wconf 79' lang='lat' dir='ltr'><strong>unilal</strong></span> 
     </span>
    </p>
   </div>
   <div class='ocr_carea' id='block_1_3' title="bbox 1012 227 1775 264">
    <p class='ocr_par' dir='ltr' id='par_1_3' title="bbox 1012 227 1775 264">
     <span class='ocr_line' id='line_1_3' title="bbox 1012 227 1775 264; baseline 0.004 -9"><span class='ocrx_word' id='word_1_13' title='bbox 1012 228 1040 255; x_wconf 79' lang='grc' dir='ltr'>ὺν</span> <span class='ocrx_word' id='word_1_14' title='bbox 1057 229 1097 263; x_wconf 82' lang='grc' dir='ltr'>τῷ</span> <span class='ocrx_word' id='word_1_15' title='bbox 1116 229 1199 264; x_wconf 79' lang='grc' dir='ltr'>πάχει</span> <span class='ocrx_word' id='word_1_16' title='bbox 1210 227 1399 262; x_wconf 54' lang='grc' dir='ltr'>τοῦσώματος</span> <span class='ocrx_word' id='word_1_17' title='bbox 1411 229 1459 255; x_wconf 71' lang='grc' dir='ltr'>τοῦ</span> <span class='ocrx_word' id='word_1_18' title='bbox 1471 228 1622 263; x_wconf 82' lang='grc' dir='ltr'>Κουρανίου</span> <span class='ocrx_word' id='word_1_19' title='bbox 1637 237 1685 256; x_wconf 88' lang='grc' dir='ltr'><strong>σου</strong></span> <span class='ocrx_word' id='word_1_20' title='bbox 1696 238 1702 244; x_wconf 93' lang='grc'><strong>·</strong></span> <span class='ocrx_word' id='word_1_21' title='bbox 1727 231 1775 258; x_wconf 84' lang='grc' dir='ltr'><strong>οὖ-</strong></span> 
     </span>
    </p>
   </div>
   <div class='ocr_carea' id='block_1_4' title="bbox 157 271 920 310">
    <p class='ocr_par' dir='ltr' id='par_1_4' title="bbox 157 271 920 309">
     <span class='ocr_line' id='line_1_4' title="bbox 157 271 920 309; baseline -0.012 -2"><span class='ocrx_word' id='word_1_22' title='bbox 157 277 286 307; x_wconf 83' lang='lat' dir='ltr'><strong>densitati</strong></span> <span class='ocrx_word' id='word_1_23' title='bbox 299 283 326 304; x_wconf 89' lang='lat' dir='ltr'><strong>et</strong></span> <span class='ocrx_word' id='word_1_24' title='bbox 349 274 482 304; x_wconf 80' lang='lat' dir='ltr'><strong>crassitiei</strong></span> <span class='ocrx_word' id='word_1_25' title='bbox 506 273 630 309; x_wconf 89' lang='lat' dir='ltr'><strong>corporis</strong></span> <span class='ocrx_word' id='word_1_26' title='bbox 645 271 746 300; x_wconf 86' lang='lat' dir='ltr'><strong>Corani</strong></span> <span class='ocrx_word' id='word_1_27' title='bbox 763 272 815 304; x_wconf 87' lang='lat' dir='ltr'><strong>tui;</strong></span> <span class='ocrx_word' id='word_1_28' title='bbox 829 272 869 299; x_wconf 91' lang='lat' dir='ltr'><strong>sic</strong></span> <span class='ocrx_word' id='word_1_29' title='bbox 889 279 920 307; x_wconf 74' lang='lat' dir='ltr'><strong>eg</strong></span> 
     </span>
    </p>
   </div>
   <div class='ocr_carea' id='block_1_5' title="bbox 1007 271 1770 310">
    <p class='ocr_par' dir='ltr' id='par_1_5' title="bbox 1007 273 1770 310">
     <span class='ocr_line' id='line_1_5' title="bbox 1007 273 1770 310; baseline 0.004 -10"><span class='ocrx_word' id='word_1_30' title='bbox 1007 282 1042 305; x_wconf 83' lang='grc' dir='ltr'>ως</span> <span class='ocrx_word' id='word_1_31' title='bbox 1053 273 1131 308; x_wconf 80' lang='grc' dir='ltr'><strong>κάγὼ</strong></span> <span class='ocrx_word' id='word_1_32' title='bbox 1153 275 1167 300; x_wconf 86' lang='lat'><strong>6</strong></span> <span class='ocrx_word' id='word_1_33' title='bbox 1182 274 1345 308; x_wconf 79' lang='grc' dir='ltr'>Χριστιανὸς</span> <span class='ocrx_word' id='word_1_34' title='bbox 1361 275 1411 301; x_wconf 82' lang='grc' dir='ltr'><strong>οὐκ</strong></span> <span class='ocrx_word' id='word_1_35' title='bbox 1433 274 1570 309; x_wconf 65' lang='grc' dir='ltr'>ἠδυνήθην</span> <span class='ocrx_word' id='word_1_36' title='bbox 1600 275 1695 310; x_wconf 77' lang='grc' dir='ltr'><strong>μαθεῖν</strong></span> <span class='ocrx_word' id='word_1_37' title='bbox 1720 277 1770 303; x_wconf 75' lang='grc' dir='ltr'><strong>καὶ</strong></span> 
     </span>
    </p>
   </div>
   <div class='ocr_carea' id='block_1_6' title="bbox 157 317 920 356">
    <p class='ocr_par' dir='ltr' id='par_1_6' title="bbox 157 317 920 356">
     <span class='ocr_line' id='line_1_6' title="bbox 157 317 920 356; baseline -0.012 -4"><span class='ocrx_word' id='word_1_38' title='bbox 157 325 331 353; x_wconf 84' lang='lat' dir='ltr'><strong>Christianus</strong></span> <span class='ocrx_word' id='word_1_39' title='bbox 346 329 398 349; x_wconf 92' lang='lat' dir='ltr'><strong>non</strong></span> <span class='ocrx_word' id='word_1_40' title='bbox 420 328 530 356; x_wconf 85' lang='lat' dir='ltr'><strong>possum</strong></span> <span class='ocrx_word' id='word_1_41' title='bbox 549 318 780 353; x_wconf 82' lang='lat' dir='ltr'><strong>comprehendere</strong></span> <span class='ocrx_word' id='word_1_42' title='bbox 794 322 822 345; x_wconf 88' lang='lat' dir='ltr'><strong>et</strong></span> <span class='ocrx_word' id='word_1_43' title='bbox 846 317 920 344; x_wconf 83' lang='lat' dir='ltr'><strong>vider</strong></span> 
     </span>
    </p>
   </div>
   <div class='ocr_carea' id='block_1_7' title="bbox 1010 317 1773 356">
    <p class='ocr_par' dir='ltr' id='par_1_7' title="bbox 1010 319 1773 355">
     <span class='ocr_line' id='line_1_7' title="bbox 1010 319 1773 355; baseline 0.007 -11"><span class='ocrx_word' id='word_1_44' title='bbox 1010 321 1054 346; x_wconf 77' lang='grc' dir='ltr'><strong>ἰεὶν</strong></span> <span class='ocrx_word' id='word_1_45' title='bbox 1065 319 1111 346; x_wconf 82' lang='grc' dir='ltr'>τὸν</span> <span class='ocrx_word' id='word_1_46' title='bbox 1125 319 1191 346; x_wconf 75' lang='grc' dir='ltr'>Θεὸν</span> <span class='ocrx_word' id='word_1_47' title='bbox 1203 320 1300 354; x_wconf 84' lang='grc' dir='ltr'>Λόγον,</span> <span class='ocrx_word' id='word_1_48' title='bbox 1314 321 1338 346; x_wconf 84' lang='grc' dir='ltr'><strong>ει</strong></span> <span class='ocrx_word' id='word_1_49' title='bbox 1352 320 1390 354; x_wconf 83' lang='grc' dir='ltr'>μὴ</span> <span class='ocrx_word' id='word_1_50' title='bbox 1403 320 1447 346; x_wconf 84' lang='grc' dir='ltr'>διὰ</span> <span class='ocrx_word' id='word_1_51' title='bbox 1455 319 1502 346; x_wconf 82' lang='grc' dir='ltr'>τοῦ</span> <span class='ocrx_word' id='word_1_52' title='bbox 1517 322 1621 355; x_wconf 77' lang='grc' dir='ltr'>πάχους</span> <span class='ocrx_word' id='word_1_53' title='bbox 1642 321 1688 348; x_wconf 74' lang='grc' dir='ltr'>τοῦ</span> <span class='ocrx_word' id='word_1_54' title='bbox 1715 322 1773 349; x_wconf 89' lang='grc' dir='ltr'><strong>σώ-</strong></span> 
     </span>
    </p>
   </div>
   <div class='ocr_carea' id='block_1_8' title="bbox 159 362 922 402">
    <p class='ocr_par' dir='ltr' id='par_1_8' title="bbox 159 362 922 399">
     <span class='ocr_line' id='line_1_8' title="bbox 159 362 922 399; baseline -0.009 -4"><span class='ocrx_word' id='word_1_55' title='bbox 159 369 275 398; x_wconf 86' lang='lat' dir='ltr'><strong>Verbuui</strong></span> <span class='ocrx_word' id='word_1_56' title='bbox 288 368 371 395; x_wconf 87' lang='lat' dir='ltr'><strong>Deum</strong></span> <span class='ocrx_word' id='word_1_57' title='bbox 390 367 440 393; x_wconf 83' lang='lat' dir='ltr'><strong>nisi</strong></span> <span class='ocrx_word' id='word_1_58' title='bbox 459 372 508 399; x_wconf 87' lang='lat' dir='ltr'><strong>per</strong></span> <span class='ocrx_word' id='word_1_59' title='bbox 519 363 674 392; x_wconf 89' lang='lat' dir='ltr'><strong>crassitiem</strong></span> <span class='ocrx_word' id='word_1_60' title='bbox 697 362 821 396; x_wconf 86' lang='lat' dir='ltr'><strong>corporis</strong></span> <span class='ocrx_word' id='word_1_61' title='bbox 839 362 892 389; x_wconf 78' lang='lat' dir='ltr'><strong>sui.</strong></span> <span class='ocrx_word' id='word_1_62' title='bbox 906 362 922 389; x_wconf 84' lang='grc' dir='ltr'><strong>Ε</strong></span> 
     </span>
    </p>
   </div>
   <div class='ocr_carea' id='block_1_9' title="bbox 1013 362 1776 402">
    <p class='ocr_par' dir='ltr' id='par_1_9' title="bbox 1013 365 1776 402">
     <span class='ocr_line' id='line_1_9' title="bbox 1013 365 1776 402; baseline 0.004 -11"><span class='ocrx_word' id='word_1_63' title='bbox 1013 373 1086 396; x_wconf 84' lang='grc' dir='ltr'>ατος.</span> <span class='ocrx_word' id='word_1_64' title='bbox 1102 366 1159 392; x_wconf 76' lang='grc' dir='ltr'><strong>Καὶ</strong></span> <span class='ocrx_word' id='word_1_65' title='bbox 1172 366 1254 392; x_wconf 82' lang='grc' dir='ltr'>πάλιν</span> <span class='ocrx_word' id='word_1_66' title='bbox 1269 366 1327 397; x_wconf 83' lang='grc' dir='ltr'><strong>πῶς</strong></span> <span class='ocrx_word' id='word_1_67' title='bbox 1340 365 1490 399; x_wconf 78' lang='grc' dir='ltr'>λέγεις,“Εν</span> <span class='ocrx_word' id='word_1_68' title='bbox 1505 367 1717 402; x_wconf 75' lang='grc' dir='ltr'>ἡμέρᾳκρίσεως</span> <span class='ocrx_word' id='word_1_69' title='bbox 1731 367 1776 394; x_wconf 84' lang='grc' dir='ltr'>θέ-</span> 
     </span>
    </p>
   </div>
   <div class='ocr_carea' id='block_1_10' title="bbox 157 407 920 448">
    <p class='ocr_par' dir='ltr' id='par_1_10' title="bbox 157 407 920 448">
     <span class='ocr_line' id='line_1_10' title="bbox 157 407 920 448; baseline -0.012 -5"><span class='ocrx_word' id='word_1_70' title='bbox 157 422 252 443; x_wconf 80' lang='lat' dir='ltr'><strong>rnrsus</strong></span> <span class='ocrx_word' id='word_1_71' title='bbox 279 413 413 448; x_wconf 84' lang='lat' dir='ltr'><strong>quomodo</strong></span> <span class='ocrx_word' id='word_1_72' title='bbox 433 411 524 438; x_wconf 89' lang='lat' dir='ltr'><strong>dicere</strong></span> <span class='ocrx_word' id='word_1_73' title='bbox 541 415 655 445; x_wconf 82' lang='lat' dir='ltr'><strong>possunt</strong></span> <span class='ocrx_word' id='word_1_74' title='bbox 670 407 847 436; x_wconf 74' lang='lat' dir='ltr'><strong>Musulmanni</strong></span> <span class='ocrx_word' id='word_1_75' title='bbox 864 416 871 435; x_wconf 89' lang='lat'><strong>:</strong></span> <span class='ocrx_word' id='word_1_76' title='bbox 885 408 920 435; x_wconf 84' lang='lat' dir='ltr'><strong>No</strong></span> 
     </span>
    </p>
   </div>
   <div class='ocr_carea' id='block_1_11' title="bbox 1013 407 1776 448">
    <p class='ocr_par' dir='ltr' id='par_1_11' title="bbox 1013 409 1776 448">
     <span class='ocr_line' id='line_1_11' title="bbox 1013 409 1776 448; baseline 0.005 -12"><span class='ocrx_word' id='word_1_77' title='bbox 1013 418 1071 445; x_wconf 85' lang='grc' dir='ltr'>›μεν</span> <span class='ocrx_word' id='word_1_78' title='bbox 1080 409 1164 436; x_wconf 74' lang='grc' dir='ltr'>σίδεῖν</span> <span class='ocrx_word' id='word_1_79' title='bbox 1173 410 1219 436; x_wconf 79' lang='grc' dir='ltr'>τὸν</span> <span class='ocrx_word' id='word_1_80' title='bbox 1234 410 1494 447; x_wconf 74' lang='grc' dir='ltr'>πλαστουργήσαντα</span> <span class='ocrx_word' id='word_1_81' title='bbox 1508 412 1581 446; x_wconf 76' lang='grc' dir='ltr'>ἡμᾶς</span> <span class='ocrx_word' id='word_1_82' title='bbox 1591 421 1599 445; x_wconf 90' lang='lat'><strong>;</strong></span> <span class='ocrx_word' id='word_1_83' title='bbox 1611 412 1696 446; x_wconf 71' lang='grc' dir='ltr'><strong>Κάγὼ</strong></span> <span class='ocrx_word' id='word_1_84' title='bbox 1704 413 1776 448; x_wconf 80' lang='grc' dir='ltr'>λέγω</span> 
     </span>
    </p>
   </div>
   <div class='ocr_carea' id='block_1_12' title="bbox 157 455 920 492">
    <p class='ocr_par' dir='ltr' id='par_1_12' title="bbox 157 455 920 490">
     <span class='ocr_line' id='line_1_12' title="bbox 157 455 920 490; baseline -0.008 -3"><span class='ocrx_word' id='word_1_85' title='bbox 157 460 281 487; x_wconf 84' lang='lat' dir='ltr'><strong>volumus</strong></span> <span class='ocrx_word' id='word_1_86' title='bbox 293 457 435 490; x_wconf 85' lang='lat' dir='ltr'><strong>diejudicii</strong></span> <span class='ocrx_word' id='word_1_87' title='bbox 452 456 546 483; x_wconf 87' lang='lat' dir='ltr'><strong>videre</strong></span> <span class='ocrx_word' id='word_1_88' title='bbox 560 460 711 482; x_wconf 75' lang='lat' dir='ltr'><strong>creatorem</strong></span> <span class='ocrx_word' id='word_1_89' title='bbox 722 459 750 482; x_wconf 87' lang='lat' dir='ltr'><strong>et</strong></span> <span class='ocrx_word' id='word_1_90' title='bbox 762 455 920 481; x_wconf 83' lang='lat' dir='ltr'><strong>formaloret</strong></span> 
     </span>
    </p>
   </div>
   <div class='ocr_carea' id='block_1_13' title="bbox 1013 455 1776 492">
    <p class='ocr_par' dir='ltr' id='par_1_13' title="bbox 1013 455 1776 492">
     <span class='ocr_line' id='line_1_13' title="bbox 1013 455 1776 492; baseline 0.007 -11"><span class='ocrx_word' id='word_1_91' title='bbox 1013 463 1041 486; x_wconf 72' lang='grc' dir='ltr'>η,</span> <span class='ocrx_word' id='word_1_92' title='bbox 1056 455 1097 481; x_wconf 78' lang='grc' dir='ltr'>ὅτι</span> <span class='ocrx_word' id='word_1_93' title='bbox 1120 455 1185 482; x_wconf 82' lang='grc' dir='ltr'>ὅταν</span> <span class='ocrx_word' id='word_1_94' title='bbox 1206 456 1313 492; x_wconf 81' lang='grc' dir='ltr'><strong>ἀπέρχῃ</strong></span> <span class='ocrx_word' id='word_1_95' title='bbox 1329 457 1369 488; x_wconf 87' lang='grc' dir='ltr'><strong>εἰς</strong></span> <span class='ocrx_word' id='word_1_96' title='bbox 1389 457 1438 492; x_wconf 81' lang='grc' dir='ltr'><strong>τὴν</strong></span> <span class='ocrx_word' id='word_1_97' title='bbox 1452 458 1560 488; x_wconf 61' lang='lat' dir='ltr'><strong>Mutis,</strong></span> <span class='ocrx_word' id='word_1_98' title='bbox 1578 459 1625 484; x_wconf 74' lang='grc' dir='ltr'><strong>ἐπὶ</strong></span> <span class='ocrx_word' id='word_1_99' title='bbox 1644 459 1675 485; x_wconf 64' lang='grc' dir='ltr'><strong>τὸ</strong></span> <span class='ocrx_word' id='word_1_100' title='bbox 1695 459 1776 492; x_wconf 78' lang='grc' dir='ltr'>εὖξα-</span> 
     </span>
    </p>
   </div>
   <div class='ocr_carea' id='block_1_14' title="bbox 157 500 920 538">
    <p class='ocr_par' dir='ltr' id='par_1_14' title="bbox 157 501 920 537">
     <span class='ocr_line' id='line_1_14' title="bbox 157 501 920 537; baseline -0.007 -6"><span class='ocrx_word' id='word_1_101' title='bbox 157 503 301 531; x_wconf 83' lang='lat' dir='ltr'><strong>nostruin?</strong></span> <span class='ocrx_word' id='word_1_102' title='bbox 318 502 370 529; x_wconf 89' lang='lat' dir='ltr'><strong>Sed</strong></span> <span class='ocrx_word' id='word_1_103' title='bbox 390 509 439 537; x_wconf 76' lang='lat' dir='ltr'><strong>ego</strong></span> <span class='ocrx_word' id='word_1_104' title='bbox 452 509 546 536; x_wconf 79' lang='lat' dir='ltr'><strong>regero</strong></span> <span class='ocrx_word' id='word_1_105' title='bbox 565 501 623 532; x_wconf 90' lang='lat' dir='ltr'><strong>tibi,</strong></span> <span class='ocrx_word' id='word_1_106' title='bbox 642 508 702 528; x_wconf 82' lang='lat' dir='ltr'><strong>eum</strong></span> <span class='ocrx_word' id='word_1_107' title='bbox 718 501 835 527; x_wconf 84' lang='lat' dir='ltr'><strong>Meccam</strong></span> <span class='ocrx_word' id='word_1_108' title='bbox 853 501 920 527; x_wconf 82' lang='lat' dir='ltr'><strong>tendi</strong></span> 
     </span>
    </p>
   </div>
   <div class='ocr_carea' id='block_1_15' title="bbox 1014 500 1777 538">
    <p class='ocr_par' dir='ltr' id='par_1_15' title="bbox 1014 501 1777 538">
     <span class='ocr_line' id='line_1_15' title="bbox 1014 501 1777 538; baseline 0.005 -11"><span class='ocrx_word' id='word_1_109' title='bbox 1014 501 1066 530; x_wconf 69' lang='lat' dir='ltr'><strong>Bai,</strong></span> <span class='ocrx_word' id='word_1_110' title='bbox 1075 502 1122 528; x_wconf 77' lang='grc' dir='ltr'>καὶ</span> <span class='ocrx_word' id='word_1_111' title='bbox 1134 501 1274 536; x_wconf 74' lang='grc' dir='ltr'><strong>ἐπιζητεῖς</strong></span> <span class='ocrx_word' id='word_1_112' title='bbox 1284 502 1416 529; x_wconf 74' lang='grc' dir='ltr'><strong>εἰσελθεῖν</strong></span> <span class='ocrx_word' id='word_1_113' title='bbox 1430 504 1468 534; x_wconf 80' lang='grc' dir='ltr'><strong>εις</strong></span> <span class='ocrx_word' id='word_1_114' title='bbox 1483 503 1528 530; x_wconf 77' lang='grc' dir='ltr'>τὸν</span> <span class='ocrx_word' id='word_1_115' title='bbox 1544 503 1629 538; x_wconf 80' lang='grc' dir='ltr'>τάφον</span> <span class='ocrx_word' id='word_1_116' title='bbox 1645 505 1691 530; x_wconf 82' lang='grc' dir='ltr'><strong>τοῦ</strong></span> <span class='ocrx_word' id='word_1_117' title='bbox 1702 506 1777 531; x_wconf 73' lang='lat' dir='ltr'><strong>Mov—</strong></span> 
     </span>
    </p>
   </div>
   <div class='ocr_carea' id='block_1_16' title="bbox 156 546 919 581">
    <p class='ocr_par' dir='ltr' id='par_1_16' title="bbox 156 546 919 581">
     <span class='ocr_line' id='line_1_16' title="bbox 156 546 919 581; baseline -0.008 -3"><span class='ocrx_word' id='word_1_118' title='bbox 156 550 191 578; x_wconf 88' lang='lat' dir='ltr'><strong>ad</strong></span> <span class='ocrx_word' id='word_1_119' title='bbox 207 550 350 580; x_wconf 85' lang='lat' dir='ltr'><strong>orandum,</strong></span> <span class='ocrx_word' id='word_1_120' title='bbox 367 554 394 575; x_wconf 93' lang='lat' dir='ltr'><strong>et</strong></span> <span class='ocrx_word' id='word_1_121' title='bbox 411 547 554 581; x_wconf 71' lang='lat' dir='ltr'><strong>diligenter</strong></span> <span class='ocrx_word' id='word_1_122' title='bbox 569 546 684 581; x_wconf 87' lang='lat' dir='ltr'><strong>inquiris</strong></span> <span class='ocrx_word' id='word_1_123' title='bbox 696 551 724 573; x_wconf 92' lang='lat' dir='ltr'><strong>et</strong></span> <span class='ocrx_word' id='word_1_124' title='bbox 740 547 825 573; x_wconf 83' lang='lat' dir='ltr'><strong>instas</strong></span> <span class='ocrx_word' id='word_1_125' title='bbox 836 551 866 573; x_wconf 86' lang='lat' dir='ltr'><strong>ut</strong></span> <span class='ocrx_word' id='word_1_126' title='bbox 878 553 919 580; x_wconf 73' lang='lat' dir='ltr'><strong>po:</strong></span> 
     </span>
    </p>
   </div>
   <div class='ocr_carea' id='block_1_17' title="bbox 1010 546 1773 581">
    <p class='ocr_par' dir='ltr' id='par_1_17' title="bbox 1010 546 1773 581">
     <span class='ocr_line' id='line_1_17' title="bbox 1010 546 1773 581; baseline 0.005 -9"><span class='ocrx_word' id='word_1_127' title='bbox 1010 546 1078 581; x_wconf 81' lang='grc' dir='ltr'>άμετ</span> <span class='ocrx_word' id='word_1_128' title='bbox 1088 547 1134 572; x_wconf 75' lang='grc' dir='ltr'>ἐπὶ</span> <span class='ocrx_word' id='word_1_129' title='bbox 1148 547 1179 573; x_wconf 84' lang='grc' dir='ltr'>τὸ</span> <span class='ocrx_word' id='word_1_130' title='bbox 1196 547 1371 574; x_wconf 77' lang='grc' dir='ltr'>ἀσπάσασθαι</span> <span class='ocrx_word' id='word_1_131' title='bbox 1398 548 1489 579; x_wconf 69' lang='grc' dir='ltr'>αὐτὸν.</span> <span class='ocrx_word' id='word_1_132' title='bbox 1519 549 1566 575; x_wconf 72' lang='grc' dir='ltr'>καὶ</span> <span class='ocrx_word' id='word_1_133' title='bbox 1581 551 1605 575; x_wconf 72' lang='grc' dir='ltr'>οἱ</span> <span class='ocrx_word' id='word_1_134' title='bbox 1620 550 1709 576; x_wconf 73' lang='grc' dir='ltr'>ἐκεῖσε</span> <span class='ocrx_word' id='word_1_135' title='bbox 1727 550 1773 576; x_wconf 70' lang='grc' dir='ltr'><strong>λέ-</strong></span> 
     </span>
    </p>
   </div>
   <div class='ocr_carea' id='block_1_18' title="bbox 156 591 919 629">
    <p class='ocr_par' dir='ltr' id='par_1_18' title="bbox 156 592 919 629">
     <span class='ocr_line' id='line_1_18' title="bbox 156 592 919 629; baseline -0.007 -6"><span class='ocrx_word' id='word_1_136' title='bbox 156 597 194 624; x_wconf 82' lang='lat' dir='ltr'><strong>sis</strong></span> <span class='ocrx_word' id='word_1_137' title='bbox 214 596 306 622; x_wconf 84' lang='lat' dir='ltr'><strong>videre</strong></span> <span class='ocrx_word' id='word_1_138' title='bbox 328 594 483 629; x_wconf 86' lang='lat' dir='ltr'><strong>sepulcrum</strong></span> <span class='ocrx_word' id='word_1_139' title='bbox 497 593 705 624; x_wconf 77' lang='lat' dir='ltr'><strong>Mulmmmedis,</strong></span> <span class='ocrx_word' id='word_1_140' title='bbox 717 596 744 619; x_wconf 86' lang='lat' dir='ltr'><strong>et</strong></span> <span class='ocrx_word' id='word_1_141' title='bbox 758 592 822 618; x_wconf 89' lang='lat' dir='ltr'><strong>illud</strong></span> <span class='ocrx_word' id='word_1_142' title='bbox 839 593 919 618; x_wconf 68' lang='lat' dir='ltr'><strong>salut:</strong></span> 
     </span>
    </p>
   </div>
   <div class='ocr_carea' id='block_1_19' title="bbox 1012 591 1775 629">
    <p class='ocr_par' dir='ltr' id='par_1_19' title="bbox 1012 591 1775 627">
     <span class='ocr_line' id='line_1_19' title="bbox 1012 591 1775 627; baseline 0.005 -11"><span class='ocrx_word' id='word_1_143' title='bbox 1012 591 1068 617; x_wconf 66' lang='lat' dir='ltr'><strong>ausi</strong></span> <span class='ocrx_word' id='word_1_144' title='bbox 1079 599 1120 616; x_wconf 82' lang='grc' dir='ltr'><strong>σοι</strong></span> <span class='ocrx_word' id='word_1_145' title='bbox 1134 591 1219 622; x_wconf 79' lang='grc' dir='ltr'>οὕτως</span> <span class='ocrx_word' id='word_1_146' title='bbox 1231 599 1239 607; x_wconf 91' lang='grc'><strong>·</strong></span> <span class='ocrx_word' id='word_1_147' title='bbox 1259 592 1335 626; x_wconf 77' lang='grc' dir='ltr'>Ἀμα</span> <span class='ocrx_word' id='word_1_148' title='bbox 1349 592 1387 627; x_wconf 81' lang='grc' dir='ltr'>τῷ</span> <span class='ocrx_word' id='word_1_149' title='bbox 1398 592 1461 618; x_wconf 86' lang='grc' dir='ltr'>ἰδεῖν</span> <span class='ocrx_word' id='word_1_150' title='bbox 1472 601 1501 618; x_wconf 86' lang='grc' dir='ltr'><strong>σε</strong></span> <span class='ocrx_word' id='word_1_151' title='bbox 1510 593 1555 619; x_wconf 71' lang='grc' dir='ltr'><strong>τὺν</strong></span> <span class='ocrx_word' id='word_1_152' title='bbox 1567 593 1660 626; x_wconf 66' lang='grc' dir='ltr'>τάφον,</span> <span class='ocrx_word' id='word_1_153' title='bbox 1676 593 1775 620; x_wconf 78' lang='grc' dir='ltr'>ἀπολέ-</span> 
     </span>
    </p>
   </div>
   <div class='ocr_carea' id='block_1_20' title="bbox 159 636 922 676">
    <p class='ocr_par' dir='ltr' id='par_1_20' title="bbox 159 638 922 676">
     <span class='ocr_line' id='line_1_20' title="bbox 159 638 922 676; baseline -0.009 -6"><span class='ocrx_word' id='word_1_154' title='bbox 159 643 232 670; x_wconf 79' lang='lat' dir='ltr'><strong>tione</strong></span> <span class='ocrx_word' id='word_1_155' title='bbox 245 641 359 676; x_wconf 82' lang='lat' dir='ltr'><strong>quadam</strong></span> <span class='ocrx_word' id='word_1_156' title='bbox 389 639 525 673; x_wconf 83' lang='lat' dir='ltr'><strong>prosequi,</strong></span> <span class='ocrx_word' id='word_1_157' title='bbox 541 638 587 673; x_wconf 90' lang='lat' dir='ltr'><strong>qui</strong></span> <span class='ocrx_word' id='word_1_158' title='bbox 618 638 654 666; x_wconf 85' lang='lat' dir='ltr'><strong>ibi</strong></span> <span class='ocrx_word' id='word_1_159' title='bbox 682 642 894 670; x_wconf 77' lang='lat' dir='ltr'><strong>commorantur,</strong></span> <span class='ocrx_word' id='word_1_160' title='bbox 912 646 922 664; x_wconf 69' lang='lat' dir='ltr'><strong>ll</strong></span> 
     </span>
    </p>
   </div>
   <div class='ocr_carea' id='block_1_21' title="bbox 1009 636 1772 676">
    <p class='ocr_par' dir='ltr' id='par_1_21' title="bbox 1009 636 1772 673">
     <span class='ocr_line' id='line_1_21' title="bbox 1009 636 1772 673; baseline 0.004 -12"><span class='ocrx_word' id='word_1_161' title='bbox 1009 636 1114 671; x_wconf 76' lang='grc' dir='ltr'>αιέχεις</span> <span class='ocrx_word' id='word_1_162' title='bbox 1121 637 1185 667; x_wconf 80' lang='grc' dir='ltr'>τοὺς</span> <span class='ocrx_word' id='word_1_163' title='bbox 1199 636 1356 671; x_wconf 76' lang='grc' dir='ltr'>ὀφθαλμούς</span> <span class='ocrx_word' id='word_1_164' title='bbox 1373 646 1432 664; x_wconf 85' lang='grc' dir='ltr'>σου.</span> <span class='ocrx_word' id='word_1_165' title='bbox 1450 638 1550 664; x_wconf 81' lang='grc' dir='ltr'><strong>Λοιπὸν</strong></span> <span class='ocrx_word' id='word_1_166' title='bbox 1564 636 1621 667; x_wconf 77' lang='grc' dir='ltr'>οὖν.</span> <span class='ocrx_word' id='word_1_167' title='bbox 1637 639 1651 664; x_wconf 83' lang='lat'><strong>6</strong></span> <span class='ocrx_word' id='word_1_168' title='bbox 1665 640 1772 673; x_wconf 58' lang='grc' dir='ltr'>προφή-</span> 
     </span>
    </p>
   </div>
   <div class='ocr_carea' id='block_1_22' title="bbox 157 682 920 718">
    <p class='ocr_par' dir='ltr' id='par_1_22' title="bbox 157 683 920 716">
     <span class='ocr_line' id='line_1_22' title="bbox 157 683 920 716; baseline -0.007 0"><span class='ocrx_word' id='word_1_169' title='bbox 157 690 191 716; x_wconf 89' lang='lat' dir='ltr'><strong>ab</strong></span> <span class='ocrx_word' id='word_1_170' title='bbox 208 689 262 715; x_wconf 83' lang='lat' dir='ltr'><strong>isto</strong></span> <span class='ocrx_word' id='word_1_171' title='bbox 277 687 392 715; x_wconf 85' lang='lat' dir='ltr'><strong>consilio</strong></span> <span class='ocrx_word' id='word_1_172' title='bbox 407 692 432 714; x_wconf 90' lang='lat' dir='ltr'><strong>lc</strong></span> <span class='ocrx_word' id='word_1_173' title='bbox 448 688 602 713; x_wconf 83' lang='lat' dir='ltr'><strong>deterreant</strong></span> <span class='ocrx_word' id='word_1_174' title='bbox 631 685 733 716; x_wconf 84' lang='lat' dir='ltr'><strong>dicunt,</strong></span> <span class='ocrx_word' id='word_1_175' title='bbox 747 692 780 712; x_wconf 91' lang='lat' dir='ltr'><strong>eo</strong></span> <span class='ocrx_word' id='word_1_176' title='bbox 803 683 920 712; x_wconf 85' lang='lat' dir='ltr'><strong>momeni</strong></span> 
     </span>
    </p>
   </div>
   <div class='ocr_carea' id='block_1_23' title="bbox 1011 682 1774 718">
    <p class='ocr_par' dir='ltr' id='par_1_23' title="bbox 1011 682 1774 718">
     <span class='ocr_line' id='line_1_23' title="bbox 1011 682 1774 718; baseline 0.005 -11"><span class='ocrx_word' id='word_1_177' title='bbox 1011 689 1040 715; x_wconf 83' lang='grc' dir='ltr'>ης</span> <span class='ocrx_word' id='word_1_178' title='bbox 1054 690 1099 707; x_wconf 83' lang='grc' dir='ltr'><strong>σου</strong></span> <span class='ocrx_word' id='word_1_179' title='bbox 1112 682 1172 708; x_wconf 72' lang='grc' dir='ltr'>ἀντὶ</span> <span class='ocrx_word' id='word_1_180' title='bbox 1193 682 1240 709; x_wconf 78' lang='grc' dir='ltr'>τοῦ</span> <span class='ocrx_word' id='word_1_181' title='bbox 1257 682 1344 709; x_wconf 85' lang='grc' dir='ltr'>σῶσαί</span> <span class='ocrx_word' id='word_1_182' title='bbox 1366 691 1406 715; x_wconf 84' lang='grc' dir='ltr'><strong>σε,</strong></span> <span class='ocrx_word' id='word_1_183' title='bbox 1428 683 1557 709; x_wconf 78' lang='grc' dir='ltr'>ἀπολέσει</span> <span class='ocrx_word' id='word_1_184' title='bbox 1576 692 1615 710; x_wconf 84' lang='grc' dir='ltr'>σε.</span> <span class='ocrx_word' id='word_1_185' title='bbox 1634 684 1727 718; x_wconf 85' lang='grc' dir='ltr'>Ὅμως</span> <span class='ocrx_word' id='word_1_186' title='bbox 1740 685 1774 711; x_wconf 80' lang='grc' dir='ltr'>ἂν</span> 
     </span>
    </p>
   </div>
   <div class='ocr_carea' id='block_1_24' title="bbox 156 727 919 770">
    <p class='ocr_par' dir='ltr' id='par_1_24' title="bbox 156 730 919 770">
     <span class='ocr_line' id='line_1_24' title="bbox 156 730 919 770; baseline -0.007 -9"><span class='ocrx_word' id='word_1_187' title='bbox 156 743 211 770; x_wconf 85' lang='lat' dir='ltr'><strong>quo</strong></span> <span class='ocrx_word' id='word_1_188' title='bbox 226 734 379 769; x_wconf 81' lang='lat' dir='ltr'><strong>sepulcrum</strong></span> <span class='ocrx_word' id='word_1_189' title='bbox 396 732 510 762; x_wconf 88' lang='lat' dir='ltr'><strong>videbis,</strong></span> <span class='ocrx_word' id='word_1_190' title='bbox 525 731 710 759; x_wconf 75' lang='lat' dir='ltr'><strong>excrecaberis</strong></span> <span class='ocrx_word' id='word_1_191' title='bbox 736 735 764 758; x_wconf 92' lang='lat' dir='ltr'><strong>et</strong></span> <span class='ocrx_word' id='word_1_192' title='bbox 783 730 869 758; x_wconf 89' lang='lat' dir='ltr'><strong>oculis</strong></span> <span class='ocrx_word' id='word_1_193' title='bbox 896 738 919 757; x_wconf 86' lang='grc' dir='ltr'><strong>οι</strong></span> 
     </span>
    </p>
   </div>
   <div class='ocr_carea' id='block_1_25' title="bbox 1009 727 1772 770">
    <p class='ocr_par' dir='ltr' id='par_1_25' title="bbox 1009 727 1772 764">
     <span class='ocr_line' id='line_1_25' title="bbox 1009 727 1772 764; baseline 0.004 -11"><span class='ocrx_word' id='word_1_194' title='bbox 1009 727 1064 762; x_wconf 78' lang='grc' dir='ltr'>ἰδῇς</span> <span class='ocrx_word' id='word_1_195' title='bbox 1079 727 1125 754; x_wconf 69' lang='grc' dir='ltr'>τὸν</span> <span class='ocrx_word' id='word_1_196' title='bbox 1139 728 1205 755; x_wconf 83' lang='grc' dir='ltr'>Θεὸν</span> <span class='ocrx_word' id='word_1_197' title='bbox 1221 729 1250 754; x_wconf 83' lang='grc' dir='ltr'>ἐν</span> <span class='ocrx_word' id='word_1_198' title='bbox 1261 729 1353 764; x_wconf 74' lang='grc' dir='ltr'>ἡμέρᾳ</span> <span class='ocrx_word' id='word_1_199' title='bbox 1364 728 1415 763; x_wconf 82' lang='grc' dir='ltr'>τῆς</span> <span class='ocrx_word' id='word_1_200' title='bbox 1429 729 1557 764; x_wconf 82' lang='grc' dir='ltr'>κρίσεως,</span> <span class='ocrx_word' id='word_1_201' title='bbox 1570 729 1662 761; x_wconf 75' lang='grc' dir='ltr'>καθὼς</span> <span class='ocrx_word' id='word_1_202' title='bbox 1671 730 1772 763; x_wconf 80' lang='grc' dir='ltr'>λέγεις,</span> 
     </span>
    </p>
   </div>
   <div class='ocr_carea' id='block_1_26' title="bbox 157 772 920 811">
    <p class='ocr_par' dir='ltr' id='par_1_26' title="bbox 157 776 920 811">
     <span class='ocr_line' id='line_1_26' title="bbox 157 776 920 811; baseline -0.007 -4"><span class='ocrx_word' id='word_1_203' title='bbox 157 781 208 808; x_wconf 83' lang='lat' dir='ltr'><strong>bus</strong></span> <span class='ocrx_word' id='word_1_204' title='bbox 220 781 286 807; x_wconf 85' lang='lat' dir='ltr'><strong>eris.</strong></span> <span class='ocrx_word' id='word_1_205' title='bbox 303 778 379 805; x_wconf 83' lang='lat' dir='ltr'><strong>Unde</strong></span> <span class='ocrx_word' id='word_1_206' title='bbox 396 778 519 811; x_wconf 86' lang='lat' dir='ltr'><strong>sequitur</strong></span> <span class='ocrx_word' id='word_1_207' title='bbox 534 777 694 811; x_wconf 74' lang='lat' dir='ltr'><strong>prophetam</strong></span> <span class='ocrx_word' id='word_1_208' title='bbox 721 780 796 802; x_wconf 86' lang='lat' dir='ltr'><strong>tuum</strong></span> <span class='ocrx_word' id='word_1_209' title='bbox 826 776 920 802; x_wconf 84' lang='lat' dir='ltr'><strong>inttltut</strong></span> 
     </span>
    </p>
   </div>
   <div class='ocr_carea' id='block_1_27' title="bbox 1011 772 1774 811">
    <p class='ocr_par' dir='ltr' id='par_1_27' title="bbox 1011 773 1774 810">
     <span class='ocr_line' id='line_1_27' title="bbox 1011 773 1774 810; baseline 0.004 -12"><span class='ocrx_word' id='word_1_210' title='bbox 1011 773 1102 807; x_wconf 77' lang='grc' dir='ltr'>ιοιμός</span> <span class='ocrx_word' id='word_1_211' title='bbox 1113 773 1188 799; x_wconf 76' lang='grc' dir='ltr'>ἐστιν</span> <span class='ocrx_word' id='word_1_212' title='bbox 1207 773 1339 800; x_wconf 76' lang='grc' dir='ltr'><strong>ἀπολέσαι</strong></span> <span class='ocrx_word' id='word_1_213' title='bbox 1367 783 1397 800; x_wconf 85' lang='grc' dir='ltr'><strong>σε</strong></span> <span class='ocrx_word' id='word_1_214' title='bbox 1416 776 1457 806; x_wconf 78' lang='grc' dir='ltr'>εἰς</span> <span class='ocrx_word' id='word_1_215' title='bbox 1471 774 1519 810; x_wconf 80' lang='grc' dir='ltr'>τὴν</span> <span class='ocrx_word' id='word_1_216' title='bbox 1535 775 1647 808; x_wconf 84' lang='grc' dir='ltr'>γέενναν</span> <span class='ocrx_word' id='word_1_217' title='bbox 1662 775 1708 801; x_wconf 81' lang='grc' dir='ltr'>τοῦ</span> <span class='ocrx_word' id='word_1_218' title='bbox 1725 775 1774 801; x_wconf 87' lang='grc' dir='ltr'><strong>πύ-</strong></span> 
     </span>
    </p>
   </div>
   <div class='ocr_carea' id='block_1_28' title="bbox 158 818 921 856">
    <p class='ocr_par' dir='ltr' id='par_1_28' title="bbox 158 821 921 856">
     <span class='ocr_line' id='line_1_28' title="bbox 158 821 921 856; baseline -0.007 -5"><span class='ocrx_word' id='word_1_219' title='bbox 158 825 234 852; x_wconf 82' lang='lat' dir='ltr'><strong>abest</strong></span> <span class='ocrx_word' id='word_1_220' title='bbox 246 829 275 850; x_wconf 93' lang='lat' dir='ltr'><strong>ut</strong></span> <span class='ocrx_word' id='word_1_221' title='bbox 289 823 410 856; x_wconf 83' lang='lat' dir='ltr'><strong>tcjuvet.</strong></span> <span class='ocrx_word' id='word_1_222' title='bbox 427 823 481 848; x_wconf 91' lang='lat' dir='ltr'><strong>imo</strong></span> <span class='ocrx_word' id='word_1_223' title='bbox 496 822 600 848; x_wconf 90' lang='lat' dir='ltr'><strong>ruinam</strong></span> <span class='ocrx_word' id='word_1_224' title='bbox 616 825 689 848; x_wconf 87' lang='lat' dir='ltr'><strong>tuam</strong></span> <span class='ocrx_word' id='word_1_225' title='bbox 706 825 733 848; x_wconf 89' lang='lat' dir='ltr'><strong>ct</strong></span> <span class='ocrx_word' id='word_1_226' title='bbox 759 821 921 855; x_wconf 72' lang='lat' dir='ltr'><strong>perditione:</strong></span> 
     </span>
    </p>
   </div>
   <div class='ocr_carea' id='block_1_29' title="bbox 1011 818 1774 856">
    <p class='ocr_par' dir='ltr' id='par_1_29' title="bbox 1011 818 1774 856">
     <span class='ocr_line' id='line_1_29' title="bbox 1011 818 1774 856; baseline 0.004 -12"><span class='ocrx_word' id='word_1_227' title='bbox 1011 826 1048 848; x_wconf 82' lang='grc' dir='ltr'>ος.</span> <span class='ocrx_word' id='word_1_228' title='bbox 1063 819 1099 844; x_wconf 86' lang='grc' dir='ltr'><strong>Σὺ</strong></span> <span class='ocrx_word' id='word_1_229' title='bbox 1108 818 1208 852; x_wconf 82' lang='grc' dir='ltr'>λέγεις,</span> <span class='ocrx_word' id='word_1_230' title='bbox 1223 819 1264 845; x_wconf 80' lang='grc' dir='ltr'>ὅτι</span> <span class='ocrx_word' id='word_1_231' title='bbox 1281 820 1295 845; x_wconf 86' lang='grc' dir='ltr'>ὁ</span> <span class='ocrx_word' id='word_1_232' title='bbox 1308 819 1458 854; x_wconf 82' lang='grc' dir='ltr'>Μουχάμετ</span> <span class='ocrx_word' id='word_1_233' title='bbox 1469 821 1543 846; x_wconf 83' lang='grc' dir='ltr'>ἐστὶν</span> <span class='ocrx_word' id='word_1_234' title='bbox 1551 821 1583 846; x_wconf 81' lang='grc' dir='ltr'><strong>ὲκ</strong></span> <span class='ocrx_word' id='word_1_235' title='bbox 1591 820 1657 847; x_wconf 85' lang='grc' dir='ltr'>Θεοῦ</span> <span class='ocrx_word' id='word_1_236' title='bbox 1668 821 1774 856; x_wconf 83' lang='grc' dir='ltr'>ἄνθρω-</span> 
     </span>
    </p>
   </div>
   <div class='ocr_carea' id='block_1_30' title="bbox 156 863 919 904">
    <p class='ocr_par' dir='ltr' id='par_1_30' title="bbox 156 866 919 904">
     <span class='ocr_line' id='line_1_30' title="bbox 156 866 919 904; baseline -0.005 -8"><span class='ocrx_word' id='word_1_237' title='bbox 156 876 328 904; x_wconf 86' lang='lat' dir='ltr'><strong>promovere.</strong></span> <span class='ocrx_word' id='word_1_238' title='bbox 345 868 390 894; x_wconf 84' lang='lat' dir='ltr'><strong>Sic</strong></span> <span class='ocrx_word' id='word_1_239' title='bbox 412 868 438 894; x_wconf 91' lang='lat' dir='ltr'><strong>in</strong></span> <span class='ocrx_word' id='word_1_240' title='bbox 468 867 511 894; x_wconf 89' lang='lat' dir='ltr'><strong>die</strong></span> <span class='ocrx_word' id='word_1_241' title='bbox 526 866 621 900; x_wconf 90' lang='lat' dir='ltr'><strong>judicii</strong></span> <span class='ocrx_word' id='word_1_242' title='bbox 638 867 660 893; x_wconf 90' lang='lat' dir='ltr'><strong>si</strong></span> <span class='ocrx_word' id='word_1_243' title='bbox 690 866 781 893; x_wconf 85' lang='lat' dir='ltr'><strong>videas</strong></span> <span class='ocrx_word' id='word_1_244' title='bbox 798 866 880 893; x_wconf 90' lang='lat' dir='ltr'><strong>Deum</strong></span> <span class='ocrx_word' id='word_1_245' title='bbox 895 866 919 900; x_wconf 93' lang='lat' dir='ltr'><strong>ip</strong></span> 
     </span>
    </p>
   </div>
   <div class='ocr_carea' id='block_1_31' title="bbox 1010 863 1773 904">
    <p class='ocr_par' dir='ltr' id='par_1_31' title="bbox 1010 863 1773 902">
     <span class='ocr_line' id='line_1_31' title="bbox 1010 863 1773 902; baseline 0.005 -14"><span class='ocrx_word' id='word_1_246' title='bbox 1010 871 1053 895; x_wconf 69' lang='grc' dir='ltr'>τος,</span> <span class='ocrx_word' id='word_1_247' title='bbox 1070 864 1119 889; x_wconf 74' lang='grc' dir='ltr'><strong>καὶ</strong></span> <span class='ocrx_word' id='word_1_248' title='bbox 1131 863 1225 890; x_wconf 74' lang='grc' dir='ltr'>λοιπὸν</span> <span class='ocrx_word' id='word_1_249' title='bbox 1239 865 1272 890; x_wconf 72' lang='grc' dir='ltr'><strong>ἐκ</strong></span> <span class='ocrx_word' id='word_1_250' title='bbox 1295 865 1362 891; x_wconf 83' lang='grc' dir='ltr'>Θεοῦ</span> <span class='ocrx_word' id='word_1_251' title='bbox 1386 865 1472 900; x_wconf 76' lang='grc' dir='ltr'>ἔμαθε</span> <span class='ocrx_word' id='word_1_252' title='bbox 1488 866 1518 892; x_wconf 83' lang='grc' dir='ltr'>τὸ</span> <span class='ocrx_word' id='word_1_253' title='bbox 1539 866 1658 899; x_wconf 81' lang='grc' dir='ltr'>ἀδικείν;</span> <span class='ocrx_word' id='word_1_254' title='bbox 1684 867 1727 893; x_wconf 81' lang='grc' dir='ltr'>Ἐν</span> <span class='ocrx_word' id='word_1_255' title='bbox 1740 868 1773 902; x_wconf 82' lang='grc' dir='ltr'><strong>τῇ</strong></span> 
     </span>
    </p>
   </div>
   <div class='ocr_carea' id='block_1_32' title="bbox 157 909 920 948">
    <p class='ocr_par' dir='ltr' id='par_1_32' title="bbox 157 912 920 948">
     <span class='ocr_line' id='line_1_32' title="bbox 157 912 920 948; baseline -0.005 -6"><span class='ocrx_word' id='word_1_256' title='bbox 157 923 228 948; x_wconf 88' lang='lat' dir='ltr'><strong>sum,</strong></span> <span class='ocrx_word' id='word_1_257' title='bbox 245 914 446 942; x_wconf 81' lang='lat' dir='ltr'><strong>sicutfuturuiu</strong></span> <span class='ocrx_word' id='word_1_258' title='bbox 472 913 627 944; x_wconf 80' lang='lat' dir='ltr'><strong>contendis,</strong></span> <span class='ocrx_word' id='word_1_259' title='bbox 642 912 717 938; x_wconf 91' lang='lat' dir='ltr'><strong>illum</strong></span> <span class='ocrx_word' id='word_1_260' title='bbox 746 916 920 946; x_wconf 76' lang='lat' dir='ltr'><strong>promptuint</strong></span> 
     </span>
    </p>
   </div>
   <div class='ocr_carea' id='block_1_33' title="bbox 1011 909 1774 948">
    <p class='ocr_par' dir='ltr' id='par_1_33' title="bbox 1011 909 1774 948">
     <span class='ocr_line' id='line_1_33' title="bbox 1011 909 1774 948; baseline 0.005 -13"><span class='ocrx_word' id='word_1_261' title='bbox 1011 910 1048 944; x_wconf 84' lang='grc' dir='ltr'>ωῇ</span> <span class='ocrx_word' id='word_1_262' title='bbox 1065 909 1150 936; x_wconf 79' lang='grc' dir='ltr'>αὑτοῦ</span> <span class='ocrx_word' id='word_1_263' title='bbox 1165 910 1210 936; x_wconf 78' lang='grc' dir='ltr'><strong>ἀεὶ</strong></span> <span class='ocrx_word' id='word_1_264' title='bbox 1228 911 1336 942; x_wconf 77' lang='grc' dir='ltr'><strong>ἀδικίας</strong></span> <span class='ocrx_word' id='word_1_265' title='bbox 1350 911 1397 938; x_wconf 76' lang='grc' dir='ltr'><strong>καὶ</strong></span> <span class='ocrx_word' id='word_1_266' title='bbox 1413 911 1553 943; x_wconf 83' lang='grc' dir='ltr'><strong>ἀπωλείας</strong></span> <span class='ocrx_word' id='word_1_267' title='bbox 1564 913 1696 948; x_wconf 68' lang='grc' dir='ltr'>ἐργάζετο</span> <span class='ocrx_word' id='word_1_268' title='bbox 1713 914 1774 939; x_wconf 71' lang='grc' dir='ltr'>ἀντὶ</span> 
     </span>
    </p>
   </div>
   <div class='ocr_carea' id='block_1_34' title="bbox 156 955 919 995">
    <p class='ocr_par' dir='ltr' id='par_1_34' title="bbox 156 957 919 995">
     <span class='ocr_line' id='line_1_34' title="bbox 156 957 919 995; baseline -0.004 -9"><span class='ocrx_word' id='word_1_269' title='bbox 156 966 282 995; x_wconf 83' lang='lat' dir='ltr'><strong>paratum</strong></span> <span class='ocrx_word' id='word_1_270' title='bbox 297 961 329 987; x_wconf 88' lang='lat' dir='ltr'><strong>ad</strong></span> <span class='ocrx_word' id='word_1_271' title='bbox 347 960 525 994; x_wconf 85' lang='lat' dir='ltr'><strong>perditionem</strong></span> <span class='ocrx_word' id='word_1_272' title='bbox 541 962 614 984; x_wconf 87' lang='lat' dir='ltr'><strong>lnam</strong></span> <span class='ocrx_word' id='word_1_273' title='bbox 633 958 794 992; x_wconf 74' lang='lat' dir='ltr'><strong>experieris.</strong></span> <span class='ocrx_word' id='word_1_274' title='bbox 803 961 830 984; x_wconf 88' lang='lat' dir='ltr'><strong>et</strong></span> <span class='ocrx_word' id='word_1_275' title='bbox 846 961 874 984; x_wconf 91' lang='lat' dir='ltr'><strong>te</strong></span> <span class='ocrx_word' id='word_1_276' title='bbox 889 957 919 983; x_wconf 89' lang='lat' dir='ltr'><strong>de</strong></span> 
     </span>
    </p>
   </div>
   <div class='ocr_carea' id='block_1_35' title="bbox 1011 955 1774 995">
    <p class='ocr_par' dir='ltr' id='par_1_35' title="bbox 1011 955 1774 991">
     <span class='ocr_line' id='line_1_35' title="bbox 1011 955 1774 991; baseline 0.005 -10"><span class='ocrx_word' id='word_1_277' title='bbox 1011 955 1034 981; x_wconf 72' lang='lat'><strong>)5</strong></span> <span class='ocrx_word' id='word_1_278' title='bbox 1051 956 1149 988; x_wconf 80' lang='grc' dir='ltr'>σῶσαι,</span> <span class='ocrx_word' id='word_1_279' title='bbox 1163 956 1209 982; x_wconf 74' lang='grc' dir='ltr'><strong>καὶ</strong></span> <span class='ocrx_word' id='word_1_280' title='bbox 1228 957 1297 991; x_wconf 78' lang='grc' dir='ltr'>μετὰ</span> <span class='ocrx_word' id='word_1_281' title='bbox 1313 957 1428 983; x_wconf 82' lang='grc' dir='ltr'>θάνατον</span> <span class='ocrx_word' id='word_1_282' title='bbox 1445 958 1526 984; x_wconf 87' lang='grc' dir='ltr'>πάλιν</span> <span class='ocrx_word' id='word_1_283' title='bbox 1558 959 1584 984; x_wconf 81' lang='grc' dir='ltr'><strong>ιδ</strong></span> <span class='ocrx_word' id='word_1_284' title='bbox 1609 959 1677 986; x_wconf 81' lang='grc' dir='ltr'>αὑτό</span> <span class='ocrx_word' id='word_1_285' title='bbox 1691 967 1698 974; x_wconf 93' lang='grc'>·</span> <span class='ocrx_word' id='word_1_286' title='bbox 1714 959 1774 985; x_wconf 77' lang='grc' dir='ltr'>ἀντὶ</span> 
     </span>
    </p>
   </div>
   <div class='ocr_carea' id='block_1_36' title="bbox 157 1001 920 1039">
    <p class='ocr_par' dir='ltr' id='par_1_36' title="bbox 157 1002 920 1039">
     <span class='ocr_line' id='line_1_36' title="bbox 157 1002 920 1039; baseline -0.004 -7"><span class='ocrx_word' id='word_1_287' title='bbox 157 1005 248 1032; x_wconf 85' lang='lat' dir='ltr'><strong>trudet</strong></span> <span class='ocrx_word' id='word_1_288' title='bbox 265 1005 290 1031; x_wconf 92' lang='lat' dir='ltr'><strong>in</strong></span> <span class='ocrx_word' id='word_1_289' title='bbox 303 1005 451 1039; x_wconf 74' lang='lat' dir='ltr'><strong>gehennam</strong></span> <span class='ocrx_word' id='word_1_290' title='bbox 469 1004 547 1038; x_wconf 82' lang='lat' dir='ltr'><strong>ignis.</strong></span> <span class='ocrx_word' id='word_1_291' title='bbox 561 1003 599 1029; x_wconf 89' lang='lat' dir='ltr'><strong>Tu</strong></span> <span class='ocrx_word' id='word_1_292' title='bbox 614 1010 679 1030; x_wconf 88' lang='lat' dir='ltr'><strong>vero</strong></span> <span class='ocrx_word' id='word_1_293' title='bbox 688 1003 757 1029; x_wconf 80' lang='lat' dir='ltr'><strong>ilicis</strong></span> <span class='ocrx_word' id='word_1_294' title='bbox 774 1002 920 1029; x_wconf 69' lang='lat' dir='ltr'><strong>Muhammt</strong></span> 
     </span>
    </p>
   </div>
   <div class='ocr_carea' id='block_1_37' title="bbox 1012 1001 1775 1039">
    <p class='ocr_par' dir='ltr' id='par_1_37' title="bbox 1012 1001 1775 1038">
     <span class='ocr_line' id='line_1_37' title="bbox 1012 1001 1775 1038; baseline 0.005 -11"><span class='ocrx_word' id='word_1_295' title='bbox 1012 1001 1038 1028; x_wconf 65' lang='grc' dir='ltr'>δῦ</span> <span class='ocrx_word' id='word_1_296' title='bbox 1053 1001 1170 1036; x_wconf 73' lang='grc' dir='ltr'>φωτίσαι</span> <span class='ocrx_word' id='word_1_297' title='bbox 1185 1010 1215 1028; x_wconf 90' lang='grc' dir='ltr'><strong>σε</strong></span> <span class='ocrx_word' id='word_1_298' title='bbox 1237 1003 1376 1036; x_wconf 81' lang='grc' dir='ltr'>τυφλῶσαι</span> <span class='ocrx_word' id='word_1_299' title='bbox 1388 1012 1417 1029; x_wconf 90' lang='grc' dir='ltr'><strong>σε</strong></span> <span class='ocrx_word' id='word_1_300' title='bbox 1430 1003 1496 1038; x_wconf 74' lang='grc' dir='ltr'>ἔχει,</span> <span class='ocrx_word' id='word_1_301' title='bbox 1522 1005 1560 1036; x_wconf 86' lang='grc' dir='ltr'>ὡς</span> <span class='ocrx_word' id='word_1_302' title='bbox 1573 1005 1604 1031; x_wconf 85' lang='grc' dir='ltr'>σὺ</span> <span class='ocrx_word' id='word_1_303' title='bbox 1621 1005 1722 1038; x_wconf 82' lang='grc' dir='ltr'>λέγεις.</span> <span class='ocrx_word' id='word_1_304' title='bbox 1739 1003 1775 1031; x_wconf 74' lang='grc' dir='ltr'>Ὠ</span> 
     </span>
    </p>
   </div>
   <div class='ocr_carea' id='block_1_38' title="bbox 157 1046 920 1086">
    <p class='ocr_par' dir='ltr' id='par_1_38' title="bbox 157 1047 920 1083">
     <span class='ocr_line' id='line_1_38' title="bbox 157 1047 920 1083; baseline -0.007 -5"><span class='ocrx_word' id='word_1_305' title='bbox 157 1051 217 1078; x_wconf 89' lang='lat' dir='ltr'><strong>dem</strong></span> <span class='ocrx_word' id='word_1_306' title='bbox 233 1058 294 1078; x_wconf 82' lang='lat' dir='ltr'><strong>esse</strong></span> <span class='ocrx_word' id='word_1_307' title='bbox 309 1050 446 1077; x_wconf 88' lang='lat' dir='ltr'><strong>hominem</strong></span> <span class='ocrx_word' id='word_1_308' title='bbox 460 1050 516 1082; x_wconf 89' lang='lat' dir='ltr'><strong>Dei,</strong></span> <span class='ocrx_word' id='word_1_309' title='bbox 529 1053 554 1075; x_wconf 86' lang='lat' dir='ltr'><strong>el</strong></span> <span class='ocrx_word' id='word_1_310' title='bbox 567 1049 611 1083; x_wconf 94' lang='lat' dir='ltr'><strong>qui</strong></span> <span class='ocrx_word' id='word_1_311' title='bbox 625 1049 730 1076; x_wconf 87' lang='lat' dir='ltr'><strong>scilicet</strong></span> <span class='ocrx_word' id='word_1_312' title='bbox 742 1055 756 1074; x_wconf 88' lang='lat' dir='ltr'><strong>a</strong></span> <span class='ocrx_word' id='word_1_313' title='bbox 772 1047 827 1074; x_wconf 88' lang='lat' dir='ltr'><strong>Deo</strong></span> <span class='ocrx_word' id='word_1_314' title='bbox 841 1048 920 1082; x_wconf 83' lang='lat' dir='ltr'><strong>injust</strong></span> 
     </span>
    </p>
   </div>
   <div class='ocr_carea' id='block_1_39' title="bbox 1011 1046 1774 1086">
    <p class='ocr_par' dir='ltr' id='par_1_39' title="bbox 1011 1046 1774 1086">
     <span class='ocr_line' id='line_1_39' title="bbox 1011 1046 1774 1086; baseline 0.007 -14"><span class='ocrx_word' id='word_1_315' title='bbox 1011 1047 1196 1082; x_wconf 77' lang='grc' dir='ltr'>ἐπλανημένε,</span> <span class='ocrx_word' id='word_1_316' title='bbox 1207 1048 1281 1079; x_wconf 80' lang='grc' dir='ltr'>ὅστις</span> <span class='ocrx_word' id='word_1_317' title='bbox 1295 1048 1345 1074; x_wconf 77' lang='grc' dir='ltr'><strong>οὐκ</strong></span> <span class='ocrx_word' id='word_1_318' title='bbox 1359 1046 1412 1075; x_wconf 78' lang='grc' dir='ltr'>εἶδε</span> <span class='ocrx_word' id='word_1_319' title='bbox 1427 1050 1476 1084; x_wconf 81' lang='grc' dir='ltr'><strong>τὴν</strong></span> <span class='ocrx_word' id='word_1_320' title='bbox 1488 1050 1600 1085; x_wconf 72' lang='grc' dir='ltr'>θεῦτητα</span> <span class='ocrx_word' id='word_1_321' title='bbox 1613 1051 1642 1076; x_wconf 80' lang='grc' dir='ltr'>ὲν</span> <span class='ocrx_word' id='word_1_322' title='bbox 1663 1050 1701 1086; x_wconf 79' lang='grc' dir='ltr'>τῷ</span> <span class='ocrx_word' id='word_1_323' title='bbox 1710 1050 1774 1077; x_wconf 78' lang='grc' dir='ltr'>νῦνι</span> 
     </span>
    </p>
   </div>
   <div class='ocr_carea' id='block_1_40' title="bbox 158 1093 1776 1133">
    <p class='ocr_par' dir='ltr' id='par_1_40' title="bbox 158 1093 1776 1133">
     <span class='ocr_line' id='line_1_40' title="bbox 158 1093 1776 1133; baseline -0.001 -8"><span class='ocrx_word' id='word_1_324' title='bbox 158 1105 238 1133; x_wconf 70' lang='lat' dir='ltr'><strong>agere</strong></span> <span class='ocrx_word' id='word_1_325' title='bbox 252 1096 399 1124; x_wconf 86' lang='lat' dir='ltr'><strong>didicerit?</strong></span> <span class='ocrx_word' id='word_1_326' title='bbox 414 1095 444 1122; x_wconf 84' lang='lat' dir='ltr'><strong>In</strong></span> <span class='ocrx_word' id='word_1_327' title='bbox 461 1100 515 1122; x_wconf 83' lang='lat' dir='ltr'><strong>tota</strong></span> <span class='ocrx_word' id='word_1_328' title='bbox 528 1095 581 1121; x_wconf 87' lang='lat' dir='ltr'><strong>vita</strong></span> <span class='ocrx_word' id='word_1_329' title='bbox 601 1102 659 1126; x_wconf 86' lang='lat' dir='ltr'><strong>sua,</strong></span> <span class='ocrx_word' id='word_1_330' title='bbox 672 1094 731 1121; x_wconf 86' lang='lat' dir='ltr'><strong>loco</strong></span> <span class='ocrx_word' id='word_1_331' title='bbox 760 1093 930 1120; x_wconf 88' lang='lat' dir='ltr'><strong>liberationis</strong></span> <span class='ocrx_word' id='word_1_332' title='bbox 948 1097 976 1120; x_wconf 85' lang='lat' dir='ltr'><strong>et</strong></span> <span class='ocrx_word' id='word_1_333' title='bbox 1007 1093 1113 1125; x_wconf 85' lang='lat' dir='ltr'><strong>salutis,</strong></span> <span class='ocrx_word' id='word_1_334' title='bbox 1148 1093 1260 1127; x_wconf 83' lang='lat' dir='ltr'><strong>injurias</strong></span> <span class='ocrx_word' id='word_1_335' title='bbox 1281 1098 1308 1121; x_wconf 90' lang='lat' dir='ltr'><strong>et</strong></span> <span class='ocrx_word' id='word_1_336' title='bbox 1340 1094 1431 1121; x_wconf 86' lang='lat' dir='ltr'><strong>ruinas</strong></span> <span class='ocrx_word' id='word_1_337' title='bbox 1456 1095 1517 1122; x_wconf 87' lang='lat' dir='ltr'><strong>aliis</strong></span> <span class='ocrx_word' id='word_1_338' title='bbox 1531 1096 1644 1128; x_wconf 83' lang='lat' dir='ltr'><strong>crearit,</strong></span> <span class='ocrx_word' id='word_1_339' title='bbox 1660 1101 1688 1123; x_wconf 90' lang='lat' dir='ltr'><strong>et</strong></span> <span class='ocrx_word' id='word_1_340' title='bbox 1716 1102 1776 1131; x_wconf 85' lang='lat' dir='ltr'><strong>post</strong></span> 
     </span>
    </p>
   </div>
   <div class='ocr_carea' id='block_1_41' title="bbox 158 1139 1777 1176">
    <p class='ocr_par' dir='ltr' id='par_1_41' title="bbox 158 1139 1777 1176">
     <span class='ocr_line' id='line_1_41' title="bbox 158 1139 1777 1176; baseline -0.001 -6"><span class='ocrx_word' id='word_1_341' title='bbox 158 1149 271 1170; x_wconf 90' lang='lat' dir='ltr'><strong>mortem</strong></span> <span class='ocrx_word' id='word_1_342' title='bbox 286 1149 392 1176; x_wconf 81' lang='lat' dir='ltr'><strong>semper</strong></span> <span class='ocrx_word' id='word_1_343' title='bbox 422 1141 503 1172; x_wconf 83' lang='lat' dir='ltr'><strong>idem.</strong></span> <span class='ocrx_word' id='word_1_344' title='bbox 527 1139 621 1167; x_wconf 88' lang='lat' dir='ltr'><strong>eadem</strong></span> <span class='ocrx_word' id='word_1_345' title='bbox 651 1140 738 1166; x_wconf 89' lang='lat' dir='ltr'><strong>adhuc</strong></span> <span class='ocrx_word' id='word_1_346' title='bbox 757 1144 896 1173; x_wconf 82' lang='lat' dir='ltr'><strong>operatur,</strong></span> <span class='ocrx_word' id='word_1_347' title='bbox 909 1143 938 1166; x_wconf 87' lang='lat' dir='ltr'><strong>et</strong></span> <span class='ocrx_word' id='word_1_348' title='bbox 974 1139 1032 1166; x_wconf 87' lang='lat' dir='ltr'><strong>vice</strong></span> <span class='ocrx_word' id='word_1_349' title='bbox 1061 1139 1280 1171; x_wconf 87' lang='lat' dir='ltr'><strong>illuminationis,</strong></span> <span class='ocrx_word' id='word_1_350' title='bbox 1307 1145 1458 1167; x_wconf 87' lang='lat' dir='ltr'><strong>scolomate</strong></span> <span class='ocrx_word' id='word_1_351' title='bbox 1482 1146 1510 1167; x_wconf 88' lang='lat' dir='ltr'><strong>et</strong></span> <span class='ocrx_word' id='word_1_352' title='bbox 1536 1143 1716 1169; x_wconf 72' lang='lat' dir='ltr'><strong>cxczecatione</strong></span> <span class='ocrx_word' id='word_1_353' title='bbox 1748 1148 1777 1169; x_wconf 85' lang='lat' dir='ltr'><strong>te</strong></span> 
     </span>
    </p>
   </div>
   <div class='ocr_carea' id='block_1_42' title="bbox 159 1184 1768 1222">
    <p class='ocr_par' dir='ltr' id='par_1_42' title="bbox 159 1184 1768 1222">
     <span class='ocr_line' id='line_1_42' title="bbox 159 1184 1768 1222; baseline 0 -8"><span class='ocrx_word' id='word_1_354' title='bbox 159 1187 288 1222; x_wconf 87' lang='lat' dir='ltr'><strong>percutit,</strong></span> <span class='ocrx_word' id='word_1_355' title='bbox 305 1191 335 1213; x_wconf 93' lang='lat' dir='ltr'><strong>ut</strong></span> <span class='ocrx_word' id='word_1_356' title='bbox 355 1192 381 1213; x_wconf 89' lang='lat' dir='ltr'><strong>tu</strong></span> <span class='ocrx_word' id='word_1_357' title='bbox 391 1186 448 1220; x_wconf 83' lang='lat' dir='ltr'><strong>ipse</strong></span> <span class='ocrx_word' id='word_1_358' title='bbox 461 1184 631 1212; x_wconf 83' lang='lat' dir='ltr'><strong>asseris.0a</strong></span> <span class='ocrx_word' id='word_1_359' title='bbox 645 1184 760 1211; x_wconf 85' lang='lat' dir='ltr'><strong>veritate</strong></span> <span class='ocrx_word' id='word_1_360' title='bbox 774 1185 855 1219; x_wconf 75' lang='lat' dir='ltr'><strong>longe</strong></span> <span class='ocrx_word' id='word_1_361' title='bbox 885 1184 1026 1217; x_wconf 87' lang='lat' dir='ltr'><strong>aberrans,</strong></span> <span class='ocrx_word' id='word_1_362' title='bbox 1047 1184 1093 1218; x_wconf 89' lang='lat' dir='ltr'><strong>qui</strong></span> <span class='ocrx_word' id='word_1_363' title='bbox 1126 1191 1180 1211; x_wconf 92' lang='lat' dir='ltr'><strong>nou</strong></span> <span class='ocrx_word' id='word_1_364' title='bbox 1211 1184 1277 1211; x_wconf 87' lang='lat' dir='ltr'><strong>vidit</strong></span> <span class='ocrx_word' id='word_1_365' title='bbox 1303 1185 1473 1212; x_wconf 85' lang='lat' dir='ltr'><strong>divinitatem</strong></span> <span class='ocrx_word' id='word_1_366' title='bbox 1508 1187 1534 1213; x_wconf 93' lang='lat' dir='ltr'><strong>iu</strong></span> <span class='ocrx_word' id='word_1_367' title='bbox 1569 1187 1620 1213; x_wconf 91' lang='lat' dir='ltr'><strong>hoc</strong></span> <span class='ocrx_word' id='word_1_368' title='bbox 1645 1191 1768 1221; x_wconf 87' lang='lat' dir='ltr'><strong>tempore</strong></span> 
     </span>
    </p>
   </div>
   <div class='ocr_carea' id='block_1_43' title="bbox 159 1233 308 1270">
    <p class='ocr_par' dir='ltr' id='par_1_43' title="bbox 159 1233 308 1270">
     <span class='ocr_line' id='line_1_43' title="bbox 159 1233 308 1270; baseline -0.013 -9"><span class='ocrx_word' id='word_1_369' title='bbox 159 1233 285 1270; x_wconf 67' lang='lat' dir='ltr'><strong>praesenti</strong></span> <span class='ocrx_word' id='word_1_370' title='bbox 301 1233 308 1260; x_wconf 86' lang='lat'>!</span> 
     </span>
    </p>
   </div>
   <div class='ocr_carea' id='block_1_44' title="bbox 192 1278 955 1316">
    <p class='ocr_par' dir='ltr' id='par_1_44' title="bbox 192 1278 943 1316">
     <span class='ocr_line' id='line_1_44' title="bbox 192 1278 943 1316; baseline -0.003 -7"><span class='ocrx_word' id='word_1_371' title='bbox 192 1283 283 1316; x_wconf 85' lang='lat' dir='ltr'><strong>Quare</strong></span> <span class='ocrx_word' id='word_1_372' title='bbox 297 1289 348 1309; x_wconf 92' lang='lat' dir='ltr'><strong>non</strong></span> <span class='ocrx_word' id='word_1_373' title='bbox 366 1280 468 1308; x_wconf 85' lang='lat' dir='ltr'><strong>asseris</strong></span> <span class='ocrx_word' id='word_1_374' title='bbox 485 1279 558 1315; x_wconf 89' lang='lat' dir='ltr'><strong>quod</strong></span> <span class='ocrx_word' id='word_1_375' title='bbox 576 1278 694 1307; x_wconf 88' lang='lat' dir='ltr'><strong>Verbum</strong></span> <span class='ocrx_word' id='word_1_376' title='bbox 722 1279 780 1311; x_wconf 85' lang='lat' dir='ltr'><strong>Dei.</strong></span> <span class='ocrx_word' id='word_1_377' title='bbox 809 1279 864 1307; x_wconf 86' lang='lat' dir='ltr'><strong>Deo</strong></span> <span class='ocrx_word' id='word_1_378' title='bbox 893 1286 943 1307; x_wconf 86' lang='lat' dir='ltr'><strong>co-</strong></span> 
     </span>
    </p>
   </div>
   <div class='ocr_carea' id='block_1_45' title="bbox 1012 1278 1775 1316">
    <p class='ocr_par' dir='ltr' id='par_1_45' title="bbox 1028 1278 1775 1314">
     <span class='ocr_line' id='line_1_45' title="bbox 1028 1278 1775 1314; baseline 0.004 -9"><span class='ocrx_word' id='word_1_379' title='bbox 1028 1278 1085 1305; x_wconf 78' lang='grc' dir='ltr'><strong>Καὶ</strong></span> <span class='ocrx_word' id='word_1_380' title='bbox 1099 1278 1158 1310; x_wconf 81' lang='grc' dir='ltr'><strong>πῶς</strong></span> <span class='ocrx_word' id='word_1_381' title='bbox 1185 1279 1216 1305; x_wconf 80' lang='grc' dir='ltr'>οὐ</span> <span class='ocrx_word' id='word_1_382' title='bbox 1237 1279 1336 1313; x_wconf 83' lang='grc' dir='ltr'>λέγεις,</span> <span class='ocrx_word' id='word_1_383' title='bbox 1361 1279 1402 1306; x_wconf 86' lang='grc' dir='ltr'>ὄτι</span> <span class='ocrx_word' id='word_1_384' title='bbox 1417 1279 1464 1306; x_wconf 67' lang='grc' dir='ltr'><strong>τὸν</strong></span> <span class='ocrx_word' id='word_1_385' title='bbox 1491 1279 1576 1314; x_wconf 76' lang='grc' dir='ltr'>Λόγον</span> <span class='ocrx_word' id='word_1_386' title='bbox 1587 1280 1635 1307; x_wconf 81' lang='grc' dir='ltr'>τοῦ</span> <span class='ocrx_word' id='word_1_387' title='bbox 1650 1281 1716 1308; x_wconf 86' lang='grc' dir='ltr'><strong>Θεοῦ</strong></span> <span class='ocrx_word' id='word_1_388' title='bbox 1727 1281 1775 1309; x_wconf 76' lang='grc' dir='ltr'><strong>τὸν</strong></span> 
     </span>
    </p>
   </div>
   <div class='ocr_carea' id='block_1_46' title="bbox 157 1324 920 1363">
    <p class='ocr_par' dir='ltr' id='par_1_46' title="bbox 157 1324 920 1358">
     <span class='ocr_line' id='line_1_46' title="bbox 157 1324 920 1358; baseline -0.007 -3"><span class='ocrx_word' id='word_1_389' title='bbox 157 1335 256 1357; x_wconf 61' lang='lat' dir='ltr'><strong>avum,</strong></span> <span class='ocrx_word' id='word_1_390' title='bbox 283 1334 376 1353; x_wconf 75' lang='lat' dir='ltr'><strong>revera</strong></span> <span class='ocrx_word' id='word_1_391' title='bbox 391 1325 514 1352; x_wconf 82' lang='lat' dir='ltr'><strong>videmus</strong></span> <span class='ocrx_word' id='word_1_392' title='bbox 544 1324 570 1350; x_wconf 91' lang='lat' dir='ltr'><strong>in</strong></span> <span class='ocrx_word' id='word_1_393' title='bbox 591 1332 682 1356; x_wconf 83' lang='lat' dir='ltr'><strong>carne,</strong></span> <span class='ocrx_word' id='word_1_394' title='bbox 696 1325 723 1351; x_wconf 91' lang='lat' dir='ltr'><strong>in</strong></span> <span class='ocrx_word' id='word_1_395' title='bbox 746 1331 798 1358; x_wconf 85' lang='lat' dir='ltr'><strong>qua</strong></span> <span class='ocrx_word' id='word_1_396' title='bbox 821 1329 920 1350; x_wconf 78' lang='lat' dir='ltr'><strong>mortut</strong></span> 
     </span>
    </p>
   </div>
   <div class='ocr_carea' id='block_1_47' title="bbox 1011 1324 1774 1363">
    <p class='ocr_par' dir='ltr' id='par_1_47' title="bbox 1011 1325 1774 1363">
     <span class='ocr_line' id='line_1_47' title="bbox 1011 1325 1774 1363; baseline 0.007 -13"><span class='ocrx_word' id='word_1_397' title='bbox 1011 1325 1126 1361; x_wconf 86' lang='grc' dir='ltr'>ύναρχον</span> <span class='ocrx_word' id='word_1_398' title='bbox 1141 1326 1248 1359; x_wconf 74' lang='grc' dir='ltr'>εἴδομεν</span> <span class='ocrx_word' id='word_1_399' title='bbox 1262 1326 1291 1352; x_wconf 86' lang='grc' dir='ltr'>ὲν</span> <span class='ocrx_word' id='word_1_400' title='bbox 1307 1327 1339 1361; x_wconf 84' lang='grc' dir='ltr'>τῇ</span> <span class='ocrx_word' id='word_1_401' title='bbox 1352 1326 1446 1361; x_wconf 76' lang='grc' dir='ltr'>σαρκὶ,</span> <span class='ocrx_word' id='word_1_402' title='bbox 1457 1326 1505 1353; x_wconf 79' lang='grc' dir='ltr'>καὶ</span> <span class='ocrx_word' id='word_1_403' title='bbox 1515 1327 1543 1353; x_wconf 83' lang='grc' dir='ltr'>ὲν</span> <span class='ocrx_word' id='word_1_404' title='bbox 1557 1327 1625 1362; x_wconf 79' lang='grc' dir='ltr'>αὐτῇ</span> <span class='ocrx_word' id='word_1_405' title='bbox 1639 1327 1774 1363; x_wconf 77' lang='grc' dir='ltr'>ἀνέστησε</span> 
     </span>
    </p>
   </div>
   <div class='ocr_carea' id='block_1_48' title="bbox 157 1369 920 1408">
    <p class='ocr_par' dir='ltr' id='par_1_48' title="bbox 157 1369 920 1405">
     <span class='ocr_line' id='line_1_48' title="bbox 157 1369 920 1405; baseline -0.005 -6"><span class='ocrx_word' id='word_1_406' title='bbox 157 1372 298 1404; x_wconf 84' lang='lat' dir='ltr'><strong>excitavit,</strong></span> <span class='ocrx_word' id='word_1_407' title='bbox 310 1375 451 1405; x_wconf 86' lang='lat' dir='ltr'><strong>corruptos</strong></span> <span class='ocrx_word' id='word_1_408' title='bbox 468 1375 495 1396; x_wconf 90' lang='lat' dir='ltr'><strong>et</strong></span> <span class='ocrx_word' id='word_1_409' title='bbox 506 1377 557 1396; x_wconf 88' lang='lat' dir='ltr'><strong>non</strong></span> <span class='ocrx_word' id='word_1_410' title='bbox 587 1370 703 1403; x_wconf 84' lang='lat' dir='ltr'><strong>amplius</strong></span> <span class='ocrx_word' id='word_1_411' title='bbox 725 1369 887 1396; x_wconf 77' lang='lat' dir='ltr'><strong>exsistentes</strong></span> <span class='ocrx_word' id='word_1_412' title='bbox 909 1377 920 1394; x_wconf 84' lang='lat' dir='ltr'><strong>il</strong></span> 
     </span>
    </p>
   </div>
   <div class='ocr_carea' id='block_1_49' title="bbox 1012 1369 1775 1408">
    <p class='ocr_par' dir='ltr' id='par_1_49' title="bbox 1012 1371 1775 1408">
     <span class='ocr_line' id='line_1_49' title="bbox 1012 1371 1775 1408; baseline 0.005 -11"><span class='ocrx_word' id='word_1_413' title='bbox 1012 1371 1114 1406; x_wconf 77' lang='grc' dir='ltr'>εκροὺς,</span> <span class='ocrx_word' id='word_1_414' title='bbox 1131 1371 1326 1406; x_wconf 79' lang='grc' dir='ltr'><strong>φθειρομένους</strong></span> <span class='ocrx_word' id='word_1_415' title='bbox 1342 1371 1370 1398; x_wconf 74' lang='grc' dir='ltr'><em>δὲ</em></span> <span class='ocrx_word' id='word_1_416' title='bbox 1398 1373 1430 1398; x_wconf 82' lang='grc' dir='ltr'>ἐκ</span> <span class='ocrx_word' id='word_1_417' title='bbox 1447 1372 1494 1398; x_wconf 83' lang='grc' dir='ltr'>τοῦ</span> <span class='ocrx_word' id='word_1_418' title='bbox 1513 1373 1550 1408; x_wconf 88' lang='grc' dir='ltr'>μὴ</span> <span class='ocrx_word' id='word_1_419' title='bbox 1582 1374 1657 1405; x_wconf 64' lang='lat' dir='ltr'><strong>liv-:0;</strong></span> <span class='ocrx_word' id='word_1_420' title='bbox 1679 1375 1719 1406; x_wconf 79' lang='grc' dir='ltr'><strong>εἰς</strong></span> <span class='ocrx_word' id='word_1_421' title='bbox 1742 1375 1775 1401; x_wconf 73' lang='grc' dir='ltr'>τὸ</span> 
     </span>
    </p>
   </div>
   <div class='ocr_carea' id='block_1_50' title="bbox 157 1414 920 1453">
    <p class='ocr_par' dir='ltr' id='par_1_50' title="bbox 157 1415 920 1452">
     <span class='ocr_line' id='line_1_50' title="bbox 157 1415 920 1452; baseline -0.007 -6"><span class='ocrx_word' id='word_1_422' title='bbox 157 1425 218 1446; x_wconf 83' lang='lat' dir='ltr'><strong>esse</strong></span> <span class='ocrx_word' id='word_1_423' title='bbox 235 1417 378 1452; x_wconf 89' lang='lat' dir='ltr'><strong>pristinum</strong></span> <span class='ocrx_word' id='word_1_424' title='bbox 389 1415 535 1447; x_wconf 85' lang='lat' dir='ltr'><strong>revocavit,</strong></span> <span class='ocrx_word' id='word_1_425' title='bbox 547 1419 573 1442; x_wconf 87' lang='lat' dir='ltr'><strong>et</strong></span> <span class='ocrx_word' id='word_1_426' title='bbox 589 1423 699 1442; x_wconf 83' lang='lat' dir='ltr'><strong>carnem</strong></span> <span class='ocrx_word' id='word_1_427' title='bbox 714 1422 791 1442; x_wconf 88' lang='lat' dir='ltr'><strong>suam</strong></span> <span class='ocrx_word' id='word_1_428' title='bbox 804 1419 920 1442; x_wconf 73' lang='lat' dir='ltr'><strong>mortua:</strong></span> 
     </span>
    </p>
   </div>
   <div class='ocr_carea' id='block_1_51' title="bbox 1012 1414 1775 1453">
    <p class='ocr_par' dir='ltr' id='par_1_51' title="bbox 1012 1414 1775 1453">
     <span class='ocr_line' id='line_1_51' title="bbox 1012 1414 1775 1453; baseline 0.005 -11"><span class='ocrx_word' id='word_1_429' title='bbox 1012 1414 1060 1442; x_wconf 76' lang='grc' dir='ltr'>ῖναι</span> <span class='ocrx_word' id='word_1_430' title='bbox 1078 1416 1175 1447; x_wconf 80' lang='grc' dir='ltr'>αὐτοὺς</span> <span class='ocrx_word' id='word_1_431' title='bbox 1189 1417 1362 1452; x_wconf 79' lang='grc' dir='ltr'>παρήγαγεν,</span> <span class='ocrx_word' id='word_1_432' title='bbox 1399 1419 1446 1444; x_wconf 77' lang='grc' dir='ltr'><strong>καὶ</strong></span> <span class='ocrx_word' id='word_1_433' title='bbox 1461 1419 1511 1452; x_wconf 84' lang='grc' dir='ltr'>τὴν</span> <span class='ocrx_word' id='word_1_434' title='bbox 1527 1419 1614 1453; x_wconf 80' lang='grc' dir='ltr'>σάρκα</span> <span class='ocrx_word' id='word_1_435' title='bbox 1635 1420 1717 1446; x_wconf 77' lang='grc' dir='ltr'>αὑτοῦ</span> <span class='ocrx_word' id='word_1_436' title='bbox 1741 1421 1775 1447; x_wconf 84' lang='grc' dir='ltr'><strong>ὲκ</strong></span> 
     </span>
    </p>
   </div>
   <div class='ocr_carea' id='block_1_52' title="bbox 156 1461 919 1498">
    <p class='ocr_par' dir='ltr' id='par_1_52' title="bbox 156 1462 919 1498">
     <span class='ocr_line' id='line_1_52' title="bbox 156 1462 919 1498; baseline -0.007 -5"><span class='ocrx_word' id='word_1_437' title='bbox 156 1465 304 1493; x_wconf 81' lang='lat' dir='ltr'><strong>viviﬁcavit</strong></span> <span class='ocrx_word' id='word_1_438' title='bbox 327 1469 355 1490; x_wconf 90' lang='lat' dir='ltr'><strong>ut</strong></span> <span class='ocrx_word' id='word_1_439' title='bbox 372 1464 466 1490; x_wconf 69' lang='lat' dir='ltr'><strong>Deus?</strong></span> <span class='ocrx_word' id='word_1_440' title='bbox 482 1463 621 1496; x_wconf 86' lang='lat' dir='ltr'><strong>Quomodo</strong></span> <span class='ocrx_word' id='word_1_441' title='bbox 637 1470 703 1498; x_wconf 80' lang='lat' dir='ltr'><strong>ergo</strong></span> <span class='ocrx_word' id='word_1_442' title='bbox 734 1470 813 1498; x_wconf 89' lang='lat' dir='ltr'><strong>pares</strong></span> <span class='ocrx_word' id='word_1_443' title='bbox 838 1462 919 1489; x_wconf 83' lang='lat' dir='ltr'><strong>asseri</strong></span> 
     </span>
    </p>
   </div>
   <div class='ocr_carea' id='block_1_53' title="bbox 1012 1461 1775 1498">
    <p class='ocr_par' dir='ltr' id='par_1_53' title="bbox 1012 1461 1775 1498">
     <span class='ocr_line' id='line_1_53' title="bbox 1012 1461 1775 1498; baseline 0.008 -11"><span class='ocrx_word' id='word_1_444' title='bbox 1012 1461 1097 1497; x_wconf 76' lang='grc' dir='ltr'><strong>Ξκρῶν</strong></span> <span class='ocrx_word' id='word_1_445' title='bbox 1114 1461 1237 1498; x_wconf 76' lang='grc' dir='ltr'>ἠγειρεν,</span> <span class='ocrx_word' id='word_1_446' title='bbox 1254 1463 1302 1489; x_wconf 66' lang='grc' dir='ltr'>καὶ</span> <span class='ocrx_word' id='word_1_447' title='bbox 1316 1463 1468 1498; x_wconf 81' lang='grc' dir='ltr'><strong>ἀνέστησεν</strong></span> <span class='ocrx_word' id='word_1_448' title='bbox 1487 1464 1526 1494; x_wconf 88' lang='grc' dir='ltr'>ὡς</span> <span class='ocrx_word' id='word_1_449' title='bbox 1539 1464 1605 1496; x_wconf 85' lang='grc' dir='ltr'>Θεός</span> <span class='ocrx_word' id='word_1_450' title='bbox 1621 1474 1629 1497; x_wconf 91' lang='lat'><strong>;</strong></span> <span class='ocrx_word' id='word_1_451' title='bbox 1646 1466 1708 1497; x_wconf 86' lang='grc' dir='ltr'><strong>Πῶς</strong></span> <span class='ocrx_word' id='word_1_452' title='bbox 1727 1463 1775 1493; x_wconf 80' lang='grc' dir='ltr'>οὖν</span> 
     </span>
    </p>
   </div>
   <div class='ocr_carea' id='block_1_54' title="bbox 157 1507 920 1543">
    <p class='ocr_par' dir='ltr' id='par_1_54' title="bbox 157 1508 919 1543">
     <span class='ocr_line' id='line_1_54' title="bbox 157 1508 919 1543; baseline -0.005 -5"><span class='ocrx_word' id='word_1_453' title='bbox 157 1511 233 1539; x_wconf 85' lang='lat' dir='ltr'><strong>illum</strong></span> <span class='ocrx_word' id='word_1_454' title='bbox 249 1515 276 1538; x_wconf 85' lang='lat' dir='ltr'><strong>et</strong></span> <span class='ocrx_word' id='word_1_455' title='bbox 295 1508 528 1536; x_wconf 79' lang='lat' dir='ltr'><strong>Muliatnmedeln?</strong></span> <span class='ocrx_word' id='word_1_456' title='bbox 549 1509 600 1536; x_wconf 85' lang='lat' dir='ltr'><strong>Sed</strong></span> <span class='ocrx_word' id='word_1_457' title='bbox 629 1516 720 1535; x_wconf 83' lang='lat' dir='ltr'><strong>coram</strong></span> <span class='ocrx_word' id='word_1_458' title='bbox 754 1508 809 1536; x_wconf 88' lang='lat' dir='ltr'><strong>Deo</strong></span> <span class='ocrx_word' id='word_1_459' title='bbox 837 1509 919 1543; x_wconf 83' lang='lat' dir='ltr'><strong>aliqui</strong></span> 
     </span>
    </p>
   </div>
   <div class='ocr_carea' id='block_1_55' title="bbox 1012 1507 1775 1543">
    <p class='ocr_par' dir='ltr' id='par_1_55' title="bbox 1012 1507 1775 1543">
     <span class='ocr_line' id='line_1_55' title="bbox 1012 1507 1775 1543; baseline 0.005 -9"><span class='ocrx_word' id='word_1_460' title='bbox 1012 1507 1073 1534; x_wconf 79' lang='grc' dir='ltr'>ὺτὸν</span> <span class='ocrx_word' id='word_1_461' title='bbox 1088 1509 1135 1534; x_wconf 76' lang='grc' dir='ltr'>καὶ</span> <span class='ocrx_word' id='word_1_462' title='bbox 1148 1508 1193 1534; x_wconf 69' lang='grc' dir='ltr'>τὸν</span> <span class='ocrx_word' id='word_1_463' title='bbox 1212 1508 1362 1543; x_wconf 80' lang='grc' dir='ltr'>Μουχάμετ</span> <span class='ocrx_word' id='word_1_464' title='bbox 1385 1510 1441 1535; x_wconf 80' lang='grc' dir='ltr'>ἴσον</span> <span class='ocrx_word' id='word_1_465' title='bbox 1455 1511 1554 1542; x_wconf 61' lang='grc' dir='ltr'>ποιεῖς</span> <span class='ocrx_word' id='word_1_466' title='bbox 1571 1511 1700 1538; x_wconf 82' lang='grc' dir='ltr'>Ἐνώπιον</span> <span class='ocrx_word' id='word_1_467' title='bbox 1725 1511 1775 1538; x_wconf 82' lang='grc' dir='ltr'>τοῦ</span> 
     </span>
    </p>
   </div>
   <div class='ocr_carea' id='block_1_56' title="bbox 157 1552 920 1594">
    <p class='ocr_par' dir='ltr' id='par_1_56' title="bbox 157 1554 920 1589">
     <span class='ocr_line' id='line_1_56' title="bbox 157 1554 920 1589; baseline -0.004 -6"><span class='ocrx_word' id='word_1_468' title='bbox 157 1557 245 1584; x_wconf 84' lang='lat' dir='ltr'><strong>adhuc</strong></span> <span class='ocrx_word' id='word_1_469' title='bbox 257 1555 322 1582; x_wconf 89' lang='lat' dir='ltr'><strong>mihi</strong></span> <span class='ocrx_word' id='word_1_470' title='bbox 337 1559 460 1589; x_wconf 85' lang='lat' dir='ltr'><strong>superest</strong></span> <span class='ocrx_word' id='word_1_471' title='bbox 473 1555 572 1581; x_wconf 79' lang='lat' dir='ltr'><strong>clarius</strong></span> <span class='ocrx_word' id='word_1_472' title='bbox 585 1554 656 1588; x_wconf 89' lang='lat' dir='ltr'><strong>quod</strong></span> <span class='ocrx_word' id='word_1_473' title='bbox 670 1559 764 1581; x_wconf 88' lang='lat' dir='ltr'><strong>contra</strong></span> <span class='ocrx_word' id='word_1_474' title='bbox 780 1559 805 1582; x_wconf 85' lang='lat' dir='ltr'><strong>te</strong></span> <span class='ocrx_word' id='word_1_475' title='bbox 815 1561 920 1589; x_wconf 77' lang='lat' dir='ltr'><strong>urgeant</strong></span> 
     </span>
    </p>
   </div>
   <div class='ocr_carea' id='block_1_57' title="bbox 1012 1552 1775 1594">
    <p class='ocr_par' dir='ltr' id='par_1_57' title="bbox 1012 1552 1775 1591">
     <span class='ocr_line' id='line_1_57' title="bbox 1012 1552 1775 1591; baseline 0.007 -13"><span class='ocrx_word' id='word_1_476' title='bbox 1012 1552 1065 1579; x_wconf 76' lang='grc' dir='ltr'>ἐοῦ</span> <span class='ocrx_word' id='word_1_477' title='bbox 1083 1553 1251 1587; x_wconf 84' lang='grc' dir='ltr'>σαφέστερόν</span> <span class='ocrx_word' id='word_1_478' title='bbox 1278 1562 1318 1580; x_wconf 83' lang='grc' dir='ltr'><strong>σοι</strong></span> <span class='ocrx_word' id='word_1_479' title='bbox 1343 1554 1423 1581; x_wconf 74' lang='grc' dir='ltr'>εἴπω.</span> <span class='ocrx_word' id='word_1_480' title='bbox 1451 1554 1564 1590; x_wconf 64' lang='grc' dir='ltr'>Μέλλων</span> <span class='ocrx_word' id='word_1_481' title='bbox 1587 1555 1723 1591; x_wconf 68' lang='grc' dir='ltr'>εὔχεσθαι,</span> <span class='ocrx_word' id='word_1_482' title='bbox 1748 1558 1775 1584; x_wconf 80' lang='grc' dir='ltr'>οἱ</span> 
     </span>
    </p>
   </div>
   <div class='ocr_carea' id='block_1_58' title="bbox 157 1597 920 1635">
    <p class='ocr_par' dir='ltr' id='par_1_58' title="bbox 157 1600 920 1635">
     <span class='ocr_line' id='line_1_58' title="bbox 157 1600 920 1635; baseline -0.001 -7"><span class='ocrx_word' id='word_1_483' title='bbox 157 1601 224 1628; x_wconf 86' lang='lat' dir='ltr'><strong>Cum</strong></span> <span class='ocrx_word' id='word_1_484' title='bbox 240 1608 270 1628; x_wconf 86' lang='lat' dir='ltr'><strong>es</strong></span> <span class='ocrx_word' id='word_1_485' title='bbox 285 1601 400 1627; x_wconf 90' lang='lat' dir='ltr'><strong>orationi</strong></span> <span class='ocrx_word' id='word_1_486' title='bbox 410 1605 437 1627; x_wconf 89' lang='lat' dir='ltr'><strong>et</strong></span> <span class='ocrx_word' id='word_1_487' title='bbox 452 1600 577 1633; x_wconf 76' lang='lat' dir='ltr'><strong>precibus</strong></span> <span class='ocrx_word' id='word_1_488' title='bbox 592 1607 702 1635; x_wconf 87' lang='lat' dir='ltr'><strong>operam</strong></span> <span class='ocrx_word' id='word_1_489' title='bbox 719 1601 841 1632; x_wconf 85' lang='lat' dir='ltr'><strong>daturus,</strong></span> <span class='ocrx_word' id='word_1_490' title='bbox 856 1600 920 1634; x_wconf 87' lang='lat' dir='ltr'><strong>pede</strong></span> 
     </span>
    </p>
   </div>
   <div class='ocr_carea' id='block_1_59' title="bbox 1011 1597 1774 1635">
    <p class='ocr_par' dir='ltr' id='par_1_59' title="bbox 1013 1597 1774 1635">
     <span class='ocr_line' id='line_1_59' title="bbox 1013 1597 1774 1635; baseline 0.009 -12"><span class='ocrx_word' id='word_1_491' title='bbox 1013 1597 1072 1629; x_wconf 81' lang='grc' dir='ltr'>όδες</span> <span class='ocrx_word' id='word_1_492' title='bbox 1091 1606 1138 1624; x_wconf 79' lang='grc' dir='ltr'><strong>σου</strong></span> <span class='ocrx_word' id='word_1_493' title='bbox 1155 1598 1184 1624; x_wconf 85' lang='grc' dir='ltr'>ἐν</span> <span class='ocrx_word' id='word_1_494' title='bbox 1203 1599 1235 1633; x_wconf 80' lang='grc' dir='ltr'><strong>τῇ</strong></span> <span class='ocrx_word' id='word_1_495' title='bbox 1249 1599 1295 1633; x_wconf 84' lang='grc' dir='ltr'><strong>γῇ.</strong></span> <span class='ocrx_word' id='word_1_496' title='bbox 1318 1599 1373 1625; x_wconf 75' lang='grc' dir='ltr'><strong>Καὶ</strong></span> <span class='ocrx_word' id='word_1_497' title='bbox 1389 1600 1402 1625; x_wconf 99' lang='lat'><strong>6</strong></span> <span class='ocrx_word' id='word_1_498' title='bbox 1418 1600 1568 1635; x_wconf 82' lang='grc' dir='ltr'>Μουχάμετ</span> <span class='ocrx_word' id='word_1_499' title='bbox 1593 1603 1682 1629; x_wconf 84' lang='grc' dir='ltr'>κεῖται</span> <span class='ocrx_word' id='word_1_500' title='bbox 1705 1603 1774 1630; x_wconf 86' lang='grc' dir='ltr'>ὐπο-</span> 
     </span>
    </p>
   </div>
   <div class='ocr_carea' id='block_1_60' title="bbox 157 1643 920 1681">
    <p class='ocr_par' dir='ltr' id='par_1_60' title="bbox 157 1644 920 1680">
     <span class='ocr_line' id='line_1_60' title="bbox 157 1644 920 1680; baseline -0.004 -6"><span class='ocrx_word' id='word_1_501' title='bbox 157 1648 242 1674; x_wconf 84' lang='lat' dir='ltr'><strong>liabes</strong></span> <span class='ocrx_word' id='word_1_502' title='bbox 259 1653 340 1680; x_wconf 81' lang='lat' dir='ltr'><strong>super</strong></span> <span class='ocrx_word' id='word_1_503' title='bbox 355 1651 466 1678; x_wconf 83' lang='lat' dir='ltr'><strong>terram,</strong></span> <span class='ocrx_word' id='word_1_504' title='bbox 488 1650 515 1672; x_wconf 89' lang='lat' dir='ltr'><strong>et</strong></span> <span class='ocrx_word' id='word_1_505' title='bbox 530 1645 581 1672; x_wconf 87' lang='lat' dir='ltr'><strong>sub</strong></span> <span class='ocrx_word' id='word_1_506' title='bbox 597 1645 710 1679; x_wconf 87' lang='lat' dir='ltr'><strong>pedibus</strong></span> <span class='ocrx_word' id='word_1_507' title='bbox 725 1645 778 1672; x_wconf 90' lang='lat' dir='ltr'><strong>tuis</strong></span> <span class='ocrx_word' id='word_1_508' title='bbox 792 1645 864 1679; x_wconf 82' lang='lat' dir='ltr'><strong>jacet</strong></span> <span class='ocrx_word' id='word_1_509' title='bbox 877 1644 920 1672; x_wconf 85' lang='lat' dir='ltr'><strong>Mu</strong></span> 
     </span>
    </p>
   </div>
   <div class='ocr_carea' id='block_1_61' title="bbox 1011 1643 1774 1681">
    <p class='ocr_par' dir='ltr' id='par_1_61' title="bbox 1011 1643 1774 1681">
     <span class='ocr_line' id='line_1_61' title="bbox 1011 1643 1774 1681; baseline 0.007 -11"><span class='ocrx_word' id='word_1_510' title='bbox 1011 1643 1065 1670; x_wconf 79' lang='grc' dir='ltr'><strong>άτω</strong></span> <span class='ocrx_word' id='word_1_511' title='bbox 1079 1643 1132 1669; x_wconf 86' lang='grc' dir='ltr'><strong>τῶν</strong></span> <span class='ocrx_word' id='word_1_512' title='bbox 1152 1643 1240 1669; x_wconf 82' lang='grc' dir='ltr'>ποδῶν</span> <span class='ocrx_word' id='word_1_513' title='bbox 1268 1652 1315 1670; x_wconf 90' lang='grc' dir='ltr'><strong>σου</strong></span> <span class='ocrx_word' id='word_1_514' title='bbox 1340 1645 1369 1670; x_wconf 73' lang='grc' dir='ltr'>ἐν</span> <span class='ocrx_word' id='word_1_515' title='bbox 1390 1646 1423 1680; x_wconf 85' lang='grc' dir='ltr'>τῇ</span> <span class='ocrx_word' id='word_1_516' title='bbox 1447 1647 1482 1680; x_wconf 83' lang='grc' dir='ltr'>γῇ</span> <span class='ocrx_word' id='word_1_517' title='bbox 1503 1647 1694 1681; x_wconf 81' lang='grc' dir='ltr'>σεσαπημένος</span> <span class='ocrx_word' id='word_1_518' title='bbox 1725 1649 1774 1675; x_wconf 83' lang='grc' dir='ltr'>καὶ</span> 
     </span>
    </p>
   </div>
   <div class='ocr_carea' id='block_1_62' title="bbox 159 1687 922 1728">
    <p class='ocr_par' dir='ltr' id='par_1_62' title="bbox 159 1691 922 1725">
     <span class='ocr_line' id='line_1_62' title="bbox 159 1691 922 1725; baseline -0.004 -6"><span class='ocrx_word' id='word_1_519' title='bbox 159 1693 283 1719; x_wconf 83' lang='lat' dir='ltr'><strong>liaunned</strong></span> <span class='ocrx_word' id='word_1_520' title='bbox 298 1693 324 1718; x_wconf 88' lang='lat' dir='ltr'><strong>in</strong></span> <span class='ocrx_word' id='word_1_521' title='bbox 344 1697 428 1722; x_wconf 85' lang='lat' dir='ltr'><strong>terra,</strong></span> <span class='ocrx_word' id='word_1_522' title='bbox 442 1691 584 1725; x_wconf 89' lang='lat' dir='ltr'><strong>putredine</strong></span> <span class='ocrx_word' id='word_1_523' title='bbox 604 1698 636 1717; x_wconf 81' lang='lat' dir='ltr'><strong>ac</strong></span> <span class='ocrx_word' id='word_1_524' title='bbox 661 1691 799 1717; x_wconf 83' lang='lat' dir='ltr'><strong>vermibus</strong></span> <span class='ocrx_word' id='word_1_525' title='bbox 814 1697 922 1720; x_wconf 84' lang='lat' dir='ltr'><strong>corrosu</strong></span> 
     </span>
    </p>
   </div>
   <div class='ocr_carea' id='block_1_63' title="bbox 1012 1687 1775 1728">
    <p class='ocr_par' dir='ltr' id='par_1_63' title="bbox 1012 1687 1775 1728">
     <span class='ocr_line' id='line_1_63' title="bbox 1012 1687 1775 1728; baseline 0.009 -15"><span class='ocrx_word' id='word_1_526' title='bbox 1012 1687 1198 1722; x_wconf 74' lang='grc' dir='ltr'>ιεφϐαρμένος,</span> <span class='ocrx_word' id='word_1_527' title='bbox 1227 1689 1274 1715; x_wconf 69' lang='grc' dir='ltr'><strong>καὶ</strong></span> <span class='ocrx_word' id='word_1_528' title='bbox 1297 1689 1368 1724; x_wconf 72' lang='grc' dir='ltr'>ἄρας</span> <span class='ocrx_word' id='word_1_529' title='bbox 1391 1690 1440 1721; x_wconf 75' lang='grc' dir='ltr'><strong>τὰς</strong></span> <span class='ocrx_word' id='word_1_530' title='bbox 1469 1692 1563 1725; x_wconf 71' lang='grc' dir='ltr'>χεῖράς</span> <span class='ocrx_word' id='word_1_531' title='bbox 1580 1701 1628 1718; x_wconf 89' lang='grc' dir='ltr'><strong>σου</strong></span> <span class='ocrx_word' id='word_1_532' title='bbox 1645 1694 1715 1728; x_wconf 74' lang='grc' dir='ltr'>πρὸς</span> <span class='ocrx_word' id='word_1_533' title='bbox 1742 1694 1775 1720; x_wconf 80' lang='grc' dir='ltr'>τὸ</span> 
     </span>
    </p>
   </div>
   <div class='ocr_carea' id='block_1_64' title="bbox 158 1731 921 1773">
    <p class='ocr_par' dir='ltr' id='par_1_64' title="bbox 158 1735 919 1769">
     <span class='ocr_line' id='line_1_64' title="bbox 158 1735 919 1769; baseline -0.003 -5"><span class='ocrx_word' id='word_1_534' title='bbox 158 1743 185 1764; x_wconf 83' lang='lat' dir='ltr'><strong>et</strong></span> <span class='ocrx_word' id='word_1_535' title='bbox 203 1737 357 1769; x_wconf 80' lang='lat' dir='ltr'><strong>dissolutus,</strong></span> <span class='ocrx_word' id='word_1_536' title='bbox 369 1744 464 1763; x_wconf 90' lang='lat' dir='ltr'><strong>manus</strong></span> <span class='ocrx_word' id='word_1_537' title='bbox 475 1743 539 1763; x_wconf 87' lang='lat' dir='ltr'><strong>vero</strong></span> <span class='ocrx_word' id='word_1_538' title='bbox 552 1735 621 1763; x_wconf 84' lang='lat' dir='ltr'><strong>tollis</strong></span> <span class='ocrx_word' id='word_1_539' title='bbox 637 1740 665 1763; x_wconf 85' lang='lat' dir='ltr'><strong>et.</strong></span> <span class='ocrx_word' id='word_1_540' title='bbox 680 1736 767 1763; x_wconf 88' lang='lat' dir='ltr'><strong>tendis</strong></span> <span class='ocrx_word' id='word_1_541' title='bbox 789 1736 822 1762; x_wconf 85' lang='lat' dir='ltr'><strong>ad</strong></span> <span class='ocrx_word' id='word_1_542' title='bbox 840 1736 919 1763; x_wconf 69' lang='lat' dir='ltr'><strong>cmlur</strong></span> 
     </span>
    </p>
   </div>
   <div class='ocr_carea' id='block_1_65' title="bbox 1012 1731 1775 1773">
    <p class='ocr_par' dir='ltr' id='par_1_65' title="bbox 1012 1731 1775 1773">
     <span class='ocr_line' id='line_1_65' title="bbox 1012 1731 1775 1773; baseline 0.01 -14"><span class='ocrx_word' id='word_1_543' title='bbox 1012 1732 1058 1767; x_wconf 62' lang='lat'><strong>{10;</strong></span> <span class='ocrx_word' id='word_1_544' title='bbox 1074 1733 1120 1759; x_wconf 84' lang='grc' dir='ltr'><strong>τοῦ</strong></span> <span class='ocrx_word' id='word_1_545' title='bbox 1136 1734 1263 1768; x_wconf 76' lang='grc' dir='ltr'>οὐρανοῦ,</span> <span class='ocrx_word' id='word_1_546' title='bbox 1276 1734 1305 1760; x_wconf 86' lang='grc' dir='ltr'>ὲν</span> <span class='ocrx_word' id='word_1_547' title='bbox 1318 1731 1340 1767; x_wconf 84' lang='grc' dir='ltr'>ᾧ</span> <span class='ocrx_word' id='word_1_548' title='bbox 1357 1736 1432 1762; x_wconf 79' lang='grc' dir='ltr'>ἐστιν</span> <span class='ocrx_word' id='word_1_549' title='bbox 1447 1736 1461 1761; x_wconf 89' lang='lat'><strong>6</strong></span> <span class='ocrx_word' id='word_1_550' title='bbox 1478 1736 1566 1770; x_wconf 81' lang='grc' dir='ltr'>Λόγος</span> <span class='ocrx_word' id='word_1_551' title='bbox 1581 1738 1629 1764; x_wconf 79' lang='grc' dir='ltr'><strong>τοῦ</strong></span> <span class='ocrx_word' id='word_1_552' title='bbox 1640 1738 1718 1773; x_wconf 81' lang='grc' dir='ltr'>Θεοῦ,</span> <span class='ocrx_word' id='word_1_553' title='bbox 1728 1740 1775 1767; x_wconf 75' lang='grc' dir='ltr'><strong>καὶ</strong></span> 
     </span>
    </p>
   </div>
   <div class='ocr_carea' id='block_1_66' title="bbox 158 1778 921 1816">
    <p class='ocr_par' dir='ltr' id='par_1_66' title="bbox 158 1781 921 1816">
     <span class='ocr_line' id='line_1_66' title="bbox 158 1781 921 1816; baseline -0.001 -7"><span class='ocrx_word' id='word_1_554' title='bbox 158 1782 203 1809; x_wconf 87' lang='lat' dir='ltr'><strong>tibi</strong></span> <span class='ocrx_word' id='word_1_555' title='bbox 231 1787 273 1809; x_wconf 87' lang='lat' dir='ltr'><strong>est</strong></span> <span class='ocrx_word' id='word_1_556' title='bbox 289 1781 405 1808; x_wconf 89' lang='lat' dir='ltr'><strong>Verbum</strong></span> <span class='ocrx_word' id='word_1_557' title='bbox 433 1782 533 1812; x_wconf 87' lang='lat' dir='ltr'><strong>Dei,et</strong></span> <span class='ocrx_word' id='word_1_558' title='bbox 556 1782 669 1808; x_wconf 80' lang='lat' dir='ltr'><strong>thronus</strong></span> <span class='ocrx_word' id='word_1_559' title='bbox 689 1781 747 1816; x_wconf 83' lang='lat' dir='ltr'><strong>ejus</strong></span> <span class='ocrx_word' id='word_1_560' title='bbox 771 1786 798 1808; x_wconf 90' lang='lat' dir='ltr'><strong>et</strong></span> <span class='ocrx_word' id='word_1_561' title='bbox 823 1781 921 1816; x_wconf 90' lang='lat' dir='ltr'><strong>Spiritu</strong></span> 
     </span>
    </p>
   </div>
   <div class='ocr_carea' id='block_1_67' title="bbox 1013 1778 1776 1816">
    <p class='ocr_par' dir='ltr' id='par_1_67' title="bbox 1017 1778 1776 1815">
     <span class='ocr_line' id='line_1_67' title="bbox 1017 1778 1776 1815; baseline 0.011 -11"><span class='ocrx_word' id='word_1_562' title='bbox 1017 1778 1109 1813; x_wconf 80' lang='grc' dir='ltr'>θρόνος</span> <span class='ocrx_word' id='word_1_563' title='bbox 1126 1778 1222 1809; x_wconf 79' lang='grc' dir='ltr'>αὑτοῦ.</span> <span class='ocrx_word' id='word_1_564' title='bbox 1239 1779 1286 1805; x_wconf 59' lang='grc' dir='ltr'><strong>καὶ¹</strong></span> <span class='ocrx_word' id='word_1_565' title='bbox 1296 1779 1409 1814; x_wconf 80' lang='grc' dir='ltr'>Πνεῦμα</span> <span class='ocrx_word' id='word_1_566' title='bbox 1429 1781 1459 1806; x_wconf 81' lang='grc' dir='ltr'><strong>τὸ</strong></span> <span class='ocrx_word' id='word_1_567' title='bbox 1472 1781 1569 1815; x_wconf 77' lang='grc' dir='ltr'>ἅγιον,</span> <span class='ocrx_word' id='word_1_568' title='bbox 1587 1783 1633 1809; x_wconf 78' lang='grc' dir='ltr'><strong>καὶ</strong></span> <span class='ocrx_word' id='word_1_569' title='bbox 1649 1784 1711 1811; x_wconf 81' lang='grc' dir='ltr'>ὅθεν</span> <span class='ocrx_word' id='word_1_570' title='bbox 1721 1786 1776 1811; x_wconf 80' lang='grc' dir='ltr'><strong>κεῖ-</strong></span> 
     </span>
    </p>
   </div>
   <div class='ocr_carea' id='block_1_68' title="bbox 158 1823 921 1859">
    <p class='ocr_par' dir='ltr' id='par_1_68' title="bbox 158 1824 921 1859">
     <span class='ocr_line' id='line_1_68' title="bbox 158 1824 921 1859; baseline -0.004 -6"><span class='ocrx_word' id='word_1_571' title='bbox 158 1831 286 1858; x_wconf 83' lang='lat' dir='ltr'><strong>sanctus;</strong></span> <span class='ocrx_word' id='word_1_572' title='bbox 305 1829 332 1852; x_wconf 83' lang='lat' dir='ltr'><strong>et</strong></span> <span class='ocrx_word' id='word_1_573' title='bbox 359 1826 448 1852; x_wconf 89' lang='lat' dir='ltr'><strong>locum</strong></span> <span class='ocrx_word' id='word_1_574' title='bbox 476 1825 520 1852; x_wconf 84' lang='lat' dir='ltr'><strong>tibi</strong></span> <span class='ocrx_word' id='word_1_575' title='bbox 544 1825 617 1858; x_wconf 85' lang='lat' dir='ltr'><strong>jacet</strong></span> <span class='ocrx_word' id='word_1_576' title='bbox 633 1824 800 1851; x_wconf 76' lang='lat' dir='ltr'><strong>Muliantmed</strong></span> <span class='ocrx_word' id='word_1_577' title='bbox 826 1825 921 1859; x_wconf 88' lang='lat' dir='ltr'><strong>pedibu</strong></span> 
     </span>
    </p>
   </div>
   <div class='ocr_carea' id='block_1_69' title="bbox 1013 1823 1776 1859">
    <p class='ocr_par' dir='ltr' id='par_1_69' title="bbox 1013 1823 1776 1859">
     <span class='ocr_line' id='line_1_69' title="bbox 1013 1823 1776 1859; baseline 0.012 -10"><span class='ocrx_word' id='word_1_578' title='bbox 1013 1832 1035 1850; x_wconf 84' lang='grc' dir='ltr'><strong>ιι</strong></span> <span class='ocrx_word' id='word_1_579' title='bbox 1050 1825 1064 1850; x_wconf 87' lang='lat'><strong>6</strong></span> <span class='ocrx_word' id='word_1_580' title='bbox 1087 1823 1250 1858; x_wconf 76' lang='grc' dir='ltr'>Μουχάμετ,</span> <span class='ocrx_word' id='word_1_581' title='bbox 1281 1827 1459 1857; x_wconf 83' lang='grc' dir='ltr'>καταπατεῖς,</span> <span class='ocrx_word' id='word_1_582' title='bbox 1489 1827 1556 1853; x_wconf 82' lang='grc' dir='ltr'>ὅπου</span> <span class='ocrx_word' id='word_1_583' title='bbox 1578 1829 1605 1855; x_wconf 67' lang='grc' dir='ltr'><strong>δὲ</strong></span> <span class='ocrx_word' id='word_1_584' title='bbox 1624 1832 1746 1857; x_wconf 77' lang='grc' dir='ltr'>κατοικεῖ</span> <span class='ocrx_word' id='word_1_585' title='bbox 1760 1832 1776 1859; x_wconf 87' lang='lat'><strong>6</strong></span> 
     </span>
    </p>
   </div>
   <div class='ocr_carea' id='block_1_70' title="bbox 158 1868 921 1909">
    <p class='ocr_par' dir='ltr' id='par_1_70' title="bbox 158 1868 921 1906">
     <span class='ocr_line' id='line_1_70' title="bbox 158 1868 921 1906; baseline -0.001 -9"><span class='ocrx_word' id='word_1_586' title='bbox 158 1871 250 1906; x_wconf 84' lang='lat' dir='ltr'><strong>pulsas</strong></span> <span class='ocrx_word' id='word_1_587' title='bbox 265 1876 290 1898; x_wconf 89' lang='lat' dir='ltr'><strong>et</strong></span> <span class='ocrx_word' id='word_1_588' title='bbox 308 1871 408 1902; x_wconf 81' lang='lat' dir='ltr'><strong>calcas,</strong></span> <span class='ocrx_word' id='word_1_589' title='bbox 422 1871 454 1897; x_wconf 84' lang='lat' dir='ltr'><strong>ad</strong></span> <span class='ocrx_word' id='word_1_590' title='bbox 470 1870 557 1897; x_wconf 91' lang='lat' dir='ltr'><strong>locum</strong></span> <span class='ocrx_word' id='word_1_591' title='bbox 577 1878 640 1897; x_wconf 84' lang='lat' dir='ltr'><strong>vero</strong></span> <span class='ocrx_word' id='word_1_592' title='bbox 661 1870 705 1896; x_wconf 88' lang='lat' dir='ltr'><strong>ubi</strong></span> <span class='ocrx_word' id='word_1_593' title='bbox 735 1869 839 1896; x_wconf 76' lang='lat' dir='ltr'><strong>habitat</strong></span> <span class='ocrx_word' id='word_1_594' title='bbox 869 1868 921 1896; x_wconf 87' lang='lat' dir='ltr'><strong>Ver</strong></span> 
     </span>
    </p>
   </div>
   <div class='ocr_carea' id='block_1_71' title="bbox 1012 1868 1775 1909">
    <p class='ocr_par' dir='ltr' id='par_1_71' title="bbox 1013 1869 1775 1909">
     <span class='ocr_line' id='line_1_71' title="bbox 1013 1869 1775 1909; baseline 0.01 -14"><span class='ocrx_word' id='word_1_595' title='bbox 1013 1869 1075 1904; x_wconf 82' lang='grc' dir='ltr'>όγος</span> <span class='ocrx_word' id='word_1_596' title='bbox 1088 1869 1136 1895; x_wconf 86' lang='grc' dir='ltr'>τοῦ</span> <span class='ocrx_word' id='word_1_597' title='bbox 1151 1869 1231 1902; x_wconf 82' lang='grc' dir='ltr'>Θεοῦ,</span> <span class='ocrx_word' id='word_1_598' title='bbox 1246 1871 1286 1901; x_wconf 79' lang='grc' dir='ltr'><strong>εἰς</strong></span> <span class='ocrx_word' id='word_1_599' title='bbox 1305 1870 1373 1905; x_wconf 71' lang='grc' dir='ltr'>ὕψος</span> <span class='ocrx_word' id='word_1_600' title='bbox 1389 1872 1476 1907; x_wconf 74' lang='grc' dir='ltr'>αἴρων</span> <span class='ocrx_word' id='word_1_601' title='bbox 1489 1874 1538 1905; x_wconf 83' lang='grc' dir='ltr'><strong>τὰς</strong></span> <span class='ocrx_word' id='word_1_602' title='bbox 1552 1875 1645 1909; x_wconf 75' lang='grc' dir='ltr'>χεῖράς</span> <span class='ocrx_word' id='word_1_603' title='bbox 1660 1884 1706 1902; x_wconf 76' lang='grc' dir='ltr'><strong>σου</strong></span> <span class='ocrx_word' id='word_1_604' title='bbox 1721 1885 1775 1903; x_wconf 63' lang='grc' dir='ltr'>παι</span> 
     </span>
    </p>
   </div>
   <div class='ocr_carea' id='block_1_72' title="bbox 158 1913 921 1956">
    <p class='ocr_par' dir='ltr' id='par_1_72' title="bbox 158 1915 921 1948">
     <span class='ocr_line' id='line_1_72' title="bbox 158 1915 921 1948; baseline -0.003 -5"><span class='ocrx_word' id='word_1_605' title='bbox 158 1917 219 1943; x_wconf 93' lang='lat' dir='ltr'><strong>bum</strong></span> <span class='ocrx_word' id='word_1_606' title='bbox 236 1916 293 1948; x_wconf 90' lang='lat' dir='ltr'><strong>Dei,</strong></span> <span class='ocrx_word' id='word_1_607' title='bbox 309 1916 341 1942; x_wconf 90' lang='lat' dir='ltr'><strong>ad</strong></span> <span class='ocrx_word' id='word_1_608' title='bbox 365 1915 530 1943; x_wconf 85' lang='lat' dir='ltr'><strong>celsissimos</strong></span> <span class='ocrx_word' id='word_1_609' title='bbox 546 1916 612 1942; x_wconf 86' lang='lat' dir='ltr'><strong>istos</strong></span> <span class='ocrx_word' id='word_1_610' title='bbox 634 1915 718 1943; x_wconf 67' lang='lat' dir='ltr'><strong>caelos</strong></span> <span class='ocrx_word' id='word_1_611' title='bbox 749 1922 843 1942; x_wconf 90' lang='lat' dir='ltr'><strong>manus</strong></span> <span class='ocrx_word' id='word_1_612' title='bbox 868 1915 921 1942; x_wconf 80' lang='lat' dir='ltr'><strong>sole</strong></span> 
     </span>
    </p>
   </div>
   <div class='ocr_carea' id='block_1_73' title="bbox 1011 1913 1774 1956">
    <p class='ocr_par' dir='ltr' id='par_1_73' title="bbox 1011 1913 1774 1956">
     <span class='ocr_line' id='line_1_73' title="bbox 1011 1913 1774 1956; baseline 0.009 -14"><span class='ocrx_word' id='word_1_613' title='bbox 1011 1915 1122 1946; x_wconf 80' lang='grc' dir='ltr'>ακαλεῖς</span> <span class='ocrx_word' id='word_1_614' title='bbox 1135 1915 1171 1942; x_wconf 85' lang='grc' dir='ltr'>τὰ</span> <span class='ocrx_word' id='word_1_615' title='bbox 1181 1916 1296 1951; x_wconf 84' lang='grc' dir='ltr'>οὐράνια</span> <span class='ocrx_word' id='word_1_616' title='bbox 1309 1916 1449 1952; x_wconf 83' lang='grc' dir='ltr'><strong>τάγματα,</strong></span> <span class='ocrx_word' id='word_1_617' title='bbox 1465 1913 1609 1953; x_wconf 74' lang='grc' dir='ltr'>ἀγγέλους,</span> <span class='ocrx_word' id='word_1_618' title='bbox 1634 1922 1774 1956; x_wconf 82' lang='grc' dir='ltr'>ἀρχαγγέ-</span> 
     </span>
    </p>
   </div>
   <div class='ocr_carea' id='block_1_74' title="bbox 157 1961 920 2001">
    <p class='ocr_par' dir='ltr' id='par_1_74' title="bbox 157 1961 920 1995">
     <span class='ocr_line' id='line_1_74' title="bbox 157 1961 920 1995; baseline -0.001 -7"><span class='ocrx_word' id='word_1_619' title='bbox 157 1962 291 1995; x_wconf 87' lang='lat' dir='ltr'><strong>attollere,</strong></span> <span class='ocrx_word' id='word_1_620' title='bbox 305 1966 334 1989; x_wconf 87' lang='lat' dir='ltr'><strong>et</strong></span> <span class='ocrx_word' id='word_1_621' title='bbox 360 1962 470 1989; x_wconf 85' lang='lat' dir='ltr'><strong>invocas</strong></span> <span class='ocrx_word' id='word_1_622' title='bbox 498 1962 624 1989; x_wconf 67' lang='lat' dir='ltr'><strong>caelestes</strong></span> <span class='ocrx_word' id='word_1_623' title='bbox 647 1962 794 1993; x_wconf 78' lang='lat' dir='ltr'><strong>exercitus,</strong></span> <span class='ocrx_word' id='word_1_624' title='bbox 818 1961 920 1995; x_wconf 71' lang='lat' dir='ltr'><strong>angelo:</strong></span> 
     </span>
    </p>
   </div>
   <div class='ocr_carea' id='block_1_75' title="bbox 1012 1961 1775 2001">
    <p class='ocr_par' dir='ltr' id='par_1_75' title="bbox 1012 1962 1775 2001">
     <span class='ocr_line' id='line_1_75' title="bbox 1012 1962 1775 2001; baseline 0.009 -14"><span class='ocrx_word' id='word_1_625' title='bbox 1012 1970 1068 1994; x_wconf 91' lang='grc' dir='ltr'>ους,</span> <span class='ocrx_word' id='word_1_626' title='bbox 1084 1962 1235 1997; x_wconf 68' lang='grc' dir='ltr'>Χερουϐὶμ,</span> <span class='ocrx_word' id='word_1_627' title='bbox 1248 1962 1280 1988; x_wconf 84' lang='grc' dir='ltr'>Σε</span> <span class='ocrx_word' id='word_1_628' title='bbox 1285 1964 1383 1997; x_wconf 71' lang='grc' dir='ltr'>ραφὶμ,</span> <span class='ocrx_word' id='word_1_629' title='bbox 1394 1964 1557 1998; x_wconf 73' lang='grc' dir='ltr'>ὑμνοῦντας,</span> <span class='ocrx_word' id='word_1_630' title='bbox 1566 1966 1775 2001; x_wconf 76' lang='grc' dir='ltr'>δοξολογοῦντας</span> 
     </span>
    </p>
   </div>
   <div class='ocr_carea' id='block_1_76' title="bbox 158 2007 921 2048">
    <p class='ocr_par' dir='ltr' id='par_1_76' title="bbox 158 2007 921 2042">
     <span class='ocr_line' id='line_1_76' title="bbox 158 2007 921 2042; baseline -0.003 -7"><span class='ocrx_word' id='word_1_631' title='bbox 158 2008 346 2042; x_wconf 81' lang='lat' dir='ltr'><strong>archangelos,</strong></span> <span class='ocrx_word' id='word_1_632' title='bbox 359 2008 518 2039; x_wconf 84' lang='lat' dir='ltr'><strong>Cheruhim,</strong></span> <span class='ocrx_word' id='word_1_633' title='bbox 537 2007 693 2042; x_wconf 85' lang='lat' dir='ltr'><strong>Seraphim,</strong></span> <span class='ocrx_word' id='word_1_634' title='bbox 710 2007 754 2041; x_wconf 88' lang='lat' dir='ltr'><strong>qui</strong></span> <span class='ocrx_word' id='word_1_635' title='bbox 785 2007 893 2042; x_wconf 81' lang='lat' dir='ltr'><strong>hymnis</strong></span> <span class='ocrx_word' id='word_1_636' title='bbox 912 2014 921 2033; x_wconf 77' lang='grc' dir='ltr'><strong>ε</strong></span> 
     </span>
    </p>
   </div>
   <div class='ocr_carea' id='block_1_77' title="bbox 1011 2007 1774 2048">
    <p class='ocr_par' dir='ltr' id='par_1_77' title="bbox 1011 2007 1774 2048">
     <span class='ocr_line' id='line_1_77' title="bbox 1011 2007 1774 2048; baseline 0.009 -15"><span class='ocrx_word' id='word_1_637' title='bbox 1011 2007 1036 2033; x_wconf 73' lang='lat' dir='ltr'><strong>5v</strong></span> <span class='ocrx_word' id='word_1_638' title='bbox 1048 2007 1271 2043; x_wconf 80' lang='grc' dir='ltr'>μεγαλοδύναμον</span> <span class='ocrx_word' id='word_1_639' title='bbox 1285 2009 1353 2035; x_wconf 83' lang='grc' dir='ltr'>Θεὸν</span> <span class='ocrx_word' id='word_1_640' title='bbox 1371 2009 1419 2035; x_wconf 80' lang='grc' dir='ltr'>σὺν</span> <span class='ocrx_word' id='word_1_641' title='bbox 1432 2010 1471 2045; x_wconf 81' lang='grc' dir='ltr'>τῷ</span> <span class='ocrx_word' id='word_1_642' title='bbox 1479 2011 1559 2046; x_wconf 83' lang='grc' dir='ltr'>Λόγῳ</span> <span class='ocrx_word' id='word_1_643' title='bbox 1578 2013 1626 2039; x_wconf 75' lang='grc' dir='ltr'>καὶ</span> <span class='ocrx_word' id='word_1_644' title='bbox 1639 2013 1678 2048; x_wconf 80' lang='grc' dir='ltr'>τῷ</span> <span class='ocrx_word' id='word_1_645' title='bbox 1692 2015 1774 2040; x_wconf 82' lang='grc' dir='ltr'>Πνεύ-</span> 
     </span>
    </p>
   </div>
   <div class='ocr_carea' id='block_1_78' title="bbox 157 2051 920 2090">
    <p class='ocr_par' dir='ltr' id='par_1_78' title="bbox 157 2051 920 2086">
     <span class='ocr_line' id='line_1_78' title="bbox 157 2051 920 2086; baseline -0.001 -7"><span class='ocrx_word' id='word_1_646' title='bbox 157 2052 401 2079; x_wconf 82' lang='lat' dir='ltr'><strong>acclamatiouibus</strong></span> <span class='ocrx_word' id='word_1_647' title='bbox 411 2051 644 2079; x_wconf 88' lang='lat' dir='ltr'><strong>celebrautDenm</strong></span> <span class='ocrx_word' id='word_1_648' title='bbox 661 2051 805 2078; x_wconf 82' lang='lat' dir='ltr'><strong>maximum</strong></span> <span class='ocrx_word' id='word_1_649' title='bbox 830 2056 858 2078; x_wconf 84' lang='lat' dir='ltr'><strong>et</strong></span> <span class='ocrx_word' id='word_1_650' title='bbox 890 2059 920 2086; x_wconf 87' lang='lat' dir='ltr'><strong>po</strong></span> 
     </span>
    </p>
   </div>
   <div class='ocr_carea' id='block_1_79' title="bbox 1011 2051 1774 2090">
    <p class='ocr_par' dir='ltr' id='par_1_79' title="bbox 1011 2053 1774 2090">
     <span class='ocr_line' id='line_1_79' title="bbox 1011 2053 1774 2090; baseline 0.01 -12"><span class='ocrx_word' id='word_1_651' title='bbox 1011 2061 1070 2079; x_wconf 64' lang='lat' dir='ltr'><strong>act.</strong></span> <span class='ocrx_word' id='word_1_652' title='bbox 1096 2053 1220 2086; x_wconf 81' lang='grc' dir='ltr'>Βλέπεις,</span> <span class='ocrx_word' id='word_1_653' title='bbox 1251 2054 1399 2090; x_wconf 84' lang='grc' dir='ltr'>’Λγαρηνὲ,</span> <span class='ocrx_word' id='word_1_654' title='bbox 1419 2055 1487 2082; x_wconf 80' lang='grc' dir='ltr'>ὅπου</span> <span class='ocrx_word' id='word_1_655' title='bbox 1513 2059 1619 2090; x_wconf 84' lang='grc' dir='ltr'>πατεῖς,</span> <span class='ocrx_word' id='word_1_656' title='bbox 1645 2061 1733 2086; x_wconf 81' lang='grc' dir='ltr'>κεῖται</span> <span class='ocrx_word' id='word_1_657' title='bbox 1759 2061 1774 2086; x_wconf 84' lang='lat'><strong>6</strong></span> 
     </span>
    </p>
   </div>
   <div class='ocr_carea' id='block_1_80' title="bbox 159 2096 922 2138">
    <p class='ocr_par' dir='ltr' id='par_1_80' title="bbox 159 2096 907 2132">
     <span class='ocr_line' id='line_1_80' title="bbox 159 2096 907 2132; baseline 0.001 -8"><span class='ocrx_word' id='word_1_658' title='bbox 159 2098 353 2129; x_wconf 80' lang='lat' dir='ltr'><strong>lentissimum,</strong></span> <span class='ocrx_word' id='word_1_659' title='bbox 367 2105 428 2125; x_wconf 90' lang='lat' dir='ltr'><strong>cum</strong></span> <span class='ocrx_word' id='word_1_660' title='bbox 442 2096 532 2125; x_wconf 86' lang='lat' dir='ltr'><strong>Verbo</strong></span> <span class='ocrx_word' id='word_1_661' title='bbox 547 2102 574 2124; x_wconf 89' lang='lat' dir='ltr'><strong>et</strong></span> <span class='ocrx_word' id='word_1_662' title='bbox 585 2097 907 2132; x_wconf 86' lang='lat' dir='ltr'><strong>Spiritu.Animadverte,</strong></span> 
     </span>
    </p>
   </div>
   <div class='ocr_carea' id='block_1_81' title="bbox 1009 2096 1772 2138">
    <p class='ocr_par' dir='ltr' id='par_1_81' title="bbox 1009 2099 1772 2138">
     <span class='ocr_line' id='line_1_81' title="bbox 1009 2099 1772 2138; baseline 0.009 -13"><span class='ocrx_word' id='word_1_663' title='bbox 1009 2099 1151 2134; x_wconf 80' lang='grc' dir='ltr'>[ουχάμετ.</span> <span class='ocrx_word' id='word_1_664' title='bbox 1161 2100 1208 2126; x_wconf 80' lang='grc' dir='ltr'>καὶ</span> <span class='ocrx_word' id='word_1_665' title='bbox 1218 2100 1279 2127; x_wconf 82' lang='grc' dir='ltr'>ὅθεν</span> <span class='ocrx_word' id='word_1_666' title='bbox 1290 2101 1422 2136; x_wconf 80' lang='grc' dir='ltr'>ἥπλωσας</span> <span class='ocrx_word' id='word_1_667' title='bbox 1429 2102 1479 2134; x_wconf 87' lang='grc' dir='ltr'>τὰς</span> <span class='ocrx_word' id='word_1_668' title='bbox 1492 2104 1587 2138; x_wconf 80' lang='grc' dir='ltr'>χεῖράς</span> <span class='ocrx_word' id='word_1_669' title='bbox 1595 2112 1643 2130; x_wconf 89' lang='grc' dir='ltr'><strong>σου</strong></span> <span class='ocrx_word' id='word_1_670' title='bbox 1658 2105 1772 2136; x_wconf 76' lang='grc' dir='ltr'>ἄνωθεν,</span> 
     </span>
    </p>
   </div>
   <div class='ocr_carea' id='block_1_82' title="bbox 157 2143 920 2186">
    <p class='ocr_par' dir='ltr' id='par_1_82' title="bbox 157 2143 920 2179">
     <span class='ocr_line' id='line_1_82' title="bbox 157 2143 920 2179; baseline -0.001 -8"><span class='ocrx_word' id='word_1_671' title='bbox 157 2145 291 2179; x_wconf 76' lang='lat' dir='ltr'><strong>Agarene,</strong></span> <span class='ocrx_word' id='word_1_672' title='bbox 306 2145 379 2171; x_wconf 90' lang='lat' dir='ltr'><strong>locus</strong></span> <span class='ocrx_word' id='word_1_673' title='bbox 396 2152 474 2179; x_wconf 91' lang='lat' dir='ltr'><strong>quem</strong></span> <span class='ocrx_word' id='word_1_674' title='bbox 501 2144 590 2171; x_wconf 87' lang='lat' dir='ltr'><strong>calcas</strong></span> <span class='ocrx_word' id='word_1_675' title='bbox 605 2149 646 2171; x_wconf 90' lang='lat' dir='ltr'><strong>est</strong></span> <span class='ocrx_word' id='word_1_676' title='bbox 662 2143 737 2171; x_wconf 87' lang='lat' dir='ltr'><strong>locus</strong></span> <span class='ocrx_word' id='word_1_677' title='bbox 752 2144 777 2170; x_wconf 91' lang='lat' dir='ltr'><strong>in</strong></span> <span class='ocrx_word' id='word_1_678' title='bbox 801 2151 853 2178; x_wconf 92' lang='lat' dir='ltr'><strong>quo</strong></span> <span class='ocrx_word' id='word_1_679' title='bbox 868 2144 920 2178; x_wconf 64' lang='lat' dir='ltr'><strong>jacr</strong></span> 
     </span>
    </p>
   </div>
   <div class='ocr_carea' id='block_1_83' title="bbox 1010 2143 1773 2186">
    <p class='ocr_par' dir='ltr' id='par_1_83' title="bbox 1010 2145 1773 2186">
     <span class='ocr_line' id='line_1_83' title="bbox 1010 2145 1773 2186; baseline 0.012 -16"><span class='ocrx_word' id='word_1_680' title='bbox 1010 2146 1063 2171; x_wconf 77' lang='grc' dir='ltr'><strong>ττίν</strong></span> <span class='ocrx_word' id='word_1_681' title='bbox 1077 2145 1091 2171; x_wconf 89' lang='lat'><strong>6</strong></span> <span class='ocrx_word' id='word_1_682' title='bbox 1114 2146 1207 2180; x_wconf 76' lang='grc' dir='ltr'>ρηοεὶς</span> <span class='ocrx_word' id='word_1_683' title='bbox 1227 2145 1321 2182; x_wconf 78' lang='grc' dir='ltr'>ὕμνος.</span> <span class='ocrx_word' id='word_1_684' title='bbox 1347 2147 1410 2179; x_wconf 83' lang='grc' dir='ltr'><strong>Πῶς</strong></span> <span class='ocrx_word' id='word_1_685' title='bbox 1426 2146 1474 2175; x_wconf 80' lang='grc' dir='ltr'>οὖν</span> <span class='ocrx_word' id='word_1_686' title='bbox 1487 2149 1532 2175; x_wconf 80' lang='grc' dir='ltr'>τὸν</span> <span class='ocrx_word' id='word_1_687' title='bbox 1558 2150 1708 2186; x_wconf 80' lang='grc' dir='ltr'>Μουχάμετ</span> <span class='ocrx_word' id='word_1_688' title='bbox 1727 2153 1773 2179; x_wconf 70' lang='grc' dir='ltr'>καὶ</span> 
     </span>
    </p>
   </div>
   <div class='ocr_carea' id='block_1_84' title="bbox 158 2190 921 2232">
    <p class='ocr_par' dir='ltr' id='par_1_84' title="bbox 158 2190 919 2223">
     <span class='ocr_line' id='line_1_84' title="bbox 158 2190 919 2223; baseline -0.001 -6"><span class='ocrx_word' id='word_1_689' title='bbox 158 2196 281 2218; x_wconf 88' lang='lat' dir='ltr'><strong>mortuus</strong></span> <span class='ocrx_word' id='word_1_690' title='bbox 307 2190 580 2223; x_wconf 72' lang='lat' dir='ltr'><strong>Mulmnmed,locus</strong></span> <span class='ocrx_word' id='word_1_691' title='bbox 594 2197 659 2216; x_wconf 88' lang='lat' dir='ltr'><strong>vero</strong></span> <span class='ocrx_word' id='word_1_692' title='bbox 685 2190 806 2216; x_wconf 87' lang='lat' dir='ltr'><strong>sublimis</strong></span> <span class='ocrx_word' id='word_1_693' title='bbox 836 2190 879 2216; x_wconf 89' lang='lat' dir='ltr'><strong>ille</strong></span> <span class='ocrx_word' id='word_1_694' title='bbox 904 2197 919 2216; x_wconf 93' lang='lat' dir='ltr'><strong>a</strong></span> 
     </span>
    </p>
   </div>
   <div class='ocr_carea' id='block_1_85' title="bbox 1011 2190 1774 2232">
    <p class='ocr_par' dir='ltr' id='par_1_85' title="bbox 1011 2191 1774 2232">
     <span class='ocr_line' id='line_1_85' title="bbox 1011 2191 1774 2232; baseline 0.009 -15"><span class='ocrx_word' id='word_1_695' title='bbox 1011 2191 1035 2217; x_wconf 59' lang='grc' dir='ltr'>ὃν</span> <span class='ocrx_word' id='word_1_696' title='bbox 1046 2191 1162 2226; x_wconf 75' lang='grc' dir='ltr'>Χριστὸν</span> <span class='ocrx_word' id='word_1_697' title='bbox 1181 2192 1238 2218; x_wconf 71' lang='grc' dir='ltr'>ἶσον</span> <span class='ocrx_word' id='word_1_698' title='bbox 1251 2192 1416 2225; x_wconf 81' lang='grc' dir='ltr'>ἁποκαλεῖς;</span> <span class='ocrx_word' id='word_1_699' title='bbox 1433 2193 1494 2225; x_wconf 88' lang='grc' dir='ltr'><strong>Πῶς</strong></span> <span class='ocrx_word' id='word_1_700' title='bbox 1516 2195 1566 2221; x_wconf 74' lang='grc' dir='ltr'>οὐκ</span> <span class='ocrx_word' id='word_1_701' title='bbox 1580 2196 1712 2232; x_wconf 75' lang='grc' dir='ltr'>ἐρυθριᾷς</span> <span class='ocrx_word' id='word_1_702' title='bbox 1727 2199 1774 2224; x_wconf 74' lang='grc' dir='ltr'>καὶ</span> 
     </span>
    </p>
   </div>
   <div class='ocr_carea' id='block_1_86' title="bbox 157 2224 920 2275">
    <p class='ocr_par' dir='ltr' id='par_1_86' title="bbox 157 2235 920 2271">
     <span class='ocr_line' id='line_1_86' title="bbox 157 2235 920 2271; baseline -0.003 -8"><span class='ocrx_word' id='word_1_703' title='bbox 157 2244 236 2271; x_wconf 87' lang='lat' dir='ltr'><strong>quem</strong></span> <span class='ocrx_word' id='word_1_704' title='bbox 270 2244 366 2263; x_wconf 88' lang='lat' dir='ltr'><strong>manus</strong></span> <span class='ocrx_word' id='word_1_705' title='bbox 403 2235 537 2268; x_wconf 78' lang='lat' dir='ltr'><strong>extendis,</strong></span> <span class='ocrx_word' id='word_1_706' title='bbox 571 2241 613 2262; x_wconf 90' lang='lat' dir='ltr'><strong>est</strong></span> <span class='ocrx_word' id='word_1_707' title='bbox 639 2236 712 2262; x_wconf 88' lang='lat' dir='ltr'><strong>locus</strong></span> <span class='ocrx_word' id='word_1_708' title='bbox 741 2235 786 2270; x_wconf 88' lang='lat' dir='ltr'><strong>qui</strong></span> <span class='ocrx_word' id='word_1_709' title='bbox 811 2242 920 2270; x_wconf 72' lang='lat' dir='ltr'><strong>persona</strong></span> 
     </span>
    </p>
   </div>
   <div class='ocr_carea' id='block_1_87' title="bbox 1011 2224 1774 2275">
    <p class='ocr_par' dir='ltr' id='par_1_87' title="bbox 1013 2224 1774 2275">
     <span class='ocr_line' id='line_1_87' title="bbox 1013 2224 1774 2275; baseline 0.012 -14"><span class='ocrx_word' id='word_1_710' title='bbox 1013 2224 1126 2272; x_wconf 35' lang='lat' dir='ltr'><strong>luxti-vn;</strong></span> <span class='ocrx_word' id='word_1_711' title='bbox 1155 2237 1216 2268; x_wconf 81' lang='grc' dir='ltr'><strong>Πῶς</strong></span> <span class='ocrx_word' id='word_1_712' title='bbox 1245 2237 1332 2264; x_wconf 77' lang='grc' dir='ltr'>ἔοικεν</span> <span class='ocrx_word' id='word_1_713' title='bbox 1359 2240 1373 2266; x_wconf 92' lang='lat'><strong>6</strong></span> <span class='ocrx_word' id='word_1_714' title='bbox 1388 2224 1432 2266; x_wconf 67' lang='grc' dir='ltr'><strong>ἀεὶ</strong></span> <span class='ocrx_word' id='word_1_715' title='bbox 1457 2224 1558 2266; x_wconf 76' lang='grc' dir='ltr'>ὤνκαὶ</span> <span class='ocrx_word' id='word_1_716' title='bbox 1585 2224 1719 2275; x_wconf 32' lang='lat' dir='ltr'><strong>adlidat-0’;</strong></span> <span class='ocrx_word' id='word_1_717' title='bbox 1734 2244 1774 2275; x_wconf 83' lang='grc' dir='ltr'><strong>τῷ</strong></span> 
     </span>
    </p>
   </div>
   <div class='ocr_carea' id='block_1_88' title="bbox 157 2273 920 2323">
    <p class='ocr_par' dir='ltr' id='par_1_88' title="bbox 157 2281 920 2318">
     <span class='ocr_line' id='line_1_88' title="bbox 157 2281 920 2318; baseline -0.004 -9"><span class='ocrx_word' id='word_1_718' title='bbox 157 2283 256 2318; x_wconf 86' lang='lat' dir='ltr'><strong>hymno</strong></span> <span class='ocrx_word' id='word_1_719' title='bbox 271 2288 297 2309; x_wconf 90' lang='lat' dir='ltr'><strong>et</strong></span> <span class='ocrx_word' id='word_1_720' title='bbox 321 2288 451 2309; x_wconf 77' lang='lat' dir='ltr'><strong>concentu</strong></span> <span class='ocrx_word' id='word_1_721' title='bbox 486 2289 566 2316; x_wconf 83' lang='lat' dir='ltr'><strong>supra</strong></span> <span class='ocrx_word' id='word_1_722' title='bbox 584 2285 742 2309; x_wconf 84' lang='lat' dir='ltr'><strong>memorato.</strong></span> <span class='ocrx_word' id='word_1_723' title='bbox 769 2281 858 2314; x_wconf 85' lang='lat' dir='ltr'><strong>Quare</strong></span> <span class='ocrx_word' id='word_1_724' title='bbox 875 2289 920 2315; x_wconf 77' lang='lat' dir='ltr'><strong>erg</strong></span> 
     </span>
    </p>
   </div>
   <div class='ocr_carea' id='block_1_89' title="bbox 1010 2273 1773 2323">
    <p class='ocr_par' dir='ltr' id='par_1_89' title="bbox 1011 2273 1773 2323">
     <span class='ocr_line' id='line_1_89' title="bbox 1011 2273 1773 2323; baseline 0.013 -17"><span class='ocrx_word' id='word_1_725' title='bbox 1011 2281 1036 2307; x_wconf 79' lang='grc' dir='ltr'>εὶ</span> <span class='ocrx_word' id='word_1_726' title='bbox 1044 2281 1135 2317; x_wconf 81' lang='grc' dir='ltr'>θνητῷ</span> <span class='ocrx_word' id='word_1_727' title='bbox 1146 2283 1193 2308; x_wconf 67' lang='grc' dir='ltr'>καὶ</span> <span class='ocrx_word' id='word_1_728' title='bbox 1205 2282 1393 2319; x_wconf 79' lang='grc' dir='ltr'>φθειρομένῳ;</span> <span class='ocrx_word' id='word_1_729' title='bbox 1413 2285 1475 2317; x_wconf 85' lang='grc' dir='ltr'><strong>Πῶς</strong></span> <span class='ocrx_word' id='word_1_730' title='bbox 1499 2286 1634 2317; x_wconf 71' lang='grc' dir='ltr'>ἐξισοῦται</span> <span class='ocrx_word' id='word_1_731' title='bbox 1648 2289 1663 2314; x_wconf 86' lang='grc'>6</span> <span class='ocrx_word' id='word_1_732' title='bbox 1686 2273 1773 2323; x_wconf 56' lang='lat' dir='ltr'><strong>A670;-</strong></span> 
     </span>
    </p>
   </div>
   <div class='ocr_carea' id='block_1_90' title="bbox 158 2325 921 2369">
    <p class='ocr_par' dir='ltr' id='par_1_90' title="bbox 158 2326 919 2360">
     <span class='ocr_line' id='line_1_90' title="bbox 158 2326 919 2360; baseline -0.004 -6"><span class='ocrx_word' id='word_1_733' title='bbox 158 2327 371 2354; x_wconf 84' lang='lat' dir='ltr'><strong>Muliauimcdetn</strong></span> <span class='ocrx_word' id='word_1_734' title='bbox 385 2332 412 2353; x_wconf 91' lang='lat' dir='ltr'><strong>et</strong></span> <span class='ocrx_word' id='word_1_735' title='bbox 435 2326 571 2353; x_wconf 83' lang='lat' dir='ltr'><strong>Christum</strong></span> <span class='ocrx_word' id='word_1_736' title='bbox 590 2327 720 2360; x_wconf 75' lang='lat' dir='ltr'><strong>dignitate</strong></span> <span class='ocrx_word' id='word_1_737' title='bbox 744 2333 824 2358; x_wconf 81' lang='lat' dir='ltr'><strong>pares</strong></span> <span class='ocrx_word' id='word_1_738' title='bbox 839 2333 919 2352; x_wconf 83' lang='lat' dir='ltr'><strong>vocas</strong></span> 
     </span>
    </p>
   </div>
   <div class='ocr_carea' id='block_1_91' title="bbox 1008 2325 1771 2369">
    <p class='ocr_par' dir='ltr' id='par_1_91' title="bbox 1008 2326 1771 2369">
     <span class='ocr_line' id='line_1_91' title="bbox 1008 2326 1771 2369; baseline 0.012 -17"><span class='ocrx_word' id='word_1_739' title='bbox 1008 2326 1038 2353; x_wconf 84' lang='grc' dir='ltr'>οὗ</span> <span class='ocrx_word' id='word_1_740' title='bbox 1057 2327 1184 2362; x_wconf 83' lang='grc' dir='ltr'>Ποιητοῢ,</span> <span class='ocrx_word' id='word_1_741' title='bbox 1211 2328 1249 2363; x_wconf 78' lang='grc' dir='ltr'>τῷ</span> <span class='ocrx_word' id='word_1_742' title='bbox 1270 2331 1406 2365; x_wconf 81' lang='grc' dir='ltr'>ποιήματι</span> <span class='ocrx_word' id='word_1_743' title='bbox 1431 2331 1478 2357; x_wconf 78' lang='grc' dir='ltr'><strong>καὶ</strong></span> <span class='ocrx_word' id='word_1_744' title='bbox 1502 2333 1586 2367; x_wconf 82' lang='grc' dir='ltr'>χοῑκῷ</span> <span class='ocrx_word' id='word_1_745' title='bbox 1613 2334 1771 2369; x_wconf 84' lang='grc' dir='ltr'>Μουχάμετ,</span> 
     </span>
    </p>
   </div>
   <div class='ocr_carea' id='block_1_92' title="bbox 157 2372 920 2415">
    <p class='ocr_par' dir='ltr' id='par_1_92' title="bbox 157 2372 918 2407">
     <span class='ocr_line' id='line_1_92' title="bbox 157 2372 918 2407; baseline -0.001 -8"><span class='ocrx_word' id='word_1_746' title='bbox 157 2373 248 2405; x_wconf 78' lang='lat' dir='ltr'><strong>Quare</strong></span> <span class='ocrx_word' id='word_1_747' title='bbox 265 2380 317 2398; x_wconf 85' lang='lat' dir='ltr'><strong>non</strong></span> <span class='ocrx_word' id='word_1_748' title='bbox 330 2373 469 2399; x_wconf 83' lang='lat' dir='ltr'><strong>erubescis</strong></span> <span class='ocrx_word' id='word_1_749' title='bbox 483 2377 510 2398; x_wconf 87' lang='lat' dir='ltr'><strong>et</strong></span> <span class='ocrx_word' id='word_1_750' title='bbox 526 2373 626 2407; x_wconf 88' lang='lat' dir='ltr'><strong>pudore</strong></span> <span class='ocrx_word' id='word_1_751' title='bbox 637 2372 783 2398; x_wconf 80' lang='lat' dir='ltr'><strong>obrueris?</strong></span> <span class='ocrx_word' id='word_1_752' title='bbox 798 2372 918 2404; x_wconf 89' lang='lat' dir='ltr'><strong>Qnomod</strong></span> 
     </span>
    </p>
   </div>
   <div class='ocr_carea' id='block_1_93' title="bbox 1010 2372 1773 2415">
    <p class='ocr_par' dir='ltr' id='par_1_93' title="bbox 1010 2372 1773 2415">
     <span class='ocr_line' id='line_1_93' title="bbox 1010 2372 1773 2415; baseline 0.013 -18"><span class='ocrx_word' id='word_1_753' title='bbox 1010 2372 1037 2398; x_wconf 77' lang='grc' dir='ltr'><strong>αἰ</strong></span> <span class='ocrx_word' id='word_1_754' title='bbox 1050 2373 1154 2408; x_wconf 82' lang='grc' dir='ltr'>πλάνῳ,</span> <span class='ocrx_word' id='word_1_755' title='bbox 1165 2373 1204 2408; x_wconf 84' lang='grc' dir='ltr'>τῷ</span> <span class='ocrx_word' id='word_1_756' title='bbox 1218 2374 1353 2407; x_wconf 77' lang='grc' dir='ltr'>διδάξαντι</span> <span class='ocrx_word' id='word_1_757' title='bbox 1370 2385 1411 2409; x_wconf 79' lang='grc' dir='ltr'><strong>σε,</strong></span> <span class='ocrx_word' id='word_1_758' title='bbox 1422 2378 1459 2404; x_wconf 84' lang='grc' dir='ltr'><strong>Τὸ</strong></span> <span class='ocrx_word' id='word_1_759' title='bbox 1471 2378 1543 2413; x_wconf 77' lang='grc' dir='ltr'><strong>ὕδωρ</strong></span> <span class='ocrx_word' id='word_1_760' title='bbox 1552 2379 1626 2405; x_wconf 72' lang='grc' dir='ltr'>ἐστὶν</span> <span class='ocrx_word' id='word_1_761' title='bbox 1638 2380 1773 2415; x_wconf 81' lang='grc' dir='ltr'>ἁγιασμὸς</span> 
     </span>
    </p>
   </div>
   <div class='ocr_carea' id='block_1_94' title="bbox 156 2417 919 2456">
    <p class='ocr_par' dir='ltr' id='par_1_94' title="bbox 156 2417 919 2452">
     <span class='ocr_line' id='line_1_94' title="bbox 156 2417 919 2452; baseline -0.001 -7"><span class='ocrx_word' id='word_1_762' title='bbox 156 2418 253 2445; x_wconf 86' lang='lat' dir='ltr'><strong>similis</strong></span> <span class='ocrx_word' id='word_1_763' title='bbox 269 2425 329 2444; x_wconf 88' lang='lat' dir='ltr'><strong>esse</strong></span> <span class='ocrx_word' id='word_1_764' title='bbox 345 2422 433 2452; x_wconf 82' lang='lat' dir='ltr'><strong>potest</strong></span> <span class='ocrx_word' id='word_1_765' title='bbox 449 2422 577 2448; x_wconf 62' lang='lat' dir='ltr'><strong>aeternus,</strong></span> <span class='ocrx_word' id='word_1_766' title='bbox 598 2417 769 2447; x_wconf 85' lang='lat' dir='ltr'><strong>immortalis,</strong></span> <span class='ocrx_word' id='word_1_767' title='bbox 784 2417 820 2443; x_wconf 93' lang='lat' dir='ltr'><strong>illi</strong></span> <span class='ocrx_word' id='word_1_768' title='bbox 836 2417 880 2450; x_wconf 87' lang='lat' dir='ltr'><strong>qui</strong></span> <span class='ocrx_word' id='word_1_769' title='bbox 896 2425 919 2444; x_wconf 72' lang='lat' dir='ltr'><strong>es</strong></span> 
     </span>
    </p>
   </div>
   <div class='ocr_carea' id='block_1_95' title="bbox 657 2417 1420 2456">
    <p class='ocr_par' dir='ltr' id='par_1_95' title="bbox 657 2417 1420 2456">
     <span class='ocr_line' id='line_1_95' title="bbox 657 2417 1420 2456; baseline 0.007 -13"><span class='ocrx_word' id='word_1_770' title='bbox 657 2417 769 2447; x_wconf 79' lang='lat' dir='ltr'><strong>iortalis,</strong></span> <span class='ocrx_word' id='word_1_771' title='bbox 784 2417 820 2443; x_wconf 91' lang='lat' dir='ltr'><strong>illi</strong></span> <span class='ocrx_word' id='word_1_772' title='bbox 836 2417 880 2450; x_wconf 87' lang='lat' dir='ltr'><strong>qui</strong></span> <span class='ocrx_word' id='word_1_773' title='bbox 896 2421 938 2444; x_wconf 81' lang='lat' dir='ltr'><strong>est</strong></span> <span class='ocrx_word' id='word_1_774' title='bbox 990 2418 1040 2453; x_wconf 78' lang='grc' dir='ltr'>τῆς</span> <span class='ocrx_word' id='word_1_775' title='bbox 1054 2418 1142 2454; x_wconf 75' lang='grc' dir='ltr'>ψυχῆς</span> <span class='ocrx_word' id='word_1_776' title='bbox 1163 2420 1210 2446; x_wconf 78' lang='grc' dir='ltr'>καὶ</span> <span class='ocrx_word' id='word_1_777' title='bbox 1223 2419 1270 2446; x_wconf 84' lang='grc' dir='ltr'>τοῦ</span> <span class='ocrx_word' id='word_1_778' title='bbox 1282 2421 1420 2456; x_wconf 59' lang='grc' dir='ltr'>σώματος</span> 
     </span>
    </p>
   </div>
   <div class='ocr_carea' id='block_1_96' title="bbox 157 2464 1774 2507">
    <p class='ocr_par' dir='ltr' id='par_1_96' title="bbox 157 2464 1774 2507">
     <span class='ocr_line' id='line_1_96' title="bbox 157 2464 1774 2507; baseline 0.005 -16"><span class='ocrx_word' id='word_1_779' title='bbox 157 2464 288 2495; x_wconf 85' lang='lat' dir='ltr'><strong>mortalis,</strong></span> <span class='ocrx_word' id='word_1_780' title='bbox 302 2469 458 2491; x_wconf 87' lang='lat' dir='ltr'><strong>mortuuset</strong></span> <span class='ocrx_word' id='word_1_781' title='bbox 473 2464 636 2498; x_wconf 80' lang='lat' dir='ltr'><strong>corruptus?</strong></span> <span class='ocrx_word' id='word_1_782' title='bbox 659 2464 801 2497; x_wconf 87' lang='lat' dir='ltr'><strong>Quomodo</strong></span> <span class='ocrx_word' id='word_1_783' title='bbox 835 2464 951 2491; x_wconf 78' lang='lat' dir='ltr'><strong>Verbum</strong></span> <span class='ocrx_word' id='word_1_784' title='bbox 991 2466 1048 2498; x_wconf 89' lang='lat' dir='ltr'><strong>Dei,</strong></span> <span class='ocrx_word' id='word_1_785' title='bbox 1067 2473 1155 2494; x_wconf 90' lang='lat' dir='ltr'><strong>rerum</strong></span> <span class='ocrx_word' id='word_1_786' title='bbox 1181 2468 1301 2495; x_wconf 90' lang='lat' dir='ltr'><strong>omnium</strong></span> <span class='ocrx_word' id='word_1_787' title='bbox 1324 2470 1430 2504; x_wconf 78' lang='lat' dir='ltr'><strong>opiﬁcis</strong></span> <span class='ocrx_word' id='word_1_788' title='bbox 1453 2476 1480 2497; x_wconf 79' lang='lat' dir='ltr'><strong>et</strong></span> <span class='ocrx_word' id='word_1_789' title='bbox 1510 2473 1650 2504; x_wconf 84' lang='lat' dir='ltr'><strong>creatoris,</strong></span> <span class='ocrx_word' id='word_1_790' title='bbox 1674 2474 1774 2507; x_wconf 84' lang='lat' dir='ltr'><strong>poterit</strong></span> 
     </span>
    </p>
   </div>
   <div class='ocr_carea' id='block_1_97' title="bbox 156 2509 1773 2552">
    <p class='ocr_par' dir='ltr' id='par_1_97' title="bbox 156 2509 1773 2552">
     <span class='ocr_line' id='line_1_97' title="bbox 156 2509 1773 2552; baseline 0.002 -16"><span class='ocrx_word' id='word_1_791' title='bbox 156 2509 315 2545; x_wconf 71' lang='lat' dir='ltr'><strong>:equiparari</strong></span> <span class='ocrx_word' id='word_1_792' title='bbox 330 2517 391 2536; x_wconf 92' lang='lat' dir='ltr'><strong>cum</strong></span> <span class='ocrx_word' id='word_1_793' title='bbox 402 2516 484 2542; x_wconf 84' lang='lat' dir='ltr'><strong>opere</strong></span> <span class='ocrx_word' id='word_1_794' title='bbox 496 2515 523 2536; x_wconf 91' lang='lat' dir='ltr'><strong>et</strong></span> <span class='ocrx_word' id='word_1_795' title='bbox 538 2515 663 2536; x_wconf 75' lang='lat' dir='ltr'><strong>creatura</strong></span> <span class='ocrx_word' id='word_1_796' title='bbox 677 2515 794 2542; x_wconf 86' lang='lat' dir='ltr'><strong>terrena,</strong></span> <span class='ocrx_word' id='word_1_797' title='bbox 823 2517 884 2537; x_wconf 90' lang='lat' dir='ltr'><strong>cum</strong></span> <span class='ocrx_word' id='word_1_798' title='bbox 911 2509 1153 2546; x_wconf 81' lang='lat' dir='ltr'><strong>Mnhamniedequi</strong></span> <span class='ocrx_word' id='word_1_799' title='bbox 1166 2518 1209 2540; x_wconf 92' lang='lat' dir='ltr'><strong>est</strong></span> <span class='ocrx_word' id='word_1_800' title='bbox 1237 2513 1379 2548; x_wconf 81' lang='lat' dir='ltr'><strong>imposior,</strong></span> <span class='ocrx_word' id='word_1_801' title='bbox 1414 2521 1441 2543; x_wconf 71' lang='lat' dir='ltr'><strong>ei</strong></span> <span class='ocrx_word' id='word_1_802' title='bbox 1470 2518 1515 2551; x_wconf 76' lang='lat' dir='ltr'><strong>qui</strong></span> <span class='ocrx_word' id='word_1_803' title='bbox 1541 2523 1567 2544; x_wconf 70' lang='grc' dir='ltr'><strong>ιε</strong></span> <span class='ocrx_word' id='word_1_804' title='bbox 1589 2519 1680 2545; x_wconf 59' lang='lat' dir='ltr'><strong>docui;</strong></span> <span class='ocrx_word' id='word_1_805' title='bbox 1703 2526 1773 2552; x_wconf 66' lang='lat' dir='ltr'><strong>aqua</strong></span> 
     </span>
    </p>
   </div>
   <div class='ocr_carea' id='block_1_98' title="bbox 155 2556 617 2589">
    <p class='ocr_par' dir='ltr' id='par_1_98' title="bbox 155 2556 617 2589">
     <span class='ocr_line' id='line_1_98' title="bbox 155 2556 617 2589; baseline -0.002 -6"><span class='ocrx_word' id='word_1_806' title='bbox 155 2556 320 2584; x_wconf 81' lang='lat' dir='ltr'><strong>sanctilicari</strong></span> <span class='ocrx_word' id='word_1_807' title='bbox 334 2556 451 2581; x_wconf 84' lang='lat' dir='ltr'><strong>animam</strong></span> <span class='ocrx_word' id='word_1_808' title='bbox 466 2559 493 2581; x_wconf 91' lang='lat' dir='ltr'><strong>et</strong></span> <span class='ocrx_word' id='word_1_809' title='bbox 508 2563 617 2589; x_wconf 85' lang='lat' dir='ltr'><strong>corpus.</strong></span> 
     </span>
    </p>
   </div>
   <div class='ocr_carea' id='block_1_99' title="bbox 191 2602 954 2647">
    <p class='ocr_par' dir='ltr' id='par_1_99' title="bbox 191 2602 935 2637">
     <span class='ocr_line' id='line_1_99' title="bbox 191 2602 935 2637; baseline 0.001 -7"><span class='ocrx_word' id='word_1_810' title='bbox 191 2603 260 2630; x_wconf 88' lang='lat' dir='ltr'><strong>Audi</strong></span> <span class='ocrx_word' id='word_1_811' title='bbox 284 2610 348 2629; x_wconf 85' lang='lat' dir='ltr'><strong>vero</strong></span> <span class='ocrx_word' id='word_1_812' title='bbox 363 2602 431 2629; x_wconf 85' lang='lat' dir='ltr'><strong>hanc</strong></span> <span class='ocrx_word' id='word_1_813' title='bbox 448 2603 602 2636; x_wconf 84' lang='lat' dir='ltr'><strong>parabolam</strong></span> <span class='ocrx_word' id='word_1_814' title='bbox 625 2610 631 2628; x_wconf 92' lang='lat'><strong>:</strong></span> <span class='ocrx_word' id='word_1_815' title='bbox 651 2603 737 2630; x_wconf 82' lang='lat' dir='ltr'><strong>Homo</strong></span> <span class='ocrx_word' id='word_1_816' title='bbox 751 2603 858 2637; x_wconf 85' lang='lat' dir='ltr'><strong>quidam</strong></span> <span class='ocrx_word' id='word_1_817' title='bbox 875 2609 935 2631; x_wconf 89' lang='lat' dir='ltr'><strong>erat</strong></span> 
     </span>
    </p>
   </div>
   <div class='ocr_carea' id='block_1_100' title="bbox 1009 2602 1772 2647">
    <p class='ocr_par' dir='ltr' id='par_1_100' title="bbox 1026 2604 1772 2647">
     <span class='ocr_line' id='line_1_100' title="bbox 1026 2604 1772 2647; baseline 0.015 -18"><span class='ocrx_word' id='word_1_818' title='bbox 1026 2604 1159 2630; x_wconf 70' lang='grc' dir='ltr'>’Ἄκουσον</span> <span class='ocrx_word' id='word_1_819' title='bbox 1176 2604 1223 2631; x_wconf 81' lang='grc' dir='ltr'>οὖν</span> <span class='ocrx_word' id='word_1_820' title='bbox 1235 2605 1285 2639; x_wconf 83' lang='grc' dir='ltr'>τὴν</span> <span class='ocrx_word' id='word_1_821' title='bbox 1302 2607 1458 2642; x_wconf 78' lang='grc' dir='ltr'>παραϐολὴν</span> <span class='ocrx_word' id='word_1_822' title='bbox 1471 2608 1593 2644; x_wconf 81' lang='grc' dir='ltr'>ταύτην·</span> <span class='ocrx_word' id='word_1_823' title='bbox 1612 2611 1772 2647; x_wconf 72' lang='grc' dir='ltr'>Ἄνθρωπός</span> 
     </span>
    </p>
   </div>
   <div class='ocr_carea' id='block_1_101' title="bbox 155 2648 918 2693">
    <p class='ocr_par' dir='ltr' id='par_1_101' title="bbox 155 2648 918 2684">
     <span class='ocr_line' id='line_1_101' title="bbox 155 2648 918 2684; baseline 0 -8"><span class='ocrx_word' id='word_1_824' title='bbox 155 2650 266 2677; x_wconf 85' lang='lat' dir='ltr'><strong>indutus</strong></span> <span class='ocrx_word' id='word_1_825' title='bbox 283 2648 351 2675; x_wconf 83' lang='lat' dir='ltr'><strong>stola</strong></span> <span class='ocrx_word' id='word_1_826' title='bbox 369 2655 416 2674; x_wconf 88' lang='lat' dir='ltr'><strong>seu</strong></span> <span class='ocrx_word' id='word_1_827' title='bbox 431 2652 506 2674; x_wconf 85' lang='lat' dir='ltr'><strong>veste</strong></span> <span class='ocrx_word' id='word_1_828' title='bbox 518 2648 587 2679; x_wconf 79' lang='lat' dir='ltr'><strong>alba,</strong></span> <span class='ocrx_word' id='word_1_829' title='bbox 600 2656 659 2675; x_wconf 91' lang='lat' dir='ltr'><strong>cum</strong></span> <span class='ocrx_word' id='word_1_830' title='bbox 680 2656 743 2675; x_wconf 91' lang='lat' dir='ltr'><strong>vero</strong></span> <span class='ocrx_word' id='word_1_831' title='bbox 763 2649 789 2675; x_wconf 91' lang='lat' dir='ltr'><strong>in</strong></span> <span class='ocrx_word' id='word_1_832' title='bbox 806 2650 846 2675; x_wconf 75' lang='lat' dir='ltr'><strong>via</strong></span> <span class='ocrx_word' id='word_1_833' title='bbox 875 2658 918 2684; x_wconf 84' lang='lat' dir='ltr'><strong>per</strong></span> 
     </span>
    </p>
   </div>
   <div class='ocr_carea' id='block_1_102' title="bbox 1009 2648 1772 2693">
    <p class='ocr_par' dir='ltr' id='par_1_102' title="bbox 1009 2649 1772 2693">
     <span class='ocr_line' id='line_1_102' title="bbox 1009 2649 1772 2693; baseline 0.014 -18"><span class='ocrx_word' id='word_1_834' title='bbox 1009 2659 1032 2681; x_wconf 79' lang='grc' dir='ltr'><strong>ις</strong></span> <span class='ocrx_word' id='word_1_835' title='bbox 1045 2650 1141 2685; x_wconf 82' lang='grc' dir='ltr'>στολὴν</span> <span class='ocrx_word' id='word_1_836' title='bbox 1152 2650 1253 2687; x_wconf 78' lang='grc' dir='ltr'>λευκὴν</span> <span class='ocrx_word' id='word_1_837' title='bbox 1270 2649 1304 2687; x_wconf 84' lang='grc' dir='ltr'>ἦν</span> <span class='ocrx_word' id='word_1_838' title='bbox 1315 2653 1499 2689; x_wconf 75' lang='grc' dir='ltr'>ἐνδεδυμένος,</span> <span class='ocrx_word' id='word_1_839' title='bbox 1516 2658 1729 2693; x_wconf 76' lang='grc' dir='ltr'>περιερχόμενος</span> <span class='ocrx_word' id='word_1_840' title='bbox 1742 2661 1772 2687; x_wconf 80' lang='grc' dir='ltr'>ἐν</span> 
     </span>
    </p>
   </div>
   <div class='ocr_carea' id='block_1_103' title="bbox 154 2693 917 2738">
    <p class='ocr_par' dir='ltr' id='par_1_103' title="bbox 154 2693 917 2730">
     <span class='ocr_line' id='line_1_103' title="bbox 154 2693 917 2730; baseline 0.001 -9"><span class='ocrx_word' id='word_1_841' title='bbox 154 2699 229 2730; x_wconf 73' lang='lat' dir='ltr'><strong>geret</strong></span> <span class='ocrx_word' id='word_1_842' title='bbox 245 2701 324 2721; x_wconf 79' lang='grc' dir='ltr'>οωιιο</span> <span class='ocrx_word' id='word_1_843' title='bbox 350 2699 376 2721; x_wconf 92' lang='lat' dir='ltr'><strong>et</strong></span> <span class='ocrx_word' id='word_1_844' title='bbox 389 2693 444 2720; x_wconf 91' lang='lat' dir='ltr'><strong>luto</strong></span> <span class='ocrx_word' id='word_1_845' title='bbox 464 2693 562 2720; x_wconf 82' lang='lat' dir='ltr'><strong>referta</strong></span> <span class='ocrx_word' id='word_1_846' title='bbox 590 2699 617 2720; x_wconf 81' lang='lat' dir='ltr'><strong>ct</strong></span> <span class='ocrx_word' id='word_1_847' title='bbox 644 2695 763 2726; x_wconf 80' lang='lat' dir='ltr'><strong>sordida,</strong></span> <span class='ocrx_word' id='word_1_848' title='bbox 780 2695 878 2722; x_wconf 84' lang='lat' dir='ltr'><strong>cecidit</strong></span> <span class='ocrx_word' id='word_1_849' title='bbox 911 2695 917 2722; x_wconf 88' lang='lat' dir='ltr'><strong>i</strong></span> 
     </span>
    </p>
   </div>
   <div class='ocr_carea' id='block_1_104' title="bbox 1008 2693 1771 2738">
    <p class='ocr_par' dir='ltr' id='par_1_104' title="bbox 1008 2695 1771 2738">
     <span class='ocr_line' id='line_1_104' title="bbox 1008 2695 1771 2738; baseline 0.016 -18"><span class='ocrx_word' id='word_1_850' title='bbox 1008 2695 1040 2730; x_wconf 66' lang='grc' dir='ltr'><strong>δῷ</strong></span> <span class='ocrx_word' id='word_1_851' title='bbox 1057 2695 1293 2733; x_wconf 77' lang='grc' dir='ltr'>βεὸορὸορωμένῃ.</span> <span class='ocrx_word' id='word_1_852' title='bbox 1309 2699 1355 2725; x_wconf 77' lang='grc' dir='ltr'>καὶ</span> <span class='ocrx_word' id='word_1_853' title='bbox 1372 2699 1463 2727; x_wconf 83' lang='grc' dir='ltr'>πεσὼν</span> <span class='ocrx_word' id='word_1_854' title='bbox 1472 2701 1501 2727; x_wconf 82' lang='grc' dir='ltr'>ἐν</span> <span class='ocrx_word' id='word_1_855' title='bbox 1516 2701 1554 2737; x_wconf 84' lang='grc' dir='ltr'><strong>τῷ</strong></span> <span class='ocrx_word' id='word_1_856' title='bbox 1577 2703 1707 2738; x_wconf 79' lang='grc' dir='ltr'>πέλματι,</span> <span class='ocrx_word' id='word_1_857' title='bbox 1725 2706 1771 2732; x_wconf 82' lang='grc' dir='ltr'>εὑ-</span> 
     </span>
    </p>
   </div>
   <div class='ocr_carea' id='block_1_105' title="bbox 154 2739 917 2785">
    <p class='ocr_par' dir='ltr' id='par_1_105' title="bbox 154 2739 917 2774">
     <span class='ocr_line' id='line_1_105' title="bbox 154 2739 917 2774; baseline 0 -7"><span class='ocrx_word' id='word_1_858' title='bbox 154 2740 239 2768; x_wconf 78' lang='lat' dir='ltr'><strong>solum</strong></span> <span class='ocrx_word' id='word_1_859' title='bbox 254 2745 280 2767; x_wconf 91' lang='lat' dir='ltr'><strong>et</strong></span> <span class='ocrx_word' id='word_1_860' title='bbox 296 2740 383 2766; x_wconf 85' lang='lat' dir='ltr'><strong>locum</strong></span> <span class='ocrx_word' id='word_1_861' title='bbox 397 2739 470 2766; x_wconf 74' lang='lat' dir='ltr'><strong>saxis</strong></span> <span class='ocrx_word' id='word_1_862' title='bbox 486 2745 514 2766; x_wconf 88' lang='lat' dir='ltr'><strong>et</strong></span> <span class='ocrx_word' id='word_1_863' title='bbox 529 2739 662 2773; x_wconf 81' lang='lat' dir='ltr'><strong>lapidibus</strong></span> <span class='ocrx_word' id='word_1_864' title='bbox 687 2747 813 2774; x_wconf 88' lang='lat' dir='ltr'><strong>asperum</strong></span> <span class='ocrx_word' id='word_1_865' title='bbox 827 2749 834 2773; x_wconf 93' lang='lat'><strong>;</strong></span> <span class='ocrx_word' id='word_1_866' title='bbox 853 2741 917 2768; x_wconf 77' lang='lat' dir='ltr'><strong>vesti</strong></span> 
     </span>
    </p>
   </div>
   <div class='ocr_carea' id='block_1_106' title="bbox 1010 2739 1773 2785">
    <p class='ocr_par' dir='ltr' id='par_1_106' title="bbox 1010 2741 1773 2785">
     <span class='ocr_line' id='line_1_106' title="bbox 1010 2741 1773 2785; baseline 0.016 -19"><span class='ocrx_word' id='word_1_867' title='bbox 1010 2741 1057 2775; x_wconf 80' lang='grc' dir='ltr'>έθη</span> <span class='ocrx_word' id='word_1_868' title='bbox 1072 2742 1101 2768; x_wconf 83' lang='grc' dir='ltr'>ὲν</span> <span class='ocrx_word' id='word_1_869' title='bbox 1114 2742 1182 2776; x_wconf 82' lang='grc' dir='ltr'>αὐτῇ</span> <span class='ocrx_word' id='word_1_870' title='bbox 1199 2743 1297 2778; x_wconf 82' lang='grc' dir='ltr'>πέτρα,</span> <span class='ocrx_word' id='word_1_871' title='bbox 1309 2744 1356 2770; x_wconf 83' lang='grc' dir='ltr'>καὶ</span> <span class='ocrx_word' id='word_1_872' title='bbox 1372 2745 1387 2780; x_wconf 82' lang='grc' dir='ltr'><strong>ἡ</strong></span> <span class='ocrx_word' id='word_1_873' title='bbox 1400 2745 1450 2780; x_wconf 76' lang='grc' dir='ltr'>μὲν</span> <span class='ocrx_word' id='word_1_874' title='bbox 1463 2747 1570 2783; x_wconf 84' lang='grc' dir='ltr'>στολὴὴ</span> <span class='ocrx_word' id='word_1_875' title='bbox 1584 2748 1668 2785; x_wconf 81' lang='grc' dir='ltr'>λευκὴ</span> <span class='ocrx_word' id='word_1_876' title='bbox 1679 2752 1773 2785; x_wconf 80' lang='grc' dir='ltr'>ἐμιάν-</span> 
     </span>
    </p>
   </div>
   <div class='ocr_carea' id='block_1_107' title="bbox 153 2785 916 2833">
    <p class='ocr_par' dir='ltr' id='par_1_107' title="bbox 153 2785 916 2821">
     <span class='ocr_line' id='line_1_107' title="bbox 153 2785 916 2821; baseline 0.001 -8"><span class='ocrx_word' id='word_1_877' title='bbox 153 2785 263 2821; x_wconf 84' lang='lat' dir='ltr'><strong>qnidein</strong></span> <span class='ocrx_word' id='word_1_878' title='bbox 280 2786 336 2813; x_wconf 89' lang='lat' dir='ltr'><strong>luto</strong></span> <span class='ocrx_word' id='word_1_879' title='bbox 355 2790 383 2812; x_wconf 85' lang='lat' dir='ltr'><strong>et</strong></span> <span class='ocrx_word' id='word_1_880' title='bbox 412 2792 491 2813; x_wconf 71' lang='lat' dir='ltr'><strong>cinno</strong></span> <span class='ocrx_word' id='word_1_881' title='bbox 509 2785 560 2811; x_wconf 81' lang='lat' dir='ltr'><strong>fuit</strong></span> <span class='ocrx_word' id='word_1_882' title='bbox 580 2785 724 2816; x_wconf 79' lang='lat' dir='ltr'><strong>maculata,</strong></span> <span class='ocrx_word' id='word_1_883' title='bbox 745 2787 790 2813; x_wconf 87' lang='lat' dir='ltr'><strong>sed</strong></span> <span class='ocrx_word' id='word_1_884' title='bbox 807 2794 854 2820; x_wconf 87' lang='lat' dir='ltr'><strong>pes</strong></span> <span class='ocrx_word' id='word_1_885' title='bbox 880 2795 916 2814; x_wconf 85' lang='lat' dir='ltr'><strong>sa:</strong></span> 
     </span>
    </p>
   </div>
   <div class='ocr_carea' id='block_1_108' title="bbox 1009 2785 1772 2833">
    <p class='ocr_par' dir='ltr' id='par_1_108' title="bbox 1009 2786 1772 2833">
     <span class='ocr_line' id='line_1_108' title="bbox 1009 2786 1772 2833; baseline 0.018 -23"><span class='ocrx_word' id='word_1_886' title='bbox 1009 2795 1022 2820; x_wconf 79' lang='grc' dir='ltr'>η</span> <span class='ocrx_word' id='word_1_887' title='bbox 1053 2786 1106 2812; x_wconf 76' lang='grc' dir='ltr'><strong>ὑπὸ</strong></span> <span class='ocrx_word' id='word_1_888' title='bbox 1120 2787 1167 2812; x_wconf 78' lang='grc' dir='ltr'>τοῦ</span> <span class='ocrx_word' id='word_1_889' title='bbox 1184 2787 1328 2824; x_wconf 76' lang='grc' dir='ltr'>βορϐόρου,</span> <span class='ocrx_word' id='word_1_890' title='bbox 1358 2792 1407 2817; x_wconf 79' lang='grc' dir='ltr'>καὶ</span> <span class='ocrx_word' id='word_1_891' title='bbox 1425 2792 1439 2818; x_wconf 88' lang='lat'><strong>6</strong></span> <span class='ocrx_word' id='word_1_892' title='bbox 1455 2792 1522 2824; x_wconf 78' lang='grc' dir='ltr'>ποὺς</span> <span class='ocrx_word' id='word_1_893' title='bbox 1547 2794 1631 2821; x_wconf 83' lang='grc' dir='ltr'>αὑτοῦ</span> <span class='ocrx_word' id='word_1_894' title='bbox 1654 2796 1772 2833; x_wconf 78' lang='grc' dir='ltr'>ὲολάσϐη</span> 
     </span>
    </p>
   </div>
   <div class='ocr_carea' id='block_1_109' title="bbox 153 2830 916 2878">
    <p class='ocr_par' dir='ltr' id='par_1_109' title="bbox 153 2830 916 2864">
     <span class='ocr_line' id='line_1_109' title="bbox 153 2830 916 2864; baseline -0.003 -6"><span class='ocrx_word' id='word_1_895' title='bbox 153 2831 292 2864; x_wconf 76' lang='lat' dir='ltr'><strong>cujusdam</strong></span> <span class='ocrx_word' id='word_1_896' title='bbox 307 2830 429 2858; x_wconf 87' lang='lat' dir='ltr'><strong>allisione</strong></span> <span class='ocrx_word' id='word_1_897' title='bbox 445 2830 578 2858; x_wconf 87' lang='lat' dir='ltr'><strong>contritus</strong></span> <span class='ocrx_word' id='word_1_898' title='bbox 590 2830 649 2856; x_wconf 79' lang='lat' dir='ltr'><strong>fuit.</strong></span> <span class='ocrx_word' id='word_1_899' title='bbox 659 2830 771 2862; x_wconf 86' lang='lat' dir='ltr'><strong>Quidam</strong></span> <span class='ocrx_word' id='word_1_900' title='bbox 785 2839 848 2858; x_wconf 69' lang='lat' dir='ltr'><strong>vero</strong></span> <span class='ocrx_word' id='word_1_901' title='bbox 863 2832 916 2858; x_wconf 80' lang='grc' dir='ltr'><strong>ἰΙΙιιι</strong></span> 
     </span>
    </p>
   </div>
   <div class='ocr_carea' id='block_1_110' title="bbox 1009 2830 1772 2878">
    <p class='ocr_par' dir='ltr' id='par_1_110' title="bbox 1010 2833 1772 2878">
     <span class='ocr_line' id='line_1_110' title="bbox 1010 2833 1772 2878; baseline 0.016 -21"><span class='ocrx_word' id='word_1_902' title='bbox 1010 2833 1042 2858; x_wconf 57' lang='lat' dir='ltr'><strong>ne</strong></span> <span class='ocrx_word' id='word_1_903' title='bbox 1051 2833 1099 2867; x_wconf 79' lang='grc' dir='ltr'>τῆς</span> <span class='ocrx_word' id='word_1_904' title='bbox 1110 2834 1222 2869; x_wconf 69' lang='grc' dir='ltr'>πέτρας.</span> <span class='ocrx_word' id='word_1_905' title='bbox 1239 2835 1373 2871; x_wconf 81' lang='grc' dir='ltr'>’Λραντες</span> <span class='ocrx_word' id='word_1_906' title='bbox 1384 2835 1432 2864; x_wconf 80' lang='grc' dir='ltr'>οὖν</span> <span class='ocrx_word' id='word_1_907' title='bbox 1447 2847 1521 2871; x_wconf 78' lang='grc' dir='ltr'>τινες</span> <span class='ocrx_word' id='word_1_908' title='bbox 1533 2840 1616 2867; x_wconf 76' lang='grc' dir='ltr'>αὑτὸν</span> <span class='ocrx_word' id='word_1_909' title='bbox 1628 2842 1772 2878; x_wconf 75' lang='grc' dir='ltr'>ἀπήγαγον</span> 
     </span>
    </p>
   </div>
   <div class='ocr_carea' id='block_1_111' title="bbox 153 2874 916 2921">
    <p class='ocr_par' dir='ltr' id='par_1_111' title="bbox 153 2874 916 2906">
     <span class='ocr_line' id='line_1_111' title="bbox 153 2874 916 2906; baseline 0 -5"><span class='ocrx_word' id='word_1_910' title='bbox 153 2882 185 2901; x_wconf 76' lang='lat' dir='ltr'><strong>ex</strong></span> <span class='ocrx_word' id='word_1_911' title='bbox 203 2874 254 2900; x_wconf 81' lang='lat' dir='ltr'><strong>isto</strong></span> <span class='ocrx_word' id='word_1_912' title='bbox 267 2874 422 2901; x_wconf 82' lang='lat' dir='ltr'><strong>discrimine</strong></span> <span class='ocrx_word' id='word_1_913' title='bbox 438 2874 564 2902; x_wconf 85' lang='lat' dir='ltr'><strong>tollentes</strong></span> <span class='ocrx_word' id='word_1_914' title='bbox 577 2877 602 2901; x_wconf 88' lang='lat' dir='ltr'><strong>ct</strong></span> <span class='ocrx_word' id='word_1_915' title='bbox 634 2874 760 2906; x_wconf 80' lang='lat' dir='ltr'><strong>levantes,</strong></span> <span class='ocrx_word' id='word_1_916' title='bbox 790 2875 864 2902; x_wconf 88' lang='lat' dir='ltr'><strong>illum</strong></span> <span class='ocrx_word' id='word_1_917' title='bbox 891 2876 916 2902; x_wconf 74' lang='lat' dir='ltr'><strong>di</strong></span> 
     </span>
    </p>
   </div>
   <div class='ocr_carea' id='block_1_112' title="bbox 1009 2874 1772 2921">
    <p class='ocr_par' dir='ltr' id='par_1_112' title="bbox 1009 2874 1772 2921">
     <span class='ocr_line' id='line_1_112' title="bbox 1009 2874 1772 2921; baseline 0.018 -20"><span class='ocrx_word' id='word_1_918' title='bbox 1009 2885 1017 2901; x_wconf 64' lang='grc' dir='ltr'><strong>ν</strong></span> <span class='ocrx_word' id='word_1_919' title='bbox 1030 2878 1062 2912; x_wconf 85' lang='grc' dir='ltr'><strong>τῇ</strong></span> <span class='ocrx_word' id='word_1_920' title='bbox 1077 2877 1150 2912; x_wconf 65' lang='grc' dir='ltr'>οἰκία</span> <span class='ocrx_word' id='word_1_921' title='bbox 1167 2878 1261 2911; x_wconf 73' lang='grc' dir='ltr'>αὑτοῦ,</span> <span class='ocrx_word' id='word_1_922' title='bbox 1276 2880 1323 2906; x_wconf 81' lang='grc' dir='ltr'><strong>καὶ</strong></span> <span class='ocrx_word' id='word_1_923' title='bbox 1336 2881 1384 2916; x_wconf 78' lang='grc' dir='ltr'>τὴν</span> <span class='ocrx_word' id='word_1_924' title='bbox 1400 2883 1496 2919; x_wconf 83' lang='grc' dir='ltr'>στολὴν</span> <span class='ocrx_word' id='word_1_925' title='bbox 1514 2884 1595 2911; x_wconf 72' lang='grc' dir='ltr'>αὑτοῦ</span> <span class='ocrx_word' id='word_1_926' title='bbox 1609 2874 1772 2921; x_wconf 68' lang='grc' dir='ltr'>ἐμϐαλόντες</span> 
     </span>
    </p>
   </div>
  </div>
