1932 3067
126 190 196 224 1413

728 187 968 219 CONFUTAT'IO
986 185 1168 218 AGARENI.

1689 185 1757 218 Mli

123 248 283 275 ἀπέπλυναν
294 246 363 283 μετᾶ
379 245 526 273 σαπουνίου
540 253 547 261 ·
562 244 609 272 καὶ
622 244 814 281 ἀπελευκάνϐη
843 245 916 272 κατὰ

976 252 1042 272 num
1054 245 1239 276 deduxerunt,
1259 247 1286 271 et
1303 242 1374 271 illius
1388 247 1491 272 vestem
1519 249 1662 276 ementes,
1678 249 1705 272 et
1723 245 1756 272 il-

125 295 156 320 τι
173 293 317 328 πρότερον.
334 293 387 319 Τδν
404 293 433 319 δὲ
452 291 605 318 θλασθέντα
620 291 690 317 πόδα
711 291 742 317 οὗ
757 291 869 317 δύναται
883 289 914 316 τὸ

126 340 199 375 ὕδωρ
220 339 289 375 μετᾲ
304 339 451 365 σαπουνίου
477 337 629 374 ἰατρεῦσαι,
651 338 676 363 εὶ
695 337 733 372 μὴ
756 336 848 372 ίατροῦ
865 336 915 370 ἒμ-

125 386 222 421 πείρου
238 384 438 415 καταλαϐόντος
459 385 488 409 ὲν
513 383 596 418 πολλῇ
616 383 700 418 σχολῇ
721 382 770 409 καὶ
793 381 916 417 φροντίδι

125 430 365 459 ἀποκαθίστασῢαι
380 430 456 464 ὑγιῆ,
469 429 507 461 ὡς
520 429 552 455 τὸ
577 428 721 464 πρότερον.
746 428 776 454 '0
801 427 830 453 δὲ
846 435 915 462 προ-

127 477 216 512 φήτης
227 485 273 502 σου
289 475 375 506 οὕτως
390 475 518 508 ἐδίδαξεν,
541 475 582 501 δτι
594 474 646 500 ὑπὸ
656 473 703 500 τοῦ
720 473 818 505 ὓδατος
829 473 916 499 καθα-

129 522 234 558 ρίζεται
250 524 298 548 καὶ
313 521 478 548 ἁπολούεται
490 521 567 546 πᾶσα
581 520 659 551 νόσος
672 519 774 554 ψυχῆς,
789 518 836 545 καὶ
859 517 915 544 σώ-

129 576 223 604 ματος.
239 567 319 602 ’Λρτι
334 567 364 592 τδ
379 566 450 601 ὕδωρ
461 566 512 592 οὐκ
528 565 638 600 ῐσχυσεν
655 565 770 598 ἁγιᾶσαι
785 564 832 589 τὸν
851 563 917 590 θλα‹

130 612 228 639 σθέντα
243 611 311 637 πόδα
323 611 420 646 ὁρατόν
433 619 462 636 τε
473 610 520 636 καὶ
533 609 708 644 φαινόμενον.
720 609 799 644 Πόσῳ
815 607 916 642 μᾶλλον

128 657 179 692 τὴν
187 655 452 692 ἀόρατονψυχὴν[οὺ]
459 655 570 682 δύναται
576 655 690 688 ὰγιᾶσαι
698 654 745 680 καὶ
752 653 916 685 ἁποπλῦναι;

129 702 162 728 Εἰ
178 701 227 737 μὲν
249 701 349 735 λέγεις,
367 701 439 736 Εὐχή
453 702 511 727 ὲστι
526 701 615 735 ψυχῆς
632 699 778 734 ἀγιασμὺς,
796 699 855 730 πῶς
867 698 919 725 οὐκ

129 747 187 774 ἔστι
201 748 247 774 καὶ
261 747 308 774 τοῦ
327 748 453 783 σώματος
464 756 472 778 ;
483 747 540 773 Νῦν
555 747 667 781 δὲλέγω
678 755 730 772 σοι’
744 746 845 772 Δεκτόν
860 746 918 772 ἐστι

130 795 265 830 πρότερον
289 794 459 830 θεραπεῦσαι
486 794 517 820 τὸ
543 794 654 828 θλᾶσμα
678 792 724 819 τοῦ
752 792 843 824 ποδὲς,
858 790 918 818 εἶτα

129 840 229 867 πλῦναι
242 840 291 875 τὴν
305 840 401 874 στολὴν
416 840 464 866 καὶ
476 840 619 872 λευκᾶναι,
631 839 715 874 ἧγουν
731 837 843 874 πρώτην
867 838 918 872 τὴν

128 885 217 921 ψυχὴν
237 886 359 920 ἁγιᾶσαι.
375 886 423 912 καὶ
433 885 564 919 φωτίσαι,
581 885 629 911 καὶ
643 884 709 910 αὐτό
729 892 758 910 τε
782 884 812 910 τὺ
837 883 918 918 σῶμα

967 289 1020 319 lam
1036 290 1063 317 in
1076 297 1174 325 aquam
1185 289 1369 325 projicientes,
1382 297 1443 317 cum
1455 297 1557 325 sapone
1569 295 1595 316 et
1608 294 1759 325 smegmate

969 335 1041 362 illam
1065 336 1200 367 lavaruut,
1230 340 1258 362 et
1287 335 1403 370 pristino
1427 335 1566 370 splendori
1588 340 1616 362 et
1647 336 1757 363 candori

967 381 1159 408 restituerunt.
1169 381 1245 415 Aqua
1260 388 1324 409 vero
1341 386 1369 408 et
1382 388 1502 415 smegma
1516 389 1569 409 non
1585 386 1701 416 possunt
1713 381 1759 414 ju-

967 433 1033 453 vare
1051 427 1146 460 pedem
1161 426 1329 454 laborantem
1344 431 1371 453 et
1386 427 1545 458 contritum.
1566 427 1614 453 sed
1641 434 1687 454 ars
1699 427 1756 454 sola

969 472 1067 499 medici
1082 472 1324 506 experientissimi,
1343 473 1389 506 qui
1409 473 1435 499 in
1450 480 1479 500 se
1492 472 1586 506 recipit
1603 480 1672 500 onus
1696 480 1757 500 eum

969 523 1092 551 tempore
1109 522 1136 545 et
1148 525 1226 549 cura,
1240 518 1315 544 illum
1334 518 1457 553 pristina:
1471 518 1581 545 sanitati
1596 518 1709 545 reddere
1731 523 1759 545 et

969 564 1124 591 restituere.
1149 564 1283 598 Propheta
1297 571 1366 592 vero
1387 570 1449 592 Inus
1469 564 1515 591 tali
1537 568 1563 591 te
1579 565 1701 592 doctrina
1716 565 1760 592 in-

967 610 1067 642 stituit,
1083 617 1179 637 omnes
1202 610 1309 637 scilicet
1335 610 1432 637 anima:
1459 614 1486 637 et
1511 610 1634 644 corporis
1651 610 1760 638 morbos

968 663 1029 683 cum
1045 662 1114 689 aqua
1142 655 1265 690 purgari,
1281 655 1365 682 lavari
1389 660 1418 682 et
1442 656 1589 683 removeri.
1608 655 1670 682 Jam
1693 663 1760 684 vero

968 708 1038 734 aqua
1054 708 1107 727 non
1120 701 1206 728 valuit
1218 709 1317 728 curare
1332 702 1480 728 contritum
1506 701 1601 735 pedem
1619 701 1756 729 visibilem

969 749 1036 774 etin
1065 755 1161 775 sensus
1190 747 1389 779 incurrentem,
1419 747 1556 781 quomodo
1571 754 1636 781 ergo
1667 751 1759 781 posset

969 795 1086 821 animam
1101 792 1265 820 invisibilem
1283 792 1375 819 lavare
1388 797 1415 819 et
1441 793 1635 820 sanetilicare?
1659 793 1687 820 Si
1718 794 1759 820 di-

969 847 1038 866 cas:
1057 839 1152 867 Oratio
1167 843 1209 865 est
1223 839 1320 865 animm
1339 838 1528 870 sanctiﬁcatio,
1544 846 1627 872 quare
1644 847 1696 866 non
1712 846 1759 866 va-

970 884 1006 912 let
1020 885 1100 911 ctiam
1118 891 1216 918 corpus
1229 883 1316 917 ipsum
1330 884 1525 911 sanctiﬁcare?
1536 883 1613 911 Nunc
1630 892 1694 911 vero
1721 885 1758 912 is-

128 930 204 964 νίψαι
220 930 289 964 μετὰ
305 928 401 960 ὓδατος
416 930 463 955 καὶ
477 929 636 956 σαπουνίου.
653 928 721 955 Οὐαί
739 937 791 960 σοι,
808 928 917 960 ὲλεεινὲ,

976 930 1018 957 lud
1036 935 1063 957 et
1078 929 1194 964 amplius
1217 929 1277 956 dico
1303 929 1360 960 tibi.
1374 929 1580 957 convenientius
1603 936 1645 957 est
1672 931 1759 965 primo

130 976 213 1010 μέρος
227 975 353 1010 κρίσεως⁸
366 975 415 1009 τὴν
429 975 510 1006 ἁγίαν
526 974 616 1009 ψυχὴν
628 973 758 1001 καλοῦσιν
775 974 804 1000 ὲν
828 982 917 1007 παρα-

127 1021 251 1057 δείσῳ,ἣ
273 1021 412 1055 λέγουσιν,
433 1020 519 1053 Ἐλοέ,
534 1020 689 1048 πλυνόχωλε
708 1021 738 1046 ὲν
762 1019 801 1055 τῷ
826 1028 918 1055 παρα-

127 1068 219 1103 δείσῳ.

970 983 1068 1003 curare
1101 975 1199 1002 vulnus
1226 975 1312 1008 pedis,
1326 979 1353 1002 et
1377 975 1475 1002 deinde
1504 977 1633 1003 accedere
1657 978 1689 1003 ad
1714 984 1759 1003 ve-

972 1027 1042 1049 stem
1066 1021 1210 1048 lavandam
1239 1025 1265 1047 et
1288 1021 1475 1054 dealbandam,
1493 1022 1533 1048 sic
1556 1022 1643 1055 primo
1663 1021 1760 1048 animae

971 1075 1036 1095 cura
1054 1067 1133 1094 debet
1150 1074 1198 1093 nos
1209 1066 1367 1099 sollicitare,
1381 1071 1411 1093 ut
1423 1067 1459 1094 sit
1473 1067 1600 1093 nimirum
1613 1071 1718 1099 sancta,
1731 1073 1761 1094 et

129 1115 289 1146 illuminala,
306 1114 413 1146 deinde,
423 1115 545 1149 corporis
557 1122 627 1149 aqua
643 1118 670 1142 et
681 1116 832 1149 smcgmate
843 1114 948 1141 lavandi
970 1119 1012 1142 est
1027 1114 1149 1141 habenda
1170 1114 1248 1141 ratio.
1273 1113 1317 1141 Vsa
1343 1113 1402 1145 tibi,
1430 1114 1583 1141 miserrime
1607 1115 1695 1148 portio
1720 1114 1761 1141 fu-

129 1169 190 1190 tura
205 1160 402 1193 nltimijmlicii.
422 1160 462 1187 An
477 1165 590 1187 vocatur
598 1161 685 1187 anima
703 1160 736 1187 ad
749 1160 903 1194 paradisum
923 1166 951 1188 et
965 1160 1085 1188 dicitur:
1108 1159 1186 1191 Veni,
1199 1167 1216 1186 o
1236 1159 1376 1190 clunilote,
1393 1159 1454 1186 veni
1471 1159 1496 1186 in
1511 1158 1688 1194 paradisum?

165 1208 251 1234 Ὅταν
263 1207 328 1241 γοῦν
344 1207 503 1242 τελευτήσῃ
519 1208 534 1233 ὁ
548 1207 692 1242 ἅνθρωπος
705 1208 753 1234 καὶ
771 1208 856 1242 ταφῇ,
872 1206 921 1234 καὶ

132 1253 202 1289 μετὰ
218 1254 294 1288 τρεῖς
311 1253 419 1287 ἡμέρας
445 1253 494 1287 οὐχ
522 1252 651 1288 ὑπάρχει,
669 1252 769 1288 βρῶμα
783 1253 831 1279 καὶ
849 1252 922 1279 σκώ-

130 1297 191 1333 ληξ,
207 1298 255 1324 καὶ
269 1297 326 1329 ὄζει
339 1298 386 1324 καὶ
396 1297 550 1332 φθείρεται,
573 1298 623 1324 καὶ
648 1298 689 1324 ὅτι
705 1299 753 1325 ἐὰν
784 1298 821 1333 μὴ
834 1297 923 1333 πολλῷ

131 1345 241 1380 χώματι
265 1344 312 1370 καὶ
337 1343 422 1369 πλακί
447 1351 511 1375 τινι,
540 1343 588 1369 καὶ
617 1343 746 1378 ἀσφαλῶς
768 1344 923 1379 περικρυδῇ

133 1390 173 1425 τῷ
186 1390 302 1425 σώματι,
315 1391 329 1416 ὁ
339 1390 452 1423 ἐγγίσας
462 1388 544 1416 αὑτοῦ
563 1389 677 1423 πλησίον
690 1390 745 1415 ἀπὸ
759 1390 810 1424 τῆς
822 1389 925 1424 πολλῆς

132 1436 264 1467 δυσωδίας
276 1434 405 1461 ἑτελεὺῖα
420 1435 462 1462 ἄν.
481 1435 537 1461 Νῦν
551 1435 579 1461 δὲ
591 1435 636 1467 τίς
665 1435 784 1469 ὠφέλεια
804 1435 847 1469 τῷ
872 1436 921 1462 ἁν-

134 1480 236 1517 Ορὼπῳ
251 1481 296 1507 τὸν
310 1481 397 1507 κῶλον
411 1481 493 1507 αὒτοῦ
510 1481 620 1508 πλύνειν
634 1481 724 1512 πάσας
741 1481 789 1512 τὰς
811 1481 920 1515 ἡμέρας

133 1527 184 1561 ’τῆς
196 1526 269 1561 ζωῆς
277 1526 358 1553 αὑτοῦ
368 1536 375 1559 ;
385 1528 452 1561 φησὶ
462 1527 516 1561 γὰρ
527 1527 540 1552 ὀ
551 1527 693 1561 προφήτης
704 1526 794 1552 Δαὸίδ·
819 1535 827 1551 ι
845 1527 924 1560 Καρ-

1007 1207 1075 1235 Cum
1089 1214 1156 1234 vero
1172 1207 1271 1241 aliquis
1307 1211 1431 1233 mortuus
1448 1211 1490 1233 est
1508 1211 1537 1234 et.
1553 1207 1678 1241 sepulcro
1699 1215 1762 1235 con-

972 1252 1055 1283 ditus.
1072 1257 1100 1279 et
1127 1259 1264 1282 corrosus,
1281 1255 1309 1279 et
1338 1252 1462 1279 redactus
1477 1251 1504 1278 in
1540 1253 1710 1286 putredinem
1732 1259 1761 1281 et

972 1305 1089 1330 vermes,
1109 1298 1175 1325 fetet
1189 1301 1217 1325 et
1228 1305 1340 1332 prorsus
1357 1298 1548 1334 corrumpitur,
1565 1304 1591 1326 et
1607 1299 1660 1326 nisi
1677 1300 1760 1327 multa

975 1347 1044 1369 terra
1067 1343 1210 1375 tumulata,
1225 1348 1253 1370 et
1264 1344 1413 1376 asseribus,
1426 1348 1451 1370 et
1469 1344 1587 1371 maxima
1612 1344 1760 1383 diligentia

974 1386 1157 1414 abscondantur
1181 1395 1292 1422 corpus,
1323 1388 1404 1414 talem
1435 1389 1543 1416 exhalat
1579 1389 1705 1422 fetorem,
1733 1394 1763 1416 ut

976 1434 1088 1467 propius
1111 1434 1273 1461 accedentes
1287 1438 1358 1461 tetro
1372 1434 1456 1461 odore
1478 1436 1571 1462 statim
1597 1441 1758 1462 enecentur.

974 1478 1033 1506 Jam
1049 1487 1113 1507 vero
1124 1480 1189 1515 quid
1204 1481 1282 1514 juvat
1298 1481 1435 1507 hominem
1450 1481 1563 1516 singulis
1573 1481 1669 1508 diebus
1686 1486 1763 1508 tanta

977 1532 1040 1552 cura
1055 1525 1146 1552 culum
1160 1529 1188 1552 et
1202 1525 1291 1552 colum
1310 1524 1418 1552 lavare?
1433 1524 1495 1552 ideo
1506 1526 1572 1552 dicit
1589 1525 1672 1552 David
1698 1533 1763 1561 pro-

134 1572 194 1599 δίαν
204 1572 327 1608 καθαρὰν
340 1573 431 1599 κτίσον
448 1573 477 1599 ὲν
489 1573 560 1607 ἐμοὶ,
571 1574 585 1599 ὸ
596 1573 671 1604 Θεός.
685 1581 695 1598 ι
711 1572 766 1598 Kal.
780 1572 921 1606 ὸΜωῡσῆς

977 1572 1057 1606 pheta
1071 1579 1078 1598 :
1097 1571 1119 1599 0
1135 1571 1216 1604 Deus,
1233 1579 1295 1599 crea
1312 1572 1337 1598 iu
1353 1579 1395 1598 me
1405 1579 1453 1601 cor
1467 1579 1562 1606 purum
1579 1577 1606 1598 et
1621 1573 1762 1600 mundum.

134 1618 341 1653 τεσσαράκοντα
363 1618 469 1654 ἡμέρας
492 1619 540 1644 καὶ
554 1618 656 1649 νύκτας
673 1618 850 1653 ἐνήστευσεν,
877 1618 924 1644 καὶ

134 1663 165 1689 τὸ
180 1664 268 1697 στόμα
292 1663 375 1689 αὑτοῦ
392 1663 489 1695 ὢζετο,
501 1663 590 1689 λαϐὼν
601 1663 630 1689 δὲ
643 1663 732 1697 φύλλα
747 1663 857 1696 δένδρου
870 1664 923 1690 ἁπ-

134 1709 282 1742 εσπόγγισε
293 1710 327 1735 τὰ
341 1709 417 1744 χείλη
434 1708 529 1736 αὑτοῦ.
550 1709 604 1735 Καὶ
615 1709 754 1744 ὀργισθεὶς
768 1709 782 1734 ὁ
794 1708 860 1740 θεὸς
875 1709 924 1735 αὺ-

135 1755 184 1790 -ιῷ,
199 1753 292 1780 εἶπεν·
311 1755 360 1780 Διὰ
381 1755 408 1781 τί
431 1756 599 1788 ἐσπόγγισας
626 1755 659 1781 τὰ
675 1755 752 1789 χείλη
778 1763 825 1781 σου
855 1754 926 1789 μετὰ

134 1801 190 1827 τῶν
207 1799 312 1834 φύλλων
325 1808 332 1832 ;
346 1800 466 1833 “fans,
485 1801 634 1835 νήπευσον
657 1801 757 1835 ἑτέρας
784 1800 924 1836 τεσσαρὰ-

135 1854 230 1873 κοντσ..
249 1845 334 1880 Κάγὼ
348 1845 395 1872 νῦν
410 1846 547 1880 ἁ-(ιασμδν
561 1845 650 1881 ψυχῆς
674 1855 704 1872 τε
730 1847 778 1873 καὶ
799 1846 926 1881 σώματος

136 1891 222 1927 ζητῶ,
239 1891 287 1918 ἐὰν
303 1891 399 1926 βρωμῇ
416 1891 447 1917 τὸ
463 1891 550 1926 στόμα
566 1899 624 1922 σου,
635 1891 662 1917 τί
688 1891 756 1925 πρός
772 1900 824 1926 με;
854 1891 926 1923 Χοῦς

136 1938 282 1973 ὑπάρχεις.
304 1938 352 1964 καὶ
384 1938 424 1968 εἰς
445 1937 497 1972 γῆν
515 1936 669 1972 ἀπελεύσῃ.
691 1937 772 1972 Ἀρτι
787 1937 849 1963 είπέ
867 1945 924 1972 μοι,

137 1982 160 2011 ὦ
179 1983 326 2020 Ἀγαρηνὲ.
341 1985 403 2010 ἐπεὶ
417 1985 431 2010 ὁ
445 1984 511 2015 Θεὸς
525 1983 704 2015 ἐκατεδέξατο
727 1983 757 2010 τὸ
778 1983 866 2017 στόμα.
878 1983 927 2009 τοῦ

136 2030 280 2065 προφήτου
294 2029 366 2060 δζον,
381 2029 427 2055 καὶ
442 2028 492 2055 οὐκ
502 2026 591 2061 εἶπεν,
609 2028 712 2054 Πλῦναι
730 2028 801 2062 μετὰ
828 2027 926 2059 ὓδατος

137 2076 219 2103 αὑτοῦ
234 2075 282 2102 τοῦ
299 2076 452 2111 προφήτου,
467 2075 483 2109 ἢ
497 2075 645 2109 σπόγγισαι
659 2082 666 2089 ·
687 2075 719 2101 σὺ
748 2075 809 2106 πῶς
823 2074 926 2108 λέγεις,

136 2121 179 2149 ὅτι
194 2121 264 2156 μετὰ
284 2120 332 2148 τοῦ
358 2121 456 2152 ὕδατος
481 2121 626 2153 ἁγιάζεται
663 2121 680 2156 ὴ
706 2121 791 2156 ψυχὴ,
819 2121 866 2147 καὶ
896 2120 928 2146 τὸ

139 2168 236 2202 stipa;
247 2167 435 2202 πεπλάνησαι.
449 2167 504 2193 Καὶ
520 2166 585 2193 ὃταν
597 2167 770 2202 ἁμαρτάνῃς,
785 2166 816 2192 οὐ
846 2165 927 2200 μόνον

138 2213 170 2239 τὺ
182 2213 262 2247 σῶμα
275 2212 410 2248 λαμϐάνει
421 2213 471 2248 τὴν
487 2212 637 2248 ἁμαρτίαν,
653 2212 722 2239 ἀλλὰ
745 2212 793 2238 καὶ
805 2212 822 2247 ὴ
839 2212 925 2246 ψυχὴ.

138 2258 196 2286 Νῦν
212 2258 241 2285 δὲ
254 2259 284 2284 τὺ
297 2259 378 2294 σῶμα
404 2258 521 2290 ἕπλυνας
534 2258 589 2285 ἀπὸ
613 2258 663 2292 τῆς
691 2258 831 2294 ρυπαρίας
856 2258 927 2292 μετὰ

139 2303 187 2330 τοῦ
200 2303 307 2334 ὓδατος,
322 2304 371 2338 τὴν
384 2303 412 2329 δὲ
435 2303 525 2338 ψυχὴν
547 2302 596 2338 τὴν
613 2303 732 2338 ἀόρατον
758 2304 828 2338 μετὰ
848 2303 925 2329 ποίου

140 2348 238 2378 ὓδατος
247 2347 335 2380 θέλεις
355 2348 496 2384 καθαίρειν
510 2348 596 2384 αὐτὴν
619 2347 674 2374 ἀπὸ
699 2348 749 2382 τῆς
775 2348 926 2383 ἁμαρτίας

140 2395 196 2421 Καὶ
211 2394 270 2426 πῶς
287 2395 424 2429 προτιμᾴν
439 2395 469 2420 τὸ
487 2395 567 2429 σῶμα
582 2394 728 2420 ὲκπλὺνειν
742 2394 804 2420 καῦ⁵
820 2394 928 2429 ἡμέραν

141 2441 282 2473 πεντάκις,
312 2441 361 2467 καὶ
391 2442 439 2476 τὴν
462 2440 552 2476 ψυχὴν
574 2442 706 2475 ἀφεῖναις
725 2441 792 2476 Οὐχὶ
816 2442 833 2476 ὴ
855 2441 929 2476 ψυχὴ

141 2487 259 2522 ὑπάρχει
275 2487 375 2522 μείζων
387 2487 434 2513 τοῦ
451 2486 595 2521 σώματος;
630 2488 734 2523 Ὥσπερ
755 2487 805 2523 τὴν
830 2487 929 2522 στολὴν

141 2533 302 2565 ὲλεύκανας,
323 2533 369 2559 καὶ
385 2533 416 2558 τὺ
431 2533 542 2566 Θλάσμα
559 2533 606 2559 τοῦ
625 2533 705 2564 ποδὸς
718 2533 768 2560 οὐκ
790 2533 929 2568 ὴδυνήῦης

142 2578 313 2614 θεραπεῦσαι
330 2579 382 2604 ὑπὸ
398 2578 445 2604 τοῦ
461 2578 567 2611 ὓδατος,
586 2579 654 2605 ἀλλὰ
672 2579 741 2614 μετὰ
767 2578 868 2614 ἰατρῶν
882 2580 930 2606 καὶ

142 2624 264 2661 βοτανῶν
280 2625 409 2660 ἀρίστων.

142 2677 219 2707 potes
236 2679 332 2698 curare
346 2676 372 2698 et
385 2671 524 2698 dealbare.
540 2670 592 2698 Sed
605 2672 698 2706 pedem
712 2671 882 2698 vulneratum
900 2678 927 2700 et

143 2719 321 2750 medicorum,
337 2722 365 2745 et
397 2718 500 2744 vitibus
517 2717 662 2744 herbarum
689 2718 922 2751 prmslantiorum.

177 2765 235 2792 Νῦν
249 2764 318 2791 Θέλω
346 2773 387 2791 σοι
405 2765 504 2792 εἰπεῖν.
530 2765 565 2791 Σὺ
593 2765 664 2800 ἔχεις
681 2765 767 2800 τάφον
793 2765 891 2800 ἔχοντά
905 2774 932 2792 τι

147 2811 246 2844 ἔξωθεν
273 2812 442 2847 ἐγκοίμισμα
467 2811 538 2838 πάνυ
558 2812 716 2847 θαυμαστὸν
737 2812 792 2838 ἀπὸ
817 2813 931 2847 χρυσίου

143 2859 192 2886 καὶ
209 2858 371 2894 μαργάρων,
391 2858 493 2885 ἔσωθεν
509 2858 538 2885 δὲ
553 2858 687 2890 δυσωδίας
717 2859 764 2885 καὶ
781 2858 932 2894 σκωλήκων

143 2905 235 2940 γέμει.
254 2905 338 2931 Πάλιν
352 2904 448 2939 ἐρωτῶ
460 2913 501 2937 σε,
519 2904 585 2931 ὅταν
597 2903 718 2940 χωρισθῇ
739 2904 771 2931 τὸ
787 2903 887 2940 βρέφος
900 2905 932 2932 ἐκ

974 1617 1007 1644 Et
1025 1625 1086 1645 eum
1098 1617 1185 1645 Moses
1195 1617 1346 1651 jejunasset
1355 1619 1533 1653 quadraginta
1546 1619 1605 1645 dies
1620 1623 1647 1645 et
1665 1624 1760 1646 noctes

974 1664 1074 1698 incepit
1086 1671 1212 1691 acescere
1223 1663 1296 1691 illius
1313 1663 1423 1697 halitus,
1439 1669 1466 1691 et
1479 1671 1527 1691 ore
1541 1665 1676 1698 ingratum
1695 1665 1760 1692 odo-

974 1716 1031 1736 rem
1046 1709 1192 1742 emittere;
1205 1709 1342 1744 accipiens
1369 1716 1434 1736 vero
1452 1710 1514 1736 folia
1533 1711 1640 1737 arboris
1668 1711 1760 1744 Cujus-

975 1755 1036 1782 dam
1065 1755 1164 1790 quibus
1187 1755 1259 1782 labia
1291 1755 1376 1783 voluit
1402 1756 1522 1783 irrorare
1545 1761 1574 1783 et
1609 1757 1762 1792 detergere.

974 1801 1077 1828 enrsit
1090 1802 1181 1828 statim
1203 1801 1242 1828 ira
1261 1801 1307 1828 Dei
1321 1806 1349 1828 et
1371 1801 1458 1834 dixit;
1484 1809 1570 1836 quare
1599 1802 1670 1829 loliis
1693 1803 1763 1830 labia

976 1847 1196 1875 detersisti?Abi
1221 1852 1248 1875 et
1261 1846 1353 1882 jejuna
1374 1848 1463 1875 adimo
1489 1848 1557 1875 alios
1585 1849 1765 1884 quadraginta

975 1895 1044 1927 dies,
1061 1903 1122 1922 nam
1154 1902 1204 1929 ego
1224 1895 1285 1922 volo
1310 1895 1558 1922 sanetilicationem
1575 1903 1627 1923 uou
1643 1897 1765 1931 carparis

977 1940 1022 1967 sed
1042 1941 1151 1970 animai.
1166 1940 1190 1966 si
1209 1940 1279 1966 male
1289 1939 1345 1966 olet
1356 1947 1387 1967 os
1403 1945 1487 1972 tmun,
1504 1941 1569 1974 quid
1582 1941 1634 1968 hoe
1651 1941 1683 1967 ad
1704 1941 1766 1968 me?

977 1986 1017 2013 Tu
1031 1995 1059 2014 es
1072 1992 1144 2013 terra
1155 1992 1183 2013 et
1196 1987 1223 2013 in
1240 1991 1340 2013 terram
1348 1991 1375 2013 et
1385 1986 1522 2020 pulverem
1537 1987 1693 2015 reverteris.
1704 1987 1764 2014 lam

978 2039 1061 2063 vero,
1084 2039 1102 2057 o
1124 2032 1266 2065 Agareue',
1287 2031 1330 2058 dic
1358 2031 1435 2063 mihi,
1451 2031 1671 2065 quandoquidem
1696 2031 1766 2058 Deus

979 2077 1105 2104 toleravit
1123 2081 1151 2103 et
1177 2076 1291 2103 admisit
1310 2084 1342 2104 os
1369 2075 1458 2103 feto-ns
1476 2076 1615 2110 prophetae
1630 2076 1722 2109 Musis,
1740 2082 1767 2103 et

979 2127 1032 2147 non
1049 2120 1129 2154 jussit
1143 2120 1321 2154 prophetam.
1337 2124 1366 2146 ut
1381 2126 1413 2146 os
1425 2127 1502 2146 suum
1521 2127 1588 2153 aqua
1616 2121 1719 2148 lavaret
1740 2126 1767 2148 et

978 2166 1133 2200 detergeret
1146 2185 1154 2197 ,
1167 2171 1194 2192 ιιι
1221 2173 1273 2200 qua
1289 2166 1452 2192 verecundia
1471 2171 1546 2200 potes
1561 2173 1685 2193 asserere
1704 2168 1767 2193 aui-

981 2219 1052 2238 mam
1069 2217 1097 2238 et
1108 2219 1206 2246 corpus
1219 2219 1288 2246 aqua
1306 2211 1416 2245 purgari
1429 2216 1456 2238 et
1469 2212 1634 2238 sanctiﬁcari
1645 2212 1657 2238 ?
1670 2213 1764 2241 Erras.

981 2258 1047 2286 Nam
1061 2266 1122 2286 cum
1138 2265 1235 2293 peccas
1261 2266 1314 2284 nou
1335 2262 1440 2284 tantum
1469 2265 1569 2291 corpus
1599 2257 1768 2292 inquinatur,

980 2306 1027 2332 sed
1043 2306 1126 2332 etiam
1142 2305 1232 2331 anima
1244 2305 1348 2338 peccati
1363 2304 1423 2330 labe
1441 2304 1570 2330 inllcitur.
1583 2302 1612 2331 Si
1630 2311 1694 2331 vero
1707 2312 1769 2332 cor-

980 2351 1054 2386 poris
1069 2352 1163 2377 sordes
1180 2357 1249 2384 aqua
1265 2350 1401 2384 abst-argis
1416 2354 1443 2376 et
1455 2349 1542 2381 deles,
1555 2357 1608 2384 qua
1619 2357 1689 2384 aqua
1707 2351 1765 2378 ani-

980 2405 1051 2424 tuaut
1068 2397 1231 2423 iuvisihilem
1248 2404 1262 2422 a
1279 2402 1389 2430 peccato
1402 2396 1518 2423 liherare
1536 2402 1562 2423 et
1591 2405 1707 2432 purgare
1720 2405 1766 2424 co-

980 2443 1074 2470 naris?
1087 2443 1119 2469 Et
1130 2450 1180 2476 qua
1211 2443 1318 2468 ratione
1333 2442 1362 2468 lit
1379 2447 1407 2467 ut
1428 2441 1515 2476 primo
1529 2448 1640 2469 curetur
1669 2450 1769 2478 corpus

980 2493 1007 2516 el.
1027 2489 1172 2523 quinquies
1187 2488 1301 2520 singulis
1311 2488 1407 2515 diebus
1425 2492 1560 2522 purgetur
1573 2493 1599 2515 et
1613 2489 1768 2523 mundetur,

982 2534 1071 2561 anima
1101 2542 1166 2560 vero
1191 2534 1312 2568 neglecta
1327 2538 1351 2559 et
1380 2533 1454 2560 illota
1473 2533 1768 2568 relinquatur?Annou

981 2582 1070 2607 anima
1083 2580 1218 2615 dignitate
1231 2587 1331 2613 corpus
1357 2580 1445 2613 ipsum
1461 2581 1592 2614 superat?
1618 2581 1698 2608 Certe
1727 2589 1769 2608 res

982 2625 1020 2653 ita
1037 2633 1065 2653 se
1080 2626 1162 2652 habet
1180 2630 1210 2652 ut
1230 2625 1256 2652 in
1275 2625 1401 2659 parabola
1418 2626 1504 2652 vestis
1515 2630 1545 2661 et
1559 2627 1644 2660 pedis.
1663 2626 1769 2654 Vestem

945 2675 1092 2701 contritum
1115 2680 1167 2700 non
1201 2673 1304 2707 poteris
1321 2672 1417 2706 juvare
1431 2679 1514 2707 aqua,
1530 2673 1577 2700 sed
1601 2673 1771 2705 experientia

1022 2765 1101 2793 Nunc
1113 2770 1138 2793 et
1158 2765 1230 2793 aliud
1247 2773 1344 2801 urgere
1356 2765 1425 2803 volo.
1439 2765 1529 2793 Habes
1540 2766 1692 2800 sepulcrum
1705 2768 1773 2795 mira

985 2811 1192 2847 prorsuslorica
1223 2811 1435 2844 circuunlattuu,
1451 2817 1479 2838 et
1506 2812 1589 2838 variis
1617 2815 1775 2850 margaritis

985 2864 1013 2886 et
1024 2865 1092 2885 auro
1109 2859 1278 2891 decoratum,
1292 2858 1409 2885 interius
1424 2865 1489 2885 vero
1500 2861 1542 2885 est
1561 2857 1672 2892 plenum
1686 2858 1766 2886 fetore

987 2908 1015 2932 et
1037 2904 1188 2933 vermibus.
1215 2904 1321 2932 Rursus
1348 2904 1422 2932 aliud
1451 2908 1477 2932 te
1506 2904 1694 2940 interrogabo,
1713 2912 1774 2933 cum
