1932 3067
176 168 247 208 1415

723 172 1007 206 ΒΑΒΤΗΟΣΟΜΑΕΙ
1018 173 1212 206 ‘EDESSENI

1725 173 1798 206 1416

175 234 313 265 partes"
324 231 423 257 :entre
432 227 529 255 matris
540 227 686 262 emittitur,
697 227 770 256 illius
778 236 879 264 corpus
892 236 961 264 aqua

1014 231 1062 265 τῆς
1078 229 1183 261 κοιλίας
1198 229 1248 265 τῆς
1263 227 1369 265 μητρὸς
1377 228 1472 261 αὐτοῦ,
1482 228 1663 264 καθαρίζεται
1673 229 1704 255 τὸ
1717 230 1800 265 σῶμα

175 274 332 302 inundatur.
347 273 394 301 Est
405 281 471 301 vero
484 273 566 300 molle
581 273 653 300 illius
668 281 778 309 corpus,
791 279 819 302 et
834 273 895 302 nonl
910 283 960 310 po-

177 320 327 348 testadhuc
341 326 433 353 orare,
450 319 521 353 quod
532 319 595 346 dico
610 327 644 346 ne
659 319 722 347 hinc
735 321 906 348 occasionem
918 321 960 348 in-

175 366 271 394 venias
286 365 424 392 asserendi
447 364 519 399 quod
545 372 595 398 per
610 372 704 399 preces
725 366 912 393 sanctificatur
925 366 959 393 il-

178 411 230 438 lius
250 410 340 437 anima
359 410 392 436 ad
415 408 539 436 nltimtnn
563 416 650 443 usque
672 410 768 437 mortis
782 416 958 438 momentum.

177 454 289 483 Ostendi
300 461 366 488 ergo
383 453 430 479 tibi
445 453 517 487 quod
530 460 601 487 aqua
632 461 681 480 nec
695 460 794 488 corpus
806 461 855 482 nec
870 455 960 482 anima

175 500 390 529 sanetillcantur.
409 499 437 526 Si
456 506 520 526 vero
533 506 644 533 regeras
668 501 740 534 quod
771 499 843 542 fetus
866 507 961 528 recens

175 552 256 575 natus
268 547 365 574 debeat
378 545 534 572 circumcidi
555 550 582 572 et
593 545 633 572 sic
649 546 829 579 sanctilicari,
850 554 962 581 respon-

175 591 238 622 deo,
246 597 296 617 nec
309 590 335 616 in
352 590 403 616 hoc
416 588 498 616 etiam
509 589 661 616 consistere
673 590 796 623 corporis
811 590 852 617 vel
865 592 962 618 animae

176 636 430 663 sanetilieationem.
442 635 494 661 Sed
512 633 717 662 lsraelitmhanc
733 635 962 670 habueruntgen-

177 683 212 709 tis
225 686 252 708 et
266 682 374 716 generis
390 681 430 707 sui
446 685 536 707 notam
553 687 605 715 qua
625 681 658 707 ab
671 680 732 708 aliis
759 681 885 714 gentibus
906 681 960 708 dis-

177 728 375 761 tinguerentur.
394 726 493 752 lterum
510 732 576 760 ergo
599 731 681 760 atque
710 726 807 752 iterum
825 726 872 752 libi
901 727 962 752 dico

177 772 249 807 quod
261 772 306 807 qui
330 771 410 799 docet
427 770 511 797 Deum
541 770 646 797 ratione
682 774 833 801 carentent,
851 770 962 797 omnino

176 818 223 845 ille
243 819 299 852 Ipse
310 822 382 844 caret
398 816 553 851 cognitione
574 822 602 844 et
626 816 738 850 pietate,
756 820 786 842 nt
812 815 860 842 tibi
880 823 961 850 supra

176 863 383 898 repraesentari.

1010 276 1094 302 αὐτοῦ
1103 275 1157 302 ἀπὸ
1170 275 1275 305 ὕδατος.
1291 271 1377 301 Δὺτόὖ
1397 274 1450 310 γὰρ
1466 274 1586 310 μαλακὴν
1600 275 1632 301 τὸ
1642 274 1733 310 σῶμα,
1750 278 1800 302 καὶ

1009 320 1040 346 οὐ
1057 320 1166 347 δύναται
1183 319 1265 354 εὐχὴν
1286 319 1408 354 ποιῆσαι,
1428 318 1471 344 ἵνα
1492 318 1577 354 εὕρῃς
1602 319 1734 354 ἀφορμὴν
1750 319 1796 345 ὅτι

1012 366 1082 401 μετὰ
1093 365 1144 401 τῆς
1156 365 1238 400 εὐχῆς
1253 364 1396 398 ἁγιάζεται
1411 365 1428 399 ὴ
1444 363 1520 399 ψυχὴ
1541 363 1623 390 αὑτοῦ
1646 364 1728 399 μέχρι
1748 364 1799 392 θα-

1009 411 1102 437 νάτου.
1117 410 1227 442 Ἔδειξά
1242 418 1294 441 σοι,
1310 410 1350 436 ὃτι
1365 409 1397 436 τδ
1407 409 1480 444 ὕδωρ
1494 409 1525 436 οὑ
1550 409 1694 445 καθαρίζει
1707 409 1799 445 ψυχὴν

1010 453 1073 480 οὗτε
1088 453 1177 488 σῶμα,
1191 454 1222 480 El
1235 453 1263 479 δὲ
1276 453 1368 487 λέγεις
1382 453 1422 480 ὅτι
1437 453 1490 488 χρὴ
1505 454 1732 489 περιτέμνεσθαι,
1746 455 1800 481 καὶ

1010 497 1097 528 οὕτως
1111 497 1268 530 ἁγιάζεται,
1280 497 1353 532 λέγω
1369 506 1421 529 σοι,
1438 497 1512 524 Αὐτὸ
1528 497 1590 525 οὔτε
1607 498 1654 525 τοῦ
1669 499 1800 534 σώματός

1011 543 1085 570 ἐστιν
1096 543 1242 578 ἁγιασμὸς,
1256 543 1319 569 οὔτε
1333 543 1434 579 ψυχῆς.
1456 544 1527 570 Ἀλλ’
1539 541 1613 580 εἶχον
1629 545 1655 571 oi.
1685 545 1799 581 Ἰσραη-

1010 589 1083 615 λῖται
1111 589 1189 615 τοῦτο
1213 588 1359 624 γνώρισμα
1391 591 1442 624 τῆς
1463 590 1542 622 νίδίας
1565 591 1673 624 γενεᾶς,
1688 591 1800 617 διιστῶν

1011 635 1111 666 αὐτοὺς
1127 635 1181 661 ἀπὸ
1203 635 1259 661 τῶν
1270 634 1366 662 ἐθνῶν.
1388 635 1469 662 Ἀλλὰ
1490 636 1538 663 καὶ
1557 636 1637 668 αὖθις
1656 636 1728 670 λέγω
1744 645 1798 668 σοι,

1011 681 1052 706 ὅτι
1066 681 1081 706 ὁ
1102 680 1199 714 ἄλογον
1213 680 1280 706 Θεὸν
1297 680 1471 716 δογματίζων
1481 702 1489 715 ,
1515 682 1563 709 καὶ
1579 681 1692 715 ἁπλοῦν,
1716 682 1798 708 εὐσε-

1012 726 1087 758 ϐείας
1098 726 1172 752 ἐστὶν
1190 726 1237 752 καὶ
1253 726 1378 760 γνώσεως
1395 727 1521 763 ἄμοιρος,
1534 728 1625 760 καθὼς
1640 729 1689 755 καὶ
1708 727 1800 761 ἐδειξά

1013 780 1056 798 σοι
1073 772 1103 805 ἐξ
1114 772 1212 807 ἀρχῆς.

211 908 316 935 linrsus
328 915 391 935 vero
418 912 444 935 te
471 907 646 940 interrogabo
669 907 702 934 de
720 907 814 943 viginti
844 913 962 943 quatuor

1047 908 1132 935 Πάλιν
1144 908 1174 935 δὲ
1188 908 1284 943 ἐρωτῶ
1301 916 1332 934 σε
1352 907 1420 944 περὶ
1438 907 1493 935 τῶν
1510 909 1740 945 είκοσιτεσσάρων
1756 919 1800 946 χι-

177 954 345 989 myriadibns
360 954 553 988 prophetarum
569 959 636 987 quos
649 954 754 987 jactare
768 954 850 987 soles,
866 959 896 982 ut
918 962 964 981 eo-

177 999 356 1026 rumnomina
373 1000 486 1031 referas,
504 1005 530 1025 et
544 999 610 1033 quid
621 999 717 1033 singuli
734 1000 873 1026 vaticinati
886 1005 960 1032 sunt,

177 1052 231 1080 quo
256 1045 387 1072 miraculo
414 1045 607 1076 inclaruerint.
636 1052 690 1079 quo
718 1050 851 1080 tempore,
875 1054 963 1080 quove

176 1091 227 1118 sub
241 1090 355 1124 imperio
373 1090 542 1117 exstiterint.
558 1089 643 1117 Totus
666 1090 741 1117 orbis
768 1095 876 1118 constat
900 1098 962 1125 sep-

178 1135 299 1170 tuaginta
322 1135 425 1163 duabus
442 1135 550 1170 linguis,
566 1141 595 1163 ut
608 1141 702 1163 notum
723 1142 776 1164 est.
802 1136 869 1164 Etsi
883 1143 962 1172 potes

177 1189 330 1209 memorare
343 1186 403 1208 tuos
416 1182 563 1216 prophetas
577 1182 724 1208 secundum
748 1190 888 1210 nmnernm
912 1183 964 1210 lin-

177 1235 292 1262 guarum
309 1227 392 1254 totius
414 1227 501 1258 orbis,
519 1227 599 1254 ﬁdem
615 1227 661 1254 tibi
690 1228 861 1256 habebimus.
886 1229 963 1257 Nunc

177 1280 241 1300 vero
254 1281 287 1300 ne
301 1274 410 1308 quidem
426 1278 533 1300 centum
546 1274 741 1308 prophetarum
760 1275 870 1302 nomina
886 1280 963 1308 potes

178 1317 291 1346 referre.
307 1319 375 1346 Audi
393 1319 492 1354 quippe
509 1326 579 1346 ante
600 1319 738 1346 Edesseno
749 1327 806 1346 rem
819 1328 899 1354 quam
915 1321 961 1348 tibi

177 1364 305 1391 narrabo.
318 1364 486 1398 Diequodam
504 1363 650 1391 Zecchetes
663 1372 710 1392 seu
726 1365 868 1400 religiosus
886 1367 964 1400 quie-

178 1415 268 1440 scens,
284 1409 400 1435 accessit
423 1409 456 1435 ad
474 1409 618 1443 quemdam
632 1409 828 1444 Calepitarnm,
840 1418 887 1445 spe
906 1411 962 1438 frc-

180 1458 222 1481 tus
236 1455 306 1487 quod
319 1454 353 1480 ab
368 1454 414 1481 illo
430 1462 522 1488 rogant
537 1462 584 1482 seu
599 1455 801 1490 eleemosynam
826 1462 900 1484 esset
913 1464 962 1484 ae-

178 1504 316 1534 cepturns.
330 1499 403 1527 Petit
415 1507 480 1535 ergo
492 1505 521 1527 ut
535 1508 588 1535 quo
607 1508 671 1535 erga
685 1502 767 1529 Deum
778 1507 805 1529 et
814 1503 962 1536 prophetas

179 1553 273 1573 amore
290 1545 437 1578 ferebatur,
461 1546 542 1573 vellet
561 1546 598 1573 illi
616 1554 755 1574 nummum
787 1554 900 1582 erogare
928 1548 961 1574 ad

178 1591 282 1626 singula
305 1598 366 1625 quae
395 1596 594 1619 memoraretur
626 1593 818 1627 prophetarum
842 1593 961 1621 nomina.

179 1637 256 1664 Sedit
269 1644 333 1664 vero
358 1636 394 1664 illi
422 1637 546 1672 petitioni
571 1638 819 1672 obtemperaturus.
848 1638 880 1665 Et
901 1647 962 1666 cum

178 1691 271 1711 coram
292 1691 322 1710 se
337 1683 496 1711 collocasset
515 1691 639 1718 magnam
656 1692 831 1712 nummorum
846 1686 962 1719 copiam,

179 1728 381 1764 elllagitavitab
398 1728 452 1760 illo,
471 1734 499 1754 ut
514 1728 619 1763 singula
633 1728 832 1764 Prophetarum
853 1730 963 1757 nomina

180 1779 344 1806 recenseret,
360 1773 393 1800 ad
409 1773 546 1807 quodlibet
558 1774 697 1808 propheta:
710 1781 808 1801 nomen
823 1781 963 1802 nummum

178 1824 347 1854 accepturus.
357 1819 423 1846 Cum
432 1818 556 1852 verojam
564 1820 696 1853 quosdam
709 1827 833 1847 nummos
840 1821 961 1855 accepis-

178 1871 229 1896 set,
245 1870 272 1893 et
287 1864 465 1898 quorumdam
485 1865 625 1891 nominum
650 1865 845 1900 prophetarum
869 1873 963 1893 recor-

178 1913 256 1939 datus
272 1910 376 1942 fuisset,
393 1910 485 1937 statim
502 1910 580 1938 haesit
603 1911 745 1942 memoria,
760 1915 788 1938 et
805 1911 883 1945 ‘ultra
910 1919 962 1940 non

177 1957 371 1993 suppeditavit,
388 1957 496 1984 etiamsi
513 1957 582 1985 alter
599 1958 713 1985 instaret
726 1963 754 1986 et
778 1964 898 1993 urgeret.
917 1960 963 1987 Sic

178 2009 297 2031 tentatus
313 2008 339 2029 et
353 2002 449 2029 irrisus
472 2001 523 2028 fuit
538 2010 553 2029 a
579 2002 722 2036 Moratino,
740 2008 767 2030 et
790 2009 900 2038 pactqu
936 2010 964 2032 et

177 2047 296 2075 comlitio
321 2047 448 2079 rescissa,
479 2050 507 2073 et
534 2046 568 2073 ab
585 2046 631 2072 illo
655 2047 817 2081 improbata.
842 2047 871 2074 Si
897 2053 962 2076 tunc

177 2093 326 2122 adfuissent
350 2092 508 2124 Christiani,
538 2100 629 2119 annon
654 2092 705 2126 ipsi
732 2100 780 2120 vos
801 2094 919 2121 ludibrio
935 2099 962 2121 et

177 2140 233 2166 risu
258 2139 438 2173 excepisacnt.
467 2137 533 2164 Cum
559 2145 623 2172 ergo
646 2138 777 2170 ignoretis
815 2140 961 2173 propheta-

178 2193 237 2212 rttm
262 2184 382 2215 nomina,
405 2182 541 2217 quomodo
567 2186 670 2208 tantum
696 2182 887 2217 prophetarum
910 2192 962 2210 nu-

1013 953 1112 979 λιάδων
1126 953 1276 988 προφητῶν
1291 950 1329 980 ὧν
1347 953 1421 988 ἡμᾶς
1435 953 1583 987 διδάσκεις,
1608 952 1680 980 ὥστε
1696 955 1746 981 καὶ
1765 956 1801 981 τὰ

1012 999 1132 1034 ὀνόματα
1143 998 1274 1032 ἐξειπεῖν,
1291 999 1338 1025 καὶ
1351 999 1468 1031 ὁκαοεὶς
1479 999 1570 1026 αὐτῶν
1580 1000 1799 1035 ἐπροφήτευσεν,

1012 1043 1120 1079 ῆποῖον
1142 1043 1236 1078 θαῦμα
1257 1044 1418 1080 εἰργάσατο,
1440 1045 1488 1071 καὶ
1504 1044 1621 1076 ἕκαστος
1643 1046 1691 1072 ἐπὶ
1720 1046 1801 1072 ποίαν

1013 1088 1152 1123 βασιλείαν
1178 1089 1321 1124 ὑπῆρχεν;
1348 1088 1377 1116 '0
1405 1089 1507 1124 κόσμος
1529 1089 1589 1121 ὅλος
1613 1089 1802 1126 ἑϐδομήκοντα

1012 1135 1059 1161 δύο
1069 1134 1190 1169 γλῶσσαί
1206 1135 1286 1166 εἰσιν,
1300 1134 1338 1166 ὡς
1351 1135 1475 1170 οἴδαμεν.
1491 1135 1546 1162 Ka‘t
1557 1135 1604 1162 ἐὰν
1625 1135 1690 1172 ἔχῃς
1711 1137 1801 1163 εἰπεῖν

1013 1181 1084 1207 κατὰ
1094 1179 1142 1206 τὸν
1155 1179 1273 1214 ἀριθμὸν
1299 1180 1353 1206 τῶν
1384 1180 1517 1214 γλωσσῶν
1531 1181 1626 1212 τόσους
1645 1182 1800 1218 προφήτας,

1013 1226 1195 1260 ἐπιστεύομεν
1221 1234 1273 1252 σοι.
1298 1224 1356 1251 Νῦν
1378 1225 1406 1251 δέ
1431 1225 1493 1252 οὐδὲ
1526 1226 1625 1254 ἑκατὸν
1652 1228 1801 1262 προφητῶν

1012 1271 1135 1306 ὀνόματα
1164 1272 1266 1307 δυνήσῃ
1290 1272 1392 1299 εἰπεῖν.
1431 1272 1532 1298 Ἀκουε
1562 1273 1617 1307 γὰρ
1643 1274 1711 1307 παρ’
1732 1274 1800 1308 ἐμοῦ

1019 1317 1173 1352 Ἐδεσηνοῦ.
1187 1317 1261 1344 Μίαν
1277 1315 1325 1344 οὖν
1350 1317 1405 1344 τῶν
1427 1317 1540 1352 ἡμερῶν
1557 1316 1640 1353 ἦλθεν
1662 1319 1802 1354 Ζεκχέτης

1012 1372 1065 1396 τις,
1082 1362 1161 1390 τοῦτ’
1176 1363 1261 1396 ἐστιν,
1276 1363 1443 1398 ἡσυχαστὴς,
1453 1364 1496 1394 είς
1512 1363 1562 1399 τὴν
1575 1363 1677 1398 ροῦγάν
1686 1363 1801 1390 τινιτῶν

1013 1409 1184 1442 Χαλεπιτῶν,
1200 1410 1249 1437 καλ¹
1272 1410 1347 1444 λέγει
1363 1409 1449 1444 αὐτῷ·
1477 1409 1541 1436 Ἐὰν
1553 1410 1662 1445 ἀγαπᾷς
1675 1410 1720 1437 τδν
1734 1410 1802 1437 Scin

1013 1455 1137 1486 καὶτοὺς
1152 1455 1308 1490 προφήτας,
1341 1455 1454 1490 χάρισόν
1470 1463 1515 1490 μοι
1531 1456 1652 1490 νόμισμα
1671 1456 1711 1488 ἐν,
1735 1455 1802 1483 ἐκά-

1014 1509 1077 1526 στου
1091 1501 1231 1535 προφήτου
1247 1500 1371 1535 ὀνόματι.
1387 1500 1442 1526 Καὶ
1456 1500 1603 1526 ἐκατέθετο
1616 1500 1690 1534 αὐτῷ
1711 1499 1801 1527 δοῦναι

1013 1546 1050 1577 ὡς
1065 1547 1197 1582 ᾐτήσατο.
1213 1546 1268 1572 Καὶ
1285 1546 1341 1577 θεὶς
1364 1545 1480 1572 ἐνώπιον
1495 1545 1578 1572 αὐτοῦ
1602 1545 1693 1580 πλήθη
1724 1554 1802 1580 νομι-

1017 1593 1139 1628 σμάτων,
1153 1593 1296 1628 ἀπῄτησεν
1323 1591 1403 1618 αὑτὸν
1419 1591 1512 1625 λέγειν
1530 1590 1644 1622 καθενὸς
1661 1592 1803 1626 προφήτου

1014 1638 1111 1674 δνομα,
1125 1638 1331 1673 καὶλαμὸάνειν
1345 1638 1396 1664 ἀνὰ
1407 1637 1436 1663 ἓν
1456 1638 1588 1672 νόμισμα.
1611 1636 1640 1663 ⁸0
1667 1637 1696 1663 δὲ
1715 1636 1803 1671 ἀρξά-

1016 1692 1097 1720 μενος
1111 1683 1158 1710 τοῦ
1170 1683 1322 1718 λαμϐάνειν
1346 1683 1380 1709 τὰ
1405 1682 1572 1717 νομίσματα,
1599 1681 1677 1717 μόλις
1698 1681 1804 1717 ήρξατο

1015 1731 1063 1758 καὶ
1087 1730 1211 1765 ἐμνήσθη
1238 1729 1320 1756 τινῶν
1338 1728 1503 1764 ὀνομασιῶν,
1531 1728 1580 1754 καὶ
1599 1728 1802 1762 ἀπαιτούμενος

1015 1777 1065 1803 οὐκ
1084 1776 1208 1812 ἐμνήσθη
1235 1776 1286 1802 ἐτι.
1309 1775 1409 1802 Λοιπον
1434 1775 1483 1801 καὶ
1512 1771 1590 1805 οὗτος
1612 1773 1801 1809 κατεγελάσθη

1014 1822 1092 1858 παρὰ
1105 1822 1152 1849 τοῦ
1170 1822 1336 1857 Μορατίνου,
1359 1821 1407 1847 καὶ
1431 1820 1576 1855 ἐπειράθη,
1592 1820 1640 1846 καὶ
1662 1820 1696 1846 τὰ
1723 1828 1802 1854 νομι-

1015 1869 1113 1896 σθέντα
1142 1867 1271 1903 ὲμέμφθη
1292 1867 1358 1903 παρ’
1385 1866 1481 1893 αὑτοῦ.
1510 1866 1543 1892 Et
1573 1865 1728 1900 παρέτυχον
1746 1865 1801 1899 ἄρα

1014 1915 1086 1946 τινὲς
1119 1914 1278 1950 Χριστιανοὶ
1310 1910 1372 1945 ὧδε,
1397 1913 1429 1939 οὐ
1443 1911 1632 1946 κατεγέλασαν
1647 1911 1681 1937 ἂν
1706 1911 1799 1945 ὑμᾶς,

1015 1961 1077 1992 Πῶς
1089 1961 1136 1987 οὖν
1155 1961 1244 1995 ὑμεῖς,
1272 1960 1333 1986 ἐπεὶ
1346 1959 1377 1986 οὐ
1398 1959 1549 1993 γινώσκετε
1571 1957 1627 1984 τῶν
1652 1957 1800 1993 προφητῶν

1013 2007 1142 2042 ὀνόματα,
1156 2005 1291 2032 τοσούτων
1311 2005 1415 2040 πλῆθος
1439 2004 1588 2040 προφητῶν
1616 2004 1705 2037 λέγεις
1727 2003 1800 2037 ἔχειν

1014 2054 1104 2087 ὑμᾶς
1127 2052 1181 2078 Καὶ
1211 2051 1407 2086 ἁπετόλμησας
1431 2051 1463 2077 σὺ
1485 2050 1602 2085 ζητῆσαι
1623 2049 1741 2076 τοσαῦτα
1758 2057 1799 2075 νο-

1016 2099 1139 2134 μίσματα
1155 2098 1220 2132 περὶ
1236 2094 1275 2124 ὧν
1287 2097 1318 2123 οὺ
1332 2096 1477 2130 γινώσκεις
1493 2096 1610 2132 ἀριθμὸν
1630 2096 1684 2122 τῶν
1699 2095 1799 2130 ὑμετέ-

1017 2153 1072 2180 ρων
1092 2143 1252 2179 προφητῶν.
1269 2143 1367 2177 Λέγεις
1382 2151 1428 2177 μοι
1442 2142 1534 2175 πάλιν,
1547 2143 1588 2168 ὃτι
1605 2141 1713 2176 πρῶτος
1733 2149 1800 2176 προ-

1015 2190 1102 2225 φήτης
1113 2190 1187 2216 ἐστὶν
1213 2190 1227 2216 ὁ
1250 2189 1346 2224 Ἀδὰμ,
1376 2189 1424 2215 καὶ
1454 2189 1568 2223 ἔσχατος
1593 2189 1607 2214 ὀ
1636 2188 1798 2222 Μουχάμετ.

178 2238 282 2257 merum
308 2229 377 2263 apud
406 2235 454 2254 vos
479 2227 604 2254 ﬂoruisse
626 2227 732 2254 audetis
762 2235 900 2261 asserere,
933 2235 960 2257 et

1015 2236 1138 2270 Ἄφρων,
1147 2235 1192 2261 καὶ
1207 2235 1260 2267 ἕξω
1272 2235 1322 2270 τῆς
1337 2235 1476 2269 ἀληθείας.
1502 2235 1546 2261 Ἐν
1557 2234 1695 2269 διαφόροις
1707 2234 1801 2265 τόποις

176 2284 261 2311 quare
273 2283 325 2302 non
352 2274 491 2301 erubescis
517 2277 555 2300 tot
579 2281 704 2300 nummos
728 2273 876 2308 efﬂagitare
895 2280 962 2309 Quot.

177 2322 359 2350 suntnomina
385 2320 592 2354 prophetarum,
610 2327 670 2353 qua:
694 2324 784 2346 tamen
809 2326 961 2347 memorare

177 2375 230 2395 non
246 2372 333 2401 potes,
349 2370 376 2392 et
391 2369 453 2391 sunt
471 2365 517 2391 tibi
544 2371 656 2398 prorsus
681 2365 782 2399 ignota.
800 2365 852 2391 Sed
869 2365 902 2391 ad
929 2373 961 2392 ea

177 2421 237 2448 qua:
246 2402 410 2439 dixirursus
431 2410 545 2445 regeris,
555 2411 688 2437 Adamum
702 2410 785 2437 fuisse
806 2412 965 2446 prophetam

177 2460 309 2495 primum;
320 2457 533 2484 Muhammedem
544 2464 607 2483 vero
623 2456 745 2483 ultimum
756 2457 849 2484 fuisse.
865 2457 967 2486 lnsulse

178 2511 205 2533 ct
218 2505 395 2538 extrajacens
410 2503 532 2530 veritatis
544 2503 670 2530 orbitam.
688 2503 715 2529 ln
732 2503 814 2531 variis
841 2504 908 2531 locis
920 2505 967 2532 de-

178 2551 310 2587 prehendi
326 2555 351 2576 te
363 2549 510 2581 dicentem,
528 2549 599 2583 quod
617 2554 678 2576 crat
694 2549 880 2581 Mnhammed.
902 2556 966 2579 ante

1015 2280 1122 2316 εὕρηκά
1141 2289 1183 2312 σε,
1199 2281 1236 2312 ὡς
1253 2281 1352 2315 λέγεις,
1367 2281 1408 2307 ὅτι
1419 2281 1433 2307 ό
1446 2280 1594 2315 Μουχάμετ
1616 2280 1670 2314 πρὸ
1684 2280 1803 2306 καταδο-

1015 2327 1064 2362 λῆς
1083 2327 1185 2358 κόσμου
1215 2325 1259 2362 ἦν.
1286 2327 1341 2353 Καὶ
1366 2326 1545 2361 ἐρωτώμενος
1574 2326 1640 2361 παρ’
1665 2326 1733 2361 ἐμοῦ
1750 2326 1803 2352 ποῦ

1017 2372 1165 2402 ἐκατοίκει,
1193 2373 1241 2398 καὶ
1266 2371 1368 2406 λέγεις·
1387 2372 1498 2403 Μεταξὺ
1524 2372 1612 2407 πηλοῦ
1639 2373 1687 2398 καὶ
1707 2372 1802 2403 ὓδατος

1015 2419 1175 2454 ἐκρύπτετο,
1187 2419 1240 2445 Ka‘t
1254 2418 1346 2445 λοιπὸν
1357 2418 1415 2448 πῶς
1425 2417 1537 2452 ὕστερόν
1549 2418 1623 2444 ἐστιν
1633 2418 1679 2444 τοῦ
1697 2418 1785 2452 Ἀδὰμ
1795 2438 1802 2450 ,

1016 2466 1112 2500 ἐπειδὴ
1130 2465 1184 2500 πρὸ
1218 2465 1379 2500 καταϐολῆς
1404 2464 1510 2500 κόσμου
1535 2465 1677 2500 ὑπῆρχεν;
1701 2465 1736 2491 Σὺ
1755 2465 1803 2490 καὶ¹

1016 2509 1082 2535 αὐτὸ
1096 2508 1196 2542 λέγεις.
1210 2509 1246 2534 Σὺ
1266 2509 1314 2534 καὶ
1330 2508 1506 2544 ἀνατρέπεις,
1534 2509 1581 2535 καὶ
1597 2509 1657 2540 πῶς
1673 2508 1724 2534 οὐκ
1739 2509 1803 2543 ἐρυ-

1017 2553 1106 2588 θριᾷς,
1125 2552 1260 2586 ἀσύνετε;
1292 2579 1296 2583 ,

175 2599 246 2633 jacta
258 2595 351 2623 mundi
368 2594 555 2627 fundamenta,
570 2600 599 2622 et
615 2599 724 2630 rogatus
750 2603 765 2622 a
781 2603 824 2622 me
852 2597 962 2625 ubinam
995 2600 1143 2632 habitabat,
1179 2600 1280 2626 asset-is
1311 2599 1385 2626 illum
1399 2598 1560 2626 occultatum
1579 2599 1662 2626 fuisse
1676 2599 1747 2627 inter
1760 2600 1802 2626 ln-

178 2650 233 2673 tum
246 2649 273 2670 ct
285 2649 394 2676 aquam.
412 2640 439 2667 Si
458 2647 522 2667 vero
539 2648 581 2668 res
604 2641 641 2667 ita
663 2649 693 2668 se
707 2641 963 2677 habeat,qnomodo
991 2649 1033 2671 est
1063 2650 1184 2680 tempore
1215 2646 1319 2672 Adamn
1342 2646 1486 2679 posterior,
1510 2646 1531 2672 si
1550 2645 1677 2672 nimirum
1699 2647 1803 2672 exstitit

177 2698 239 2720 ante
251 2690 388 2719 conditum
405 2688 553 2715 mundum?
568 2687 609 2716 'l‘u
637 2689 706 2716 idem
727 2690 828 2717 asseris
842 2696 867 2718 et
884 2693 994 2720 evertis.
1013 2692 1035 2720 0
1067 2694 1155 2720 cunnis
1169 2693 1333 2728 cognitionis
1361 2700 1469 2727 expers,
1489 2699 1574 2726 quare
1606 2696 1635 2719 tu
1665 2700 1718 2719 non
1736 2699 1799 2719 eru-

176 2740 263 2768 bescis
273 2738 284 2764 ?

212 2788 264 2814 Sed
280 2788 376 2814 iterum
392 2791 418 2814 te
430 2783 603 2818 interrogabo
619 2789 627 2808 :
647 2783 689 2810 die
699 2789 764 2816 ergo
780 2783 843 2810 mihi
862 2785 906 2811 ubi
934 2789 962 2813 et

176 2833 283 2866 quando
294 2839 373 2860 natus
397 2837 439 2859 est
454 2829 637 2861 blnhammetl,
659 2835 713 2862 quo
740 2829 889 2863 profectus,
905 2831 964 2858 nbi-

181 2886 241 2904 nam
255 2883 376 2906 rnortuus
394 2882 421 2905 et
433 2875 629 2904 humanitatem
644 2874 730 2909 exuit,
764 2880 811 2902 aut
825 2877 962 2911 quomodo

1057 2786 1128 2813 Ἀλλ’
1142 2786 1236 2822 ἐρωτῶ
1249 2796 1279 2813 σε
1295 2786 1387 2818 πάλιν,
1400 2785 1447 2812 καὶ
1457 2784 1519 2811 εἰπέ
1535 2793 1590 2819 μοι,
1604 2783 1669 2817 ποῦ,
1678 2785 1726 2811 καὶ
1735 2785 1800 2820 πότε

1014 2832 1149 2867 ἐγεννήθη
1165 2833 1180 2858 ὁ
1193 2831 1361 2867 Μουχάμετ,
1378 2830 1426 2857 καὶ
1447 2828 1497 2855 ποῦ
1509 2828 1667 2864 ἐπορεύετο,
1680 2828 1728 2854 καὶ
1749 2827 1800 2854 ποῦ

1012 2878 1158 2912 ἀπέθανεν,
1177 2879 1192 2914 ἦ
1212 2879 1226 2904 ὁ
1242 2877 1333 2913 πατὴρ
1356 2876 1449 2910 αὑτοῦ,
1467 2874 1515 2902 καὶ
1547 2875 1561 2901 ὁ
1584 2874 1698 2906 πάππος
1717 2874 1800 2900 αὑτοῦ
