1932 3067
149 177 215 210 1417

746 174 986 206 OONFUTATIO
1006 175 1190 206 AGARENI.

1704 174 1776 208 1H8

145 234 204 265 πῶς
224 233 367 260 καλεῖται’
381 232 472 260 πάντα
481 233 512 259 οὗ
528 233 684 266 γινώσκεις.
703 231 774 258 Ἀλλ’
789 232 845 267 ἐγὼ
856 231 935 266 γινώ-

989 236 1070 267 pater
1093 232 1165 260 illius
1190 237 1235 259 aut
1255 238 1322 260 avus
1345 231 1503 260 vocabatur.
1526 231 1581 260 lsta
1598 232 1689 260 omnia
1721 241 1776 262 non

145 288 215 312 σιω,
238 279 286 306 καὶ
309 279 400 310 καλῶς
427 279 590 313 ἐπίσταμαι.
624 278 686 304 Ἐὰν
711 278 820 312 ἀγνοεῖς
845 279 880 304 τὰ
902 277 937 304 σὰ

144 329 310 361 γράμματα,
327 325 417 351 καὶτὰ
426 324 491 359 ἐμά.
507 324 565 350 Κᾶν
577 324 609 350 σὺ
622 324 658 350 τὰ
673 323 726 358 ὲμὰ
736 324 767 350 οὺ
778 323 936 358 γινώσκεις,

144 371 263 398 ἄκουσον
278 372 371 398 λοιπὸν
384 371 431 398 ἀπ’
457 370 535 406 ἐμοῦ,
564 371 611 397 καὶ
637 369 778 405 διδάχθητι
799 370 832 396 οὑ
855 370 937 405 μόνον

145 419 212 452 περὶ
227 417 275 443 τοῦ
291 417 410 444 πάππου
424 416 519 447 αὐτοῦ,
533 416 601 442 ἀλλὰ.
616 416 663 442 καὶ
679 416 731 448 ἕως
747 416 846 450 γενεὰς
870 416 937 443 δέκα

143 464 201 494 τοῖς
215 463 326 490 ἑαυτοῦ.
349 462 421 496 Ἐγὼ
435 462 465 488 δὲ
480 461 524 488 διὰ
541 462 714 488 ἀναδιδάσκω
729 461 775 488 τὸν
794 461 851 488 υἱόν
873 468 935 496 μου⁶

144 508 193 535 τὸν
212 509 240 535 δὲ
256 509 314 535 υίάν
329 517 379 544 μου
404 508 455 534 οὐκ
478 508 617 540 ἐνδέχεται
633 507 713 534 τοῦτο
730 508 830 540 ποιεῖν,
850 508 936 534 ὅτιού

144 554 268 582 δύιαται.
285 553 364 581 Οὕτω
379 554 434 590 γὰρ
447 554 494 581 καὶ
520 554 598 588 ὑμεῖς
614 553 644 579 οὐ
670 553 785 580 δύνασθε
809 553 874 588 περὶ
888 553 936 580 τοῦ

147 601 297 635 Μουχάμετ
314 600 436 635 ἀκριϐῶς
450 599 561 632 ειδέναι,
576 599 614 631 ὼς
627 599 709 634 ἡμεῖς
718 599 743 625 oi.
754 599 915 634 Χριστιανοί
927 608 934 614 ·

145 645 213 671 διότι
228 646 308 680 ἡμεῖς
324 645 377 680 πρὸ
393 645 440 671 τοῦ
454 645 607 679 Μουχάμετ
628 643 721 678 ἐσμὲν,
747 644 794 670 καὶ
814 644 938 679 ἀκριϐῶς

147 692 183 718 τὰ
195 692 255 718 κατ’
270 691 354 718 αὑτοῦ
367 692 485 718 ἅπαντα.
498 691 594 726 Ὅμως
610 692 658 717 καὶ
679 690 727 717 ἐὰν
739 690 829 717 οἴδατε
844 691 937 726 ὑμεῖς,

146 736 255 770 δείξατε
271 738 338 772 ἡμῖν
351 738 418 773 περὶ
441 737 491 772 τῆς
509 738 664 772 γεννήσεως
687 736 770 763 αὑτοῦ
788 736 840 764 κᾶν
873 736 938 771 μίαν

147 783 256 819 ἑορτὴν,
273 783 323 810 καὶ
350 783 415 818 περὶ
443 783 490 809 τοῦ
515 782 705 817 ἀναληφθῆναι
722 781 803 809 αὐτὸν
827 783 869 814 είς
891 781 938 808 τὸν

145 827 271 862 οὐρανόν.
290 827 357 854 Εἰπέ
387 835 444 862 μοι,
477 827 504 853 τί
530 827 687 862 ἐορτάζεις;
709 827 726 862 ἢ
754 826 805 853 καὶ
830 827 874 853 διὰ
887 827 938 862 τὴν

146 873 231 909 θανὴν
244 873 342 904 αὑτοῦ,
367 873 416 907 καὶ
438 872 490 900 ποῦ
511 872 610 907 ἐτάφη,
633 872 681 899 καὶ
698 872 740 904 τίς
765 872 938 908 ήψαλμῳδία

987 279 1070 311 nosti,
1082 279 1190 306 illorum
1207 286 1273 305 νειτο
1289 285 1343 306 non
1359 285 1419 305 sum
1437 278 1558 312 ignarus,
1575 277 1630 305 imo
1646 286 1677 306 ea
1691 281 1777 313 probe

987 324 1061 350 novi.
1081 324 1193 358 ignoras
1208 323 1299 351 forsan
1321 328 1366 350 tua
1382 324 1455 351 sicut
1471 328 1576 351 nostra.
1604 323 1658 351 Sed
1689 324 1711 351 si
1728 331 1778 352 no-

985 373 1045 395 stra
1067 368 1115 395 tibi
1135 373 1198 395 sunt
1213 368 1427 403 incognita.audi
1445 372 1490 395 tua
1510 373 1538 396 et
1550 368 1624 396 disce
1640 376 1654 395 a
1665 376 1710 396 me
1721 377 1776 396 non

988 418 1093 441 tantum
1112 414 1174 449 quis
1189 414 1272 441 fuerit
1293 414 1366 441 illius
1394 418 1473 448 pater
1497 419 1543 441 aut
1560 422 1638 446 avus,
1652 415 1700 442 sed
1713 415 1776 442 audi

986 466 1094 486 sursum
1103 464 1131 487 et
1142 464 1227 491 retro,
1241 459 1341 486 decem
1356 459 1430 486 illius
1440 459 1641 493 generationes.
1650 458 1704 494 Ego
1717 460 1778 494 qni-

987 504 1048 532 dem
1066 505 1153 532 doceo
1169 504 1254 532 ﬁlium
1266 512 1367 537 meum,
1384 505 1433 532 sed
1448 505 1492 533 ille
1504 512 1557 532 non
1576 504 1645 532 idem
1669 509 1779 539 praestat

987 555 1014 577 ct
1034 558 1128 578 revera
1142 558 1194 578 nott
1210 555 1311 584 potest.
1336 550 1382 578 Sic
1401 550 1484 578 etiant
1509 558 1562 577 non
1582 551 1696 584 potestis
1722 555 1777 576 tam

989 600 1118 622 accurate
1129 602 1160 622 ea
1173 602 1253 623 nosse
1265 603 1326 629 quae
1340 599 1466 630 spectant
1475 594 1695 622 Multammedem
1707 594 1780 622 sicut

988 648 1037 668 nos
1049 640 1198 668 Christiani
1212 649 1220 674 ;
1234 648 1297 668 nattt
1308 648 1401 668 sumus
1413 640 1473 676 ipso
1484 640 1674 668 Muhammede
1693 640 1778 667 multo

988 687 1162 721 vetustiores,
1177 692 1206 714 et
1220 695 1279 722 quae
1291 688 1325 715 ad
1340 688 1415 715 illum
1439 687 1576 722 pertinent
1608 687 1685 714 nobis
1717 694 1779 721 per-

994 732 1087 767 spicue
1106 733 1215 766 cognita
1227 736 1302 760 sunt.
1318 732 1418 759 Dicatis
1429 738 1495 766 ergo
1507 731 1586 759 nobis
1596 730 1620 759 si
1639 731 1690 758 hoc
1702 731 1779 758 vobis

989 777 1024 805 sit
1046 777 1196 812 cognitum,
1214 777 1349 812 quodnam
1374 777 1474 805 festum
1502 777 1696 804 celebreturin
1721 785 1779 805 mc-

990 823 1103 850 ntoriam
1124 823 1272 850 nativitatis
1286 829 1313 850 et
1337 823 1531 858 assumptionis
1551 823 1622 850 illius
1640 823 1666 850 itt
1682 823 1778 851 carius.

991 867 1037 895 Dic
1051 867 1117 894 mihi
1137 875 1197 902 quae
1214 868 1272 895 dies
1292 868 1421 895 solentnis
1440 869 1562 896 instituta
1579 868 1611 895 ad
1629 869 1779 896 nativitatis

146 919 197 954 τῆς
208 906 366 953 διοιμήσεως
382 918 466 946 αὑτοῦ
478 927 487 951 ;
497 918 537 944 Τὰ
554 906 646 953 βιϐλία
662 917 739 952 ὑμῶν
752 917 806 952 ὅλα,
817 906 935 952 διῆλθον,

992 913 1033 940 vel
1050 913 1146 941 mortis
1157 913 1197 941 vel
1214 914 1362 948 sepulturae
1380 913 1453 941 illius
1476 914 1637 941 memoriam
1654 914 1778 942 recolen—

146 965 196 992 καὶ
220 964 350 999 οὐδεμίαν
382 960 464 999 εὖρον
499 964 628 990 ὑπόθεσιν
649 963 848 999 γεγραμμένην
872 963 939 998 περὶ

148 1010 262 1037 ἐπαίνου
278 1010 324 1037 καὶ
351 1009 449 1045 ὕμνου.
465 1009 534 1035 Οὐδὲ
560 1009 577 1043 ἠ
610 1009 703 1044 μήτηρ
721 1007 804 1035 αὐτοῦ
832 1009 938 1044 ’ἱεμένα

147 1054 312 1091 ὲχαιρετήθη
328 1054 380 1081 ὑπὸ
407 1054 455 1080 τοῦ
478 1054 611 1089 Γαῢριὴλ,
637 1053 701 1080 οὔτε
730 1055 747 1090 ἡ
771 1054 886 1089 δύναμις
908 1054 938 1087 ἐξ

146 1099 232 1132 ὓῲους
259 1099 378 1135 κατῴκει
395 1100 426 1125 ὲν
445 1099 525 1134 αὐτῇ,
548 1099 595 1126 καὶ
612 1099 710 1133 ἔγγυος
728 1099 852 1133 γέγονεν,
872 1099 938 1126 οὔτε

148 1145 262 1176 Πνεῦμα
274 1145 350 1179 ἅγιον
365 1145 495 1171 ἐκάλεσεν
515 1144 600 1180 αὐτὴν
614 1144 708 1178 ἁγίαν,
735 1144 783 1171 καὶ
812 1145 866 1180 πρὸ
888 1144 937 1172 τοῦ

144 1191 228 1218 τόκου
254 1191 400 1227 παρθένον,
416 1191 464 1218 καὶ
484 1191 555 1226 μετὰ
575 1191 655 1217 τόκον
681 1189 936 1226 παρθένον’μένειν.

147 1238 179 1264 Εἰ
198 1238 235 1272 μὴ
255 1237 292 1273 [ὲ]
307 1237 403 1274 γράφη
420 1237 518 1269 οὕτως,
531 1237 573 1263 ὅτι
588 1236 641 1263 ὑπὸ
663 1237 768 1263 πολλῶν
786 1236 938 1272 ἀνθρώπων

145 1282 228 1317 δούλη
244 1283 396 1319 ἠγοράσθη.
427 1282 489 1314 Πῶς
511 1283 596 1318 αὐτὴν
615 1282 664 1318 τὴν
690 1283 798 1318 δούλην,
817 1284 863 1309 καὶ
888 1282 938 1318 τὴν

146 1327 239 1361 ἁγίαν,
254 1327 302 1353 κλὶ
318 1328 467 1362 μακαρίαν,
485 1328 532 1354 καὶ
549 1326 721 1362 πανάμωμον
736 1327 873 1362 Παρθένον
887 1327 937 1362 τὴν

147 1372 262 1408 Μητέρα
273 1373 319 1399 τοῦ
330 1373 398 1400 Θεοῦ
408 1374 496 1407 Λόγου
505 1374 568 1404 ίσας
582 1374 679 1404 ποιεῖς,
689 1373 783 1409 ῶσπερ
798 1373 848 1400 οὐκ
863 1373 937 1400 ἔστιν

144 1419 177 1445 ὲν
190 1420 284 1450 αὐταῖς
300 1419 409 1454 ίσότης;
426 1418 504 1445 οὕτω
520 1419 565 1444 καὶ
589 1419 603 1445 ὁ
619 1419 770 1454 Μουχάμετ
789 1419 846 1450 too;
861 1419 937 1446 ἐστὶν

144 1463 188 1498 τῷ
202 1464 324 1499 Χριστῷ,
341 1465 382 1491 ὅτι
396 1465 411 1490 ὁ
423 1464 574 1499 Μουχάμετ
587 1465 703 1499 νεκροὺς
716 1465 765 1491 οὐκ
776 1465 935 1500 ἀνέστησεν,

145 1508 205 1536 ἀλλ’
218 1510 279 1536 οὐδὲ
289 1510 327 1541 ὡς
351 1511 365 1536 ὑ
389 1510 507 1543 Χριστὸς
528 1510 575 1536 τὸν
601 1510 791 1545 τετραήμερον
809 1511 936 1547 Λάζαρον

145 1555 306 1591 ἀνέστησεν,
320 1555 382 1581 οὐδὲ
393 1555 440 1581 τοῦ
448 1556 651 1590 γεγεννημένου
663 1555 764 1590 τυφλοῦ
776 1556 880 1591 ἤνοιξεν
887 1557 936 1591 ὀφ-
949 1574 970 1603 c

146 1600 279 1635 θαλμοὺς,
295 1601 359 1627 οὔτε
383 1602 474 1628 πᾶσαν
503 1601 581 1627 νόσον
607 1601 655 1628 καὶ
680 1602 771 1628 πᾶσαν
799 1601 936 1636 μαλακίαν

146 1647 345 1682 ἐθεράπευσεν,
372 1647 491 1682 λεπροὺς
515 1647 565 1673 οὐκ
596 1647 757 1682 ὲκαθάρισε,
771 1648 861 1682 κωφοὶ
889 1648 936 1675 καὶ

145 1692 240 1720 ἅλαλοι
255 1693 305 1720 οὐκ
320 1692 438 1727 ίάθησαν
452 1693 518 1727 παρ’
541 1692 635 1724 αὐτοῦ,
656 1688 719 1719 οὔτε
743 1692 805 1728 βίαν
827 1693 937 1728 ἀνέμων

147 1739 195 1764 καὶ
205 1738 381 1772 ἀγριαίνοντα
394 1737 503 1773 κύματα
518 1737 643 1773 ἔστησεν,
658 1738 704 1764 καὶ
712 1739 741 1764 ὲν
752 1737 830 1765 ῠδςιτι
841 1738 937 1774 ὥσπερ

147 1784 235 1819 ξηρᾶς
247 1784 460 1818 ὲπεριπάτησεν,
484 1783 532 1809 καὶ
560 1784 601 1815 είς
626 1783 689 1814 τοὺς
708 1784 832 1819 μαθητὰς
853 1783 936 1811 αὑτοῦ

146 1828 199 1855 οὐκ
216 1828 341 1863 εἰσῆλθεν
362 1828 417 1854 τῶν
436 1828 528 1864 θυρῶν
555 1827 771 1863 κεκλεισμένων,
789 1828 853 1856 οὔτε
872 1838 938 1865 μετ-

148 1873 295 1910 εμορφώθη
305 1874 423 1909 πρόσθεν
436 1873 490 1901 τῶν
504 1874 632 1909 μαθητῶν
644 1874 738 1907 αὑτοῦ,
750 1876 798 1901 καὶ
809 1875 936 1912 ἀναμάρ-

147 1929 230 1956 τητος
258 1921 309 1947 οὐκ
330 1918 375 1956 ἦν,
403 1919 465 1947 οὕτε
491 1920 637 1952 ἀθάνατος,
655 1920 935 1957 οὕτεδικαιοκριτής.

148 1965 211 1997 Πῶς
226 1965 282 1993 ἴσον
299 1967 386 1997 ποιεῖς
401 1966 482 1992 αὐτὸν
496 1965 536 2001 τῷ
553 1965 679 2001 Χριστῷ;
698 1966 760 1992 ἐπεὶ
777 1966 898 1992 τοιοῦτόν
909 1975 936 1993 τι

146 2012 179 2038 οὺ
194 2012 344 2047 πεποίηκεν
356 2012 370 2038 ὁ
381 2011 542 2046 Μουχάμετ,
559 2011 621 2038 οὐδὲ
640 2011 704 2038 ἄλλο
731 2011 826 2046 ἕτερον
838 2012 868 2038 τὸ
883 2012 937 2038 olo-

146 2057 220 2084 vo6v.
249 2057 317 2084 οὔτε
342 2057 471 2093 ἀληθείας
495 2058 635 2093 ἐχόμενος,
660 2056 723 2084 οὔτε
751 2057 935 2092 δικαιοσύνης,

145 2103 216 2131 ἀλλὰ.
240 2103 351 2139 μᾶλλον,
374 2104 416 2131 ὅτι
451 2104 541 2131 πᾶσαν
572 2103 681 2130 ἀδικίαν
712 2103 864 2136 ἐνεδείξατο
887 2103 936 2130 καὶ

144 2149 288 2182 διετάξατο
315 2149 478 2184 φονεύεσθαι
497 2149 586 2177 πάντα
611 2149 657 2176 τὴν
687 2149 725 2185 μὴ
753 2149 869 2184 λέγοντα
882 2150 933 2177 αὒ-

145 2195 192 2223 τδν
216 2195 284 2222 Θεοῦ
301 2196 464 2224 ἀπόστολον.
493 2196 550 2223 Καὶ
571 2196 603 2222 σὺ
626 2195 718 2230 λέγεις
743 2196 871 2229 ἀναιδῶς,
892 2196 934 2222 ὅτι

989 958 1050 986 dam
1061 966 1069 991 ;
1081 959 1193 994 quinam
1206 959 1302 994 psalmi
1315 964 1343 986 et
1349 959 1407 986 ode:
1417 959 1597 986 decantautur
1607 960 1634 986 it‘t
1648 960 1778 987 honorent

989 1005 1162 1032 dormitiouis
1173 1005 1265 1032 illius?
1284 1004 1386 1032 Omnes
1412 1009 1473 1032 tuos
1489 1005 1575 1033 libros
1601 1005 1703 1038 evolvi,
1731 1007 1779 1033 sed

989 1051 1091 1078 nullum
1103 1051 1192 1079 inveni
1203 1056 1405 1086 argumentum,
1414 1052 1456 1079 vel
1468 1051 1680 1079 declarationem
1692 1051 1779 1086 scrip-

989 1101 1044 1123 tum
1061 1097 1094 1125 de
1105 1097 1233 1124 laudibus
1250 1101 1278 1125 et
1289 1097 1391 1133 hymno
1409 1098 1507 1132 quibus
1520 1097 1601 1124 fuerit
1612 1097 1775 1125 celebratus.

988 1142 1043 1170 Nec
1070 1144 1182 1178 angelus
1210 1143 1321 1170 Gabriel
1345 1143 1472 1170 salutavit
1500 1142 1778 1170 IemenamMultant-

989 1189 1076 1216 tnedis
1087 1193 1214 1222 matrem,
1229 1197 1280 1217 nec
1293 1189 1379 1217 virtus
1394 1189 1527 1217 Altissimi
1546 1190 1572 1216 in
1581 1189 1626 1217 illa
1644 1190 1777 1217 habitat-it

989 1239 1018 1262 ut
1042 1242 1185 1270 praegnans
1221 1239 1249 1262 et
1274 1235 1386 1271 gravida
1414 1236 1557 1271 evaderet},
1582 1243 1634 1264 nec
1660 1234 1777 1271 Spiritus

988 1286 1100 1309 sanctus
1115 1281 1190 1308 iilatn
1207 1281 1316 1309 vocavit
1329 1285 1452 1309 sanctam
1467 1301 1475 1314 ,
1490 1288 1541 1309 ttec
1564 1280 1615 1308 fuit
1625 1281 1700 1317 virgo
1712 1285 1776 1308 ante

988 1331 1107 1361 partum,
1131 1333 1182 1354 uec
1208 1331 1270 1362 post
1290 1332 1397 1362 partum
1418 1327 1494 1362 virgo
1520 1327 1629 1355 mansit.
1646 1327 1700 1355 Sed
1715 1332 1776 1355 tan-

988 1377 1044 1399 tunt
1056 1373 1107 1400 hoc
1116 1373 1246 1406 scriptum
1255 1372 1491 1408 invenitur,qnod,
1503 1381 1564 1401 cum
1574 1378 1746 1408 essetserva,
1761 1381 1776 1400 ο

987 1418 1069 1445 variis
1084 1418 1240 1446 hominibus
1265 1418 1403 1453 redempta
1435 1418 1533 1452 fuerit;
1551 1418 1686 1455 quomodo
1712 1426 1777 1454 ergo

987 1463 1067 1491 istam
1079 1470 1196 1497 servam,
1208 1469 1236 1491 et
1249 1464 1709 1498 sanctam,beataut,immaculatam
1720 1464 1777 1492 Mtt-

987 1514 1056 1536 trem
1065 1509 1111 1536 Dei
1121 1509 1212 1541 Verbi.
1222 1517 1354 1544 suppares
1368 1510 1446 1543 iacis,
1461 1518 1524 1537 curn
1539 1510 1611 1538 inter
1631 1510 1692 1538 illas
1705 1510 1777 1538 nulla

987 1555 1024 1581 sit
1039 1555 1192 1589 aequalitas.
1208 1555 1254 1582 Sic
1273 1554 1446 1583 Muhammed
1479 1555 1584 1583 Scilicet
1596 1560 1638 1582 est
1664 1555 1778 1590 aequalis

987 1601 1107 1634 Christo,
1118 1609 1179 1628 cntn
1197 1606 1288 1628 tamen
1304 1605 1428 1628 mortuos
1456 1609 1509 1628 non
1531 1601 1707 1634 excitaverit,
1727 1610 1778 1630 nec

988 1648 1058 1675 sicut
1074 1647 1199 1675 Christus
1210 1648 1421 1682 quatriduanum
1435 1647 1571 1674 Lazarum
1584 1648 1616 1674 ad
1635 1649 1718 1675 vitam
1732 1656 1775 1676 re-

988 1693 1135 1726 vocaverit,
1154 1700 1204 1720 ttec
1218 1695 1281 1720 casei
1290 1693 1386 1721 oculos
1400 1693 1519 1728 aperuit,
1541 1701 1592 1721 nec
1601 1694 1693 1721 omnia
1703 1701 1778 1722 mor-

988 1739 1083 1767 borum
1099 1744 1127 1766 et
1140 1738 1327 1766 iuiirmitatutn
1342 1746 1441 1774 genera
1456 1739 1572 1771 curavit,
1585 1747 1634 1767 nec
1646 1740 1720 1775 lepra
1738 1741 1777 1768 la-

989 1784 1117 1812 borantes
1129 1784 1280 1815 mandavit.
1293 1791 1342 1811 nec
1350 1784 1424 1812 surdi
1435 1791 1484 1811 nec
1497 1786 1565 1812 muti
1574 1786 1608 1812 ab
1617 1785 1663 1812 illo
1676 1787 1776 1820 sanati,

988 1836 1038 1857 nec
1053 1829 1107 1856 vim
1123 1833 1264 1857 ventorum
1279 1829 1454 1864 i'urentesque
1467 1829 1567 1858 ﬂuctus
1595 1834 1776 1866 compescuit,

987 1882 1039 1903 nec
1053 1875 1139 1903 salum
1165 1880 1194 1902 ut
1223 1875 1311 1902 solum
1339 1875 1454 1911 pedibus
1476 1876 1603 1910 calcavit,
1625 1877 1776 1911 necjunuis

987 1921 1086 1948 clausis
1101 1921 1133 1947 ad
1150 1921 1298 1955 discipulos
1325 1929 1389 1949 suos
1404 1923 1568 1956 penetravit,
1582 1930 1633 1950 uec
1663 1923 1775 1951 transﬁ-

986 1966 1158 2001 guratusiuit
1175 1974 1267 1994 coram
1281 1967 1345 2000 illis,
1358 1975 1407 1995 nec
1424 1968 1474 1994 l'uit
1488 1969 1591 2002 peccati
1607 1977 1704 2002 purus,
1727 1976 1778 1997 nec

988 2011 1161 2045 immortalis,
1175 2020 1225 2040 nec
1236 2013 1319 2048 judex
1341 2013 1524 2046 aequissimus.
1542 2014 1683 2047 Quomodo
1711 2022 1777 2050 ergo

986 2056 1202 2095 Mahumtnedem
1208 2058 1318 2085 Christo
1324 2065 1416 2093 parem
1423 2064 1500 2093 potes
1507 2060 1776 2092 asserere,cumtalia

987 2103 1030 2131 vel
1045 2103 1144 2131 similia
1166 2111 1306 2138 nunquam
1322 2104 1367 2131 ille
1385 2104 1555 2139 praestiterit,
1572 2112 1623 2132 nec
1649 2105 1777 2133 veritatis

986 2154 1013 2176 et
1023 2149 1137 2185 iustitiae
1156 2150 1245 2177 fautor
1262 2155 1290 2177 et
1303 2156 1443 2185 promotor
1453 2151 1602 2184 exstiterit,
1613 2150 1668 2179 imo
1677 2152 1769 2186 potius

987 2202 1017 2222 se
1041 2195 1181 2229 injustitite
1203 2195 1370 2230 mancipium
1393 2195 1560 2230 exhibuerit,
1586 2203 1648 2223 cum
1680 2204 1776 2225 omnes

144 2242 161 2267 ὁ
172 2241 323 2276 Μουχάμετ
350 2242 398 2268 καὶ
420 2242 435 2268 ὁ
455 2241 572 2277 Χριστὸς
588 2240 692 2276 Ἰησοῦς
719 2242 794 2268 ἐστιν
805 2248 812 2255 ·
829 2242 893 2277 περὶ
905 2241 935 2268 δὲ

990 2240 1119 2267 trucidari
1130 2240 1254 2275 jusserit,
1269 2241 1314 2275 qui
1332 2241 1406 2268 illum
1425 2241 1470 2268 Dei
1486 2242 1637 2275 apostolum
1649 2242 1774 2270 conﬁteri

144 2286 193 2314 τοῦ
211 2286 268 2322 βίου
285 2287 332 2314 τοῦ
346 2287 429 2314 αὑτοῦ
442 2287 592 2323 Μουχάμετ
606 2286 678 2321 λέγω
689 2294 732 2313 σοι
746 2294 754 2302 ·

986 2287 1165 2313 recusarunt?
1178 2286 1218 2314 Tu
1231 2294 1295 2313 vero
1308 2287 1490 2314 inverecunde
1500 2291 1527 2314 et
1545 2287 1716 2322 impudenter
1729 2295 1775 2315 as-

145 2332 216 2360 seris
247 2332 463 2361 Multamntedetn
485 2340 513 2361 et
542 2333 680 2361 Christum
724 2333 837 2360 omnino
855 2340 936 2368 pares
955 2332 1056 2365 fuisse;
1088 2334 1137 2360 sed
1150 2334 1184 2361 ad
1196 2340 1227 2360 ea
1241 2340 1303 2368 quae
1321 2337 1446 2368 spectant
1465 2334 1586 2362 vitantet
1601 2343 1690 2363 mores
1713 2334 1774 2362 Mu-

145 2379 297 2406 hammedis
313 2387 384 2407 nunc
401 2385 602 2412 me-converto,
618 2385 646 2408 et
662 2379 724 2407 dico
745 2388 752 2406 :

187 2425 217 2452 '0
228 2425 378 2461 λεγόμενος
391 2426 419 2452 Ἀ
425 2426 676 2461 μπτουλμουτάλεπ
682 2426 769 2458 οὐδεὶς
777 2423 812 2461 ἦν
825 2424 879 2452 ἀπὸ
888 2425 936 2451 τοῦ

144 2471 240 2506 γένους
254 2471 309 2498 τῶν
325 2471 372 2498 νῦν
388 2471 609 2507 Μουσουλμανῶν
634 2472 736 2506 γνῶναι
755 2471 848 2503 αὑτὸν,
873 2470 935 2497 οὕτε

143 2517 245 2549 οἴδατε,
262 2516 324 2543 οὔτε
341 2517 500 2552 γνωρίζετε.
522 2517 620 2553 Ἡμεῖς
646 2518 675 2544 δὲ
702 2518 727 2544 οί
741 2516 900 2553 Χριστιανοὶ
910 2517 934 2542 oi

144 2562 320 2594 πιστεύοντες
333 2563 372 2598 τῷ
385 2563 487 2598 λογικῷ
515 2564 562 2590 καὶ
590 2562 672 2595 ζῶντι
688 2562 758 2598 Θεῷ,
788 2563 837 2589 καὶ
865 2561 934 2596 πρὸς

142 2607 225 2634 αὐτὸν
250 2607 411 2644 ὑπάρχομεν
440 2608 530 2640 καθὼς
554 2609 602 2636 καὶ
628 2609 793 2645 κληρονόμοι
815 2609 864 2643 τῆς
879 2609 931 2644 γῆς

142 2653 325 2688 τυγχάνομεν.
349 2654 405 2680 Καὶ
428 2653 540 2689 οἴδαμεν
555 2654 637 2681 αὑτὸν
664 2655 712 2681 καὶ
729 2654 929 2690 ἐγνωρίσαμεν,

142 2699 236 2726 λοιπὸν
252 2699 301 2725 ἀπ’
313 2699 380 2734 ἐμοῦ
408 2700 525 2733 ὀφείλεις
552 2700 647 2735 μαθεῖν
663 2701 728 2735 περὶ
746 2701 868 2732 πάντων,
891 2697 928 2727 ὤν

141 2745 173 2771 οὑ
190 2743 345 2779 γινώσκεις.
368 2745 396 2772 '0
407 2746 555 2781 Μουχάμετ
566 2746 674 2781 ἐγένετο
687 2746 745 2778 υίὸς
767 2746 934 2782 Ἀμπτουλᾶ,

140 2791 158 2816 ὸ
178 2790 354 2825 Ἀμπτουλᾶς
373 2791 430 2823 υίὸς
456 2791 734 2827 Ἀμπταλμουταλὶπ,
749 2793 763 2819 ὁ
795 2791 935 2827 Ἀμπταλ-

144 2836 284 2871 μουταλὶπ
311 2836 367 2868 υίὸς
393 2837 488 2872 Ἀοὲμ,
525 2836 611 2872 ’Λσὲμ
641 2837 700 2869 υίὸς
723 2837 935 2872 Ἀδελμουνέιρη,

152 2881 350 2918 ’Λδελμουνέφη
375 2884 430 2915 υίὸς
440 2884 535 2917 Κουσὶ,
548 2885 562 2911 ὀ
570 2883 732 2916 Κουσῖςυὶδς
742 2884 836 2917 Λουαῒ,
851 2884 934 2912 Λουαῖ

301 2929 359 2960 Pu
368 2939 438 2963 ποι..
456 2932 513 2963 Gtt.
532 2931 608 2963 CIV.

1023 2425 1059 2456 Is,
1084 2425 1127 2452 cui
1143 2425 1428 2460 Atnptoulmoutulepo
1455 2433 1552 2452 nomen
1576 2429 1647 2459 erat,
1662 2425 1772 2460 ignotus

984 2476 1043 2498 erat
1057 2472 1104 2498 toti
1126 2471 1376 2499 Musulmannoruut
1392 2473 1477 2506 genti,
1493 2477 1521 2499 et
1532 2472 1772 2507 nequidentnnnc,

983 2519 1044 2552 quis
1053 2518 1098 2545 ille
1106 2518 1189 2545 fuerit
1199 2518 1270 2553 apud
1284 2526 1332 2546 vos
1341 2524 1432 2546 uolunt
1445 2524 1473 2546 ct
1481 2523 1647 2553 compertum
1656 2524 1708 2547 est.
1719 2518 1774 2546 Nos

980 2563 1198 2590 veroCltristiani
1208 2564 1253 2598 qui
1265 2564 1402 2592 credimus
1412 2564 1468 2592 Deo
1484 2565 1584 2591 viventi
1597 2569 1625 2592 et
1635 2564 1771 2597 rationali,

984 2610 1030 2645 qui
1038 2610 1074 2636 illi
1084 2611 1293 2643 adhaeretnusmt
1302 2611 1347 2646 qui
1358 2611 1440 2638 totius
1450 2617 1529 2638 terra:
1539 2611 1659 2638 ltzeretles
1667 2619 1771 2643 sumus.

986 2655 1059 2681 illum
1075 2655 1159 2689 probe
1175 2656 1362 2689 cognovimus.
1382 2656 1436 2684 Sed
1453 2657 1504 2683 hac
1517 2659 1550 2685 de
1568 2664 1596 2684 re
1609 2657 1680 2684 sicut
1695 2661 1723 2684 ct
1739 2657 1773 2684 de

987 2701 1078 2729 multis
1086 2701 1146 2728 aliis
1153 2709 1213 2736 quze
1221 2702 1270 2730 tibi
1281 2707 1344 2729 sunt
1353 2703 1492 2737 incognita
1500 2703 1582 2730 debes
1593 2712 1607 2729 :t
1616 2710 1658 2730 tne
1668 2703 1771 2731 doceri.

985 2747 1156 2775 Muliatnntcd
1180 2748 1230 2775 fuit
1247 2749 1317 2776 illius
1341 2750 1504 2784 Atttplottlau,
1526 2750 1685 2784 Atnptoulas
1707 2757 1772 2778 vero

984 2793 1036 2821 fuit
1059 2793 1131 2821 lilius
1145 2795 1407 2830 Amptalmoutalipi,
1431 2796 1685 2832 Amptaulmntalip,
1702 2797 1772 2824 illius

984 2839 1089 2872 Ascmi,
1106 2842 1221 2868 Asemus
1244 2841 1316 2869 [ilius
1334 2842 1542 2877 Adcltnunaplti,
1568 2843 1772 2878 Au’elntunapltc

985 2885 1058 2914 illius
1073 2885 1151 2920 Cusi,
1168 2886 1249 2915 Cusis
1264 2888 1335 2917 ﬁlius
1355 2887 1446 2923 Lovm,
1460 2888 1532 2917 Lovn
1547 2889 1618 2917 illius
1631 2890 1771 2922 Mutracw,

1595 2938 1634 2968 [ιὸ
