1932 3067
160 187 227 221 1421

756 186 995 217 CONFUTATIO
1013 185 1193 216 AGARENI.

1717 183 1784 216 ιιξε

157 245 266 281 πρῶτος
286 244 342 275 υἱὸς
357 243 440 270 αὐτοῦ
463 242 547 275 Tutu,
561 243 576 269 6
595 242 721 278 δεύτερος
747 243 830 278 Ταὲρ,
852 243 865 268 ὁ
885 242 944 277 τρι-

998 250 1046 270 ner
1064 250 1140 270 meus
1153 242 1245 270 haberi
1259 249 1313 269 non
1333 241 1510 275 dedigneris?
1525 241 1574 268 Cui
1592 241 1632 268 sic
1646 240 1707 268 inﬁt
1722 241 1777 267 Blu-
1816 243 1819 246 '

157 299 204 322 τος
232 290 341 324 Κασὲμ,
356 291 370 316 6
399 289 529 325 τέταρτος
552 288 704 324 Ὴμὸρατμ,
741 289 790 315 καὶ
805 289 822 323 ἡ
847 288 944 323 θήλεια

157 336 263 371 Φατμὰ.

998 288 1122 315 bammed
1137 297 1143 314 :
1160 288 1256 323 Surge,
1270 287 1348 315 sicin
1366 287 1428 315 fatis
1443 288 1583 315 decretum
1598 293 1626 314 et
1651 287 1783 321 scriptum

999 337 1053 361 est.
1069 332 1242 360 Mubammed
1254 338 1342 360 autem
1356 338 1472 367 quatuor
1498 332 1568 359 ﬁlios
1584 331 1737 366 procreavit
1759 337 1787 359 et

158 390 238 409 unam
257 380 563 415 ﬁliam.'Primogenitus
580 381 728 408 vocabatur
747 380 826 415 Taip,
851 378 1079 410 secundus'l‘aer,
1092 379 1188 406 tertius
1208 379 1315 410 Casem,
1345 383 1459 412 quartus
1488 377 1618 409 lbrahim,
1645 377 1706 404 ﬁliae
1722 385 1786 404 vero

157 426 289 454 Pbatimze
303 433 401 452 nomen
416 430 484 453 eral.

193 474 248 500 Καὶ
262 473 350 503 οὐδεὶς
364 472 418 499 ἀπὸ
429 472 464 498 τὰ
481 472 584 508 ἄρρενα
607 471 715 506 ἔζησεν,
740 472 765 498 εἰ
781 471 820 507 μὴ
835 471 906 507 μόνη
929 471 946 506 ἡ

156 519 264 553 Φατμά..
282 518 344 549 Πῶς
354 518 404 544 οὐκ
423 519 572 553 ἀνέστησεν
583 517 638 545 ἀπὸ
657 517 712 544 τῶν
727 517 842 544 παιδίων
863 516 947 543 αὐτοῦ

158 563 272 591 ἐνώπιον
304 563 359 590 τῶν
392 562 541 598 ’Δρῤἀ6ων,
569 562 640 589 ὥστε
665 563 745 588 είδείν
768 562 879 594 αὐτοὺς,
899 561 947 588 καὶ

158 606 304 633 πιστεῦσαι
319 607 352 633 ὲκ
364 607 418 633 τῶν
443 606 588 642 θαυμάτων
617 606 711 639 αὑτοῦ,
741 607 765 632 ει
802 607 946 642 προφήτης

157 649 203 687 ἦν,
220 651 257 682 ὡς
272 651 379 685 λέγεις;
396 651 452 687 Τὴν
477 651 505 678 δὲ
519 651 631 686 Φατμὰν
647 651 747 678 ἔδωκεν
774 652 815 682 εἰς
827 653 944 686 γυναῖκα

157 697 243 733 αὐτὴν
259 697 299 732 τῷ
319 697 457 733 ὲξαδέλφῳ
469 697 552 724 αὑτοῦ
575 697 640 732 ’Δλῆ
659 697 710 732 υἱῴ
734 697 781 724 τοῦ
810 697 945 724 Ἀπουτα-

157 742 239 777 λεπῆ.
256 742 311 769 Καὶ
323 742 403 774 αὐτὸς
418 743 530 776 ἐποίησε
549 742 610 778 μετ’
630 741 716 776 αὐτὴν
737 741 833 768 παιδία
860 741 918 773 δύο,
931 742 945 767 6

159 786 266 822 πρῶτος
277 787 336 818 υἱὸς
347 786 432 813 αὑτοῦ
450 787 592 822 Χασάνης,
612 787 627 812 6
639 786 766 822 δεύτερος
781 785 944 821 Χουσεῖνης.

159 831 214 859 Καὶ
235 832 304 866 μετὰ
327 831 376 867 τὴν
402 831 530 868 τελευτὴν
561 831 607 858 τοῦ
636 831 788 866 Μουχάμετ
810 831 911 865 ἀνέστη
931 832 945 857 6

160 875 256 911 ἐχθρὸς
267 876 350 903 αὑτοῦ
362 876 393 904 τὸ
406 877 492 912 ὕνομα
506 877 566 904 Μεὸ
571 877 597 904 ια
614 877 675 912 ἕχον
690 876 738 903 καὶ
761 876 817 902 υἱὸν
833 875 946 911 ὀνόματι

167 921 249 953 ἰαζὶτ
265 921 445 958 ἑξουσιαστὴν
453 923 605 958 τοπάρχην.
633 922 688 949 Καὶ
709 921 880 954 ἀπέστειλεν,
898 921 946 948 καὶ

159 967 305 1000 ἐφόνευσεν
324 968 386 1000 τοὺς
399 968 446 995 δύο
456 969 529 999 υἱοὺς
544 967 590 994 τοῦ
612 967 677 1002 Ἀλῆ
690 967 736 993 τὸν
745 967 884 1002 Χασάνην.
899 966 946 993 καὶ

157 1013 206 1040 τὸν
219 1013 381 1049 Χουσεῖνην,
393 1015 439 1042 τὸν
455 1014 588 1050 πρότερον
600 1014 645 1040 διὰ
656 1013 814 1048 φαρμάκου,
829 1012 876 1039 τδν
885 1012 946 1039 δεύ-

157 1067 236 1094 τερον
250 1059 296 1087 διὰ
314 1060 419 1095 ξίφους.
444 1060 537 1087 Ταῦτα
562 1060 652 1087 πάντα
672 1057 732 1086 οἶδα
746 1058 864 1094 ἀληθῶς.
890 1058 946 1085 Καὶ

156 1105 220 1140 λέγε
239 1115 295 1142 μοι,
307 1106 368 1132 ἐπεὶ
381 1104 429 1133 οὖν
444 1105 477 1132 ἂν
492 1106 573 1132 αὐτὸν
586 1105 729 1140 προφήτην
743 1105 846 1137 καλεῖς,
862 1104 906 1131 διὰ
918 1103 945 1131 τι

155 1151 187 1178 οὺ
202 1152 408 1187 προεφήτευσεν
423 1151 488 1187 περὶ
500 1151 555 1177 τῶν
570 1151 673 1177 τέκνων
695 1150 790 1182 αὐτοῦ,
812 1150 860 1176 καὶ
881 1150 945 1185 περὶ

156 1197 212 1224 τῶν
225 1198 357 1231 ἐκγόνων
372 1196 467 1229 αὑτοῦ,
493 1197 535 1223 ὃτι
559 1196 645 1227 οὕτως
672 1196 800 1230 μέλλουσι
817 1195 945 1231 θνήσκειν

158 1242 228 1276 μετὰ
250 1242 364 1269 θάνατον
398 1242 497 1274 αὑτοῦ;
527 1243 641 1268 Ἐκτοτε
663 1241 789 1268 ἐκάθισεν
814 1241 875 1267 ἀντὶ
895 1240 943 1267 τοῦ

155 1288 317 1323 Μουχάμετ,
341 1289 520 1323 Ἀποπάκρης
545 1287 699 1323 χαλιφάτης
719 1287 832 1322 χρόνους
857 1290 885 1319 ς’
898 1288 945 1314 κα).

154 1334 253 1369 ἥμισυ.
278 1333 345 1361 Εἶτα
368 1335 382 1360 6
412 1334 541 1370 Οὺμέρης
569 1334 584 1360 6
616 1333 673 1364 υἱὸς
698 1332 745 1359 τοῦ
776 1332 943 1366 Χαττάπαπ,

155 1378 271 1414 χρόνους
288 1382 326 1412 ς’.
345 1380 463 1406 Ἔπειτα
477 1380 491 1406 6
508 1379 645 1414 ὀθμάνης
653 1378 711 1409 υἱὸς
728 1377 815 1413 Ἀφάη
831 1379 944 1413 χρόνους

156 1423 202 1459 ιβ’,
218 1423 279 1452 εἶτα
295 1426 310 1452 6
331 1425 410 1461 Ἀλὴς
426 1425 482 1456 υἱὸς
496 1425 544 1451 τοῦ
575 1424 885 1460 Ἀποτα).επῆ]χρόνους

157 1469 242 1496 Πάλιν
256 1469 327 1504 λέγω
342 1479 383 1496 σοι
400 1470 441 1496 ὅτι
459 1470 506 1496 ἐὰν
536 1469 708 1503 ἐξηγήσομαι
735 1468 789 1495 τῶν
804 1468 836 1503 ιβ’
862 1468 944 1495 αὑτοῦ

1032 469 1101 497 Nulli
1125 476 1190 497 vero
1215 469 1361 498 liberorum
1387 469 1450 497 vita:
1481 477 1563 497 usura
1591 469 1694 496 diutina
1716 475 1783 495 con-

995 523 1071 542 cessa
1098 515 1158 542 fuit.
1189 514 1252 542 Sola
1280 522 1346 542 vero
1363 515 1488 542 Phatima
1506 515 1559 541 diei
1602 514 1728 541 aethereis
1756 518 1785 540 et

995 561 1122 588 vitalibus
1153 561 1227 588 auris
1263 562 1433 588 vescebatur.
1460 560 1551 594 Quare
1578 568 1643 587 vero
1681 559 1783 586 liberos

994 613 1058 633 suos
1076 614 1109 633 ex
1131 607 1244 634 mortuis
1271 614 1323 633 non
1350 607 1479 633 excitavit
1502 606 1529 633 in
1555 605 1697 640 praesentia
1713 605 1784 632 Ara-

994 650 1069 682 bum,
1087 655 1116 677 ut
1134 650 1246 677 istorum
1272 651 1463 678 miraculorum
1493 650 1721 685 contemplatione
1739 655 1783 676 at-

994 695 1074 722 toniti
1103 695 1130 722 in
1158 695 1230 722 illum
1255 695 1420 723 crederent?
1435 695 1500 723 Etsi
1517 696 1646 729 propheta
1662 695 1723 728 fuit.
1743 696 1782 722 uti

995 741 1076 772 dicis,
1091 748 1176 775 quare
1205 741 1257 768 hoc
1288 748 1340 768 non
1356 741 1504 775 praestitit?
1529 741 1681 768 Phatimam
1720 749 1784 768 vero

994 793 1106 813 uxorem
1121 787 1230 814 tradidit
1243 787 1284 814 Ali
1302 787 1356 814 ﬁlio
1369 787 1462 815 fratris
1489 787 1530 815 sui
1553 787 1706 822 Abutalepi.
1736 786 1783 814 Ille

995 837 1085 858 autem
1097 839 1129 858 ex
1144 831 1268 858 Pltatima
1282 832 1347 859 duos
1369 832 1487 865 suscepit
1518 832 1628 863 liberos,
1644 832 1782 867 primoge-

963 871 984 899 Β
997 876 1084 903 nitqu
1099 877 1207 904 nomine
1228 877 1391 909 Chasanem,
1420 878 1551 905 minorem
1583 883 1646 904 natu
1662 871 1783 904 nomine

999 921 1174 949 Chuseinem.
1190 922 1257 948 (lum
1270 929 1335 949 vero
1349 922 1525 949 Muhammed
1540 921 1597 949 fato
1613 921 1721 949 functus
1734 929 1779 948 es-

999 972 1053 1000 set,
1066 968 1172 995 exstitit
1194 967 1296 995 Mebias
1319 969 1429 1003 quidam
1459 976 1578 1004 quocum
1606 968 1780 995 Muhammcd

999 1013 1155 1040 inimicitias
1172 1019 1343 1046 exercuerat,
1358 1020 1385 1042 et
1395 1015 1441 1049 qui
1476 1014 1561 1041 ﬁlium
1585 1014 1704 1042 habebat
1733 1021 1785 1041 no-

1000 1060 1072 1087 mine
1084 1059 1151 1087 Jasit
1164 1060 1305 1095 tlyuaslam
1318 1061 1546 1095 potentissimum.
1560 1060 1634 1088 Misit
1647 1067 1712 1088 vero
1725 1059 1782 1087 Me-

1000 1105 1058 1132 bias
1075 1106 1207 1139 quosdam
1223 1106 1269 1141 qui
1285 1107 1452 1133 trucidarent
1471 1106 1540 1134 ﬁlios
1563 1106 1606 1133 Ali
1628 1106 1783 1134 Chasanem

997 1156 1025 1178 ('l.
1041 1151 1219 1184 Chusainem,
1233 1152 1442 1187 primogenitum
1458 1159 1523 1179 vero
1538 1159 1655 1184 veneno,
1667 1151 1781 1178 alterum

997 1196 1087 1231 gladio
1100 1197 1223 1224 incautos
1237 1203 1420 1232 peremerunt.
1434 1198 1484 1225 Ista
1496 1198 1585 1226 omnia
1601 1198 1668 1225 mihi
1697 1197 1784 1232 probe

997 1249 1136 1277 comperta
1147 1249 1221 1270 sunt.
1243 1243 1270 1270 Si
1283 1251 1358 1279 ergo.
1375 1249 1404 1270 ut
1416 1244 1495 1271 modo
1509 1244 1645 1276 dicebam,
1664 1244 1784 1271 Multam-

998 1289 1059 1316 med
1074 1290 1125 1316 fuit
1138 1290 1282 1324 prapbeta,
1297 1289 1340 1317 die
1357 1290 1422 1317 mihi
1435 1297 1520 1325 quare
1546 1290 1579 1318 de
1593 1293 1681 1317 morte
1713 1289 1783 1316 ﬁlio-

998 1342 1058 1362 rum
1071 1339 1099 1362 et
1120 1339 1247 1370 nepotum
1262 1335 1330 1362 nihil
1343 1336 1507 1363 vaticinatus
1520 1342 1571 1368 est,
1587 1341 1614 1363 et
1626 1335 1698 1370 quod
1711 1338 1785 1369 post-

997 1387 1078 1415 quam
1093 1380 1290 1408 humanitatem
1305 1381 1483 1415 implevisset,
1504 1381 1549 1408 tali
1567 1385 1595 1407 et
1610 1381 1654 1408 tali
1669 1381 1726 1407 fato
1741 1387 1785 1407 es-

998 1429 1057 1452 sent
1092 1425 1201 1453 tandem
1227 1425 1361 1459 perituri?
1376 1425 1398 1453 Δ
1421 1431 1544 1461 tempore
1574 1430 1665 1452 autem
1689 1425 1785 1451 mortis

999 1470 1206 1503 Multammedis,
1222 1476 1283 1505 post
1305 1471 1390 1504 illum,
1407 1476 1437 1499 ut
1461 1472 1567 1506 calipha
1591 1476 1619 1498 et
1642 1477 1785 1498 successor

155 1515 279 1541 πάππων
300 1516 337 1542 τὰ
352 1515 474 1550 ὀνόματα.
502 1515 549 1541 καὶ
577 1513 627 1549 τὴν
652 1512 787 1548 αἰσχύνην
813 1513 914 1546 αὐτῶν,
930 1515 944 1540 6

998 1516 1068 1543 sedit
1080 1516 1253 1550 Apupacher,
1273 1516 1317 1550 qui
1331 1516 1474 1551 imperavit
1493 1525 1577 1544 annos
1590 1524 1637 1543 sex
1654 1523 1715 1543 cum
1741 1516 1785 1543 di-

155 1561 302 1595 Εὑφράτης
317 1561 387 1596 ὑπὲρ
400 1561 514 1596 μέλανος
525 1559 576 1586 οὐκ
586 1559 699 1595 ἀρκέσει
712 1567 767 1593 μοι.

998 1561 1089 1589 midio.
1108 1561 1171 1589 Post
1184 1562 1270 1595 illum,
1285 1562 1450 1597 caliphatum
1467 1563 1584 1589 obtinuit
1605 1561 1690 1590 Omer
1713 1562 1785 1588 ﬁlius

153 1605 275 1641 Calapap
292 1607 379 1642 spatio
406 1614 453 1634 sex
471 1613 616 1633 annorum.
640 1604 704 1631 Post
723 1605 796 1631 illum
829 1603 977 1633 Olhmanes
1011 1605 1083 1633 ﬁlius
1116 1607 1230 1641 Aphnae,
1265 1614 1351 1634 annos
1377 1607 1531 1638 duodecim.
1549 1607 1646 1634 deinde
1660 1606 1783 1634 Aliﬁlius

154 1653 290 1687 Abutalipi
307 1661 393 1687 annos
421 1656 548 1687 quatuor.
573 1651 637 1678 Dico
651 1649 780 1685 crgoiibi
797 1654 826 1678 et
840 1651 939 1678 iterum
977 1653 1049 1684 dico,
1063 1653 1136 1687 quod
1169 1653 1191 1680 si
1214 1653 1358 1680 duodecim
1388 1653 1460 1680 illius
1488 1661 1600 1680 avorum
1628 1653 1786 1685 nomina,et

154 1705 231 1735 gesta
259 1700 346 1734 turpia
373 1705 401 1728 et
422 1700 545 1735 pudenda
568 1704 683 1725 narrare
708 1697 818 1730 vellem,
841 1698 971 1726 deﬁceret
989 1699 1143 1734 Euphrates
1158 1700 1227 1734 ipse.
1245 1701 1352 1728 etiamsi
1374 1708 1424 1735 pro
1447 1701 1588 1728 ruentibus
1612 1700 1692 1727 undis
1713 1704 1787 1727 atra-

156 1753 274 1774 mentum
293 1747 359 1774 mihi
380 1748 574 1782 suppeditaret.

190 1792 248 1819 Νῦν
261 1792 376 1819 ἄκουσον
387 1792 433 1818 τὸν
449 1793 506 1827 βίον
516 1793 563 1820 τοῦ
580 1794 695 1820 πάππου
718 1792 765 1820 τοῦ
790 1789 942 1827 Μουχάμετ

153 1839 203 1866 τοῦ
238 1838 495 1873 ’Δμπτομουτάλεπ.
514 1839 558 1865 Ἐν
582 1839 621 1874 τῷ
638 1839 726 1874 καιρῷ
752 1837 849 1874 ἐκεινῳ
874 1836 908 1874 ἧν
922 1838 940 1874 ἡ

156 1883 315 1918 κατοίκησις
329 1883 412 1910 αὑτοῦ
426 1884 466 1915 εἰς
478 1883 531 1919 γῆν
545 1884 672 1920 Μαραδᾶ,
687 1884 735 1910 καὶ
752 1883 942 1919 ὲπαρεπονέθη

155 1930 211 1957 ἀπὸ
222 1929 268 1956 τοῦ
285 1929 387 1965 πατρὸς
408 1929 492 1956 αὑτοῦ
516 1929 611 1965 Ἀσὲμ,
632 1928 716 1966 ἦλθεν
733 1930 773 1960 εἰς
788 1929 839 1964 γῆν
858 1930 943 1963 Σεφο-

155 1976 208 2012 ρὰν
239 1975 348 2008 γονικὸν
369 1975 408 2001 ὢν
434 1975 638 2011 Κωρασιωτῶν,
666 1974 736 2010 ἔχων
766 1974 826 2009 μεθ’
844 1973 943 2000 ἑαυτοῦ

156 2019 253 2047 παιδία
270 2020 373 2055 ἄρρενα
387 2020 463 2052 δέκα,
481 2021 528 2047 καὶ
545 2020 698 2055 θυγατέρας
714 2021 801 2055 τρεῖς.
823 2019 852 2046 Ὀ
871 2018 944 2054 πρῶ-

154 2074 201 2097 τος
218 2066 274 2097 υἱὸς
291 2065 372 2092 αὑτοῦ
390 2066 532 2101 Ἀμουσὲς,
547 2067 561 2092 6
575 2065 596 2100 β’
614 2066 735 2101 Ἀμπᾱς,
751 2065 766 2091 6
777 2068 800 2099 γ’
810 2065 944 2091 Ἀπουτα-

154 2111 236 2146 λεπῆ,
256 2112 271 2138 6
296 2111 316 2137 δ’
342 2111 533 2146 ’Δμπουλχὰπ,
557 2112 571 2138 6
588 2114 608 2138 ε’
643 2110 844 2142 Ἀπλουκαδὲπ,
870 2111 884 2136 6
915 2109 943 2142 ς’

162 2156 324 2189 ’Δπουτζέιλ,
338 2158 353 2184 ὁ
368 2157 389 2190 ζ’
405 2157 647 2192 ’Δμπτουλκασὲμ,
659 2157 772 2191 ὁὸγδους
788 2156 942 2191 Ἀμπουλῆ,

153 2203 169 2229 6
182 2203 204 2229 θ’
219 2203 355 2237 Σαφουὰν,
368 2204 382 2230 6
395 2206 410 2229 ι’
434 2203 617 2238 Ἀμπτουλεὶς.
630 2203 717 2234 Αὐτός
733 2203 808 2229 ἐστιν
821 2203 835 2229 6
850 2201 942 2237 πατὴρ

1031 1793 1243 1820 Nuncveroaudi
1253 1793 1333 1820 vitam
1343 1797 1369 1820 et
1376 1800 1466 1821 mores
1479 1792 1725 1829 Amptalmotalqil,
1743 1796 1784 1822 avi

993 1838 1080 1874 ipsius
1095 1838 1298 1866 Muhammedis.
1307 1839 1360 1866 Isto
1371 1842 1491 1873 tempore
1505 1838 1641 1866 incolebat
1649 1839 1785 1874 regionem

996 1883 1115 1916 Marada;
1123 1891 1184 1911 cum
1192 1891 1255 1911 vero
1263 1889 1341 1919 pater
1347 1884 1418 1912 illius
1425 1885 1504 1912 Asem
1512 1884 1696 1912 molestiasilli
1708 1893 1786 1914 crea-

997 1935 1040 1957 ret
1051 1934 1077 1956 et
1093 1930 1214 1963 querulis
1225 1930 1480 1964 exprobrationibns
1494 1938 1601 1965 semper
1616 1931 1690 1959 illum
1703 1939 1786 1960 vexa-

997 1978 1048 2006 ret,
1062 1974 1137 2001 venit
1154 1974 1302 2009 Sephoram
1312 1975 1381 2009 apud
1399 1975 1557 2002 Corasiotas
1571 1983 1640 2010 quos
1651 1978 1784 2011 sanguine

996 2025 1023 2047 et
1030 2027 1128 2055 genere
1138 2021 1295 2055 attingebat.
1307 2019 1427 2047 llabebat
1440 2028 1504 2047 vero
1513 2028 1603 2048 secum
1614 2023 1706 2049 decem
1718 2023 1783 2050 libe-

997 2072 1042 2091 ros
1050 2071 1149 2096 mares,
1158 2070 1185 2091 et
1191 2068 1247 2092 tres
1255 2064 1333 2092 ﬁlias.
1341 2063 1448 2091 Primus
1456 2066 1604 2092 vocabatur
1612 2066 1736 2099 Amases,
1745 2074 1786 2094 se-

996 2109 1101 2137 cundus
1114 2110 1226 2144 Ampas,
1238 2110 1334 2137 tertius
1341 2110 1484 2145 Abutalep,
1495 2114 1609 2144 quartus
1625 2111 1783 2145 Ampolcap.

997 2156 1106 2189 quintus
1112 2157 1278 2190 Aplucadcp,
1287 2155 1512 2191 sextnsAputsal,
1519 2156 1650 2190 septimus
1662 2157 1786 2192 Atnptul-

996 2208 1098 2234 casem,
1125 2207 1237 2229 octavus
1261 2201 1416 2236 Amptuale,
1435 2209 1524 2229 nonus
1546 2201 1686 2236 Saphnan,
1708 2203 1785 2231 deci-

153 2248 202 2275 τοῦ
217 2249 375 2284 Μουχάμετ.
394 2250 422 2276 '0
435 2250 462 2276 δὲ
478 2250 590 2281 πάππος
604 2250 651 2277 τοῦ
666 2250 821 2285 Μουχάμετ
834 2251 849 2276 6
877 2249 944 2284 ’Δμ-

999 2255 1058 2274 mus
1075 2247 1247 2282 Amptoulas.
1262 2247 1325 2274 Fuit
1338 2254 1403 2274 vero
1414 2247 1457 2274 hic
1472 2251 1552 2282 pater
1573 2246 1784 2276 Mulialnmedis.

154 2294 414 2331 πτυυλμουταλέπης
430 2294 502 2330 εἶχεν
517 2295 630 2330 ἀδελφὺν
649 2296 776 2331 Κουρέση
796 2295 826 2322 τὸ
845 2295 943 2331 ὄνομα,

156 2341 227 2366 κατὰ
240 2341 270 2367 τὸ
285 2341 369 2376 ὖνομα
385 2341 431 2368 τοῦ
448 2344 616 2377 προπάππου
631 2343 727 2369 αὐτοῦ.
747 2343 802 2369 Καὶ
822 2342 944 2378 κατῴκει

155 2386 196 2416 εἰς
211 2385 262 2420 γῆν
290 2385 356 2421 Χὰμ
380 2386 427 2412 δύο
455 2387 567 2422 ἡμερῶν
583 2387 683 2422 δρόμον
705 2388 737 2413 ὲκ
758 2387 806 2414 τοῦ
829 2387 945 2421 ἀδελφοῦ

155 2431 241 2458 αὐτοῦ
263 2432 295 2458 ἐκ
311 2434 360 2467 τῆς
378 2433 428 2467 γῆς
446 2433 574 2467 Μαραδά.
606 2433 634 2459 '0
663 2433 691 2459 δὲ
715 2433 847 2468 Κωρέσης
873 2431 945 2468 εἶχεν

156 2476 310 2512 θυγατέρας
323 2478 400 2509 δέκα,
413 2479 459 2504 καὶ
475 2478 549 2509 υἱοὺς
562 2479 645 2513 τρεῖς.
668 2479 700 2504 Ἦ
716 2479 844 2514 ὑστερινὴ
861 2479 946 2513 θυγά-

156 2530 210 2558 τηρ
225 2522 307 2548 αὐτοῦ
320 2523 419 2558 ἠκουεν
436 2523 576 2554 Λιαλουλὲ,
591 2523 664 2550 τοῦτ’
678 2524 752 2550 ἔσ-ιν
764 2524 942 2560 Μαρκαρίτα,

157 2569 205 2593 καὶ
223 2568 366 2602 ἠγάπησεν
382 2569 466 2603 αὐτὴν
481 2570 494 2595 6
514 2569 541 2594 Ἀ
548 2570 686 2604 iamcum;
700 2571 713 2596 6
727 2570 785 2601 υἱὸς
801 2570 847 2596 τοῦ
867 2570 945 2596 ἀδελ-

158 2612 209 2647 φοῦ
235 2612 331 2640 τοῦτου
361 2614 652 2649 ’Δμπτουλμουτάλεπ,
667 2616 681 2642 6
709 2615 756 2641 mi.
778 2615 871 2651 πατὴρ
899 2616 944 2642 τοῦ

157 2658 318 2694 Μουχάμετ,
345 2660 489 2695 ἠγάπησεν
511 2658 560 2688 οὖν
577 2661 661 2697 αὐτὴν
681 2661 795 2697 σφόδρα,
810 2662 857 2688 καὶ
871 2661 945 2696 λέγει

157 2704 197 2739 τῷ
216 2705 301 2740 πατρὶ
314 2705 406 2732 αὐτοῦ’
425 2706 500 2733 Θέλω
513 2707 600 2733 εἰπεῖν
616 2716 647 2734 σε
663 2706 703 2742 τῷ
721 2707 828 2743 ἀδελφῷ
844 2716 891 2734 σου
906 2708 946 2743 τῷ

159 2751 286 2787 Κουρέσῃ
298 2751 388 2778 δοῦναί
405 2761 451 2786 μοι
464 2753 513 2788 τὴν
523 2752 659 2788 θυγατέρα
668 2753 751 2779 αὑτοῦ
762 2754 802 2786 εἰς
814 2755 944 2788 γυναῖκα,

158 2794 212 2822 ἿΙν
227 2795 256 2821 δὲ
268 2797 282 2822 6
295 2797 436 2832 Κουρέσης
452 2797 578 2829 πλούσιος
591 2798 694 2833 σφόδρα
710 2798 786 2833 παρὰ
802 2798 848 2824 τὸν
863 2799 944 2825 ἀδελ-

159 2842 209 2874 φὺν
223 2842 306 2869 αὐτοῦ
329 2843 376 2870 τὸν
397 2843 686 2878 Ἀμπτουλμουτάλεπ.
714 2844 798 2878 Λέγει
824 2845 838 2870 6
855 2845 945 2880 πατὴρ

157 2884 206 2912 τοῦ
227 2887 393 2922 ’Λμπτουλῑ
411 2890 440 2916 ’0
454 2889 523 2921 θεῖός
536 2897 582 2915 σου
592 2888 650 2915 ἐναι
665 2888 793 2921 πλούσιος
809 2890 856 2916 καὶ
868 2891 945 2917 κενόκ

996 2292 1250 2328 Amptulmutalipes
1263 2298 1353 2320 autem
1375 2300 1443 2320 avus
1476 2293 1674 2321 Multamniedis
1689 2294 1786 2322 habuit

996 2339 1108 2366 fratrem
1125 2339 1236 2366 nomine
1268 2338 1379 2371 Corase,
1396 2338 1442 2373 qui
1469 2338 1521 2366 isto
1549 2339 1658 2366 nomine
1686 2347 1784 2367 nomen

996 2385 1088 2419 proavi
1100 2385 1141 2412 sui
1159 2384 1302 2417 referebat.
1319 2383 1466 2412 llabitabat
1483 2391 1548 2412 vero
1569 2385 1594 2411 in
1612 2389 1683 2412 terra
1697 2385 1783 2414 Cham

996 2431 1110 2458 duorum
1126 2431 1230 2458 dierum
1246 2431 1334 2464 spatio
1347 2431 1478 2458 distansa
1494 2429 1616 2463 Marada,
1636 2432 1681 2459 ubi
1702 2431 1786 2459 frater

995 2477 1054 2511 ejus
1067 2477 1146 2504 sedes
1169 2477 1237 2503 ﬁxas
1260 2477 1388 2504 habebat.
1405 2477 1521 2505 Corases
1547 2485 1612 2505 vero
1641 2486 1785 2505 numerosa

997 2524 1071 2557 prole
1087 2524 1181 2551 beatus
1196 2524 1290 2550 habuit
1300 2525 1394 2551 decem
1412 2524 1491 2556 ﬁlias,
1508 2529 1534 2551 et
1548 2529 1604 2552 tres
1624 2525 1702 2552 ﬁlios.
1717 2525 1784 2552 Filia

997 2577 1061 2597 vero
1069 2577 1132 2597 natu
1143 2570 1251 2597 minima
1262 2571 1408 2597 vocabatur
1422 2570 1536 2603 Lialule,
1549 2571 1601 2598 hoc
1610 2577 1663 2604 est,
1673 2571 1784 2599 chnna

996 2624 1044 2643 seu
1075 2616 1234 2651 Margarita,
1268 2617 1342 2644 illaut
1371 2617 1508 2644 adamavit
1534 2618 1678 2652 Amptulas
1708 2623 1786 2652 pater

998 2662 1203 2694 Multammedis,
1220 2667 1246 2690 et
1264 2662 1337 2690 ﬁlius
1350 2663 1596 2698 Amptulmutalcpi
1622 2663 1716 2691 fratris
1733 2664 1786 2691 Co-

998 2715 1074 2735 rasaa.
1089 2708 1158 2736 Cum
1176 2716 1242 2744 ergo
1269 2709 1342 2736 illam
1371 2709 1507 2744 deperiret
1520 2709 1690 2744 Amptualas,
1715 2712 1784 2746 patri

997 2754 1140 2782 consilium
1157 2762 1235 2782 suum
1252 2755 1368 2790 aperuit,
1386 2760 1413 2782 et
1426 2756 1495 2783 dixit
1509 2764 1515 2782 :
1530 2756 1596 2783 Pete
1607 2763 1621 2782 a
1635 2756 1724 2784 fratre
1738 2761 1786 2784 tuo

996 2799 1096 2827 Corase
1124 2804 1155 2827 nt
1172 2805 1275 2828 annuat
1291 2802 1362 2829 votis
1390 2802 1470 2833 Inois,
1488 2807 1516 2829 et
1542 2802 1615 2830 illitis
1642 2803 1695 2830 ﬁlia
1713 2812 1784 2830 uxor

998 2845 1062 2871 mihi
1080 2847 1254 2874 concedatur.
1268 2846 1335 2874 Erat
1351 2855 1417 2874 vero
1431 2847 1549 2875 Corases
1578 2848 1740 2881 ditissimus.
1757 2854 1785 2877 et

997 2893 1092 2926 opibus
1108 2893 1384 2928 Amptnlmutalcpum
1395 2893 1509 2921 fratrem
1527 2894 1687 2929 longissime
1704 2903 1782 2928 supe-
