1932 3067
183 186 252 220 1423

752 188 1032 220 BARTHOLOMEI
1055 189 1241 221 EDESSENI

1743 178 1814 212 ιω

183 241 271 269 rabut.
299 240 453 276 Regercbat
486 247 551 268 vero
577 243 654 276 pater
680 240 968 275 AmptulzezPatruus

1032 243 1105 276 ῑοξος,
1118 243 1173 277 ἐγὼ
1185 243 1214 270 δὲ
1230 241 1346 277 πτωχὸς,
1364 240 1411 267 καὶ
1438 239 1486 265 ἐὰν
1501 236 1547 264 τοῦ
1571 237 1661 268 sint»:
1672 235 1745 261 θέλει
1776 243 1810 269 με
1849 247 1853 252 -

183 292 246 314 tuus
260 287 357 322 opibus
366 286 455 318 ﬂoret,
467 292 492 313 et
501 286 545 313 ille
559 293 643 314 vanos
654 290 682 314 et
694 285 781 314 elatos
792 286 838 314 alit
847 287 970 321 animos;

183 339 233 366 ego
250 339 316 359 vero
334 339 394 359 sum
411 332 438 359 in
458 339 487 359 re
502 336 626 367 angusta,
644 336 672 359 et
684 339 745 359 cum
762 340 794 359 ea
810 333 843 360 de
856 341 884 360 re
897 333 971 360 illum

183 383 348 409 convenero,
360 376 451 404 statim
472 383 514 402 me
528 381 686 410 contemptu
707 380 734 403 et
747 377 877 405 conviciis
898 378 972 405 exci-

184 421 250 456 piet.
263 422 309 449 Ille
322 429 388 450 vero
403 421 530 455 instabat,
550 426 577 449 et
603 423 718 457 urgebat
743 427 847 457 patrem
860 428 890 450 nt
903 431 972 450 uxo-

185 474 241 494 rem
254 467 305 494 sibi
320 471 455 502 quaereret
470 467 661 494 consobrinam
680 467 761 494 llliam
778 467 882 501 fratris,
893 469 971 502 cujus

1019 289 1155 316 ὀνειδίσει.
1171 290 1226 316 Καὶ
1237 285 1316 319 οὗτος
1341 286 1422 313 πάλιν
1435 285 1534 320 ὖχλησι
1544 283 1591 309 τὸν
1605 281 1714 316 πατέρα
1729 280 1815 307 αὑτοῦ

1021 335 1086 370 περὶ
1109 334 1158 370 τὴν
1175 334 1289 369 ἀνεψιάν
1304 341 1362 366 τον,
1380 332 1414 368 ἢν
1448 330 1555 366 ἠγάπα,
1579 327 1630 363 τὴν
1657 326 1811 360 ὲξαδέλφην

1022 379 1115 407 αὑτοῦ.
1135 380 1189 407 Καὶ
1203 381 1252 415 μιᾷ
1266 379 1320 406 τῶν
1335 377 1448 414 ἡμερῶν
1464 376 1600 410 ἐμήνυσεν
1621 372 1667 398 τὸν
1690 371 1808 405 ἀδελφόν

1020 434 1068 452 του
1082 424 1131 452 τοῦ
1145 425 1239 452 λαὸεῖν
1254 424 1302 460 τὴν
1314 422 1428 457 ἀνεψιάν
1443 430 1489 448 του
1501 419 1614 455 νύμφην
1627 417 1669 449 εἰς
1686 417 1733 444 τόν
1762 424 1814 451 μου

1023 471 1081 498 υῐδν
1095 471 1145 507 τὴν
1166 470 1351 506 ’Λμπτουλάν.

184 520 278 541 amore
294 513 433 541 urebatur.
449 513 613 548 lmportnnis
639 521 706 548 ergo
729 513 970 549 emagitationibus
986 522 1158 553 expugnatus
1190 521 1219 544 et
1251 517 1338 543 victus
1363 520 1451 551 pater,
1464 512 1542 541 fratri
1556 515 1643 540 totum
1672 508 1813 544 negotium

185 560 346 592 declaravit,
357 566 385 588 et
406 560 512 595 rogavit
530 565 559 587 ut
570 560 624 587 filia
640 561 815 588 matrimonio
829 561 1004 596 copularetur
1018 563 1151 598 Amptulte
1167 562 1222 590 ﬁlio
1234 570 1294 590 suo.

219 605 261 632 ira
284 612 349 633 vero
375 612 506 632 accensus
535 605 621 633 frater
644 605 805 640 respondit:
822 605 874 633 Per
887 605 972 634 Deum

184 650 246 679 caeli
258 656 282 679 et
298 651 420 683 terrae,si
435 657 461 678 tu
476 659 529 678 non
537 658 612 678 esses
631 651 716 679 frater
726 659 802 679 meus
814 659 971 686 germanus,

185 704 236 730 ego
252 697 294 724 his
307 697 366 724 oris
378 701 404 724 te
411 704 523 731 prorsus
530 697 706 731 expellerem,
721 701 748 725 et
762 697 849 724 solum
867 703 974 726 vertere

187 747 214 768 te
227 741 320 769 statim
339 749 477 776 cogerem.
502 741 534 768 Et
549 742 576 768 in
594 747 732 776 posterum
753 749 815 769 cum
829 742 875 769 illo
895 750 974 770 acer-

187 787 313 814 bissimas
328 787 450 815 exercuit
465 787 874 823 inimicitias.Amptulmutalep
884 794 974 816 autem

186 831 404 866 habebathanem
411 833 671 865 przestantissitnam,
678 833 976 867 etfatnigeratissimam

1054 608 1196 642 Θυμωθεὶς
1206 607 1235 634 δὲ
1250 607 1366 639 ὲκείνας,
1385 605 1431 632 καὶ
1443 603 1540 634 εἰπὼν.
1551 603 1599 630 Μὰ
1620 601 1668 629 τδν
1681 599 1748 629 Θεὸν
1767 599 1816 626 τοῦ

1020 653 1135 690 οὐρανοῦ
1151 653 1198 680 καὶ
1212 653 1263 688 τῆς
1273 653 1336 688 γῆς,
1348 653 1389 678 ὅτι
1404 651 1451 678 ἐὰν
1464 650 1508 677 δὲν
1539 650 1622 684 ἦσουν
1634 646 1746 681 γνήσιός
1763 654 1815 680 μου

1022 700 1150 734 ἁδελφὸς,
1172 699 1283 734 ὲχάωσα
1305 698 1337 725 ἄν
1353 706 1383 724 σε
1413 697 1445 723 ὲκ
1470 695 1520 730 τῆς
1549 694 1602 729 γῆς
1624 692 1738 726 ταύτης.
1757 691 1816 717 Καὶ

1022 745 1150 780 εποίησεν
1178 745 1237 780 μετ’
1268 744 1349 770 αὑτὸν
1375 742 1476 777 ἔχθραν
1502 739 1617 774 πολλήν.
1647 735 1728 772 Εἷχεν
1755 736 1786 762 δὲ
1802 737 1816 762 6

1028 789 1307 826 ’Δμπτουλμουτάλεπ
1323 790 1393 815 κύνα
1406 787 1476 814 πάνυ
1489 783 1653 821 ὀνομαστὸν,
1668 782 1717 809 καὶ
1729 782 1818 814 ἀπερ-

1026 835 1144 871 χομένην
1171 834 1212 866 εις
1232 834 1281 869 τὴν
1304 833 1396 860 οἰκίαν
1423 830 1472 858 τοῦ
1491 829 1630 865 Κουρέση,
1654 827 1818 871 ἀπέκτεινεν

186 884 247 912 quae
260 885 322 905 cum
333 877 406 906 aedes
421 878 528 906 Coresus
543 879 663 913 ingressa
677 884 760 911 esset,
777 879 849 906 illam
865 879 974 912 accidit,

1032 869 1075 907 tat
1088 869 1246 915 ἀττέχρυψεν
1261 879 1346 913 αὐτὴν
1359 877 1407 904 καὶ
1416 876 1518 911 ἔχωσεν
1532 875 1571 906 εἰς
1585 874 1635 909 τὴν
1645 872 1698 907 γῆν
1714 870 1762 897 τοῦ
1778 869 1816 905 μὴ

186 926 214 949 et
231 922 313 950 multa
328 927 454 958 congesta
475 927 557 954 terra,
569 923 642 950 illam
656 923 812 956 occultavit,
830 932 863 951 ne
876 924 976 951 factum

187 967 378 995 innotesceret.
388 967 504 995 Coreses
512 975 576 995 vero
583 968 699 995 habebat
706 975 802 1002 equam
811 967 978 1002 praestantis-

187 1010 263 1038 δίωκε
270 1011 363 1038 format
373 1015 401 1039 et
408 1011 569 1044 velocitatis,
580 1019 640 1045 qua:
648 1017 674 1039 et
689 1016 798 1039 ventum
811 1012 898 1046 ipsum
907 1012 978 1040 cele-

187 1056 267 1084 ritate
283 1057 466 1088 antecederet,
483 1060 511 1083 et
522 1057 628 1084 duobus
643 1055 740 1084 ferreis
751 1057 869 1084 vinculis
888 1061 916 1084 et
931 1063 978 1091 pe-

187 1101 258 1129 dicis
275 1107 336 1129 erat
363 1102 483 1137 alligata.
500 1102 568 1129 Cum
582 1109 648 1130 vero
660 1102 686 1129 in
717 1102 808 1129 animo
835 1103 978 1130 volverent

187 1153 239 1174 suo
253 1146 394 1181 Amptulas
414 1153 442 1173 et
474 1147 546 1173 illius
567 1151 653 1180 pater,
665 1147 738 1182 quod
760 1146 875 1175 Coreses
900 1148 976 1175 orci-

188 1191 266 1219 derat
283 1198 389 1224 canem,
403 1198 454 1218 nec
469 1191 611 1225 Amptulas
623 1199 672 1226 par
698 1196 773 1219 esset
801 1191 847 1219 tali
871 1192 978 1227 injuriae

188 1236 403 1268 dssimulanda,
420 1240 448 1264 et
473 1241 548 1263 tanto
567 1236 655 1264 dolori
688 1237 808 1269 ferendo.
838 1238 978 1273 accipiens

173 1284 281 1309 “secum
298 1283 460 1315 canistrum,
489 1282 574 1310 adivit
604 1282 747 1316 Coresum,
762 1284 907 1312 consilium
930 1292 976 1312 oc-

189 1329 304 1360 cultans.
319 1334 346 1356 et
359 1336 414 1363 pm
428 1335 459 1356 se
475 1328 566 1356 ferens
579 1336 673 1364 pacem
695 1334 724 1357 et
749 1330 870 1357 animum
893 1330 977 1357 bene-

189 1375 291 1402 volunt.
307 1375 411 1402 Arabes
418 1382 482 1402 vero
495 1382 589 1410 pacem
600 1379 631 1402 ut
642 1382 698 1403 rem
714 1375 827 1403 maximi
846 1375 976 1403 momenti

190 1422 328 1449 mstimare
355 1421 456 1449 solent.
488 1421 616 1449 Videntes
639 1428 705 1457 ergo
727 1422 802 1449 illum
829 1421 977 1450 Corasioue

191 1468 342 1496 venientem
356 1475 417 1495 cum
435 1468 565 1500 canistro,
574 1472 602 1495 et
618 1468 671 1496 illis
684 1469 774 1496 omnia
789 1468 865 1503 pacis
883 1467 975 1496 ofﬁcia

192 1513 403 1548 impertientem,
420 1513 454 1540 de
467 1519 500 1540 eo
513 1516 656 1547 coeperunt
671 1519 734 1540 esse
753 1512 841 1540 minus
855 1511 976 1545 solliciti,

193 1559 370 1587 exstimantes
387 1559 461 1586 illum
483 1565 535 1586 non
547 1565 630 1593 prava
655 1559 682 1585 in
712 1557 803 1585 animo
831 1556 924 1585 fovere
952 1563 978 1584 et
994 1549 1016 1577 ο

194 1605 300 1633 volvere
309 1605 431 1637 consilia,
447 1609 474 1632 et
488 1604 563 1632 illum
575 1609 603 1631 ut
629 1604 761 1637 hospitem
792 1603 978 1639 gratissimum

193 1656 369 1686 exceperunt.
387 1651 436 1678 Ast
458 1650 504 1677 ille
530 1655 613 1677 noctu
633 1650 704 1677 lecto
718 1649 847 1676 exsilieus
865 1653 893 1676 et
916 1656 979 1676 sur-

194 1705 273 1733 gens,
287 1697 375 1725 cultro
388 1704 485 1732 equam
498 1697 697 1730 trucidavit,!et
725 1695 816 1723 statim
842 1702 872 1723 se
893 1694 981 1730 prori-

195 1745 254 1779 puit
282 1748 310 1771 et
334 1743 395 1777 fuga
427 1742 479 1770 sibi
495 1743 642 1769 consuluit.
657 1741 786 1776 Sequenti
813 1748 878 1768 vero
904 1747 982 1767 mane

196 1798 293 1818 somno
319 1794 347 1817 et
376 1790 446 1816 lecto
477 1788 590 1816 excitati
629 1787 781 1815 Corasiolte
820 1787 981 1814 invenerunt

197 1844 293 1870 equam
311 1840 456 1867 mortuam,
472 1839 499 1862 et
526 1834 609 1861 variis
633 1834 790 1861 vulneribus
812 1831 981 1860 fonfossaln.

199 1882 277 1911 Unde
293 1881 399 1909 dicebat
417 1881 531 1908 Corases
547 1888 554 1908 :
572 1880 644 1908 Iram
674 1885 702 1907 et
727 1880 875 1907 vindictam
901 1880 983 1906 corde

198 1928 344 1955 occultavit
374 1927 529 1962 Amptulas,
557 1930 584 1954 et
615 1925 692 1954 nobis
718 1925 808 1953 fucum
829 1925 893 1953 fecit
923 1934 983 1953 cum

199 1983 246 2002 sua
267 1974 394 2002 simulata
414 1982 497 2009 pace;
515 1974 576 2001 ideo
592 1973 666 2001 illum
678 1972 839 2000 observandi
853 1972 923 1999 nulla
937 1981 987 1999 nos

199 2020 286 2048 tenuit
314 2028 378 2048 cura
401 2020 443 2047 vel
470 2019 637 2047 sollicitudo.
657 2018 797 2053 Amptulas
813 2025 876 2045 vero
897 2026 986 2045 rever-

199 2073 245 2094 sus
268 2067 300 2093 ad
340 2070 444 2100 patrem
474 2067 565 2093 omnia
583 2066 671 2099 [prout
698 2069 774 2099 gesta
805 2064 913 2092 fuerant
939 2072 987 2099 ge-

1029 926 1156 961 φανῆναι.
1177 925 1206 951 '0
1218 925 1247 951 δὲ
1264 923 1398 959 Κωρέσης
1412 920 1484 957 εἶχεν
1502 920 1606 956 φοράδα
1621 919 1691 945 πάνυ
1710 916 1818 950 θαυμα-

1030 960 1104 1005 στὴν)
1132 970 1334 1006 προτρέχουσαν
1361 967 1430 1004 μετὰ
1450 966 1498 993 τοῦ
1521 965 1634 1000 ἀνέμου.
1662 962 1740 995 Μετὰ
1768 960 1817 988 δύο

1028 1016 1128 1051 ζυγιῶν
1148 1016 1266 1051 σιδηρῶν
1278 1013 1552 1049 πεπεδουκλωμένην.
1569 1011 1624 1038 Καὶ
1633 1010 1783 1045 νοήσαντες
1802 1008 1817 1034 6

1034 1062 1216 1097 ’Δμπτουλᾶς,
1236 1061 1283 1088 καὶ
1296 1061 1310 1087 6
1322 1059 1414 1095 πατὴρ
1427 1058 1520 1090 αὐτοῦ.
1538 1058 1579 1085 ὅτι
1603 1056 1653 1092 τὴν
1665 1055 1734 1082 κύνα
1749 1053 1818 1088 ἑφό-

1027 1117 1122 1136 νευσεν
1141 1108 1156 1134 6
1173 1107 1307 1142 Κωρέσης
1328 1107 1376 1133 καὶ
1400 1105 1437 1141 μὴ
1464 1105 1556 1140 φέρων
1576 1103 1627 1138 τὴν
1653 1101 1742 1135 λύπην
1767 1101 1818 1135 τῆς

1027 1154 1108 1185 κυνὸς
1123 1153 1138 1180 6
1153 1152 1336 1187 ’Δμπτουλᾶις,
1364 1150 1456 1177 λαὸὼν
1475 1149 1616 1176 κανίσκων
1638 1146 1762 1181 ἀπῆλθεν
1777 1145 1818 1175 τις

1026 1199 1073 1226 τοῦ
1085 1199 1216 1234 Κωρέσου
1231 1197 1300 1233 μετὰ
1316 1197 1438 1233 εἰρήνης.
1461 1196 1517 1222 Καὶ
1529 1194 1555 1221 οι
1578 1192 1718 1229 ’Δρραὃες
1736 1191 1818 1226 ἔχουν

1027 1246 1075 1281 τὴν
1090 1246 1201 1281 εἰρήνην
1218 1244 1255 1275 ὡς
1272 1244 1343 1279 μέγα
1357 1252 1382 1270 τι
1393 1243 1520 1278 πρᾶγμα.
1536 1241 1589 1267 Kal.
1600 1239 1702 1269 ἰδόντες
1713 1239 1738 1263 οι
1757 1237 1818 1263 Κω-

1028 1291 1161 1328 ρασιῶται
1185 1290 1267 1318 αὐτὸν
1286 1289 1435 1325 ἐρχόμενον
1448 1288 1516 1324 μετὰ
1534 1285 1582 1312 τοῦ
1602 1284 1756 1312 κανισκίου.
1769 1282 1817 1328 καὶ

1026 1327 1107 1365 δόντα
1129 1337 1222 1368 αὐτοῖς
1245 1335 1295 1371 τὴν
1318 1335 1443 1370 εἰρήνην,
1467 1331 1703 1367 ἀπεμεριμνησαν
1721 1327 1817 1357 αὐτοῦ,

1027 1383 1069 1410 ὅτι
1083 1379 1161 1413 οὗτος
1177 1382 1228 1408 οὐκ
1240 1380 1366 1416 ὲθνμήθη
1391 1389 1418 1407 τι
1435 1379 1530 1412 κακὸν,
1557 1378 1603 1404 καὶ
1623 1375 1819 1411 ὲφιλοξένησαν

1029 1429 1120 1456 αὐτόν.
1135 1428 1190 1456 Καὶ
1202 1427 1285 1459 αὐτὸς
1302 1427 1422 1458 ἀναστὰς
1437 1425 1534 1456 νυκτὸς
1549 1423 1678 1458 ἐφόνευσε
1691 1421 1742 1456 τὴν
1767 1428 1818 1455 φο-

1031 1475 1097 1510 ραδα
1112 1474 1155 1501 διὰ
1177 1474 1326 1508 μαχαίρας³
1347 1472 1396 1498 καὶ
1410 1471 1491 1502 εὐθὺς
1506 1470 1618 1504 ἔφυγεν.
1635 1468 1674 1504 Τῇ
1691 1467 1720 1494 δὲ
1733 1465 1820 1493 επαύ-

1031 1528 1087 1555 ριον
1099 1519 1266 1551 ἀναστάντες
1281 1515 1360 1552 εὖρον
1375 1517 1426 1553 τὴν
1447 1516 1553 1552 φοράδα
1577 1514 1754 1549 τεθνηκυῖαν.
1771 1511 1820 1539 καὶ

1033 1562 1109 1590 εἶπεν
1122 1564 1137 1590 ὸ
1153 1563 1298 1598 Κωρέσης·
1313 1559 1393 1596 Εἷχεν
1403 1561 1452 1597 τὴν
1463 1560 1548 1596 ὀργὴν
1565 1561 1594 1586 ὲν
1613 1560 1646 1594 τῇ
1662 1557 1760 1593 καρδίᾳ
1776 1557 1822 1583 αὖ·

1033 1608 1092 1641 τοῦ,
1103 1609 1150 1635 καὶ
1167 1608 1320 1643 ἐπλάνησεν
1333 1607 1408 1643 ἡμᾶς
1424 1607 1492 1642 μετὰ
1506 1606 1554 1640 τῆς
1571 1605 1682 1640 εἰρήνης
1697 1602 1745 1630 τοῦ
1761 1603 1822 1637 μεῖ-

1038 1664 1082 1682 ναι
1108 1655 1181 1690 ἡμᾶς
1205 1654 1386 1689 ἀμερεμνους.
1419 1653 1448 1679 ’0
1473 1652 1502 1679 δὲ
1533 1650 1708 1686 Ἀμπτουλᾶς
1733 1648 1823 1675 ἐλθὼν

1035 1701 1103 1736 πρὸς
1121 1700 1168 1726 τὴν
1184 1699 1290 1734 πατέρα
1307 1698 1390 1726 αὐτοῦ
1402 1697 1564 1733 ἀνήγγειλεν
1579 1697 1613 1723 τὰ
1625 1695 1727 1726 πάντα,
1747 1694 1795 1720 καὶ
1808 1694 1824 1720 6

1036 1745 1128 1781 πατὴρ
1141 1745 1222 1772 αὐτοῦ
1244 1744 1329 1778 λέγει·
1352 1744 1389 1770 Τὺ
1416 1743 1511 1770 λοιπὸν
1526 1741 1736 1776 ὲτοιμαζόμενοι
1747 1737 1825 1773 ὦμεν

1037 1791 1104 1826 πρὸς
1121 1791 1249 1825 πόλεμον.
1285 1790 1313 1816 '0
1335 1790 1362 1816 δὲ
1380 1789 1512 1824 Κωρέσης
1530 1786 1672 1814 ἀναλαϐὼν
1698 1786 1744 1812 τὸν
1760 1785 1826 1811 λαὸν

1037 1837 1121 1862 αὐτοῦ
1152 1837 1222 1871 μετὰ
1246 1836 1380 1871 ἁρμάτων
1415 1834 1535 1869 ἀπῆλθεν
1562 1833 1602 1864 εἰς
1632 1832 1678 1858 τὺν
1710 1830 1826 1864 ᾶδελιιςδν

1037 1882 1118 1909 αὐτοῦ
1134 1883 1181 1909 καὶ
1206 1882 1375 1916 ἐπολέμησεν
1398 1881 1490 1908 αὐτόν.
1514 1880 1569 1906 Καὶ
1592 1877 1780 1913 ἐφονεύθησαν
1796 1875 1827 1907 ἐξ

1034 1929 1198 1963 ἀμφοτέρων
1212 1928 1274 1959 λαὸς
1287 1927 1381 1959 πολὺς,
1401 1927 1449 1953 καὶ
1465 1926 1503 1961 μὴ
1521 1925 1670 1960 δυνάμενος
1685 1923 1769 1957 ζῆσαι
1783 1922 1828 1948 διΞι

1033 1975 1079 2000 τὸν
1093 1974 1174 2008 φόϐον
1190 1975 1204 2000 ὁ
1217 1974 1309 2009 πατὴρ
1323 1973 1370 2000 τοῦ
1393 1971 1560 2007 Ἀμπτουλᾶ.
1578 1971 1680 2005 ἔφυγεν
1707 1970 1749 2000 εἰς
1776 1969 1829 2002 γῆν

1036 2020 1128 2051 Μακᾶ,
1149 2020 1260 2055 ἡμερῶν
1292 2020 1468 2053 ι’διάστημα.
1502 2017 1572 2053 μετὰ
1603 2015 1741 2049 ὀλιγίστου
1761 2013 1829 2040 λαοῦ

1037 2066 1083 2092 καὶ
1094 2065 1141 2092 τοῦ
1159 2065 1217 2092 υἱοῦ
1230 2064 1313 2092 αὑτοῦ
1324 2085 1332 2098 ,
1347 2065 1371 2091 οἱ
1386 2064 1413 2091 δὲ
1429 2063 1504 2090 ἄλλοι
1519 2061 1717 2097 ἐφονεύθησαν.

198 2113 285 2141 aliens
311 2113 462 2142 enarravit.
477 2112 560 2139 Pater
586 2119 649 2139 vero
664 2111 822 2146 regerebat:
846 2111 917 2138 Nihil
934 2119 1005 2138 nnnc
1025 2113 1103 2139 nobis
1139 2112 1322 2147 peragendum
1353 2116 1487 2146 superest,
1513 2117 1595 2146 quam
1622 2113 1651 2134 nt
1670 2108 1703 2134 ad
1727 2106 1830 2134 bellum

199 2160 352 2194 proximum
371 2168 419 2188 nos
434 2161 488 2187 cito
501 2159 683 2194 accingamus.
704 2158 737 2185 Et
749 2166 843 2186 revcra
866 2158 982 2186 Coresus
1001 2167 1098 2194 inagna
1129 2159 1218 2193 populi
1253 2159 1402 2186 comitante
1416 2162 1538 2188 caterva,
1553 2161 1581 2184 et
1598 2155 1683 2181 variis
1697 2154 1831 2180 curribus

199 2209 227 2234 et
254 2207 338 2234 armis
365 2206 526 2238 instructus,
543 2205 667 2232 adoritur
697 2204 821 2237 fratrem,
836 2210 863 2232 et
878 2205 976 2232 acerbo
997 2204 1067 2232 bello
1083 2206 1196 2233 invadit.
1210 2206 1251 2233 Ab
1287 2210 1404 2240 utraque
1437 2209 1514 2239 parte
1531 2202 1609 2229 mltlti
1622 2202 1704 2228 dubia
1733 2206 1762 2227 et
1778 2207 1830 2226 an-

198 2252 273 2288 cipiti
291 2252 404 2280 victoria
431 2253 594 2280 occubuere.
621 2251 701 2278 Pater
720 2259 785 2278 vero
806 2252 953 2286 Αιιιῃιηιειι,
970 2252 1074 2279 viribus
1095 2251 1219 2286 inferior,
1236 2257 1263 2279 et
1274 2257 1350 2279 tanto
1369 2255 1440 2278 metu
1461 2253 1614 2284 correptus,
1649 2251 1679 2273 ut
1708 2247 1830 2273 animam

200 2299 279 2326 modo
299 2303 372 2326 esset
385 2297 534 2328 elllauirus,
554 2296 616 2332 fuga
640 2297 727 2323 tendit
744 2296 861 2324 Meccam
891 2297 984 2324 decem
1005 2297 1111 2325 dierum
1125 2297 1223 2324 itinere
1237 2297 1386 2324 distantem
1407 2302 1468 2322 cum
1487 2295 1542 2322 lilio
1571 2297 1598 2320 et
1631 2291 1758 2326 reliquiis
1776 2297 1825 2326 po—

200 2345 254 2381 puli
272 2345 332 2378 sui;
351 2345 427 2372 multi
448 2345 520 2371 enim
544 2343 571 2370 in
601 2343 685 2370 variis
701 2343 803 2377 praeliis
833 2343 986 2377 perierant?

236 2393 303 2421 Cum
313 2399 379 2419 vero
393 2393 471 2419 sedes
486 2391 551 2418 lixas
565 2390 730 2418 collocasset
743 2391 769 2417 in
786 2390 903 2418 desertis
916 2389 979 2417 Mec-

1075 2391 1130 2418 Καὶ
1140 2389 1299 2420 καθίσαντες
1316 2390 1355 2420 εἰς
1368 2388 1417 2419 τὰς
1429 2387 1547 2422 ἐρημίας
1557 2385 1602 2412 τοῦ
1616 2384 1700 2412 Mani
1715 2383 1832 2418 χρόνους

200 2438 268 2471 clm,
283 2438 371 2472 spatio
387 2437 468 2463 trium
485 2443 620 2463 annorum
633 2434 773 2468 animalia,
790 2442 896 2468 servos,
917 2443 990 2462 tuer-

200 2492 246 2512 ccs
258 2485 355 2511 iterum
369 2482 420 2509 sibi
437 2484 679 2517 comparaverunt.
697 2485 725 2508 ct
736 2488 799 2508 cum
813 2481 903 2508 omnia
925 2481 984 2509 loca

201 2531 284 2565 probe
296 2533 419 2559 noscent.
439 2526 739 2562 inceperuntnegotiari
752 2531 779 2553 et
803 2531 984 2554 mercaturam

200 2583 339 2604 exercere.
353 2575 436 2602 Moris
446 2579 538 2602 autent
567 2577 625 2601 erat
657 2572 731 2600 soliti
745 2573 816 2607 apud
829 2572 946 2604 Arabas,
960 2577 990 2599 ut

200 2622 310 2658 singuli,
321 2625 500 2654 prouteorum
512 2619 657 2647 facultates
664 2618 798 2651 ferebant,
808 2618 859 2645 sibi
867 2622 990 2644 emerent

201 2669 418 2704 quan-plurimas
431 2667 565 2702 captivas,
584 2673 652 2701 quas
668 2665 868 2700 prostitnebant
881 2664 989 2698 juveni-

202 2716 252 2742 bus
279 2719 357 2741 mtate
387 2714 556 2743 llorcntibus,
571 2716 598 2738 et
630 2711 765 2746 praecipue
800 2710 931 2743 Hebraeis,
956 2718 989 2736 ex

201 2768 317 2795 quorum
346 2768 409 2788 cum
436 2759 489 2786 illis
517 2758 664 2786 concubitu
688 2757 806 2792 gravida:
830 2757 988 2787 evaderent,

201 2807 425 2840 susciperenlque
438 2805 538 2832 liberos
549 2803 726 2838 elegantioris
743 2802 847 2835 fortine,
867 2803 892 2828 in
919 2801 986 2828 foris

203 2857 228 2877 ut
240 2852 368 2878 nundinis
381 2851 496 2886 publicis
510 2857 608 2884 magno
625 2848 714 2883 pretio
725 2849 890 2875 vendendus.
907 2846 989 2874 Certo

203 2903 268 2930 ergo
281 2898 396 2930 quodam
406 2898 449 2925 die
466 2897 533 2924 dixit
547 2895 616 2931 patri
634 2895 777 2930 Amptulas
789 2893 987 2921 Mnbammedis

1040 2437 1125 2472 τρεῖς,
1143 2436 1330 2470 έπεκτὴσαντο
1342 2432 1420 2465 αὖθις
1442 2432 1500 2465 ζῶα
1516 2432 1564 2458 καὶ
1582 2429 1759 2465 ἀιθρώπους,
1783 2429 1833 2456 καὶ

1040 2481 1200 2516 πράγματα.
1221 2480 1276 2506 Καὶ
1299 2479 1333 2506 τὰ
1359 2479 1441 2505 τόπια
1471 2477 1559 2504 πάντα
1592 2475 1760 2509 ἐγνώρισαν,
1784 2474 1833 2501 καὶ

1040 2527 1133 2553 ἔκτοτε
1165 2525 1283 2560 ⁴ἤρξαντο
1309 2522 1562 2560 πραγματεύεσθαι.
1586 2522 1618 2548 οἱ
1639 2520 1668 2547 δὲ
1692 2519 1834 2555 Ἀῥραεες

1041 2569 1112 2605 εἶχον
1123 2569 1243 2597 τοιοῦτον
1261 2568 1320 2600 ἔθος
1339 2567 1386 2594 τοῦ
1398 2567 1545 2603 ἀγοράζειν
1559 2566 1676 2596 ἕκαστος
1693 2564 1767 2591 κατὰ
1779 2565 1832 2599 τὴν

1042 2617 1110 2643 ἰδίαν
1123 2615 1237 2650 δύναμιν
1260 2614 1380 2645 σκλάἦας
1403 2613 1451 2640 καὶ
1474 2612 1640 2648 «pot-amen:
1675 2610 1764 2642 αὐτας
1792 2610 1834 2640 εἰς

1040 2663 1103 2693 τοὺς
1111 2661 1187 2692 νέους
1198 2659 1368 2696 ἀνθρώπους,
1384 2658 1433 2685 καὶ
1444 2658 1485 2689 εἰς
1503 2656 1657 2691 Ἑϐραίους,
1670 2655 1718 2682 καὶ
1731 2654 1833 2690 μιγνυ-

1041 2707 1103 2734 σθαι
1121 2707 1178 2741 μετ’
1194 2706 1289 2738 αὐτὰς,
1303 2704 1374 2732 ὥστε
1389 2702 1553 2739 ὲγκυοῦσθαι
1568 2703 1615 2728 καὶ
1631 2701 1756 2728 ποιοῦσιν
1766 2708 1834 2726 παι-

1039 2753 1082 2779 δία
1090 2751 1227 2786 εὐμορφα,
1235 2750 1279 2778 ἵνα
1290 2751 1392 2786 φέρωσι
1401 2749 1484 2784 τιμὴν
1492 2747 1593 2783 πολλὴν
1599 2748 1639 2779 εἰς
1647 2747 1679 2773 τὸ
1690 2746 1831 2781 πωλῆσαι.

1040 2799 1098 2834 Μιᾷ
1112 2796 1159 2825 οὖν
1183 2797 1237 2824 τῶν
1253 2796 1366 2833 ἡμερῶν
1381 2795 1455 2829 λέγει
1476 2795 1491 2820 6
1515 2793 1690 2829 ’Δμπτονλᾶς
1709 2793 1723 2818 6
1740 2791 1835 2826 πατὴρ

1040 2844 1087 2871 τοῦ
1100 2844 1262 2878 Μουχάμετ,
1275 2842 1343 2877 πρὸς
1353 2841 1399 2868 τὸν
1412 2840 1519 2875 πατέρα
1531 2838 1627 2866 αὑτοῦ·
1652 2838 1754 2872 Πάτερ,
1764 2836 1836 2863 θέλω

1040 2890 1156 2925 γυναῖκα
1166 2898 1172 2904 ·
1186 2889 1232 2915 καὶ
1248 2885 1324 2915 εἶπεν
1337 2887 1411 2923 αὐτῷ
1425 2887 1439 2912 6
1453 2886 1543 2919 πιτὴρ
1570 2883 1666 2911 αὑτοῦ·
1693 2882 1833 2917 ’Δ-ιαθεμα
