1932 3067
159 199 170 231 1
181 199 227 231 ἱῖὅ

752 201 990 232 CONFUTATIO
1010 201 1194 232 AGARENI.

1716 199 1783 232 1426

157 263 199 287 σε,
214 254 320 287 τέκνον,
335 254 384 281 καὶ
396 254 426 280 σὲ
441 254 490 280 καὶ
499 253 550 290 τὴν
563 255 693 288 γυναῖκα,
707 255 741 290 ἢν
749 254 849 288 Θέλεις,
864 255 943 287 λάϐε,

998 259 1092 290 pater:
1108 254 1200 287 Pater,
1210 261 1321 282 uxorem
1335 254 1509 291 mihijnngas
1518 255 1590 283 volo.
1602 254 1784 292 indignabun-

156 300 205 327 καὶ
223 299 257 328 τὰ
270 299 364 333 τέκνα,
387 299 406 327 ἃ
431 299 540 335 μέλλεις
557 299 684 335 ποιῆσαι,
713 300 756 328 ὅτι
778 301 807 327 ὲν
828 302 862 337 τῇ
886 300 944 336 ζωῇ

157 350 205 372 σου
218 344 367 380 ἐγενόμεθα
380 344 450 378 ξένοι
466 345 499 372 ὲκ
512 345 563 381 τῆς
585 345 678 381 χώρας
700 345 791 381 ἡμῶν,
803 346 851 373 καὶ
865 347 895 373 ἑν
910 347 944 382 τῇ

156 391 276 426 ξενιτείᾳ
293 390 427 426 μέλλομεν
444 390 603 418 ἁποθανεῖν.
619 392 697 419 Μετὰ
714 391 812 429 καιρὸν
823 392 852 419 δὲ
862 392 945 420 πάλιν

155 437 255 472 ὃχλησε
276 437 322 464 τὸν
336 437 445 473 πατέρα
459 437 543 465 αὐτοῦ
564 437 653 473 λέγων
674 438 760 474 αὐτῷ,
787 439 864 466 Ἐλθέ
885 439 945 475 μετ’

155 482 223 518 ἐμοῦ
240 483 270 510 έν
287 484 321 518 τῇ
335 483 502 519 πανηγύρει,
515 483 562 511 καὶ
574 483 746 520 ἐξωνήσομεν
765 484 869 512 σκλάϐα
882 485 945 513 ὅσον

155 528 189 555 νᾶ
207 528 280 555 δόσει
300 529 315 556 6
339 528 406 560 Θεὸς
426 529 471 556 ἵνα
488 537 539 565 μου
571 529 646 557 δόσει
662 531 712 558 καὶ
735 532 863 565 γυναῖκα.
890 531 946 558 Καὶ

155 574 319 607 ἀπελθόντες
331 574 360 601 έν
373 575 406 611 τῇ
418 574 582 611 πανηγύρει,
600 576 649 603 καὶ
670 576 881 612 ψηλαφήσαντες
897 577 945 605 ἀπ’

155 621 240 654 ἀκρον
264 620 318 652 ἓως
344 621 440 657 ἀκρον,
466 617 547 656 εὗρεν
566 622 581 648 6
621 622 779 657 ’Δμπτολᾶς
809 622 944 655 σκλάϐαν,

155 666 202 693 καὶ
217 666 371 701 ἐξωνήσατο
384 667 482 702 αὑτήν.
493 667 548 694 Καὶ
564 667 640 702 λέγει
658 668 672 694 6
696 670 917 705 σωματοπράτης
931 670 945 697 ὁ

157 711 274 747 ράπτης,
294 711 337 739 ὅτι
356 711 403 739 Μὰ
428 712 475 739 τὸν
491 711 557 739 Θεὸν
576 712 624 739 τὸν
649 713 766 748 φοϐερὸν
789 713 871 740 πλέον
890 714 945 741 τῶν

155 757 260 785 δώδεκα
278 758 368 794 φόρων
381 758 489 794 ἐπράθη
507 759 524 794 ή
540 757 645 785 ηλάϐα
656 758 737 794 αὕτη.
749 758 804 786 Καὶ
818 758 946 792 λαϐόντες

156 803 260 839 ἤγαγον
274 804 360 839 αὐτὴν
382 805 423 836 εἰς
441 805 492 840 τὴν
512 804 603 832 οἰκίαν
618 805 773 841 χαίροντες.
796 805 852 832 Καὶ
876 806 946 840 μετά

157 849 255 886 μικρὸν
265 849 427 877 ἀπέστειλεν
439 851 525 886 αὐτὴν
538 850 647 885 βόσκειν
658 851 708 882 τὰς
720 851 862 887 καμήλους
875 851 946 878 κατὰ

156 895 206 930 τὴν
230 895 285 922 τῶν
316 895 460 931 Ἀῥράϐων
491 895 648 931 συνήθειαν,
684 895 886 931 ἐπιφερομένην
915 895 946 922 τδ

156 941 272 977 ὀψώνιον
282 942 368 976 αὐτῆς
376 943 406 968 ὲν
420 942 632 977 προσφωναρίῳ,
646 942 693 968 ἐπὶ
699 941 748 968 τοῦ
759 941 835 976 ὤμου
846 942 944 977 αὐτῆς,

157 988 205 1015 καὶ
220 988 268 1022 ἀφ’
292 987 412 1023 ἑσπέρας
435 988 565 1022 ἐγέμισεν
589 987 655 1014 αὐτὸ
672 987 806 1023 καμήλων
831 987 944 1022 κόπρον,

157 1033 255 1069 ἔφερεν
268 1033 297 1060 ὲν
311 1034 344 1068 τῇ
368 1032 442 1069 οἰκίᾳ
460 1033 507 1060 τοῦ
525 1033 622 1068 κυρίου
652 1033 750 1068 αὐτῆς.
779 1033 833 1060 Kal
846 1034 876 1060 έν
907 1031 947 1068 τῷ

156 1077 294 1105 δουλεύειν
308 1077 394 1113 αὐτὴν
408 1077 504 1109 οὕτως,
522 1078 560 1110 ὡς
575 1079 717 1114 προεῖπον,
740 1078 863 1114 ουνήφθη
876 1078 945 1114 αὐτῇ

155 1125 170 1150 6
195 1123 378 1159 ’Δμπτουλᾶς.
408 1124 465 1151 Καὶ
486 1123 585 1158 ἔγκυος
611 1124 668 1150 sit:
691 1123 721 1156 ἐξ
736 1124 831 1155 αὑτοῦ,
845 1123 902 1151 εἴτε
914 1125 947 1150 ὲκ

155 1169 212 1196 τῶν
224 1169 331 1204 βοσκῶν
344 1169 398 1196 τῶν
415 1170 476 1204 μετ’
487 1170 573 1204 αὐτῆς
589 1169 643 1196 τῶν
660 1170 690 1196 ὲν
700 1170 740 1205 τῷ
754 1170 814 1206 όρει
830 1169 880 1202 τὰς
893 1178 945 1197 κα-

158 1215 261 1250 μήλους
274 1215 437 1250 βοσκόντωψ
449 1215 553 1249 ἔφθασε
571 1215 624 1251 γὰρ
638 1216 653 1242 6
668 1216 765 1251 καιρὸς
784 1216 836 1251 τῆς
848 1216 947 1252 γεννήι-

157 1270 226 1293 σεως
239 1262 335 1297 αὐτῆς.
355 1262 410 1289 Καὶ
429 1263 500 1289 κατὰ
515 1262 566 1298 τὴν
586 1263 733 1298 συνήθειαν
756 1263 841 1297 αὐτῆς
863 1262 947 1289 ἀπελ-

157 1308 242 1335 θοῦσα
258 1309 287 1334 έν
300 1308 339 1343 τῷ
348 1308 406 1343 δρει
431 1308 538 1343 βόσκειν
564 1309 614 1341 τὰς
642 1309 784 1345 καμήλους
800 1308 947 1344 ἐγέννησεν

156 1355 246 1381 ἐκεῖσε
257 1354 303 1381 τὸν
317 1354 477 1390 Μουχάμετ.
495 1355 542 1382 καὶ
556 1355 678 1382 λαϐοῦσα
690 1356 719 1382 ὲν
728 1354 767 1390 τῷ
781 1362 946 1391 προσφωνα-

158 1399 210 1435 ρίῳ
226 1401 297 1427 κατὰ
325 1400 358 1427 τὸ
374 1400 492 1436 σύνηθες
520 1402 639 1436 ἑσπέρας
664 1402 714 1435 τὴν
738 1401 793 1428 τῶν
814 1402 946 1437 καμήλων

157 1446 271 1481 κόπρον,
294 1446 341 1473 καὶ
363 1447 468 1474 ἀνωθεν
496 1447 541 1474 τὸν
565 1448 729 1482 Μουχάμετ,
757 1445 839 1483 ἦλθεν
862 1448 892 1474 ὲν
912 1449 945 1483 τῇ

157 1491 230 1527 οἰκίᾳ
243 1491 290 1518 τοῦ
308 1492 404 1527 κυρίου
415 1492 511 1528 αὐτῆς.
530 1491 606 1520 Εἶδεν
622 1491 670 1520 οὖν
695 1493 742 1520 τὸν
767 1493 917 1528 Μουχάμετ
932 1493 946 1519 ὁ

158 1538 272 1569 πάππος
286 1538 379 1571 αὑτοῦ,
392 1539 441 1565 καὶ
458 1538 542 1573 λέγει·
571 1538 709 1574 ’Δνάθεμα
724 1538 772 1565 καὶ
801 1539 840 1574 τῷ
866 1539 945 1565 σπεί-

995 301 1047 329 dus
1061 300 1172 335 replicat
1183 305 1261 335 paler
1277 309 1284 328 :
1301 300 1452 328 Anathema
1473 301 1511 329 sis
1535 305 1573 334 ιιι,
1584 306 1612 329 et
1624 309 1783 337 uxorquam

997 346 1044 374 tibi
1064 346 1212 381 ropulabis,
1230 351 1258 374 et
1280 346 1358 374 liberi
1381 353 1449 381 quos
1475 354 1509 374 ex
1537 347 1581 374 illa
1611 347 1780 382 procreabis.

995 392 1064 426 Quia
1075 392 1103 419 in
1115 392 1169 419 vita
1182 396 1227 420 tua
1237 399 1286 420 nos
1295 399 1389 420 sumtts
1406 397 1534 421 extorres
1544 398 1572 421 et
1583 393 1672 428 patria
1686 398 1779 421 nostra

994 438 1113 473 profugi,
1130 443 1157 466 et
1167 438 1295 466 exsilium
1316 443 1441 466 nostrum
1464 439 1517 467 nisi
1531 446 1599 474 cum.
1609 439 1664 466 vita
1689 443 1782 466 nostra

996 491 1049 511 non
1067 483 1205 512 ﬁniemus.
1224 483 1290 511 Post
1322 483 1432 518 aliquod
1457 491 1522 512 vero
1546 484 1678 519 temporis
1699 484 1783 511 inter-

994 529 1106 562 vallum,
1117 529 1214 557 iterum
1236 529 1308 564 patri
1324 529 1470 557 molestum
1501 530 1638 566 negotium
1668 529 1783 558 facessi-

995 575 1034 603 vit
1053 573 1271 603 dieendo:Veni
1288 581 1392 602 mecum
1419 575 1453 602 ad
1479 574 1580 608 forum,
1604 579 1633 602 et
1661 581 1784 602 ememus

996 619 1129 654 captivam
1152 619 1260 654 qualem
1284 618 1356 646 Deus
1386 618 1465 647 nobis
1491 619 1688 654 suppeditabit,
1722 626 1784 654 quae

997 666 1061 693 mibi
1078 665 1214 693 connubio
1230 665 1413 700 copulabitur.
1430 665 1464 692 Et
1475 665 1590 700 profecti
1610 666 1645 693 ad
1681 665 1783 698 forum.

995 719 1090 739 omnes
1103 711 1152 739 l'ori
1170 711 1284 746 angulos
1306 711 1425 738 maxima
1450 718 1516 738 cura
1545 711 1778 746 pervestigarunt,

995 763 1022 785 et
1035 757 1140 785 invenit
1160 756 1303 791 Amptulas
1330 756 1465 792 captivam
1489 764 1570 792 quam
1596 757 1673 785 emit.
1700 756 1785 784 Sutor

997 810 1087 832 autem
1102 804 1147 838 qui
1162 811 1269 831 servam
1281 811 1330 831 seu
1351 804 1489 838 captivam
1513 803 1660 836 vendebat,
1676 803 1785 831 dicebat

995 854 1023 878 et
1042 850 1094 878 hoc
1108 849 1267 885 juramento
1281 857 1330 884 per
1347 849 1434 878 Deum
1447 851 1620 878 tremendum
1632 850 1780 878 confirma-

998 898 1054 929 bat,
1069 896 1141 931 quod
1154 896 1205 923 ista
1217 896 1323 930 captiva
1339 896 1398 931 plus
1411 903 1492 931 quam
1508 896 1654 924 duodecim
1671 897 1778 925 vicibus

997 943 1107 970 vendita
1121 942 1229 975 fuerat;
1245 935 1297 977 qua
1309 941 1343 969 de
1358 948 1387 969 re
1400 942 1492 970 laetitia
1506 942 1689 975 exsultantes.
1708 943 1785 970 illam

997 988 1106 1014 deruunt
1137 987 1318 1015 deduxerunt.
1342 986 1443 1022 Elapso
1458 994 1522 1015 vero
1549 988 1627 1023 pauci
1654 988 1786 1023 temporis

997 1034 1096 1068 spatio,
1115 1033 1187 1060 illam
1212 1033 1238 1061 in
1258 1041 1353 1068 agrum
1380 1034 1514 1061 miserunt
1541 1039 1570 1061 ut
1597 1034 1718 1062 camelos
1737 1041 1787 1069 pa-

998 1084 1088 1108 sceret
1100 1080 1249 1107 secumlum
1264 1086 1366 1106 morem
1377 1080 1421 1112 qui
1430 1079 1501 1114 apud
1514 1080 1619 1108 Arabas
1632 1079 1786 1112 obtinebat,

997 1130 1025 1153 et
1041 1125 1156 1160 singulis
1172 1124 1316 1152 matutinis
1340 1118 1520 1159 temporibus,
1534 1125 1625 1155 cibum
1657 1126 1786 1154 diurnum

997 1181 1051 1210 quo
1063 1174 1184 1201 aleretur
1201 1174 1321 1201 canistro
1335 1181 1429 1201 secum
1443 1172 1564 1201 humeris
1576 1173 1711 1208 gestabat,
1722 1172 1787 1201 sin—

997 1219 1067 1254 gulis
1082 1226 1147 1247 vero
1161 1219 1323 1254 vespertinis
1344 1219 1420 1246 horis
1437 1219 1508 1246 idem
1539 1217 1690 1246 canistrum
1717 1223 1787 1245 ster-

997 1271 1061 1291 core
1081 1263 1249 1292 camelorum
1275 1263 1384 1299 plenum
1409 1263 1520 1290 domum
1545 1262 1648 1290 domini
1679 1262 1722 1290 sui
1744 1269 1786 1291 re-

998 1309 1069 1337 l'erre
1080 1309 1194 1338 solebat.
1209 1309 1242 1337 Et
1250 1317 1324 1342 cum,
1340 1309 1377 1336 uti
1385 1309 1445 1344 'jam
1462 1309 1624 1341 memoravi,
1655 1309 1786 1340 serviret.

997 1363 1058 1382 cum
1077 1355 1123 1382 illa
1141 1362 1198 1382 rem
1212 1355 1307 1382 habuit
1326 1355 1478 1389 Amptulas.
1493 1354 1563 1382 Cum
1583 1361 1649 1389 ergo
1676 1358 1784 1381 uterum

998 1400 1084 1428 ferret
1097 1400 1156 1428 sive
1167 1399 1229 1434 quia
1244 1399 1387 1434 Atnptulas
1404 1400 1462 1428 sive
1475 1399 1546 1433 quod
1564 1399 1724 1426 armentarii
1740 1399 1786 1434 qui

997 1447 1024 1473 in
1039 1451 1130 1474 monte
1143 1446 1263 1474 camelos
1276 1446 1436 1481 pascebant.
1445 1453 1507 1473 cum
1526 1445 1571 1472 illa
1595 1449 1786 1476 consuessent.

998 1493 1107 1519 tandem
1120 1491 1244 1527 pervenit
1260 1492 1293 1519 ad
1310 1496 1417 1526 tempus
1431 1499 1485 1526 quo
1505 1495 1613 1519 uterum
1642 1491 1782 1526 deponere

996 1542 1024 1565 et
1037 1544 1134 1572 parere
1148 1537 1274 1564 debebat.
1289 1536 1362 1564 More
1383 1537 1466 1572 igitur
1496 1537 1576 1564 solito
1601 1537 1725 1573 profecta
1751 1537 1785 1563 ad

160 1591 250 1617 ραντι,
264 1583 313 1609 καὶ
332 1583 382 1618 τὴν
408 1583 557 1618 φέρουσαν,
573 1584 615 1610 ὅτι
636 1583 666 1617 ἐξ
693 1583 784 1615 αίτίας
801 1582 849 1610 τοῦ
869 1583 945 1610 σπεί-

998 1588 1115 1610 montem
1144 1587 1174 1609 ut
1205 1582 1242 1609 ibi
1270 1582 1389 1610 camelos
1413 1583 1509 1615 aleret,
1535 1583 1640 1617 peperit
1666 1582 1702 1610 ibi
1730 1581 1788 1609 Mu-

158 1637 255 1663 ραντος
267 1628 431 1665 ὲχαώθημεν
453 1629 507 1656 ἀπὸ
530 1629 580 1665 τὴν
603 1629 656 1665 γῆν
671 1628 788 1656 καὶτῶν
807 1628 946 1663 γυναικῶν

156 1675 247 1710 ἡμῶν.

1001 1629 1182 1660 haumuedem,
1205 1628 1310 1663 vesperi
1345 1635 1409 1655 vero
1452 1635 1607 1661 reversura,
1637 1628 1787 1656 secundum

1001 1674 1226 1702 consuetudinem
1238 1673 1388 1701 canistrum
1414 1678 1535 1701 stercore
1551 1674 1718 1701 camelorum
1736 1673 1788 1701 im-

158 1722 252 1756 plevit,
269 1721 449 1751 Mahometem
470 1731 536 1751 vero
547 1729 644 1751 recens
655 1727 750 1750 natum
774 1722 996 1758 superimposuit,
1027 1722 1121 1756 sicque
1150 1721 1185 1749 ad
1215 1721 1287 1749 aedes
1304 1721 1407 1749 domini
1426 1721 1467 1749 sui
1500 1721 1591 1750 rediit.
1608 1722 1683 1749 Avus
1695 1725 1788 1749 autem

158 1776 221 1795 cum
241 1768 345 1797 videret
379 1775 505 1804 nepotem
533 1770 748 1798 Muhammedem
782 1771 878 1799 dixit:
903 1771 1056 1799 Anathema
1081 1775 1110 1798 et
1147 1771 1218 1805 patri
1245 1774 1273 1797 et
1301 1769 1395 1801 matri,
1435 1776 1498 1797 nam
1524 1769 1603 1804 culpa
1629 1769 1715 1805 patris
1743 1777 1790 1798 su-

159 1823 219 1843 mus
233 1817 320 1851 patria
336 1817 404 1851 pulsi
416 1822 443 1845 et
458 1818 588 1846 uxoribus
606 1819 707 1846 orbati.

193 1862 268 1898 Αὕτη
282 1863 310 1889 δὲ
325 1863 397 1890 κατὰ
414 1863 464 1899 τὴν
482 1864 627 1898 συνήθειαν
644 1864 730 1900 αὐτῆς
743 1865 891 1900 ἐπορεύετο
908 1866 948 1898 είς

158 1909 188 1934 τὺ
200 1909 263 1944 ὅρος
279 1909 387 1943 βόσκειν
398 1910 449 1941 τὰς
463 1909 607 1945 καμήλους
623 1910 799 1945 βαστάζουσα
814 1911 860 1938 τὸν
873 1912 949 1938 Moo-

158 1956 258 1991 χάμετ,
272 1956 316 1983 ἵνα
325 1956 420 1984 τοῦτον
444 1956 560 1992 onum,
578 1956 626 1983 καὶ
639 1957 709 1992 μετὰ
732 1957 816 1992 τριῶν
844 1957 949 1992 χρόνων

159 2000 373 2036 συμπληρῶσαι,
389 2000 502 2036 ἐξῆλθεν
520 2003 534 2028 ὁ
557 2001 647 2037 πατὴρ
669 2001 718 2028 τοῦ
738 2001 888 2037 Μουχάμετ
908 2002 948 2034 είς

158 2046 297 2080 κυνήγιον.
323 2046 378 2073 Καὶ
405 2047 577 2082 έκυνήγησεν
601 2047 697 2083 ἄγριον
726 2047 872 2082 πρόϐατον,
901 2047 949 2073 καὶ

158 2089 306 2122 ἐπέζευσεν
322 2090 369 2117 τοῦ
386 2091 488 2124 σφάξαι
502 2091 578 2123 αὐτὸ,
596 2092 644 2118 καὶ
660 2091 828 2127 παρατυχὼν
854 2091 946 2118 ἐκεῖσε

157 2137 219 2171 ὄφις
229 2136 324 2163 ἔδακεν
339 2137 431 2169 αὑτὸν,
446 2137 493 2164 καὶ
511 2137 592 2169 εὐθὺς
606 2138 659 2164 ἀπὶ
671 2138 717 2164 τοῦ
740 2137 879 2172 δήγματος
895 2138 949 2164 ἀπο

157 2182 247 2208 έϋανε.
262 2183 339 2209 Μετὰ
354 2183 382 2210 δὲ
399 2183 431 2210 τὸ
448 2182 649 2218 συμπληρῶσαι
671 2183 781 2219 χρόνους
795 2183 815 2209 ε’
827 2183 948 2210 ἀπέθανε

158 2228 206 2254 καὶ
223 2228 237 2254 6
255 2229 368 2260 πάππος
391 2228 437 2256 τοῦ
466 2229 626 2264 Μουχὰμετ.
651 2230 706 2256 Καὶ
733 2229 910 2257 ἀναλαϐοῦσα
931 2230 948 2264 ἡ

1034 1864 1080 1892 Illa
1098 1872 1162 1892 vero
1176 1872 1251 1892 more
1261 1864 1342 1892 solito
1355 1863 1471 1898 singulis
1489 1863 1585 1891 diebus
1597 1863 1791 1898 proﬁcisceba-

999 1916 1043 1938 tur
1057 1912 1090 1938 ad
1104 1915 1222 1938 montem
1237 1916 1267 1938 ut
1281 1910 1402 1938 camelos
1419 1914 1556 1944 pasceret,
1571 1914 1598 1937 et
1610 1916 1704 1937 secum
1730 1910 1789 1938 Mu-

997 1957 1167 1984 hammedem
1183 1958 1308 1991 gestabat
1320 1961 1351 1984 ut
1360 1957 1434 1983 illum
1447 1955 1572 1983 iactaret.
1582 1955 1683 1984 Tribus
1696 1961 1787 1984 autem

999 2004 1112 2038 integris
1130 2004 1208 2030 annis
1224 2003 1335 2038 elapsis,
1356 2007 1435 2038 pater
1465 2003 1664 2031 Multammedis
1693 2003 1727 2030 ad
1742 2011 1790 2031 ve-

997 2049 1118 2076 nandum
1140 2048 1235 2080 exivit,
1258 2052 1287 2075 ct
1311 2055 1389 2076 ovem
1405 2047 1562 2076 silvestrem
1586 2048 1613 2075 in
1643 2048 1790 2076 venatione

998 2099 1105 2130 captam
1118 2095 1227 2122 domum
1253 2094 1385 2127 deduxit;
1405 2094 1452 2121 sed
1476 2101 1538 2121 cum
1567 2094 1600 2121 ad
1630 2094 1702 2122 illam
1730 2101 1789 2122 ma-

997 2141 1123 2169 ctandam
1139 2148 1169 2168 se
1182 2140 1338 2175 accingeret
1358 2146 1385 2168 et
1401 2140 1474 2167 illam
1489 2145 1662 2174 sequeretur,
1676 2146 1789 2174 serpens

998 2187 1073 2215 illum
1091 2186 1191 2214 invasit
1219 2190 1246 2213 et
1257 2193 1347 2212 morsu
1373 2185 1541 2219 impetiit,et
1571 2184 1664 2212 statim
1679 2192 1789 2213 morsus

999 2232 1111 2259 vulnere
1125 2231 1238 2259 interiit.
1259 2230 1365 2265 Elapsis
1383 2237 1447 2257 vero
1462 2230 1584 2265 quinque
1604 2230 1666 2257 aliis
1695 2230 1787 2262 annis,

159 2273 262 2300 σκλάϐα
270 2275 315 2301 τὸν
328 2276 445 2310 ὀρφανὸν
456 2276 549 2309 παῖδα,
564 2276 623 2311 ήτοι
635 2276 681 2302 τὸν
692 2276 854 2311 Μουχάμετ,
863 2273 946 2312 ἦλθεν

1001 2285 1067 2305 avus
1084 2278 1140 2312 ipse
1152 2276 1351 2304 Multammedis
1374 2276 1484 2303 tandem
1511 2274 1567 2302 fato
1595 2274 1708 2303 functus
1735 2281 1795 2303 est.

158 2320 199 2351 ιὶς
209 2319 293 2346 τόπον
308 2320 465 2355 σύγκαιρον,
481 2322 528 2348 καὶ
542 2319 621 2357 εὗρεν
639 2322 728 2348 ἐκεῖσε
740 2322 789 2348 τὸν
810 2322 945 2349 Ἀπουτα-

157 2365 227 2400 λέπη
243 2364 289 2392 τὸν
309 2364 490 2400 ἁνδράδελφον
509 2365 606 2400 αὐτῆς,
629 2365 676 2391 καὶ
700 2365 848 2400 συνέτυχεν
873 2364 947 2400 αὑτῷ

158 2410 224 2445 περὶ
239 2410 347 2437 πάντων
366 2410 419 2436 τῶν
444 2410 660 2445 συμϐεϐηκότων
686 2410 767 2445 αὐτῇ.
792 2410 849 2437 Καὶ
871 2409 947 2442 λέγει

157 2456 249 2491 αὐτῇὁ
264 2455 477 2491 ’Δπουταλέπης-
493 2456 564 2490 Ἐγὼ
577 2457 611 2483 να
625 2456 770 2492 ἀναθρέψω
776 2456 821 2482 τὸν
837 2455 947 2490 ἀνεψιόν

160 2511 222 2534 μου,
236 2502 282 2529 τὸν
296 2502 426 2537 Μωαμὲδ,
441 2503 534 2529 καὶσὺ
551 2502 660 2529 δούλευε
679 2503 729 2537 ἐμὲ
746 2504 786 2533 εἰς
804 2502 835 2528 τὸ
864 2501 948 2537 σπῆτί

159 2557 221 2583 μου,
240 2548 287 2574 καὶ
300 2548 411 2582 ἐποίησε
425 2548 494 2582 μετὰ
507 2548 555 2581 τῆς
573 2547 677 2582 μητρὸς
692 2546 777 2574 αὑτοῦ
793 2546 912 2582 χρόνους
931 2549 947 2572 ι’

158 2595 206 2621 καὶ
217 2594 382 2628 ἀνετρέφετο
400 2591 490 2626 οὗτος.
514 2594 569 2620 Καὶ
598 2593 691 2619 ἔκτοτε
707 2593 826 2619 ἀπέθανε
856 2592 904 2619 καὶ
929 2593 945 2626 ἡ

158 2641 252 2676 μήτηρ
277 2639 370 2672 αὐτοῦ,
392 2641 438 2666 καὶ
459 2640 624 2675 ἀνετρέφετο
654 2639 708 2666 ὑπὸ
736 2639 783 2666 τοῦ
801 2639 873 2665 θείου
900 2638 947 2665 τοῦ

163 2685 365 2721 Ἀπουταλὲπη,
393 2686 440 2713 καὶ
461 2686 613 2713 ἐκδέδωκεν
646 2685 730 2712 αὑτὸν
756 2685 826 2720 μετὰ
842 2685 947 2720 βοσκῶν

157 2732 204 2760 τοῦ
221 2732 329 2766 βόσκειν
346 2733 428 2759 αὑτὸν
443 2732 567 2767 πρόϐατα
590 2732 636 2759 καὶ
658 2731 799 2768 καμήλους
818 2732 866 2758 ἐπὶ
881 2732 947 2768 χρόμ

157 2787 219 2809 νους
234 2778 249 2804 ι’
267 2780 314 2805 καὶ
329 2779 422 2806 ἔκτοτε
447 2778 548 2814 ὥρισεν
564 2779 582 2814 ἡ
600 2779 683 2816 κυρία
703 2779 796 2811 αὑτὸν,
813 2780 857 2806 ἵνα
871 2778 948 2811 ταξι-

158 2823 231 2850 δεύει
244 2825 298 2851 ἀπὸ
319 2824 409 2860 χώρας
425 2825 465 2856 εἰς
489 2824 582 2860 χώραν
604 2825 739 2860 μισθωτὸς
766 2826 835 2860 μετὰ
855 2827 947 2860 καμή-

159 2870 203 2895 λια
214 2870 309 2905 αὐτῆς,
331 2871 384 2897 Καὶ
406 2873 438 2898 τὰ
467 2871 594 2898 ἐντεῦθεν
622 2871 707 2907 κέρδη
723 2872 894 2907 προσέφερεν
911 2874 944 2908 τῇ

160 2917 243 2953 κυρίᾳ
259 2917 351 2950 αὑτοῦ,
370 2919 416 2945 καὶ
435 2919 584 2954 πεποίηκεν
604 2919 690 2950 οὕτως
708 2919 821 2956 χρόνους
839 2916 870 2946 ε’ῗ
905 2921 948 2947 Ἑν

998 2323 1144 2357 Abripieus
1169 2330 1233 2350 vero
1267 2329 1346 2349 serva
1377 2321 1595 2348 Muhammedem
1623 2321 1788 2357 orpltanum.

999 2369 1105 2397 abiitet
1117 2368 1242 2404 pervenit
1258 2368 1284 2395 in
1310 2367 1399 2394 locum
1422 2366 1568 2401 quemdam
1592 2367 1710 2395 amicum
1744 2367 1792 2395 ubi

999 2414 1111 2442 offendit
1124 2414 1305 2450 Abutalepum
1326 2414 1438 2441 fratrem
1457 2413 1548 2441 mariti
1575 2414 1616 2441 sui
1644 2418 1671 2441 et
1697 2414 1789 2441 omnia

1000 2461 1036 2488 illi
1055 2461 1178 2488 narravit
1193 2468 1253 2494 qua:
1267 2460 1318 2496 ipsi
1333 2460 1516 2495 contigerant.
1532 2459 1669 2495 Abutalep
1697 2464 1788 2488 autem

1000 2508 1160 2542 regerebat:
1174 2507 1230 2542 Ego
1244 2507 1345 2534 victum
1360 2507 1540 2542 suppeditabo
1553 2505 1626 2533 aliini
1644 2513 1706 2534 meo
1730 2505 1788 2533 Mu-

1000 2554 1150 2586 ltammcdi,
1168 2558 1196 2580 tu
1216 2561 1280 2580 vero
1297 2553 1402 2581 servias
1416 2555 1487 2588 apud
1501 2560 1544 2580 me
1559 2553 1584 2580 in
1603 2553 1669 2587 ipsis
1687 2552 1791 2580 aedibus

1001 2601 1078 2628 meis.
1095 2599 1129 2628 Et
1151 2600 1240 2635 spatio
1269 2607 1400 2626 annorum
1424 2600 1528 2632 decem,
1541 2607 1602 2626 cum
1625 2603 1711 2625 matre
1740 2606 1789 2625 sua

1000 2648 1070 2681 apud
1085 2646 1158 2673 illum
1176 2645 1288 2678 mansit,
1305 2650 1332 2673 et
1345 2645 1380 2672 ibi
1407 2645 1490 2672 vitam
1516 2652 1593 2673 suam
1612 2644 1787 2671 sustentavit.

1001 2693 1052 2720 Sed
1062 2697 1153 2724 postea
1168 2692 1225 2727 ipsa
1242 2697 1328 2719 muter
1341 2692 1520 2724 moriebatur,
1536 2697 1563 2718 et
1573 2691 1647 2718 soltts
1663 2690 1787 2717 alebatur

999 2740 1069 2775 apud
1084 2739 1245 2766 avunculum
1262 2738 1451 2773 Abutalepum.
1469 2739 1518 2765 hac
1530 2737 1568 2764 illi
1582 2736 1708 2772 imposita
1722 2744 1787 2765 cura

1000 2791 1030 2814 ut
1054 2795 1114 2814 cum
1144 2785 1204 2813 aliis
1228 2785 1382 2820 pastoribus
1397 2792 1463 2812 oves
1491 2788 1519 2810 et
1538 2782 1658 2811 camelos
1684 2788 1790 2818 regeret

1000 2837 1026 2859 et
1038 2834 1172 2867 pasceret.
1187 2830 1266 2864 Quod
1291 2837 1352 2858 cum
1367 2837 1415 2865 per
1428 2830 1520 2856 decem
1539 2835 1626 2855 annos
1646 2826 1792 2863 przestitis:

1001 2881 1053 2908 set,
1071 2875 1142 2904 illius
1157 2875 1265 2903 domina
1287 2874 1357 2910 apud
1373 2882 1402 2902 se
1419 2873 1562 2902 constituit
1579 2873 1655 2901 illum
1684 2874 1717 2901 de
1744 2880 1789 2900 re-

1001 2922 1080 2956 gione
1095 2922 1120 2949 in
1137 2921 1275 2955 regionem
1289 2921 1398 2948 mittere
1413 2928 1472 2947 cum
1489 2920 1612 2953 camelis,
1626 2924 1655 2946 ut
1674 2927 1716 2947 res
1727 2926 1796 2946 sunl-
