1932 3067
150 197 219 230 1429

745 200 980 230 CONFUTATIO
1001 201 1180 232 AGARENI.

1712 208 1779 240 H3")

151 259 271 292 ὲκαστην
289 255 360 291 μετὰ
371 255 419 282 τοῦ
445 255 568 290 Παχυρᾶ.
597 255 675 282 Καὶό
700 257 817 292 μοναχδς
842 257 886 283 διὰ
909 257 937 284 τδ

992 258 1100 290 triginta
1116 258 1218 285 dierum
1230 263 1253 284 et
1267 263 1398 292 noctium,
1414 260 1475 289 volo
1486 260 1598 297 jejunus
1618 264 1710 293 vivere
1722 271 1749 294 et
1763 275 1777 292 ιι

152 303 284 338 βαπτισαι
305 301 398 333 αὐτὸν,
416 301 575 336 ἀνέτρεφεν.
596 300 731 337 Ἑσπέρας
744 301 773 328 δὲ
787 302 940 337 γενομένης

151 350 252 384 ἧρχετο
265 346 474 382 κορεννὺμενος,
489 347 538 373 καὶ
554 347 604 373 οὐκ
620 347 748 373 ἐδείπνει.
766 347 879 380 Ἔλεγεν
893 346 939 374 οὖν

151 394 220 431 πρὸς
233 393 317 420 αὐτὸν
329 393 344 419 6
372 392 577 427 Ἀπουταλέπης
594 393 608 420 6
631 392 702 424 θεῖος
727 400 787 419 του·
801 393 876 419 θέλω
896 392 940 419 ἶνα

154 447 199 474 μοι
215 438 335 470 sistunt;
357 438 447 465 πᾶσάν
467 446 515 465 σου
539 437 588 472 τὴν
606 436 748 464 ὑπόθεσιν.
763 437 860 464 Βλέπω
884 438 939 472 γὰρ

151 484 202 510 οὐκ
217 482 318 513 ἐσθίεις
332 481 449 513 οὐδόλως
462 490 489 508 τι
504 490 511 497 '
530 481 598 509 ἀλλὰ
611 481 658 508 καὶ
672 483 702 509 ὲν
717 483 774 514 τοῖς
786 482 863 517 ὄρεσι
879 482 940 508 καθ’

153 528 273 564 ἑκάστην
283 529 456 563 περιπατεῖς,
468 528 516 554 καὶ
525 528 555 554 τὸ
567 527 688 563 ἑσπέρας
700 528 857 560 κατάκοπος
866 528 941 564 ἔρχε-

152 579 208 600 cat.
230 573 404 607 ’Δνάγγειλον
431 572 478 600 οὖν
508 573 585 608 ἡμῖν,
612 573 626 600 ὅ
648 581 673 600 τι
690 574 937 609 χρηματιζόμενος.

150 620 233 654 Λέγει
243 619 318 654 αὐτῷ
329 619 343 645 6
356 619 516 654 Μουχάμετ·
525 619 589 645 Ἐὰν
604 619 682 654 θέλῃς
697 619 814 652 ἐξειπεῖν
827 628 871 654 με,
888 618 940 646 σώ-

153 673 251 701 ρευσον
275 665 372 701 πρῶτα
395 665 441 692 τὸν
468 665 532 692 λαὸν
547 664 594 691 τοῦ
611 665 705 697 Μακᾶ,
720 666 767 692 καὶ
794 666 939 701 ἐρχόμενος

150 710 247 746 αὔριον
262 711 316 737 ἀπὺ
338 710 384 737 τοῦ
399 710 481 745 ὅρους
496 711 566 737 εἴπω
591 720 632 738 σοι
658 711 749 738 πάντα
770 710 939 738 κατενώπιον

150 756 251 783 αὐτῶν.
266 752 348 783 Οὔτοι
360 756 388 783 δὲ
403 757 453 783 οὐκ
474 757 599 792 ἐνόησαν,
614 757 654 784 ὅτι
677 758 710 784 ὲκ
726 756 773 784 τοῦ
785 757 939 793 καλογήρου

150 802 306 829 διδάσκεται
321 803 368 828 καὶ
381 802 524 838 τρέφεται,
538 802 606 829 ἀλλὰ
619 803 680 830 οὐδὲ
693 803 708 828 ὁ
739 803 857 838 μοναχδς
869 803 940 829 ὲτόλ-

991 303 1059 329 cibis
1076 310 1187 337 prorsus
1214 305 1363 338 abstinere,
1379 311 1408 333 ut
1432 308 1520 335 tenuis
1543 313 1570 336 et
1593 309 1702 338 subtilis
1712 318 1777 338 eva-

990 349 1050 375 dant
1066 349 1152 376 instar
1163 350 1262 384 angeli.
1279 356 1305 378 et
1316 359 1377 379 cum
1393 353 1425 379 ad
1455 360 1498 380 me
1523 355 1635 383 accedet
1654 357 1777 391 angelus,

990 395 1030 422 sic
1042 401 1135 428 potero
1153 395 1259 423 facilius
1275 405 1336 424 cum
1361 396 1407 425 illo
1423 405 1564 427 sermones
1588 404 1616 427 et
1643 402 1776 436 colldquia

991 440 1116 468 miscere.
1132 440 1176 468 ille
1195 449 1258 469 vero
1273 442 1341 470 clam
1358 449 1385 470 et
1403 445 1532 478 privatim
1548 446 1662 480 singulis
1683 447 1777 475 diebus

990 486 1113 513 alebatur
1128 487 1197 521 apud
1224 487 1385 516 Pachuram.
1402 488 1435 516 Et
1456 490 1604 518 monachus
1620 491 1671 519 iste
1701 497 1729 518 ttt
1744 492 1775 520 il-

990 531 1046 558 lum
1058 531 1165 558 tandem
1182 532 1214 559 ad
1228 532 1391 567 baptismum
1408 535 1581 567 perduceret,
1609 536 1646 563 illi
1674 537 1775 563 victum

990 578 1190 613 suppeditabat.
1207 578 1320 613 Vesperi
1333 587 1397 607 vero
1415 578 1521 607 redibat
1540 580 1610 608 bene
1628 585 1722 615 pastus
1749 587 1776 608 et

990 628 1084 652 ventre
1100 624 1204 659 plenus,
1221 630 1249 652 et
1264 629 1328 653 tunc
1342 632 1372 653 se
1385 625 1458 653 nolle
1478 632 1591 653 ctenare
1618 625 1774 653 simulabat.

989 669 1029 696 Ad
1041 669 1116 697 illum
1125 677 1188 697 vero
1197 669 1236 697 sic
1248 671 1357 698 tandem
1369 671 1429 699 inﬁt
1441 671 1592 699 avunculus
1603 671 1675 700 illius
1691 672 1776 700 Abou-

991 714 1163 750 tnlipa:Ego
1189 715 1250 743 volo
1275 720 1303 742 ut
1329 716 1394 744 mihi
1421 717 1559 752 significes
1589 721 1671 744 totam
1695 718 1775 745 istam

991 765 1063 788 tuam
1072 761 1167 796 agendi
1180 761 1322 789 rationem.
1346 761 1431 790 Video
1447 763 1520 790 enim
1538 767 1565 791 te
1589 763 1703 799 singulis
1718 764 1776 791 die-

990 807 1040 834 bus
1056 807 1089 834 ad
1108 811 1213 834 montes
1227 807 1379 839 discedere,
1393 812 1419 835 te
1435 809 1541 843 vesperi
1565 809 1655 836 redire
1682 809 1775 836 labore

153 856 223 882 μησε
240 849 310 884 πρός
321 857 383 874 τινα
396 848 451 874 τῶν
472 848 616 884 Ἀρῤάεων
631 848 759 882 ἐξειπεῖν,
781 849 822 875 ὅτι
842 848 937 884 σχολά-

990 851 1140 879 confectum
1152 857 1179 879 et
1191 852 1364 885 exhaustum,
1381 858 1408 880 et
1421 858 1510 881 tamen
1526 859 1552 881 Ie
1576 853 1644 880 nihil
1662 861 1775 888 prorsus

149 893 192 925 ζει
203 894 270 928 παρ’
283 893 368 921 αὑτοῦ
383 894 397 920 6
407 894 570 929 Μουχάμετ,
586 894 631 920 ἵνα
646 895 693 921 καὶ
711 894 830 930 βαπτισῃ
844 895 937 926 αὐτὸν,

990 901 1100 931 gustare
1113 899 1140 923 et
1150 895 1242 924 edere.
1266 896 1377 923 Declara
1399 903 1466 932 ergo
1496 897 1574 924 nobis
1593 904 1646 932 quo
1662 896 1773 924 oraculo

149 940 197 966 καὶ
211 939 313 976 διδάξῃ,
326 941 373 967 καὶ
386 940 504 976 διαφύγῃ
520 940 575 967 ἀπὸ
589 941 644 968 τῶν
663 941 804 977 Ἀρράὃων
819 942 866 968 τὸν
880 941 937 968 κιν-

989 947 1013 970 et
1023 942 1186 970 commercio
1196 942 1248 969 hoc
1261 941 1356 970 facias.
1371 942 1411 969 Ad
1425 942 1478 970 ista
1494 942 1636 977 regerebat
1647 941 1669 968 lli
1674 942 1755 969 ubam
1765 956 1775 961 -

148 985 235 1012 δυνον.
588 994 590 996 ·
994 986 1055 1014 med
1070 995 1077 1014 ε
1096 986 1123 1014 Si
1136 987 1204 1014 velis
1220 993 1264 1015 me
1276 987 1347 1015 istud
1362 987 1490 1022 quidquid
1506 992 1548 1015 est
1567 988 1676 1022 negotii,
1694 995 1776 1015 enar-

151 1038 222 1062 rare.
237 1038 373 1066 eongrega
388 1031 476 1066 primo
488 1031 615 1066 populum
629 1037 658 1059 et
669 1032 771 1060 incolas
783 1032 890 1066 Μοῦσαι,
922 1037 950 1059 et
969 1033 1090 1068 sequenti
1103 1032 1158 1071 die,
1174 1039 1206 1059 ex
1236 1033 1373 1060 montibus
1388 1033 1506 1065 rediens,
1540 1040 1589 1069 ego
1616 1034 1706 1060 omnia
1726 1034 1773 1061 de-

149 1077 259 1104 clarabo
273 1077 298 1103 in
313 1080 458 1111 conspectu
467 1077 600 1112 omnium,
616 1082 642 1105 et
655 1083 747 1106 stante
770 1079 862 1113 populi
893 1085 1039 1106 numerosa
1071 1086 1183 1106 corona.
1201 1079 1238 1106 Illi
1270 1087 1336 1107 vero
1370 1079 1531 1114 ignorabant
1553 1080 1625 1114 quod
1649 1087 1663 1106 a
1694 1080 1776 1107 Calo-

92 1139 95 1141 -
148 1129 213 1157 gero
229 1130 277 1149 seu
296 1122 430 1149 monacho
446 1122 603 1156 docebatur,
616 1128 645 1150 et
658 1124 794 1157 alebatur,
807 1131 857 1152 nec
869 1125 1018 1152 monachus
1028 1124 1162 1152 Arabibus
1173 1124 1290 1152 audebat
1301 1125 1422 1152 revelare
1435 1126 1507 1159 quod
1522 1124 1693 1152 Multatnmed
1704 1125 1774 1159 apud

147 1175 178 1194 se
194 1167 309 1194 hzererct
334 1171 361 1194 et.
376 1171 539 1199 moraretur,
551 1172 581 1195 ut
597 1174 785 1201 exerceretur.
811 1169 968 1201 doceretur,
986 1169 1124 1204 baptismo
1155 1169 1319 1205 tingeretur.
1339 1173 1367 1197 et
1405 1171 1458 1197 isto
1490 1169 1599 1198 silentio
1622 1169 1770 1205 periculum

148 1213 182 1239 ab
206 1213 340 1240 Arabibus
365 1218 441 1239 certo
463 1213 665 1246 intetttandum,
681 1221 711 1241 se
733 1214 933 1242 declinaturum
954 1215 1090 1250 sperabat.

189 1258 218 1284 '0
232 1258 261 1284 δὲ
290 1258 495 1294 Ἀπουταλὲπης
513 1259 553 1291 εἰς
575 1259 623 1286 τὸν
637 1260 722 1287 Mani
745 1261 877 1297 σωρεύων
890 1261 936 1288 τὸν

147 1303 222 1336 λαδν,
236 1303 282 1330 καὶ
292 1303 381 1337 λέγων
392 1305 432 1336 εις
448 1305 511 1336 τοὺς
527 1305 705 1340 προεστῶτας
714 1306 769 1334 τῶν
793 1307 937 1342 ’Ᾱρῤάόων

149 1349 225 1380 υἱῶν,
234 1349 275 1375 ὅτι
286 1347 333 1380 Εἷς
345 1348 375 1380 ἐξ
386 1349 464 1384 ἡμῶν
474 1350 561 1386 ἐφάνη
575 1351 719 1386 προφήτης
733 1351 780 1378 τοῦ
786 1360 852 1386 νομα
861 1352 936 1378 Μου-

148 1395 237 1429 χάμετ
263 1395 414 1430 νηστεύσας
433 1395 541 1431 ἡμέρας
552 1397 711 1431 τριάκοντα,
735 1397 783 1424 καὶ
799 1397 875 1424 δεῦτε
889 1397 937 1424 τοῦ

151 1440 213 1466 ἰδεῖν
226 1440 317 1468 αὐτόν.
338 1441 394 1468 Kal.
416 1441 584 1474 ἀκούσαντες
602 1442 691 1475 αὐτοὶ,
714 1444 757 1470 ὅτι
773 1444 865 1478 χοῖκὺς
890 1444 937 1471 ἄν·

149 1486 257 1520 θρωπος
273 1485 424 1521 νηστεύσας
441 1487 547 1522 ἡμέρας
562 1487 593 1520 λ’,
616 1489 663 1515 καὶ
688 1488 738 1515 οὐκ
757 1488 935 1524 ἀποθνήσκει,

150 1530 277 1564 μεγάλως
290 1531 420 1563 ἐδόξασαν
433 1531 480 1559 τὸν
503 1531 579 1564 Θεὸν,
594 1533 643 1559 καὶ
659 1533 780 1568 ἠκούσθη
806 1534 886 1560 τοῦτο
896 1535 937 1565 εις

1023 1260 1100 1288 Tunc
1111 1268 1176 1296 ergo
1195 1261 1358 1297 Abntelepes
1373 1261 1492 1289 Meccam
1508 1268 1537 1290 se
1551 1262 1675 1293 contulit,
1690 1269 1775 1297 popu-

988 1307 1042 1333 lum
1055 1307 1241 1342 congregavit.
1264 1308 1356 1342 sicque
1371 1307 1461 1342 populi
1492 1313 1632 1342 mag-tates
1655 1312 1682 1334 et
1698 1307 1774 1334 uobi-

988 1350 1069 1378 liores
1101 1355 1142 1378 est
1170 1351 1334 1378 allocutus:
1363 1350 1441 1379 Unus
1467 1352 1537 1379 inter
1563 1359 1612 1379 nos
1641 1352 1771 1386 propheta

987 1400 1154 1429 exortusest,
1162 1396 1334 1424 Multammed
1343 1397 1535 1431 nimirum,qui
1546 1397 1655 1432 triginta
1668 1397 1772 1425 dierum

985 1442 1116 1477 jejunium
1128 1442 1208 1470 facile
1222 1449 1311 1478 potest
1321 1443 1454 1476 tolerare;
1468 1443 1560 1470 venite
1573 1451 1648 1478 ergo,
1666 1447 1695 1470 ut
1711 1447 1773 1471 tan-

991 1492 1045 1514 tum
1058 1487 1210 1522 prodigium
1227 1487 1324 1514 intueri
1337 1492 1364 1515 et
1378 1488 1472 1515 videre
1486 1488 1605 1522 possitis.
1626 1488 1774 1516 Audientes

990 1540 1053 1561 vero
1069 1532 1109 1560 illi
1127 1534 1199 1568 quod
1222 1533 1303 1560 homo
1315 1537 1440 1561 terrenus
1452 1533 1558 1568 jejunio
1589 1534 1699 1567 triginta
1717 1534 1775 1561 die-

149 1577 240 1603 πᾶσαν
255 1576 303 1611 τὴν
329 1578 381 1612 γῆν
412 1577 571 1613 ⁷Αῤῥα6ἰας.
592 1578 648 1605 Καὶ
664 1579 842 1614 συναχθέντες
855 1577 937 1615 ἦλθον

991 1585 1049 1604 tum
1074 1585 1128 1605 non
1141 1582 1313 1610 enecaretur,
1326 1578 1454 1604 maximis
1473 1578 1600 1605 laudibus
1618 1578 1701 1605 Deum
1729 1585 1773 1607 ce.-

151 1622 220 1657 μετὰ
236 1622 282 1649 τοῦ
303 1622 507 1658 ’Δπουταλέπη,
522 1623 569 1651 καὶ
585 1623 661 1658 λέγει
679 1625 781 1656 αὐτοῖς’
799 1625 937 1652 Καθίσατε

149 1665 211 1700 ὦδε,
234 1667 276 1694 ὅτι
292 1668 411 1703 ἑσπέρας
430 1669 522 1703 μέλλει
541 1669 640 1696 ἐλθεῖν.
660 1670 800 1701 Ἐλθόντος
818 1668 864 1697 οὗν
889 1670 937 1697 τοῦ

150 1714 310 1747 Μουχάμετ,
325 1715 533 1750 συναγείρονται
549 1716 648 1747 πάντες
660 1717 700 1747 εἰς
712 1717 874 1751 συνάντησιν
890 1717 938 1744 αὺ-

150 1759 209 1790 τοῦ,
228 1759 276 1785 καὶ
288 1759 400 1795 ἐϐόησεν
415 1762 429 1787 6
444 1761 602 1796 ἁναῦρέψας
623 1762 704 1788 αὑτὸν
720 1762 936 1797 ’Δπουταλέπης,

154 1803 254 1834 Καλῶς
268 1801 351 1838 ἦλθεν
365 1805 380 1830 6
390 1805 503 1839 φωστὴρ
515 1805 567 1839 τῆς
581 1806 738 1841 Ἀρῤασίας,
754 1808 768 1833 ὀ
784 1807 938 1842 νηστεύσας

151 1849 298 1883 τριάκοντα
308 1848 477 1884 νυχθήμερα.
492 1850 547 1876 Καὶ
558 1850 726 1882 ἀκούσαντες
737 1852 762 1878 oi
775 1852 847 1887 ὄχλοι
861 1852 937 1887 ἔφρι-

150 1894 208 1926 ξαν,
219 1897 266 1921 καὶ
274 1894 438 1928 ὲτρόμαξαν.
452 1895 534 1928 Λέγει
545 1896 559 1921 ὁ
570 1896 730 1930 Μουχάμετ,
742 1897 870 1928 Ἀκουσε,
881 1898 936 1924 Θεῖε

155 1940 355 1975 ’Λπουταλέπη,
368 1941 414 1966 καὶ
430 1940 567 1976 ἀνάτροφε
578 1949 640 1975 μου,
653 1942 723 1976 μετὰ
738 1942 784 1968 τοῦ
795 1942 860 1968 λαοῦ
877 1952 936 1974 σου,

148 1986 189 2012 ὅτι
201 1986 265 2012 ὅταν
280 1983 351 2020 ἦλθα
367 1986 408 2017 si;
423 1985 472 2021 τὴν
483 1986 637 2020 Δαμασκὸν,
654 1986 705 2022 τὴν
731 1987 875 2022 ὑστερινὴν
893 1997 937 2021 φο·

150 2032 212 2066 ρὰν,
228 2031 276 2057 καὶ
292 2030 379 2066 ἐχασα
387 2031 418 2057 τὸ
434 2031 548 2066 καμῆλι,
558 2032 606 2058 καὶ
622 2031 725 2068 ἕδειρὲς
737 2041 782 2067 με,
794 2033 842 2059 καὶ
858 2033 935 2059 ἐδίω-

149 2077 194 2109 ξές
213 2084 247 2111 με
261 2077 315 2102 ἀπὸ
326 2075 374 2102 τοῦ
388 2076 463 2103 οἴκου
475 2085 533 2104 σου.
547 2077 603 2102 Καὶ
616 2077 671 2104 ἀπὸ
687 2077 775 2113 λύπης
789 2087 840 2113 μου
854 2077 936 2114 ἦλθον

149 2124 188 2154 εἰς
204 2123 235 2149 τὺ
257 2122 400 2149 Βασιλικὺν
424 2123 537 2158 πηγάδι,
566 2125 613 2150 καὶ
644 2123 742 2150 ἔπεσον
768 2124 868 2156 ἐκεῖσε,
888 2126 936 2150 καὶ

148 2169 351 2205 ἀπεκοιμήοην.
362 2169 409 2196 καὶ
424 2168 493 2196 εἶδον
508 2169 585 2205 ὄναρ,
611 2170 652 2197 ὅτι
664 2170 678 2196 6
696 2170 772 2205 ἥλιος
788 2170 873 2196 κλίνει
888 2171 935 2197 καὶ

149 2216 299 2250 προσκυνεῖ
312 2224 357 2251 με.
372 2216 428 2242 Καὶ
443 2215 492 2242 ἐπὶ
507 2215 557 2251 τὴν
570 2215 665 2250 αὔριον
676 2215 822 2251 ἐγείρομαι
837 2216 935 2250 φοϐού-

989 1623 1139 1655 lebrarunt,
1153 1628 1180 1651 et
1194 1623 1287 1651 statim
1304 1623 1426 1651 miraculi
1445 1631 1539 1651 rumor
1554 1628 1581 1651 et
1611 1623 1682 1651 fama
1712 1631 1774 1658 per—

989 1669 1059 1696 vasit
1080 1673 1164 1696 lotam
1194 1669 1332 1696 Arabium.
1359 1669 1520 1704 Congregati
1547 1676 1613 1704 ergo
1640 1674 1774 1696 venerunt

989 1721 1049 1740 cum
1065 1713 1220 1747 Abutalipa,
1237 1713 1281 1747 qui
1294 1714 1327 1740 ad
1342 1713 1403 1740 illos
1417 1713 1504 1740 dixit:
1519 1705 1617 1740 Sedete
1633 1712 1690 1744 hic,
1710 1720 1774 1739 nam

988 1759 1061 1786 circa
1074 1766 1215 1793 vesperam
1227 1764 1359 1786 vettturus
1386 1763 1427 1785 est
1460 1759 1604 1793 propheta.
1620 1759 1775 1786 Accetlente

987 1811 1053 1838 ergo
1068 1804 1271 1837 Muhammcde,
1287 1809 1466 1832 surrexerunt
1481 1811 1587 1836 omnes.
1599 1809 1626 1831 et
1652 1804 1678 1831 in
1701 1803 1774 1831 illius

988 1856 1133 1876 occursum
1149 1854 1276 1882 ruerunt,
1297 1849 1396 1877 boante
1420 1854 1447 1876 et
1466 1849 1601 1876 clamante
1619 1849 1772 1884 Abutalipe,

988 1894 1187 1922 Multammedis
1203 1899 1320 1930 patrono
1330 1898 1358 1922 el.
1371 1895 1477 1922 altore:
1498 1894 1682 1923 Gratissimus
1693 1895 1774 1922 adve-

988 1941 1028 1967 nit
1045 1940 1085 1967 sol
1097 1940 1213 1972 Arabixe,
1226 1939 1303 1974 cujus
1310 1941 1386 1968 vires
1404 1941 1514 1975 triginta
1527 1940 1773 1975 dierumjejunium

989 1993 1041 2012 non
1059 1991 1147 2020 potest
1161 1986 1317 2013 exhaurire.
1329 1986 1435 2019 Quibus
1452 1987 1564 2020 auditis,
1578 1986 1665 2013 turba:
1681 1986 1772 2013 statim

988 2031 1101 2058 horrore
1115 2035 1143 2058 et
1160 2035 1278 2059 tremore
1293 2031 1520 2065 corripiebantur.
1546 2031 1584 2059 Os
1614 2039 1678 2059 vero
1695 2039 1772 2059 suum

987 2077 1013 2104 in
1025 2077 1081 2104 haec
1088 2076 1169 2104 verba
1176 2076 1255 2104 solvit
1262 2076 1432 2104 Multammed
1442 2086 1449 2105 :
1460 2076 1680 2112 Audi,‘Abutalep
1688 2084 1773 2104 avun-

987 2123 1056 2155 culo,
1078 2127 1104 2149 tu
1123 2123 1168 2157 qui
1186 2122 1352 2157 benignitate
1379 2127 1423 2150 tua
1455 2131 1497 2150 me
1513 2123 1604 2150 fovisti
1617 2128 1644 2150 et
1661 2123 1772 2155 aluisti;

987 2169 1059 2202 audi,
1077 2169 1198 2203 inquam,
1214 2174 1241 2196 tu
1257 2174 1285 2197 et
1302 2169 1417 2204 populus
1433 2173 1505 2196 tuus.
1520 2169 1586 2196 Cum
1604 2168 1697 2196 ultima
1714 2169 1776 2195 vice-

988 2215 1117 2242 llatuasco
1131 2215 1261 2247 redirem,
1275 2219 1304 2242 et
1321 2214 1453 2242 camelqu
1470 2214 1637 2247 amisissem,
1652 2214 1772 2241 verberi-

149 2268 240 2294 μενος,
261 2260 308 2286 καὶ
319 2259 523 2295 ὲννοιαζόμενος
543 2261 594 2287 οὐκ
608 2259 684 2288 εἷπον
699 2261 767 2296 πρός
782 2262 843 2288 τινά.
858 2270 885 2288 τι
902 2261 931 2288 1:6

989 2262 1034 2288 bus
1051 2267 1093 2287 tne
1107 2260 1273 2295 excipiebas,
1295 2265 1322 2288 et
1338 2261 1418 2287 domo
1437 2265 1481 2287 tua
1501 2260 1631 2294 pellebas.
1656 2259 1773 2287 Μαι-ονε

150 2305 271 2332 σύνολον.
292 2305 424 2341 Ἀπῆλθον
448 2304 494 2334 οὗν
509 2307 550 2339 εὶς
569 2306 604 2333 τὰ
620 2306 683 2342 ὅρη,
703 2307 732 2333 ὲν
744 2303 785 2338 οἷς
800 2307 934 2342 πρότερον

147 2351 196 2381 τὰς
214 2351 353 2386 καμήλους
374 2351 498 2384 ἔϐοσκον,
526 2353 595 2388 πρὸς
609 2353 640 2378 τὺ
665 2352 800 2387 ἀναϐῆναί
817 2361 862 2387 με,
887 2353 935 2379 καὶ

148 2396 237 2431 εὐρὺν
251 2397 363 2432 πέτραν,
378 2397 491 2424 ἐκάθισα
506 2398 559 2424 ὑπὸ
577 2397 690 2432 ταύτης,
717 2398 766 2434 τὴν
782 2398 862 2425 σκιὰν
876 2398 934 2425 δια-

148 2442 295 2476 νῖούμενος
311 2443 341 2468 τὸ
358 2443 461 2478 ὅραμα.
487 2444 543 2469 Καὶ
569 2441 651 2479 ἦλθεν
672 2444 748 2480 φωνὴ
763 2444 795 2476 ἐξ
818 2445 935 2479 οὐρανοῦ

985 2313 1050 2334 vero
1067 2306 1203 2333 cruciatus
1223 2311 1250 2333 et
1264 2313 1371 2337 errans,
1391 2306 1499 2333 tandem
1528 2303 1636 2340 perven't'
1664 2305 1691 2333 in
1716 2305 1769 2332 Re-

985 2352 1056 2387 gium
1074 2352 1189 2387 aliquem
1206 2351 1364 2379 fonticulum
1381 2359 1427 2379 seu
1452 2357 1562 2386 puteum
1599 2351 1675 2387 regia
1704 2359 1771 2379 cura

985 2403 1152 2425 excavatum.
1167 2397 1265 2425 Statim
1282 2405 1347 2425 vero
1381 2397 1604 2432 procumbebant,
1623 2402 1651 2425 et
1676 2405 1773 2425 somno

987 2451 1028 2471 me
1044 2448 1128 2471 totttm
1145 2443 1346 2478 permittebam.
1365 2443 1484 2478 Contigit
1499 2450 1564 2471 vero
1580 2451 1623 2470 me
1636 2443 1771 2471 somnium

149 2488 216 2523 πρός
232 2497 264 2523 με
279 2488 406 2522 λέγουσα·
419 2489 579 2524 Μουχάμετ,
596 2491 632 2524 μὴ
648 2491 786 2523 ἐννοιάζου
802 2491 871 2526 ὑπὲρ
887 2491 934 2517 τοῦ

989 2490 1099 2522 habere,
1117 2494 1144 2516 et
1160 2490 1251 2517 videre
1266 2490 1349 2517 solent
1366 2497 1398 2518 ex
1416 2490 1470 2517 alto
1497 2498 1527 2518 se
1544 2490 1732 2517 demitteutotn
1745 2494 1772 2516 et

149 2534 297 2568 ὁράματος.
311 2533 439 2564 Ἀπελϐε,
451 2534 497 2561 καὶ
508 2535 652 2569 νήστευσον
664 2536 770 2570 ἡμέρας
778 2535 933 2571 τριάκοντα,

989 2535 1084 2563 humili
1102 2541 1129 2562 et
1152 2540 1286 2570 prostrata
1299 2536 1359 2563 luce
1385 2544 1427 2564 tne
1452 2537 1622 2565 adorantem.
1640 2535 1770 2571 Sequenti

150 2580 198 2606 καὶ
213 2579 321 2616 στράφῃ
333 2576 395 2612 ὦδε,
409 2580 452 2606 ἵνα
466 2580 536 2606 εῖπω
551 2588 603 2606 σοι.

989 2588 1052 2608 vero
1071 2589 1151 2609 mane
1166 2581 1379 2616 experrelactns,
1394 2586 1464 2610 totus
1486 2583 1663 2616 cohorresco,
1679 2587 1707 2610 et
1723 2583 1772 2610 du-

149 2629 211 2656 bius
222 2629 285 2662 quid
298 2628 338 2655 rei
363 2634 446 2661 esset,
478 2632 564 2656 totum
593 2629 728 2663 negotium
756 2628 822 2656 nulli
856 2629 1016 2663 significavi.
1053 2629 1195 2657 Profectus
1218 2636 1283 2664 ergo
1312 2637 1386 2657 more
1408 2629 1488 2657 solito
1531 2631 1564 2658 ad
1593 2634 1699 2658 montes
1725 2629 1770 2666 ubi

150 2675 267 2701 camelos
291 2674 443 2708 pascebant.
476 2681 537 2701 cum
561 2681 611 2708 ego
639 2674 832 2707 ascendissem,
859 2674 1031 2702 inveniebant
1051 2680 1173 2709 petram,
1189 2675 1233 2702 cui
1262 2675 1392 2707 insidens,
1429 2675 1591 2710 incipiebam
1624 2677 1715 2703 animo
1729 2676 1769 2702 vi-

151 2719 253 2748 sionem
280 2727 365 2747 meam
386 2720 504 2752 volvere,
518 2725 545 2747 et
571 2720 642 2747 illam
657 2727 706 2754 pro
727 2721 820 2748 umbra
847 2726 875 2748 et
899 2728 928 2747 re
965 2728 1077 2754 prorsus
1108 2729 1175 2748 vana
1190 2726 1326 2756 reputare.
1348 2721 1445 2748 Statim
1478 2729 1543 2749 vero
1576 2729 1624 2749 vox
1653 2729 1669 2748 e
1699 2722 1769 2749 caelo

149 2767 308 2800 erumpebat
325 2766 418 2794 dicens
431 2774 438 2793 :
450 2765 632 2798 Multammcd,
649 2772 682 2792 ne
700 2770 727 2793 te
745 2766 835 2793 turbet
851 2765 930 2793 auxia
950 2766 982 2793 de
1002 2765 1107 2793 visione
1122 2766 1250 2800 cogitatio
1262 2774 1269 2797 ;
1283 2766 1339 2798 abi,
1361 2773 1466 2794 tuacera
1490 2771 1515 2793 te
1529 2762 1634 2800 jejunio
1658 2766 1767 2801 triginta

150 2811 266 2844 dierum,
281 2816 309 2839 et
323 2817 415 2847 postea
429 2814 480 2839 huc
497 2817 636 2839 rcvertere
651 2817 681 2840 ut
707 2813 771 2847 quid
795 2814 831 2841 sit
845 2814 977 2849 agendum
993 2815 1041 2842 tibi
1056 2815 1220 2849 signiﬁcem.

184 2856 277 2889 Οὕτως
287 2859 399 2893 ηκουσα,
417 2859 463 2884 καὶ
479 2858 626 2893 ὲπλήρωσα
642 2858 748 2893 ἡμέρας
759 2879 766 2890 ,
782 2859 803 2885 λ’
816 2860 927 2895 νήστης,

1020 2860 1065 2887 llis
1080 2860 1178 2888 auditis
1202 2861 1310 2895 triginta
1334 2861 1391 2887 dies
1406 2865 1433 2887 et
1449 2859 1558 2894 triginta
1574 2865 1666 2886 noctes
1683 2867 1764 2894 pror-

150 2904 197 2934 καὶ
207 2904 227 2931 λ’
244 2904 332 2938 νύτας,
347 2904 393 2932 καὶ
406 2904 560 2939 ἀπέρχομαι
576 2904 636 2931 καθ’
648 2906 771 2941 εκάστην
785 2905 851 2940 πρὸς
866 2907 915 2942 σὴν

989 2914 1017 2933 us
1031 2905 1141 2941 jejunus
1153 2907 1256 2941 peregi,
1271 2911 1298 2934 et
1325 2906 1401 2934 solus
1434 2913 1559 2934 reversus
1583 2907 1617 2934 ad
1648 2911 1759 2940 petram.
