1932 3067
176 199 245 232 1433

776 195 1015 228 CONFUTATIO
1034 189 1216 222 AGARENL

1737 181 1805 213 HM

174 256 245 291 signi
260 254 400 290 cujusdam
412 253 453 281 vel
468 251 571 288 exigui,
584 255 613 279 ut
636 256 731 279 omnes
758 253 972 286 persuadeantnr
988 255 1015 277 et
1023 248 1228 276 convincanlur.
1243 242 1392 277 Respondit
1416 242 1453 269 illi
1471 240 1642 269 Mnhammed
1658 250 1666 268 -.
1683 239 1804 274 llacipsa

175 307 255 330 nocte
269 301 301 328 ad
314 308 356 328 me
371 299 550 332 conveniatis,
564 303 591 327 et
603 298 656 326 tale
668 298 828 325 miraculum
840 299 963 325 omnium
982 295 1069 324 oculis
1100 292 1247 320 videndum
1275 289 1422 317 exhibebo.
1438 287 1570 315 Videbitis
1586 288 1676 314 lunam
1688 287 1714 313 in
1729 286 1799 313 duas

173 353 265 382 partes
277 346 402 378 scissam,
414 352 528 379 quarum
556 352 608 371 una
634 343 659 370 in
677 344 792 376 oriente,
805 343 889 370 altera
916 342 942 369 iu
962 339 1102 368 occidente
1123 336 1213 364 radios
1237 342 1301 362 suos
1314 331 1714 361 disseminabit.Convenerunt
1725 337 1802 365 ergo,

174 377 201 422 et
212 401 276 421 aere
285 393 403 420 tenebris
413 377 500 419 oﬂttso
507 397 533 418 et
546 390 714 421 obnubilato,
725 389 793 416 dixit
809 387 980 416 Multammed
990 395 997 414 :
1007 384 1165 412 Miraculnm
1179 381 1293 418 patravi,
1308 380 1354 408 sed
1366 386 1419 406 non
1430 378 1554 414 potuistis
1569 377 1633 404 illud
1643 377 1745 408 videre,
1759 377 1802 403 in-

174 439 246 474 digni
265 438 363 473 quippe
378 437 445 465 estis
455 437 501 472 qui
517 443 606 463 meum
621 435 782 462 miraculum
794 434 880 462 oculis
893 431 1074 468 usurparetis.

211 467 265 512 Kal.
359 483 446 515 οὕτως
459 467 539 518 ιλετχρι
550 481 597 508 τοῦ
609 481 657 508 νῦν
665 480 795 516 γεγονὼς,
804 481 850 507 καὶ
861 467 967 516 γράφει

1048 476 1081 503 Et
1092 476 1143 501 huc
1159 480 1243 508 usque
1258 471 1329 507 apud
1339 479 1386 499 vos
1403 469 1474 506 viget
1490 469 1570 497 istius
1582 468 1622 496 rei
1637 467 1768 495 memoria
1780 472 1808 494 et

173 530 254 556 τοῦτο
267 530 284 564 ἡ
296 528 390 564 γραφή
404 535 463 555 σου.
480 526 612 558 Ἀναστὰς
623 526 652 552 δὲ
664 527 678 553 6
692 526 786 560 ἒτερης
797 525 879 552 αὑτοῦ
894 525 964 556 θεῖος

175 576 189 602 6
210 573 395 608 ’Δπουτζάλιης
408 573 492 607 λέγει,
510 572 573 599 Ἐὰν
585 572 633 598 οὐκ
645 572 694 598 ἴδω
704 571 801 607 μικρόν
811 579 836 597 τι
853 571 965 605 σημεῖον

177 620 246 656 μετὰ
259 620 315 646 τῶν
332 618 480 654 όφθαλμιῖιν
493 626 555 653 μου,
570 617 601 644 οὐ
620 617 658 653 μὴ
677 617 828 648 πιστεύσω,
847 615 965 643 εὐκολώ-

174 674 255 701 τερον
271 664 345 701 ζητῶ
359 673 390 691 σε
412 664 525 699 ποιῆσαι
540 663 629 696 τοῦτο,
642 664 674 690 σὺ
688 663 778 696 λέγεις
791 663 832 689 ὅτι
843 664 882 694 εἰς
902 661 966 692 τοὺς

176 711 329 747 (οὐρανοὺς)
346 710 447 745 ἁνέὸης
475 709 540 744 μιαν
564 709 744 740 διασκέλισιν,
774 708 897 743 opsequ
919 705 966 733 οὗν

176 756 230 783 ἀπὸ
242 756 293 791 τῆς
309 756 361 791 γῆς
375 755 516 790 σπιθαμὰς
531 756 618 789 τρεῖς,
639 754 686 780 καὶ
712 753 896 788 κρεμάπθητι,
923 753 968 779 ἵνα

176 800 297 828 διαδάσω
310 799 341 826 τὸ
351 798 435 826 σπαθι
451 807 503 834 μου
518 798 648 825 ὑποκάτω
663 797 718 824 τῶν
738 797 826 824 ποδῶν
843 805 901 827 σου,
919 797 967 823 καὶ

175 847 236 873 the
248 845 431 880 πιστεΰσομέν
455 853 497 871 σοι
513 844 561 871 ἀπ’
581 844 669 879 ἀρχῆς
691 844 744 875 ἕως
768 843 872 875 τέλους.
894 842 968 870 Ἰδὼν

175 892 205 919 δὲ
218 893 234 919 6
243 891 394 927 Μουχάμετ
407 890 438 917 τὸ
450 891 553 926 ἄπορον
563 889 645 917 αὑτοῦ
661 889 786 925 ἐϐόησεν,
797 888 885 922 λέγων
900 888 968 923 πρὸς

176 939 222 965 τὸν
239 937 313 969 λαὸν,
323 937 352 964 ’0
367 936 578 971 Ἀπουτζάληςό
591 935 663 967 θεῖός
680 944 732 970 μου
749 934 857 969 θανάτῳ
872 934 968 960 τελευ-

176 983 264 1018 τήσει.
282 982 337 1009 Kal.
352 983 378 1008 οι
393 981 443 1016 μὲν
457 982 582 1017 φρόνιμοι
593 981 639 1008 τοῦ
652 980 717 1007 λαοῦ
729 981 823 1013 ἔλεγον
836 980 881 1006 τὸν
894 980 968 1006 Μου-

178 1028 277 1062 χὶμετ,
291 1027 350 1053 Εῐτι
362 1026 438 1061 λέγει
452 1027 466 1052 ό
479 1026 549 1057 θεῖός
565 1034 623 1058 σου,
640 1025 720 1058 κάκε,
730 1026 777 1051 καὶ
790 1025 867 1057 λέξον
876 1025 968 1058 αὑτὸν,

178 1074 203 1100 εἰ
217 1074 247 1100 δὲ
263 1072 355 1104 καλῶς
379 1073 426 1099 καὶ
443 1072 552 1106 ἀληθῶς
574 1071 660 1106 λέγει,
683 1071 728 1098 διὰ
740 1071 768 1098 τί
783 1071 906 1103 κελεύεις
923 1071 969 1097 τὸν

178 1119 241 1146 λαὸν
251 1119 297 1146 τοῦ
314 1118 444 1153 φονεῦσαι
456 1118 549 1151 αὑτόνς
565 1119 596 1144 Ol
611 1118 641 1144 δὲ
654 1118 777 1149 πλείονες
793 1118 882 1153 μωροὶ
892 1117 969 1149 ὄντες

178 1165 305 1200 ἐὸόησαν,
314 1164 435 1200 ’Δληθῶς
449 1165 463 1192 6
474 1165 618 1199 προφήτης
627 1164 714 1197 λέγει,
726 1164 819 1195 καθὼς
835 1164 970 1199 μαρτυρεῖ

179 1212 251 1247 καὶὴ
263 1211 387 1246 θυγάτηρ
397 1210 480 1237 αὑτοῦ
490 1210 588 1245 Φατμὰ
599 1211 615 1244 ἡ
631 1209 724 1236 ἰδοῦσα
737 1209 818 1236 αὐτὸν
830 1209 969 1236 ἀναϐάντα

179 1257 219 1288 εἰς
243 1256 290 1282 τὸν
310 1256 435 1290 οὐρανόν.
457 1255 512 1282 Καὶ
536 1255 681 1285 ἀνατείνας
703 1256 718 1281 6
744 1255 894 1290 Μουχαμετ
918 1254 969 1290 τὴν

180 1300 286 1335 σπάθην
300 1301 370 1336 πρὸς
385 1301 429 1327 τὸν
442 1301 515 1327 θεῖον
529 1300 622 1332 αὐτοῦ,
648 1301 696 1326 καὶ
713 1299 814 1332 ἰδόντες
830 1300 860 1326 τὸ
876 1300 967 1327 κοινὸν

179 1345 226 1373 τοῦ
240 1346 307 1373 λαοῦ
323 1346 472 1381 ἐφόνευσαν
488 1347 580 1379 αὐτὸν,
598 1346 646 1372 καὶ
663 1346 773 1381 ἐτέρους
789 1345 906 1377 πολλοὺς
919 1346 970 1374 σὺν

179 1391 263 1427 αὐτῷ.
280 1392 410 1424 Δύνασαι,
426 1389 449 1418 ὧ
460 1391 658 1427 Μουσουλμανὲ
669 1391 754 1423 δεῖξαί
766 1399 810 1425 με,
823 1391 968 1425 ψεύδομαι,

180 1438 228 1464 καὶ
238 1437 280 1470 ob;
293 1438 348 1464 Kal.
363 1438 416 1464 ἀπὺ
430 1438 480 1472 τῆς
491 1437 598 1473 ἡμέρας
610 1437 714 1472 ταύτης
727 1436 904 1471 ἐδογμάτισεν
918 1437 970 1469 ἕως

179 1482 227 1509 τοῦ
242 1483 301 1513 νῦν.
318 1483 351 1509 El
366 1491 408 1514 τις
421 1483 470 1518 οὐχ
486 1483 614 1518 ὁμολογεί
628 1482 673 1510 τὸν
685 1482 836 1518 Μουχάμετ
851 1482 971 1509 ἀπόστο-

180 1529 225 1555 λον
238 1528 318 1561 Θεοῦ,
335 1529 384 1555 καὶ
398 1529 544 1565 προφήτην
563 1525 644 1561 εἷναι,
659 1528 730 1562 ξίφει
745 1527 903 1554 ἀποθανεῖν.
914 1528 970 1554 Kal.

180 1574 317 1610 ἐκράτησε
338 1574 418 1601 τοῦτο
433 1575 548 1609 χρόνους
560 1577 598 1606 ς’,
613 1574 661 1601 καὶ
673 1573 718 1601 διὰ
739 1573 786 1600 τὸν
818 1573 903 1608 φόϐον
919 1573 968 1600 τοῦ

180 1620 296 1648 θανάτου
312 1620 433 1656 συνήχθη
446 1620 511 1652 λαὸς
525 1620 620 1652 πολύς.

179 1667 346 1694 avunculum
380 1665 559 1694 confoderunt
580 1670 608 1692 ct
629 1672 692 1692 cum
720 1664 766 1691 illo
792 1663 892 1691 multos
915 1664 982 1691 alios

1017 523 1066 550 hoc
1077 521 1174 555 legitur
1189 519 1291 553 scripto
1304 517 1492 552 consignatum
1509 516 1536 542 in
1549 515 1628 542 libris
1639 513 1748 541 vestris.
1762 513 1810 540 Al-

1017 572 1057 594 ter
1077 573 1139 593 vero
1154 563 1352 591 Muhammedis
1379 561 1530 589 avunculus
1552 559 1698 587 Abulsales
1723 559 1811 586 astitit

1015 614 1107 644 etiam,
1123 616 1150 639 et
1167 619 1196 639 se
1214 610 1286 637 nullo
1297 609 1377 636 modo
1404 608 1574 636 crediturmn
1604 606 1722 634 asseruit
1753 605 1806 632 nisi

1016 659 1125 694 aliquod
1141 657 1237 685 saltem
1257 656 1299 683 vel
1320 654 1486 682 levissimunt
1512 653 1616 679 videret
1633 650 1807 678 miraculum.

1019 706 1075 733 Hoc
1089 704 1160 740 quod
1176 703 1338 730 facillimum
1355 705 1398 728 est
1411 707 1476 733 rogo
1492 703 1520 725 ut
1532 698 1627 725 facias.
1642 697 1715 724 Dicis
1729 697 1804 731 quod

1018 752 1098 779 unico
1115 757 1195 785 passu
1209 749 1294 776 caelos
1307 751 1384 781 potes
1401 745 1561 776 ascendere,
1576 748 1603 770 et
1623 742 1701 769 unica
1724 741 1804 776 plan-

1019 802 1106 824 tarum
1118 796 1291 824 excussione.
1307 792 1407 820 Attolle
1423 798 1489 826 ergo
1509 796 1535 817 te
1560 790 1650 824 ipsum
1679 795 1712 815 ex
1737 792 1810 814 terra

1019 845 1047 870 in
1062 842 1159 873 altum,
1177 844 1206 867 et
1222 840 1260 867 sis
1284 839 1320 866 ita
1337 837 1471 872 pendulus
1487 835 1514 862 in
1529 842 1592 862 aere
1623 842 1637 861 a
1669 838 1742 860 terra
1769 832 1811 859 di-

1022 893 1098 915 stans
1113 886 1290 922 spatiotrium
1304 884 1455 919 palmorum
1471 887 1499 908 ut
1515 881 1617 916 possim
1634 879 1684 906 sub
1697 878 1811 912 pedibus

1019 933 1176 968 tuisﬁensem
1194 939 1281 958 meum
1301 937 1411 956 movere
1426 933 1453 956 et
1469 928 1582 961 agitare.
1598 925 1674 958 Quod
1690 924 1713 951 si
1739 923 1810 950 fece—

1024 979 1072 1011 ris,
1086 978 1177 1006 omnia
1195 984 1255 1011 qua:
1272 983 1365 1003 narras
1380 983 1393 1001 a
1406 973 1540 1009 principio
1549 971 1582 998 ad
1599 972 1692 1001 tinem,
1708 970 1810 997 ﬁrmis-

1019 1025 1087 1052 sima
1105 1024 1157 1050 ﬁde
1183 1022 1352 1049 hauriemus.
1373 1019 1472 1047 Videtis
1489 1026 1556 1045 vero
1579 1014 1752 1043 Muhamtued
1766 1014 1811 1040 in-

1019 1069 1209 1098 credulitatem
1226 1067 1364 1098 avunculi,
1378 1070 1405 1093 et
1419 1072 1450 1092 se
1473 1064 1544 1092 nulla
1564 1063 1606 1090 via
1634 1061 1705 1089 elabi
1718 1067 1810 1094 posse,

1020 1115 1147 1143 clamavit
1162 1116 1195 1141 ad
1211 1113 1339 1148 populum
1353 1121 1360 1140 :
1381 1111 1538 1143 Abutsales,
1566 1109 1674 1136 etiamsi
1691 1115 1812 1135 avtmcu-

986 1153 1007 1180 Β
1023 1162 1065 1189 lns
1081 1168 1168 1194 mens,
1183 1160 1275 1187 statim
1293 1162 1380 1186 morte
1396 1157 1543 1192 plectatur.
1558 1155 1729 1190 llegerebant
1741 1154 1807 1180 inter

1020 1207 1144 1243 populum
1158 1206 1336 1242 sapientiores
1349 1213 1357 1232 :
1375 1204 1404 1232 Si
1417 1204 1510 1238 aliqud
1524 1202 1599 1237 pravi
1613 1201 1713 1228 extidit
1727 1207 1812 1226 arun-

1020 1254 1080 1282 culo
1096 1258 1152 1285 tuo,
1174 1251 1342 1287 quareillum
1356 1258 1409 1277 non
1424 1250 1544 1276 manes?
1561 1248 1583 1276 si
1608 1254 1674 1274 vero
1694 1247 1762 1272 bene
1784 1249 1813 1271 et

1025 1308 1089 1328 vcre
1120 1300 1227 1326 locutus
1254 1302 1306 1329 est,
1320 1303 1406 1331 quare
1425 1295 1595 1329 iniquissima
1610 1291 1744 1320 sententia
1770 1290 1812 1317 vis

1020 1346 1098 1374 illum
1111 1353 1125 1372 a
1139 1344 1237 1380 populo
1253 1342 1395 1370 trucidari.
1406 1340 1520 1368 Plurimi
1531 1346 1607 1370 vero.
1623 1345 1697 1365 mera
1714 1336 1808 1363 stulti-

1021 1392 1066 1418 tia:
1082 1395 1109 1417 et
1125 1390 1268 1417 dementiae
1283 1387 1400 1415 ludibria
1412 1386 1561 1414 clamaruut
1577 1393 1584 1412 :
1598 1383 1669 1411 Vera
1689 1381 1810 1416 loquitur

1023 1437 1167 1470 Propheta.
1180 1435 1252 1469 quod
1281 1433 1436 1462 testimonio
1463 1439 1513 1460 suo
1538 1431 1620 1458 etiam
1646 1427 1807 1462 comprobat

1018 1481 1091 1510 illius
1103 1481 1158 1508 tilia
1170 1481 1308 1512 Phatima,
1325 1487 1386 1514 quae
1402 1479 1477 1506 illum
1495 1477 1563 1504 vidit
1576 1475 1695 1503 incwlus
1709 1480 1805 1500 ascen-

1018 1529 1140 1556 dentem.
1160 1526 1236 1554 Uutle
1263 1526 1371 1552 animos
1392 1525 1505 1558 capiens
1519 1520 1690 1550 Multammed
1716 1525 1810 1547 ensem

1017 1574 1172 1609 evaginavit
1187 1577 1282 1600 contra
1298 1570 1460 1598 avunculum
1473 1576 1563 1600 suurn,
1578 1572 1605 1595 et
1620 1567 1694 1594 illius
1721 1571 1813 1593 exent-

1017 1620 1062 1654 plo
1086 1623 1231 1647 commotae
1257 1617 1344 1644 turbae
1374 1615 1480 1644 strictis
1505 1614 1587 1641 etiam
1610 1611 1709 1647 gladiis
1740 1609 1814 1637 illius

1017 1665 1099 1692 etiam
1125 1663 1308 1691 trucidarunt.
1340 1662 1381 1689 An
1407 1666 1436 1688 tu
1466 1665 1554 1694 potes.
1571 1657 1806 1687 oMusulntanne,

181 1714 269 1747 palam
281 1712 372 1740 facere
381 1720 423 1740 me
435 1712 542 1740 mentiri
554 1711 595 1739 vel
608 1719 673 1738 non.
687 1710 720 1737 Et
735 1711 768 1738 ab
783 1711 829 1738 illo
842 1716 962 1744 tempore
981 1711 1014 1738 ad
1033 1719 1104 1738 nttnc
1121 1718 1220 1745 usque,
1248 1711 1332 1738 istam
1364 1708 1510 1736 barbaram
1544 1704 1734 1734 disseminavit
1761 1703 1811 1730 do-

182 1759 298 1785 trtriltam
311 1767 318 1786 :
330 1759 358 1785 Si
377 1759 441 1793 quis
455 1766 507 1785 non
521 1758 615 1785 credat
629 1763 657 1785 et
687 1758 848 1786 contiteatur
866 1757 1080 1786 Muliammedem
1094 1757 1247 1792 apostolum
1271 1757 1319 1784 Dei
1340 1762 1401 1784 esse
1423 1760 1450 1782 et
1466 1753 1636 1789 prophetam,
1652 1751 1741 1787 gladio
1755 1754 1812 1778 sta-

183 1805 420 1832 timinterimatur.
436 1803 492 1831 lloc
505 1811 570 1830 vero
583 1803 699 1830 obtinuit
717 1811 765 1838 per
785 1812 872 1832 annos
900 1812 959 1837 sex,
979 1809 1008 1832 et
1024 1809 1105 1833 metu_
1133 1804 1229 1832 mortis
1258 1803 1336 1830 multi
1365 1801 1521 1837 congregati
1549 1804 1613 1828 sunt
1639 1799 1685 1834 qui
1714 1801 1810 1833 partes

183 1850 378 1880 Muhannnedis
394 1850 517 1877 foverent
541 1853 569 1876 et
586 1853 738 1876 tuerentur.

217 1898 272 1924 Kal.
289 1896 457 1926 ἀκούσαντες
477 1896 501 1921 οἱ
522 1894 628 1921 ἐκεῖθεν
649 1895 798 1930 Ἀρῤαϐες,
815 1896 856 1922 ὅτι
874 1895 971 1927 ἀδίκως

1060 1895 1138 1930 Quod
1150 1903 1212 1922 cum
1227 1894 1397 1922 audivissent
1417 1892 1522 1920 Arabes
1542 1892 1579 1919 ibi
1606 1895 1814 1919 commorantes

183 1945 261 1979 χάνει
275 1943 320 1970 τὴν
343 1941 476 1972 λαὸνηιτιι)⁸
505 1940 680 1975 συνήχθησαν
708 1940 810 1975 πλῆθος
826 1941 906 1972 πολὺ,
927 1942 974 1968 καὶ

182 1989 265 2026 ἦλθον
283 1987 354 2015 κατὰ
369 1987 446 2014 πάνω
460 1986 514 2013 τῶν
527 1985 736 2014 πιστευσάντων
749 1986 793 2012 τὸν
812 1986 972 2021 Μουχάμετ,

185 2035 234 2062 καὶ
248 2034 395 2065 ὲτζάκισαν
410 2031 508 2063 αὐτοὺς
518 2030 562 2058 διὰ
579 2030 699 2066 πολέμου
715 2031 762 2057 καὶ
777 2032 919 2067 καμηλὶων
935 2033 974 2063 εἰς

183 2082 236 2117 γῆν
247 2079 370 2114 Μαδιάμ.
380 2078 436 2105 Kal.
445 2077 539 2112 φυγὼν
552 2078 566 2104 ὀ
575 2077 726 2113 Μουχάμετ
740 2075 819 2112 εὗρεν
832 2078 973 2113 σπήλαιον,

183 2128 232 2155 καὶ
251 2124 367 2160 διεσώθη
385 2124 468 2159 μέσον
481 2123 642 2159 νυχθήμερα
655 2123 727 2159 τρία.
751 2123 804 2150 Καὶ
825 2124 858 2151 σὺ
885 2123 975 2157 λέγεις

184 2172 390 2208 αἰσχυνόμενος,
404 2171 445 2197 ὅτι
458 2170 487 2196 ὲν
508 2169 560 2204 μιᾷ
584 2169 654 2204 ῥοπῇ
672 2169 832 2205 ἐσκεπάσοη
857 2170 911 2196 ὑπὸ
925 2170 975 2204 τῆς

192 2221 337 2256 Ἀράχνης.
354 2218 409 2245 Καὶ
431 2217 550 2252 γίνωσκε
566 2217 608 2243 ὅτι
624 2217 714 2242 πάντα
733 2213 792 2242 οἶδα
806 2216 840 2242 τὰ
851 2216 974 2252 φλυαρή-

187 2267 260 2303 ματά
275 2275 332 2298 σου,
347 2266 394 2292 καὶ
405 2263 530 2299 παριστῶ
546 2271 587 2290 σοι
606 2263 687 2290 αὐτά.
702 2261 785 2294 Αὖθις
798 2263 895 2295 νυκτὸς
909 2262 976 2297 ἐφυ-

185 2323 233 2348 γεν
244 2313 258 2338 ὁ
269 2313 428 2347 Μουχάμετ,
447 2311 495 2338 καὶ
510 2310 634 2346 εἰσῆλθεν
650 2312 690 2342 εἰς
708 2311 739 2337 τὸ
760 2311 842 2346 ῥηθὲν
857 2311 975 2346 κάπρον

187 2359 234 2385 καὶ
252 2356 434 2391 ἐναπομεινας
452 2355 516 2386 λαὸς
539 2354 729 2390 ἠκολούθησαν
749 2355 772 2380 οἱ
788 2354 836 2381 καὶ
861 2354 976 2380 πιστεύ-

187 2413 282 2435 σαντες
297 2403 387 2429 αὺτόν.
407 2401 539 2436 Εἰσῆλθεν
551 2399 597 2427 οὖν
618 2402 633 2427 6
650 2401 802 2435 Μουχάμετ
828 2400 868 2431 εις
889 2399 976 2435 ὀσπή-

185 2458 252 2478 τιον,
269 2449 316 2476 καὶ
330 2447 434 2482 ἐκρύϐη
448 2447 502 2473 ἀπὸ
513 2446 560 2472 τοῦ
577 2446 662 2480 φόϐου
676 2446 730 2472 τῶν
752 2446 905 2482 Ἀῤῥάὸων.
922 2443 974 2473 Eii-

187 2504 233 2531 ρον
248 2495 277 2521 δὲ
288 2494 333 2520 τὸν
346 2494 416 2520 θεῖον
436 2492 517 2519 αὑτοῦ
532 2492 563 2518 τὸ
581 2492 771 2527 Ἀποπάκρην,
789 2492 836 2518 καὶ
851 2491 971 2527 ἐκράτη-

187 2538 433 2572 σανα-ἱτδν,Δείξον
447 2539 524 2573 ἡμῖν,
537 2537 673 2571 λέγοντες.
687 2537 733 2563 τὸν
744 2537 906 2572 Μουχάμετ.
920 2537 975 2563 Καὶ

187 2585 263 2613 εἶπεν
275 2586 368 2615 αὐτοῖς
381 2585 395 2610 6
416 2584 594 2618 ’Δποπὰκρης
609 2582 667 2617 μεθ’
681 2583 775 2618 ὅρκοιν
791 2582 836 2609 Μὰ
849 2583 895 2609 τὸν
909 2582 976 2609 Θεὸν

187 2633 267 2667 ἡμῶν
280 2631 325 2657 τὴν
345 2630 471 2657 ἐλεοῦντα
497 2631 544 2656 καὶ
560 2628 718 2663 ὲλεημένον,
743 2629 786 2655 ἵνα
809 2629 907 2663 ὑπάγω
927 2629 975 2655 καὶ

187 2679 261 2714 εὕρω
277 2677 368 2708 αὐτὴν,
384 2678 431 2703 ἐάν
449 2684 482 2711 με
508 2675 673 2710 ἀπολύσητε,
691 2677 738 2702 καὶ
755 2676 829 2710 δήσω
851 2676 931 2702 αὑτὸν
946 2675 975 2708 ἐξ

187 2723 329 2759 ἀγκώνων,
346 2723 392 2749 καὶ
407 2721 482 2757 φέρω
503 2722 569 2756 πρδς
583 2721 666 2755 ὑμᾶς.
687 2721 787 2747 Ἐλθὼν
803 2719 848 2747 οὖν
861 2722 875 2747 ὁ
894 2721 974 2746 Ἀποι

188 2772 296 2806 πάκρης
308 2768 431 2804 εἰσῆλοεν
447 2768 486 2799 εἰς
496 2768 541 2794 τδν
555 2767 714 2802 Μουχάμετ,
725 2769 771 2794 καὶ
784 2764 976 2798 εἶπεν,ἾΙλοον

188 2817 255 2852 πρὸς
272 2816 300 2842 σὲ
313 2816 360 2842 τοῦ
378 2815 494 2850 ὲπάρειν
511 2822 539 2840 σε
557 2813 586 2846 ἐξ
602 2814 735 2847 ἀγκώνων
752 2814 905 2846 δεδεμένον.
929 2813 977 2840 καὶ

190 2863 303 2895 ἀγαγεῖν
320 2870 348 2888 σε
362 2861 402 2892 εἰς
417 2861 478 2892 τοὺς
500 2859 653 2894 “ἰὶρῥαὸα;.
673 2860 728 2886 Kz‘t
741 2859 860 2891 ἀναστὰς
872 2860 885 2885 ὁ
902 2860 975 2886 Μου-

191 2909 278 2943 χὰμετ
297 2907 493 2942 ἐνηγκιὶλπστο
518 2905 609 2936 αὺτδν,
635 2905 682 2932 καὶ
706 2905 835 2940 {aa-.15.?”
863 2905 975 2940 σφόδρα,

1025 1943 1097 1977 quod
1109 1942 1237 1969 nituirum
1255 1947 1309 1967 tam
1324 1940 1424 1974 injuste
1455 1939 1558 1973 periret
1582 1941 1672 1964 tantus
1699 1936 1813 1972 popula-

1025 1988 1095 2015 rium
1111 1994 1251 2019 numerus,
1268 1986 1339 2013 inter
1351 1993 1380 2013 se
1391 1988 1612 2013 conveneruntet
1621 1983 1729 2016 agmine
1738 1982 1815 2009 facto

1025 2033 1163 2060 irruerunt
1178 2033 1204 2059 in
1221 2031 1421 2059 Muhammedis
1453 2034 1613 2059 sectatores.
1644 2035 1713 2062 Quos
1742 2027 1816 2054 bello

1024 2084 1053 2106 et
1062 2078 1228 2105 camelorum
1245 2077 1401 2104 ministerio
1428 2075 1568 2110 fregerunt
1590 2082 1617 2102 et
1634 2073 1812 2108 profligarunt

1025 2125 1052 2153 in
1065 2131 1135 2152 terra
1151 2124 1272 2152 Madian.
1287 2123 1404 2157 Fugiens
1418 2123 1503 2149 vero‘
1510 2120 1682 2148 Muhammed
1710 2119 1815 2146 invenit

1025 2171 1193 2206 speluncam,
1209 2171 1235 2197 in
1251 2177 1305 2204 qua
1325 2176 1372 2203 per
1406 2172 1462 2194 tres
1481 2167 1539 2194 dies
1555 2172 1584 2194 et
1608 2171 1703 2193 noctes
1721 2165 1818 2192 delite-

1025 2224 1105 2245 scens
1121 2217 1229 2243 tandem
1252 2215 1343 2243 salvus
1358 2213 1455 2241 evasit.
1470 2212 1654 2240 lnverecunde
1668 2218 1735 2238 vero
1748 2210 1818 2238 dicis

1026 2263 1097 2298 quod
1115 2262 1141 2289 in
1157 2266 1241 2289 antro
1261 2261 1296 2288 ob
1309 2260 1457 2294 periculum
1476 2260 1563 2285 latens
1577 2264 1685 2284 aranea:
1697 2256 1751 2283 tela
1766 2256 1818 2283 ob-

1026 2311 1123 2338 ductus
1138 2309 1228 2335 luerit.
1248 2307 1324 2334 Unde
1352 2311 1429 2341 poles
1454 2311 1622 2340 cognoscere
1644 2302 1710 2329 mihi
1739 2308 1817 2328 com-

1025 2360 1102 2391 perta
1122 2362 1181 2383 esse
1194 2354 1285 2382 omnia
1302 2358 1348 2380 tua
1372 2352 1480 2383 deliria,
1499 2355 1526 2378 et
1547 2357 1589 2376 tne
1606 2349 1650 2376 illa
1684 2348 1732 2376 tibi
1758 2348 1818 2375 sin-

1025 2410 1088 2431 cere
1100 2405 1306 2436 repraesentare.
1322 2399 1427 2426 Rursus
1441 2405 1506 2425 vero
1530 2396 1597 2432 [ηιμ
1621 2394 1818 2430 Mubammed.

1025 2453 1053 2476 et
1072 2448 1211 2483 ingressus
1225 2451 1268 2473 est
1289 2447 1384 2473 urbem
1400 2451 1447 2472 seu
1471 2448 1591 2470 castrum
1622 2440 1746 2475 aliquod,
1763 2447 1818 2466 una

1027 2503 1088 2522 cum
1127 2493 1234 2524 turbis,
1259 2499 1319 2525 quae
1354 2490 1426 2517 illius
1450 2490 1578 2524 dogmata
1609 2487 1689 2513 nimis
1725 2485 1820 2513 faciles

1027 2540 1209 2568 crediderant.
1239 2538 1380 2572 Ingressus
1407 2542 1449 2563 est
1474 2542 1539 2570 ergo
1565 2532 1747 2566 diversorium
1769 2538 1818 2558 seu

1028 2587 1174 2621 hospitium
1204 2589 1231 2611 et
1267 2588 1339 2610 metu
1385 2582 1481 2609 mortis
1513 2587 1596 2615 quam
1644 2578 1748 2605 Arabes
1780 2576 1818 2603 illi

1028 2639 1130 2661 certam
1146 2632 1319 2658 intentabant
1341 2628 1377 2656 ibi
1401 2629 1445 2655 diu
1463 2628 1552 2655 latuit.
1570 2626 1736 2653 Invenerunt
1753 2629 1820 2649 vero

1030 2678 1193 2707 iinArubes
1206 2676 1290 2703 alium
1321 2674 1521 2702 Mnhammcdis
1546 2670 1713 2699 avunculum
1744 2668 1820 2696 Abu-

1025 2725 1167 2755 bakerum.
1182 2724 1282 2757 illoque
1297 2725 1423 2755 correpto
1447 2719 1576 2747 dixerunt
1592 2726 1599 2745 :
1618 2715 1710 2743 Indica
1741 2714 1821 2743 nobis

1026 2769 1070 2796 ubi
1089 2769 1169 2795 lateat
1182 2766 1383 2794 Mnhaunnedes
1395 2774 1402 2797 ;
1413 2764 1483 2791 dixit
1499 2761 1644 2789 Abubaker
1662 2767 1725 2787 cum
1738 2759 1820 2794 jura-

1026 2818 1118 2841 mento
1133 2821 1141 2840 :
1158 2813 1186 2840 Si
1205 2820 1248 2839 me
1268 2810 1430 2842 dimittatis,
1455 2809 1477 2836 si
1498 2805 1717 2834 Multammcdem
1744 2805 1820 2832 inve-

1027 2859 1111 2890 niant,
1132 2866 1179 2892 per
1201 2857 1284 2884 Deum
1319 2857 1508 2883 miseratorcm
1541 2858 1567 2880 et
1604 2850 1819 2884 misericordem,

1026 2904 1101 2932 illum
1117 2903 1242 2931 manibus
1258 2906 1284 2931 et
1300 2900 1420 2928 brachiis
1434 2899 1554 2927 vinctum
1565 2896 1599 2924 ad
1614 2904 1660 2924 vos
1674 2895 1819 2924 deducam.
