1932 3067
171 225 323 260 νοηίιεηξο
336 225 482 254 Abuhaker
498 228 532 255 ad
546 227 808 261 Mnhammudeut,et
819 228 856 255 illi
870 229 955 256 dixit:
973 231 996 259 Α

169 271 203 298 ad
221 275 246 298 te
262 272 379 304 accessi,
395 277 424 300 ut
439 277 465 301 te
479 274 599 302 brachiis
630 273 750 300 vinctqu
778 277 806 300 et
842 275 960 301 constri-

169 322 245 343 ctum
281 317 315 344 ad
344 318 451 345 Arabas
493 320 681 354 perducerem.
713 318 868 352 Exsurgens
896 325 960 346 vero

170 354 353 396 Muhammed,
370 363 562 391 Abubakerum
582 364 655 391 ulnis
678 369 705 390 et
725 363 845 390 brachiis
878 370 957 391 com-

169 409 264 441 plexus
277 414 321 436 est
340 414 368 437 et
387 409 424 437 ita
450 411 627 437 vehementer
656 410 731 437 illum
757 410 907 444 stringebat
930 414 958 438 et

169 454 418 488 comprimebat,ut
443 454 498 489 jam
534 456 618 483 animi
643 455 793 490 deliquium
817 455 956 483 videretur

168 505 312 533 passurus.
325 501 478 536 Regerebat
493 509 557 537 ergo
567 501 711 529 Abubaker
724 511 731 529 :
744 501 876 529 Miserere
890 502 954 535 mei,

168 545 356 577 potentissime
374 547 420 574 Dei
440 555 529 579 serve,
548 555 619 575 nunc
642 555 692 583 ego
709 555 830 581 agnosco
843 552 869 574 te
890 554 952 575 esse

741 172 1024 203 RIRTIIOLORLEI
1046 173 1231 203 EDESSENI

1733 173 1802 206 1436

1010 227 1080 254 ὥστε
1094 228 1303 263 ὀλιγοθύμησεν.
1317 229 1372 255 Καὶ
1386 226 1463 255 εἴπεν
1485 228 1561 264 αὺτῷ
1579 230 1593 256 0
1611 229 1802 265 Ἂποπάχρης·

1016 274 1155 309 Ἐλέησον,
1181 271 1204 301 ὦ
1224 274 1300 301 δοῦλε
1326 274 1375 301 τοῦ
1392 274 1472 302 Θεοῦ·
1492 275 1541 302 νῦν
1569 276 1623 311 γὰρ
1644 276 1741 310 εγνων,
1759 277 1803 304 ὅτι

1007 319 1153 354 προφήτης
1164 316 1190 346 εἷ
1201 320 1244 351 σὺ,
1257 319 1306 346 καὶ
1317 319 1467 352 ἀπόστολος
1478 319 1557 347 Θεοῦ.
1570 321 1625 347 Καὶ
1634 319 1712 347 εἶπεν
1724 321 1802 356 αὐτῷ

1006 367 1021 393 0
1034 367 1196 402 Μουχάμετι
1220 366 1283 394 Ἐὰν
1302 366 1456 402 ἀληθεύοις,
1479 367 1653 403 ’Λποπάχρη,
1668 367 1801 403 ἐπιθήσει

1006 412 1054 438 καὶ
1065 413 1098 439 σὺ
1114 413 1173 448 μετ’
1190 412 1270 447 ἐμοῦ,
1285 413 1342 440 Καὶ
1352 410 1432 439 εἶπεν
1447 413 1461 439 0
1483 413 1660 448 ’Δποπάκρης
1674 413 1714 448 τῷ
1724 413 1801 441 Μου-

1004 457 1104 493 χάμετ·
1124 458 1323 494 ’Λρματώθητι
1339 458 1410 493 μετὰ
1424 457 1472 485 τοῦ
1496 458 1563 486 λαοῦ
1591 467 1649 491 σου,
1673 459 1721 486 καὶ
1738 458 1801 485 ἐλθὲ

1012 503 1071 539 μετ’
1086 503 1164 538 ὲμοῦ,
1182 503 1257 534 ὅπως
1272 503 1455 538 ἐξαφήσωμεν
1467 503 1580 536 αὐτοὺς,
1594 503 1636 530 ὅτι
1651 503 1801 538 ἀμέριμνοι

1007 549 1087 581 εἰσιν,
1102 548 1150 574 καὶ
1161 547 1376 583 ἁρματώθησαν.

167 591 326 625 prophetam
339 598 366 621 et
375 594 525 628 apostolum
539 593 598 621 Dei.
617 593 654 620 Illi
670 601 733 622 vero
748 594 788 620 sic
821 593 881 620 inﬁt
901 593 1074 621 Muhammed
1093 603 1100 622 :
1122 593 1150 621 Si
1169 602 1233 621 vera
1257 594 1338 626 dicis,
1372 601 1389 620 0
1415 593 1572 625 Abubaker,
1581 600 1679 628 operas
1693 598 1718 619 et
1731 601 1800 618 ron-

167 637 226 663 silia
243 643 336 665 nostra
351 639 431 666 simul
453 640 579 667 uuiamus
593 645 619 666 et
635 639 781 667 sociemus.
799 639 872 666 Dixit
905 647 970 666 vero
989 639 1132 667 Abubaker
1147 648 1155 667 :
1173 641 1257 667 Arma
1272 647 1386 675 capesse
1402 647 1464 667 cum
1490 639 1588 674 populo
1611 644 1658 667 luo
1682 645 1710 666 et
1734 639 1799 666 veni

167 689 271 708 lin-vum
290 689 317 710 ut
332 685 436 712 Arabas
447 685 596 716 deleamus,
609 685 646 712 illi
660 685 759 720 quippe
781 690 844 712 sunt
869 684 998 719 imparati
1016 688 1044 712 et
1059 685 1116 712 otio
1131 686 1242 720 sepulti.

201 727 339 756 (Iuntinuo
355 736 420 764 ergo
432 730 465 756 ad
479 737 553 757 arma
563 734 756 764 proruperunt,
774 734 801 757 et
809 728 956 756 Abnbaker

167 781 229 799 rum
248 773 439 802 Muhammede
450 775 541 802 subita
557 774 709 809 irruptione
726 774 867 810 fregerunt
887 775 957 800 Ara-

169 818 227 850 bas,
245 823 273 846 et
290 819 383 847 abillo
398 825 518 854 tempore
548 821 634 848 victor
656 827 766 854 semper
786 819 885 847 evasit.
908 818 956 846 Vi-

169 864 263 891 dentcs
277 873 341 892 vero
354 866 438 893 turbae
453 865 671 894 Muhammedem
685 867 785 900 ubique
797 884 800 890 λ
810 866 950 895 victorem.
970 869 990 896 Β

167 909 201 934 ad
222 909 296 936 illum
316 910 413 943 majori
422 910 499 945 copia
520 911 546 937 in
561 910 620 938 dies
634 910 835 939 conﬂuxerunt.
851 910 953 938 EtMu-

167 955 292 982 hammed
308 956 341 982 de
356 963 426 984 novo
439 964 470 983 ex
487 956 642 990 junioribus
668 961 697 984 et
708 958 953 991 pmstantiorihus.

165 1000 317 1027 exercitum
333 1002 505 1036 conscripsit,
521 1007 548 1030 et
575 1002 689 1030 veniens
708 1002 828 1030 Meccam
857 1003 953 1037 proﬂi-

165 1047 240 1080 gavit
253 1048 370 1081 Arabas,
388 1054 415 1076 et
432 1049 527 1077 urbem
553 1054 581 1078 et
606 1058 696 1078 arcent
711 1050 889 1086 expugnavit.
910 1050 955 1077 Vi-

165 1093 242 1120 ribus
265 1101 331 1121 vero
349 1094 438 1122 auctis
463 1101 559 1122 omnes
580 1095 805 1129 circumjacentes
830 1096 955 1130 regiones

165 1139 320 1174 occupavit.
337 1139 371 1166 Et
387 1139 473 1174 legem
499 1140 558 1168 ﬁxit
579 1148 632 1175 qua
658 1141 847 1173 sanciebatur.
877 1147 906 1168 ut
932 1141 953 1168 si

164 1184 227 1218 quis
244 1184 460 1213 Mnhammedem
492 1187 653 1220 prophetam
669 1191 697 1212 et
723 1186 878 1220 apostolum
907 1187 954 1214 Dei

165 1236 219 1255 non
232 1230 418 1263 conﬁteretur,
436 1232 529 1259 statim
546 1238 634 1259 morte
646 1232 824 1266 plecteretur,
840 1237 868 1259 et
880 1237 953 1259 metu

164 1275 259 1302 mortis
271 1277 491 1304 numerosissima
505 1277 645 1304 turbarum
656 1278 745 1312 copia,
760 1278 833 1305 illius
855 1278 953 1304 vexilla

164 1321 340 1356 sequebatur,
359 1327 386 1349 et
401 1322 474 1350 illius
500 1323 653 1350 doctrinam
672 1324 897 1359 amplectebatur.
908 1324 954 1351 Sic

163 1367 253 1394 varias
274 1368 394 1396 Arabum
410 1369 503 1404 plagas
517 1374 545 1396 et
563 1369 643 1396 nrbes
657 1370 812 1404 occupavit,
830 1370 954 1397 tandem-

162 1419 215 1444 que
230 1414 354 1446 pervenit
366 1414 398 1440 ad
420 1414 509 1441 locum
529 1415 639 1442 nomine
657 1414 827 1447 ’I‘sumtsum,
850 1416 875 1442 id
899 1420 951 1448 est,

163 1461 258 1490 puteus
277 1459 436 1491 profundus.
453 1458 534 1486 Juxta
551 1467 616 1486 vero
629 1465 739 1494 puteum
750 1466 810 1487 erat
823 1462 890 1488 urhs
901 1469 950 1488 seu

163 1508 283 1529 cast-rum
302 1504 410 1531 nomine
424 1504 543 1538 Susaita,
558 1505 582 1531 id
602 1510 653 1537 est,
672 1505 740 1540 lapis
754 1506 832 1540 niger
847 1511 874 1533 et
902 1507 950 1533 oh-

162 1555 268 1580 scurus.
284 1550 355 1584 quod
373 1558 434 1577 cum
452 1557 664 1586 expugnassent,
689 1552 715 1578 in
749 1552 795 1579 illo
815 1552 951 1587 captivam

162 1595 425 1628 romprehemlernnt
444 1597 560 1623 vetulam
579 1598 724 1632 quamdam
752 1605 812 1624 cum
843 1603 949 1632 septem

162 1638 254 1666 liberis
276 1642 341 1668 suis.
362 1641 435 1668 Illam
456 1650 519 1670 vero
538 1644 579 1670 sic
610 1649 671 1670 sunt
689 1644 799 1672 adorti:
825 1644 865 1671 Tu
889 1653 950 1672 cunt

163 1684 256 1712 lib-mis
283 1688 347 1718 tuis,
370 1688 452 1715 crede
466 1689 491 1715 in
511 1688 746 1722 Muhanunedem.
765 1695 792 1716 et
819 1691 844 1717 in
867 1691 950 1718 Deutn

162 1731 244 1764 illius,
260 1732 321 1766 quia
335 1738 376 1759 est
390 1734 519 1767 propheta
535 1740 562 1760 et
575 1735 716 1769 apostolus
749 1735 806 1763 Dei.
829 1736 875 1763 Illa
902 1745 950 1763 au-

162 1782 214 1803 tem
229 1777 268 1804 sic
281 1778 314 1805 ad
324 1785 391 1806 eos:
408 1779 505 1813 Quaeso
520 1781 595 1806 illmn
613 1782 704 1808 statim
722 1782 836 1813 videam,
846 1787 873 1809 et
888 1790 949 1809 cum

161 1821 207 1848 illo
235 1822 384 1850 conferam.
413 1823 470 1857 Qua
496 1826 640 1852 c-nfestim
664 1827 696 1852 ad
726 1826 948 1854 Mnhammedcm

160 1868 377 1901 perducta,dixit
388 1878 395 1896 :
405 1869 497 1903 Quare
514 1876 539 1898 le
552 1879 635 1899 vocas
654 1874 814 1906 prophetam
828 1878 855 1900 et
867 1881 949 1907 apos~

160 1914 259 1947 tolum,
278 1915 367 1950 qualis
385 1921 428 1944 est
454 1917 525 1944 Deus
547 1923 626 1952 tuus;
647 1927 697 1954 ego
724 1919 833 1954 quidem
861 1920 948 1948 Vene-

160 1966 221 1988 rem
231 1965 258 1988 et
277 1961 447 1997 Phosporum
467 1964 542 1991 sidus
560 1973 608 1999 pro
622 1966 780 1993 numinibus
807 1966 907 1999 habeo,
920 1972 948 1994 tu

159 2015 224 2034 vero
239 2008 345 2042 qualem
363 2009 446 2037 Deum
474 2010 559 2038 habes
570 2016 596 2038 et
615 2012 705 2039 colis?
719 2011 870 2046 llespomlit
895 2014 950 2041 Mn-

161 2055 288 2082 lmmmed
308 2064 316 2082 :
335 2055 384 2083 Est
399 2056 470 2084 allus
489 2056 571 2089 Deus,
589 2058 668 2085 habet
681 2065 774 2087 servos
790 2059 947 2087 Michaelem

156 2105 184 2126 et
203 2100 369 2128 Gabrielem.
393 2102 467 2130 Illius
493 2110 553 2130 sum
578 2104 726 2137 apostolus.
749 2105 820 2131 Dixit
835 2105 946 2133 vetula:

159 2142 212 2170 Ubi
234 2144 340 2171 habitat
365 2145 418 2173 iste
440 2145 513 2174 Deus
539 2154 621 2181 quem
645 2149 807 2176 annuntias‘!
826 2149 949 2177 Muham-

158 2190 218 2242 med
235 2191 340 2242 palmas
368 2192 402 2219 ad
425 2192 514 2220 sidera
536 2193 645 2226 tollens,
663 2196 801 2229 respondit
815 2203 824 2222 :
838 2196 949 2224 Habitat
966 2216 988 2242 υ

158 2235 184 2262 iu
200 2236 281 2264 caelo.
298 2236 418 2273 Urgebat
437 2239 528 2266 vetula
543 2247 551 2266 :
566 2239 607 2266 An
626 2245 655 2268 tu
676 2240 750 2268 solus
776 2241 850 2269 illum
864 2243 948 2276 nosti,

157 2289 191 2308 an
215 2290 280 2311 vero
295 2284 408 2319 populus
420 2289 482 2313 tuus
496 2287 578 2313 etiam
601 2291 690 2314 tecum
706 2287 781 2315 illum
803 2289 896 2315 novit?
909 2291 950 2317 An

158 2328 230 2355 illius
251 2336 303 2356 vox
319 2331 424 2357 accedit
448 2331 481 2358 ad
498 2339 592 2359 vocem
612 2332 751 2359 hominum
769 2338 952 2367 terrenarum,

156 2382 190 2400 an
205 2381 269 2401 vero
277 2374 311 2401 ab
322 2375 366 2401 illa
375 2376 521 2411 discrepat.
533 2377 682 2412 Respondit
695 2377 866 2406 Muhammed
877 2388 885 2407 :
897 2379 953 2407 Nec

156 2427 205 2454 ego
221 2419 305 2447 Deum
314 2421 421 2454 n0vi,et
433 2423 565 2457 primam
578 2423 669 2458 populi
682 2425 716 2450 ad
732 2424 804 2452 illius
817 2426 950 2461 cognitio-

157 2474 218 2493 nem
229 2474 282 2494 non
295 2472 438 2501 potuerunt
449 2470 530 2496 etiam
542 2471 824 2504 assurgereJnstabat
838 2472 927 2499 vetula
940 2482 946 2500 :

1042 728 1141 755 Λαόὼν
1166 727 1212 756 οὖν
1240 730 1254 756 0
1287 729 1466 764 Ἀποπάκρης
1491 728 1536 755 τὸν
1564 729 1725 764 Μουχάμετ,
1749 729 1800 757 καὶ

1007 774 1129 809 ἀπῆλθον
1156 775 1226 810 πρὸς
1252 775 1316 807 τοὺς
1347 774 1501 810 Ἀρῤαϐας,
1523 775 1570 801 καὶ
1589 774 1717 810 ἐνίκησεν
1748 776 1800 802 ἀπ’

1008 820 1117 854 ἐκείνης
1135 821 1185 856 τῆς
1207 819 1293 856 ὥρας.
1325 820 1436 852 Ἰδόντες
1465 820 1480 846 0
1497 819 1562 851 λαὸς
1586 820 1633 846 τὸν
1649 821 1800 855 Μουχάμετ

1004 867 1163 902 νικήσαντα,
1177 866 1307 902 ὲμαζώθη
1337 866 1422 897 πολὺς
1436 866 1509 898 λαὸς,
1533 866 1582 893 καὶ
1599 866 1800 900 ἔφουαάτουσεν

1005 912 1038 938 ἐκ
1057 912 1124 938 νέων
1139 913 1155 938 0
1180 912 1331 946 Μουχάμετ
1357 911 1505 939 κατεπάνω
1535 918 1610 944 τους,
1636 911 1684 938 καὶ
1713 911 1800 938 ἐλθὼν

1005 957 1045 988 εις
1063 956 1109 983 τὸν
1123 956 1207 983 Μακᾶ
1221 956 1366 987 ὲτζάκισεν
1381 955 1445 987 τοὺς
1469 954 1622 990 ’Λῤῥαὸας,
1639 954 1687 981 καὶ
1701 954 1801 981 ama-

1005 1001 1069 1027 σιτο
1081 1001 1112 1027 τὸ
1129 1000 1258 1035 κάστρον.
1287 1001 1342 1027 Καὶ
1358 999 1560 1035 ινεδυναμώοη,
1578 1000 1626 1026 καὶ
1650 999 1746 1026 ἔλαϐεν
1765 998 1800 1026 τὰ

1005 1047 1157 1082 περίχωρα,
1185 1046 1233 1073 καὶ
1253 1045 1460 1081 ἐνομοθέτησεν
1477 1045 1575 1077 ’Ὅστις
1605 1045 1636 1072 οὐ
1664 1045 1737 1079 λέγει
1753 1046 1800 1072 τὸν

1005 1092 1157 1128 Μουχάμιτ
1176 1093 1319 1127 προφήτην
1331 1092 1379 1118 καὶ
1409 1091 1570 1122 ἀπόστολον,
1585 1091 1695 1127 θανάτῳ
1709 1090 1800 1117 τελευ-

1004 1139 1094 1174 τήσει.
1111 1139 1165 1165 Καὶ
1175 1139 1220 1165 διὰ
1229 1137 1276 1164 τὸν
1288 1138 1372 1173 φόϐον
1382 1137 1431 1165 τοῦ
1448 1137 1564 1165 θανάτου
1579 1137 1662 1170 πολὺς
1679 1137 1799 1173 ἀριθμὸς

1004 1184 1113 1218 ἐγένετο
1142 1184 1202 1219 μετ’
1231 1183 1326 1216 αὑτοῦ,
1348 1185 1397 1211 καὶ
1424 1184 1587 1211 ἐπίστευσεν
1620 1184 1712 1212 αὐτόν.
1741 1185 1799 1212 Καὶ

1004 1231 1100 1257 ἔλαϐεν
1112 1231 1219 1266 κάστρη
1231 1231 1280 1258 καὶ
1288 1231 1382 1265 χώρας
1400 1231 1455 1257 τῶν
1476 1230 1630 1266 ⁸Λῤῥά6ων,
1648 1230 1696 1257 καὶ
1711 1230 1799 1257 ἐλθὼν

1003 1277 1043 1308 si;
1059 1276 1140 1303 τόπον
1157 1276 1305 1312 λεγόμενον
1327 1276 1513 1312 Ζουνζούμην,
1529 1276 1603 1302 τοῦτ’
1626 1276 1702 1302 ἐστιν
1717 1275 1799 1310 βυθὸς

1004 1322 1099 1358 βαθύς.
1115 1323 1170 1350 Καὶ
1181 1323 1265 1357 ἐγγὺς
1280 1322 1364 1350 αὑτοῦ
1375 1321 1409 1359 ἦν
1419 1323 1538 1357 κάστρον
1551 1322 1638 1356 ὄνομα
1648 1322 1797 1353 Σουσαττα,

1003 1369 1076 1396 τοῦτ’
1094 1368 1168 1396 ἔστιν
1194 1369 1299 1404 μαῦρον
1315 1369 1403 1400 λίθον,
1429 1368 1476 1396 καὶ
1494 1367 1649 1404 παρέλαϐεν
1667 1368 1736 1395 αὐτὸ
1750 1367 1796 1394 διὰ

1002 1415 1134 1451 ⁸πολέμου.
1157 1416 1352 1452 Κρατήσαντες
1370 1415 1436 1450 γοῦν
1452 1416 1570 1449 γυναῖκα
1591 1414 1680 1449 γραῦν
1701 1415 1751 1440 σὺν
1767 1412 1798 1446 ζ’

1002 1460 1120 1492 τέκνοις,
1139 1461 1188 1488 καὶ
1203 1458 1280 1487 ιῐπον
1297 1461 1379 1496 αὺτῇ⁸
1396 1460 1545 1487 Πίστευσον
1558 1459 1607 1486 σὺν
1622 1460 1681 1490 τοῖς
1693 1459 1799 1489 τέκνοις

1004 1514 1051 1533 σου
1068 1505 1109 1537 εἰς
1124 1505 1171 1532 τὸν
1189 1505 1353 1540 Μουχάμετ,
1381 1505 1430 1532 καὶ
1448 1505 1488 1536 εις
1500 1504 1546 1531 τὸν
1562 1503 1629 1530 Θεὸν
1649 1503 1741 1534 αὑτοῦ,
1757 1504 1799 1530 ὅτι

1006 1551 1080 1578 ἐστὶν
1097 1553 1240 1587 προφήτης
1253 1552 1300 1578 καὶ
1320 1551 1470 1582 ἀπόστολος
1484 1550 1564 1577 Θεοῦ.
1580 1550 1662 1584 Λέγει
1690 1550 1796 1581 αὐτοῖς·

1008 1599 1056 1629 Ἃς
1073 1598 1120 1624 τδω
1135 1598 1226 1630 αὑτὸν,
1243 1598 1287 1624 ἵνα
1303 1597 1428 1632 συντύχω
1446 1596 1506 1632 μετ’
1522 1596 1615 1624 αὑτοῦ.
1642 1597 1799 1631 Ἀπήγαγον

1004 1641 1051 1670 οὖν
1065 1643 1150 1679 αὐτὴν
1164 1643 1231 1679 πρὸς
1245 1643 1338 1676 αὐτὸν,
1352 1643 1400 1670 καί
1413 1651 1481 1678 φησι
1494 1643 1562 1678 πρὸς
1572 1643 1619 1669 τὸν
1631 1643 1797 1678 Μουχάμετ²

1005 1689 1092 1716 Πόθεν
1108 1689 1202 1720 καλεῖς
1214 1689 1310 1716 ἑαυτὸν
1328 1689 1484 1724 προφήτην.
1500 1689 1548 1716 καὶ
1565 1689 1727 1720 ἀπόστολον,
1746 1689 1795 1715 καὶ

1006 1737 1081 1767 ποῖός
1109 1737 1183 1762 ἐστιν
1201 1736 1216 1762 0
1233 1735 1299 1767 Θεός
1327 1736 1391 1769 σου“;
1418 1735 1489 1770 Ἐγὼ
1505 1735 1571 1762 Θεὸν
1584 1735 1723 1769 γινώσκω,
1748 1735 1800 1769 τὴν

1012 1781 1182 1817 Ἀφροδίτην,
1201 1781 1232 1808 τὺ
1246 1782 1387 1815 ἑωσφόρον
1399 1781 1511 1817 ἄστρον,
1526 1782 1575 1808 tab
1588 1782 1665 1808 ποῖον
1674 1781 1720 1807 τὸν
1732 1781 1801 1807 Θεὸν

1004 1827 1112 1860 καλεῖς;
1128 1828 1211 1861 Λέγει
1225 1828 1308 1863 αὐτῇ·
1326 1827 1422 1860 ’Λλλος
1436 1827 1501 1859 Θεός
1514 1828 1599 1854 ἐστιν.
1615 1828 1692 1862 Ἔχει
1706 1826 1801 1854 δοῦλον

1004 1874 1114 1909 Μιχαὴλ
1126 1874 1173 1901 καὶ
1188 1873 1319 1910 Γαϐριήλ.
1336 1869 1456 1901 Ἐκεῖνοι)
1471 1875 1529 1908 ειμι
1543 1873 1699 1904 ἀπόστολος.
1715 1873 1801 1907 Λέγει

1003 1920 1020 1955 ὴ
1035 1920 1133 1954 γραῦς·
1149 1920 1204 1946 Καὶ
1223 1919 1275 1946 ποῦ
1290 1920 1414 1945 κατοικεῖ
1433 1919 1513 1949 αὐτὸς
1528 1919 1542 1945 0
1555 1919 1631 1950 Θεὸς.
1646 1918 1674 1945 ὃν
1690 1918 1799 1953 λέγει;;

1004 1966 1059 1992 Καὶ
1068 1964 1143 1992 εἶπεν
1155 1966 1235 2000 αὐτῇ·
1249 1965 1294 1991 Ἐν
1310 1964 1348 1999 τῷ
1358 1965 1477 2000 οὐρανῷ,
1491 1965 1547 1992 ἄνω
1560 1965 1650 1996 δείξας
1659 1966 1692 2000 τῇ
1708 1964 1794 2000 χειρί.

1002 2012 1084 2046 Λέγει
1097 2013 1113 2046 ἡ
1126 2011 1222 2046 γραῦς·
1239 2011 1274 2038 Σὺ
1297 2011 1378 2044 μόνος
1391 2009 1465 2042 οἶδας
1485 2011 1579 2042 αὑτὸν,
1598 2010 1614 2046 ἢ
1632 2012 1679 2037 καὶ
1696 2011 1712 2036 0
1733 2010 1802 2042 λαός

1003 2066 1050 2084 σου
1063 2067 1070 2090 ;
1086 2057 1133 2084 καὶ
1147 2058 1163 2092 ἡ
1179 2057 1255 2092 φωνὴ
1271 2056 1366 2088 αὑτοῦ,
1381 2056 1419 2088 ὡς
1435 2057 1452 2090 ἡ
1466 2055 1546 2091 ἡμῶν
1561 2056 1662 2091 χοῖκῶν
1679 2057 1765 2087 ἐστιν,
1781 2056 1800 2090 ἢ

1002 2104 1067 2139 παρ’
1081 2104 1166 2138 αὐτὴν
1179 2103 1260 2137 ξένης
1277 2102 1358 2135 Λέγει
1371 2103 1386 2127 0
1399 2101 1559 2136 Μουχάμετ·
1581 2101 1643 2128 Οὐδ’
1657 2100 1713 2135 ἐγὼ
1739 2099 1802 2128 οἶδα

1001 2150 1047 2177 τὸν
1063 2149 1139 2181 Θεὸν,
1155 2149 1216 2176 οὔτε
1234 2150 1258 2176 οἱ
1287 2148 1481 2184 περιεστῶτες.
1509 2149 1591 2183 Λέγει
1605 2149 1622 2183 ἡ
1640 2147 1741 2184 γραῦς·
1759 2148 1801 2174 Σὺ

1001 2197 1092 2231 λέγεις
1104 2197 1147 2223 ὃτι
1165 2195 1230 2231 μίαν
1245 2195 1414 2222 διασκέλισιν
1429 2194 1529 2229 ἀνέεης
1542 2195 1584 2226 εἰς
1596 2195 1643 2222 τὸν
1660 2194 1729 2221 Θεὸν
1747 2194 1801 2221 σὺν

1002 2243 1058 2273 τοῖς
1073 2240 1227 2272 σανδαλίοις
1241 2249 1299 2268 σου.
1317 2240 1371 2267 Καὶ
1390 2239 1465 2276 τὼρα
1475 2240 1575 2274 λέγεις.
1593 2240 1652 2266 υὺχ
1668 2237 1727 2267 οἶδα.
1749 2240 1803 2266 αὒ-

1001 2288 1066 2321 τόν;
1081 2287 1140 2318 πῶς
1154 2287 1280 2314 καλεῖσαι
1298 2289 1442 2323 προφήτης
1455 2287 1503 2314 καὶ
1518 2286 1687 2318 ἀπόστολυςς
1715 2285 1805 2319 Λέγει

1002 2335 1016 2362 0
1030 2334 1189 2369 Μουχὰμετ·
1201 2333 1284 2360 ’Λλλὰ
1293 2333 1466 2370 ἀρχάγγελος
1475 2332 1544 2360 Θεοῦ
1558 2332 1668 2368 ἔρχεται
1681 2332 1751 2367 πρός
1764 2340 1804 2366 με

1003 2380 1066 2408 καθ’
1086 2380 1206 2414 ἑκάστην
1220 2379 1250 2405 τὸ
1264 2379 1351 2415 ὄνομα
1364 2379 1498 2415 Γαϐριὴλ,
1510 2379 1558 2406 καὶ
1572 2377 1736 2412 ἀναγγέλλει
1751 2386 1804 2413 μοι

1005 2427 1070 2462 περὶ
1083 2424 1120 2453 ὧν
1135 2426 1218 2460 λέγω.
1227 2425 1334 2461 Λέγειὴ
1346 2425 1445 2462 γραῦς·
1454 2426 1541 2452 Ὅταν
1553 2433 1601 2452 σου
1609 2424 1687 2451 λαλεῖ
1700 2425 1714 2451 0
1729 2424 1806 2459 ἀρχ-

1003 2472 1129 2507 άγγελος,
1141 2472 1173 2498 σὺ
1187 2471 1268 2506 μόνος
1279 2472 1402 2504 ἀκούεις,
1417 2472 1434 2507 ἢ
1453 2471 1501 2498 καὶ
1512 2471 1526 2497 0
1541 2471 1606 2502 λαός
1626 2479 1691 2502 σου;

155 2512 295 2544 Quomodo
307 2514 364 2541 haec
374 2513 527 2548 quadram?
538 2515 618 2541 modo
627 2515 737 2542 dicebas
746 2520 772 2543 te
787 2517 867 2543 unico
884 2525 965 2552 passu
984 2523 1009 2545 et
1024 2517 1100 2552 quasi
1121 2517 1201 2544 unica
1218 2517 1417 2545 subsultatione
1453 2521 1478 2544 te
1496 2524 1556 2544 cum
1582 2516 1710 2544 sandaliis
1744 2515 1805 2543 tuis

156 2560 240 2587 melos
248 2561 393 2588 ascendere
401 2565 425 2587 et
436 2561 502 2588 lead
517 2560 599 2588 Deum
610 2569 696 2596 usque
705 2563 866 2596 pervenire;
883 2571 955 2591 nunc
973 2572 1040 2592 vero
1057 2564 1124 2592 dicis
1140 2569 1167 2590 te
1193 2570 1244 2590 non
1266 2571 1346 2591 nosse
1361 2563 1456 2591 Deum.
1472 2562 1614 2597 Quomodo
1636 2567 1712 2597 potes
1728 2571 1802 2598 ergo

156 2607 227 2633 illius
241 2608 369 2641 propheta
390 2613 418 2634 et
443 2608 581 2641 apostoltn
602 2608 711 2634 vocari?
731 2608 777 2635 Sic
798 2613 851 2641 est,
885 2610 972 2644 inquit
991 2609 1175 2641 Muhammed.
1196 2608 1244 2636 sed
1257 2608 1366 2637 Gabriel
1393 2609 1573 2644 archangelus
1601 2608 1647 2636 Dei
1683 2609 1717 2636 ad
1749 2617 1799 2638 me

157 2653 392 2687 quotidieaccedit
406 2658 434 2680 et
447 2661 478 2681 ea
504 2654 570 2681 mihi
597 2654 699 2680 revelat
711 2662 771 2688 quze
797 2655 873 2683 vobis
901 2657 1032 2684 annuntio
1061 2657 1193 2690 Pergebat
1222 2656 1322 2688 vetula,
1337 2662 1364 2683 et
1384 2656 1596 2684 dicebat:Cum
1622 2656 1727 2683 accedit
1759 2664 1799 2684 ac

158 2699 279 2733 loquitor
297 2699 418 2734 angelus,
436 2707 469 2726 an
485 2705 512 2726 tn
530 2700 603 2726 solus
620 2700 693 2727 illum
709 2702 798 2734 audis,
815 2709 848 2729 an
878 2710 942 2731 vero
960 2703 1074 2738 populus
1089 2702 1162 2729 ilhtm
1174 2701 1257 2729 etiam
1269 2702 1366 2728 audit?

197 2744 227 2772 Si
244 2753 338 2773 omnes
352 2747 475 2778 audiunt,
492 2754 588 2774 omnes
605 2753 667 2774 sunt
685 2749 800 2782 apostoli
829 2749 946 2777 archan-

1038 2749 1069 2776 El
1087 2749 1136 2784 μὲν
1160 2749 1210 2775 σὺν
1231 2750 1288 2780 τοῖς
1305 2748 1405 2784 ὄχλοις.
1436 2747 1538 2780 πάντες
1562 2747 1632 2773 slolv
1655 2746 1806 2773 ἀπόστολοι

157 2790 221 2825 geli,
237 2796 264 2817 et
277 2796 303 2818 tu
320 2792 435 2827 gratiam
456 2792 573 2827 aliquam
595 2798 621 2819 ct
653 2794 813 2821 beneﬁcium
837 2795 946 2830 aliquod

1005 2796 1048 2824 τοῦ
1070 2795 1254 2831 ἀρχαγγέλου,
1270 2795 1318 2822 xz‘.
1339 2796 1372 2821 σὺ
1388 2795 1469 2830 χάριν
1494 2794 1546 2821 οὐκ
1561 2793 1644 2828 ἔχεις.
1673 2793 1705 2821 El
1718 2793 1746 2820 δὲ
1766 2795 1806 2821 σὺ

159 2836 412 2871 peculiarcjactarc
440 2846 492 2866 non
507 2845 594 2873 potes.
612 2838 640 2866 Si
674 2846 737 2866 vero
763 2840 837 2868 solus
857 2842 946 2873 audis.

1006 2842 1096 2878 μόνος,
1113 2843 1126 2869 0
1141 2841 1313 2877 ἅρχάγγελός
1332 2842 1407 2869 ἐστιν
1423 2842 1584 2873 ἁπόπολος,
1599 2841 1645 2868 καὶ
1659 2842 1691 2867 σὺ
1710 2840 1803 2872 οὐδὲν,

161 2881 338 2915 archangelus
351 2888 391 2911 cs:
405 2884 550 2919 apostolus,
563 2887 590 2911 to
607 2891 670 2912 vero
678 2892 789 2919 prorsus
806 2886 892 2918 nihil;
907 2894 947 2915 tc-

1005 2890 1037 2917 σὺ
1051 2889 1096 2916 οὖν
1113 2890 1208 2915 ἑαυτὸν
1226 2889 1375 2915 ἀπόστολον
1389 2889 1427 2924 μὴ
1443 2889 1547 2920 καλεῖς.
1563 2888 1645 2923 Λέγει
1657 2890 1670 2915 0
1687 2887 1806 2924 Manli-
