1932 3067
169 192 236 227 1437

769 191 1007 222 CONFUTATIO
1026 192 1208 223 AGARENI.

1732 193 1800 226 H38

170 256 232 284 μετ’
251 247 372 284 Στρέψον
390 248 520 283 σεαυτὴν,
546 247 582 283 μή
599 255 657 278 πως
675 249 835 282 κατεκοπῇς
854 248 897 281 σὺ,
912 253 959 275 καὶ

1021 255 1098 283 psum
1122 255 1187 282 ergo
1222 246 1373 283 apostolum
1404 255 1458 274 non
1475 247 1591 282 amplius
1622 254 1712 276 voces.
1745 249 1799 277 lte-

167 295 203 322 τὰ
216 295 301 321 τέκνα
315 302 363 320 σου
374 294 418 321 διὰ
430 294 534 328 ξίφους.
552 293 622 328 Φησὶ
637 293 665 319 δὲ
680 293 696 328 ἡ
712 293 809 327 γραῦςε
823 293 962 329 Φοϐήθητι

168 342 214 368 τὸν
224 342 302 374 Θεὸν,
315 341 344 368 ὃν
359 340 514 375 γινώσκεις.
534 340 644 376 Πρῶτον
659 340 811 376 πρόσταξον
832 341 866 367 τὰ
879 341 962 368 τέκνα

171 395 223 422 μου
235 385 439 420 κατακοπῆναι,
450 383 510 412 εἶτα
522 385 588 420 ἐγὼ,
603 387 640 421 μή
653 380 722 413 ποτε
730 386 862 416 πολλάκις
875 385 963 412 ὀπίσω

171 441 223 467 μου
237 433 458 469 ἐναπομειναντα
473 432 497 458 οι
514 432 609 463 παῖδες
627 431 665 463 ὡς
680 432 795 467 ἄφρονες
810 432 857 458 καὶ
875 432 963 467 μωροὶ

170 478 363 505 πιστεύσουσιν
379 479 407 504 ὲν
427 477 610 512 ἐσφαλμένοις
635 477 754 513 δόγμασι
769 486 827 510 σου,
851 486 900 505 και
915 486 963 512 γε-

171 522 280 557 νώμεθα
295 523 411 558 ἁρνηταὶ
425 522 473 548 τοῦ
490 522 558 548 Θεοῦ
575 522 665 557 ἡμῶν.
682 522 765 557 Λέγει
777 524 792 549 6
802 523 962 558 Μονχάμετο

171 568 240 594 Ἕνα
254 568 335 603 μόνον
351 568 422 599 εἰπὲ.
433 567 474 594 ὃτι
486 568 500 594 6
517 568 667 602 Μουχάμετ
682 568 755 595 ἐστὶν
763 568 908 604 προφήτης
917 568 964 595 καὶ

172 613 333 645 ἀπόστολος,
356 614 403 640 καὶ
427 613 556 640 ἀπολύσω
570 622 613 646 σε,
629 614 678 640 καὶ
701 615 741 646 σὲ,
758 614 807 641 καὶ
826 614 862 641 τὰ
881 614 964 641 τέκνα

173 668 232 687 σου.
251 660 334 694 Λέγει
347 661 364 695 ὴ
383 660 488 696 γραῦς·
509 660 599 694 “Ait-a5
614 660 652 695 μὴ
666 660 774 694 γένοιτο
790 661 879 687 εἰπεῖν
895 661 965 695 μετὰ

172 705 227 731 τῶν
239 705 342 732 τέκνων
368 714 421 740 μου
445 705 566 732 τοιοῦτον
584 705 674 740 λόγον.
693 706 844 741 Προστάξει
855 704 902 733 οὖν
917 706 964 733 τοῦ

171 751 319 786 Μουχάμετ
336 751 492 786 κατέκοψαν
506 752 540 779 τὰ
552 752 635 778 τέκνα
647 752 698 787 τῆς
714 752 811 787 γραὸς,
834 751 894 779 εῐτα
916 753 966 780 αὺ-

171 796 221 831 τὴν
237 797 331 823 ἐπάνω
352 797 408 824 τῶν
422 798 527 824 τέκνων
545 798 642 833 αὐτῆς.
664 799 733 825 Τότε
747 799 822 832 λέγει
834 799 848 825 6
867 799 965 825 ‘Attoo-

172 841 292 913 τέλέπης
309 842 324 869 6
346 842 418 874 θεῖος
441 842 536 877 αὐτοῦ,
559 843 574 870 ὁ
593 844 640 871 καὶ
653 843 808 880 ἁνάτροφος
820 843 868 871 τοῦ
892 845 966 872 Mona

172 895 188 913 ν
211 894 273 913 μετ’

172 894 273 922 ιαμετ·

208 975 289 1010 Μέγα
305 976 392 1011 κρῖμα
402 976 512 1011 ἐγένετο
524 977 563 1010 εἱς
578 977 628 1012 τὴν
643 976 743 1012 γραῦν,
764 977 811 1004 καὶ
830 977 865 1004 τὰ
882 977 966 1004 τέκνα

172 1020 268 1056 αὐτῆς·
284 1022 309 1048 ει
323 1021 374 1056 μὲν
390 1022 446 1058 γὰρ
459 1022 595 1058 ἐψεύδετο,
609 1020 683 1058 εἶχες
696 1023 805 1057 ἐλέγξαι
824 1023 921 1058 αὐτὴν,
941 1024 967 1050 ει

172 1066 201 1092 δὲ
215 1066 334 1102 ἀληθῶς,
350 1067 395 1094 διὰ
410 1068 436 1094 τί
452 1068 514 1095 ἀντὶ
531 1069 577 1095 τοῦ
588 1069 687 1100 σῶσαι,
701 1069 867 1102 ἀπώλεσας,
884 1069 967 1104 Λέγει

173 1112 249 1148 αὺτῷ
261 1114 275 1139 6
292 1113 453 1149 Mouxapat'
467 1113 590 1150 Ἀληθῶς
604 1113 758 1150 ἀνέθρεψάς
783 1123 829 1150 με,
852 1115 910 1142 ἀλλ’
920 1113 967 1143 οὖν

173 1157 258 1194 ἧθελα
271 1158 372 1195 δεῖξας
387 1159 421 1186 τὰ
445 1159 589 1196 θελήματα
611 1159 660 1187 τοῦ
675 1159 744 1188 Θεοῦ
757 1161 839 1193 ποιῶ,
862 1162 911 1189 καὶ
934 1162 966 1188 σὺ

174 1203 353 1237 ἁνθίστασαις
374 1204 496 1239 φύλασσε
529 1205 567 1241 μὴ
594 1206 741 1242 ἀπορρίψω
759 1205 810 1241 τὴν
830 1205 898 1232 αἰδὼ
917 1206 968 1239 τῆς

173 1248 341 1284 ἀνατροφῆς,
353 1250 398 1276 καὶ
413 1250 538 1284 φονεύσω
553 1259 594 1278 σε.
608 1251 690 1285 Λέγει
708 1252 723 1277 6
747 1251 964 1286 ’Λπυυταλέπης-

174 1293 248 1327 Ἐγὼ
267 1295 297 1321 οὐ
314 1297 435 1322 πιστεύω
445 1296 522 1329 Θεὸν,
531 1293 562 1323 οὗ
580 1297 651 1323 εἰσιν
670 1296 704 1323 τὰ
718 1296 861 1332 θελήματα
872 1296 966 1328 αὑτοῦ,

174 1341 224 1366 ὅσα
236 1339 270 1367 ἃν
287 1341 320 1367 σὺ
336 1343 433 1374 ποιεῖς.
449 1341 532 1376 Λέγει
554 1342 741 1377 ὁΜουχάμετ·
758 1343 795 1368 Οὐ
816 1341 966 1374 πιστεύεις,

174 1385 230 1416 ὅτις
244 1393 278 1420 με
291 1386 439 1418 ἀπόστολος
450 1386 518 1413 Θεοῦ
527 1395 534 1420 ;
544 1387 636 1421 Λέγει·
648 1387 694 1422 Μὴ
708 1387 824 1421 γένοιτο.
841 1388 895 1414 Καὶ
903 1387 967 1421 ὤρι-

177 1439 224 1456 σεν
234 1431 248 1456 6
264 1431 413 1466 Μουχάμετ
428 1432 579 1466 τηνικαῦτα
589 1432 792 1467 κατακοπῆναι.
805 1433 860 1459 Καὶ
872 1434 968 1468 ἐποιη-

175 1483 224 1502 σαν
237 1475 333 1506 οὕτως.
363 1476 486 1511 mneo;
511 1477 621 1508 πάντως
644 1477 791 1512 ἀληθεύειν
813 1486 859 1513 με,
885 1478 966 1514 μέχρι

173 1519 220 1546 τοῦ
238 1520 285 1547 νῦν
302 1521 394 1555 έχουσι
416 1521 469 1548 τῶν
503 1522 635 1549 τοιούτων
648 1523 758 1558 τρόπων
770 1523 824 1550 τῶν
839 1524 966 1557 ἐϐδελυγ-

175 1564 272 1599 μένιυν.
294 1565 349 1591 Καὶ
363 1566 456 1601 ἕτερον
471 1568 596 1602 σημεῖον·
611 1567 643 1593 σὺ
657 1567 745 1601 λέγεις
759 1568 913 1603 εἰσέρχεσθε
927 1569 966 1599 εἰς

1013 294 1124 329 spondit
1148 293 1319 321 Multannned
1336 303 1342 320 :
1358 293 1495 322 Converte
1516 298 1552 328 te,
1569 302 1604 322 ne
1624 299 1652 321 tu
1670 294 1802 330 liberique

1014 339 1051 367 tui
1063 339 1154 375 gladio
1165 340 1292 373 pereatis.
1315 340 1386 366 Dixit
1403 340 1492 367 vetula
1507 349 1513 367 :
1531 339 1608 367 Time
1626 341 1706 368 Deum
1720 348 1800 376 quem

1014 385 1096 411 nosti.
1122 383 1215 412 Primo
1244 392 1310 411 vero
1342 385 1457 411 decerno
1487 389 1516 412 ut
1539 385 1616 412 liberi
1638 385 1689 412 mei
1714 386 1803 420 capite

1014 433 1185 461 truneentur,
1211 436 1261 463 ego
1283 436 1349 456 vero
1378 434 1514 464 postrema
1529 430 1664 465 supplicio
1687 438 1739 465 quo
1755 438 1802 457 vo-

1013 474 1097 502 lueris
1107 475 1221 510 plectar.
1236 474 1276 503 Ne
1290 476 1381 503 l'orsan
1397 476 1475 503 liberi
1489 481 1549 511 post
1565 483 1608 503 me
1626 476 1801 509 superstites,

1013 521 1130 549 stultitia
1142 525 1169 549 et
1191 521 1293 549 mentis
1309 521 1470 556 impotentia
1493 521 1570 554 moti,
1585 521 1699 548 credant
1725 529 1802 548 erro-

1014 567 1073 595 neis
1087 568 1140 595 tttis
1154 567 1338 603 dogmatibus,
1354 573 1382 594 et
1395 567 1440 594 Dei
1457 567 1542 594 nostri
1556 566 1656 593 cultum
1667 571 1696 593 et
1709 567 1804 601 cogni-

1015 615 1115 641 tionem
1127 614 1242 648 ejurent.
1258 613 1330 641 Dixit
1344 613 1537 640 Multamuted:
1555 612 1682 640 Proleras
1699 617 1803 639 tantum

1014 661 1072 688 haec
1082 662 1163 689 verba
1181 670 1188 688 :
1206 660 1379 687 Multammed
1393 664 1434 686 est
1455 659 1585 694 propheta
1613 664 1641 686 et.
1666 659 1805 693 apostolus

1015 707 1074 739 Dei,
1092 713 1118 735 et
1137 713 1162 734 te
1177 714 1238 733 cum
1251 706 1343 733 liberis
1358 705 1493 732 dimittam
1505 705 1595 732 salvos
1607 709 1634 732 et
1644 704 1803 732 incolumes.

1017 753 1164 787 [tt-spondit
1179 751 1266 778 vetula
1286 751 1385 777 :AIISll
1399 755 1428 777 ut
1448 750 1512 777 talia
1535 751 1618 777 verba
1647 749 1688 776 vel
1721 751 1805 777 semel

1017 798 1095 825 nobis
1111 798 1248 825 excidant.
1265 796 1346 824 Jubet
1370 803 1436 830 ergo
1454 795 1548 823 furens
1573 795 1747 822 Multammed
1776 799 1805 822 ut

1015 844 1092 871 liberi
1108 844 1340 875 iuterimerentur,
1351 845 1378 868 et
1395 849 1489 869 eorum
1522 841 1629 874 l‘unera,
1647 841 1742 868 mauis
1763 842 1804 868 fu-

1017 897 1082 917 nere
1095 889 1310 916 cumularentur.
1327 888 1367 914 Ad
1394 887 1451 914 haec
1475 887 1629 922 excipiebat
1647 887 1804 922 Abutalipes

980 934 1001 962 Β
1015 934 1163 962 avunculus
1178 938 1206 961 et
1219 934 1353 962 enutritor
1369 932 1586 962 Mubammedis:

1053 980 1133 1007 Certe
1149 986 1245 1014 magna
1263 979 1361 1012 injuria
1375 978 1472 1006 all'ecta
1494 984 1536 1006 est
1549 979 1600 1006 ista
1628 980 1715 1006 vetula
1742 987 1803 1007 eum

1016 1025 1110 1053 liberis
1126 1025 1204 1058 suis;
1220 1032 1282 1052 nam
1313 1025 1335 1051 si
1365 1025 1549 1052 mentiebatur
1573 1029 1600 1052 et
1623 1025 1745 1057 errabat.
1761 1032 1806 1052 ar-

1017 1070 1123 1107 guenda
1139 1075 1166 1098 et
1183 1070 1307 1098 docenda
1319 1074 1390 1102 erat,
1403 1070 1426 1098 si
1443 1076 1533 1097 autem
1550 1077 1612 1098 vera
1645 1075 1718 1098 esset
1733 1070 1805 1098 illius

1017 1116 1093 1149 ﬁdes,
1113 1123 1199 1150 quare
1210 1116 1284 1142 illam
1301 1115 1459 1143 interimere
1475 1115 1566 1150 potius
1579 1123 1661 1150 quam
1677 1115 1750 1142 illam
1765 1116 1806 1143 in-

1016 1161 1151 1189 columem
1164 1161 1301 1189 dimittere
1316 1160 1444 1188 voluisti?
1457 1161 1530 1188 Dixit
1546 1160 1718 1189 ltlultammed
1731 1170 1737 1188 :
1752 1160 1806 1189 Re-

1017 1214 1080 1234 vera
1105 1211 1133 1233 tu
1146 1206 1300 1238 tnealuisti,
1320 1207 1367 1233 sed
1383 1206 1524 1233 ostendam
1543 1207 1616 1240 quod
1638 1206 1805 1234 voluntatem

1019 1252 1065 1279 Dei
1090 1253 1169 1284 facio,
1183 1257 1210 1278 tu
1247 1260 1313 1280 vero
1340 1252 1425 1279 audes
1456 1253 1655 1280 contradicere.
1671 1252 1745 1280 Cave
1772 1260 1806 1280 ne

1016 1297 1093 1323 omni
1110 1296 1243 1323 memoria
1257 1301 1285 1322 et
1295 1296 1463 1323 conscientia
1478 1296 1672 1323 beneﬁciorum
1697 1302 1804 1324 tuorum

1018 1347 1133 1373 remota,
1146 1347 1172 1368 te
1185 1342 1278 1368 statim
1294 1342 1459 1369 interimam.
1473 1342 1544 1368 Dixit
1554 1343 1718 1378 Abutalepes
1731 1353 1737 1371 :
1748 1343 1806 1377 Ego

1018 1396 1070 1415 non
1086 1389 1168 1416 credo
1179 1389 1205 1415 in
1218 1388 1303 1415 Deum
1317 1388 1410 1420 istum,
1426 1388 1504 1422 cujus
1519 1393 1585 1416 sunt
1596 1396 1678 1423 opera
1691 1397 1723 1416 ea
1745 1398 1805 1425 qua!

1017 1433 1094 1460 facis.
1121 1433 1277 1468 Excipiebat
1290 1433 1462 1460 Multammed
1477 1442 1483 1460 :
1501 1433 1561 1461 Non
1577 1441 1642 1468 ergo
1660 1435 1748 1462 credis
1764 1442 1807 1462 me

1016 1486 1076 1506 esse
1089 1479 1248 1513 prophetam
1264 1477 1327 1506 Dei?
1339 1477 1412 1505 Dixit
1422 1479 1599 1513 Abutalipes,:
1611 1479 1689 1506 Absit
1700 1485 1729 1507 ut
1755 1479 1807 1508 hoc

1017 1525 1127 1552 credam
1143 1525 1150 1551 l
1169 1523 1247 1551 Unde
1265 1524 1367 1552 luroris
1391 1530 1477 1551 (nstro
1492 1525 1611 1559 percitus
1635 1525 1806 1554 Multamnted

1014 1569 1098 1603 jussit
1116 1575 1145 1596 ut
1159 1570 1252 1596 statim
1277 1571 1458 1603 occideretur,
1473 1571 1545 1605 quod
1573 1571 1674 1597 factum
1695 1577 1748 1600 est.
1761 1572 1806 1600 Me

173 1611 218 1637 τὸν
231 1611 315 1637 una
331 1611 408 1646 ὑμῶν
420 1611 458 1643 ὼς
473 1612 518 1638 ἐπ’
541 1613 620 1648 εὐχῇ,
634 1613 798 1640 λιθοὸολεῖτε
818 1614 863 1640 τὸν
883 1614 965 1640 τόπον

1019 1622 1109 1645 autent
1129 1625 1223 1644 verum
1249 1618 1342 1645 dicere
1357 1622 1474 1645 testatur
1501 1619 1671 1645 consuetudo
1690 1624 1718 1645 et
1748 1627 1807 1646 mos

172 1656 275 1683 τοῦτον.
284 1658 338 1684 Καὶ
348 1657 535 1693 ἐρωτώμενος,
547 1655 569 1684 ὦ
577 1659 786 1694 Μουσουλμανέ,
795 1661 846 1686 Διὰ
858 1659 884 1686 τι
893 1659 966 1686 λιθο-

173 1702 274 1729 ϐολεῖτε
293 1703 338 1729 τὸν
350 1703 448 1737 τόπον;
470 1705 517 1731 καὶ
533 1703 637 1738 λέγετε1
655 1706 696 1731 ὁτι
710 1706 761 1731 οὐκ
776 1706 935 1732 ἐπίστευσεν
952 1706 966 1732 6

180 1748 386 1783 ’Λπουταλέπης
415 1749 462 1776 τὸν
481 1750 642 1785 Μουχάμετ.
666 1751 721 1777 Καὶ
740 1751 832 1786 ἓτερον
854 1752 966 1786 σημεῖον

172 1791 244 1827 λέγω
259 1793 333 1827 ὑμῖν,
350 1794 392 1820 ὃτι
405 1794 489 1828 ἐγγὺς
502 1795 549 1821 τοῦ
565 1796 650 1821 τύπου
665 1797 770 1822 ἐκείνου
786 1797 859 1823 ἐστὶν
878 1797 966 1832 φρέαρ

173 1838 221 1864 τοῦ
240 1838 288 1864 νῦν
303 1839 477 1875 Ζουνςούμην
487 1860 495 1873 ,
519 1840 580 1875 ἔχον
596 1842 664 1868 πολὺ
682 1841 765 1877 ὕδωρ,
780 1843 826 1868 καὶ
841 1843 904 1874 τοὺς
920 1851 967 1879 φυ-

173 1884 271 1918 γόντας
281 1885 370 1911 ἐκεῖσε
386 1885 509 1912 έὸαλλον.
523 1886 578 1913 Καὶ
588 1886 621 1912 σὺ
637 1886 821 1922 πεπλάνησαι,
831 1888 878 1914 καὶ
888 1889 966 1922 ἅγιον

173 1931 255 1956 τόπον
268 1930 428 1963 λιθοϐολεῐς,
437 1932 485 1958 καὶ
496 1932 524 1958 έν
537 1931 576 1968 τῷ
587 1931 772 1967 ὑποστρέφειν
783 1934 814 1959 ἐκ
826 1933 871 1959 τὸν
882 1934 968 1960 Μακᾶ

173 1976 323 2010 λαμϐάνεις
339 1975 412 2012 ὕδωρ
424 1977 455 2003 ὲκ
471 1977 517 2003 τοῦ
537 1977 657 2012 φρέατος
671 1978 787 2005 ἐκείνου.
807 1979 862 2005 Καὶ
883 1988 966 2014 κομι-

174 2022 287 2057 ζόμενος
307 2024 348 2054 εὶς
360 2022 409 2058 τὴν
424 2023 513 2050 οἰκίαν
529 2025 589 2050 ἀντὶ
603 2024 739 2058 εὐλογίας,
753 2025 800 2050 καὶ
813 2025 852 2055 εἰς
870 2025 967 2060 ἑτέρας

173 2068 276 2102 χώρας,
297 2068 345 2095 καὶ
360 2068 538 2104 ἐρωτώμενος
553 2069 705 2104 παρ’ἐμοῦ,
722 2070 754 2096 Τί
767 2070 841 2096 ἐστιν
851 2071 881 2096 τὸ
894 2069 967 2106 ὕδωρ

173 2114 262 2146 τοῦτο,
288 2115 335 2141 καὶ
361 2115 445 2142 πόθεν
468 2115 524 2151 ἔχει
552 2116 601 2150 τὴν
619 2116 762 2150 εὐλογίαν;
787 2117 834 2142 καὶ
861 2116 965 2150 λέγετε·

172 2160 257 2187 Τοῦτό
269 2161 327 2186 ἐστι
336 2160 366 2187 τὸ
375 2160 447 2196 ὕδωρ
460 2161 490 2187 τὸ
501 2161 685 2196 Ζουνζούμην,
699 2162 740 2188 ὃτι
753 2161 819 2188 ποτὲ
830 2163 844 2188 ὸ
854 2163 909 2193 υἱὸς
919 2162 966 2188 τοῦ

180 2206 304 2241 ’Λϐραὰμ
318 2206 454 2242 ἐκοιμήθη
465 2207 532 2238 ἐκεῖ,
548 2207 595 2234 καὶ
604 2207 751 2239 ἐξυπνίσας
765 2207 903 2242 ἐδῐψησεν,
920 2208 967 2234 καὶ

175 2252 213 2287 μὴ
233 2252 368 2287 εὑρίσκων
396 2253 478 2287 ῐδωρ,
503 2252 597 2289 ἑτριψε
614 2254 663 2287 τήν
681 2254 802 2288 πτέρναν
823 2253 906 2280 αὑτοῦ
927 2254 966 2285 εἰς

172 2301 222 2335 τὴν
239 2300 302 2334 γῆν,
329 2300 376 2326 καὶ
391 2300 471 2334 ἐξέϐη
489 2301 520 2327 τὸ
537 2301 620 2336 ὕδωρ,
635 2301 682 2328 καὶ
693 2300 810 2336 παρέχει
825 2301 901 2328 ἐστὶν
915 2301 967 2336 βω·

175 2346 235 2379 μλις,
251 2345 298 2371 καὶ
319 2345 458 2372 ἀναϐαίνει
474 2347 488 2372 6
503 2346 566 2378 λαὸς
583 2347 671 2382 ὑμῶν,
685 2347 733 2373 καὶ
761 2346 884 2374 ποιοῦσιν
899 2347 968 2382 ἠμέ-

176 2400 225 2426 ρας
240 2394 275 2425 γ’,
298 2392 345 2418 καὶ
365 2392 463 2429 βοῶσιν
482 2392 568 2425 οὕτως
588 2393 724 2427 λέγοντες,
743 2393 810 2428 πρὸς
832 2393 880 2420 τὸν
903 2393 968 2419 Θεὸν

173 2438 306 2472 δεόμενοι·
327 2438 359 2464 Τί
383 2438 526 2472 κελεύεις;
548 2441 581 2467 ἐκ
603 2441 708 2475 τρίτου,
727 2441 774 2467 καὶ
791 2438 968 2474 ἐρωτώμενος

174 2484 238 2520 παρ’
255 2484 334 2519 ἐμοῦ,
346 2485 424 2516 Τίνος
439 2485 519 2521 χάριν
533 2486 614 2515 τοῦτο
628 2487 742 2519 ποιεῖτε;
757 2485 909 2520 λέγετε,ὃτι
920 2484 966 2512 τὸν

181 2529 277 2563 Ἀδὰμ,
296 2531 342 2556 καὶ
358 2531 407 2565 τὴν
423 2530 479 2556 Εὕα
498 2527 549 2557 ὧδε
579 2531 684 2566 ἥνωσεν
698 2531 712 2557 6
732 2531 808 2566 θεὸς,
829 2531 876 2557 καὶ
897 2530 964 2565 μετὰ

173 2574 227 2601 τῶν
253 2575 340 2602 ἄλλων
363 2577 503 2611 φλυαριῶν
521 2577 666 2612 φλυαρείτε
682 2580 729 2604 καὶ
743 2576 822 2604 τοῦτο
848 2577 966 2604 ἐοίκατε.

173 2620 225 2646 ιινεῦ
241 2621 291 2655 τῆς
316 2622 430 2653 ἀτοπίας
450 2622 497 2648 καὶ
514 2622 562 2649 τοῦ
581 2622 766 2658 τολμήματος,
781 2624 862 2650 ἄθεον
879 2623 967 2648 ποιεῖν

173 2665 219 2692 τὸν
235 2666 300 2693 θεὸν
312 2667 318 2693 l

1018 1665 1064 1698 qui
1081 1664 1152 1690 inter
1164 1663 1361 1690 abominandos
1377 1663 1445 1689 ritus
1461 1667 1566 1690 vestros
1580 1663 1704 1697 usurpari
1725 1664 1804 1691 solet.

1019 1706 1107 1734 Unum
1125 1707 1225 1741 quippe
1239 1708 1347 1742 signqu
1361 1706 1456 1733 soletis
1470 1705 1568 1734 aﬂ'erre
1581 1715 1614 1734 ex
1631 1708 1663 1735 iis
1675 1708 1721 1742 qui
1735 1708 1807 1735 Met-

1017 1753 1096 1780 clmm
1124 1752 1158 1779 ad
1189 1754 1323 1778 orandum
1359 1752 1558 1785 ingrediuntur.
1584 1752 1678 1779 Solent
1708 1753 1807 1788 quippe

1019 1799 1091 1826 hunc
1106 1798 1194 1825 locum
1211 1797 1345 1832 lapidibus
1361 1797 1500 1832 impetere.
1515 1798 1546 1824 Et
1559 1799 1716 1832 interrogati
1746 1799 1805 1826 Mu-

1017 1845 1153 1873 sulmanni
1168 1852 1252 1880 quare
1269 1843 1374 1878 lapides
1401 1844 1442 1871 sic
1458 1843 1613 1878 projiciztnt,
1644 1847 1807 1878 respondent

1018 1893 1078 1921 ideo
1090 1893 1117 1919 id
1137 1892 1195 1920 ﬁeri
1206 1893 1269 1927 quia
1287 1891 1449 1926 Abutalipes
1460 1891 1546 1919 noluit
1557 1892 1670 1918 credere
1685 1891 1807 1919 Multam-

1020 1939 1104 1967 ntedi.
1120 1938 1214 1966 Altero
1231 1945 1296 1966 vero
1309 1939 1388 1972 signo
1406 1943 1430 1965 te
1442 1937 1632 1964 court-taturus
1652 1945 1724 1964 sum.
1738 1937 1806 1965 Nam

1015 1983 1090 2018 juxta
1112 1984 1192 2010 istum
1207 1984 1295 2010 locum
1319 1989 1360 2010 est
1387 1987 1482 2018 puteus
1505 1983 1662 2010 'l‘sumtsum
1694 1983 1722 2009 in
1752 1990 1808 2017 quo

1018 2036 1135 2054 ntaxtma
1149 2036 1281 2062 aquarum
1313 2028 1401 2061 cupiat,
1416 2035 1430 2053 a
1448 2034 1513 2060 quo,
1531 2028 1703 2058 accedentes.
1717 2027 1806 2054 solent

1018 2080 1113 2100 arcere
1130 2078 1158 2100 et
1170 2073 1280 2106 ejicere.
1294 2073 1326 2099 Et
1355 2077 1382 2098 tu
1411 2072 1544 2106 impastor
1559 2076 1586 2099 et
1611 2073 1750 2106 deceptus,
1766 2072 1805 2099 lav

1020 2119 1127 2153 pidibus
1153 2118 1261 2152 itnpetis
1292 2117 1382 2145 locum
1412 2119 1493 2157 istum
1523 2117 1664 2144 Sanctum.
1684 2117 1714 2144 Et
1745 2125 1805 2145 cum

1017 2164 1127 2191 Meccba
1140 2164 1285 2191 reverteris
1300 2164 1422 2195 domum,
1433 2170 1532 2197 aquam
1549 2170 1582 2190 ex
1607 2162 1660 2190 isto
1673 2167 1754 2198 puteo
1765 2171 1807 2192 ae-

1018 2212 1087 2246 cipis
1102 2218 1183 2245 quant
1197 2209 1256 2236 loco
1272 2209 1469 2237 benedictionis
1484 2209 1530 2235 tibi
1540 2216 1644 2241 servas,
1654 2213 1682 2236 et
1700 2209 1726 2236 in
1739 2209 1807 2238 alias

1021 2256 1145 2291 regiones
1163 2255 1235 2282 soles
1250 2259 1472 2289 etrcumgestare.
1487 2254 1519 2281 Et
1534 2263 1549 2281 α
1570 2262 1612 2281 me
1625 2255 1806 2289 interrogatus

1020 2301 1110 2337 qualis
1124 2307 1168 2328 est
1184 2302 1235 2327 ista
1255 2308 1337 2335 aqua,
1354 2305 1381 2328 et
1393 2301 1464 2328 unde
1479 2300 1559 2327 istam
1590 2300 1805 2328 benedictionem

1018 2348 1141 2376 hauserit
1149 2352 1176 2374 et
1184 2347 1368 2377 contraxerit;
1380 2346 1567 2380 respondetis:
1580 2345 1627 2373 Est
1640 2353 1708 2380 aqua
1722 2346 1806 2374 Zum-

1018 2401 1090 2425 zum.
1105 2393 1169 2427 quia
1184 2392 1219 2419 ibi
1237 2393 1307 2418 titius
1317 2392 1465 2419 Abrahami
1486 2399 1582 2419 somno
1609 2392 1722 2419 obrutus
1736 2393 1802 2420 dor-

1018 2438 1105 2471 mivit,
1119 2446 1235 2465 excusso
1249 2445 1313 2465 vero
1329 2445 1437 2470 sumne,
1451 2446 1516 2465 eunt
1531 2437 1576 2464 siti
1589 2442 1744 2472 urgeretur,
1757 2446 1807 2466 uec

1018 2487 1125 2512 adesset
1137 2492 1206 2519 aqua
1219 2491 1272 2519 qua
1293 2484 1366 2511 sititn
1391 2484 1581 2520 restingueret,
1598 2484 1726 2512 calcaneo
1752 2490 1806 2512 ter-

1019 2540 1076 2559 t-aui
1094 2530 1168 2558 trivit
1186 2536 1212 2557 et
1237 2531 1402 2565 pulsavit,et
1421 2531 1513 2558 statim
1528 2538 1606 2565 aqua:
1630 2530 1764 2558 scaturire
1777 2535 1806 2558 et

1018 2585 1130 2604 manare
1142 2577 1307 2611 incipiebant
1321 2576 1417 2609 ;juxta
1432 2584 1498 2604 vero
1512 2582 1553 2605 est
1570 2577 1666 2610 altare,
1685 2577 1718 2603 ad
1732 2579 1803 2611 quod

1019 2623 1131 2658 populus
1147 2623 1261 2654 accedit.
1274 2627 1302 2650 et
1313 2623 1430 2651 statione
1453 2624 1535 2649 trium
1548 2623 1652 2649 dierum
1679 2623 1713 2648 ibi
1728 2630 1803 2649 coin—

1021 2672 1154 2700 moratur,
1170 2667 1306 2694 incondita
1329 2675 1396 2695 voce
1414 2667 1534 2694 clamans
1552 2671 1580 2693 et
1596 2666 1731 2693 orationes
1750 2666 1805 2692 lint-

175 2712 241 2738 deus
259 2712 291 2738 ad
306 2711 401 2744 Detnn,
415 2717 441 2739 et
462 2711 576 2740 dicens:
593 2713 662 2746 Quid
680 2713 825 2748 pta-cipis?
845 2711 938 2740 Tertio
965 2713 1050 2747 rogati
1079 2720 1187 2747 quoque
1205 2719 1220 2738 a
1242 2719 1284 2739 me
1309 2719 1395 2747 quare
1418 2713 1467 2739 hos
1489 2711 1607 2743 iaciatis,
1629 2709 1799 2744 respoudetis

174 2759 238 2792 quia
253 2759 387 2786 Adamum
403 2764 429 2785 et
440 2759 523 2786 Evam
554 2760 591 2787 ibi
608 2759 680 2787 Deus
715 2759 890 2787 matrimonio
923 2758 1070 2792 copulavit,
1087 2763 1112 2785 et
1123 2759 1174 2785 boc
1190 2759 1320 2793 ﬁgmento
1357 2763 1385 2785 et
1401 2758 1509 2790 delirio,
1523 2762 1629 2784 vestras
1640 2756 1707 2784 alias
1718 2763 1804 2791 nugas

176 2809 201 2830 ct
224 2803 339 2838 ineptias
353 2803 506 2832 cumulatis.
527 2803 584 2831 Vah
606 2804 784 2831 absurditatis
798 2807 825 2831 ct
855 2804 1029 2835 temeritatis,
1049 2811 1100 2837 qua
1118 2803 1188 2830 Deus
1205 2803 1234 2830 lit
1259 2803 1378 2830 atbeusl

210 2850 265 2876 Καὶ
279 2850 418 2885 προάγων,
433 2850 502 2885 μετὰ
517 2850 546 2877 δὲ
560 2850 608 2876 τοῦ
624 2851 798 2885 φονευθῆναι,
816 2850 865 2884 τὴν
877 2849 966 2884 γραῦν

177 2895 248 2936 μετὰ
270 2896 331 2928 τοὺς
356 2896 455 2927 παῖδας
480 2896 584 2931 αὐτῆς,
604 2897 651 2922 καὶ
679 2896 724 2922 τὸν
759 2895 968 2932 ἰἰπουταλέπη,

1055 2850 1108 2877 Sed
1122 2857 1214 2885 pergo.
1231 2847 1378 2884 Postquam
1395 2848 1564 2875 Multatntned
1591 2848 1735 2875 occidisset
1758 2854 1802 2875 ve-

1027 2895 1111 2923 tulam
1126 2895 1205 2923 istam
1222 2902 1282 2924 cum
1308 2894 1402 2923 liberis
1431 2894 1498 2927 auis,
1511 2900 1537 2921 et
1560 2893 1747 2930 Abutalepum.
1762 2901 1804 2922 rc-
