1932 3067
162 191 225 222 1441

758 185 999 220 CONFUTATIO
1018 186 1199 216 AGAIlENI.

1727 184 1796 217 1442

155 245 204 273 τοῦ
215 244 301 279 Θεοῦ,
315 243 364 271 καὶ
380 243 423 270 ὅτι
440 242 486 269 τὸν
510 241 577 269 Θεὸν
595 240 750 276 ἐγνώρισάς
762 259 770 271 ,
787 240 838 266 καὶ
858 238 952 266 ἀκούει

1008 246 1132 266 nostrum
1155 245 1181 266 et
1195 246 1268 270 suos,
1286 238 1404 266 humana
1433 238 1600 266 salutatione
1624 243 1651 265 et
1677 238 1796 266 olliciosa

158 301 205 319 σου
221 292 262 323 είς
282 291 389 323 πάντα,
406 288 562 323 ἁνάστησον
574 287 626 323 τὴν
646 286 752 322 φορὰδοι
762 305 770 318 ,
785 285 820 320 ἣν
834 285 954 312 ἐσκότω-

157 347 204 365 σεν
214 339 228 364 ὁ
245 338 339 372 πατήρ
355 345 403 362 σου
413 354 421 367 ,
440 335 490 361 καὶ
505 335 587 370 ἡμεῖς
608 333 689 360 πλέον
706 332 800 367 θαῦμα
813 332 844 358 οὺ
857 331 955 367 ζητοῦ-

159 392 208 419 μεν
225 383 300 418 παρὰ
314 381 377 408 σοὺ.
405 381 443 407 Οὺ
463 381 543 415 μόνον
560 379 604 406 διὰ
619 379 664 405 τὸν
678 378 761 405 πόοον
777 378 825 412 τῆς
839 377 956 412 φορὰδος

156 429 285 464 λέγομεν,
301 428 372 454 ἀλλὰ
383 428 416 454 νὰ
428 427 531 454 ἰδοῦσιν
546 425 595 452 καὶ
609 425 634 452 οἱ
653 424 791 460 ’Λρῤαδες
804 424 835 450 τὺ
850 423 955 459 θαῦμα,

157 475 205 502 καὶ
224 473 400 501 πιστεύσουσί
428 482 475 505 σε,
499 472 541 499 ὅτι
556 470 666 506 ἀληθῶς
688 471 834 505 προφήτης
850 467 890 503 εἴ,
909 470 957 496 καὶ

157 519 306 551 ἀπόστολος
321 517 399 544 Θεοῦ.
417 517 500 551 Λέγει
519 517 611 547 αὐτοῖς
621 516 636 542 ό
648 516 809 551 Μουχάμετ·
832 515 957 542 Ὑπηδεί-

159 564 220 596 Ξατέ
242 572 287 599 μοι
311 564 390 598 ὑμεῖς
415 563 460 589 τὸν
480 562 584 597 τάφον,
612 562 641 589 ὲν
707 562 797 597 ἐτάφη
820 562 837 596 ἡ
856 562 953 597 φοράς.

157 611 290 644 Λέγουσιν
305 609 380 645 αὑτῷ
394 610 506 640 πάντες·
520 609 578 636 Uir:
592 607 626 644 ἦν
639 608 794 644 ἄνθρωπος,
813 608 857 635 ἵνα
871 609 956 643 ταφῇ,

160 656 259 690 ἄλογον
282 654 335 691 ἦν,
354 656 401 682 καὶ
427 655 583 691 ἑῤῥίψαμεν
605 653 691 685 αὐτὸ,
709 655 758 681 καὶ
775 652 884 689 ἐϐρώθη
904 653 955 680 ὑπὸ

158 702 212 728 τῶν
228 702 340 737 θηρίων.
358 700 439 735 Λέγει
459 702 472 726 ό
484 700 645 736 Μουχάμετ,
669 699 786 726 Ἐπεὶοὺ
805 699 955 734 γινώσκετε

157 748 204 774 τὸν
225 747 329 781 τάφον,
354 746 382 772 τί
408 746 498 781 μέλλω
527 747 696 782 ἀναστῆσαις
724 746 857 780 Λέγουσιν
881 745 955 780 αὺτῴ

159 792 276 824 πάντεςο
300 791 411 826 Ἐπειδὴ
439 792 582 828 προφήτης
605 789 647 823 εί,
677 789 727 817 καὶ
754 789 884 821 ἐκλεκτὸς
906 789 954 816 τοῦ

159 837 246 869 Θεοῦ,
267 837 298 864 οὐ
315 836 462 871 γινώσκεις
486 836 538 863 ποῦ
555 838 646 863 κεῖται
666 837 682 871 ὴ
705 835 810 871 φορά;;
832 835 902 862 Ἀλλ’
923 836 953 862 οὑ

159 883 271 911 δύνασαι
284 884 437 918 ἀναστῆσαι
450 884 548 918 αὑτήν.
573 882 655 910 Ἀλλὰ
669 882 759 914 καλῶς
775 891 805 909 σε
818 882 951 918 εὕραμεν·

1008 289 1048 311 est
1064 286 1176 312 adortus
1186 289 1215 311 ut
1228 285 1287 311 illos
1300 285 1421 311 incautos
1442 291 1469 311 et
1485 284 1669 317 im-ogitaules
1688 286 1797 320 decipe-

1008 335 1058 357 ret.
1075 329 1108 356 Et
1129 338 1221 357 revera
1235 336 1314 356 noctu
1331 338 1480 364 exsurgens
1497 337 1594 364 equam
1620 329 1710 364 gladio
1735 338 1797 356 cort-

1008 375 1075 402 fodit
1086 381 1113 402 et
1127 383 1157 403 se
1172 376 1240 402 rlam
1255 376 1396 410 proripuit.
1409 382 1435 401 et
1446 376 1508 402 hinc
1521 375 1583 402 ntali
1599 376 1693 403 etbelli
1703 384 1796 407 causa,

1008 422 1079 455 quod
1098 422 1197 448 fratres
1217 428 1280 455 crga
1300 429 1328 448 se
1341 421 1457 447 invicem
1476 421 1510 446 ita
1521 422 1703 454 exasperavit.
1720 420 1798 448 Nunt:

1007 472 1097 494 autern
1129 473 1154 494 te
1185 469 1360 494 vehementer
1392 474 1521 501 rogamus
1552 467 1646 500 quod,
1675 474 1735 493 curn
1760 467 1798 493 sis

1008 512 1054 539 Dei
1076 515 1188 544 electus,
1207 512 1289 540 Deum
1307 513 1395 547 ipsum
1418 520 1579 547 cognoscas,
1600 518 1627 539 et
1642 517 1668 539 te
1690 519 1798 546 semper

1007 559 1155 589 exaudiat,
1177 558 1266 584 excita
1289 565 1322 584 cx
1353 558 1469 584 mortuis
1487 564 1594 591 equam,
1612 565 1692 591 quam
1722 562 1798 591 pater

1008 609 1069 631 tuus
1085 603 1220 631 interfecit
1236 613 1243 631 :
1259 604 1331 638 quod
1344 604 1475 638 praestito,
1496 603 1595 629 unllntn
1622 602 1694 629 aliud
1718 604 1799 628 mira-

1006 649 1096 676 coltrm
1111 654 1163 675 ate
1176 649 1382 684 postulabituus.
1402 648 1456 675 lloc
1473 656 1535 675 vero
1552 655 1690 683 rogamus,
1707 647 1797 674 minus

1006 694 1143 721 de~iderio
1159 702 1235 728 equa:
1247 694 1449 728 recuperandae,
1464 701 1543 727 quarti
1559 698 1586 719 ut
1600 693 1704 719 Arabes
1717 693 1796 719 mira-

1006 739 1095 766 culum
1123 740 1237 767 vidcaut
1261 748 1316 774 quo
1336 744 1495 767 moveantur
1522 740 1555 765 ad
1583 738 1748 766 credendum
1772 744 1797 764 te

981 778 987 789 “
1008 792 1100 812 revera
1128 792 1190 812 esse
1222 786 1379 820 prophetam
1414 790 1442 811 et
1466 784 1616 819 apostolum
1639 784 1694 810 Dei.
1724 783 1798 809 Dixit

1005 829 1176 857 Mahammed
1192 839 1199 858 :
1215 831 1355 857 Ustenditc
1370 830 1435 857 mihi
1451 830 1605 864 sepulcrum
1620 830 1644 856 in
1662 838 1716 862 quo
1726 837 1795 864 equa

1005 876 1113 903 condita
1128 875 1211 911 jacet.
1231 876 1331 903 Omnes
1355 884 1409 902 uno
1432 883 1480 902 ore
1497 883 1645 910 regerunt:
1659 875 1718 903 Non
1737 881 1796 903 erat

159 930 206 956 καὶ
230 930 442 961 ἀποστείλαντες
468 926 547 964 εὖρον
572 929 695 964 κάμηλον
720 928 948 963 μεμεθυσμένην,

1004 922 1083 949 horno
1097 926 1127 949 ut
1140 922 1264 957 sepulcro
1283 922 1465 954 conderetur;
1486 925 1546 948 erat
1562 929 1664 948 merum
1688 922 1796 956 jumen-

159 975 207 1002 xat
222 975 346 1010 λέγουσιν
361 975 447 1010 αὐτῷ,
469 976 511 1002 ὅτι
528 975 643 1006 Πάντως
658 975 763 1001 ἐκείνου
786 974 842 1004 υἱὸς
864 974 954 1009 ὑπάρ-

158 1028 216 1055 χεις
237 1020 286 1046 τοῦ
310 1020 404 1051 δόντος
422 1021 474 1054 τὴν
493 1020 605 1055 εἰρήνην
625 1018 673 1046 τοῦ
693 1020 827 1052 πάππου,
843 1019 891 1045 καὶ
906 1018 951 1045 τέ-

158 1067 204 1099 λος
226 1065 430 1102 πληρώσαντες,
445 1065 557 1101 ἄδηλον,
575 1064 635 1091 εἶτα
658 1065 848 1100 κρατήσαντες
869 1065 951 1092 αὑτὸν

159 1112 206 1140 καὶ
232 1111 363 1148 δήσαντες
389 1110 607 1145 όπισθαγκώνων
640 1110 764 1144 λέγουσιν
794 1108 882 1144 αὐτῷ·
911 1110 948 1136 Σὺ

158 1158 246 1192 λέγεις
266 1159 307 1185 ὃτι
322 1159 362 1190 είς
378 1158 441 1189 τοὺς
465 1157 597 1192 οὐρανοὺς
611 1156 722 1190 ἀνέϐης,
740 1156 789 1182 καὶ
811 1156 951 1191 ἁπήδησον

159 1204 192 1230 ὲκ
205 1204 254 1238 τῆς
277 1203 328 1237 γῆς
356 1202 404 1229 καὶ
431 1202 552 1236 πέρασον
567 1200 671 1227 ἄνωθεν
686 1201 735 1236 τῆς
762 1200 886 1236 καμήλου
912 1200 950 1236 μὴ

159 1249 319 1285 ιγγίσαντες
335 1250 390 1276 τῶν
405 1250 495 1276 ποδῶν
515 1257 562 1274 σου
582 1248 632 1283 τὴν
649 1247 735 1283 ράχην
750 1255 800 1282 της
820 1248 869 1274 καὶ
890 1247 950 1274 τότε

160 1295 346 1331 πιστεύσομεν
356 1315 364 1328 ,
385 1295 427 1321 ὅτι
440 1294 539 1329 ἀνέϐης
562 1294 602 1326 εἰς
617 1294 663 1320 τὸν
677 1294 803 1329 οὐρανόν.
823 1293 911 1324 Αὐτὸς
923 1293 952 1320 δὲ

161 1340 247 1368 πολλὰ
264 1341 421 1372 σπουδάσας
432 1359 440 1372 ,
459 1340 506 1367 καὶ
522 1339 560 1375 μὴ
573 1339 733 1374 δυνάμενος,
742 1339 789 1365 καὶ
803 1335 882 1365 εἷπον
896 1337 952 1365 ὅλοι

161 1386 231 1422 πρὸς
243 1386 335 1413 αὐτόν·
345 1385 445 1412 Ἐλθὼν
459 1385 576 1411 δέδωκεν
591 1385 658 1420 ἡμῖν
673 1384 784 1419 εἰρήνην
797 1384 831 1411 νὰ
842 1383 952 1420 χαώσῃς

161 1433 236 1468 ἡμᾶς
252 1434 285 1459 ὲκ
300 1432 349 1467 τῆς
366 1432 485 1463 πίστεως
499 1431 588 1466 ἡμῶν.

1001 973 1069 1000 tum,
1084 973 1110 995 et
1121 969 1220 995 animal
1244 968 1414 1000 irrationale,
1437 973 1464 994 et
1478 968 1552 994 illam
1570 967 1649 994 foras
1675 968 1795 1003 projeci~

1001 1022 1071 1048 mus,
1086 1019 1114 1042 et
1134 1014 1283 1042 bestiarqu
1296 1015 1405 1042 latranti
1422 1020 1448 1042 et
1461 1015 1552 1042 voraci
1576 1015 1721 1042 stomacho
1733 1022 1795 1041 esca

1000 1060 1108 1087 tandem
1147 1061 1245 1088 evasit.
1271 1060 1344 1088 Dixit
1358 1061 1528 1089 Multarnmed
1548 1060 1795 1095 :Quandoquidetn

999 1106 1111 1133 nescitis
1124 1106 1169 1134 ubi
1186 1107 1302 1134 sitillius
1321 1107 1489 1142 sepulcrum,
1505 1109 1642 1142 quomodo
1653 1108 1796 1135 existima-

1003 1153 1039 1180 tis
1052 1160 1094 1179 me
1115 1160 1195 1187 posse
1224 1153 1296 1180 illam
1308 1162 1341 1182 ex
1362 1155 1477 1182 mortuis
1514 1154 1646 1181 excitare.
1664 1154 1795 1182 Dixerunt

1003 1208 1097 1228 omnes
1112 1209 1119 1228 :
1138 1199 1177 1227 Tu
1193 1209 1223 1229 es
1237 1203 1369 1237 propheta
1385 1208 1411 1229 ct
1423 1201 1526 1229 electus
1538 1201 1596 1233 Dei.
1611 1205 1638 1228 et
1650 1202 1736 1228 nescis
1750 1202 1795 1228 uhi

1000 1245 1091 1281 jaceat
1101 1254 1169 1282 equa
1186 1247 1255 1274 ista?
1269 1248 1382 1275 multum
1402 1247 1479 1274 abest
1491 1255 1557 1281 ergo
1582 1252 1611 1274 ut
1636 1245 1711 1274 illam
1735 1255 1797 1281 pos-

1001 1293 1040 1319 sis
1056 1293 1089 1320 ad
1106 1293 1189 1320 vitam
1208 1301 1346 1321 revocare.
1361 1294 1414 1321 Sed
1429 1302 1481 1322 nos
1497 1294 1615 1328 leipsum
1640 1294 1796 1321 heneinve-

1003 1339 1120 1366 uiemus.
1133 1339 1165 1366 Et
1178 1347 1239 1366 cum
1254 1339 1360 1374 aliquos
1385 1340 1535 1374 rnisiSsent,
1571 1341 1731 1368 Invenerunt
1748 1348 1794 1368 ca-

1003 1385 1101 1412 rnelam
1118 1386 1197 1412 thure
1212 1390 1239 1412 et
1262 1387 1326 1413 vino
1345 1386 1524 1418 inchriatarn,
1550 1394 1631 1421 quam
1655 1395 1718 1414 cum
1747 1387 1797 1413 ad-

1003 1430 1145 1458 duxissent
1155 1431 1282 1459 dixerunt
1298 1432 1349 1467 ipsi
1369 1441 1377 1459 :
1395 1431 1498 1459 Revera
1527 1437 1554 1459 tu
1570 1439 1600 1460 es
1627 1432 1698 1460 [ilius
1724 1432 1796 1460 illius

161 1479 207 1513 qui
222 1479 265 1506 avi
277 1478 315 1505 tui
339 1479 448 1505 nomine
457 1479 543 1505 salute
557 1476 693 1512 irnparlita
711 1481 819 1505 nostros
833 1476 950 1511 decepit.
969 1474 1045 1503 Illum
1060 1484 1125 1511 ergo
1161 1477 1353 1512 corripuerunt
1382 1478 1506 1504 inanibus
1522 1482 1583 1512 post
1603 1483 1675 1513 terga
1706 1479 1780 1506 reviu

162 1531 248 1560 ctum,
261 1525 424 1554 etdixerunt
441 1525 502 1553 :Tu
516 1525 615 1552 asseris
635 1525 705 1560 quod
721 1524 749 1551 in
775 1524 861 1552 ctelos
889 1523 1050 1557 ascendisti,
1067 1531 1138 1550 nunc
1157 1531 1223 1551 vero
1252 1525 1322 1551 saltu
1357 1529 1382 1551 te
1404 1524 1430 1551 in
1458 1524 1574 1552 snhlime
1600 1525 1703 1556 attolle,
1721 1529 1747 1552 ct
1769 1529 1796 1553 te

165 1577 264 1601 excute
277 1579 359 1607 supra
384 1571 494 1600 cautelae
517 1571 629 1598 dorsum
645 1571 713 1598 adeo
731 1575 759 1597 ut
773 1571 799 1597 in
817 1570 881 1597 illud
907 1570 1020 1605 pedibus
1041 1570 1095 1597 tuis
1120 1577 1173 1597 non
1190 1570 1342 1605 impingas;
1364 1575 1426 1597 tum:
1446 1577 1511 1598 vero
1537 1571 1679 1598 credemus
1705 1575 1730 1599 te
1754 1579 1797 1600 re-

162 1628 229 1648 vera
253 1620 280 1647 in
294 1619 394 1647 caelum
410 1619 576 1647 ascendisse.
595 1618 661 1646 Cum
675 1626 741 1646 vero
758 1618 842 1645 multa
873 1623 990 1646 tentaret
1019 1621 1047 1645 et
1062 1618 1108 1645 tali
1140 1619 1328 1653 experimento
1341 1625 1393 1645 non
1413 1623 1505 1653 posset
1532 1627 1561 1646 se
1585 1621 1792 1653 commendare,

163 1667 292 1695 dixerunt
306 1667 338 1694 atl
363 1666 438 1693 illurn
453 1673 549 1694 omnes
572 1674 580 1694 :

163 1713 216 1741 ﬂde
234 1719 325 1740 nostra
338 1712 485 1740 dimovere.

608 1666 724 1693 Veniens
738 1673 788 1694 nos
803 1658 969 1694 saluteNsua
988 1671 1029 1694 est
1065 1670 1224 1701 prosecutus
1255 1671 1282 1693 et
1317 1665 1401 1693 voluit
1429 1674 1479 1693 nos
1497 1672 1629 1701 quotquot
1661 1676 1754 1696 sumus
1779 1678 1795 1696 a

197 1760 255 1787 Καὶ
277 1757 393 1785 δεικνύω
418 1767 459 1785 σοι
483 1759 539 1793 ἐγὼ
567 1761 581 1786 ὁ
603 1759 744 1795 Ἐδεσηνὸς
767 1761 884 1796 μοναχὺς
906 1769 952 1787 πο-

1044 1759 1101 1795 Ego
1115 1765 1206 1788 autem
1222 1756 1373 1788 monachus
1388 1761 1542 1788 Edessenus
1557 1760 1644 1796 qualis
1660 1762 1695 1788 sit
1705 1768 1794 1789 vestra

161 1805 237 1841 ταπὴ
248 1803 318 1832 εῖναι
332 1805 409 1839 ὑμῶν
427 1805 443 1840 ὴ
462 1805 564 1837 πίστις,
581 1806 664 1842 ἡγουν
683 1806 763 1833 τοῦτο
775 1807 867 1841 ἔλεγον
883 1807 951 1841 πρὸς

161 1851 192 1879 τὸ
204 1851 342 1886 ἑωσφόρον
354 1850 464 1884 ἄστρον,
474 1850 521 1880 Τίς
532 1850 598 1881 Θεὸς
612 1851 698 1885 μέγας
710 1852 747 1882 ὼς
756 1853 770 1877 ό
783 1851 848 1883 Θεὸς
861 1851 951 1886 ἡμῶν;

163 1898 218 1928 Καὶ
243 1897 294 1923 οὐκ
323 1896 397 1922 ἐστιν
424 1895 532 1926 δικαιος
557 1896 627 1929 πλὴν
651 1896 696 1922 τοῦ
717 1897 784 1923 Θεοῦ
807 1897 886 1932 ἡμῶν
905 1897 952 1923 τοῦ

163 1942 303 1974 ἐλεοῦντος
312 1963 319 1975 ,
334 1942 381 1968 καὶ
395 1941 555 1976 ὲλεημὲνου.
571 1942 625 1967 Καὶ
636 1941 700 1973 δόξα
714 1943 747 1977 τῇ
761 1941 872 1976 δυνάμει
887 1951 934 1968 σου
944 1963 952 1975 ,

164 1989 269 2026 Κύριε,
283 1988 386 2023 Κύριε,
410 1988 448 2024 μὴ
472 1989 593 2023 χωρίσῃς
611 1988 685 2022 ἡμᾶς
706 1988 754 2014 τοῦ
778 1987 869 2019 ἐλέους
885 1997 932 2015 σου
944 2007 951 2020 ,

162 2036 232 2062 ἀλλὰ
256 2035 342 2061 σῶσον
358 2036 432 2070 ἡμᾶς
453 2035 486 2069 τῇ
503 2033 615 2068 δυνάμει
635 2041 693 2059 σου·
721 2034 817 2067 ’Λμήν.
845 2033 901 2060 Καὶ
918 2034 953 2060 τὰ

161 2081 283 2116 ὀνόματα
302 2088 358 2106 των
375 2079 528 2114 ἀνθρώπων
555 2079 586 2104 ἐκ
607 2078 703 2112 γένους
722 2078 777 2104 τῶν
808 2078 953 2114 ’Λρράὄων

163 2128 281 2163 ὑπάρχει
313 2125 415 2157 οὕτως’
445 2124 605 2156 Θεόδουὶος,
626 2124 824 2158 Θεοχάριστος,
843 2124 954 2151 Θεόκτι-

164 2182 243 2205 στος,
260 2172 459 2207 Θεοστήρικτος
470 2190 478 2203 ,
498 2171 546 2197 καὶ
562 2170 699 2206 Θεόδωρος
712 2179 719 2185 ·
737 2170 820 2205 μέχρι
841 2170 889 2196 τοῦ
905 2170 953 2197 νῦν

163 2218 247 2253 γενεὰ
270 2218 320 2253 μία
337 2218 393 2244 τῶν
423 2217 564 2253 ’Λρράὅων
592 2216 734 2251 λεγόμενοι
760 2215 952 2248 Κουλπιῶται,

163 2265 248 2301 ἧγουν
273 2263 438 2295 Σκυλιῶται,
450 2262 578 2297 τοιαύτην
601 2261 694 2288 πίστιν
713 2261 821 2296 ἔχουσιν
843 2262 891 2288 καὶ
907 2261 953 2288 τὺν

164 2310 313 2345 Μουχάμετ
332 2308 588 2344 άναθεματίζουσιν.
615 2306 733 2341 Λέγουσι
759 2305 841 2333 πάλιν
857 2307 871 2333 ὁ
889 2306 954 2338 λαὸς

163 2355 212 2382 τοῦ
239 2354 397 2389 Μουχάμετ·
432 2354 509 2380 Ἐπεὶ
531 2353 580 2388 τὴν
601 2352 724 2388 κάμηλον
744 2352 794 2379 οὐκ
816 2351 953 2388 ἡδυνήθης

165 2401 301 2437 περάσαι,
316 2400 402 2433 δεῖξον
422 2400 489 2435 ἡμῖν
509 2400 623 2435 σημεῖόν
644 2408 671 2425 τι
688 2399 797 2434 μικρόν.
831 2399 952 2431 Ἐκεῖνος

163 2447 304 2482 δεδεμένος
316 2445 369 2477 ὢν,
383 2444 485 2478 ἐξεῖπε⁸
507 2445 575 2472 ’Λπὸ
592 2444 639 2471 τοῦ
658 2445 705 2471 νῦν
716 2445 765 2472 οὐκ
777 2444 830 2480 ἔχω
841 2446 952 2481 σημεῖον
967 2443 992 2473 ι)

165 2494 234 2533 πρὸς
248 2493 320 2528 ὑμᾶς
331 2513 339 2522 .
352 2492 393 2519 ὅτι
406 2491 516 2518 ἄπιστοί
533 2492 605 2518 ἐστε.
621 2491 755 2525 Λέγουσιν
771 2491 856 2527 αὐτῷ·
875 2491 912 2518 Σὺ
929 2492 954 2518 ει

165 2542 296 2574 ἄπιστος,
316 2541 357 2567 ὅτι
377 2539 477 2571 πολλὰς
497 2539 586 2574 ψυχὰς
603 2539 748 2571 ἀπώλεσας
764 2539 876 2572 ἀδίκως.
900 2540 955 2567 Καὶ

164 2589 298 2624 δήσαντες
313 2586 395 2614 αὐτὸν
406 2586 446 2618 είς
459 2585 508 2622 τὴν
522 2585 606 2620 οὐρὰν
618 2585 668 2620 τῆς
682 2595 714 2621 με
719 2586 893 2621 μεθυσμένης
906 2595 956 2613 κα-

165 2634 269 2670 μήλου,
298 2633 347 2659 καὶ
373 2632 553 2667 κεντήσαντες
581 2631 666 2666 αὐτὴν
689 2631 830 2658 ἀπέλυσαν
845 2632 886 2663 είς
907 2631 955 2659 τὸν

163 2681 273 2715 κάμπον
285 2698 292 2711 ,
319 2679 366 2706 καὶ
387 2677 556 2712 σκιαζομένη
582 2677 598 2712 ἡ
615 2677 738 2712 κάμηλος
753 2677 818 2703 ποτὲ
835 2677 952 2712 φεύγει,

163 2726 229 2753 ποτὲ
240 2725 268 2752 δὲ
282 2725 435 2752 καταπατεῖ
445 2723 526 2750 αὑτὸν
540 2723 612 2750 κατὰ
636 2723 793 2759 πρόσωπον,
809 2724 856 2750 καὶ
866 2723 952 2755 οὕτως

164 2771 342 2808 κατεπατήθη
357 2771 410 2798 ὑπὸ
428 2771 477 2805 τῆς
489 2770 626 2806 καμήλου,
642 2770 688 2796 καὶ
703 2770 795 2801 κακῶς
806 2771 951 2806 ἐφονεύοη.

164 2814 249 2849 uino;
276 2819 290 2844 6
306 2817 362 2852 βίος
390 2816 492 2849 αὑτοῦ,
511 2817 558 2843 καὶ
582 2816 636 2842 τῶν
657 2815 778 2842 πάππων
793 2816 892 2849 αὑτοῦ,
913 2817 951 2848 ὡς

163 2866 300 2899 ἤκουσας,
316 2860 339 2890 ὦ
359 2861 568 2898 Μουσουλμανέ.
587 2862 623 2887 Σὺ
638 2861 745 2896 πρῶτον
762 2861 932 2896 ὁμολόγησας
942 2883 950 2894 ,

161 2910 202 2936 ὅτι
226 2909 411 2944 ὲῦδσμήκοντα
428 2908 475 2935 δύο
497 2908 579 2943 φυλαὶ
597 2908 651 2935 ἀπὸ
666 2907 696 2934 τὸ
710 2907 786 2942 γένος
805 2908 860 2935 τῶν
874 2909 949 2936 Μου-

1005 1810 1033 1833 et
1052 1807 1158 1834 illorum
1185 1808 1264 1839 ﬁdes,
1284 1808 1329 1834 tibi
1349 1808 1437 1841 palatii
1457 1807 1564 1834 faciam.
1584 1808 1679 1834 Dicunt
1696 1808 1796 1843 quippe

1006 1852 1164 1887 Phosphoro
1178 1863 1185 1881 :
1202 1854 1268 1887 Quis
1287 1854 1356 1881 Deus
1371 1861 1485 1888 magnus
1502 1853 1572 1880 sicut
1596 1853 1667 1881 Dens
1686 1854 1796 1881 noster?

1005 1902 1097 1929 Etuon
1111 1907 1152 1928 est
1165 1901 1234 1927 Deus
1245 1900 1369 1934 justuset
1384 1899 1517 1934 benignus
1536 1905 1633 1934 prteter
1649 1899 1731 1926 Deum
1751 1908 1796 1927 no-

1005 1955 1092 1976 strum
1105 1946 1306 1974 misericordem
1316 1950 1342 1972 et
1351 1946 1549 1972 miseratorem.
1558 1945 1599 1972 Sit
1610 1945 1694 1980 gloria
1702 1946 1795 1973 virtuti

1006 1998 1094 2025 [uago
1109 1992 1233 2023 Domine,
1249 1990 1373 2023 Domine,
1383 1998 1417 2017 ne
1428 1998 1476 2018 nos
1489 1998 1601 2025 separes
1616 1995 1643 2018 et
1657 1999 1795 2019 removeas

1005 2046 1019 2064 ιι
1041 2037 1225 2064 misericordia
1238 2041 1295 2069 tua,
1308 2036 1355 2063 sed
1372 2036 1455 2062 libera
1471 2039 1499 2062 et
1521 2044 1600 2063 serva
1629 2045 1679 2064 nos
1693 2039 1793 2072 potenti

1006 2083 1104 2109 robore
1119 2088 1180 2109 tuo.
1204 2081 1302 2110 Amen.
1319 2081 1381 2108 lltcc
1400 2088 1462 2108 vero
1487 2087 1551 2108 sunt
1577 2085 1793 2116 praestantiorem

1005 2129 1145 2156 hominum
1165 2128 1273 2155 norniua
1289 2128 1360 2162 apud
1372 2127 1486 2154 Arabas.
1504 2127 1689 2161 Theodoulus,
1706 2128 1794 2157 Theo-

1004 2176 1140 2203 charistus
1167 2174 1350 2206 Theoctistns,
1367 2177 1394 2201 et
1411 2174 1626 2207 ’l'heosterictus,
1649 2179 1677 2202 et
1703 2175 1793 2204 Theo-

1004 2222 1099 2250 dorus.
1113 2220 1154 2248 Ad
1167 2221 1224 2248 haec
1239 2223 1329 2247 autem
1346 2227 1431 2254 usque
1448 2225 1568 2254 tempora
1583 2225 1625 2247 est
1643 2228 1695 2248 una
1721 2229 1795 2256 quaa-

1004 2266 1180 2295 damlaurilia
1211 2266 1333 2293 Arabum
1365 2266 1410 2301 qui
1437 2266 1565 2292 dicuntur
1588 2265 1718 2301 Colpiotae
1745 2274 1792 2295 seu

1004 2313 1133 2341 Sculiotaa
1142 2318 1168 2340 et
1182 2312 1262 2340 talem
1280 2313 1380 2339 habent
1400 2311 1479 2340 ﬁdem
1493 2320 1546 2347 qua
1576 2312 1792 2342 Multarnmedcrn

1004 2359 1179 2387 anathemate
1205 2359 1369 2393 percutiunt.
1390 2357 1491 2385 lterum
1528 2366 1592 2386 vero
1621 2360 1707 2388 turbae
1735 2361 1793 2389 ista:

1004 2405 1218 2432 Mtrbammedem
1228 2403 1390 2431 adoriuntur
1407 2404 1528 2431 dicentes
1546 2414 1553 2431 :
1570 2405 1791 2441 Quandoquidem

1005 2451 1138 2479 camelurn
1167 2450 1238 2478 saltu
1257 2457 1309 2476 u0n
1323 2450 1432 2484 potuisti
1461 2457 1603 2485 superare,
1630 2452 1725 2479 saltem
1750 2454 1792 2480 vel

1005 2498 1146 2525 minimum
1161 2498 1273 2525 ostende
1284 2496 1363 2524 nobis
1378 2496 1485 2531 signum
1501 2501 1528 2523 et
1547 2498 1719 2526 miraculum.
1744 2498 1792 2527 Ille

1004 2542 1093 2570 adhuc
1104 2541 1220 2569 vinculis
1234 2542 1398 2569 constrictus
1414 2542 1559 2575 |respondit
1570 2553 1576 2570 :
1588 2541 1646 2569 Non
1656 2543 1734 2571 eritis
1745 2552 1792 2571 vo-

1006 2593 1093 2615 toruru
1122 2591 1273 2622 compotes,
1299 2595 1349 2614 nec
1369 2587 1452 2613 ullum
1480 2595 1572 2614 coram
1587 2585 1663 2615 vo'bis
1678 2589 1792 2622 patrabo

1005 2634 1176 2666 miraculum,
1190 2641 1250 2660 nam
1270 2633 1521 2661 vosestisinﬁdelea
1548 2640 1574 2661 et
1595 2634 1735 2662 increduli.
1753 2634 1791 2662 Illi

1004 2680 1096 2706 statim
1106 2684 1232 2714 regerunt
1243 2688 1250 2706 :
1261 2678 1301 2706 Tu
1313 2680 1370 2714 ipse.
1380 2687 1409 2707 es
1420 2678 1546 2711 iuiidclis,
1554 2686 1615 2705 nam
1625 2679 1794 2713 quampluri-

1007 2733 1065 2752 rnos
1087 2725 1267 2760 injustissirne
1294 2725 1444 2760 perernisti.
1461 2725 1592 2760 lllurnque
1618 2724 1715 2752 caudae
1745 2732 1792 2753 ca-

1005 2772 1082 2798 rnelaa
1101 2771 1238 2798 inebriatae
1253 2771 1412 2806 alligaruut,
1427 2778 1506 2806 quam
1526 2770 1628 2797 aculeis
1646 2771 1793 2798 vehemen-

1006 2823 1047 2844 ter
1062 2822 1213 2850 pungentes
1231 2823 1278 2850 per
1293 2825 1404 2851 campos
1419 2822 1445 2844 et
1458 2810 1539 2851 agros
1556 2816 1728 2844 dimiserunt.
1745 2817 1791 2845 Illa

1004 2870 1069 2889 vero
1086 2863 1119 2889 ad
1133 2862 1415 2890 umbrasconnnovcri
1426 2862 1518 2894 solita,
1543 2863 1625 2889 modo
1639 2862 1747 2898 fugiens
1758 2864 1790 2890 il-

1005 2909 1058 2936 luni
1073 2908 1210 2942 trahebat,
1221 2909 1303 2936 modo
1316 2915 1397 2944 caput
1411 2909 1525 2945 pedibus
1541 2909 1717 2938 conculca'bat
1731 2918 1738 2943 ;
1764 2917 1792 2939 et
