1932 3067
176 143 246 177 ιιιθ
748 149 957 180 BARTHOLOJ

1010 150 1032 180 iI
1049 150 1236 182 EDESSENI
1741 155 1816 187 1444

175 204 250 232 illunt
269 204 305 231 ita
320 204 435 232 calcavit
447 209 475 232 et
493 205 622 233 contrixit
637 204 749 235 camcla.
765 210 794 230 nt
813 205 846 231 ad
864 205 957 232 malam

1016 207 1176 242 σουλμανῦν
1195 205 1340 242 ἀρνοῦνται
1363 206 1410 233 τὸν
1426 206 1587 243 Μουχάμετ,
1602 208 1650 235 καὶ
1671 210 1814 246 ἀναθεμα-

175 255 288 277 tnortcnt
303 250 347 277 ille
360 251 466 278 tandem
479 251 588 279 abierit.
602 251 663 278 Harc
670 255 711 278 est
726 251 796 277 illius
807 257 835 277 et
851 259 954 278 avorun

1014 253 1105 285 τίζουν
1120 252 1213 279 αὐτόν.
1229 252 1286 278 Kal
1299 252 1380 278 πάλιν
1396 253 1428 278 σὺ
1440 252 1540 287 λέγεις,
1553 254 1595 280 ὃτι
1613 254 1660 281 καὶ
1675 255 1817 292 τέσσαρες

175 297 385 331 vita,prouttibi
394 298 518 329 narravi,
527 305 543 324 ο
554 297 753 324 Musulmanne.
769 296 799 323 Et
811 301 837 324 tn
847 298 963 332 primum

174 343 314 370 conliteris
333 350 366 369 ex
380 347 436 370 toto
453 351 551 377 genere
569 342 821 370 Musulmannorum
853 348 964 376 septua-

172 389 248 422 ginta
261 388 329 416 duas
347 388 465 415 familias
484 396 531 416 seu
547 389 637 415 tribus
652 387 871 415 Mahnmntedem
897 388 963 422 reji‘

172 442 235 461 rere
246 440 273 461 et
288 436 525 462 anathematismis
550 435 735 462 acerbissimis
763 435 836 461 illum
869 435 961 462 ferire.

173 481 299 507 Secundo
318 482 400 508 etiam
430 481 530 508 asseris
564 486 684 515 quatuor
711 480 784 507 illius
810 480 960 508 avunculus

172 526 246 553 illum
262 527 421 561 abnegasse,
438 531 466 553 et
478 531 606 560 tanquam
619 526 763 560 impostori
794 526 914 553 noluisse
933 526 958 553 ei

171 571 251 598 fidem
269 571 368 599 habere
387 573 458 598 unde
473 572 507 598 ab
535 571 581 598 illo
601 571 700 605 injuste
725 571 878 606 interempti
903 571 960 598 fue-

171 622 245 644 runt.
263 618 370 645 Primus
399 618 517 644 utttritor
543 617 614 644 illius
640 617 814 652 Abutalepes,
829 617 964 645 secundus

170 663 342 695 Apontsales,
383 664 480 689 tertius
497 662 746 696 Atnptortlcalepes,
762 666 874 695 quartus
890 661 962 689 Mee-

172 708 242 735 bias.
259 708 414 736 Mnliercula
438 716 502 735 vero
524 708 674 734 litterarum
696 708 769 734 rudis
782 712 808 734 et
834 707 960 741 agrestis,

169 762 232 781 cum
247 760 348 787 septem
366 754 459 781 liberis
476 753 544 784 suis,
559 753 632 780 illum
649 752 799 780 confutavit
811 757 838 778 et
849 759 898 786 pro
919 752 961 778 tti-

170 799 225 825 ltilo
240 800 342 826 habuit.
361 799 414 827 Sed
440 805 468 826 et
497 807 546 826 nos
570 799 717 826 Christiani
735 799 856 826 ltzcrcdes
885 799 959 832 regni

1013 300 1081 326 θεῖοι
1097 298 1180 325 αὺτοῦ
1196 298 1349 333 ἠρνήσαντο
1363 297 1459 324 τοῦτον
1471 319 1478 330 ,
1496 299 1544 325 καὶ
1560 299 1598 334 μὴ
1612 300 1814 333 πιστεύσαντες

1013 345 1107 377 αὐτὸν.
1121 345 1159 376 ὡς
1174 345 1306 379 ψεύστην,
1321 344 1423 375 ἀδίκως
1437 344 1623 381 ἐφονεύθησαν
1637 347 1703 382 παρ’
1714 347 1812 380 αὑτοῦ,

1011 392 1025 418 6
1041 391 1149 426 πρῶτος
1163 391 1177 417 6
1195 389 1352 424 ἀναθρέψας
1373 390 1454 416 αὑτὸν
1474 390 1700 427 Ἀπουταλέπης,
1713 393 1812 420 δεύτε-

1016 445 1061 472 ρος
1092 437 1106 463 6
1134 435 1336 471 ‘AmuthA-qgl,
1363 435 1455 470 τρίτος
1480 436 1495 462 6
1526 436 1810 474 Ἀμπτουλχαλέπης,

1013 482 1144 517 τέταρτος
1153 482 1167 508 6
1177 481 1323 512 Μεεὸοίας.
1340 481 1395 507 Καὶ
1406 481 1423 517 ἡ
1436 482 1504 516 γυνὴ
1518 483 1589 517 μετὰ
1602 483 1657 509 τῶν
1667 483 1690 516 ζ’
1705 485 1811 511 παίδων

1014 526 1113 561 αὺτῆςί,
1133 526 1317 561 ἀγράμματος
1331 526 1379 552 καὶ
1391 526 1499 562 χωρικὴ
1515 527 1629 562 ἤλεγξεν
1646 529 1744 562 αὑτδν,
1759 529 1810 556 καὶ

1014 571 1165 606 πεποίηκεν
1173 571 1234 598 ἀντὶ
1247 571 1366 603 οὐδενός.
1383 571 1465 598 Ἀλλὰ
1479 572 1527 598 καὶ
1540 574 1622 608 ἡμεῖς
1631 574 1657 600 ol
1672 574 1809 609 Χριστια-

1012 617 1054 644 vol
1070 617 1095 643 οἱ
1111 617 1275 653 κληρονόμοι
1290 616 1341 652 τῆς
1362 616 1503 652 βασιλείας
1521 618 1576 644 τῶν
1593 619 1717 654 οὐρανῶν
1729 640 1737 653 ,
1758 620 1809 646 καὶ

1011 663 1060 697 τῆς
1074 662 1160 697 ὀρθῆς
1170 662 1300 696 ,πίστεως
1314 661 1492 698 πρεσϐευταὶ,
1504 663 1552 689 καὶ
1565 665 1624 696 τοῖς
1637 665 1724 696 ὅντως
1736 673 1808 700 upo-

1011 709 1111 744 φήταις
1135 708 1296 740 ἀκόλουθοι,
1327 707 1477 743 ἐλέγχομεν
1503 708 1550 735 τὸν
1581 711 1736 745 κατάρατον
1757 711 1807 738 καὶ

1012 754 1126 790 βέϐηλον
1141 753 1291 789 Μουχάμετ
1301 775 1310 789 ,
1326 753 1374 780 καὶ
1395 753 1514 789 μάταιον
1530 756 1576 782 καὶ
1597 756 1718 792 ψεύστην
1733 757 1805 784 ἀπο-

1010 798 1158 834 καλοῦμεν.

169 843 299 876 ctelestis,
323 849 351 871 ct
379 848 458 870 rectae
496 843 559 870 ﬁdei
581 843 661 877 legati
681 848 709 870 ct
733 845 899 875 sacerdotes,
935 844 1182 878 proltltetarumqne
1214 842 1326 878 vestigia
1356 842 1543 871 indesinenter
1567 851 1734 879 prementes,
1759 854 1806 874 re-

167 890 275 924 jicimns
302 891 473 918 maledictum
504 895 531 917 et
565 889 708 925 profanant
736 889 962 922 Multamtnedem,
983 889 1114 924 illumque
1145 890 1270 921 stultum,
1287 897 1384 917 vanum
1404 895 1433 918 et
1465 890 1640 925 itnpostorem
1664 893 1804 920 renuntia-

170 945 239 964 ntus.

205 984 281 1010 Enim
297 989 360 1009 vero
377 989 437 1008 cum
453 980 634 1008 Musnlmanni
654 981 687 1007 ad
703 982 797 1009 urbem
823 981 958 1009 Medinam
976 985 998 1014 Β

169 1029 376 1065 protlciscuntnr
398 1032 428 1055 ut
447 1035 526 1055 sacro
541 1029 614 1055 cultu
638 1033 666 1055 et
679 1028 847 1056 orationibus
861 1028 958 1055 defun-

167 1079 276 1109 gantnr,
292 1079 383 1108 rogant
395 1073 555 1100 incolasloci
573 1074 695 1100 dicentes
709 1083 716 1100 :
728 1072 869 1100 ()slendite
881 1074 958 1100 nobis

168 1121 322 1155 sepulcrum
333 1119 530 1146 Multatnntedis
547 1124 576 1146 ut
591 1119 654 1146 illud
668 1126 828 1146 veneremur
840 1123 866 1145 et
879 1119 956 1153 proni

167 1165 548 1199 deosculetnur.Respondent
559 1170 648 1191 autent
660 1165 724 1199 ipsis
738 1173 744 1191 :
757 1164 790 1191 Et
802 1165 862 1198 quis
871 1169 958 1198 potest

166 1220 200 1240 eo
217 1213 375 1239 temeritatis
391 1212 529 1242 devenire,
547 1216 575 1238 ut
596 1211 696 1237 audeat
712 1211 812 1237 intueri
826 1211 898 1238 illius
912 1218 958 1238 se-

168 1259 308 1294 plllt'l‘tlm?
328 1258 393 1284 Nam
412 1259 456 1292 qui
477 1257 541 1283 illud
568 1262 680 1290 aspectu
706 1264 756 1284 Suo
784 1257 958 1284 temerarerit

167 1305 257 1333 statim
273 1305 360 1330 oculis
372 1304 493 1330 orbatnr.
510 1303 563 1329 Sed
590 1304 641 1329 hoc
657 1307 700 1330 est
718 1307 821 1330 tantum
851 1304 958 1330 occasio

166 1357 195 1377 et
207 1355 364 1384 pt'wlcxtns,
376 1354 402 1376 et
415 1354 499 1375 totum
514 1349 734 1382 istmlnegotinnt
749 1348 846 1375 falsum
859 1352 912 1380 est.
930 1354 958 1375 et

166 1397 347 1431 excogitatum
364 1401 392 1422 ut
419 1395 535 1430 populus
553 1395 720 1428 decipiatur,
737 1402 770 1421 ne
786 1395 819 1421 ad
834 1395 957 1422 veritatis

166 1442 349 1476 cognitionem
375 1441 526 1475 perveniat.
549 1445 575 1467 et
601 1440 642 1467 sic
676 1441 803 1466 nuntitun
838 1441 958 1467 remittat

167 1494 277 1521 prorsus
304 1486 475 1519 despuenda,
489 1486 645 1512 vanissima:
659 1491 686 1511 et
700 1485 887 1512 insulsissime;
911 1493 956 1512 su-

166 1532 331 1568 perstitioni.
352 1531 417 1557 Nam
447 1536 523 1558 extra
542 1532 636 1558 urbem
651 1530 756 1557 Medina
785 1530 955 1557 fabricarunt

164 1584 189 1605 et
211 1579 414 1604 zedilicavorunt
441 1585 545 1603 tmtrttut
574 1578 600 1603 in
626 1577 722 1604 circuli
755 1575 883 1608 formam,
907 1583 957 1612 per

1052 981 1098 1014 Ὦς
1117 981 1146 1008 δὲ
1165 982 1191 1008 οε
1204 982 1415 1018 Μουσου).μανοὶ
1436 983 1622 1020 ἀπερχόμενοι
1645 984 1686 1015 εἰς
1703 984 1732 1011 τὸ
1751 984 1803 1011 κά-

1012 1035 1093 1062 στρον
1113 1027 1222 1054 Ματινὰ
1241 1028 1289 1054 ἐπὶ
1305 1029 1335 1054 τὸ
1353 1028 1576 1064 προσεύξασθαι,
1594 1029 1717 1064 ἐρωτῶσι
1739 1029 1805 1061 τοὺς

1010 1073 1100 1100 ἐκεῖσε
1114 1073 1256 1104 ὲντοπίους
1264 1073 1403 1107 λέγοντες,
1411 1073 1586 1105 ’Υποδείξατε
1595 1075 1660 1108 ἡμῖν
1666 1074 1711 1100 τὸν
1718 1074 1804 1108 τάφον

1008 1117 1056 1144 τοῦ
1071 1118 1223 1153 Μουχάμετ
1233 1138 1241 1150 ,
1258 1118 1302 1145 ἵνα
1318 1118 1510 1153 άσπασὼμεθα
1527 1118 1617 1146 αὐτόν.
1634 1118 1690 1144 Καὶ
1705 1118 1802 1152 λέγου-

1010 1171 1052 1189 σιν
1068 1164 1159 1194 αὐτοῖς
1177 1172 1184 1179 ·
1199 1164 1255 1190 Kal
1278 1163 1321 1195 τίς
1337 1163 1426 1198 τολμᾶ
1448 1163 1514 1190 ἰδεῖν
1536 1163 1582 1189 τὸν
1599 1163 1685 1197 τάφον
1701 1162 1802 1195 αὐτοῦς

1015 1209 1044 1236 '0
1061 1209 1115 1245 γὰρ
1136 1209 1198 1236 ἰδὼν
1214 1209 1260 1236 τὸν
1270 1211 1356 1244 τάφον
1370 1210 1454 1237 αὐτοῦ
1476 1209 1635 1245 τυφλοῦται.
1655 1209 1711 1236 Kal
1725 1209 1802 1237 ἐστιν

1008 1255 1122 1291 ἀφορμὴ
1138 1256 1219 1283 τοῦτο
1233 1256 1280 1282 καὶ
1299 1256 1453 1291 πρόφασις,
1470 1256 1519 1283 καὶ
1540 1257 1555 1282 6
1577 1256 1657 1290 λόγος
1680 1256 1801 1292 ψευδὴς,

1009 1301 1053 1327 ἵνα
1070 1301 1155 1333 ὁλαὺς
1180 1302 1319 1328 άπατᾶται
1331 1322 1338 1334 ,
1355 1302 1404 1328 καὶ
1429 1302 1467 1337 μὴ
1487 1302 1560 1337 μάθῃ
1576 1302 1608 1328 τὺ
1626 1301 1737 1338 ἀληθὲς,
1751 1302 1802 1329 καὶ

1008 1347 1112 1379 οὕτως,
1131 1349 1259 1383 ἀθετήσει
1281 1349 1314 1384 τῇ
1331 1347 1516 1384 καταπτύστῳ
1531 1349 1577 1375 καὶ
1598 1349 1717 1382 γέλωτος
1734 1349 1801 1384 ἀξίᾳ

1009 1394 1153 1430 θρησκείᾳ.
1183 1395 1408 1430 Ἐμηχανήσαντο
1428 1394 1482 1430 γὰρ
1505 1395 1552 1421 καὶ
1573 1394 1683 1421 ἔκτισαν
1707 1394 1801 1428 γὺρω-

1008 1440 1054 1466 θεν
1076 1442 1166 1475 τεῖχον
1188 1440 1352 1476 κυκλοτερὲς
1374 1440 1526 1468 ἀδιόδεντον
1544 1440 1646 1467 ἔσωθεν
1672 1441 1719 1467 τοῦ
1746 1440 1800 1467 κά-

1009 1495 1091 1522 στρου
1109 1487 1234 1520 Ματινὰ,
1255 1487 1302 1514 καὶ
1323 1485 1550 1522 διαφημίζουσιν,
1568 1488 1597 1519 ἐς
1621 1487 1730 1513 ἃπαντα
1750 1487 1801 1513 τὸν

1007 1532 1083 1566 λαὸν,
1099 1533 1140 1558 ὅτι
1153 1532 1227 1564 ὲντδς
1239 1531 1337 1558 τούτου
1353 1533 1428 1559 ἐστὶν
1443 1534 1456 1559 6
1467 1533 1552 1567 τάφος
1566 1532 1613 1559 τοῦ
1627 1533 1780 1568 Μουχάμετ
1789 1554 1798 1566 ,

1007 1581 1055 1607 καὶ
1069 1579 1099 1606 οὺ
1114 1578 1226 1606 δύναται
1237 1587 1278 1610 τιν
1292 1578 1357 1605 ἰδεῖν
1367 1599 1374 1610 ,
1392 1579 1435 1606 ἴνα
1453 1578 1489 1614 μὴ
1504 1579 1643 1614 τυφλωθῇ.
1660 1579 1714 1606 Καὶ
1730 1587 1800 1614 κρα-

165 1632 245 1658 qnetn
263 1624 352 1651 nullus
365 1624 445 1650 datur
457 1624 558 1656 aditus,
585 1629 612 1650 et
631 1623 700 1657 apud
728 1630 822 1650 omnes
854 1623 954 1650 fatuam

1010 1627 1049 1651 τεϊ
1064 1626 1078 1650 +
1095 1624 1207 1659 τοιαύτη
1221 1624 1312 1660 πλάνη
1334 1625 1374 1656 εἰς
1390 1625 1453 1656 τοὺς
1470 1624 1610 1660 διαδόχους
1627 1626 1667 1657 εἰς
1681 1625 1729 1656 τὰς
1744 1633 1800 1651 κα-

164 1671 343 1697 dissentiuant
375 1670 411 1697 ibi
433 1671 535 1697 servari
564 1670 719 1702 sepulcrum
747 1669 954 1703 Multamtnedis,

1010 1665 1086 1701 Ἰεεῆς
1104 1667 1160 1694 τῶν
1172 1657 1394 1705 Μουσουλμανῶν
1411 1671 1517 1705 γενεάς.

163 1716 210 1743 sed
242 1715 378 1743 neminetn
393 1715 425 1741 ad
442 1715 506 1741 illud
521 1716 652 1743 accedere
665 1723 699 1742 ne
716 1715 787 1742 illius
817 1715 962 1743 curiositas
999 1716 1139 1744 oculorum
1163 1717 1313 1752 privatione
1343 1722 1544 1751 compenselur.
1560 1716 1594 1743 Et
1624 1717 1799 1744 snnessione

164 1763 284 1799 vignitet
296 1763 414 1790 obtinuit
426 1763 477 1789 ista
491 1762 639 1798 impostnra
657 1771 742 1798 usque
762 1764 794 1789 ad
809 1769 955 1798 segnentes
975 1763 1226 1792 Musulmannorum
1243 1764 1443 1800 generationes.

200 1809 344 1836 Abubaker
372 1817 435 1836 Vero
450 1811 495 1836 diu
525 1810 702 1844 exspectabat
733 1816 762 1837 ιιι
783 1810 955 1838 Mnltamtned

163 1861 358 1882 reverteretur.
373 1854 441 1881 Cum
455 1863 519 1882 vero
535 1855 649 1890 populus
670 1856 774 1883 videret
799 1857 874 1883 illum
902 1864 955 1884 non

164 1899 343 1931 t-edirc,illius
355 1899 431 1926 obliti
443 1906 547 1932 sunt,et
556 1901 697 1928 dixerunt:
708 1901 841 1935 Allcratis‘
854 1903 954 1938 scripta

161 1952 224 1979 qua:
242 1945 317 1972 vobis
333 1944 444 1972 tradidit
463 1945 646 1980 Mnhanuned,
661 1952 690 1974 ut
714 1948 796 1975 simul
825 1948 956 1984 colligan-

160 1995 273 2024 gantur,
286 1996 313 2017 et
336 1997 370 2018 ex
393 1990 446 2018 illis
477 1999 559 2018 unuttt
586 1992 632 2019 liat
653 1993 790 2022 volumen.
819 1992 956 2022 Successit

162 2044 229 2064 vero
249 2036 395 2064 Altubaker
415 2037 440 2064 in
457 2037 544 2064 locum
561 2037 768 2070 Multamntedis,
781 2044 807 2066 et
830 2040 952 2074 caliplta-

163 2089 208 2110 tus
219 2091 266 2110 seu
294 2084 440 2110 vicariatns
464 2091 561 2111 mnuns
586 2089 614 2111 et
637 2085 796 2119 dignitatem
824 2087 952 2114 obtinuit.

163 2129 230 2157 Erat
243 2137 307 2157 vero
321 2130 453 2156 Ottnanes
471 2131 559 2157 scriba
571 2131 688 2158 exitnius
710 2135 736 2158 et
749 2131 953 2160 celeberrimus.

165 2175 410 2202 Constituitantem
423 2176 497 2202 illtun
520 2176 666 2204 Abubaker
679 2183 708 2204 ut
722 2179 812 2204 omnia
829 2177 955 2205 Multam-

160 2222 251 2247 ntedis
270 2222 371 2256 scripta
387 2221 537 2254 colligeret,
554 2229 586 2248 ex
603 2221 712 2256 illisque
727 2230 808 2249 unnnt
825 2222 956 2250 conﬂaret

158 2266 288 2293 wolnmen
333 2267 404 2301 quod
438 2274 509 2293 nunc
537 2267 637 2300 ubique
659 2267 730 2294 venit
758 2268 809 2295 sub
847 2269 956 2296 nomine

1045 1812 1075 1839 '0
1090 1812 1119 1839 δὲ
1138 1812 1318 1848 Ἀποπάκρης
1329 1811 1476 1847 ὲπερίμενε
1486 1811 1533 1838 τοῦ
1546 1810 1725 1845 ὑποστρέψαι.
1742 1810 1800 1836 Καὶ

1006 1858 1107 1889 ἰδόντες
1122 1857 1203 1884 αὐτὸν
1214 1877 1222 1890 ,
1237 1857 1278 1885 ὅτι
1294 1857 1345 1884 οὐκ
1355 1855 1438 1892 ἦλθεν
1453 1856 1697 1892 ἀπεμενοίμνησαν
1716 1855 1799 1881 αὑτὸν

1005 1904 1053 1931 καὶ
1071 1904 1180 1938 λέγουσι
1196 1903 1265 1939 πρὸς
1277 1903 1323 1930 τὸν
1336 1903 1400 1930 λαόν
1409 1911 1417 1918 ·
1432 1903 1536 1938 Φέρετε
1548 1901 1600 1934 τὰς
1625 1901 1734 1936 γραφὰς
1746 1900 1799 1927 αὑ-

1003 1950 1051 1978 τοῦ
1063 1970 1070 1982 ,
1088 1950 1121 1982 ἃς
1136 1950 1253 1977 δέδωκεν
1276 1949 1342 1984 ὑμῖν
1357 1949 1371 1975 6
1386 1949 1553 1983 Μουχάμετ,
1576 1948 1620 1975 ῐνα
1637 1947 1799 1982 σωρευοῶσι

1005 1997 1053 2024 καὶ
1066 1997 1200 2031 γένωνται
1216 1995 1318 2031 βιϐλίον
1329 1995 1369 2022 ἓν.
1383 1995 1437 2022 Kal
1447 1994 1575 2022 ἐκάθισεν
1589 1995 1604 2021 ὀ
1619 1993 1799 2029 ’Λποπάκρης

1007 2042 1162 2079 χαλιφάτης
1185 2042 1245 2068 ἀντὶ
1272 2041 1318 2068 τοῦ
1339 2041 1502 2076 Μουχάμετ.
1521 2037 1577 2066 Ἦν
1599 2039 1628 2066 δὲ
1659 2039 1800 2074 ὀθμὰνης

1006 2087 1203 2124 γραμματικὸς
1220 2088 1302 2115 πάνυ.
1320 2086 1375 2113 Καὶ
1393 2086 1524 2119 ἐπέταξεν
1542 2085 1617 2121 αὐτῷ
1639 2085 1654 2111 6
1678 2085 1800 2112 Ἀποπά-

1006 2143 1076 2170 κρης
1102 2134 1239 2168 σωρεῦσαι
1264 2133 1353 2164 πάσας
1369 2132 1420 2163 τὰς
1439 2131 1550 2167 γραφὰς
1570 2130 1619 2156 τοῦ
1645 2130 1799 2165 Μουχάμετ

1007 2180 1119 2215 ποιῆσαι
1137 2179 1222 2211 αὑτὰς
1246 2179 1347 2214 βιϐλίον
1365 2178 1393 2204 ἓν
1413 2178 1443 2204 τδ
1464 2178 1611 2213 λεγόμενον
1634 2177 1796 2212 Κουράνισν.

1007 2226 1061 2252 Καὶ
1079 2225 1230 2259 πεποίηκεν
1249 2224 1328 2250 τοῦτο
1343 2223 1414 2250 καθὰ
1427 2223 1582 2258 όρίστησεν.
1603 2223 1658 2249 Kal
1672 2223 1704 2249 τὸ
1721 2231 1800 2257 πρω-

1006 2271 1122 2297 τότυπον
1140 2270 1238 2296 τούτου
1258 2271 1291 2296 ὲκ
1310 2269 1407 2304 ,χειρὸς
1428 2268 1476 2295 τοῦ
1500 2269 1633 2304 Ὀθμάνου
1650 2269 1738 2295 κεῖται
1755 2268 1798 2299 είς

158 2311 299 2338 Alcorani.
317 2311 368 2338 Ista
387 2319 453 2338 vero
469 2313 637 2339 cxsecutioni
664 2314 803 2340 mandavit
818 2313 888 2341 sicut
904 2315 950 2342 de-

1010 2316 1055 2350 ιὴν
1070 2314 1209 2351 Τροῦλλαν
1219 2314 1270 2350 τῆς
1287 2314 1436 2349 ἐκκλησίας
1452 2313 1500 2340 τοῦ
1517 2313 1678 2349 Προδρόμου
1693 2315 1733 2344 εἰς
1746 2313 1798 2348 τὴν

156 2363 237 2384 creta
267 2357 386 2384 fuerant.
425 2357 457 2384 Et
484 2358 562 2384 istius
599 2358 660 2385 libri
689 2360 884 2394 autographunt
908 2368 955 2388 seu

159 2408 324 2438 .prololypus
344 2411 425 2429 tnantt
441 2403 526 2438 ipsius
542 2403 670 2430 Othtnani
699 2406 817 2439 scriptus
840 2410 868 2432 et
892 2413 957 2432 exa-

160 2453 238 2475 ratus
253 2449 342 2474 adhuc
372 2449 450 2475 hodie
482 2455 640 2475 asservalur
665 2449 691 2476 in
714 2449 803 2476 Trulla
829 2451 956 2478 Ecrlesia:

158 2493 277 2521 Joannis
294 2493 425 2528 Baptista:
440 2495 617 2528 prtecursoris
631 2495 735 2522 Dmnini
759 2495 821 2523 .lesn
842 2495 954 2529 Christi,

161 2541 188 2567 in
209 2540 275 2567 urbe
293 2541 427 2572 Damasci,
443 2541 468 2567 itt
489 2541 548 2567 loco
567 2541 612 2575 qui
629 2542 728 2568 dicitur
741 2541 885 2574 Tsemeen,
907 2544 952 2578 qtti

160 2591 202 2614 est
219 2587 269 2614 loci
286 2587 442 2621 Synagoga.
464 2586 502 2614 lbi
521 2593 677 2615 asset-vatur
700 2589 850 2616 Alcoranus
879 2594 950 2616 Inus.

161 2633 291 2661 Continet
307 2641 372 2660 vero
388 2633 546 2660 innumeras
560 2642 656 2668 nugas,
668 2639 696 2661 et
727 2635 851 2672 figmenta
879 2636 952 2663 ttnllo

161 2681 274 2708 tibicine
291 2684 319 2707 et
333 2679 511 2706 fundamento
536 2679 656 2706 sullulta.
672 2679 753 2707 Verbi
771 2681 858 2715 gratia
880 2682 951 2715 quod

159 2726 332 2754 Abraltantns
357 2727 444 2760 patris
473 2725 543 2752 idola
573 2725 748 2762 confregerit,
765 2728 835 2761 quod
864 2726 952 2754 Moses

162 2779 236 2799 mare
253 2772 375 2799 diviserit
390 2772 521 2806 viamque
535 2772 637 2807 popqu
653 2774 790 2807 paraverit
813 2782 865 2808 qua
879 2775 952 2802 sicco

162 2817 230 2852 pede
242 2817 356 2853 populus
369 2818 571 2852 pertransierit.
588 2817 694 2846 Pharao
709 2826 774 2845 vero
789 2820 867 2854 aquis
881 2827 954 2847 tuer-

161 2869 208 2889 sus
226 2862 318 2896 fuerit,
331 2864 402 2897 quod
420 2862 476 2892 Noe
505 2871 597 2891 arcam
613 2864 774 2900 cmtdidcrit,
789 2866 861 2900 quod
891 2871 951 2895 cete

1006 2362 1153 2396 Δαμασκὸν
1170 2362 1210 2393 εἰς
1225 2361 1255 2387 τὸ
1272 2360 1397 2395 Τζεμεὴν
1409 2360 1572 2395 λεγόμενον,
1588 2360 1602 2385 6
1619 2361 1693 2386 ἐστιν
1712 2359 1794 2386 Συνα-

1005 2408 1083 2443 γωγὴ
1098 2408 1194 2435 τόπου.
1215 2408 1270 2434 Καὶ
1284 2407 1352 2433 ὅπου
1367 2407 1440 2433 ἐστὶν
1459 2407 1490 2433 τὺ
1502 2406 1654 2441 Κουράνιόν
1666 2415 1712 2432 σου
1722 2413 1731 2421 ⁸
1748 2414 1799 2432 πε-

1007 2455 1092 2489 ριέχει
1108 2453 1243 2489 φλυαρίας
1256 2453 1303 2479 καὶ
1318 2452 1397 2486 λόγια
1413 2452 1597 2487 ἀθεμελίωτα,
1610 2451 1651 2478 ὅτι
1674 2451 1800 2487 Ἀὃραὰμ

1005 2498 1118 2524 ἔθλασεν
1135 2498 1169 2524 τὰ
1190 2498 1287 2524 εἴδωλα
1297 2518 1304 2530 ,
1324 2498 1338 2524 6
1348 2498 1475 2532 ,Mmﬁaﬁ;
1491 2497 1583 2532 ἔσχισε
1599 2496 1649 2532 τὴν
1661 2497 1799 2528 Θάλασσαν

1008 2545 1053 2571 καὶ
1069 2545 1200 2576 ὲπέζευσε
1222 2544 1261 2579 τῷ
1277 2543 1334 2578 λαῷ
1351 2543 1445 2575 αὑτοῦ,
1462 2543 1510 2569 καὶ
1521 2542 1620 2578 Φαραὼ
1636 2543 1796 2578 ὲποντίσθη,

1007 2591 1068 2617 Νῶε
1091 2591 1202 2625 ἐποίησε
1220 2590 1348 2622 κιϐωτὸν,
1373 2590 1467 2616 Ἰωνᾶν
1485 2590 1600 2616 κατέπιε
1620 2589 1713 2624 κῆτος,
1729 2590 1799 2624 Χρι-

1007 2637 1069 2668 στὸς
1095 2638 1209 2672 νεκροὺς
1237 2637 1402 2672 ἀνέστησεν,
1440 2635 1540 2671 Ἰωσὴφ
1577 2635 1799 2671 ἐκληρονόμησεν

1005 2682 1145 2715 Αἴγυπτον
1153 2701 1160 2714 ,
1176 2681 1260 2708 Δαὸῑδ
1270 2681 1429 2716 Ψαλτήριον
1440 2681 1604 2715 πεποίηκεν.
1612 2682 1738 2716 Σολομῶν
1747 2681 1798 2712 τὰς

1005 2727 1091 2759 λέξεις
1106 2727 1160 2754 τῶν
1180 2727 1282 2762 θηρίων
1295 2728 1341 2754 καὶ
1356 2727 1411 2753 τῶν
1427 2726 1561 2753 πετεινῶν
1575 2726 1737 2762 ἐγνώρισεν,
1752 2729 1800 2754 καὶ

1003 2775 1017 2800 6
1033 2773 1184 2809 Μονχάμετ
1199 2775 1239 2805 εἰς
1255 2774 1302 2800 τὸν
1317 2774 1432 2810 οὐρανὸν
1446 2774 1543 2808 ἀνέϐη,
1563 2775 1610 2800 καὶ
1630 2775 1800 2810 συνήντησεν

1002 2820 1042 2856 τῷ
1057 2819 1178 2855 Χριστῷ,
1190 2821 1238 2847 και¹
1251 2820 1396 2855 συνέτυχεν
1408 2819 1483 2855 αὑτῷ
1496 2820 1543 2846 καὶ
1559 2817 1639 2855 εὗρεν
1650 2821 1666 2846 6
1686 2821 1799 2856 Μουχά-

1005 2875 1065 2902 μετ,
1082 2866 1146 2894 ὅταν
1165 2866 1250 2902 ἀνέϐη
1272 2867 1312 2899 εἰς
1327 2867 1373 2894 τὴν
1394 2866 1526 2902 οὐρανὸν,
1542 2861 1799 2908 γεγραμμένηςνέρς
