1932 3067
154 167 221 199 Ηίῦ

752 162 994 195 CONFUTATIO
1027 163 1074 198 AG
1081 164 1209 194 ARENI.

1716 166 1783 199 1446

151 223 196 249 τὸν
211 221 307 257 θρόνον
322 220 369 248 τοῦ
383 220 464 252 Θεοῦ,
479 220 530 246 οὐκ
544 219 618 246 ἐστιν
633 218 700 250 Θεὸς
715 218 785 253 πλὴν
798 218 846 246 τοῦ
863 219 940 251 Θεοῦι

997 219 1092 247 Ionam
1120 219 1279 252 voraverit;
1305 221 1376 254 quod
1407 220 1531 249 Christus
1560 227 1681 249 mortuos
1711 224 1786 250 exci-

151 270 200 295 καὶ
215 270 229 295 6
246 269 398 303 Μουχάμετ
426 266 576 298 ἀπόστολος
591 265 673 294 Θεοῦ.
687 266 743 293 Καὶ
757 265 832 300 λέγει
846 267 860 292 ὁ
879 267 947 299 Θεὸς

151 315 192 345 είς
202 314 281 341 ἄλλον
298 315 379 340 τόπον
399 314 428 339 ὲν
443 313 481 348 τῷ
498 311 644 348 Κουρανίῳ
657 320 715 337 σου·
731 312 888 346 Χαιρετίζω
905 321 945 344 σε,

151 360 315 394 Μουχάμετ,
337 359 386 385 σὺν
411 358 450 394 τῷ
467 358 532 392 οἴκῳ
555 358 603 384 καὶ
624 357 681 392 λαῷ
701 365 763 383 σου·
785 357 902 392 ἀλλαχοἧ
918 358 946 385 δὲ

151 405 224 439 λέγει
244 406 274 431 τὸ
290 405 444 441 Κουράνιόν
460 412 518 430 σου’
548 403 580 430 'H
596 403 715 438 Μαριὰμ
733 402 820 437 ἔφαγε
840 403 946 436 καρπὸν

151 453 280 487 φοινίκων
295 452 342 479 καὶ¹
356 449 548 485 ὲγγαστρώθη.
567 449 764 484 Μουσουλμανὲ
776 469 784 481 ,
804 448 899 483 ἐπειδὴ
916 448 947 476 τὸ

151 499 302 535 Κουράνιόν
319 507 365 525 σου
379 497 469 532 λέγεις
484 496 514 528 ἐξ
529 495 644 532 οὐρανοῦ
665 495 796 522 κατελθὸν
811 496 857 522 καὶ
872 494 946 521 ἐστιν

150 545 227 579 λόγος
243 544 310 571 Θεοῦ
322 564 330 578 ,
355 543 403 570 καὶ
426 543 594 578 συνάναρχος
604 562 612 574 ,
635 541 672 573 ὡς
688 541 779 574 λέγεις
791 560 798 572 ,
816 540 874 572 πῶς
895 540 946 567 οὑκ

150 591 219 618 είσὶν
236 592 266 617 ἑν
286 589 362 625 αὐτῷ
381 587 535 627 δηλούμενα
550 587 629 622 λόγια
644 587 802 618 νουθετικὰ,
819 586 867 612 καὶ
887 586 945 620 ὀρι-

151 636 250 670 στικὰ,
265 636 314 662 καὶ
331 635 488 670 θεοπρεπῆ,
508 632 600 664 καθὼς
615 633 663 659 καὶ
678 631 718 667 τῷ
730 632 836 666 Μωῦσῇ
852 630 944 665 ἔλεγεν

148 683 163 709 6
179 682 261 714 Θεὸς,
284 682 326 708 ὃτι
355 680 470 715 Ποίησον
485 679 548 706 τάδε
566 679 614 705 καὶ
636 678 717 711 caios;
743 677 811 704 ἀλλὰ
826 677 899 711 λέγει
914 675 945 702 τὸ

150 726 255 762 βιϐλίον
271 734 337 758 σου,
354 724 393 757 ὡς
414 725 504 758 λέγεις
517 744 525 756 ,
551 723 592 750 ὅτι
614 723 643 750 '0
663 723 752 754 δεῖνας
774 723 875 756 ἔφαγεν
896 721 942 747 τὸν

149 772 274 808 καρπὸν,
288 772 303 798 6
323 771 416 806 ἕτερος
429 771 529 804 ὑπάγει
546 768 731 804 κοιμηθῆναι,
743 769 758 794 6
774 768 852 799 ἄλλος
873 766 941 793 πλύ-

148 827 190 845 νει
207 818 242 844 τά
259 817 354 852 ἱμάτια
370 816 452 843 αὐτοῦ
465 836 472 848 ,
490 816 504 841 6
522 815 603 846 ἄλλος
619 814 745 849 εἰσῆλθεν
762 815 803 845 είς
820 814 870 849 τὴν
885 821 944 840 κοι-

149 864 210 890 λίαν
220 863 267 890 τοῦ
287 863 397 898 κήτους,
414 863 428 888 6
444 861 523 893 ἄλλος
540 860 684 896 συνέτριψε
699 861 734 887 τὰ
748 859 860 893 εἴδωλα,
895 860 943 887 ἄλ-

1000 266 1164 301 Iarit;qnod
1183 265 1281 300 .loscph
1301 265 1447 301 [Egyptum
1470 271 1498 293 ιιι
1514 267 1698 295 hmreditatem
1723 276 1786 303 pos-

998 311 1125 344 sederit;
1157 312 1229 345 quod
1276 311 1360 338 David
1396 312 1555 346 psalterium
1580 315 1786 348 composuerit;

997 358 1068 391 quod
1092 358 1221 384 Salomon
1236 357 1391 384 animalium
1409 359 1578 385 terrestrium
1597 364 1623 385 et
1637 360 1785 387 volatiliqu

997 403 1101 437 linguas
1114 408 1142 431 et
1166 410 1245 431 voces
1271 403 1374 437 optime
1408 403 1551 437 calluerit;
1568 405 1639 439 quod
1667 405 1787 433 Muhaut-

997 449 1058 475 med
1089 449 1115 476 in
1144 448 1243 476 caelum
1273 449 1439 480 ascenderit.
1462 450 1559 477 obvius
1588 450 1675 478 factus
1704 451 1785 478 fuerit

996 494 1107 521 Christo
1133 501 1188 528 quo
1210 503 1270 522 cum
1294 495 1369 521 varia
1401 495 1525 523 habuerit
1560 495 1692 530 colloquia
1713 497 1786 531 quod

998 540 1132 568 invenerit
1155 540 1340 573 Multammed,
1358 549 1418 568 cum
1438 541 1464 568 in
1491 541 1576 569 cmlos
1597 543 1786 576 pervenisset,

999 585 1057 612 hate
1069 586 1152 612 verba
1171 586 1269 613 throno
1285 586 1331 614 Dei
1358 587 1476 620 ascripta
1492 595 1500 613 :
1515 587 1572 614 Non
1590 592 1630 614 est
1650 586 1721 614 Deus
1735 588 1786 616 nisi

997 631 1078 664 Deus,
1093 636 1120 659 et
1136 631 1308 659 Multammed
1327 633 1464 668 apostolus
1478 633 1536 661 Dei.
1552 634 1656 661 Alicubi
1672 642 1736 661 vero
1759 635 1786 661 in

995 675 1128 703 Alcorano
1144 681 1189 703 tuo
1201 677 1266 703 dicit
1281 676 1352 704 Deus
1370 677 1428 705 :Te
1444 678 1545 710 saluto,
1559 686 1576 707 ο
1603 678 1785 711 Mnhammcd,

997 729 1058 748 cum
1076 721 1176 748 familia
1207 727 1235 749 et
1250 726 1305 749 toto
1318 723 1414 758 populo
1439 729 1494 751 tuo.
1511 724 1582 752 Alibi
1611 725 1692 751 etiam
1721 725 1787 751 dicit

994 767 1149 794 Alcorauus
1167 769 1239 802 quod
1257 767 1340 795 Maria
1367 769 1470 796 fructus
1494 770 1643 804 palmarum
1670 770 1787 798 ediderit

994 812 1186 847 nudegravida
1211 813 1293 841 fuerit
1321 819 1347 841 et
1364 819 1470 841 uterum
1498 816 1659 848 gesserit.0
1685 816 1787 843 Musul-

994 867 1084 890 mane,
1096 859 1314 894 quandoquidem
1326 860 1583 894 jaclasAlcorauum
1594 866 1667 888 tuum
1677 869 1693 889 e
1716 863 1786 890 caelo

149 909 193 940 λος
211 908 287 944 φησί,
299 908 346 943 Μὴ
360 907 477 943 τρώγεις
491 906 613 942 χοίριον,
627 906 666 941 τῷ
678 905 750 941 ἄλλῳ
761 903 852 932 εἶπεν·
874 906 940 932 Βάλε

997 905 1182 936 descendisse.
1195 905 1327 940 illumque
1343 914 1404 934 esse
1430 907 1541 934 verbum
1558 907 1614 939 Dei,
1630 908 1684 935 Deo
1715 915 1785 936 eoa:-

147 956 193 982 τὸν
211 955 342 982 δάκτυλόν
361 962 407 980 σου
426 954 466 984 είς
485 953 534 988 τὴν
553 952 688 988 καθέδραν
705 961 769 985 σου,
788 953 836 979 καὶ
858 952 941 979 πλῦνε

148 1002 262 1033 ἑαυτὸν,
284 1001 332 1028 καὶ
350 1000 449 1026 ἔκϐαλε
468 999 498 1025 τὸ
516 998 651 1025 δάκτυλόν
671 1006 729 1030 σου,
746 998 795 1024 καὶ
816 997 880 1032 βάλε
900 997 941 1029 εις

146 1048 178 1074 τὸ
202 1047 289 1081 στόμα
314 1055 378 1079 σου,
404 1045 443 1080 τῷ
460 1045 529 1080 μετὰ
553 1043 723 1071 δακτυλιδίου
749 1042 869 1078 χρυσοῦ,
894 1043 942 1070 καὶ

148 1092 379 1127 γουνακατουδίου
410 1091 504 1127 φορῶν
539 1089 577 1124 μὴ
605 1088 730 1123 εὔχεται.
763 1088 848 1115 ταῦτα
875 1088 944 1120 ὅλως

145 1139 259 1174 ἀπρεπα
273 1138 351 1172 λόγιά
366 1138 430 1164 εἱσι.
460 1136 517 1162 Καὶ
534 1135 592 1166 πῶς
613 1136 627 1161 6
649 1134 715 1166 Θεὸς
735 1134 813 1168 λόγια
837 1134 943 1169 σφαλτὰ

999 956 1117 981 tcruum,
1134 955 1164 978 ut
1179 952 1289 983 asscris,
1306 959 1390 985 quare
1406 952 1432 979 in
1459 953 1503 979 illo
1530 961 1583 979 non
1612 953 1785 981 continentur

994 996 1104 1023 oracula
1123 1000 1150 1023 et
1173 996 1301 1031 dogmata
1316 997 1511 1029 consolatorie,
1528 998 1722 1031 exhortatoria,
1736 999 1785 1026 de-

993 1047 1078 1072 creta,
1098 1041 1181 1077 leges,
1203 1043 1346 1070 sententiae
1362 1050 1422 1076 qua:
1441 1043 1485 1069 Dei
1505 1043 1672 1078 majestatcm
1699 1048 1726 1071 et
1742 1052 1785 1070 sa-

993 1087 1121 1121 pientiam
1153 1087 1291 1114 redoleant
1307 1095 1314 1113 z
1328 1088 1399 1115 sicut
1423 1087 1489 1116 Mosi
1521 1090 1589 1116 dixit
1622 1090 1692 1116 Dens
1707 1098 1713 1116 :
1731 1089 1785 1117 Fac

994 1133 1057 1164 ista,
1074 1137 1103 1160 et
1123 1127 1188 1165 ista;
1206 1141 1280 1160 ntore
1295 1135 1500 1167 sapientissimo
1519 1136 1609 1162 omnia
1635 1136 1734 1162 (iUCt'IIS
1759 1140 1785 1162 et

994 1179 1141 1212 imperans.
1159 1178 1212 1206 Sed
1240 1180 1309 1206 liber
1331 1185 1403 1213 tuus,
1431 1186 1459 1206 ut
1481 1181 1538 1216 ipse
1566 1189 1618 1208 non
1650 1181 1783 1214 dilliteris,

145 1185 193 1212 καὶ
211 1184 313 1219 βέϐηλα
328 1184 478 1218 φθέγγεται
493 1190 500 1214 ;

145 1230 236 1258 dicit:
258 1230 311 1257 Iste
326 1229 444 1257 comedit
473 1227 600 1258 fructum,
629 1225 700 1252 alius
733 1225 782 1253 ivit
810 1225 943 1258 cubitum,
967 1225 1038 1252 alius
1061 1224 1126 1252 lavit
1148 1226 1309 1252 vestium-uta
1328 1233 1397 1258 sua,
1425 1226 1493 1253 alter
1522 1227 1661 1254 descendit
1676 1227 1701 1254 in
1718 1235 1785 1254 vcn-

145 1280 214 1303 trem
238 1276 306 1302 cetis
332 1283 338 1301 :
358 1274 426 1301 alius
451 1272 585 1306 cenfregit
607 1271 784 1304 idola;alins
803 1272 886 1304 dicit;
920 1271 959 1298 Ne
997 1271 1123 1298 comedas
1152 1278 1263 1298 carnem
1289 1271 1421 1304 suillam;
1446 1272 1524 1299 alteri
1562 1274 1678 1300 dicitur:
1711 1273 1785 1308 Digi-

146 1325 201 1347 tum
216 1321 331 1347 immitle
351 1320 377 1347 in
406 1319 527 1353 podicem
553 1320 627 1344 tuum
649 1322 676 1345 et
694 1317 752 1343 lava
772 1322 808 1348 te,
825 1317 920 1344 deimle
939 1321 1036 1344 excute
1055 1315 1169 1351 digitum
1189 1321 1276 1350 tuum,
1292 1322 1320 1344 et
1340 1317 1413 1344 illum
1436 1318 1533 1346 iterum
1551 1321 1577 1346 in
1596 1327 1627 1346 os
1649 1320 1783 1352 immitte;

143 1365 223 1393 alteri
237 1365 339 1392 dicitur
355 1373 362 1392 :
379 1363 418 1391 Ne
434 1371 513 1390 vaces
538 1363 656 1391 orationi
671 1368 733 1389 cum
750 1369 832 1389 aureo
855 1361 967 1394 annulo,
986 1362 1027 1387 Vel
1041 1369 1101 1387 llllll
1115 1366 1188 1388 veste
1210 1361 1269 1389 fclis
1284 1362 1353 1397 pelle
1373 1369 1478 1390 ornata.
1497 1364 1548 1391 Ista
1559 1366 1648 1392 omnia
1672 1374 1784 1400 prorsus

146 1411 356 1441 suntindecora.
372 1415 400 1436 et
410 1417 500 1443 quaiso
513 1409 648 1443 quomodo
672 1406 744 1434 Deus
770 1414 852 1439 vana,
876 1405 1002 1441 profana.
1028 1413 1143 1433 erronea
1167 1406 1350 1440 eloquerelur.

183 1457 238 1484 Ἴδε
253 1455 318 1488 οὖν,
335 1455 474 1490 πανταχοῦ
491 1453 652 1490 εὑρίσκεσθε
667 1452 785 1487 ψεῦσται
803 1453 851 1480 καὶ
869 1452 938 1478 uti.

145 1510 198 1529 νοι.
214 1502 268 1528 Καὶ
282 1500 444 1534 καταγελῶν
454 1500 527 1533 λέγω
541 1507 593 1531 σοι,
611 1497 674 1524 οὔτε
692 1497 765 1532 ἱερὸν
779 1497 939 1532 γνωρίζετε,

1032 1450 1101 1478 Vive
1118 1459 1184 1486 ergo
1200 1457 1227 1478 et
1253 1453 1449 1485 animadverte,
1462 1461 1509 1480 vos
1533 1454 1633 1488 ubique
1654 1455 1736 1484 falsos
1756 1462 1784 1484 et

995 1497 1157 1532 impostores
1177 1498 1352 1532 deprehendi.
1374 1498 1406 1524 Et
1428 1498 1474 1525 tibi
1497 1499 1612 1527 illudens
1626 1509 1781 1531 asserovos

144 1545 209 1573 οὔτε
225 1546 289 1572 ναὸν
302 1545 382 1576 Θεοῦ,
399 1545 461 1572 οὕτε
484 1545 571 1580 βῆμα.
585 1543 648 1571 οὗτε
664 1543 740 1570 θείαν
755 1543 836 1578 χάριν
852 1543 940 1578 ἔχετε,

993 1551 1045 1570 non
1066 1544 1167 1571 habere
1177 1551 1266 1577 sacra,
1283 1551 1333 1571 nec
1346 1545 1474 1579 templum
1503 1545 1560 1579 Dei,
1579 1555 1666 1581 neque
1682 1548 1781 1581 altare,

146 1591 210 1617 οὕτε
225 1591 326 1625 εὐχὴν,
342 1590 405 1617 οὔτε
419 1590 563 1625 βάπτισμα
573 1609 580 1621 ,
603 1588 666 1615 οὔτε
683 1587 860 1623 ψαλμῳδίαν,
878 1586 941 1614 οὔτε

145 1636 245 1671 ἄφεσιν
265 1635 427 1672 ἁμαρτιῶν,
451 1634 514 1662 οὔτε
547 1634 688 1670 βασιλείαν
712 1633 854 1669 οὐρανῶν,
878 1632 941 1660 οὔτε

146 1681 329 1716 παράδεισον,
353 1682 379 1707 εί
405 1681 442 1716 μὴ
461 1681 502 1707 ὅτι
517 1679 663 1707 ἀναϐαίνει
687 1676 728 1711 εἷς
753 1679 782 1712 ἐξ
804 1678 881 1714 ὑμῶν
901 1680 941 1710 είς

145 1727 230 1753 τόπον
244 1726 356 1761 ὑψηλὸν,
370 1727 418 1753 καὶ
431 1727 490 1758 θεὶς
503 1727 550 1754 τὸν
567 1727 616 1753 ἕνα
629 1726 761 1753 δάκτυλον
780 1725 830 1760 τῆς
848 1724 941 1760 χειρὸς

146 1772 231 1799 αὐτοὺ
250 1772 291 1803 είς
308 1772 340 1798 τὸ
355 1772 449 1805 ὠτίον,
469 1772 518 1798 καὶ
532 1773 562 1798 τὸ
578 1772 643 1799 ἄλλο
663 1771 795 1798 δάκτυλον
813 1770 862 1806 τῆς
879 1771 938 1796 ἐτέ-

147 1826 199 1854 ρας
214 1818 305 1853 χειρὸς
319 1818 360 1850 είς
378 1818 428 1854 τὴν
443 1818 580 1853 καθέδραν
596 1818 690 1850 αὑτοῦ,
705 1818 752 1844 καὶ
771 1817 820 1852 βοᾷ
834 1816 920 1848 οὕτως
931 1824 938 1831 ·

144 1864 213 1895 Θεὸς
235 1863 338 1898 μέγαςι
357 1864 402 1890 καὶ
425 1863 491 1895 Θεὸς
514 1864 616 1898 μέγαςῑ
640 1865 687 1890 καὶ
711 1863 857 1899 μαρτυρεῖ.
882 1863 940 1888 Οὐκ

144 1911 220 1938 εστιν
235 1910 319 1942 Θεὸς,
342 1910 381 1941 ὡς
397 1911 412 1936 6
436 1910 503 1942 Θεὸς
523 1909 601 1945 ἡμῶν
612 1928 620 1941 ,
637 1909 685 1935 καὶ
701 1908 845 1944 μαρτυρῶ,
870 1909 910 1935 ὅτι
925 1909 940 1935 ὀ

144 1957 298 1992 Μουχάμετ
313 1956 465 1988 ἀπόστολος
477 1955 545 1982 Θεοῦ
559 1956 642 1982 ἐστιν.
663 1955 719 1981 Καὶ
738 1953 824 1980 ταῦτα
843 1952 939 1988 πρώην

143 2004 214 2039 πρὸς
226 2004 290 2034 τοὺς
306 2003 449 2039 Ἀῥρασας
465 2002 532 2038 δῆλα
547 1999 618 2037 ἦσαν
634 2001 688 2036 πρὸ
705 2001 752 2027 τοῦ
770 2000 919 2034 Μουχάμετ
929 2018 937 2031 ,

143 2050 234 2085 παρὲξ
253 2049 332 2076 τοῦτο
350 2050 398 2076 καὶ
411 2048 491 2084 μόνον
513 2048 554 2075 ὅτι
574 2048 588 2074 ὁ
612 2046 765 2082 Μουχάμετ
791 2045 938 2076 ἀπόστολος

144 2096 214 2123 θεοῦ
229 2094 275 2132 ἦν.
292 2096 346 2122 Καὶ
365 2096 519 2130 εἰσέρχεται
533 2096 547 2121 6
560 2093 681 2125 τοιοῦτος
696 2092 840 2128 ἄνθρωπος
855 2091 894 2122 είς
907 2090 938 2116 τὸ

146 2142 290 2178 μασγίδιον
302 2141 459 2177 ἔμπροσθεν
472 2140 519 2167 τοῦ
531 2140 608 2172 λαοῦ,
620 2140 666 2166 καὶ
681 2139 798 2169 ἵσταται,
810 2137 848 2168 ὡς
861 2137 937 2172 εἴρηη

144 2196 208 2220 ται,
231 2188 278 2214 καὶ
297 2187 406 2223 εὔχεται
425 2187 475 2222 τὴν
495 2186 599 2222 εὐχὴν,
619 2186 653 2221 ἣν
673 2183 760 2211 εἷπον.
782 2184 819 2209 Τὸ
835 2183 863 2209 δὲ
884 2191 937 2218 μοι-

146 2233 250 2268 σγίδιον
271 2234 348 2268 ὑμῶν
371 2233 492 2260 τοιοῦτόν
520 2234 604 2259 ἐστιν.
633 2232 718 2257 Ὅταν
740 2229 850 2264 μέλλεις
873 2217 977 2259 αὑτὸ,ί)

147 2278 312 2313 θεμελιῶσαι
322 2300 330 2312 ,
346 2279 480 2314 θεμελιοῐς
497 2279 545 2305 σὺν
563 2277 638 2313 αὐτῷ
653 2277 700 2304 καὶ
716 2277 769 2311 πρὸ
801 2275 850 2311 τὴν
866 2275 933 2301 καθ-

147 2325 228 2359 έδραν
244 2333 291 2350 σου
319 2326 488 2360 χρηματίσαι
518 2325 652 2360 σωτήριον
675 2323 783 2358 μέλλον,
800 2321 872 2356 ἔχεις
889 2321 937 2347 καὶ

146 2371 219 2406 ὕδωρ
231 2370 290 2406 [καὶ
305 2370 398 2406 ὓδωρ],
416 2372 453 2402 ὡς
469 2371 538 2406 μετὰ
548 2371 576 2397 τὸ
591 2368 757 2403 καθεσθῆναί
775 2377 804 2394 σε
820 2367 937 2398 ἐκτενῶς

149 2416 195 2452 τὴν
219 2415 322 2451 συνήθη
347 2425 393 2442 σου
414 2416 558 2451 καθέδραν,
578 2416 626 2442 καὶ
649 2416 719 2448 μετὰ
734 2414 821 2441 ταῦτα
839 2412 936 2448 εὔχου,

147 2462 220 2488 ἔστιν
244 2462 273 2488 δὲ
289 2462 319 2488 τὸ
347 2461 490 2496 μασγίδιον
510 2461 698 2496 ἐστρωμένον,
720 2459 814 2495 ὥσπερ
839 2459 936 2494 κλίνη,

147 2507 191 2534 ῖνα
207 2507 245 2542 μὴ
259 2507 395 2542 μιαίνεται
414 2506 632 2542 περιπατοῦντος
645 2507 692 2534 τοῦ
707 2505 851 2541 ἀνθρώπου
866 2506 937 2532 ἄνω-

147 2550 194 2576 θεν
213 2550 308 2578 αὑτοῦ.
338 2550 419 2576 Ἀλλὰ
435 2551 481 2576 ναὶ
496 2551 611 2577 σανίδων
629 2552 688 2577 ἐστὶ
709 2551 853 2577 erectius-ta
868 2550 938 2576 ἄνω-

147 2595 193 2622 θεν
208 2597 255 2622 καὶ
272 2596 397 2631 γύρωθεν
411 2597 459 2623 τοῦ
481 2597 640 2632 μασγιδίου,
652 2597 699 2623 καὶ
713 2597 743 2623 τὸ
760 2597 938 2631 συνενόμενον

147 2641 230 2668 αὑτοῦ
253 2642 432 2678 καθεδράριον
453 2643 484 2669 οὐ
507 2643 675 2677 μιαίνουσιν,
696 2644 710 2669 ὁ
726 2643 822 2678 ὴνηρεῖ
840 2642 870 2668 τὸ
884 2641 938 2667 τῶν

147 2688 297 2714 σανδαλίων
315 2689 362 2715 σοῦ
376 2689 508 2716 ὑποκάτω
524 2689 577 2715 τῶν
594 2689 682 2715 ποδῶν
702 2697 748 2715 σου
768 2689 792 2715 οἱ
807 2688 938 2715 ἀπέναντι

147 2735 193 2762 τοῦ
214 2735 361 2771 προσώπου
377 2737 404 2761 ὲν
425 2735 464 2771 τῷ
480 2735 654 2771 εἰσέρχεσθσί
679 2743 707 2761 σε
724 2736 764 2766 είς
779 2735 829 2770 τὴν
852 2742 938 2770 προσ-

147 2783 229 2817 ευχήν
256 2790 314 2808 σου.
343 2779 408 2808 Οἶδά
441 2790 470 2808 σε
503 2782 550 2808 καὶ
582 2781 729 2816 μανδή).ιον
753 2780 936 2816 βαστάζοντα,

147 2828 216 2862 ὅπερ
235 2827 364 2863 ἁπλώνης
389 2827 544 2862 ἔμπροσθέν
569 2836 628 2858 σου,
652 2827 700 2854 καὶ¹
721 2827 806 2863 εῦχῃ,
830 2827 874 2853 ἴνα
900 2827 937 2862 μὴ

147 2872 247 2908 μιανθῇ
264 2874 294 2899 τὸ
311 2873 456 2907 πρόσωπόν
479 2882 526 2899 σου
537 2892 544 2905 ,
561 2872 655 2908 ἐπειδὴ
672 2872 844 2907 ἐστρωμένον
858 2870 892 2907 ἧν
907 2872 937 2898 τὸ

994 1596 1081 1624 neque
1093 1589 1209 1617 divinam
1222 1590 1348 1624 gratiam,
1363 1598 1449 1624 neque
1460 1591 1602 1625 baptisma,
1612 1601 1699 1628 neque
1710 1595 1782 1628 psal-

994 1636 1125 1668 modiam,
1149 1643 1237 1669 neque
1263 1636 1450 1664 remissionem
1484 1642 1668 1670 peccatorum,
1695 1647 1782 1673 neque

993 1687 1109 1715 regnum
1129 1680 1275 1712 cmlorum.
1293 1687 1380 1714 neque
1392 1681 1545 1715 paradisum
1558 1684 1628 1716 apud
1649 1691 1697 1710 vos
1719 1684 1783 1718 quis

992 1726 1178 1761 consequitur,
1195 1725 1243 1752 sed
1262 1729 1367 1753 tantum
1386 1734 1456 1753 unus
1470 1734 1502 1754 ex
1522 1728 1597 1754 vobis
1612 1730 1737 1756 ascendit
1753 1731 1781 1757 in

991 1772 1078 1800 locum
1092 1771 1209 1806 aliquem
1223 1771 1379 1804 sublimem,
1394 1777 1421 1799 et
1434 1771 1547 1806 digitum
1560 1781 1641 1799 nntun
1656 1775 1714 1801 auri
1727 1776 1781 1802 im-

990 1827 1105 1854 ponens,
1115 1819 1228 1846 alterum
1239 1825 1303 1845 vero
1311 1818 1410 1852 podici,
1418 1819 1452 1845 ad
1467 1819 1551 1846 ravim
1561 1827 1647 1854 usque
1658 1820 1757 1848 clamat
1769 1830 1780 1850 :

991 1864 1195 1898 Deusmagnusl
1209 1864 1278 1892 Deus
1292 1865 1421 1899 magn-tsi
1436 1870 1464 1891 et
1476 1865 1650 1893 confessione
1663 1874 1712 1894 sua
1737 1872 1778 1894 te-

989 1915 1077 1937 statur
1089 1918 1096 1936 :
1110 1910 1166 1937 Non
1178 1915 1220 1937 est
1236 1910 1305 1938 Deus
1316 1910 1386 1937 sicut
1399 1911 1468 1938 Deus
1480 1916 1581 1942 noster,
1592 1915 1619 1938 et
1633 1918 1682 1946 ego
1693 1912 1776 1947 proﬁ-

989 1959 1048 1981 teor
1059 1954 1130 1988 quod
1159 1954 1334 1982 Multauttned
1365 1955 1401 1982 sit
1429 1956 1569 1990 apostolus
1591 1956 1648 1983 Dei.
1663 1956 1696 1984 Et
1726 1957 1782 1985 ista

989 2000 1033 2027 diu
1050 2006 1111 2026 uota
1125 2005 1204 2027 erant
1219 1999 1289 2035 apud
1303 2001 1409 2028 Arabas
1435 2005 1580 2035 antequam
1603 2001 1780 2030 Multammetl

989 2046 1154 2078 exorirelur,
1173 2050 1352 2079 prteterquam
1368 2046 1441 2072 istud
1455 2046 1554 2079 solum,
1568 2048 1641 2081 quod
1656 2048 1781 2075 Multam-

988 2090 1050 2116 med
1080 2094 1123 2116 est
1137 2090 1277 2124 apostolus
1294 2090 1352 2116 Dei.
1367 2089 1431 2117 Post
1447 2090 1526 2117 istam
1542 2098 1606 2119 vero
1628 2092 1779 2120 confessi0<

988 2143 1062 2167 nem,
1078 2136 1228 2170 ingreditur
1242 2136 1322 2162 homo
1339 2136 1389 2162 istc
1403 2141 1607 2170 mosqueam,et
1619 2142 1673 2164 stat
1682 2145 1774 2164 coram

987 2181 1096 2215 populo,
1108 2187 1137 2208 ut
1151 2182 1252 2209 dictum
1264 2186 1352 2215 esl,et
1365 2183 1517 2209 orationem
1524 2183 1580 2218 jam
1597 2189 1776 2212 memoratam

990 2228 1150 2256 deblaterat.
1165 2228 1239 2256 Talis
1258 2236 1321 2255 Vero
1338 2234 1378 2256 est
1393 2229 1463 2264 apud
1479 2237 1527 2256 vos
1555 2237 1694 2264 mosquea.
1708 2230 1778 2257 (hnn

991 2273 1064 2300 illius
1076 2273 1200 2308 iacienda
1216 2279 1278 2301 sunt
1292 2275 1478 2307 fundamenta,
1490 2275 1568 2301 simul
1592 2276 1673 2302 etiam
1692 2277 1777 2303 ιιιάίιὶ-

989 2325 1086 2347 canlur
1098 2320 1194 2347 balnea
1209 2326 1235 2347 ct
1249 2320 1355 2348 lavacra
1385 2328 1414 2347 nt
1447 2322 1627 2348 Musulntanni
1655 2322 1776 2350 futuram

988 2366 1102 2393 salutent:
1116 2367 1249 2401 adepturi,
1266 2367 1382 2394 habeant
1398 2375 1495 2402 aquam
1511 2369 1543 2395 ad
1558 2377 1634 2404 usum
1661 2370 1777 2403 podicis,

991 2420 1044 2446 quo
1058 2420 1154 2447 magna
1168 2420 1228 2440 cum
1245 2414 1419 2440 contentione
1439 2419 1533 2448 parato
1557 2419 1586 2441 et
1612 2417 1777 2450 composito,

988 2458 1021 2483 ad
1036 2465 1130 2492 preces
1143 2465 1172 2485 se
1185 2459 1341 2493 accingunt.
1357 2457 1403 2486 Est
1416 2467 1481 2486 vero
1496 2468 1624 2494 Inesquea
1642 2462 1778 2496 tapetibus

989 2508 1073 2530 strata
1087 2505 1158 2531 sicut
1173 2504 1259 2531 lectus
1271 2524 1278 2537 ,
1293 2513 1325 2531 ne
1340 2505 1477 2532 hominum
1487 2514 1569 2540 super
1581 2508 1776 2535 ambulantinnt

990 2555 1118 2577 contactu
1131 2550 1340 2577 contaminetur.
1355 2551 1407 2577 Sed
1422 2555 1449 2577 et
1462 2559 1543 2586 supra
1559 2558 1623 2579 stunt
1633 2560 1666 2580 ex
1680 2555 1777 2580 asseri-

989 2596 1038 2622 bus
1053 2596 1228 2628 structiones,
1253 2601 1280 2623 et
1305 2597 1424 2624 tabulata
1450 2598 1574 2631 qua’datn
1607 2599 1681 2626 circa
1705 2607 1776 2626 tuos-

989 2647 1105 2673 queam;
1126 2645 1217 2674 partes
1245 2645 1334 2667 autem
1357 2641 1582 2674 circumjacentes
1594 2647 1620 2668 et
1645 2643 1776 2669 sessionis

989 2685 1076 2713 locum
1093 2694 1228 2720 mosquete
1241 2687 1398 2721 contiguum
1421 2695 1473 2714 non
1493 2687 1636 2722 inquinant
1663 2692 1691 2715 et
1710 2696 1778 2716 cou-

989 2737 1130 2767 spurcant.
1147 2732 1199 2760 Alii
1216 2733 1336 2760 sandalia
1352 2740 1385 2760 ex
1407 2733 1519 2767 pedibus
1535 2733 1641 2766 tollunt,
1655 2739 1778 2762 etacon-

993 2783 1086 2814 specta
1100 2786 1149 2806 suo
1178 2784 1326 2806 removent.
1348 2778 1415 2807 Novi
1433 2780 1516 2807 etiam
1530 2780 1602 2815 quod
1619 2788 1680 2807 cum
1706 2789 1778 2808 mos-

988 2833 1087 2860 qucam
1104 2824 1255 2860 ingrederis
1267 2825 1338 2852 soles
1354 2825 1465 2853 mantile
1477 2830 1565 2853 tecum
1582 2829 1690 2860 gestare
1705 2827 1776 2860 quod

989 2879 1080 2898 coram
1098 2875 1124 2899 te
1139 2871 1258 2906 explicas
1270 2875 1297 2899 et
1324 2872 1450 2900 extendis
1482 2877 1511 2900 ut
1542 2874 1631 2908 possis
1658 2872 1777 2900 orationi
