1941 3065
156 135 223 167 1447
729 130 932 161 BARTHOLO

985 128 1013 159 EI
1033 128 1220 161 EDESSENI
1715 127 1784 160 1448

154 200 265 224 vacare.
283 196 310 218 et
321 191 374 218 tuis
404 190 627 218 inclinationibus
657 193 684 215 ct
710 188 932 223 prostrationibui

992 185 1136 222 μασγὶδιὸν
1146 194 1210 218 σου,
1227 184 1271 217 τίς
1281 185 1298 220 ἡ
1312 183 1392 220 χρεία
1407 183 1456 211 τοῦ
1469 183 1632 220 μανδηλιου;
1649 184 1710 212 οὖαὶ
1725 194 1784 215 τοις

153 236 237 263 facies
251 242 294 262 tua
315 243 367 262 non
386 236 554 269 inquinetur.
574 234 627 261 Sed
657 241 718 261 cum
746 233 880 267 tapetibus
893 233 928 260 'si

992 231 1085 263 κακῶς
1114 231 1260 266 φρονοῦσι,
1287 231 1301 257 ὁ
1322 230 1435 257 τοιαῦτα
1461 230 1581 265 φρονῶν,
1604 231 1662 262 πῶς
1681 231 1784 267 τολμᾷ-ς

152 289 219 308 orna
228 287 252 308 lat
265 286 293 308 ct
306 286 392 307 strata
408 286 461 307 tota
479 287 681 313 mosqttea,quae
695 278 844 306 necessitas
853 278 932 305 adltut

991 277 1130 313 ἐρωτῆσαι
1146 277 1330 312 Χριστιανοὺς
1345 275 1404 307 πῶς
1421 275 1613 309 πιστεύουσιν;
1625 276 1738 308 Πάντως
1752 277 1783 303 τὸ
1802 279 1806 283 ⁷

153 326 271 352 ntantilia
290 326 434 352 admovere
457 330 486 351 ut
502 324 736 358 conspurcationis
764 329 791 351 et
820 323 932 350 sordiun

990 323 1138 358 κεφάλαιον
1155 322 1206 356 τῆς
1224 321 1362 356 σωτηρίας
1375 321 1425 356 τῆς
1438 321 1528 356 ψυχῆς
1544 330 1591 348 σου
1601 322 1681 349 τοῦτό
1695 323 1781 355 ἐστιν,

151 371 392 398 (ὍιιῑειιιὶῐιιίιιιὶίιΙΙΙΙ
409 372 509 397 vitetur
522 369 670 404 periculum
685 370 696 395 τ
709 369 753 396 Va:
779 369 857 396 vobis
881 375 940 403 pes-

151 416 221 443 sima
237 417 363 449 dogmata
382 416 545 443 foventibus.
561 415 601 442 Tu
615 415 659 450 qui
686 415 747 441 talia
764 414 849 441 sentis
871 421 940 447 quo-

989 369 1019 395 ὲν
1034 368 1073 403 τῷ
1091 369 1179 394 εἰπεῖν
1195 367 1236 398 εἰς
1250 367 1280 393 τὸ
1304 367 1391 401 ὄνομα
1408 366 1456 393 τοῦ
1472 366 1541 394 Θεοῦ
1556 367 1604 394 τοῦ
1624 367 1780 401 ἐλεοῦντος,

989 414 1037 441 καὶ
1055 413 1103 440 τοῦ
1120 414 1183 448 ὲλεη
1188 413 1279 448 μένου.

152 461 232 488 modo
249 463 331 488 audes
353 461 403 488 hac
420 461 576 496 importuna
610 466 637 487 et
660 460 840 487 inverecunda
871 458 1001 493 petitione
1019 467 1117 487 vexare
1140 458 1319 490 Christianos,
1350 457 1496 491 quaerendo
1527 457 1592 492 quid
1603 461 1630 484 et
1644 460 1779 491 quomodo

150 507 279 534 erodant?
293 505 359 533 'l‘ota
373 507 471 541 quippe
485 514 589 534 sununa
601 506 695 534 salutis
715 506 812 533 anima:
838 510 935 533 vestrae
955 505 982 532 in
996 505 1022 532 id
1037 510 1141 532 tantum
1163 505 1317 537 resolvitur,
1352 504 1478 531 nimirum
1493 510 1524 531 ut
1535 505 1641 532 dicatur
1654 513 1661 531 :
1675 503 1703 531 ln
1731 513 1779 531 tto-

151 555 226 582 Iuine
241 555 287 582 Dei
306 555 474 582 miseraloris
489 559 518 581 et
534 554 731 582 misericordis.

269 608 343 636 Finis
359 609 418 636 ulla:
428 609 601 642 impurissimi
615 608 817 636 Multammedis.

1046 610 1135 642 Τέλος
1152 609 1205 636 τοῦ
1219 609 1292 641 ,βίου
1307 608 1361 634 τοῦ
1376 608 1544 641 ἀκαθάρτου
1560 608 1726 643 Μουχιὶμετ.

668 753 880 808 ΚΑΤΑ
915 752 1256 811 ΜΩΑΜΕΔ.
1294 778 1296 780 ’

542 946 859 1010 CONTRA
907 947 1390 1013 MUHAMMED.

185 1138 284 1165 Contra
309 1138 462 1166 Saracenos
476 1139 522 1174 qui
548 1139 675 1167 dicuntur
706 1139 848 1167 .smaelitaa
877 1144 932 1168 tan-

1022 1139 1101 1167 Κατὰ
1127 1139 1296 1176 Σαρακηνῶν
1319 1139 1344 1166 οἳ
1367 1139 1514 1168 καλοῦνται
1539 1141 1709 1176 Ὶσμαηλῖται
1724 1142 1774 1177 μὲν

149 1193 230 1219 quant
243 1185 276 1212 ab
294 1185 404 1212 Ismaele
431 1186 563 1219 originem
592 1186 732 1212 ducentes.
759 1185 822 1212 Fuit
841 1191 935 1214 autem

151 1231 222 1258 Illius
245 1230 405 1262 Abraltanti,
432 1238 513 1265 quem
546 1231 583 1258 illi
608 1231 711 1265 peperit
739 1231 811 1266 Agar
838 1231 935 1258 ancilla

150 1277 250 1303 Same.
262 1276 303 1303 Ab
319 1277 370 1303 hac
392 1284 456 1303 vero
483 1278 555 1310 Agar
572 1277 697 1303 dicuntur
722 1276 850 1311 Agareni.
867 1276 935 1305 Dicti

149 1326 213 1349 sttnt
222 1327 312 1348 autent
332 1322 472 1354 Saraceni,
487 1322 567 1356 quia,
583 1330 644 1348 cunt
666 1321 739 1354 Agar
766 1322 845 1348 domo
861 1322 934 1356 pulsa

150 1374 198 1399 per
213 1366 348 1393 desertum
363 1371 466 1392 erraret
485 1366 634 1400 palabunda
650 1371 677 1392 et
695 1364 834 1392 Ismaeleut
851 1366 934 1392 illium

149 1415 279 1446 gestaret,
308 1411 406 1438 dixerit
432 1413 548 1447 angelo:
571 1412 638 1438 Sara
667 1413 777 1438 domina
808 1419 867 1438 utea
892 1419 935 1439 nte

148 1459 229 1485 domo
241 1457 355 1492 expulit,
373 1463 401 1483 ut
418 1457 452 1484 ibi
472 1458 577 1491 legitur.
597 1457 725 1485 Saraceni
739 1465 802 1484 vero
813 1458 846 1484 ad
862 1462 927 1484 tem-

150 1510 214 1537 pora
231 1510 315 1536 usque
327 1502 498 1536 imperatoris
530 1503 645 1530 lleraclii
660 1503 768 1530 fuerunt
787 1503 935 1530 idololatra‘:

148 1551 177 1574 et
194 1547 307 1574 Veneris
328 1548 531 1583 phospltorique
543 1548 640 1575 sideris
664 1548 780 1575 cultores
805 1548 933 1583 religiosi.

149 1592 220 1626 quod
246 1592 335 1626 lingua
351 1593 494 1620 vernacula
511 1593 643 1619 vocabant
656 1591 760 1625 Cabar,
776 1593 847 1626 quod
875 1599 934 1619 nta-

148 1646 231 1674 gnutn
243 1639 388 1673 signilicat.
406 1639 468 1666 Istis
481 1646 546 1666 vero
559 1638 726 1672 temporibus
742 1643 819 1665 ortus
831 1643 874 1664 est
893 1638 935 1664 itt-

150 1690 192 1710 ter
205 1684 265 1711 illos
281 1685 450 1710 Muhamnted
471 1684 612 1718 propheta,
629 1691 708 1717 quent
736 1687 764 1709 ut
787 1683 933 1710 maximum

148 1735 175 1756 et
189 1731 338 1764 adjutorem
349 1730 512 1756 indefessum
523 1729 782 1763 depmdicaverunt.
794 1728 860 1755 Erat
871 1736 935 1755 vero

149 1775 206 1808 ipse
217 1781 250 1801 ex
271 1782 322 1800 una
332 1774 449 1800 tribuuttt
463 1774 591 1800 lsmaelis.
606 1773 653 1799 llle
664 1778 752 1799 autent
767 1772 817 1799 fuit
838 1772 934 1799 lsmael

149 1824 276 1853 tanquam
292 1827 360 1845 ututs
373 1826 405 1845 ex
421 1819 542 1845 lstnaelis
570 1818 695 1852 posteris.
722 1817 934 1852 Ρτὶιιιθςυιιίιιιιιι
948 1810 969 1838 (λ

151 1871 214 1890 vero
224 1863 316 1891 habuit
327 1863 451 1890 Elsarum
462 1871 541 1897 quem
550 1865 640 1898 genuit
650 1872 682 1891 ex
695 1864 818 1891 lsntacle.
836 1865 934 1890 Deinde

149 1909 216 1936 duos
233 1908 300 1935 alios
314 1908 382 1935 ﬁlios
394 1909 420 1935 itt
438 1909 498 1935 vita:
517 1913 544 1935 et
560 1909 618 1935 dias
644 1909 752 1936 lumtttis
767 1917 848 1936 auras
872 1908 935 1935 enti-

148 1954 194 1987 ιιι,
213 1954 370 1981 Mnndarum
385 1955 524 1986 nimirum,
540 1959 568 1982 et
582 1955 798 1981 Scltularabiam.
823 1954 935 1981 Munda-

150 2007 195 2027 ros
208 2004 297 2026 autent
322 2001 416 2034 genuit
439 2000 587 2033 Cuzarum,
612 2005 640 2027 et
662 1999 879 2026 Thetnimanunt.
893 1999 934 2026 Ab

149 2045 200 2071 illis
212 2050 289 2072 ortus
304 2044 474 2072 Multamnted
489 2046 532 2079 qui
549 2046 610 2072 talis
621 2051 679 2072 erat
697 2045 770 2071 vultu
787 2049 814 2072 et
836 2044 932 2071 lortna.

149 2090 214 2117 Erat
226 2091 544 2122 semi-siccusetaridus,
559 2091 665 2117 incessu
692 2097 755 2117 vero
785 2094 813 2117 et
845 2089 934 2124 specie

149 2136 227 2170 plane
243 2135 382 2162 ridiculus.
395 2136 488 2163 Adhuc
505 2143 570 2162 vero
586 2135 612 2162 in
629 2135 687 2169 ipsa
708 2135 820 2162 infantia
838 2142 934 2169 paren-

149 2181 221 2207 tibus
241 2182 363 2211 0rbatus.
381 2185 504 2208 extrema
530 2184 690 2215 paupertate
717 2180 894 2212 obruebatur,
905 2183 933 2206 et

147 2226 246 2252 iaceris
262 2226 357 2260 pannis
373 2226 491 2258 indutus,
507 2230 535 2253 et
559 2225 638 2260 plane
659 2225 801 2257 obscurus,
820 2225 929 2252 fentinaa

146 2271 255 2298 cuidam
276 2271 361 2299 vidua:
377 2271 493 2299 traditus
512 2272 562 2299 fuit
576 2278 683 2302 servus.
702 2278 761 2304 qua:
779 2270 852 2297 illum
886 2278 933 2304 ge-

147 2325 213 2344 nere
244 2318 442 2351 quodammodo
473 2318 636 2352 attingebat.
662 2317 730 2344 Cum
752 2321 841 2344 autem
866 2324 932 2350 pue-

148 2363 216 2390 ritia:
228 2371 314 2390 annos
328 2367 400 2390 esset
413 2368 634 2398 prietergressus,
662 2362 750 2390 factus
775 2367 817 2390 est
837 2369 932 2389 SEI‘VIIS

146 2409 333 2436 mercenarius
370 2409 448 2436 istius
470 2410 556 2437 vidua:
597 2410 639 2437 cui
670 2409 799 2443 Chadiga:
833 2415 931 2435 nomen

145 2460 216 2487 erat,
244 2454 354 2482 {etninae
394 2455 553 2487 ditissima,
581 2459 610 2482 et
648 2455 743 2489 opibus
782 2453 931 2480 allluentis-

144 2501 229 2528 sinite.
242 2501 307 2533 Quae
323 2508 384 2527 cuin
402 2502 475 2527 varia
493 2500 543 2527 alia
561 2499 750 2535 suppellectili,
786 2499 868 2526 multa
888 2498 931 2532 ju-

145 2550 236 2573 menta
263 2546 352 2573 alebat
377 2550 404 2573 et
427 2545 546 2573 camelos
582 2545 807 2580 quamplurimos.
830 2544 931 2571 llorum

144 2597 235 2619 rector
272 2592 436 2619 constitutus
462 2591 646 2623 Mahammed,
671 2590 798 2618 ouantibus
829 2589 932 2616 viribus

144 2638 256 2664 tentavit
271 2637 417 2670 Chadigam
435 2637 571 2664 dontinatn
589 2644 665 2664 suam
697 2636 724 2663 in
742 2643 861 2663 antorem
889 2635 930 2661 sui

144 2683 281 2717 pellicere.
299 2683 377 2710 Clam
410 2683 517 2716 irrepit,
539 2690 601 2709 cum
630 2682 675 2709 illa
697 2681 882 2716 congreditur,
902 2684 930 2706 et

144 2729 253 2755 tandem
271 2728 388 2763 legitime
404 2733 432 2755 et
442 2729 549 2763 publice
560 2727 610 2755 tori
623 2728 714 2754 socius
743 2725 840 2758 evasit,
856 2729 881 2752 ct
897 2724 915 2751 il

144 2773 196 2800 lant
209 2782 319 2801 uxorein
329 2774 416 2801 duxit.

179 2819 274 2846 l‘nstca
297 2823 402 2846 mutato
424 2818 538 2846 consilio
564 2817 712 2852 Cltadigam
737 2815 832 2851 puduit
862 2822 923 2843 cum

985 1186 1024 1218 ὡς
1038 1186 1092 1214 ἀπὸ
1106 1185 1154 1212 τοῦ
1176 1186 1290 1222 Ἰσμαὴλ
1304 1186 1499 1221 καταγόμενοι.
1515 1186 1580 1218 Υἱὸς
1598 1188 1626 1214 δὲ
1644 1184 1723 1219 οὗτος
1740 1185 1774 1222 ἦν

984 1231 1032 1258 τοῦ
1057 1231 1198 1267 Ἀϐραὰμ,
1225 1231 1367 1266 γεννηθεὶς
1391 1230 1421 1263 ἐξ
1438 1232 1527 1267 Ἀγαρ
1552 1232 1601 1267 τῆς
1627 1233 1774 1268 παιδίσκης

986 1276 1105 1312 Σάρρας.
1132 1277 1279 1312 Ἀγαρηνοὶ
1299 1277 1328 1303 δὲ
1342 1276 1397 1304 ἀπὺ
1421 1278 1512 1313 ’Δγαρ
1528 1278 1577 1312 τῆς
1596 1278 1698 1313 μητρὸς
1724 1279 1774 1305 Ἰσ-

987 1321 1070 1356 μαήλ.
1087 1321 1240 1356 Σαρακηνοὶ
1254 1320 1309 1347 ἀπὸ
1327 1321 1376 1347 τοῦ
1390 1321 1479 1348 εἰπεῖν
1495 1321 1562 1356 πρὸς
1576 1321 1624 1348 τὸν
1637 1321 1752 1356 ἄγγελον
1763 1343 1773 1355 ,

984 1367 1026 1393 ὅτι
1041 1366 1208 1392 ἀπελαθεϊσα
1228 1366 1303 1400 παρὰ
1321 1365 1372 1400 τῆς
1387 1366 1485 1401 κυρίας
1506 1366 1592 1401 αὐτῆς
1605 1366 1689 1393 ὥδευε
1705 1367 1774 1393 κατὰ

984 1412 1033 1448 τὴν
1058 1412 1162 1448 ἔρημον
1182 1411 1370 1447 ἐπιφερομένη
1389 1411 1435 1438 τὸν
1462 1411 1592 1446 Ἰσμαὴλ,
1615 1411 1656 1438 ὅτι
1682 1412 1775 1447 Σάρρα

985 1457 1067 1492 κυρία
1087 1466 1121 1492 με
1137 1457 1279 1491 ἀπήλασεν
1291 1476 1299 1489 ,
1323 1456 1361 1488 ὡς
1378 1457 1438 1482 ἐκεῖ
1458 1456 1544 1490 λέγει.
1571 1456 1603 1482 Oi
1621 1457 1776 1490 Σαρακηνοὶ

986 1503 1036 1538 μὲν
1065 1502 1146 1538 μέχρι
1175 1510 1228 1528 των
1256 1501 1419 1535 Ἡρακλείου
1441 1501 1489 1528 τοῦ
1514 1501 1646 1536 βασιλέως
1669 1502 1775 1537 χρόνων

984 1548 1195 1582 εἰδωλολάτρουν
1216 1547 1435 1582 προσκυνοῦντες
1457 1546 1496 1582 τῷ
1512 1548 1644 1583 ὲωτφόρῳ
1662 1547 1774 1582 ἄστρῳ,

985 1594 1032 1620 καὶ
1041 1595 1075 1628 τῇ
1092 1594 1246 1629 Ἀφροδίτῃ,
1260 1594 1293 1628 ἢν
1304 1593 1335 1628 δὴ
1346 1593 1394 1620 καὶ
1406 1593 1503 1628 Xrika
1516 1595 1548 1628 τῇ
1564 1594 1653 1620 αὐτῶν
1668 1593 1776 1630 γλώττῃ

985 1639 1171 1674 ὲπωνόμαζον.
1192 1639 1274 1674 Δηλοῐ
1288 1639 1316 1665 δὲ
1335 1639 1352 1674 ἠ
1374 1639 1448 1671 λέξις
1471 1635 1541 1673 αὕτη
1567 1639 1618 1673 τὴν
1638 1639 1772 1674 μεγάλην.

985 1686 1051 1711 Τότε
1067 1685 1095 1711 δὲ
1106 1685 1248 1720 προφήτης
1262 1684 1354 1716 αὐτοῖς
1369 1684 1469 1719 ἀνέστη
1491 1684 1625 1719 Μωάμεθ,
1635 1684 1683 1711 καὶ
1697 1685 1775 1711 αὐτοὶ

984 1731 1091 1765 ἔχοντες
1113 1731 1196 1756 αὑτὸν
1227 1731 1312 1764 μέγαν
1334 1729 1383 1756 καὶ
1411 1729 1586 1765 περιϐόητον.
1611 1727 1695 1761 Οὗτος
1720 1730 1774 1757 ἀπὸ

987 1776 1051 1810 μιᾶς
1068 1775 1121 1802 τῶν
1142 1775 1172 1807 ἐξ
1194 1775 1307 1810 Ἰσμαὴλ
1326 1774 1418 1810 φυλῶν
1434 1775 1632 1810 καταγόμενος.
1661 1775 1774 1810 Ίσμαὴλ

985 1821 1013 1847 δὲ
1034 1819 1068 1856 ἦν
1086 1817 1182 1853 οὗτος,
1208 1821 1246 1852 ὼς
1262 1821 1310 1847 καὶ
1331 1820 1378 1846 τοῦ
1399 1820 1512 1855 Ίσμαὴλ
1536 1820 1679 1855 τυγχάνων
1703 1821 1772 1847 ἀπό-

986 1874 1073 1900 γονος.
1090 1866 1224 1900 Πρόγονον
1240 1866 1268 1892 δὲ
1280 1864 1337 1901 εἶχε
1353 1866 1398 1892 τὸν
1417 1865 1554 1900 Ἤτξαρον
1568 1866 1686 1899 ἐκεῖνον,
1699 1866 1732 1905 ῥν
1743 1865 1773 1899 ἐξ

991 1911 1103 1947 Ἰσμαὴλ
1116 1911 1193 1937 ἔτεκε
1204 1931 1211 1941 .
1225 1911 1273 1937 καὶ
1289 1912 1330 1942 εἰς
1346 1911 1403 1945 φῶς
1416 1910 1474 1945 βίου
1489 1910 1610 1945 παρῆξεν
1625 1910 1672 1937 δύο
1686 1911 1772 1944 υἱοὺς,

984 1956 1030 1982 τὸν
1052 1956 1210 1991 Μούνδαρον
1233 1955 1343 1982 καὶτὸν
1359 1955 1559 1991 Σκυλαραϐίαν.
1590 1956 1619 1982 '0
1635 1956 1662 1982 δὲ
1684 1956 1774 1983 Μούν-

984 2001 1065 2036 δαρος
1078 2002 1210 2028 ἀπέτεκεν
1223 2001 1270 2027 τὸν
1281 2001 1434 2036 Κοὺσαρον,
1451 2001 1496 2027 καὶ
1511 2001 1556 2027 τὸν
1570 2001 1708 2037 Θεμίμην.
1724 2001 1772 2028 Ἐκ

983 2046 1085 2073 τούτων
1116 2047 1130 2073 ὁ
1159 2047 1279 2081 Μωαμὲδ
1304 2046 1448 2081 καταχθείς
1463 2053 1470 2061 '
1487 2047 1606 2078 τοιοῦτος
1635 2047 1663 2072 δὲ
1682 2045 1715 2081 ἦν
1736 2048 1771 2082 τῇ

985 2093 1090 2127 μορφῇ·
1105 2091 1239 2126 ήμίξηρος
1249 2112 1257 2124 ,
1273 2093 1321 2118 καὶ
1335 2092 1366 2118 τὸ
1382 2089 1451 2122 εἶδος
1468 2091 1573 2125 γελοῖός
1587 2100 1617 2117 τε
1634 2094 1680 2118 καὶ
1695 2091 1771 2126 βαδί-

985 2145 1078 2172 σματι.
1095 2137 1149 2164 Καὶ
1162 2137 1259 2173 κομιδῇ
1273 2137 1332 2168 νέος
1344 2136 1560 2172 ἀπορφανισοεὶς
1574 2138 1658 2172 πένης
1669 2137 1772 2163 παντάο

984 2190 1067 2208 πασιν
1082 2180 1130 2217 ἦν,
1149 2183 1197 2208 καὶ
1212 2182 1385 2216 ρακενδυτῶν
1395 2203 1402 2215 ,
1415 2183 1464 2209 καὶ
1484 2183 1588 2217 ἀφανὴς
1604 2182 1642 2208 ὢν
1659 2182 1770 2218 ὲθήτευε

983 2228 1059 2262 παρὰ
1092 2228 1220 2261 γυναικὸς
1247 2228 1336 2263 χήρας
1372 2228 1442 2254 κατὰ
1470 2227 1549 2261 γένος
1579 2227 1654 2262 αὐτῷ
1685 2235 1770 2262 προσ-

982 2272 1087 2308 ηκούσῃ
1098 2293 1106 2305 ,
1120 2273 1170 2308 τὴν
1187 2272 1316 2307 παιδικὴν
1336 2272 1517 2308 παραμειεων
1533 2273 1581 2306 τῆς
1598 2273 1705 2308 ἡλικίας
1723 2281 1769 2307 μι-

984 2318 1085 2350 σθωτὸς
1102 2318 1206 2352 γίνεται
1226 2318 1275 2353 τῆς
1288 2319 1417 2352 γυναικὸς
1439 2318 1540 2354 ταύτης
1551 2338 1559 2351 ,
1574 2319 1636 2354 ἥτις
1652 2319 1698 2344 καὶ
1712 2319 1771 2345 Χα-

982 2364 1059 2398 διγὰν
1081 2363 1324 2399 ἐπονομαζομένης
1345 2364 1476 2396 πλουσίας
1496 2364 1566 2391 πάνυ
1587 2365 1634 2391 καὶ
1647 2364 1770 2398 εὐπορω-

981 2410 1081 2445 τάτης,
1101 2410 1149 2436 καὶ
1164 2409 1235 2444 μετὰ
1251 2409 1301 2444 τῆς
1323 2409 1419 2445 λοιπῆς
1436 2409 1595 2445 περιουσίας
1620 2409 1666 2436 καὶ
1686 2410 1771 2444 κτήνη

985 2455 1069 2481 πολλὰ
1089 2454 1263 2490 κεκτημένη,
1287 2454 1347 2489 μεθ’
1363 2451 1400 2481 ὧν
1413 2455 1460 2480 καὶ
1477 2454 1619 2489 καμήλους
1633 2454 1675 2481 ὃτι
1694 2454 1770 2480 πλεί-

986 2509 1074 2532 στους.
1093 2498 1143 2526 Ὧν
1167 2501 1263 2535 νομεὺς
1281 2500 1295 2526 ὁ
1317 2500 1467 2536 Malo-31.15:
1490 2500 1620 2535 κατέστη.
1646 2501 1771 2535 Ἴσχυπν

984 2546 1024 2578 εἰς
1057 2546 1145 2581 ἔρωτα
1172 2547 1221 2580 τὴν
1245 2546 1345 2581 κυρίαν
1372 2546 1455 2573 αὑτοῦ
1490 2546 1612 2580 Χαδιγὰν
1635 2546 1768 2580 ἀγαγεῖν·

984 2591 1069 2617 ὑπέδυ
1084 2591 1185 2625 ταύτην
1196 2610 1203 2622 ,
1219 2591 1266 2617 καὶ
1283 2592 1450 2624 συνεγένετο.
1469 2591 1522 2617 Καὶ
1531 2591 1563 2617 τὸ
1577 2591 1653 2623 τέλος
1668 2591 1771 2626 κυρίως

985 2636 1111 2672 φανερῶς
1137 2637 1176 2668 εἰς
1196 2637 1285 2671 γάμου
1308 2637 1452 2664 κοινωνίαν
1474 2636 1577 2672 ταύτην
1595 2638 1636 2668 εἰς
1655 2638 1770 2671 γυναῖκα

982 2680 1126 2715 λαμϐάνει.

1014 2814 1068 2841 Καὶ
1081 2814 1148 2849 πρὸς
1160 2814 1238 2841 τοῦτο
1250 2813 1435 2850 ἀποτρόπαιον
1452 2814 1548 2850 ἡγεῖτο
1560 2813 1642 2840 αὑτὸν
1652 2813 1771 2846 Χαδιγὰν
