1941 3065
150 139 220 171 1449

708 137 950 169 CONFUTATIO
968 137 1246 170 MUHAMMEDIS.

1728 141 1797 174 1459

149 196 345 231 συγκοινωνεῖν
360 194 450 230 τούτῳ
461 194 492 221 οὺ
509 192 592 229 μόνον
611 192 657 220 διὰ
670 192 702 220 τὸ
716 193 854 228 μισθωτὸν
876 191 942 221 εἶναι

999 194 1045 222 illo
1067 196 1227 224 societatem
1244 196 1415 232 conjugalem
1433 197 1532 226 fovere
1548 203 1655 226 etcum
1669 198 1715 227 illo
1727 207 1796 228 con-

147 244 217 279 αὺτῇ
231 242 326 269 τοῦτον
336 263 344 275 ,
362 240 420 268 ἀλλ’
437 241 479 268 ὃτι
493 241 540 267 καὶ
555 239 676 271 ἀνείδεος
695 236 730 275 ἦν
745 240 793 267 καὶ
808 239 945 277 ἄμορφος.

147 287 205 314 Καὶ
217 287 247 313 ὲν
258 286 370 317 πολλαῖς
390 284 445 311 τῶν
456 284 571 320 ἡμερῶν
586 283 659 312 κατὰ
671 284 724 320 γῆς
741 284 884 320 κείμενος,
900 285 948 312 καὶ

146 332 235 369 ἀφρὸν
261 331 425 360 ἀποπτύων.
446 330 595 365 Γενόμενος
616 330 645 357 δὲ
671 331 767 366 κύριος
787 331 843 358 τῶν
858 331 949 367 ὑπαρ-

146 380 250 416 χόντων
273 379 360 414 αὐτῆς
386 377 517 410 πολλάκις
540 377 679 412 ἀπεδήμει
704 378 767 405 κατ’
794 377 944 413 ἐμπορίαν.

145 426 202 455 Καί
216 434 282 454 ποτε
298 425 524 461 παραγενόμενος
539 425 580 456 εὶς
595 424 781 460 Παλαιστίνην
798 425 946 461 συνέτυχεν

152 473 306 510 Ἑϐραίοις,
327 469 389 500 εἶτα
416 471 584 508 ’Δρειανοῖς,
607 470 705 499 ἔπειτα
725 471 772 498 καὶ
794 471 947 508 Νεστορια-

145 522 213 552 νοίς.
237 519 294 546 Καὶ
310 518 391 551 δόξας
417 517 573 553 φιλομαθὴς
593 516 680 550 εἶναι,
696 517 819 553 ἀρύσατο
840 517 948 553 ταχέως

147 566 178 598 ἐξ
204 565 341 602 Ἐϐραίων
363 563 413 600 μὲν
432 564 483 600 τὴν
499 563 667 600 μοναρχίαν,
686 563 716 598 ὲξ
742 564 893 599 ’Δρειανῶν
917 564 947 591 δὲ

146 613 234 648 Λόγον
274 612 325 639 καὶ
350 611 465 646 Πνεῦμα
486 611 604 643 κτιστὰ,
629 610 684 639 ἀπὸ
707 611 736 639 δὲ
755 611 948 647 Νεστοριανῶν

146 658 421 695 ἀνθρωπολατρείαν.
433 657 490 685 Καὶ
504 656 634 684 σύνθετον
645 657 676 691 ἐξ
691 657 782 685 αὐτῶν
794 657 947 694 θρησκείαν

145 705 237 741 ἑαυτῷ
266 705 469 741 συνεστήσατο·
502 705 669 741 νοσήσαντος
695 705 725 732 δὲ
749 705 832 732 πάλιν
863 703 948 732 αὐτοῦ

145 753 263 788 πάρεσιν
285 751 392 789 μελῶν,
417 752 435 787 ἡ
455 751 609 787 δηλωθεϊσα
625 751 723 779 τούτου
744 751 817 788 γυνὴ
843 752 949 787 σφόδρα

143 802 240 837 ἠνιᾶτο
250 821 258 834 ,
271 801 320 827 καὶ
333 799 469 835 ἦσχαλλεν
479 799 511 826 οὐ
529 799 610 834 μόνον
624 798 662 831 ὡς
676 798 769 826 δοῦλον
782 798 831 826 καὶ
843 798 948 835 μισθω-

999 241 1138 275 cumbere,
1160 246 1217 269 tum
1229 242 1292 277 quia
1320 244 1508 271 mercenarius
1534 244 1704 279 luerat,tum
1731 246 1798 281 quia

999 287 1193 322 ingratissima:
1223 292 1252 316 et
1275 289 1442 324 turpissima:
1461 295 1522 318 erat
1549 291 1654 320 formze.
1682 292 1800 328 Insuper

999 335 1062 369 quia
1080 334 1194 369 singulis
1211 334 1268 362 fere
1300 335 1397 364 diebus
1429 337 1506 372 quasi
1541 338 1673 366 comitiali
1697 339 1796 367 morbo

999 385 1153 414 correptus,
1168 387 1216 407 ore
1238 382 1376 416 spumanti
1389 382 1417 409 in
1433 387 1535 410 terram
1547 384 1665 411 cadebat
1678 389 1706 412 et
1716 383 1796 419 jace-

999 425 1055 453 bat.
1075 426 1213 454 Bonorum
1234 433 1299 454 vero
1310 427 1405 456 uxoris
1432 429 1559 466 dominus
1580 429 1671 458 factus
1700 431 1798 466 saepia-

999 471 1068 499 simc
1075 471 1108 499 ad
1120 476 1303 500 mercaturam
1314 474 1496 502 exercendam
1510 482 1624 511 peregre
1637 476 1801 511 proﬁcisce-

999 517 1093 546 batur.
1108 518 1176 546 Cum
1190 519 1218 547 in
1241 518 1415 548 Palaestinam
1442 521 1590 556 aliquando
1615 524 1796 557 pervenisset,

999 564 1095 591 incidit
1108 564 1134 591 in
1148 563 1289 599 Hebraeos,
1303 565 1444 594 deindein
1468 567 1598 600 Arianos,
1614 574 1754 604 postremo
1768 570 1798 597 in

999 609 1193 639 Nestorianos.
1219 611 1287 639 Cum
1302 612 1378 643 {vero
1418 612 1539 641 scientia:
1567 614 1682 650 cupidus
1711 615 1799 644 videri

999 657 1092 690 vellet,
1110 665 1143 685 ex
1163 657 1287 686 Hebraeis
1299 658 1393 686 hausit
1404 660 1595 688 monarchiam
1615 668 1663 688 seu
1684 661 1796 689 unicum

999 709 1060 731 esse
1075 702 1172 731 Deum.
1187 701 1229 732 Ex
1241 703 1352 731 Arianis
1378 703 1497 732 Verbum
1515 709 1543 732 et
1572 705 1705 740 Spiritum
1732 713 1798 734 sau-

1001 754 1076 777 ctum
1097 756 1160 776 esse
1184 753 1336 783 creaturas,
1349 757 1382 777 ex
1404 748 1575 778 Ncstorianis
1591 751 1740 785 hominem,
1754 752 1799 779 ni-

1000 794 1099 822 mirum
1111 802 1257 829 personam
1270 795 1416 824 humanam
1428 795 1531 823 Christi
1542 803 1604 824 esse
1618 797 1798 825 adorandam.

143 847 190 874 τὺν
205 847 292 882 αὐτῆς
311 845 499 881 συναφθεῖσα,
522 845 592 872 ἀλλὰ
609 845 657 872 καὶ
677 845 716 877 ὡς
741 844 815 880 μέγα
836 844 942 879 νόσημα

999 840 1034 867 Ει
1053 847 1086 868 ex
1111 841 1172 868 istis
1197 840 1327 869 omnibus
1351 841 1543 877 complicatam
1561 842 1722 878 religionem
1745 843 1798 871 sibi

143 893 241 929 ἔχοντα
256 879 302 920 τὸν
318 879 491 928 γημᾶμενον.
506 889 562 918 Ἦν
576 891 605 918 δὲ
617 891 711 923 αὐτοῖς
727 879 807 925 φίλος
824 889 942 925 μοναχός

998 887 1126 914 conﬂavit
1152 892 1181 914 et
1191 888 1354 922 composuit.
1368 887 1419 915 lllo
1444 895 1511 916 vero
1531 888 1631 917 iterum
1655 889 1800 919 laborante

142 949 187 972 τις
212 939 351 976 ὲξόριστος
377 939 422 971 είς
448 938 543 965 ἐκεῖνα
560 938 596 965 τὰ
621 937 693 974 μέρη
720 937 765 964 διὰ
787 937 818 964 τὺ
845 936 945 964 ἑαυτοῦ

142 985 243 1022 δόγμα.
259 982 345 1016 οὗτος
366 984 397 1017 εξ
409 983 553 1019 ὑποθήκης
573 982 622 1010 τοῦ
640 981 765 1018 Μωαμεθ
790 981 946 1018 ἑπληροφό-

144 1037 229 1068 μησεν
245 1032 294 1068 τὴν
311 1030 410 1058 τούτου
435 1030 570 1065 σύζυγον,
590 1029 629 1062 ὡς
650 1029 744 1056 οὐκέτι
763 1029 842 1063 κοινὴ
866 1028 946 1060 νόσος

141 1080 218 1107 ἐστὶν
230 1079 249 1115 ή
264 1078 420 1114 κατέχουσα
435 1077 482 1105 τὸν
495 1076 629 1112 Μωάμεδ,
647 1075 725 1111 λέγει
741 1075 811 1112 πρὸς
829 1075 916 1110 αὐτὴν
929 1074 944 1102 ό

141 1125 273 1162 μοναχδς.
299 1124 357 1152 ἀλλ’
371 1124 468 1156 ὁσάκις
487 1123 537 1150 ῐδοι
557 1123 604 1150 τδν
617 1121 790 1158 ἁρχάγγελον
806 1120 942 1157 Γαὸριὴλ,

143 1170 183 1206 μὴ
197 1170 290 1206 φέρων
313 1168 396 1197 αὑτοῦ
411 1169 462 1204 τὴν
482 1167 603 1204 φοδερὰν
621 1166 786 1202 ἐπιφάνειαν
804 1166 846 1198 είς
861 1165 942 1192 τοῦτο

141 1216 322 1244 καταπίπτει.
343 1215 401 1243 Καὶ
418 1215 473 1250 γὰρ
497 1215 511 1241 ό
537 1212 670 1250 δηλωθεὶς
692 1212 820 1247 ἄγγελος,
837 1211 940 1247 φησὶν,

141 1264 183 1295 εἰς
197 1263 262 1294 τοὺς
285 1262 422 1298 μεγάλους
446 1261 643 1289 ἀποστέλλεται
668 1260 814 1295 προφήτας
831 1258 939 1285 ἀποκα-

141 1309 173 1336 λύ
180 1317 252 1336 πτων
267 1308 361 1339 αὐτοῖς
375 1307 410 1334 τὰ
429 1307 568 1342 μυστήρια
583 1305 631 1332 τοῦ
649 1304 717 1332 Θεοῦ
727 1325 735 1336 ,
754 1305 803 1331 καὶ
822 1303 942 1338 γνώσεις

140 1356 197 1382 τῶν
207 1354 361 1389 ἑπομένων.
393 1353 604 1380 ’Δποστὲλλεται
622 1351 669 1384 δὲ,
689 1350 773 1386 φησὶ,
802 1349 852 1376 καὶ
872 1347 942 1385 πρὸς

141 1400 188 1428 τὸν
202 1399 325 1436 Μωαμὲδ
339 1398 425 1434 ἄνδρα
436 1397 484 1425 τὸν
497 1399 559 1430 σὺν,
570 1397 608 1429 ὼς
627 1396 716 1432 μέγαν
730 1394 887 1432 προφήτην.

998 933 1184 960 membrorum
1203 933 1340 961 solutione
1350 937 1378 962 et
1391 934 1524 970 paralysi,
1541 940 1692 963 memorata
1711 943 1796 971 supra

999 986 1067 1006 uxor
1092 979 1268 1007 vehementer
1296 978 1458 1013 angebatur,
1477 986 1505 1008 et
1540 979 1748 1016 indignabatur,
1768 985 1799 1010 ut

997 1029 1061 1060 pote
1081 1031 1143 1060 quas
1160 1024 1288 1052 maritum
1303 1025 1356 1053 sibi
1370 1025 1526 1054 sociaverat
1538 1034 1592 1055 non
1608 1031 1715 1055 tantum
1738 1035 1799 1056 scr-

994 1078 1057 1098 vum
1094 1075 1122 1098 et
1135 1070 1188 1098 vile
1201 1071 1368 1106 mancipium
1401 1076 1430 1100 et
1447 1073 1660 1106 mercenarium,
1679 1074 1726 1102 sed
1749 1074 1800 1101 bo-

995 1117 1095 1144 minem
1113 1116 1160 1152 qui
1175 1117 1272 1145 morbo
1287 1118 1467 1146 acerbissimo
1477 1124 1634 1148 vexaretur.
1648 1119 1793 1149 Habebam

993 1168 1058 1190 vero
1068 1162 1235 1190 monachum
1251 1164 1398 1198 quemdam
1421 1165 1473 1192 sibi
1487 1165 1651 1194 familiarem
1667 1172 1696 1195 et
1720 1167 1791 1195 ami-

992 1216 1064 1242 cum,
1085 1209 1131 1244 qui
1154 1214 1267 1244 propter
1291 1217 1340 1238 sua
1362 1218 1445 1245 prava
1471 1213 1598 1249 dogmata
1615 1212 1680 1241 illuc
1698 1213 1789 1241 fuerat

990 1254 1017 1282 in
1030 1255 1157 1283 exsilium
1182 1256 1330 1292 relegatus.
1347 1257 1395 1286 ille
1418 1258 1569 1287 deliberata
1585 1266 1647 1287 cum
1663 1258 1787 1287 Multam-

991 1303 1069 1327 mede
1083 1300 1198 1328 consilio
1214 1309 1327 1329 uxorem
1343 1301 1544 1332 Muhammedis
1565 1305 1599 1332 ab
1616 1305 1669 1333 ista
1686 1305 1784 1333 anxie-

992 1350 1049 1374 tate
1063 1354 1192 1375 revocare
1207 1347 1359 1383 satagebat,
1373 1349 1581 1385 conabaturque
1607 1351 1787 1386 persuadere.

992 1399 1047 1420 non
1065 1392 1171 1428 vulgari
1186 1398 1214 1420 et
1228 1394 1372 1423 ordinario
1389 1391 1486 1424 morbo
1516 1397 1636 1424 cruciari
1664 1396 1794 1424 Multam—

143 1446 260 1475 medem.
291 1446 355 1479 Sed,
373 1444 526 1480 inquiebat,
558 1443 774 1479 quotiescunque
800 1440 875 1468 videt
914 1437 1110 1473 archangelum
1143 1436 1309 1474 Gabrielem,
1341 1440 1430 1476 impar
1446 1444 1527 1469 tanta:
1559 1440 1678 1470 lerendac
1694 1442 1783 1470 vision

142 1493 227 1526 cadit,
257 1498 285 1521 et
300 1491 378 1528 quasi
408 1491 530 1528 pondere
555 1491 651 1527 gloria
673 1489 813 1521 obruitur;
833 1486 953 1514 addebat
971 1485 1055 1513 etiam
1073 1486 1224 1514 monachus
1252 1486 1319 1514 ille‘:
1331 1487 1450 1515 Mittitur
1464 1489 1517 1517 iste
1532 1489 1645 1524 angelus
1657 1489 1690 1517 ad
1708 1489 1780 1517 maxi

143 1548 203 1570 mos
231 1534 380 1577 prophetas
404 1539 472 1575 ipsis
503 1537 633 1574 mysteria
662 1536 709 1564 Dei
739 1540 767 1563 et
786 1535 942 1562 futurorum
962 1531 1150 1566 cognitionem
1179 1533 1324 1567 revelans;
1360 1535 1491 1570 pergebat
1513 1543 1579 1563 vero
1608 1540 1636 1564 et
1665 1537 1794 1564 dicebat:

144 1589 263 1618 Mittitur
274 1589 346 1617 idem
360 1587 475 1623 angelus
490 1587 523 1614 ad
532 1586 677 1622 coniugem
710 1590 786 1612 tuum
813 1580 1032 1610 Muhammedem
1048 1584 1178 1616 tauquam
1194 1583 1228 1610 ad
1239 1590 1366 1619 magnum
1382 1584 1556 1620 prophetam.

178 1635 256 1671 Αὐτὴ
275 1635 305 1663 δὲ
319 1634 464 1662 πεισθεῖσα
480 1634 536 1666 τοῖς
547 1632 723 1668 λεγομένοις,
740 1630 789 1658 καὶ
803 1630 939 1665 γενομένη

1028 1625 1075 1654 Illa
1104 1634 1171 1656 vero
1202 1629 1284 1657 dictis
1314 1629 1386 1657 victa
1408 1634 1436 1657 et
1463 1631 1668 1666 obtemperans,
1692 1632 1797 1667 gaudio

141 1682 298 1718 περιχαρὴς
314 1682 363 1709 τὸν
379 1681 459 1716 λόγον
475 1679 621 1708 πεισθεῖσα
637 1679 772 1715 ἐκήρυττε
790 1676 940 1713 διαρρήδην

141 1728 203 1759 ταῖς
218 1727 314 1759 ἄλλαις
336 1726 480 1761 γυναιξὶν,
500 1726 542 1753 ὅτι
564 1726 652 1762 μέγας
669 1725 746 1752 ἐστὶν
766 1723 912 1759 προφήτης
926 1722 942 1750 ὸ

141 1772 280 1808 Μωαμὲδ,
295 1772 344 1800 καὶ
365 1771 442 1808 παρὰ
455 1771 496 1807 τῷ
510 1771 572 1807 Θεῷ
593 1771 803 1807 ἐκλελεγμένος.
825 1770 881 1797 Καὶ
895 1769 942 1798 τὸν

142 1820 245 1856 τρόπον
254 1819 350 1846 τοῦτον
361 1819 394 1846 ὲκ
412 1818 553 1853 γυναικῶν
567 1818 608 1850 εις
627 1818 728 1854 ἄνδρας
740 1817 755 1844 ό
769 1816 850 1852 λόγος
862 1813 942 1848 οὗτος

141 1865 275 1898 διαδοθεὶς
291 1865 456 1902 ἐκράτησεν,
472 1865 521 1892 καὶ
540 1864 673 1900 ηὑΕάνθη.
695 1864 728 1891 Τί
747 1864 880 1899 γέγονεν;
894 1863 941 1890 τέ-

142 1911 275 1948 θνηκενή
300 1912 370 1947 γυνὴ
387 1911 472 1939 αὐτοῦ
497 1911 621 1945 Χαδιγὰ,
644 1910 693 1938 καὶ
707 1910 878 1946 κληρονόμον
901 1911 942 1942 εἰς

142 1958 253 1985 ἅπαντα
266 1957 355 1992 αὐτῆς
368 1957 501 1992 Μωάμεδ,
525 1956 573 1985 τὸν
592 1957 642 1984 καὶ
657 1955 810 1992 Μαχούμετ
825 1955 876 1990 τῆς
889 1963 940 1983 πε-

143 2004 269 2040 ριουσίας
294 2003 380 2038 αὐτῆς
409 2003 568 2036 κατέλιπεν,
596 2002 627 2035 ὃς
647 2003 694 2031 καὶ
714 2002 876 2039 κληρονόμῃ
893 2002 942 2029 καὶ

142 2050 245 2086 ταύτης
262 2049 326 2084 ὄφις
350 2049 389 2077 ὢν
406 2048 514 2084 δράκων
535 2049 661 2084 γέγονεν.
689 2049 746 2076 Καὶ
770 2048 864 2076 ἔκτοτε
893 2057 943 2076 πε-

142 2097 307 2134 πλουτηκὼς
322 2097 414 2133 τίμιος
434 2097 512 2133 παρὰ
532 2097 618 2123 πᾶσιν
635 2095 779 2131 ἐφαίνετο·
799 2094 864 2129 δόξα
887 2095 942 2131 γὰρ

143 2145 320 2181 ἀπείραντος.
333 2144 351 2180 ἡ
364 2145 413 2172 καὶ
426 2143 535 2180 πλούτῳ
548 2143 694 2179 προσλάὸῃ
702 2143 753 2179 τὴν
765 2142 856 2178 οῐησιν
871 2142 943 2178 μέγα

142 2199 169 2218 τι
182 2191 324 2222 δοκεῖτοῖς
337 2191 480 2222 ταπεινοῖς
492 2190 540 2217 καὶ
551 2189 719 2226 τιμώμενον.
734 2189 790 2217 Kal
800 2188 943 2216 συλλαϐὼν

143 2236 192 2267 τὰς
207 2235 413 2272 προῤῥηθείσας
429 2235 511 2267 κενὰς
529 2234 614 2262 αὑτοῦ
629 2234 808 2266 διδασκαλίας
824 2235 839 2261 ὁ
855 2233 943 2261 Μωά-

145 2283 195 2318 μεδ
213 2282 269 2309 ἀπὸ
294 2283 349 2309 τῶν
377 2282 514 2309 Ἰουδαίων
530 2281 581 2317 τὴν
608 2282 774 2318 μοναρχίαν,
792 2282 825 2308 ὲκ
844 2281 873 2308 δὲ
887 2281 941 2308 τῶν

150 2327 300 2364 ’Δρειανὼν
322 2327 353 2354 τὸ
367 2327 458 2361 λέγειν
482 2327 529 2354 τὸν
545 2327 634 2361 Λόγον
658 2327 707 2354 καὶ
725 2326 791 2353 Υῑὸν
805 2326 854 2353 τοῦ
872 2325 941 2353 Θεοῦ

144 2374 271 2408 κτιστδν,
292 2374 325 2401 ὲκ
343 2373 372 2401 δὲ
390 2373 446 2400 τῶν
470 2373 663 2409 Νεστοριανῶν
691 2372 742 2409 τὴν
764 2372 942 2408 ἁνθρωπολα-

143 2421 251 2456 τρείαν.
273 2420 330 2447 Kal.
348 2419 438 2447 πάντα
452 2419 595 2447 συλλαϐὼν
606 2410 731 2453 ἒδὶὃαξεν
748 2419 780 2446 τὸ
796 2419 940 2456 ᾀδόμενον.

145 2466 225 2494 οὕτω
244 2466 277 2502 δὴ
292 2466 342 2494 καὶ
358 2465 533 2502 συγκεράσας
549 2467 598 2493 καὶ
609 2466 648 2502 τῷ
665 2466 724 2502 λαῷ
743 2466 881 2502 ἐκήρυξεν
894 2465 943 2493 καὶ

144 2512 296 2546 ὲκράτυνεν
316 2511 364 2539 καὶ
386 2511 425 2543 ὼς
444 2512 589 2547 προφήτην
611 2513 700 2546 μέγαν
714 2513 748 2539 ὲκ
766 2512 836 2539 Θεοῦ
859 2511 943 2539 αὑτὸν

144 2558 278 2593 τιμᾶσθαι
292 2557 332 2593 τῷ
354 2557 413 2593 λαῷ
429 2559 659 2594 παρηγγυήσατο.
675 2559 759 2591 Γνοὺς
772 2559 801 2586 δὲ
811 2558 875 2590 τοὺς
889 2558 943 2585 Ἰσε-

148 2604 284 2640 μαηλίτας
303 2604 358 2632 τῶν
381 2605 477 2632 παθῶν
494 2603 564 2632 εἶναι
587 2605 708 2638 δούλους,
725 2606 774 2632 καὶ
791 2605 944 2641 βοσκητοὺς

146 2650 342 2687 ἁπημάντους,
371 2651 456 2686 ήγουν
487 2649 722 2686 βοσκηματώδεις,
751 2653 800 2679 καὶ
830 2651 944 2683 δούλους

145 2697 227 2728 ὄντας
245 2696 410 2733 βρωμάτων,
428 2695 520 2731 βίϐλον
537 2698 644 2729 οἰκείας
657 2697 821 2733 νομοθεσίας
835 2697 945 2731 ἐξέθετο

143 2744 284 2779 γέμουσαν
304 2743 395 2777 πάσης
414 2743 573 2779 ἀκαθάρτου
592 2744 771 2780 νομοθεσίας,
790 2745 945 2782 προσφιλὴς

144 2790 238 2822 αὐτοῖς
261 2787 313 2825 ἦν,
329 2790 377 2816 καὶ
391 2790 541 2826 οὐρανόθεν
561 2792 607 2818 διὰ
621 2792 668 2819 τοῦ
689 2792 863 2828 ἀρχαγγέλου
889 2792 945 2820 Γα-

144 2835 228 2873 ϐριὴλ
245 2836 444 2872 κατενεχθῆναι
459 2837 536 2873 αὺτῷ
546 2837 771 2873 διεὸεὸαιώσατο,
789 2841 837 2868 καὶ
851 2841 945 2876 δεδογ-

148 2884 264 2918 μάτικεν
277 2902 285 2914 ,
308 2882 413 2918 ταύτην
437 2883 487 2920 τὴν
510 2886 674 2920 νομοθεσίαν
697 2891 808 2927 διδάξας
823 2897 862 2931 τῷ
881 2891 938 2928 λαῷ
953 2920 960 2928 ι

266 2930 403 2963 Parnm.
420 2933 478 2963 GR.
495 2934 574 2966 CIV.

573 2996 639 3006 n.—

993 1675 1115 1703 maximo
1130 1674 1241 1710 perfusa
1257 1682 1316 1703 rem
1332 1680 1416 1704 totum
1434 1676 1497 1705 aliis
1513 1677 1683 1706 mulierculis
1708 1686 1795 1714 expo-

993 1723 1076 1752 nebat
1086 1727 1115 1751 et
1127 1723 1285 1756 enarrabat,
1299 1724 1372 1758 quod
1385 1723 1516 1752 nimirum
1529 1724 1705 1753 Multammed
1719 1731 1794 1754 esset

993 1769 1129 1798 maximus
1141 1769 1283 1805 propheta,
1294 1775 1322 1797 et
1339 1778 1353 1797 a
1369 1770 1424 1798 Deo
1438 1770 1552 1798 electus.
1570 1771 1604 1799 Et
1615 1770 1668 1799 hoc
1684 1771 1766 1799 modo
1775 1779 1791 1800 a

996 1815 1107 1845 feminis
1120 1817 1154 1844 ad
1167 1816 1242 1845 viros
1255 1815 1326 1844 fama
1334 1816 1387 1844 ista
1405 1817 1525 1850 transiit,
1541 1818 1649 1846 tandem
1663 1818 1794 1852 obtinuit,

993 1867 1020 1891 et
1026 1863 1099 1891 vires
1110 1862 1437 1899 acquisiviteundoﬂuid
1445 1863 1546 1891 factum
1559 1863 1794 1901 posteamhadiga

993 1910 1195 1943 uxormoritur,
1205 1916 1232 1937 et
1239 1910 1361 1937 omnium
1371 1910 1503 1937 bonorum
1511 1917 1623 1937 suorum
1630 1917 1663 1939 ex
1673 1917 1735 1939 asse
1743 1911 1798 1939 ουν

994 1956 1086 1984 redem
1103 1955 1246 1984 constituit
1255 1959 1284 1982 et
1299 1955 1410 1990 reliquit
1421 1955 1636 1983 Muhammedem
1648 1963 1656 1989 ;
1670 1957 1716 1991 qui
1729 1964 1793 1984 cum

994 2002 1045 2029 ista
1058 2001 1235 2037 pinguissima
1248 2001 1674 2036 htereditateacrpenscvasisset,
1684 2003 1795 2031 tandem

994 2047 1082 2076 factus
1092 2052 1134 2076 est
1142 2048 1235 2075 draco.
1244 2047 1276 2074 Et
1287 2048 1321 2074 ah
1339 2047 1385 2075 illo
1401 2052 1523 2083 tempore
1536 2048 1612 2075 dives
1628 2047 1729 2081 factus,
1744 2049 1796 2076 ho-

994 2102 1089 2122 norem
1103 2094 1173 2129 apud
1185 2101 1282 2121 omnes
1292 2095 1406 2128 adeptus
1412 2099 1464 2121 est.
1476 2093 1611 2122 Gloriatio
1620 2094 1721 2130 quippe
1732 2095 1794 2124 sine

995 2141 1049 2169 ﬁne
1063 2145 1092 2169 et
1106 2148 1167 2177 quae
1183 2140 1254 2176 apud
1266 2141 1365 2176 vulgus
1381 2141 1538 2176 opinionem
1556 2141 1611 2169 sibi
1629 2148 1662 2169 ex
1689 2143 1790 2178 opibus

994 2188 1134 2222 conciliat,
1148 2195 1276 2224 magnum
1292 2188 1357 2223 quid
1369 2192 1397 2215 et
1411 2188 1597 2216 venerandum
1614 2189 1723 2216 videtur
1737 2189 1793 2216 ‘ab-

994 2235 1074 2270 iectis
1086 2239 1114 2263 et
1138 2242 1171 2264 ex
1188 2235 1269 2271 plebe
1286 2235 1655 2271 humilioribus.Congereus
1665 2243 1732 2270 ergo
1745 2243 1793 2263 su-

996 2290 1045 2318 pra
1078 2286 1243 2310 memoratas
1267 2289 1352 2309 vanas
1380 2281 1536 2316 opiniones,
1551 2281 1679 2308 nimirum
1695 2289 1728 2309 ex
1743 2281 1794 2308 Ju-

995 2329 1062 2357 d:eis
1076 2328 1276 2361 monarchiam,
1290 2335 1323 2356 ex
1352 2329 1460 2356 Ariauis
1485 2327 1604 2355 Verbum
1630 2328 1677 2356 Dei
1690 2332 1719 2356 et
1747 2328 1793 2356 Dei

998 2377 1096 2405 Filium
1139 2383 1201 2404 esse
1222 2381 1390 2407 creaturam,
1418 2382 1452 2402 ex
1477 2373 1649 2402 Nestorianis
1676 2374 1793 2402 anthroo

997 2423 1153 2459 polatriam,
1171 2429 1204 2450 ex
1220 2421 1272 2450 illis
1292 2421 1420 2449 omnibus
1440 2428 1522 2449 unam
1545 2421 1699 2448 doctrinam
1726 2428 1794 2449 con-

996 2470 1081 2503 ﬂavit,
1097 2477 1179 2505 quam
1195 2469 1368 2498 auditoribus
1383 2473 1490 2503 gratam
1502 2472 1530 2496 et
1545 2468 1718 2495 decantatam
1743 2467 1793 2495 do-

997 2517 1064 2546 cuit.
1080 2516 1111 2545 Et
1126 2517 1166 2545 sic
1179 2524 1209 2545 se
1239 2515 1326 2543 turbis
1352 2520 1380 2542 et
1405 2514 1504 2551 populo
1532 2514 1702 2546 immiseens,
1717 2513 1791 2541 illaut

997 2564 1154 2600 praedicavit
1185 2567 1213 2591 et
1250 2561 1420 2598 propagavit,
1450 2568 1480 2589 se
1511 2565 1638 2594 tanquam
1665 2567 1793 2595 magnum

996 2613 1157 2649 prophetam
1173 2609 1334 2642 venditavit,
1349 2614 1377 2636 et
1403 2616 1417 2636 a
1444 2608 1544 2644 populo
1561 2615 1590 2636 se
1603 2607 1661 2635 fere
1686 2606 1738 2634 coli
1762 2611 1794 2634 et

997 2658 1106 2687 adorari
1123 2657 1231 2685 tandem
1256 2655 1385 2683 obtinuit.
1400 2654 1467 2682 Cum
1486 2661 1551 2682 vero
1569 2651 1655 2689 probe
1672 2652 1794 2680 novisset

994 2705 1145 2733 lsmaelitas
1158 2708 1271 2731 suarum
1284 2702 1429 2730 libidinum
1447 2708 1521 2736 ,esse
1535 2707 1612 2728 mera
1642 2699 1791 2733 mancipia,

994 2752 1058 2789 quia
1074 2756 1199 2787 pastores
1209 2754 1290 2778 erant
1313 2749 1435 2782 minime
1446 2746 1559 2776 verendi
1581 2750 1610 2774 et
1633 2745 1753 2778 exitiosi,
1764 2749 1794 2772 et

994 2797 1167 2834 pastoritiam
1187 2800 1273 2824 artem
1292 2798 1399 2823 tantum
1424 2796 1594 2824 exercentes,
1610 2795 1638 2819 et
1663 2798 1792 2819 escarum

995 2844 1155 2879 ventrisque
1187 2841 1385 2876 servi,librum
1409 2839 1499 2873 legum
1521 2845 1570 2866 sua
1597 2837 1704 2873 privata
1732 2836 1792 2864 sola

969 2894 1151 2929 auctOritate
1175 2890 1322 2929 ‘munitum
1353 2885 1518 2922 composuit,
1553 2885 1665 2922 pleuqu
1690 2884 1790 2913 omnis

1593 2933 1632 2966 ίιϐ
