1932 3067
135 131 200 165 ιιδι

133 191 247 226 impurae
261 189 394 218 doctrinae
409 189 469 218 istis
482 189 638 218 hominibus
660 189 836 224 gratissima},
853 188 930 216 illum
944 194 968 222 Α

132 236 204 264 coelo
219 236 252 263 ad
264 243 294 264 se
310 236 428 264 delatum
443 243 492 269 per
506 234 698 271 archangelum
712 234 868 262 Gabrielem
882 240 929 262 as-

133 283 229 316 seruit,
240 283 392 310 doctrinam
408 282 454 310 illo
471 287 628 310 contentam
656 281 776 309 medium
795 281 822 308 in
835 280 930 316 vulgus

134 329 334 361 disseminavit,
350 337 431 365 quam
452 329 590 357 Coranum
613 328 731 361 vocavit,
747 327 774 355 id
797 333 840 355 est
860 327 931 354 divi-

134 382 197 402 nant
211 375 307 409 legem.
325 374 496 402 Sancitvero
510 374 556 401 illa
579 374 690 402 disertis
713 373 804 401 verbis
817 371 932 408 quemli-

132 419 181 447 bet
191 419 397 455 llagarenorum
411 427 494 455 pesse
504 419 556 447 sibi
571 422 692 454 quatuor
706 425 806 446 uxores
834 417 930 445 matri.

133 465 228 493 monio
246 465 385 501 copulare,
403 471 432 493 et
455 473 517 493 cum
543 465 596 493 illis
616 465 723 500 publice
738 472 928 498 consuescere,

133 511 305 538 eottcubinas
319 519 385 539 vero
401 516 443 539 tot
457 516 524 547 quot
539 511 577 539 illi
604 511 747 546 placuerit.
765 510 822 539 Hac
837 515 928 538 autem

133 557 241 585 ratione
266 558 407 593 Agarenos
435 559 462 586 in
487 565 565 586 suum
581 557 683 585 cultum
701 558 838 592 perduxit,
870 557 931 584 illos

134 610 183 631 sua
199 604 324 632 doctrinm
335 604 433 632 imbuit
448 611 561 632 monens
576 604 660 632 etiam
679 608 707 630 ut
736 602 930 639 frequentibus

711 132 759 162 BA
764 130 998 162 RTHOLOMEI
1020 130 1207 163 EDESSENI

1710 129 1784 162 1452

983 188 1039 215 Καὶ
1060 188 1171 223 Κουρὰν
1193 186 1298 222 ταύτην
1313 186 1444 214 ἐκάλεσεν
1457 207 1463 219 ,
1479 185 1620 214 τουτέστιν
1639 185 1716 214 θείαν
1732 187 1784 222 δη-

979 233 1046 268 λαδὴ
1068 233 1242 269 νομοθεσίαν,
1273 233 1364 269 ῥητῶς
1391 232 1583 268 διοριζομένην
1607 232 1710 269 αὐτὴν,
1733 232 1784 260 τὸν

980 279 1083 307 καθένα
1096 279 1152 307 τῶν
1168 279 1332 315 Ἀγαρηνῶν
1343 279 1390 306 ὑπ’
1405 279 1531 312 ἐξουσίαν
1545 279 1617 315 ἔχειν
1631 279 1781 315 τέσσαρσιν

980 325 1106 361 γυναιξὶν
1122 327 1327 361 συγκοινωνεϊν,
1342 326 1390 352 καὶ
1406 325 1521 357 ταύταις
1539 324 1697 360 συνομιλεῖν
1714 333 1783 360 προ.

982 372 1094 408 φανῶς,
1115 372 1260 404 παλλακὰς
1284 371 1314 399 δὲ
1329 371 1403 407 ἔχειν
1427 371 1473 398 τὸν
1494 370 1557 398 καθ’
1577 371 1644 404 ἕνα,
1659 370 1725 402 ὅσας
1748 370 1785 397 ἂν

981 421 1095 457 αἰρέτω.
1112 420 1169 448 Καὶ
1186 420 1274 452 οὕτως
1288 421 1351 452 τοὺς
1372 419 1544 456 Ἀγαρηνοῦς
1563 419 1604 450 εἰς
1618 418 1668 453 τὴν
1683 415 1782 444 ἑαυτοῦ

980 467 1063 503 τιμὴν
1076 467 1184 503 ἤγαγεν
1194 487 1201 499 ,
1213 466 1262 494 καὶ
1273 465 1361 498 οὕτως
1371 466 1471 497 αὐτοὺς
1481 465 1604 497 ἐδίδαξεν
1615 485 1623 497 ,
1636 464 1685 491 καὶ
1700 471 1784 500 μετα-

980 514 1056 545 νοίας
1076 513 1264 548 καταγγείλας
1283 514 1382 540 ποιεῖν.
1403 512 1459 539 Καὶ
1471 511 1496 538 τ’
1510 511 1579 539 ἄλλα
1595 510 1711 543 τούτων,
1730 510 1783 536 ὅσα

980 560 1009 587 ὲν
1021 560 1054 596 τῇ
1073 559 1158 595 βίϐλῳ
1170 559 1322 595 ἐγράψατο.
1349 557 1433 593 una
1448 557 1495 586 καί
1510 565 1576 584 ποτε
1591 556 1685 590 ἁπλῶς
1699 555 1786 592 ἐκρά-

980 614 1061 633 τυνεν
1080 606 1269 642 νομοθέτημα.

83 685 87 690 1
134 651 357 680 inclinationibus
382 651 566 686 iudnlgerent.
594 650 629 678 Et
652 651 705 678 alia
735 650 798 678 talla
828 651 920 679 docuit
939 659 1000 687 quae
1032 654 1058 681 in
1086 654 1160 682 illius
1180 653 1249 681 libro
1273 652 1374 688 scripta
1402 651 1591 679 continentur.
1606 649 1661 678 Sed
1692 653 1720 677 et
1734 648 1785 677 ali-

136 699 245 734 quando
257 698 409 726 absolutam
424 697 509 732 legem
523 698 642 732 aliquam
658 696 727 728 ﬁxit.
739 704 822 732 quam
843 697 930 724 voluit
950 699 1003 725 vim
1016 699 1117 726 habere
1133 704 1159 727 et
1176 699 1311 727 obtinere.

171 743 296 773 Habebat
309 744 408 779 quippe
423 745 540 772 amicum
557 743 667 771 nomine
692 743 746 770 Zez
763 743 807 771 cui
829 743 928 771 matri-

139 790 233 818 monio
242 789 338 823 juncta
352 795 410 817 erat
427 797 495 816 uxor
511 789 606 817 formae
617 789 838 824 elegantissimae.
856 789 929 817 Illius

139 843 206 865 vero
227 844 321 864 amore
342 843 473 864 accensus
485 835 670 869 Multammed,
683 836 768 864 voluit
783 836 857 863 illam
878 837 929 864 sibi

141 888 255 910 uxorem
274 882 387 914 habere,
405 887 432 909 et
447 882 565 909 amicum
581 882 614 909 ad
626 889 655 909 se
664 883 770 910 curavit
790 883 932 915 accersiri,

141 935 222 964 quem
240 928 341 956 talibus
355 928 447 955 verbis
458 928 590 955 adoritur.
602 927 688 959 Nosti,
703 927 801 959 amice,
819 934 862 955 me
873 934 934 955 esse

136 975 300 1011 prophetam
312 973 432 1009 Dei,lnec
445 978 502 1002 luto
512 981 561 1001 nec
573 977 667 1001 sancte
679 973 761 1001 dictis
772 973 841 1001 meis
853 973 932 1001 ﬁdem

137 1026 166 1049 et
180 1020 384 1050 observantiam
401 1021 506 1055 negari.
525 1019 603 1047 Scias
627 1026 692 1054 ergo
709 1019 735 1046 id
761 1020 832 1054 quod
868 1019 934 1047 mihi

138 1066 210 1094 Deus
227 1066 284 1101 ipse
297 1065 453 1100 imperavit.
469 1064 604 1092 Nimirum
620 1069 651 1090 ut
669 1071 781 1091 uxorem
803 1069 878 1091 tuum
893 1064 934 1091 di-

138 1111 241 1144 mittas,
252 1110 383 1146 illamque
395 1110 462 1137 mihi
479 1109 655 1136 matrimonio
667 1108 792 1144 jungam.
803 1109 935 1142 Quando-

139 1156 249 1191 quidetn
263 1162 328 1183 vero
341 1155 417 1182 illqu
443 1155 605 1190 prophetam
633 1161 697 1182 esse
720 1154 933 1187 existimabant,

139 1208 169 1231 et
176 1202 251 1230 illum
266 1202 412 1230 admodum
426 1201 588 1245 prqbabant,
604 1201 700 1228 annuit
712 1201 783 1228 votis
813 1206 840 1228 et
857 1201 936 1229 dictis

142 1249 246 1277 amicus
262 1248 328 1281 Zez,
344 1253 372 1276 et
383 1248 418 1276 ab
432 1255 519 1276 uxore
533 1252 674 1282 separatus
687 1252 823 1282 estquam
852 1247 937 1274 tradi-

142 1295 182 1324 dit
197 1302 311 1323 uxorem
338 1294 458 1322 futuram
488 1294 687 1321 Multammedis
715 1294 786 1321 slcut
811 1295 869 1328 ipse
881 1294 937 1329 jus-

140 1345 223 1369 serat.
247 1340 353 1369 Uxores
368 1347 434 1368 vero
449 1340 553 1375 primas
569 1344 597 1367 et
611 1347 726 1367 numero
743 1342 862 1375 quatuor
885 1339 936 1366 ha-

139 1387 198 1416 buit
216 1396 224 1415 :
238 1387 366 1415 videlicet
381 1386 492 1419 Zadize,
509 1386 583 1419 Aise.
595 1386 707 1422 Zeinep,
723 1390 749 1414 et
771 1385 935 1414 Omielteim.

141 1432 243 1460 Habuit
261 1439 324 1460 vero
336 1432 420 1460 ﬁliam
434 1433 544 1460 nomine
559 1432 717 1465 Phatmam,
729 1439 811 1466 quam
837 1439 938 1467 genero

141 1479 214 1507 Alim
224 1479 401 1507 matrimonio
423 1479 533 1507 locavit.
546 1478 646 1506 llabuit
657 1483 685 1506 et
695 1479 763 1506 duos
772 1478 840 1506 ﬁlios
849 1477 938 1506 Chou~

141 1533 226 1553 saneu
234 1525 646 1553 etChousainen.Aderantvero
653 1524 690 1552 illi
698 1530 723 1552 et
730 1525 774 1552 alii
781 1529 937 1560 symmystte

143 1573 206 1600 etin
218 1579 302 1606 opere
314 1572 381 1600 socii
393 1576 420 1600 et
431 1573 458 1599 in
479 1571 653 1607 propaganda
669 1571 796 1599 doctrina
811 1578 859 1598 sua
874 1578 938 1598 suc-

145 1625 270 1647 cessoms
294 1618 436 1646 indefessi.
449 1617 583 1646 Videlicet
594 1617 806 1653 Apoupicertas,
819 1622 847 1645 et
867 1617 940 1645 Cou-

951 1548 975 1579 C

143 1665 231 1698 biker,
246 1664 374 1698 etOmar,
384 1664 546 1697 etTalches,
556 1670 584 1692 et
597 1666 782 1699 Opoupacres,
796 1669 823 1692 et
836 1663 939 1698 Sadnc,

143 1717 170 1740 et
184 1711 299 1744 Mausie,
314 1717 341 1739 et
355 1711 472 1747 Supeer,
490 1716 517 1739 et
528 1711 644 1744 Adelau,
657 1715 685 1739 et
706 1710 777 1744 Zeit,
792 1716 819 1738 et
831 1710 938 1744 Zeiton,

143 1765 169 1787 et
185 1759 256 1793 Zuit,
267 1765 293 1787 et
311 1759 441 1791 0thman,
455 1766 570 1786 numero
582 1757 708 1786 videlicet
719 1758 872 1786 duodecim.
887 1758 941 1785 An-

146 1807 222 1842 gelos
237 1814 302 1834 vero
315 1811 446 1841 portento
458 1807 539 1836 miro.
558 1810 585 1832 et
600 1813 634 1832 ex
657 1812 747 1832 rerum
763 1805 940 1832 colendarum

145 1859 261 1879 numero
273 1859 335 1880 esse
359 1851 512 1883 dictitabat,
523 1850 638 1878 Aratum
660 1849 777 1884 scilicet,
795 1849 940 1882 Maratum,

146 1897 283 1932 'rsnpham
296 1901 324 1925 et
343 1896 476 1924 Maruam.
499 1895 586 1924 Erant
614 1903 679 1923 vero
698 1899 726 1923 et
751 1895 890 1931 propheta:
913 1900 942 1923 et

145 1943 261 1978 apostoli
291 1951 305 1970 a
331 1942 520 1970 Muhammede
534 1942 688 1974 memorati,
704 1941 833 1969 nimirum
852 1941 940 1975 Chud,

147 1990 238 2023 Tsalc,
253 1997 301 2018 seu
314 1989 404 2022 Salec,
420 1989 515 2023 Sonip,
527 1988 615 2020 Edris,
628 1987 828 2023 Chonalelphil,
842 1987 942 2016 etLoe-

147 2044 210 2064 man
227 2036 286 2071 ipse
300 2043 361 2063 cum
383 2035 450 2063 illis.
463 2034 528 2062 Post
542 2035 603 2062 illos
616 2034 705 2070 jungit
727 2034 942 2069 quamplurimos

148 2083 218 2111 alios
237 2082 348 2118 scriptis
373 2081 482 2109 Veteris
499 2081 667 2109 Testamenti
683 2081 839 2109 notissimos
864 2081 942 2108 Noa-

147 2129 241 2162 chum,
255 2127 738 2161 Abrahamum,lsaacumJacobum
757 2148 764 2159 ,
783 2127 942 2163 .losephnm,

150 2175 255 2209 Mosen,
273 2175 384 2208 Jobum,
406 2175 561 2205 Aaron-em,
589 2173 730 2207 Davidem,
755 2174 941 2208 Salomonem,

1017 746 1097 773 Φίλον
1119 745 1174 781 γὰρ
1196 743 1256 780 εἶχέ
1275 752 1338 771 τινα
1357 743 1409 776 Ζὲς
1430 741 1708 779 προσηγορευμένον,
1729 750 1782 776 γυ-

983 793 1065 819 ναῖκα
1078 791 1176 828 ἔχοντα
1191 791 1287 818 κάλλει
1304 790 1410 826 ὡραίαν
1427 789 1510 821 πάνυ,
1536 788 1584 816 καὶ
1595 788 1698 824 ταύτης
1715 788 1787 823 πρὸς

984 838 1075 874 ἔρωτα
1091 837 1224 874 κινηθεὶς,
1238 837 1287 865 καὶ
1294 836 1412 873 θελήσας
1430 835 1523 863 λαϐεῖν
1533 835 1620 870 αὐτὴν
1634 834 1785 870 ὀμόζυγον,

987 885 1212 921 προσεκαλέσατο
1240 883 1335 911 τοῦτον
1347 904 1354 915 ,
1380 883 1429 910 καὶ
1444 880 1522 909 εἷπεν
1541 882 1627 917 αὐτῷ·
1639 879 1737 914 οἶδας,
1762 878 1787 908 ὦ

985 933 1098 967 ἑταῖρε,
1120 931 1158 963 ὡς
1180 924 1328 967 προφήτης
1349 929 1405 965 ὲγὼ
1429 929 1559 964 τυγχάνω
1579 927 1666 960 Θεοῦ,
1684 929 1732 955 καὶ
1753 927 1786 954 τὸ

983 979 1041 1010 τοῖς
1055 978 1133 1013 ὲμοῐς
1158 977 1279 1013 ῥήμασίν
1293 985 1355 1003 τινα
1381 976 1518 1008 ἀπιστεῖν,
1536 975 1586 1010 οὑχ
1604 975 1692 1002 ὅσιον.
1713 973 1786 1001 Ἰσθι

984 1021 1043 1056 οὖν,
1053 1024 1092 1055 ὠς
1106 1022 1276 1059 πφσέταξέν
1294 1031 1339 1058 μοι
1350 1023 1365 1049 6
1377 1022 1455 1054 Θεὸς,
1472 1022 1502 1048 σὲ
1520 1021 1570 1056 μὲν
1586 1020 1722 1048 ἀπολῦσαι
1736 1019 1788 1055 τὴν

987 1070 1057 1097 ιδίαν
1079 1070 1216 1104 γυναῖκα,
1247 1069 1298 1104 ἐμὲ
1318 1067 1348 1095 δὲ
1364 1067 1468 1102 ταύτην
1491 1066 1595 1094 λαϐεῖν.
1623 1065 1702 1092 Ἐπεὶ
1719 1065 1788 1100 γοῦν

986 1116 1132 1151 προφήτην
1162 1113 1237 1150 εἶχον
1265 1114 1362 1142 τοῦτον
1384 1113 1504 1146 πάντες,
1528 1112 1567 1144 ὡς
1582 1113 1718 1148 εἴπομεν,
1739 1111 1790 1138 καὶ

986 1161 1111 1198 ᾐδοῦντο,
1135 1161 1283 1188 κατένευσε
1303 1160 1343 1196 τῷ
1360 1159 1433 1196 λόγῳ
1448 1158 1533 1187 αὑτοῦ
1550 1159 1565 1185 6
1583 1158 1651 1191 Ζὲζ,
1668 1157 1717 1184 καὶ
1736 1157 1788 1192 τὴν

987 1209 1107 1243 γυναῖκα
1126 1207 1211 1235 αὐτοῦ
1227 1206 1386 1243 ἐχωρίσθη,
1409 1206 1458 1233 καὶ
1478 1205 1581 1240 ταύτην
1598 1205 1612 1231 6
1635 1203 1789 1240 Μαχούμετ

986 1254 1173 1289 προσελάὸετο
1195 1254 1235 1285 εἰς
1260 1254 1397 1288 γυναῖκα,
1414 1251 1506 1284 καθὼς
1530 1250 1620 1279 εἶπεν.
1647 1251 1790 1283 Γυναῖκας

986 1300 1015 1326 δὲ
1030 1299 1108 1335 ἔσχεν
1130 1300 1179 1332 τὰς
1195 1299 1307 1336 πρώτας
1321 1299 1368 1326 καὶ
1390 1299 1459 1330 ιδίας
1475 1298 1558 1325 αὐτου
1573 1298 1594 1325 δ’
1604 1306 1610 1313 ·
1633 1297 1719 1333 ἧγουν
1738 1297 1790 1331 τὴν

987 1345 1096 1377 Ζαδιζὲ,
1114 1346 1162 1372 καὶ
1180 1345 1232 1381 τὴν
1255 1345 1339 1377 Ἀῖσὲ,
1356 1345 1405 1372 καὶ
1418 1344 1467 1380 τὴν
1481 1343 1591 1375 Ζεῖνὲπ,
1603 1343 1651 1370 καὶ
1668 1342 1791 1378 Ὀμειαλη

987 1390 1062 1427 θειμ.
1086 1391 1202 1419 Ἔτεκεν
1222 1391 1251 1418 δὲ
1277 1391 1326 1418 καὶ
1346 1390 1514 1426 θυγατέραν,
1537 1389 1589 1425 τὴν
1603 1391 1730 1426 Φάτμαν,
1753 1388 1789 1425 ῆν

987 1438 1036 1465 καὶ
1058 1437 1290 1474 ὲπεγάμὸρευσεν
1308 1438 1353 1465 ἐπ’
1369 1437 1456 1473 αὐτὴν
1470 1436 1598 1472 γαμϐρὸν
1614 1436 1661 1463 τὸν
1678 1435 1788 1471 ’Δλειμ.

988 1483 1043 1510 Καὶ
1066 1483 1143 1516 υἱοὺς
1167 1483 1232 1515 δύο,
1248 1484 1295 1511 τὸν
1323 1483 1464 1518 Χασάνην,
1488 1482 1538 1509 ml.
1558 1482 1605 1509 τὸν
1622 1481 1788 1517 Χουσεῖνην.

987 1528 1080 1557 ¹Ἦσαν
1093 1530 1122 1557 δὲ
1133 1530 1180 1557 καὶ
1193 1531 1217 1557 οι
1232 1530 1324 1566 ’ἐτεροι
1342 1530 1512 1566 συμμύσται,
1526 1529 1575 1556 καὶ
1590 1528 1730 1565 συνεργοὶ,
1741 1528 1790 1556 καὶ

990 1575 1109 1611 διάδοχοι
1126 1575 1220 1604 αὑτοῦ.
1244 1577 1348 1610 Ἦγουν
1373 1577 1387 1603 ὁ
1417 1575 1621 1611 Πουπικέρτος,
1645 1575 1693 1602 καὶ
1716 1575 1792 1601 Κου-

991 1621 1084 1657 σῑκερ,
1109 1622 1156 1648 καὶ
1171 1621 1283 1658 οὐμὰρ,
1304 1623 1352 1649 καὶ
1370 1622 1490 1657 Τάλχης,
1506 1621 1556 1648 καὶ
1571 1622 1585 1648 6
1606 1620 1789 1656 Πουπάκρης,

991 1667 1006 1693 6
1035 1667 1156 1701 Σαδοὺκ,
1178 1668 1224 1694 καὶ
1243 1667 1368 1701 Mauors,
1388 1669 1402 1694 6
1417 1667 1561 1703 Σουπεὴρ,
1577 1667 1592 1693 6
1616 1666 1745 1699 ’Δδελαῦ,
1775 1668 1790 1692 6

991 1712 1072 1745 Ζεῒτ,
1089 1713 1137 1740 καὶ
1158 1714 1173 1740 6
1193 1713 1280 1740 Ζιτων
1291 1734 1298 1747 ,
1324 1713 1372 1740 καὶ
1389 1712 1469 1744 Σιῖτ,
1483 1713 1532 1739 καὶ
1551 1712 1683 1748 Οὐθμὰν,
1704 1712 1791 1747 ἡγουν

993 1758 1037 1794 ιβ’.
1060 1759 1206 1794 ’Δγγέλους
1225 1759 1254 1786 δὲ
1269 1759 1468 1795 τερατεύεσθαι
1489 1759 1522 1786 ἐκ
1536 1759 1590 1786 τῶν
1605 1758 1790 1794 σεϐασμάτων

992 1803 1074 1839 εῖναι,
1092 1807 1139 1833 τόν
1154 1815 1186 1833 τε
1215 1806 1303 1843 ’Δρὼθ
1315 1827 1322 1838 ,
1345 1807 1393 1834 καὶ
1406 1806 1453 1833 τὸν
1467 1805 1586 1842 Μαρὼθ,
1606 1806 1654 1833 καὶ
1672 1805 1788 1841 Τζάφα,

992 1853 1041 1881 καὶ
1055 1852 1102 1880 τὸν
1116 1853 1233 1889 Μαρούα
1245 1873 1251 1880 .
1268 1853 1412 1889 Προφῆται
1429 1853 1457 1880 δὲ
1468 1872 1475 1884 ,
1485 1852 1534 1879 καὶ
1546 1852 1693 1880 ἀπόστολοι
1706 1860 1792 1888 προσ-

994 1898 1193 1934 αγορεύομενοι
1220 1900 1285 1934 παρ’
1311 1898 1394 1925 αὐτοῦ
1419 1898 1466 1925 τοῦ
1483 1897 1620 1933 Μωάμεθ,
1635 1898 1724 1924 simtu
1742 1897 1790 1924 τὸν

992 1945 1065 1972 Χοὺδ
1075 1966 1083 1978 ,
1102 1945 1151 1972 καὶ
1172 1945 1289 1979 Τζάλετ,
1311 1945 1328 1981 ἦ
1345 1944 1434 1972 nam
1444 1966 1451 1978 ,
1466 1945 1517 1972 καὶ
1534 1944 1580 1971 τὸν
1594 1944 1699 1971 Σουαῖπ
1710 1964 1718 1978 ,
1740 1945 1790 1972 καὶ

992 1991 1039 2019 τὸν
1062 1991 1177 2028 Ἐδρὴς,
1195 1992 1243 2019 καὶ
1257 1992 1305 2018 τὸν
1320 1991 1507 2026 Χουαλκιφὶλ,
1522 1991 1572 2018 καὶ
1596 1991 1643 2018 τὸν
1663 1991 1790 2027 Λοημὰν,

992 2037 1074 2065 αὐτὸν
1092 2038 1162 2072 μετὰ
1174 2037 1289 2066 τούτων.
1304 2038 1424 2073 Παρέγει
1441 2038 1501 2074 μετ’
1515 2037 1615 2069 αὐτοὺς
1630 2038 1677 2064 καὶ
1693 2039 1727 2064 ὲκ
1741 2037 1791 2073 τῆς

993 2084 1117 2116 Παλαιᾱς
1130 2084 1212 2120 δῆθεν
1229 2084 1341 2120 Γραφῆς
1352 2105 1359 2117 ,
1379 2083 1426 2111 τοῦ
1441 2092 1471 2110 τε
1479 2084 1541 2111 Νῶε
1552 2104 1560 2118 ,
1575 2084 1622 2110 καὶ
1645 2083 1789 2119 Ἀϐραὰμ,

993 2130 1041 2157 καὶ
1063 2130 1168 2163 Ἰσαὰκ,
1184 2130 1231 2157 καὶ
1255 2129 1365 2162 Ἰακὼ6,
1380 2131 1428 2157 καὶ
1449 2129 1560 2164 Ἰωσὴφ,
1579 2130 1629 2157 καὶ
1651 2128 1725 2162 Ὶὼὸ,
1742 2128 1792 2155 καὶ

993 2176 1129 2208 Μωσέως,
1147 2176 1195 2204 καὶ
1214 2175 1331 2213 Ἀαρὼν,
1348 2176 1398 2203 καὶ
1417 2176 1511 2208 Δασὶδ,
1526 2176 1575 2202 καὶ
1596 2175 1791 2211 Σολομῶντος,

148 2221 246 2254 Eliam,
260 2220 369 2254 Ionam,
387 2219 548 2247 Zachariam
566 2225 672 2255 patrem
686 2219 800 2248 Joannis
813 2219 936 2255 Baptista

994 2221 1043 2249 καὶ
1074 2221 1174 2255 Ἠλία,
1200 2222 1248 2249 καὶ
1280 2222 1375 2254 Ἰωνᾶ,
1397 2222 1444 2249 καὶ
1466 2221 1604 2258 Ζαχαρίου
1617 2221 1665 2248 τοῦ
1686 2219 1792 2256 πατρὸς

148 2266 340 2302 ριηωευτιιοιιίς,
356 2264 516 2298 Jeremiam,
534 2264 683 2297 Danielem,
701 2264 941 2299 Melchisedecum,

148 2318 176 2342 et
187 2320 286 2342 omnes
301 2318 407 2341 veteres
419 2311 566 2347 prophetas
575 2315 604 2338 et
615 2310 671 2338 Deo
686 2310 788 2339 ﬁdeles.

183 2404 309 2434 Jactabat
331 2408 361 2432 et
392 2403 557 2431 sententiam
594 2409 610 2430 e
635 2401 707 2429 cmlo
732 2409 763 2430 se
801 2401 943 2437 accepisse

149 2455 330 2482 asserentem,
356 2449 430 2486 quod
463 2448 536 2477 Deus
565 2455 646 2484 quem
679 2448 737 2476 vult
765 2447 799 2476 ad
842 2449 942 2476 bonum

148 2499 243 2532 ﬂectit,
255 2498 369 2525 alterius
389 2503 455 2525 vero
470 2503 518 2524 cor
532 2495 644 2523 indurat
660 2499 690 2523 et
715 2494 803 2522 reddit
817 2494 942 2522 immori-

148 2555 254 2585 κει-σω.
265 2545 301 2573 Ει
316 2546 389 2581 quod
403 2545 426 2572 si
444 2544 515 2572 Deus
530 2543 614 2572 vellet
631 2543 735 2570 mutuis
754 2541 833 2570 bellis
853 2541 944 2570 homi-

148 2601 199 2623 nes
217 2601 248 2624 se
279 2599 335 2620 non
359 2590 521 2619 invaderent
547 2595 577 2617 et
610 2589 788 2617 lacesserent.
801 2587 854 2616 Sed
869 2587 943 2622 quod

147 2640 221 2669 Deus
240 2638 322 2667 iaciat
333 2643 504 2672 quaecunque
521 2635 589 2669 vult,
601 2634 637 2662 sit
647 2642 731 2662 causa
747 2634 810 2663 boni
824 2638 852 2662 et
866 2634 942 2668 mali,

150 2687 322 2722 imperetque
334 2683 391 2711 l'ato
402 2687 430 2710 et
442 2681 570 2710 fortuna.
588 2679 793 2709 Obtrudebatet
810 2679 861 2708 alia
890 2681 942 2708 do-

147 2737 238 2770 gmata
256 2730 413 2765 Ismelitis,
428 2729 500 2765 quod
510 2728 646 2756 .nimirum
667 2727 797 2755 Dominus
812 2726 882 2755 Deus
900 2726 944 2755 Je-

147 2787 196 2808 sus
211 2778 349 2812 Christus,
364 2784 398 2805 ex
413 2775 524 2812 Virgine
538 2774 623 2802 Maria
640 2774 701 2802 sine
716 2774 821 2802 semine
834 2774 942 2810 genitus

148 2825 229 2854 fuerit
247 2833 296 2861 per
324 2823 447 2852 Verbum
472 2826 500 2849 et
513 2821 645 2856 Spiritum
659 2819 717 2847 Dei.
733 2819 766 2848 Et
781 2820 854 2855 quod
878 2828 940 2848 cum

146 2872 266 2903 ὶιιῐιωιὶω
287 2877 396 2900 teneros
408 2877 496 2898 annos
512 2868 630 2896 nondum
645 2873 941 2905 cssctﬂsupergressus

1001 2267 1126 2295 Ἰωάννου
1142 2267 1190 2295 τοῦ
1205 2269 1376 2304 Προδρόμου,
1391 2268 1439 2295 καὶ
1458 2267 1603 2304 Ἰερεμίου,
1620 2267 1669 2294 καὶ
1679 2266 1790 2302 Δανιὴλ,

994 2313 1043 2340 καὶ
1060 2313 1241 2349 Μελχισέδεκ,
1259 2315 1307 2341 καὶ
1331 2315 1437 2346 πάντας
1459 2315 1524 2346 τοὺς
1544 2313 1663 2342 ἔκπαλαι
1682 2313 1794 2350 προφή-

993 2368 1044 2392 τας
1054 2380 1062 2393 ,
1078 2360 1127 2387 καὶ
1140 2362 1170 2388 ὲν
1185 2360 1246 2397 Θεῷ
1263 2361 1388 2393 πιστούς.

1032 2405 1155 2433 Ἀνωοεν
1166 2406 1366 2441 ἐπιλασόμενος
1379 2407 1465 2433 δοκῶν
1477 2407 1568 2434 τοιάδε
1576 2406 1705 2441 λέγουσα,
1721 2406 1764 2433 ὅτι
1777 2406 1793 2433 6

994 2451 1062 2484 Θεὸς
1081 2451 1111 2478 ὃν
1126 2451 1201 2479 Θέλει
1213 2452 1306 2487 ὁδηγεί
1324 2454 1365 2483 εις
1382 2452 1498 2487 ἀγαθὸν,
1515 2452 1544 2480 ὸν
1559 2452 1589 2479 δὲ
1605 2453 1690 2486 θέλει,
1707 2451 1792 2489 σκλη-

995 2497 1088 2534 ρύνει¹
1105 2498 1154 2524 καὶ
1165 2499 1207 2525 ὅτι
1218 2517 1226 2531 ,
1244 2499 1270 2525 εἰ
1283 2499 1298 2524 6
1313 2498 1379 2531 Θεὸς
1391 2499 1504 2534 ἢθελεν,
1521 2499 1572 2525 οὐκ
1588 2498 1622 2526 ἂν
1639 2498 1794 2533 ἐπολέμουν

993 2544 1121 2581 ἀλλήλοις
1135 2544 1161 2571 (αἱ
1173 2543 1324 2581 ἄνθρωποι.
1348 2545 1419 2572 Ἀλλ’
1435 2544 1517 2577 αὐτὸς
1533 2545 1606 2572 ποιεῖ
1618 2546 1631 2571 6
1640 2543 1710 2576 Θεὸς
1721 2544 1793 2580 ὅπερ

995 2590 1142 2626 βούλεται,
1171 2592 1220 2618 καὶ
1241 2591 1344 2623 παντὸς
1368 2591 1489 2626 ἀγαθοῦ,
1508 2591 1556 2618 καὶ
1570 2590 1691 2626 πονηροῦ
1709 2591 1793 2623 αὑτός

993 2638 1069 2665 ἔστιν
1091 2638 1188 2670 αττιος.
1213 2639 1267 2665 Καὶ
1292 2638 1361 2674 τύχη
1392 2639 1439 2666 καὶ
1462 2638 1619 2674 εἱμαρμένη
1634 2638 1681 2665 ὑπ’
1705 2636 1792 2665 αὐτοῦ

994 2685 1078 2712 ἐστιν.
1100 2684 1182 2719 Λέγει
1195 2685 1227 2712 δὲ
1251 2685 1299 2711 καὶ
1314 2684 1413 2720 ἑτέρας
1435 2684 1612 2716 διδασκαλίας
1636 2684 1706 2720 πρὸς
1726 2684 1794 2717 τοὺς

1000 2730 1194 2766 ’1σμαηλίτας,
1211 2731 1252 2758 ὅτι
1270 2732 1284 2757 ὁ
1297 2731 1402 2766 Κύριος
1419 2730 1468 2758 καὶ
1491 2730 1559 2762 Θεὸς
1592 2730 1698 2766 Ἰησοῦς
1719 2729 1792 2766 Χρι-

994 2777 1056 2808 στὸς
1074 2777 1128 2804 ἀπὸ
1148 2777 1262 2813 Μαρίας
1285 2777 1337 2811 τῆς
1351 2776 1492 2813 Παρθένου
1512 2777 1578 2804 ἄνευ
1601 2777 1706 2813 σπορᾶς
1727 2784 1795 2811 γεν-

993 2822 1086 2858 νηθεὶς
1111 2824 1143 2850 ἐκ
1158 2823 1206 2850 τοῦ
1232 2823 1320 2858 Λόγου
1335 2823 1382 2850 τοῦ
1399 2823 1467 2850 Θεοῦ
1491 2823 1540 2850 καὶ
1555 2822 1602 2850 τοῦ
1617 2822 1794 2858 Πνεύματος.

992 2868 1047 2895 Καὶ
1061 2867 1101 2896 ἔτι
1117 2870 1213 2906 νήπιος
1227 2869 1265 2898 ὢν
1275 2870 1389 2897 πετεινὰ
1404 2870 1436 2897 ἐκ
1458 2869 1554 2904 πηλῶν
1578 2869 1792 2905 ὲκλαστούργει,
