  <div class='ocr_page' id='page_1' title='image "/cluster/home/n/w/nwhite01/storage/ocr_20150623/104/njp.32101077772885/734.png"; bbox 0 0 1932 3067; ppageno 0'>
   <div class='ocr_carea' id='block_1_1' title="bbox 165 122 236 160">
    <p class='ocr_par' dir='ltr' id='par_1_1' title="bbox 165 122 236 160">
     <span class='ocr_line' id='line_1_1' title="bbox 165 122 236 160; baseline 0 0"><span class='ocrx_word' id='word_1_1' title='bbox 165 122 236 160; x_wconf 74' lang='lat' dir='ltr'><strong>H53</strong></span> 
     </span>
    </p>
   </div>
   <div class='ocr_carea' id='block_1_2' title="bbox 726 124 1260 163">
    <p class='ocr_par' dir='ltr' id='par_1_2' title="bbox 726 124 1260 163">
     <span class='ocr_line' id='line_1_2' title="bbox 726 124 1260 163; baseline 0.006 -4"><span class='ocrx_word' id='word_1_2' title='bbox 726 124 966 161; x_wconf 79' lang='lat' dir='ltr'><strong>CONFUTATIO</strong></span> <span class='ocrx_word' id='word_1_3' title='bbox 985 126 1260 163; x_wconf 78' lang='lat' dir='ltr'><strong>MUHAMMEDIS.</strong></span> 
     </span>
    </p>
   </div>
   <div class='ocr_carea' id='block_1_3' title="bbox 1738 132 1808 165">
    <p class='ocr_par' dir='ltr' id='par_1_3' title="bbox 1738 132 1808 165">
     <span class='ocr_line' id='line_1_3' title="bbox 1738 132 1808 165; baseline 0 -1"><span class='ocrx_word' id='word_1_4' title='bbox 1738 132 1808 165; x_wconf 65' lang='grc'><strong>1454</strong></span> 
     </span>
    </p>
   </div>
   <div class='ocr_carea' id='block_1_4' title="bbox 163 165 964 222">
    <p class='ocr_par' dir='ltr' id='par_1_4' title="bbox 163 183 960 220">
     <span class='ocr_line' id='line_1_4' title="bbox 163 183 960 220; baseline 0 -10"><span class='ocrx_word' id='word_1_5' title='bbox 163 185 213 211; x_wconf 78' lang='grc' dir='ltr'><strong>καὶ</strong></span> <span class='ocrx_word' id='word_1_6' title='bbox 223 183 355 220; x_wconf 76' lang='grc' dir='ltr'><strong>ὲμφυσῶν</strong></span> <span class='ocrx_word' id='word_1_7' title='bbox 370 183 459 211; x_wconf 68' lang='grc' dir='ltr'><strong>ἐποίει</strong></span> <span class='ocrx_word' id='word_1_8' title='bbox 471 183 542 210; x_wconf 83' lang='grc' dir='ltr'>αὐτὰ</span> <span class='ocrx_word' id='word_1_9' title='bbox 552 183 683 217; x_wconf 76' lang='grc' dir='ltr'><strong>ζῶα,’κα“ι</strong></span> <span class='ocrx_word' id='word_1_10' title='bbox 696 183 814 218; x_wconf 80' lang='grc' dir='ltr'><strong>τυφλοὺς</strong></span> <span class='ocrx_word' id='word_1_11' title='bbox 827 184 896 214; x_wconf 66' lang='lat' dir='ltr'><strong>lito.</strong></span> <span class='ocrx_word' id='word_1_12' title='bbox 911 183 960 210; x_wconf 77' lang='grc' dir='ltr'><strong>καὶ</strong></span> 
     </span>
    </p>
   </div>
   <div class='ocr_carea' id='block_1_5' title="bbox 1016 165 1807 222">
    <p class='ocr_par' dir='ltr' id='par_1_5' title="bbox 1016 184 1807 222">
     <span class='ocr_line' id='line_1_5' title="bbox 1016 184 1807 222; baseline 0.005 -10"><span class='ocrx_word' id='word_1_13' title='bbox 1016 184 1137 213; x_wconf 81' lang='lat' dir='ltr'><strong>volucres</strong></span> <span class='ocrx_word' id='word_1_14' title='bbox 1153 193 1185 213; x_wconf 81' lang='lat' dir='ltr'><strong>ex</strong></span> <span class='ocrx_word' id='word_1_15' title='bbox 1213 186 1270 213; x_wconf 82' lang='lat' dir='ltr'><strong>luto</strong></span> <span class='ocrx_word' id='word_1_16' title='bbox 1299 185 1469 220; x_wconf 74' lang='lat' dir='ltr'><strong>formaverit,</strong></span> <span class='ocrx_word' id='word_1_17' title='bbox 1486 186 1513 214; x_wconf 89' lang='lat' dir='ltr'><strong>in</strong></span> <span class='ocrx_word' id='word_1_18' title='bbox 1541 192 1610 222; x_wconf 83' lang='lat' dir='ltr'><strong>quas</strong></span> <span class='ocrx_word' id='word_1_19' title='bbox 1628 193 1689 215; x_wconf 85' lang='lat' dir='ltr'><strong>eum</strong></span> <span class='ocrx_word' id='word_1_20' title='bbox 1716 187 1807 216; x_wconf 82' lang='lat' dir='ltr'><strong>insuf-</strong></span> 
     </span>
    </p>
   </div>
   <div class='ocr_carea' id='block_1_6' title="bbox 163 228 960 266">
    <p class='ocr_par' dir='ltr' id='par_1_6' title="bbox 163 228 960 266">
     <span class='ocr_line' id='line_1_6' title="bbox 163 228 960 266; baseline -0.001 -10"><span class='ocrx_word' id='word_1_21' title='bbox 163 229 280 265; x_wconf 78' lang='grc' dir='ltr'><strong>νεκροὺς</strong></span> <span class='ocrx_word' id='word_1_22' title='bbox 294 230 402 265; x_wconf 72' lang='grc' dir='ltr'><strong>ἤγειρε.</strong></span> <span class='ocrx_word' id='word_1_23' title='bbox 419 229 476 256; x_wconf 80' lang='grc' dir='ltr'><strong>Καὶ</strong></span> <span class='ocrx_word' id='word_1_24' title='bbox 492 230 534 256; x_wconf 80' lang='grc' dir='ltr'><strong>ὅτι</strong></span> <span class='ocrx_word' id='word_1_25' title='bbox 556 230 589 257; x_wconf 82' lang='grc' dir='ltr'><strong>ὲκ</strong></span> <span class='ocrx_word' id='word_1_26' title='bbox 605 229 807 266; x_wconf 80' lang='grc' dir='ltr'><strong>παρακλήσεως</strong></span> <span class='ocrx_word' id='word_1_27' title='bbox 824 228 880 256; x_wconf 87' lang='grc' dir='ltr'>τῶν</span> <span class='ocrx_word' id='word_1_28' title='bbox 894 228 960 256; x_wconf 59' lang='lat' dir='ltr'><strong>dare.</strong></span> 
     </span>
    </p>
   </div>
   <div class='ocr_carea' id='block_1_7' title="bbox 164 273 958 312">
    <p class='ocr_par' dir='ltr' id='par_1_7' title="bbox 164 273 958 312">
     <span class='ocr_line' id='line_1_7' title="bbox 164 273 958 312; baseline -0.003 -10"><span class='ocrx_word' id='word_1_29' title='bbox 164 277 267 303; x_wconf 82' lang='grc' dir='ltr'><strong>στόλων</strong></span> <span class='ocrx_word' id='word_1_30' title='bbox 287 276 409 312; x_wconf 79' lang='grc' dir='ltr'><strong>ᾐτήσατο</strong></span> <span class='ocrx_word' id='word_1_31' title='bbox 426 275 473 302; x_wconf 86' lang='grc' dir='ltr'><strong>τὸν</strong></span> <span class='ocrx_word' id='word_1_32' title='bbox 497 275 579 308; x_wconf 80' lang='grc' dir='ltr'><strong>Θεὸν,</strong></span> <span class='ocrx_word' id='word_1_33' title='bbox 598 276 646 303; x_wconf 78' lang='grc' dir='ltr'><strong>καὶ</strong></span> <span class='ocrx_word' id='word_1_34' title='bbox 669 275 840 311; x_wconf 80' lang='grc' dir='ltr'><strong>κατήνεγκεν</strong></span> <span class='ocrx_word' id='word_1_35' title='bbox 860 275 893 301; x_wconf 80' lang='grc' dir='ltr'><strong>ὲκ</strong></span> <span class='ocrx_word' id='word_1_36' title='bbox 909 273 958 301; x_wconf 81' lang='grc' dir='ltr'><strong>τοῦ</strong></span> 
     </span>
    </p>
   </div>
   <div class='ocr_carea' id='block_1_8' title="bbox 162 319 960 358">
    <p class='ocr_par' dir='ltr' id='par_1_8' title="bbox 162 319 960 358">
     <span class='ocr_line' id='line_1_8' title="bbox 162 319 960 358; baseline -0.004 -9"><span class='ocrx_word' id='word_1_37' title='bbox 162 321 279 358; x_wconf 84' lang='grc' dir='ltr'><strong>οὐρανοῦ</strong></span> <span class='ocrx_word' id='word_1_38' title='bbox 294 321 448 357; x_wconf 78' lang='grc' dir='ltr'><strong>τράπεζαν,</strong></span> <span class='ocrx_word' id='word_1_39' title='bbox 463 321 511 348; x_wconf 74' lang='grc' dir='ltr'><strong>καὶ</strong></span> <span class='ocrx_word' id='word_1_40' title='bbox 532 320 678 356; x_wconf 77' lang='grc' dir='ltr'><strong>ἐξέτρεψεν</strong></span> <span class='ocrx_word' id='word_1_41' title='bbox 693 320 805 353; x_wconf 75' lang='grc' dir='ltr'><strong>αὐτοὺς,</strong></span> <span class='ocrx_word' id='word_1_42' title='bbox 823 320 871 347; x_wconf 74' lang='grc' dir='ltr'><strong>καὶ</strong></span> <span class='ocrx_word' id='word_1_43' title='bbox 887 319 960 355; x_wconf 89' lang='grc' dir='ltr'><strong>μάλα</strong></span> 
     </span>
    </p>
   </div>
   <div class='ocr_carea' id='block_1_9' title="bbox 162 366 960 404">
    <p class='ocr_par' dir='ltr' id='par_1_9' title="bbox 162 366 960 404">
     <span class='ocr_line' id='line_1_9' title="bbox 162 366 960 404; baseline -0.004 -8"><span class='ocrx_word' id='word_1_44' title='bbox 162 368 238 396; x_wconf 85' lang='grc' dir='ltr'>λαόν.</span> <span class='ocrx_word' id='word_1_45' title='bbox 255 369 310 396; x_wconf 83' lang='grc' dir='ltr'><strong>Καὶ</strong></span> <span class='ocrx_word' id='word_1_46' title='bbox 322 369 364 395; x_wconf 82' lang='grc' dir='ltr'><strong>ὅτι</strong></span> <span class='ocrx_word' id='word_1_47' title='bbox 386 368 448 395; x_wconf 80' lang='grc' dir='ltr'><strong>οὔτε</strong></span> <span class='ocrx_word' id='word_1_48' title='bbox 472 367 652 404; x_wconf 77' lang='grc' dir='ltr'><strong>ἐσταυρώθη,</strong></span> <span class='ocrx_word' id='word_1_49' title='bbox 672 367 735 394; x_wconf 72' lang='grc' dir='ltr'><strong>οὔτε</strong></span> <span class='ocrx_word' id='word_1_50' title='bbox 752 366 813 394; x_wconf 81' lang='grc' dir='ltr'><strong>κατ’</strong></span> <span class='ocrx_word' id='word_1_51' title='bbox 829 366 960 402; x_wconf 81' lang='grc' dir='ltr'><strong>ἀλήθειαν</strong></span> 
     </span>
    </p>
   </div>
   <div class='ocr_carea' id='block_1_10' title="bbox 163 412 960 450">
    <p class='ocr_par' dir='ltr' id='par_1_10' title="bbox 163 412 960 450">
     <span class='ocr_line' id='line_1_10' title="bbox 163 412 960 450; baseline -0.005 -8"><span class='ocrx_word' id='word_1_52' title='bbox 163 415 301 445; x_wconf 69' lang='grc' dir='ltr'><strong>ἀπέθανεν</strong></span> <span class='ocrx_word' id='word_1_53' title='bbox 313 415 352 446; x_wconf 79' lang='grc' dir='ltr'><strong>ὡς</strong></span> <span class='ocrx_word' id='word_1_54' title='bbox 364 414 520 450; x_wconf 73' lang='grc' dir='ltr'><strong>ἄνθρωπος,</strong></span> <span class='ocrx_word' id='word_1_55' title='bbox 537 414 607 441; x_wconf 83' lang='grc' dir='ltr'><strong>ἀλλὰ</strong></span> <span class='ocrx_word' id='word_1_56' title='bbox 619 414 691 441; x_wconf 75' lang='grc' dir='ltr'><strong>κατὰ</strong></span> <span class='ocrx_word' id='word_1_57' title='bbox 705 412 858 448; x_wconf 75' lang='grc' dir='ltr'><strong>φαντασίαν</strong></span> <span class='ocrx_word' id='word_1_58' title='bbox 874 412 960 448; x_wconf 79' lang='grc' dir='ltr'><strong>μόνην</strong></span> 
     </span>
    </p>
   </div>
   <div class='ocr_carea' id='block_1_11' title="bbox 162 457 960 496">
    <p class='ocr_par' dir='ltr' id='par_1_11' title="bbox 162 457 960 496">
     <span class='ocr_line' id='line_1_11' title="bbox 162 457 960 496; baseline -0.003 -10"><span class='ocrx_word' id='word_1_59' title='bbox 162 458 251 486; x_wconf 81' lang='grc' dir='ltr'>ταῦτα</span> <span class='ocrx_word' id='word_1_60' title='bbox 275 459 352 495; x_wconf 79' lang='grc' dir='ltr'><strong>παρὰ</strong></span> <span class='ocrx_word' id='word_1_61' title='bbox 374 459 430 486; x_wconf 87' lang='grc' dir='ltr'><strong>τῶν</strong></span> <span class='ocrx_word' id='word_1_62' title='bbox 450 458 586 496; x_wconf 78' lang='grc' dir='ltr'><strong>Ἐϐραίων</strong></span> <span class='ocrx_word' id='word_1_63' title='bbox 605 458 733 493; x_wconf 77' lang='grc' dir='ltr'><strong>ὑπέστη,</strong></span> <span class='ocrx_word' id='word_1_64' title='bbox 760 457 858 485; x_wconf 72' lang='grc' dir='ltr'><strong>τοῦτον</strong></span> <span class='ocrx_word' id='word_1_65' title='bbox 882 457 960 492; x_wconf 83' lang='grc' dir='ltr'><strong>νομί-</strong></span> 
     </span>
    </p>
   </div>
   <div class='ocr_carea' id='block_1_12' title="bbox 164 503 961 541">
    <p class='ocr_par' dir='ltr' id='par_1_12' title="bbox 164 503 961 541">
     <span class='ocr_line' id='line_1_12' title="bbox 164 503 961 541; baseline -0.004 -9"><span class='ocrx_word' id='word_1_66' title='bbox 164 513 263 538; x_wconf 87' lang='grc' dir='ltr'><strong>σαντες</strong></span> <span class='ocrx_word' id='word_1_67' title='bbox 287 505 488 541; x_wconf 69' lang='grc' dir='ltr'><strong>ἐσταύρωσαν,</strong></span> <span class='ocrx_word' id='word_1_68' title='bbox 504 505 563 532; x_wconf 73' lang='grc' dir='ltr'><strong>ἀλλ’</strong></span> <span class='ocrx_word' id='word_1_69' title='bbox 576 504 639 532; x_wconf 77' lang='grc' dir='ltr'><strong>οὕτε</strong></span> <span class='ocrx_word' id='word_1_70' title='bbox 656 513 699 536; x_wconf 87' lang='grc' dir='ltr'><strong>τις</strong></span> <span class='ocrx_word' id='word_1_71' title='bbox 715 504 800 531; x_wconf 71' lang='grc' dir='ltr'><strong>αὐτοῦ</strong></span> <span class='ocrx_word' id='word_1_72' title='bbox 824 503 893 535; x_wconf 80' lang='grc' dir='ltr'><strong>ὅλως</strong></span> <span class='ocrx_word' id='word_1_73' title='bbox 911 503 961 539; x_wconf 81' lang='grc' dir='ltr'><strong>οὐχ</strong></span> 
     </span>
    </p>
   </div>
   <div class='ocr_carea' id='block_1_13' title="bbox 156 550 962 588">
    <p class='ocr_par' dir='ltr' id='par_1_13' title="bbox 156 550 962 588">
     <span class='ocr_line' id='line_1_13' title="bbox 156 550 962 588; baseline -0.002 -9"><span class='ocrx_word' id='word_1_74' title='bbox 156 552 265 588; x_wconf 71' lang='grc' dir='ltr'><strong>ἥψατο,</strong></span> <span class='ocrx_word' id='word_1_75' title='bbox 283 552 354 579; x_wconf 80' lang='grc' dir='ltr'><strong>ἀλλὰ</strong></span> <span class='ocrx_word' id='word_1_76' title='bbox 372 552 443 588; x_wconf 82' lang='grc' dir='ltr'><strong>πρὸς</strong></span> <span class='ocrx_word' id='word_1_77' title='bbox 455 552 561 586; x_wconf 71' lang='grc' dir='ltr'><strong>ἀθεϊαν,</strong></span> <span class='ocrx_word' id='word_1_78' title='bbox 581 551 630 579; x_wconf 76' lang='grc' dir='ltr'><strong>καὶ</strong></span> <span class='ocrx_word' id='word_1_79' title='bbox 653 551 796 583; x_wconf 78' lang='grc' dir='ltr'><strong>ἀπιστίαν,</strong></span> <span class='ocrx_word' id='word_1_80' title='bbox 813 551 861 578; x_wconf 79' lang='grc' dir='ltr'><strong>καὶ</strong></span> <span class='ocrx_word' id='word_1_81' title='bbox 875 550 962 578; x_wconf 83' lang='grc' dir='ltr'><strong>ἀπαν-</strong></span> 
     </span>
    </p>
   </div>
   <div class='ocr_carea' id='block_1_14' title="bbox 163 595 961 634">
    <p class='ocr_par' dir='ltr' id='par_1_14' title="bbox 163 595 961 634">
     <span class='ocr_line' id='line_1_14' title="bbox 163 595 961 634; baseline -0.005 -9"><span class='ocrx_word' id='word_1_82' title='bbox 163 597 289 634; x_wconf 87' lang='grc' dir='ltr'><strong>θρωπίαν</strong></span> <span class='ocrx_word' id='word_1_83' title='bbox 312 597 409 625; x_wconf 80' lang='grc' dir='ltr'><strong>τοῦτον</strong></span> <span class='ocrx_word' id='word_1_84' title='bbox 435 598 549 634; x_wconf 74' lang='grc' dir='ltr'><strong>ἑώρων,</strong></span> <span class='ocrx_word' id='word_1_85' title='bbox 574 597 637 624; x_wconf 77' lang='grc' dir='ltr'><strong>ὅσον</strong></span> <span class='ocrx_word' id='word_1_86' title='bbox 658 597 732 624; x_wconf 71' lang='grc' dir='ltr'><strong>κατὰ</strong></span> <span class='ocrx_word' id='word_1_87' title='bbox 761 597 812 629; x_wconf 77' lang='grc' dir='ltr'><strong>τὰς</strong></span> <span class='ocrx_word' id='word_1_88' title='bbox 844 595 961 631; x_wconf 81' lang='grc' dir='ltr'><strong>ἐφικτὰς</strong></span> 
     </span>
    </p>
   </div>
   <div class='ocr_carea' id='block_1_15' title="bbox 164 640 963 679">
    <p class='ocr_par' dir='ltr' id='par_1_15' title="bbox 164 640 963 679">
     <span class='ocr_line' id='line_1_15' title="bbox 164 640 963 679; baseline -0.004 -9"><span class='ocrx_word' id='word_1_89' title='bbox 164 643 213 670; x_wconf 74' lang='grc' dir='ltr'><strong>καὶ</strong></span> <span class='ocrx_word' id='word_1_90' title='bbox 226 643 402 679; x_wconf 66' lang='grc' dir='ltr'><strong>δυσωννμίας</strong></span> <span class='ocrx_word' id='word_1_91' title='bbox 429 643 521 671; x_wconf 83' lang='grc' dir='ltr'>αὐτῶν</span> <span class='ocrx_word' id='word_1_92' title='bbox 538 642 726 670; x_wconf 66' lang='grc' dir='ltr'><strong>πεπονθόπυν.</strong></span> <span class='ocrx_word' id='word_1_93' title='bbox 744 641 798 668; x_wconf 84' lang='lat' dir='ltr'><strong>Kal.</strong></span> <span class='ocrx_word' id='word_1_94' title='bbox 818 640 900 668; x_wconf 80' lang='grc' dir='ltr'><strong>τοῦτο</strong></span> <span class='ocrx_word' id='word_1_95' title='bbox 919 640 963 667; x_wconf 90' lang='grc' dir='ltr'><strong>λέ-</strong></span> 
     </span>
    </p>
   </div>
   <div class='ocr_carea' id='block_1_16' title="bbox 163 687 964 725">
    <p class='ocr_par' dir='ltr' id='par_1_16' title="bbox 163 687 964 725">
     <span class='ocr_line' id='line_1_16' title="bbox 163 687 964 725; baseline -0.004 -9"><span class='ocrx_word' id='word_1_96' title='bbox 163 697 232 724; x_wconf 76' lang='grc' dir='ltr'><strong>γων,</strong></span> <span class='ocrx_word' id='word_1_97' title='bbox 246 690 286 716; x_wconf 82' lang='grc' dir='ltr'><strong>ὅτι</strong></span> <span class='ocrx_word' id='word_1_98' title='bbox 308 689 459 725; x_wconf 71' lang='grc' dir='ltr'><strong>ἐρωτηθεὶς</strong></span> <span class='ocrx_word' id='word_1_99' title='bbox 485 689 562 725; x_wconf 79' lang='grc' dir='ltr'><strong>παρὰ</strong></span> <span class='ocrx_word' id='word_1_100' title='bbox 590 689 638 716; x_wconf 84' lang='grc' dir='ltr'><strong>τοῦ</strong></span> <span class='ocrx_word' id='word_1_101' title='bbox 660 688 745 715; x_wconf 82' lang='grc' dir='ltr'><strong>Θεοῦ·</strong></span> <span class='ocrx_word' id='word_1_102' title='bbox 760 688 793 715; x_wconf 85' lang='grc' dir='ltr'>Εἰ</span> <span class='ocrx_word' id='word_1_103' title='bbox 816 687 964 723; x_wconf 77' lang='grc' dir='ltr'><strong>ὠνόμασας</strong></span> 
     </span>
    </p>
   </div>
   <div class='ocr_carea' id='block_1_17' title="bbox 164 732 961 772">
    <p class='ocr_par' dir='ltr' id='par_1_17' title="bbox 164 732 961 772">
     <span class='ocr_line' id='line_1_17' title="bbox 164 732 961 772; baseline -0.003 -10"><span class='ocrx_word' id='word_1_104' title='bbox 164 734 262 762; x_wconf 71' lang='grc' dir='ltr'><strong>ἑαυτὸν</strong></span> <span class='ocrx_word' id='word_1_105' title='bbox 274 735 342 762; x_wconf 83' lang='grc' dir='ltr'><strong>Θεὺν</strong></span> <span class='ocrx_word' id='word_1_106' title='bbox 356 736 386 762; x_wconf 80' lang='grc' dir='ltr'>ὲν</span> <span class='ocrx_word' id='word_1_107' title='bbox 398 735 439 771; x_wconf 89' lang='grc' dir='ltr'>τῷ</span> <span class='ocrx_word' id='word_1_108' title='bbox 455 736 551 772; x_wconf 81' lang='grc' dir='ltr'><strong>κόσμῳ</strong></span> <span class='ocrx_word' id='word_1_109' title='bbox 561 744 568 751; x_wconf 88' lang='grc'><strong>·</strong></span> <span class='ocrx_word' id='word_1_110' title='bbox 583 736 601 762; x_wconf 74' lang='grc' dir='ltr'><strong>ὑ</strong></span> <span class='ocrx_word' id='word_1_111' title='bbox 615 735 643 762; x_wconf 80' lang='grc' dir='ltr'><strong>δὲ</strong></span> <span class='ocrx_word' id='word_1_112' title='bbox 659 733 736 762; x_wconf 76' lang='grc' dir='ltr'><strong>εἷπεν</strong></span> <span class='ocrx_word' id='word_1_113' title='bbox 745 743 753 750; x_wconf 74' lang='grc' dir='ltr'><strong>ο</strong></span> <span class='ocrx_word' id='word_1_114' title='bbox 771 732 807 762; x_wconf 79' lang='grc' dir='ltr'><strong><em>Ὦ</em></strong></span> <span class='ocrx_word' id='word_1_115' title='bbox 829 734 944 769; x_wconf 80' lang='grc' dir='ltr'>Ἰωάννη</span> <span class='ocrx_word' id='word_1_116' title='bbox 953 753 961 766; x_wconf 86' lang='grc'><strong>,</strong></span> 
     </span>
    </p>
   </div>
   <div class='ocr_carea' id='block_1_18' title="bbox 165 777 962 816">
    <p class='ocr_par' dir='ltr' id='par_1_18' title="bbox 165 777 962 816">
     <span class='ocr_line' id='line_1_18' title="bbox 165 777 962 816; baseline 0 -10"><span class='ocrx_word' id='word_1_117' title='bbox 165 781 198 808; x_wconf 77' lang='grc' dir='ltr'><strong>σὺ</strong></span> <span class='ocrx_word' id='word_1_118' title='bbox 215 777 298 813; x_wconf 71' lang='grc' dir='ltr'><strong>εἶπας</strong></span> <span class='ocrx_word' id='word_1_119' title='bbox 313 780 360 808; x_wconf 78' lang='grc' dir='ltr'><strong>τὸν</strong></span> <span class='ocrx_word' id='word_1_120' title='bbox 371 780 454 816; x_wconf 70' lang='grc' dir='ltr'><strong>λόγον</strong></span> <span class='ocrx_word' id='word_1_121' title='bbox 470 781 568 808; x_wconf 83' lang='grc' dir='ltr'><strong>τοῦτον</strong></span> <span class='ocrx_word' id='word_1_122' title='bbox 580 802 588 815; x_wconf 84' lang='grc'><strong>,</strong></span> <span class='ocrx_word' id='word_1_123' title='bbox 602 782 643 808; x_wconf 79' lang='grc' dir='ltr'><strong>ὅτι</strong></span> <span class='ocrx_word' id='word_1_124' title='bbox 658 781 723 812; x_wconf 72' lang='grc' dir='ltr'><strong>Υἱός</strong></span> <span class='ocrx_word' id='word_1_125' title='bbox 740 781 798 816; x_wconf 88' lang='grc' dir='ltr'><strong>είμι</strong></span> <span class='ocrx_word' id='word_1_126' title='bbox 818 779 865 807; x_wconf 83' lang='grc' dir='ltr'><strong>τοῦ</strong></span> <span class='ocrx_word' id='word_1_127' title='bbox 882 779 962 813; x_wconf 84' lang='grc' dir='ltr'><strong>Θεοῦ,</strong></span> 
     </span>
    </p>
   </div>
   <div class='ocr_carea' id='block_1_19' title="bbox 164 824 963 862">
    <p class='ocr_par' dir='ltr' id='par_1_19' title="bbox 164 824 963 862">
     <span class='ocr_line' id='line_1_19' title="bbox 164 824 963 862; baseline -0.001 -10"><span class='ocrx_word' id='word_1_128' title='bbox 164 825 214 853; x_wconf 78' lang='grc' dir='ltr'><strong>καὶ</strong></span> <span class='ocrx_word' id='word_1_129' title='bbox 234 825 312 858; x_wconf 85' lang='grc' dir='ltr'><strong>Θεός.</strong></span> <span class='ocrx_word' id='word_1_130' title='bbox 339 825 494 862; x_wconf 81' lang='grc' dir='ltr'><strong>Ἥρνήσατο</strong></span> <span class='ocrx_word' id='word_1_131' title='bbox 506 846 513 859; x_wconf 88' lang='grc'><strong>,</strong></span> <span class='ocrx_word' id='word_1_132' title='bbox 532 825 620 861; x_wconf 86' lang='grc' dir='ltr'><strong>λέγων</strong></span> <span class='ocrx_word' id='word_1_133' title='bbox 632 845 640 858; x_wconf 89' lang='grc'><strong>,</strong></span> <span class='ocrx_word' id='word_1_134' title='bbox 657 827 698 853; x_wconf 87' lang='grc' dir='ltr'><strong>ὃτι</strong></span> <span class='ocrx_word' id='word_1_135' title='bbox 714 826 750 852; x_wconf 83' lang='grc' dir='ltr'><strong>Σὺ</strong></span> <span class='ocrx_word' id='word_1_136' title='bbox 765 825 856 854; x_wconf 80' lang='grc' dir='ltr'><strong>πάντα</strong></span> <span class='ocrx_word' id='word_1_137' title='bbox 880 824 963 859; x_wconf 83' lang='grc' dir='ltr'><strong>γινώ-</strong></span> 
     </span>
    </p>
   </div>
   <div class='ocr_carea' id='block_1_20' title="bbox 1010 229 1808 265">
    <p class='ocr_par' dir='ltr' id='par_1_20' title="bbox 1010 229 1808 265">
     <span class='ocr_line' id='line_1_20' title="bbox 1010 229 1808 265; baseline 0.004 -7"><span class='ocrx_word' id='word_1_138' title='bbox 1010 229 1116 264; x_wconf 89' lang='lat' dir='ltr'><strong>llasset,</strong></span> <span class='ocrx_word' id='word_1_139' title='bbox 1131 231 1301 265; x_wconf 75' lang='lat' dir='ltr'><strong>incmperunt</strong></span> <span class='ocrx_word' id='word_1_140' title='bbox 1314 234 1427 265; x_wconf 88' lang='lat' dir='ltr'><strong>moveri,</strong></span> <span class='ocrx_word' id='word_1_141' title='bbox 1444 233 1548 261; x_wconf 86' lang='lat' dir='ltr'><strong>sentire</strong></span> <span class='ocrx_word' id='word_1_142' title='bbox 1571 238 1598 260; x_wconf 93' lang='lat' dir='ltr'><strong>et</strong></span> <span class='ocrx_word' id='word_1_143' title='bbox 1615 233 1700 261; x_wconf 77' lang='lat' dir='ltr'><strong>halitu</strong></span> <span class='ocrx_word' id='word_1_144' title='bbox 1714 233 1808 261; x_wconf 67' lang='lat' dir='ltr'><strong>edica-</strong></span> 
     </span>
    </p>
   </div>
   <div class='ocr_carea' id='block_1_21' title="bbox 1012 272 1806 313">
    <p class='ocr_par' dir='ltr' id='par_1_21' title="bbox 1012 272 1806 313">
     <span class='ocr_line' id='line_1_21' title="bbox 1012 272 1806 313; baseline 0.005 -10"><span class='ocrx_word' id='word_1_145' title='bbox 1012 275 1124 304; x_wconf 88' lang='lat' dir='ltr'><strong>cissimo</strong></span> <span class='ocrx_word' id='word_1_146' title='bbox 1141 277 1257 304; x_wconf 90' lang='lat' dir='ltr'><strong>animari</strong></span> <span class='ocrx_word' id='word_1_147' title='bbox 1272 272 1302 305; x_wconf 82' lang='lat' dir='ltr'><strong>et</strong></span> <span class='ocrx_word' id='word_1_148' title='bbox 1329 277 1473 305; x_wconf 78' lang='lat' dir='ltr'><strong>vivificari.</strong></span> <span class='ocrx_word' id='word_1_149' title='bbox 1492 277 1614 313; x_wconf 88' lang='lat' dir='ltr'><strong>Insuper,</strong></span> <span class='ocrx_word' id='word_1_150' title='bbox 1625 279 1696 312; x_wconf 86' lang='lat' dir='ltr'><strong>quod</strong></span> <span class='ocrx_word' id='word_1_151' title='bbox 1718 286 1806 307; x_wconf 63' lang='lat' dir='ltr'><strong>caecos</strong></span> 
     </span>
    </p>
   </div>
   <div class='ocr_carea' id='block_1_22' title="bbox 1012 324 1806 360">
    <p class='ocr_par' dir='ltr' id='par_1_22' title="bbox 1012 324 1806 360">
     <span class='ocr_line' id='line_1_22' title="bbox 1012 324 1806 360; baseline 0.004 -10"><span class='ocrx_word' id='word_1_152' title='bbox 1012 324 1159 356; x_wconf 85' lang='lat' dir='ltr'><strong>sanaverit,</strong></span> <span class='ocrx_word' id='word_1_153' title='bbox 1173 329 1294 352; x_wconf 84' lang='lat' dir='ltr'><strong>mortuos</strong></span> <span class='ocrx_word' id='word_1_154' title='bbox 1314 324 1452 357; x_wconf 77' lang='lat' dir='ltr'><strong>excitarit,</strong></span> <span class='ocrx_word' id='word_1_155' title='bbox 1465 325 1536 359; x_wconf 86' lang='lat' dir='ltr'><strong>quod</strong></span> <span class='ocrx_word' id='word_1_156' title='bbox 1562 325 1596 351; x_wconf 61' lang='lat' dir='ltr'><strong>al</strong></span> <span class='ocrx_word' id='word_1_157' title='bbox 1620 325 1806 360; x_wconf 82' lang='lat' dir='ltr'><strong>apostolorum</strong></span> 
     </span>
    </p>
   </div>
   <div class='ocr_carea' id='block_1_23' title="bbox 1011 370 1809 407">
    <p class='ocr_par' dir='ltr' id='par_1_23' title="bbox 1011 370 1809 407">
     <span class='ocr_line' id='line_1_23' title="bbox 1011 370 1809 407; baseline 0.005 -11"><span class='ocrx_word' id='word_1_158' title='bbox 1011 376 1121 397; x_wconf 84' lang='lat' dir='ltr'><strong>suorum</strong></span> <span class='ocrx_word' id='word_1_159' title='bbox 1149 370 1360 405; x_wconf 68' lang='lat' dir='ltr'><strong>postulationem</strong></span> <span class='ocrx_word' id='word_1_160' title='bbox 1391 370 1476 398; x_wconf 87' lang='lat' dir='ltr'><strong>Deum</strong></span> <span class='ocrx_word' id='word_1_161' title='bbox 1504 371 1642 405; x_wconf 78' lang='lat' dir='ltr'><strong>rogaverit</strong></span> <span class='ocrx_word' id='word_1_162' title='bbox 1664 371 1711 407; x_wconf 88' lang='lat' dir='ltr'><strong>qui</strong></span> <span class='ocrx_word' id='word_1_163' title='bbox 1738 372 1809 401; x_wconf 65' lang='lat' dir='ltr'><strong>caelo</strong></span> 
     </span>
    </p>
   </div>
   <div class='ocr_carea' id='block_1_24' title="bbox 1012 415 1807 452">
    <p class='ocr_par' dir='ltr' id='par_1_24' title="bbox 1012 415 1807 452">
     <span class='ocr_line' id='line_1_24' title="bbox 1012 415 1807 452; baseline 0.003 -9"><span class='ocrx_word' id='word_1_164' title='bbox 1012 415 1146 443; x_wconf 79' lang='lat' dir='ltr'><strong>dimiserit</strong></span> <span class='ocrx_word' id='word_1_165' title='bbox 1178 423 1301 444; x_wconf 86' lang='lat' dir='ltr'><strong>mensam</strong></span> <span class='ocrx_word' id='word_1_166' title='bbox 1342 416 1427 444; x_wconf 85' lang='lat' dir='ltr'><strong>variis</strong></span> <span class='ocrx_word' id='word_1_167' title='bbox 1465 416 1581 452; x_wconf 86' lang='lat' dir='ltr'><strong>dapibus</strong></span> <span class='ocrx_word' id='word_1_168' title='bbox 1596 421 1723 445; x_wconf 82' lang='lat' dir='ltr'><strong>onustam</strong></span> <span class='ocrx_word' id='word_1_169' title='bbox 1743 417 1807 452; x_wconf 88' lang='lat' dir='ltr'><strong>qui-</strong></span> 
     </span>
    </p>
   </div>
   <div class='ocr_carea' id='block_1_25' title="bbox 1011 461 1808 498">
    <p class='ocr_par' dir='ltr' id='par_1_25' title="bbox 1011 461 1808 498">
     <span class='ocr_line' id='line_1_25' title="bbox 1011 461 1808 498; baseline 0.003 -10"><span class='ocrx_word' id='word_1_170' title='bbox 1011 461 1063 489; x_wconf 86' lang='lat' dir='ltr'><strong>bus</strong></span> <span class='ocrx_word' id='word_1_171' title='bbox 1085 462 1225 497; x_wconf 81' lang='lat' dir='ltr'><strong>apostolos</strong></span> <span class='ocrx_word' id='word_1_172' title='bbox 1238 462 1311 497; x_wconf 87' lang='lat' dir='ltr'><strong>ipsos</strong></span> <span class='ocrx_word' id='word_1_173' title='bbox 1344 468 1371 490; x_wconf 87' lang='lat' dir='ltr'><strong>et</strong></span> <span class='ocrx_word' id='word_1_174' title='bbox 1400 461 1494 490; x_wconf 81' lang='lat' dir='ltr'><strong>turbas</strong></span> <span class='ocrx_word' id='word_1_175' title='bbox 1519 462 1736 498; x_wconf 81' lang='lat' dir='ltr'><strong>quamplurimas</strong></span> <span class='ocrx_word' id='word_1_176' title='bbox 1766 461 1808 490; x_wconf 86' lang='lat' dir='ltr'><strong>ci-</strong></span> 
     </span>
    </p>
   </div>
   <div class='ocr_carea' id='block_1_26' title="bbox 1013 507 1809 543">
    <p class='ocr_par' dir='ltr' id='par_1_26' title="bbox 1013 507 1809 543">
     <span class='ocr_line' id='line_1_26' title="bbox 1013 507 1809 543; baseline 0.003 -9"><span class='ocrx_word' id='word_1_177' title='bbox 1013 507 1119 535; x_wconf 86' lang='lat' dir='ltr'><strong>baverit</strong></span> <span class='ocrx_word' id='word_1_178' title='bbox 1140 513 1167 535; x_wconf 91' lang='lat' dir='ltr'><strong>et</strong></span> <span class='ocrx_word' id='word_1_179' title='bbox 1187 508 1389 536; x_wconf 81' lang='lat' dir='ltr'><strong>reloeillaven‘t.</strong></span> <span class='ocrx_word' id='word_1_180' title='bbox 1406 509 1483 543; x_wconf 84' lang='lat' dir='ltr'><strong>Quod</strong></span> <span class='ocrx_word' id='word_1_181' title='bbox 1501 509 1575 536; x_wconf 90' lang='lat' dir='ltr'><strong>cruci</strong></span> <span class='ocrx_word' id='word_1_182' title='bbox 1593 517 1648 536; x_wconf 91' lang='lat' dir='ltr'><strong>non</strong></span> <span class='ocrx_word' id='word_1_183' title='bbox 1668 509 1750 536; x_wconf 81' lang='lat' dir='ltr'><strong>fuerit</strong></span> <span class='ocrx_word' id='word_1_184' title='bbox 1767 509 1809 536; x_wconf 78' lang='lat' dir='ltr'><strong>al-</strong></span> 
     </span>
    </p>
   </div>
   <div class='ocr_carea' id='block_1_27' title="bbox 1013 552 1808 586">
    <p class='ocr_par' dir='ltr' id='par_1_27' title="bbox 1013 552 1808 586">
     <span class='ocr_line' id='line_1_27' title="bbox 1013 552 1808 586; baseline 0.003 -7"><span class='ocrx_word' id='word_1_185' title='bbox 1013 552 1094 586; x_wconf 81' lang='lat' dir='ltr'><strong>lixus,</strong></span> <span class='ocrx_word' id='word_1_186' title='bbox 1108 559 1158 580; x_wconf 83' lang='lat' dir='ltr'><strong>nec</strong></span> <span class='ocrx_word' id='word_1_187' title='bbox 1172 560 1264 580; x_wconf 83' lang='lat' dir='ltr'><strong>revera</strong></span> <span class='ocrx_word' id='word_1_188' title='bbox 1279 559 1307 580; x_wconf 90' lang='lat' dir='ltr'><strong>ut</strong></span> <span class='ocrx_word' id='word_1_189' title='bbox 1321 554 1403 581; x_wconf 86' lang='lat' dir='ltr'><strong>homo</strong></span> <span class='ocrx_word' id='word_1_190' title='bbox 1428 559 1554 582; x_wconf 89' lang='lat' dir='ltr'><strong>mortuus</strong></span> <span class='ocrx_word' id='word_1_191' title='bbox 1581 554 1674 586; x_wconf 76' lang='lat' dir='ltr'><strong>fuerit.</strong></span> <span class='ocrx_word' id='word_1_192' title='bbox 1686 554 1734 582; x_wconf 87' lang='lat' dir='ltr'><strong>sed</strong></span> <span class='ocrx_word' id='word_1_193' title='bbox 1755 555 1808 582; x_wconf 85' lang='lat' dir='ltr'><strong>ista</strong></span> 
     </span>
    </p>
   </div>
   <div class='ocr_carea' id='block_1_28' title="bbox 1015 599 1808 634">
    <p class='ocr_par' dir='ltr' id='par_1_28' title="bbox 1015 599 1808 634">
     <span class='ocr_line' id='line_1_28' title="bbox 1015 599 1808 634; baseline 0.003 -9"><span class='ocrx_word' id='word_1_194' title='bbox 1015 603 1119 626; x_wconf 88' lang='lat' dir='ltr'><strong>tantum</strong></span> <span class='ocrx_word' id='word_1_195' title='bbox 1134 599 1283 634; x_wconf 76' lang='lat' dir='ltr'><strong>contigisse</strong></span> <span class='ocrx_word' id='word_1_196' title='bbox 1294 599 1445 628; x_wconf 83' lang='lat' dir='ltr'><strong>secundum</strong></span> <span class='ocrx_word' id='word_1_197' title='bbox 1466 600 1656 634; x_wconf 87' lang='lat' dir='ltr'><strong>apparentiam</strong></span> <span class='ocrx_word' id='word_1_198' title='bbox 1688 604 1717 627; x_wconf 86' lang='lat' dir='ltr'><strong>et</strong></span> <span class='ocrx_word' id='word_1_199' title='bbox 1745 607 1808 634; x_wconf 86' lang='lat' dir='ltr'><strong>spe-</strong></span> 
     </span>
    </p>
   </div>
   <div class='ocr_carea' id='block_1_29' title="bbox 1013 644 1803 681">
    <p class='ocr_par' dir='ltr' id='par_1_29' title="bbox 1013 644 1803 681">
     <span class='ocr_line' id='line_1_29' title="bbox 1013 644 1803 681; baseline 0.001 -9"><span class='ocrx_word' id='word_1_200' title='bbox 1013 645 1094 678; x_wconf 79' lang='lat' dir='ltr'><strong>ciem,</strong></span> <span class='ocrx_word' id='word_1_201' title='bbox 1107 652 1193 680; x_wconf 86' lang='lat' dir='ltr'><strong>caque</strong></span> <span class='ocrx_word' id='word_1_202' title='bbox 1203 646 1238 672; x_wconf 89' lang='lat' dir='ltr'><strong>ab</strong></span> <span class='ocrx_word' id='word_1_203' title='bbox 1255 644 1378 673; x_wconf 60' lang='lat' dir='ltr'><strong>Hebraeis</strong></span> <span class='ocrx_word' id='word_1_204' title='bbox 1393 652 1453 673; x_wconf 88' lang='lat' dir='ltr'><strong>esse</strong></span> <span class='ocrx_word' id='word_1_205' title='bbox 1471 645 1624 681; x_wconf 79' lang='lat' dir='ltr'><strong>supposita,</strong></span> <span class='ocrx_word' id='word_1_206' title='bbox 1639 645 1686 681; x_wconf 89' lang='lat' dir='ltr'><strong>qui</strong></span> <span class='ocrx_word' id='word_1_207' title='bbox 1704 645 1803 673; x_wconf 79' lang='lat' dir='ltr'><strong>existi-</strong></span> 
     </span>
    </p>
   </div>
   <div class='ocr_carea' id='block_1_30' title="bbox 1013 691 1807 727">
    <p class='ocr_par' dir='ltr' id='par_1_30' title="bbox 1013 691 1807 727">
     <span class='ocr_line' id='line_1_30' title="bbox 1013 691 1807 727; baseline 0.003 -9"><span class='ocrx_word' id='word_1_208' title='bbox 1013 696 1126 719; x_wconf 87' lang='lat' dir='ltr'><strong>marunt</strong></span> <span class='ocrx_word' id='word_1_209' title='bbox 1142 692 1168 718; x_wconf 90' lang='lat' dir='ltr'><strong>in</strong></span> <span class='ocrx_word' id='word_1_210' title='bbox 1190 699 1272 719; x_wconf 84' lang='lat' dir='ltr'><strong>cruce</strong></span> <span class='ocrx_word' id='word_1_211' title='bbox 1282 691 1356 719; x_wconf 89' lang='lat' dir='ltr'><strong>illum</strong></span> <span class='ocrx_word' id='word_1_212' title='bbox 1370 692 1459 726; x_wconf 85' lang='lat' dir='ltr'><strong>ipsum</strong></span> <span class='ocrx_word' id='word_1_213' title='bbox 1475 692 1620 720; x_wconf 78' lang='lat' dir='ltr'><strong>sustulisse</strong></span> <span class='ocrx_word' id='word_1_214' title='bbox 1647 697 1676 720; x_wconf 90' lang='lat' dir='ltr'><strong>et</strong></span> <span class='ocrx_word' id='word_1_215' title='bbox 1690 699 1807 727; x_wconf 82' lang='lat' dir='ltr'><strong>suspen-</strong></span> 
     </span>
    </p>
   </div>
   <div class='ocr_carea' id='block_1_31' title="bbox 1014 736 1810 773">
    <p class='ocr_par' dir='ltr' id='par_1_31' title="bbox 1014 736 1810 773">
     <span class='ocr_line' id='line_1_31' title="bbox 1014 736 1810 773; baseline 0.001 -8"><span class='ocrx_word' id='word_1_216' title='bbox 1014 737 1098 765; x_wconf 83' lang='lat' dir='ltr'><strong>disse.</strong></span> <span class='ocrx_word' id='word_1_217' title='bbox 1123 736 1176 765; x_wconf 84' lang='lat' dir='ltr'><strong>Sed</strong></span> <span class='ocrx_word' id='word_1_218' title='bbox 1196 744 1290 765; x_wconf 86' lang='lat' dir='ltr'><strong>revera</strong></span> <span class='ocrx_word' id='word_1_219' title='bbox 1304 737 1396 765; x_wconf 83' lang='lat' dir='ltr'><strong>nullus</strong></span> <span class='ocrx_word' id='word_1_220' title='bbox 1413 737 1488 765; x_wconf 93' lang='lat' dir='ltr'><strong>illum</strong></span> <span class='ocrx_word' id='word_1_221' title='bbox 1508 738 1696 773; x_wconf 83' lang='lat' dir='ltr'><strong>apprehendit,</strong></span> <span class='ocrx_word' id='word_1_222' title='bbox 1712 738 1760 766; x_wconf 87' lang='lat' dir='ltr'><strong>sed</strong></span> <span class='ocrx_word' id='word_1_223' title='bbox 1775 740 1810 766; x_wconf 80' lang='lat' dir='ltr'><strong>ad</strong></span> 
     </span>
    </p>
   </div>
   <div class='ocr_carea' id='block_1_32' title="bbox 1014 783 1807 818">
    <p class='ocr_par' dir='ltr' id='par_1_32' title="bbox 1014 783 1807 818">
     <span class='ocr_line' id='line_1_32' title="bbox 1014 783 1807 818; baseline 0.001 -8"><span class='ocrx_word' id='word_1_224' title='bbox 1014 783 1123 811; x_wconf 90' lang='lat' dir='ltr'><strong>illorum</strong></span> <span class='ocrx_word' id='word_1_225' title='bbox 1136 784 1315 818; x_wconf 85' lang='lat' dir='ltr'><strong>impietatem,</strong></span> <span class='ocrx_word' id='word_1_226' title='bbox 1331 784 1560 818; x_wconf 85' lang='lat' dir='ltr'><strong>incredulitatem,</strong></span> <span class='ocrx_word' id='word_1_227' title='bbox 1576 784 1807 813; x_wconf 81' lang='lat' dir='ltr'><strong>inhumanitatem</strong></span> 
     </span>
    </p>
   </div>
   <div class='ocr_carea' id='block_1_33' title="bbox 1017 830 1809 866">
    <p class='ocr_par' dir='ltr' id='par_1_33' title="bbox 1017 830 1809 866">
     <span class='ocr_line' id='line_1_33' title="bbox 1017 830 1809 866; baseline 0.003 -10"><span class='ocrx_word' id='word_1_228' title='bbox 1017 830 1183 863; x_wconf 84' lang='lat' dir='ltr'><strong>testandam.</strong></span> <span class='ocrx_word' id='word_1_229' title='bbox 1203 830 1329 858; x_wconf 88' lang='lat' dir='ltr'><strong>viderunt</strong></span> <span class='ocrx_word' id='word_1_230' title='bbox 1342 830 1416 858; x_wconf 89' lang='lat' dir='ltr'><strong>illum</strong></span> <span class='ocrx_word' id='word_1_231' title='bbox 1434 835 1568 866; x_wconf 84' lang='lat' dir='ltr'><strong>quantum</strong></span> <span class='ocrx_word' id='word_1_232' title='bbox 1583 838 1617 859; x_wconf 85' lang='lat' dir='ltr'><strong>ex</strong></span> <span class='ocrx_word' id='word_1_233' title='bbox 1641 837 1735 858; x_wconf 88' lang='lat' dir='ltr'><strong>eorum</strong></span> <span class='ocrx_word' id='word_1_234' title='bbox 1765 833 1809 858; x_wconf 85' lang='lat' dir='ltr'><strong>ln-</strong></span> 
     </span>
    </p>
   </div>
   <div class='ocr_carea' id='block_1_34' title="bbox 164 862 964 913">
    <p class='ocr_par' dir='ltr' id='par_1_34' title="bbox 164 862 957 907">
     <span class='ocr_line' id='line_1_34' title="bbox 164 862 957 907; baseline 0 -9"><span class='ocrx_word' id='word_1_235' title='bbox 164 881 260 904; x_wconf 86' lang='grc' dir='ltr'><strong>σκεις,</strong></span> <span class='ocrx_word' id='word_1_236' title='bbox 283 873 332 900; x_wconf 76' lang='grc' dir='ltr'><strong>καὶ</strong></span> <span class='ocrx_word' id='word_1_237' title='bbox 356 870 442 906; x_wconf 72' lang='grc' dir='ltr'><strong>οἶδας,</strong></span> <span class='ocrx_word' id='word_1_238' title='bbox 469 873 511 900; x_wconf 82' lang='grc' dir='ltr'><strong>ὅτι</strong></span> <span class='ocrx_word' id='word_1_239' title='bbox 534 873 585 900; x_wconf 80' lang='grc' dir='ltr'><strong>οὒκ</strong></span> <span class='ocrx_word' id='word_1_240' title='bbox 607 872 739 907; x_wconf 85' lang='grc' dir='ltr'><strong>ὼνόμασα</strong></span> <span class='ocrx_word' id='word_1_241' title='bbox 760 862 857 899; x_wconf 67' lang='grc' dir='ltr'>ἑαυτὸν</span> <span class='ocrx_word' id='word_1_242' title='bbox 874 871 957 905; x_wconf 81' lang='grc' dir='ltr'><strong>Θεὸν,</strong></span> 
     </span>
    </p>
   </div>
   <div class='ocr_carea' id='block_1_35' title="bbox 1016 862 1809 913">
    <p class='ocr_par' dir='ltr' id='par_1_35' title="bbox 1016 862 1809 913">
     <span class='ocr_line' id='line_1_35' title="bbox 1016 862 1809 913; baseline 0.001 -10"><span class='ocrx_word' id='word_1_243' title='bbox 1016 875 1109 904; x_wconf 77' lang='lat' dir='ltr'><strong>faustis</strong></span> <span class='ocrx_word' id='word_1_244' title='bbox 1127 876 1229 904; x_wconf 84' lang='lat' dir='ltr'><strong>viribus</strong></span> <span class='ocrx_word' id='word_1_245' title='bbox 1261 876 1397 911; x_wconf 83' lang='lat' dir='ltr'><strong>pendebat</strong></span> <span class='ocrx_word' id='word_1_246' title='bbox 1408 897 1416 910; x_wconf 93' lang='lat'><strong>,</strong></span> <span class='ocrx_word' id='word_1_247' title='bbox 1432 862 1528 905; x_wconf 63' lang='lat' dir='ltr'><strong>revera</strong></span> <span class='ocrx_word' id='word_1_248' title='bbox 1555 877 1714 913; x_wconf 79' lang='lat' dir='ltr'><strong>patientem.</strong></span> <span class='ocrx_word' id='word_1_249' title='bbox 1726 876 1809 904; x_wconf 84' lang='lat' dir='ltr'><strong>Addit</strong></span> 
     </span>
    </p>
   </div>
   <div class='ocr_carea' id='block_1_36' title="bbox 163 919 964 956">
    <p class='ocr_par' dir='ltr' id='par_1_36' title="bbox 163 919 964 956">
     <span class='ocr_line' id='line_1_36' title="bbox 163 919 964 956; baseline -0.001 -10"><span class='ocrx_word' id='word_1_250' title='bbox 163 919 181 954; x_wconf 79' lang='grc' dir='ltr'><strong>ἦ</strong></span> <span class='ocrx_word' id='word_1_251' title='bbox 201 919 263 946; x_wconf 85' lang='grc' dir='ltr'><strong>Υἱόν</strong></span> <span class='ocrx_word' id='word_1_252' title='bbox 276 927 341 946; x_wconf 88' lang='grc' dir='ltr'><strong>σου·</strong></span> <span class='ocrx_word' id='word_1_253' title='bbox 358 919 452 951; x_wconf 80' lang='grc' dir='ltr'><strong>δοῦλος</strong></span> <span class='ocrx_word' id='word_1_254' title='bbox 478 920 532 956; x_wconf 86' lang='grc' dir='ltr'><strong>γάρ</strong></span> <span class='ocrx_word' id='word_1_255' title='bbox 556 920 602 947; x_wconf 88' lang='grc' dir='ltr'><strong>σού</strong></span> <span class='ocrx_word' id='word_1_256' title='bbox 618 921 693 956; x_wconf 79' lang='grc' dir='ltr'><strong>εἰμι,</strong></span> <span class='ocrx_word' id='word_1_257' title='bbox 710 921 758 947; x_wconf 84' lang='grc' dir='ltr'><strong>καὶ</strong></span> <span class='ocrx_word' id='word_1_258' title='bbox 778 919 828 954; x_wconf 86' lang='grc' dir='ltr'><strong>οὺχ</strong></span> <span class='ocrx_word' id='word_1_259' title='bbox 858 919 964 954; x_wconf 81' lang='grc' dir='ltr'><strong>ὑπερη-</strong></span> 
     </span>
    </p>
   </div>
   <div class='ocr_carea' id='block_1_37' title="bbox 162 967 964 1004">
    <p class='ocr_par' dir='ltr' id='par_1_37' title="bbox 162 967 964 1004">
     <span class='ocr_line' id='line_1_37' title="bbox 162 967 964 1004; baseline -0.001 -10"><span class='ocrx_word' id='word_1_260' title='bbox 162 967 322 1004; x_wconf 74' lang='grc' dir='ltr'><strong>φανεύομαι</strong></span> <span class='ocrx_word' id='word_1_261' title='bbox 339 968 420 996; x_wconf 87' lang='grc' dir='ltr'><strong>τοῦτο</strong></span> <span class='ocrx_word' id='word_1_262' title='bbox 442 968 600 996; x_wconf 85' lang='grc' dir='ltr'><strong>καλεῖσθαι.</strong></span> <span class='ocrx_word' id='word_1_263' title='bbox 617 969 673 995; x_wconf 76' lang='grc' dir='ltr'><strong>Καὶ</strong></span> <span class='ocrx_word' id='word_1_264' title='bbox 691 969 757 995; x_wconf 84' lang='grc' dir='ltr'><strong>ὄτιὸ</strong></span> <span class='ocrx_word' id='word_1_265' title='bbox 778 967 845 1000; x_wconf 83' lang='grc' dir='ltr'><strong>Θεὸς</strong></span> <span class='ocrx_word' id='word_1_266' title='bbox 868 967 964 994; x_wconf 73' lang='grc' dir='ltr'><strong>ἐλαϐεν</strong></span> 
     </span>
    </p>
   </div>
   <div class='ocr_carea' id='block_1_38' title="bbox 165 1013 964 1050">
    <p class='ocr_par' dir='ltr' id='par_1_38' title="bbox 165 1013 964 1050">
     <span class='ocr_line' id='line_1_38' title="bbox 165 1013 964 1050; baseline 0 -10"><span class='ocrx_word' id='word_1_267' title='bbox 165 1014 249 1041; x_wconf 76' lang='grc' dir='ltr'>αὐτὸν</span> <span class='ocrx_word' id='word_1_268' title='bbox 276 1015 318 1046; x_wconf 76' lang='grc' dir='ltr'><strong>εἰς</strong></span> <span class='ocrx_word' id='word_1_269' title='bbox 332 1015 379 1042; x_wconf 84' lang='grc' dir='ltr'><strong>τὸν</strong></span> <span class='ocrx_word' id='word_1_270' title='bbox 403 1015 522 1050; x_wconf 84' lang='grc' dir='ltr'><strong>οὐρανὸν</strong></span> <span class='ocrx_word' id='word_1_271' title='bbox 547 1015 592 1042; x_wconf 80' lang='grc' dir='ltr'><strong>διὰ</strong></span> <span class='ocrx_word' id='word_1_272' title='bbox 613 1014 646 1042; x_wconf 82' lang='grc' dir='ltr'><strong>τὸ</strong></span> <span class='ocrx_word' id='word_1_273' title='bbox 670 1013 732 1042; x_wconf 86' lang='grc' dir='ltr'><strong>λίαν</strong></span> <span class='ocrx_word' id='word_1_274' title='bbox 754 1014 843 1049; x_wconf 83' lang='grc' dir='ltr'><strong>φιλεῖν</strong></span> <span class='ocrx_word' id='word_1_275' title='bbox 870 1013 964 1040; x_wconf 85' lang='grc' dir='ltr'><strong>αὐτόν.</strong></span> 
     </span>
    </p>
   </div>
   <div class='ocr_carea' id='block_1_39' title="bbox 165 1059 967 1097">
    <p class='ocr_par' dir='ltr' id='par_1_39' title="bbox 165 1059 967 1097">
     <span class='ocr_line' id='line_1_39' title="bbox 165 1059 967 1097; baseline -0.001 -11"><span class='ocrx_word' id='word_1_276' title='bbox 165 1059 222 1086; x_wconf 72' lang='grc' dir='ltr'><strong>Καὶ</strong></span> <span class='ocrx_word' id='word_1_277' title='bbox 237 1059 282 1086; x_wconf 80' lang='grc' dir='ltr'><strong>ὅτε</strong></span> <span class='ocrx_word' id='word_1_278' title='bbox 296 1060 412 1094; x_wconf 80' lang='grc' dir='ltr'><strong>ἀνῆλθεν</strong></span> <span class='ocrx_word' id='word_1_279' title='bbox 427 1062 441 1087; x_wconf 82' lang='grc' dir='ltr'><strong>ὁ</strong></span> <span class='ocrx_word' id='word_1_280' title='bbox 455 1060 573 1096; x_wconf 75' lang='grc' dir='ltr'><strong>Χριστὸς</strong></span> <span class='ocrx_word' id='word_1_281' title='bbox 588 1062 619 1088; x_wconf 83' lang='grc' dir='ltr'><strong>έν</strong></span> <span class='ocrx_word' id='word_1_282' title='bbox 637 1060 676 1097; x_wconf 79' lang='grc' dir='ltr'>τῷ</span> <span class='ocrx_word' id='word_1_283' title='bbox 690 1060 809 1096; x_wconf 79' lang='grc' dir='ltr'><strong>οὐρανῷ,</strong></span> <span class='ocrx_word' id='word_1_284' title='bbox 825 1059 886 1086; x_wconf 86' lang='grc' dir='ltr'><strong>τότε</strong></span> <span class='ocrx_word' id='word_1_285' title='bbox 896 1060 967 1096; x_wconf 79' lang='grc' dir='ltr'><strong>ἐρω-</strong></span> 
     </span>
    </p>
   </div>
   <div class='ocr_carea' id='block_1_40' title="bbox 163 1104 960 1142">
    <p class='ocr_par' dir='ltr' id='par_1_40' title="bbox 163 1104 960 1142">
     <span class='ocr_line' id='line_1_40' title="bbox 163 1104 960 1142; baseline 0 -11"><span class='ocrx_word' id='word_1_286' title='bbox 163 1104 235 1140; x_wconf 76' lang='grc' dir='ltr'><strong>τήθη</strong></span> <span class='ocrx_word' id='word_1_287' title='bbox 244 1105 310 1140; x_wconf 75' lang='grc' dir='ltr'><strong>περὶ</strong></span> <span class='ocrx_word' id='word_1_288' title='bbox 322 1106 418 1133; x_wconf 76' lang='grc' dir='ltr'><strong>αὑτοῦ.</strong></span> <span class='ocrx_word' id='word_1_289' title='bbox 431 1107 483 1133; x_wconf 81' lang='grc' dir='ltr'><strong>Τὸν</strong></span> <span class='ocrx_word' id='word_1_290' title='bbox 498 1107 616 1142; x_wconf 78' lang='grc' dir='ltr'><strong>Χριστὸν</strong></span> <span class='ocrx_word' id='word_1_291' title='bbox 629 1106 660 1133; x_wconf 86' lang='grc' dir='ltr'><strong>οὺ</strong></span> <span class='ocrx_word' id='word_1_292' title='bbox 672 1106 791 1140; x_wconf 87' lang='grc' dir='ltr'><strong>λέγωσιν</strong></span> <span class='ocrx_word' id='word_1_293' title='bbox 803 1105 867 1132; x_wconf 83' lang='grc' dir='ltr'><strong>Υἱὸν</strong></span> <span class='ocrx_word' id='word_1_294' title='bbox 879 1104 960 1138; x_wconf 84' lang='grc' dir='ltr'><strong>Θεοῦ,</strong></span> 
     </span>
    </p>
   </div>
   <div class='ocr_carea' id='block_1_41' title="bbox 165 1151 962 1189">
    <p class='ocr_par' dir='ltr' id='par_1_41' title="bbox 165 1151 962 1189">
     <span class='ocr_line' id='line_1_41' title="bbox 165 1151 962 1189; baseline -0.003 -10"><span class='ocrx_word' id='word_1_295' title='bbox 165 1151 226 1179; x_wconf 75' lang='grc' dir='ltr'><strong>ἀλλ’</strong></span> <span class='ocrx_word' id='word_1_296' title='bbox 241 1153 404 1186; x_wconf 83' lang='grc' dir='ltr'><strong>ἀπόστολον,</strong></span> <span class='ocrx_word' id='word_1_297' title='bbox 421 1153 469 1180; x_wconf 73' lang='grc' dir='ltr'><strong>καὶ</strong></span> <span class='ocrx_word' id='word_1_298' title='bbox 482 1154 638 1189; x_wconf 79' lang='grc' dir='ltr'><strong>προφήτην,</strong></span> <span class='ocrx_word' id='word_1_299' title='bbox 648 1153 745 1180; x_wconf 82' lang='grc' dir='ltr'><strong>καθότι</strong></span> <span class='ocrx_word' id='word_1_300' title='bbox 758 1153 773 1179; x_wconf 83' lang='grc' dir='ltr'>ὁ</span> <span class='ocrx_word' id='word_1_301' title='bbox 790 1151 868 1185; x_wconf 81' lang='grc' dir='ltr'><strong>Θεὸς,</strong></span> <span class='ocrx_word' id='word_1_302' title='bbox 883 1151 962 1186; x_wconf 66' lang='grc' dir='ltr'><strong>φησι,</strong></span> 
     </span>
    </p>
   </div>
   <div class='ocr_carea' id='block_1_42' title="bbox 165 1196 964 1234">
    <p class='ocr_par' dir='ltr' id='par_1_42' title="bbox 165 1196 964 1234">
     <span class='ocr_line' id='line_1_42' title="bbox 165 1196 964 1234; baseline -0.003 -9"><span class='ocrx_word' id='word_1_303' title='bbox 165 1198 303 1226; x_wconf 77' lang='grc' dir='ltr'><strong>κωινωνὺν</strong></span> <span class='ocrx_word' id='word_1_304' title='bbox 317 1199 368 1226; x_wconf 83' lang='grc' dir='ltr'><strong>οὐκ</strong></span> <span class='ocrx_word' id='word_1_305' title='bbox 391 1198 467 1234; x_wconf 76' lang='grc' dir='ltr'><strong>ἔχει,</strong></span> <span class='ocrx_word' id='word_1_306' title='bbox 491 1200 541 1226; x_wconf 82' lang='grc' dir='ltr'><strong>καὶ</strong></span> <span class='ocrx_word' id='word_1_307' title='bbox 557 1199 660 1231; x_wconf 88' lang='grc' dir='ltr'><strong>πάντες</strong></span> <span class='ocrx_word' id='word_1_308' title='bbox 676 1200 701 1226; x_wconf 80' lang='grc' dir='ltr'><strong>οἱ</strong></span> <span class='ocrx_word' id='word_1_309' title='bbox 725 1198 868 1230; x_wconf 80' lang='grc' dir='ltr'><strong>ποιοῦντες</strong></span> <span class='ocrx_word' id='word_1_310' title='bbox 887 1196 964 1232; x_wconf 82' lang='grc' dir='ltr'><strong>αὑτῷ</strong></span> 
     </span>
    </p>
   </div>
   <div class='ocr_carea' id='block_1_43' title="bbox 165 1244 964 1281">
    <p class='ocr_par' dir='ltr' id='par_1_43' title="bbox 165 1244 964 1281">
     <span class='ocr_line' id='line_1_43' title="bbox 165 1244 964 1281; baseline -0.003 -9"><span class='ocrx_word' id='word_1_311' title='bbox 165 1245 213 1272; x_wconf 83' lang='grc' dir='ltr'><strong>τὸν</strong></span> <span class='ocrx_word' id='word_1_312' title='bbox 238 1245 358 1281; x_wconf 82' lang='grc' dir='ltr'><strong>Χριστὸν</strong></span> <span class='ocrx_word' id='word_1_313' title='bbox 383 1245 531 1278; x_wconf 84' lang='grc' dir='ltr'><strong>κοινωνὸν,</strong></span> <span class='ocrx_word' id='word_1_314' title='bbox 561 1245 708 1280; x_wconf 78' lang='grc' dir='ltr'><strong>μέλλουσιν</strong></span> <span class='ocrx_word' id='word_1_315' title='bbox 734 1244 903 1276; x_wconf 78' lang='grc' dir='ltr'><strong>κολάζεσθαι</strong></span> <span class='ocrx_word' id='word_1_316' title='bbox 923 1244 964 1275; x_wconf 86' lang='grc' dir='ltr'><strong>εἱς</strong></span> 
     </span>
    </p>
   </div>
   <div class='ocr_carea' id='block_1_44' title="bbox 165 1291 963 1328">
    <p class='ocr_par' dir='ltr' id='par_1_44' title="bbox 165 1291 963 1328">
     <span class='ocr_line' id='line_1_44' title="bbox 165 1291 963 1328; baseline -0.001 -11"><span class='ocrx_word' id='word_1_317' title='bbox 165 1292 217 1327; x_wconf 80' lang='grc' dir='ltr'><strong>τὴν</strong></span> <span class='ocrx_word' id='word_1_318' title='bbox 234 1292 348 1326; x_wconf 83' lang='grc' dir='ltr'>γέενναν</span> <span class='ocrx_word' id='word_1_319' title='bbox 361 1292 409 1319; x_wconf 84' lang='grc' dir='ltr'><strong>τοῦ</strong></span> <span class='ocrx_word' id='word_1_320' title='bbox 425 1293 524 1328; x_wconf 80' lang='grc' dir='ltr'><strong>πυρός.</strong></span> <span class='ocrx_word' id='word_1_321' title='bbox 543 1292 616 1319; x_wconf 84' lang='grc' dir='ltr'><strong>Διότι</strong></span> <span class='ocrx_word' id='word_1_322' title='bbox 630 1293 645 1318; x_wconf 80' lang='grc' dir='ltr'>ὀ</span> <span class='ocrx_word' id='word_1_323' title='bbox 661 1291 732 1324; x_wconf 77' lang='grc' dir='ltr'><strong>Θεὸς</strong></span> <span class='ocrx_word' id='word_1_324' title='bbox 753 1291 882 1319; x_wconf 81' lang='grc' dir='ltr'><strong>κοινωνὸν</strong></span> <span class='ocrx_word' id='word_1_325' title='bbox 902 1291 963 1326; x_wconf 76' lang='grc' dir='ltr'><strong>ἢτοι</strong></span> 
     </span>
    </p>
   </div>
   <div class='ocr_carea' id='block_1_45' title="bbox 165 1337 724 1374">
    <p class='ocr_par' dir='ltr' id='par_1_45' title="bbox 165 1337 724 1374">
     <span class='ocr_line' id='line_1_45' title="bbox 165 1337 724 1374; baseline 0.002 -10"><span class='ocrx_word' id='word_1_326' title='bbox 165 1337 260 1373; x_wconf 65' lang='grc' dir='ltr'><strong>ὅμοιον</strong></span> <span class='ocrx_word' id='word_1_327' title='bbox 272 1339 323 1365; x_wconf 84' lang='grc' dir='ltr'><strong>οὐκ</strong></span> <span class='ocrx_word' id='word_1_328' title='bbox 335 1338 405 1374; x_wconf 74' lang='grc' dir='ltr'><strong>ἔχει.</strong></span> <span class='ocrx_word' id='word_1_329' title='bbox 421 1338 514 1365; x_wconf 74' lang='grc' dir='ltr'>Ταῦτα</span> <span class='ocrx_word' id='word_1_330' title='bbox 526 1339 573 1365; x_wconf 83' lang='grc' dir='ltr'><strong>τοῦ</strong></span> <span class='ocrx_word' id='word_1_331' title='bbox 591 1338 724 1373; x_wconf 83' lang='grc' dir='ltr'><strong>Μωάμεδ.</strong></span> 
     </span>
    </p>
   </div>
   <div class='ocr_carea' id='block_1_46' title="bbox 1012 922 1811 960">
    <p class='ocr_par' dir='ltr' id='par_1_46' title="bbox 1012 922 1811 960">
     <span class='ocr_line' id='line_1_46' title="bbox 1012 922 1811 960; baseline 0 -9"><span class='ocrx_word' id='word_1_332' title='bbox 1012 929 1041 951; x_wconf 88' lang='lat' dir='ltr'><strong>et</strong></span> <span class='ocrx_word' id='word_1_333' title='bbox 1055 923 1126 951; x_wconf 87' lang='lat' dir='ltr'><strong>istud</strong></span> <span class='ocrx_word' id='word_1_334' title='bbox 1135 923 1211 958; x_wconf 77' lang='lat' dir='ltr'><strong>quod</strong></span> <span class='ocrx_word' id='word_1_335' title='bbox 1224 931 1284 951; x_wconf 87' lang='lat' dir='ltr'><strong>cum</strong></span> <span class='ocrx_word' id='word_1_336' title='bbox 1299 922 1380 951; x_wconf 67' lang='lat' dir='ltr'><strong>Iesus</strong></span> <span class='ocrx_word' id='word_1_337' title='bbox 1389 923 1423 951; x_wconf 86' lang='lat' dir='ltr'><strong>ad</strong></span> <span class='ocrx_word' id='word_1_338' title='bbox 1437 923 1524 952; x_wconf 69' lang='lat' dir='ltr'><strong>cmlos</strong></span> <span class='ocrx_word' id='word_1_339' title='bbox 1543 923 1724 960; x_wconf 86' lang='lat' dir='ltr'><strong>pervenisset,</strong></span> <span class='ocrx_word' id='word_1_340' title='bbox 1739 923 1811 951; x_wconf 84' lang='lat' dir='ltr'><strong>Deus</strong></span> 
     </span>
    </p>
   </div>
   <div class='ocr_carea' id='block_1_47' title="bbox 1015 969 1811 1005">
    <p class='ocr_par' dir='ltr' id='par_1_47' title="bbox 1015 969 1811 1005">
     <span class='ocr_line' id='line_1_47' title="bbox 1015 969 1811 1005; baseline 0 -9"><span class='ocrx_word' id='word_1_341' title='bbox 1015 970 1049 998; x_wconf 89' lang='lat' dir='ltr'><strong>ab</strong></span> <span class='ocrx_word' id='word_1_342' title='bbox 1057 969 1118 1004; x_wconf 84' lang='lat' dir='ltr'><strong>ipso</strong></span> <span class='ocrx_word' id='word_1_343' title='bbox 1127 970 1273 1005; x_wconf 81' lang='lat' dir='ltr'><strong>rogaverit:</strong></span> <span class='ocrx_word' id='word_1_344' title='bbox 1282 969 1371 1003; x_wconf 80' lang='lat' dir='ltr'><strong>Quare</strong></span> <span class='ocrx_word' id='word_1_345' title='bbox 1380 978 1441 998; x_wconf 88' lang='lat' dir='ltr'><strong>cum</strong></span> <span class='ocrx_word' id='word_1_346' title='bbox 1448 971 1474 997; x_wconf 95' lang='lat' dir='ltr'><strong>in</strong></span> <span class='ocrx_word' id='word_1_347' title='bbox 1482 970 1582 998; x_wconf 89' lang='lat' dir='ltr'><strong>mundo</strong></span> <span class='ocrx_word' id='word_1_348' title='bbox 1588 969 1758 1002; x_wconf 83' lang='lat' dir='ltr'><strong>versabaris,</strong></span> <span class='ocrx_word' id='word_1_349' title='bbox 1766 977 1811 996; x_wconf 90' lang='lat' dir='ltr'><strong>vo-</strong></span> 
     </span>
    </p>
   </div>
   <div class='ocr_carea' id='block_1_48' title="bbox 1015 1010 1810 1051">
    <p class='ocr_par' dir='ltr' id='par_1_48' title="bbox 1015 1010 1810 1051">
     <span class='ocr_line' id='line_1_48' title="bbox 1015 1010 1810 1051; baseline 0 -8"><span class='ocrx_word' id='word_1_350' title='bbox 1015 1015 1112 1043; x_wconf 75' lang='lat' dir='ltr'><strong>cavisd</strong></span> <span class='ocrx_word' id='word_1_351' title='bbox 1126 1021 1152 1043; x_wconf 90' lang='lat' dir='ltr'><strong>te</strong></span> <span class='ocrx_word' id='word_1_352' title='bbox 1164 1010 1262 1043; x_wconf 83' lang='lat' dir='ltr'><strong>Filium</strong></span> <span class='ocrx_word' id='word_1_353' title='bbox 1272 1016 1318 1044; x_wconf 90' lang='lat' dir='ltr'><strong>Dei</strong></span> <span class='ocrx_word' id='word_1_354' title='bbox 1330 1016 1341 1043; x_wconf 85' lang='lat'><strong>?</strong></span> <span class='ocrx_word' id='word_1_355' title='bbox 1353 1017 1392 1044; x_wconf 82' lang='lat' dir='ltr'><strong>Ad</strong></span> <span class='ocrx_word' id='word_1_356' title='bbox 1401 1023 1460 1051; x_wconf 68' lang='lat' dir='ltr'><strong>qum</strong></span> <span class='ocrx_word' id='word_1_357' title='bbox 1468 1015 1564 1044; x_wconf 86' lang='lat' dir='ltr'><strong>Jesus:</strong></span> <span class='ocrx_word' id='word_1_358' title='bbox 1575 1015 1600 1044; x_wconf 88' lang='lat'><strong>0</strong></span> <span class='ocrx_word' id='word_1_359' title='bbox 1610 1015 1742 1049; x_wconf 81' lang='lat' dir='ltr'><strong>Joannes,</strong></span> <span class='ocrx_word' id='word_1_360' title='bbox 1754 1023 1810 1044; x_wconf 90' lang='lat' dir='ltr'><strong>non</strong></span> 
     </span>
    </p>
   </div>
   <div class='ocr_carea' id='block_1_49' title="bbox 1016 1061 1811 1097">
    <p class='ocr_par' dir='ltr' id='par_1_49' title="bbox 1016 1061 1811 1097">
     <span class='ocr_line' id='line_1_49' title="bbox 1016 1061 1811 1097; baseline 0 -8"><span class='ocrx_word' id='word_1_361' title='bbox 1016 1069 1066 1097; x_wconf 81' lang='lat' dir='ltr'><strong>ego</strong></span> <span class='ocrx_word' id='word_1_362' title='bbox 1078 1062 1124 1090; x_wconf 76' lang='lat' dir='ltr'><strong>sed</strong></span> <span class='ocrx_word' id='word_1_363' title='bbox 1149 1067 1176 1090; x_wconf 94' lang='lat' dir='ltr'><strong>tu</strong></span> <span class='ocrx_word' id='word_1_364' title='bbox 1192 1063 1244 1090; x_wconf 91' lang='lat' dir='ltr'><strong>hoc</strong></span> <span class='ocrx_word' id='word_1_365' title='bbox 1258 1062 1361 1095; x_wconf 76' lang='lat' dir='ltr'><strong>dixisti,</strong></span> <span class='ocrx_word' id='word_1_366' title='bbox 1379 1070 1421 1090; x_wconf 90' lang='lat' dir='ltr'><strong>me</strong></span> <span class='ocrx_word' id='word_1_367' title='bbox 1437 1062 1567 1090; x_wconf 91' lang='lat' dir='ltr'><strong>nimirum</strong></span> <span class='ocrx_word' id='word_1_368' title='bbox 1592 1069 1653 1090; x_wconf 81' lang='lat' dir='ltr'><strong>esse</strong></span> <span class='ocrx_word' id='word_1_369' title='bbox 1679 1061 1766 1090; x_wconf 85' lang='lat' dir='ltr'><strong>Deum</strong></span> <span class='ocrx_word' id='word_1_370' title='bbox 1782 1066 1811 1090; x_wconf 83' lang='lat' dir='ltr'><strong>et</strong></span> 
     </span>
    </p>
   </div>
   <div class='ocr_carea' id='block_1_50' title="bbox 1016 1105 1810 1142">
    <p class='ocr_par' dir='ltr' id='par_1_50' title="bbox 1016 1105 1810 1142">
     <span class='ocr_line' id='line_1_50' title="bbox 1016 1105 1810 1142; baseline 0 -8"><span class='ocrx_word' id='word_1_371' title='bbox 1016 1105 1113 1134; x_wconf 85' lang='lat' dir='ltr'><strong>Filium</strong></span> <span class='ocrx_word' id='word_1_372' title='bbox 1126 1106 1183 1134; x_wconf 88' lang='lat' dir='ltr'><strong>Dei.</strong></span> <span class='ocrx_word' id='word_1_373' title='bbox 1198 1106 1311 1142; x_wconf 78' lang='lat' dir='ltr'><strong>Negavit</strong></span> <span class='ocrx_word' id='word_1_374' title='bbox 1319 1114 1384 1142; x_wconf 80' lang='lat' dir='ltr'><strong>ergo</strong></span> <span class='ocrx_word' id='word_1_375' title='bbox 1395 1107 1488 1135; x_wconf 85' lang='lat' dir='ltr'><strong>dicens</strong></span> <span class='ocrx_word' id='word_1_376' title='bbox 1500 1108 1539 1135; x_wconf 73' lang='lat'><strong>:‘0</strong></span> <span class='ocrx_word' id='word_1_377' title='bbox 1545 1106 1618 1135; x_wconf 85' lang='lat' dir='ltr'><strong>Deus</strong></span> <span class='ocrx_word' id='word_1_378' title='bbox 1625 1106 1716 1135; x_wconf 87' lang='lat' dir='ltr'><strong>omnia</strong></span> <span class='ocrx_word' id='word_1_379' title='bbox 1727 1107 1810 1140; x_wconf 83' lang='lat' dir='ltr'><strong>nosti,</strong></span> 
     </span>
    </p>
   </div>
   <div class='ocr_carea' id='block_1_51' title="bbox 1013 1153 1812 1188">
    <p class='ocr_par' dir='ltr' id='par_1_51' title="bbox 1013 1153 1812 1188">
     <span class='ocr_line' id='line_1_51' title="bbox 1013 1153 1812 1188; baseline 0.003 -9"><span class='ocrx_word' id='word_1_380' title='bbox 1013 1157 1041 1180; x_wconf 88' lang='lat' dir='ltr'><strong>et</strong></span> <span class='ocrx_word' id='word_1_381' title='bbox 1057 1153 1159 1187; x_wconf 87' lang='lat' dir='ltr'><strong>optime</strong></span> <span class='ocrx_word' id='word_1_382' title='bbox 1175 1153 1222 1180; x_wconf 85' lang='lat' dir='ltr'><strong>tibi</strong></span> <span class='ocrx_word' id='word_1_383' title='bbox 1237 1159 1406 1188; x_wconf 87' lang='lat' dir='ltr'><strong>compertum</strong></span> <span class='ocrx_word' id='word_1_384' title='bbox 1419 1158 1462 1181; x_wconf 83' lang='lat' dir='ltr'><strong>est</strong></span> <span class='ocrx_word' id='word_1_385' title='bbox 1478 1161 1521 1180; x_wconf 85' lang='lat' dir='ltr'><strong>me</strong></span> <span class='ocrx_word' id='word_1_386' title='bbox 1538 1161 1638 1181; x_wconf 89' lang='lat' dir='ltr'><strong>nomen</strong></span> <span class='ocrx_word' id='word_1_387' title='bbox 1652 1153 1700 1181; x_wconf 87' lang='lat' dir='ltr'><strong>Dei</strong></span> <span class='ocrx_word' id='word_1_388' title='bbox 1711 1158 1740 1181; x_wconf 89' lang='lat' dir='ltr'><strong>et</strong></span> <span class='ocrx_word' id='word_1_389' title='bbox 1759 1160 1812 1181; x_wconf 88' lang='lat' dir='ltr'><strong>no-</strong></span> 
     </span>
    </p>
   </div>
   <div class='ocr_carea' id='block_1_52' title="bbox 1015 1198 1809 1234">
    <p class='ocr_par' dir='ltr' id='par_1_52' title="bbox 1015 1198 1809 1234">
     <span class='ocr_line' id='line_1_52' title="bbox 1015 1198 1809 1234; baseline 0.001 -9"><span class='ocrx_word' id='word_1_390' title='bbox 1015 1205 1077 1225; x_wconf 88' lang='lat' dir='ltr'><strong>men</strong></span> <span class='ocrx_word' id='word_1_391' title='bbox 1094 1198 1156 1226; x_wconf 84' lang='lat' dir='ltr'><strong>Filii</strong></span> <span class='ocrx_word' id='word_1_392' title='bbox 1174 1198 1211 1225; x_wconf 92' lang='lat' dir='ltr'><strong>tui</strong></span> <span class='ocrx_word' id='word_1_393' title='bbox 1225 1206 1366 1233; x_wconf 77' lang='lat' dir='ltr'><strong>nunquam</strong></span> <span class='ocrx_word' id='word_1_394' title='bbox 1381 1199 1446 1226; x_wconf 81' lang='lat' dir='ltr'><strong>mihi</strong></span> <span class='ocrx_word' id='word_1_395' title='bbox 1457 1199 1586 1227; x_wconf 77' lang='lat' dir='ltr'><strong>tribuisse</strong></span> <span class='ocrx_word' id='word_1_396' title='bbox 1600 1204 1628 1227; x_wconf 88' lang='lat' dir='ltr'><strong>et</strong></span> <span class='ocrx_word' id='word_1_397' title='bbox 1650 1206 1809 1234; x_wconf 86' lang='lat' dir='ltr'><strong>usurpasse.</strong></span> 
     </span>
    </p>
   </div>
   <div class='ocr_carea' id='block_1_53' title="bbox 1015 1243 1811 1279">
    <p class='ocr_par' dir='ltr' id='par_1_53' title="bbox 1015 1243 1811 1279">
     <span class='ocr_line' id='line_1_53' title="bbox 1015 1243 1811 1279; baseline 0.001 -9"><span class='ocrx_word' id='word_1_398' title='bbox 1015 1243 1081 1271; x_wconf 90' lang='lat' dir='ltr'><strong>Sum</strong></span> <span class='ocrx_word' id='word_1_399' title='bbox 1102 1243 1202 1279; x_wconf 89' lang='lat' dir='ltr'><strong>quippe</strong></span> <span class='ocrx_word' id='word_1_400' title='bbox 1217 1251 1313 1271; x_wconf 80' lang='lat' dir='ltr'><strong>servns</strong></span> <span class='ocrx_word' id='word_1_401' title='bbox 1331 1250 1404 1278; x_wconf 81' lang='lat' dir='ltr'><strong>tuus,</strong></span> <span class='ocrx_word' id='word_1_402' title='bbox 1419 1251 1469 1272; x_wconf 91' lang='lat' dir='ltr'><strong>nec</strong></span> <span class='ocrx_word' id='word_1_403' title='bbox 1483 1245 1546 1272; x_wconf 88' lang='lat' dir='ltr'><strong>talis</strong></span> <span class='ocrx_word' id='word_1_404' title='bbox 1562 1252 1604 1272; x_wconf 91' lang='lat' dir='ltr'><strong>me</strong></span> <span class='ocrx_word' id='word_1_405' title='bbox 1618 1252 1738 1279; x_wconf 85' lang='lat' dir='ltr'><strong>unquam</strong></span> <span class='ocrx_word' id='word_1_406' title='bbox 1767 1245 1811 1271; x_wconf 82' lang='lat' dir='ltr'><strong>in-</strong></span> 
     </span>
    </p>
   </div>
   <div class='ocr_carea' id='block_1_54' title="bbox 1014 1290 1811 1326">
    <p class='ocr_par' dir='ltr' id='par_1_54' title="bbox 1014 1290 1811 1326">
     <span class='ocr_line' id='line_1_54' title="bbox 1014 1290 1811 1326; baseline 0.001 -10"><span class='ocrx_word' id='word_1_407' title='bbox 1014 1290 1096 1318; x_wconf 84' lang='lat' dir='ltr'><strong>sessit</strong></span> <span class='ocrx_word' id='word_1_408' title='bbox 1108 1290 1196 1317; x_wconf 82' lang='lat' dir='ltr'><strong>fastus</strong></span> <span class='ocrx_word' id='word_1_409' title='bbox 1217 1295 1244 1318; x_wconf 77' lang='lat' dir='ltr'><strong>et</strong></span> <span class='ocrx_word' id='word_1_410' title='bbox 1255 1291 1383 1326; x_wconf 86' lang='lat' dir='ltr'><strong>superbia</strong></span> <span class='ocrx_word' id='word_1_411' title='bbox 1400 1296 1429 1318; x_wconf 92' lang='lat' dir='ltr'><strong>nt</strong></span> <span class='ocrx_word' id='word_1_412' title='bbox 1446 1291 1492 1318; x_wconf 90' lang='lat' dir='ltr'><strong>tali</strong></span> <span class='ocrx_word' id='word_1_413' title='bbox 1507 1291 1586 1318; x_wconf 88' lang='lat' dir='ltr'><strong>titulo</strong></span> <span class='ocrx_word' id='word_1_414' title='bbox 1608 1290 1746 1319; x_wconf 84' lang='lat' dir='ltr'><strong>nominari</strong></span> <span class='ocrx_word' id='word_1_415' title='bbox 1766 1298 1811 1318; x_wconf 82' lang='lat' dir='ltr'><strong>me</strong></span> 
     </span>
    </p>
   </div>
   <div class='ocr_carea' id='block_1_55' title="bbox 1013 1335 1811 1372">
    <p class='ocr_par' dir='ltr' id='par_1_55' title="bbox 1013 1335 1811 1372">
     <span class='ocr_line' id='line_1_55' title="bbox 1013 1335 1811 1372; baseline 0.001 -9"><span class='ocrx_word' id='word_1_416' title='bbox 1013 1335 1186 1371; x_wconf 70' lang='lat' dir='ltr'><strong>dedignarer.</strong></span> <span class='ocrx_word' id='word_1_417' title='bbox 1211 1336 1265 1364; x_wconf 86' lang='lat' dir='ltr'><strong>Nec</strong></span> <span class='ocrx_word' id='word_1_418' title='bbox 1282 1337 1327 1364; x_wconf 90' lang='lat' dir='ltr'><strong>hic</strong></span> <span class='ocrx_word' id='word_1_419' title='bbox 1350 1337 1412 1364; x_wconf 85' lang='lat' dir='ltr'><strong>linis</strong></span> <span class='ocrx_word' id='word_1_420' title='bbox 1446 1336 1610 1369; x_wconf 76' lang='lat' dir='ltr'><strong>fabularum.</strong></span> <span class='ocrx_word' id='word_1_421' title='bbox 1635 1337 1712 1364; x_wconf 83' lang='lat' dir='ltr'><strong>addit</strong></span> <span class='ocrx_word' id='word_1_422' title='bbox 1737 1343 1811 1372; x_wconf 89' lang='lat' dir='ltr'><strong>quo-</strong></span> 
     </span>
    </p>
   </div>
   <div class='ocr_carea' id='block_1_56' title="bbox 167 1382 1812 1421">
    <p class='ocr_par' dir='ltr' id='par_1_56' title="bbox 167 1382 1812 1421">
     <span class='ocr_line' id='line_1_56' title="bbox 167 1382 1812 1421; baseline 0 -10"><span class='ocrx_word' id='word_1_423' title='bbox 167 1384 240 1412; x_wconf 87' lang='lat' dir='ltr'><strong>Deus</strong></span> <span class='ocrx_word' id='word_1_424' title='bbox 252 1384 325 1412; x_wconf 88' lang='lat' dir='ltr'><strong>illum</strong></span> <span class='ocrx_word' id='word_1_425' title='bbox 340 1385 368 1412; x_wconf 85' lang='lat' dir='ltr'><strong>in</strong></span> <span class='ocrx_word' id='word_1_426' title='bbox 381 1385 464 1413; x_wconf 57' lang='lat' dir='ltr'><strong>caelos</strong></span> <span class='ocrx_word' id='word_1_427' title='bbox 478 1385 599 1413; x_wconf 77' lang='lat' dir='ltr'><strong>evexerit</strong></span> <span class='ocrx_word' id='word_1_428' title='bbox 609 1386 680 1421; x_wconf 82' lang='lat' dir='ltr'><strong>quod</strong></span> <span class='ocrx_word' id='word_1_429' title='bbox 695 1384 848 1412; x_wconf 86' lang='lat' dir='ltr'><strong>vehementi</strong></span> <span class='ocrx_word' id='word_1_430' title='bbox 863 1390 956 1411; x_wconf 87' lang='lat' dir='ltr'><strong>amore</strong></span> <span class='ocrx_word' id='word_1_431' title='bbox 975 1382 1051 1410; x_wconf 87' lang='lat' dir='ltr'><strong>illum</strong></span> <span class='ocrx_word' id='word_1_432' title='bbox 1065 1389 1285 1418; x_wconf 78' lang='lat' dir='ltr'><strong>prosequeretur.</strong></span> <span class='ocrx_word' id='word_1_433' title='bbox 1306 1384 1339 1412; x_wconf 87' lang='lat' dir='ltr'><strong>Et</strong></span> <span class='ocrx_word' id='word_1_434' title='bbox 1358 1384 1429 1419; x_wconf 87' lang='lat' dir='ltr'><strong>quod</strong></span> <span class='ocrx_word' id='word_1_435' title='bbox 1451 1391 1513 1412; x_wconf 88' lang='lat' dir='ltr'><strong>cum</strong></span> <span class='ocrx_word' id='word_1_436' title='bbox 1530 1383 1692 1412; x_wconf 83' lang='lat' dir='ltr'><strong>Christusin</strong></span> <span class='ocrx_word' id='word_1_437' title='bbox 1712 1383 1812 1411; x_wconf 78' lang='lat' dir='ltr'><strong>emittm</strong></span> 
     </span>
    </p>
   </div>
   <div class='ocr_carea' id='block_1_57' title="bbox 167 1428 1799 1466">
    <p class='ocr_par' dir='ltr' id='par_1_57' title="bbox 167 1428 1799 1466">
     <span class='ocr_line' id='line_1_57' title="bbox 167 1428 1799 1466; baseline -0.001 -7"><span class='ocrx_word' id='word_1_438' title='bbox 167 1431 337 1459; x_wconf 82' lang='lat' dir='ltr'><strong>ascendisset</strong></span> <span class='ocrx_word' id='word_1_439' title='bbox 351 1432 384 1458; x_wconf 85' lang='lat' dir='ltr'><strong>de</strong></span> <span class='ocrx_word' id='word_1_440' title='bbox 399 1431 445 1459; x_wconf 75' lang='lat' dir='ltr'><strong>illa</strong></span> <span class='ocrx_word' id='word_1_441' title='bbox 457 1431 572 1466; x_wconf 84' lang='lat' dir='ltr'><strong>quaestio</strong></span> <span class='ocrx_word' id='word_1_442' title='bbox 584 1435 655 1458; x_wconf 70' lang='lat' dir='ltr'><strong>intota</strong></span> <span class='ocrx_word' id='word_1_443' title='bbox 669 1429 763 1463; x_wconf 79' lang='lat' dir='ltr'><strong>fuerit,</strong></span> <span class='ocrx_word' id='word_1_444' title='bbox 776 1429 848 1464; x_wconf 85' lang='lat' dir='ltr'><strong>quod</strong></span> <span class='ocrx_word' id='word_1_445' title='bbox 871 1428 1000 1456; x_wconf 78' lang='lat' dir='ltr'><strong>nimirum</strong></span> <span class='ocrx_word' id='word_1_446' title='bbox 1021 1428 1148 1456; x_wconf 75' lang='lat' dir='ltr'><strong>Christus</strong></span> <span class='ocrx_word' id='word_1_447' title='bbox 1158 1435 1212 1456; x_wconf 81' lang='lat' dir='ltr'><strong>non</strong></span> <span class='ocrx_word' id='word_1_448' title='bbox 1239 1428 1276 1456; x_wconf 91' lang='lat' dir='ltr'><strong>sit</strong></span> <span class='ocrx_word' id='word_1_449' title='bbox 1287 1428 1372 1456; x_wconf 83' lang='lat' dir='ltr'><strong>Filius</strong></span> <span class='ocrx_word' id='word_1_450' title='bbox 1383 1429 1428 1456; x_wconf 91' lang='lat' dir='ltr'><strong>Dei</strong></span> <span class='ocrx_word' id='word_1_451' title='bbox 1453 1429 1595 1462; x_wconf 84' lang='lat' dir='ltr'><strong>dicendus,</strong></span> <span class='ocrx_word' id='word_1_452' title='bbox 1615 1429 1662 1456; x_wconf 90' lang='lat' dir='ltr'><strong>sed</strong></span> <span class='ocrx_word' id='word_1_453' title='bbox 1675 1429 1799 1464; x_wconf 80' lang='lat' dir='ltr'><strong>apostnlu</strong></span> 
     </span>
    </p>
   </div>
   <div class='ocr_carea' id='block_1_58' title="bbox 166 1473 1805 1513">
    <p class='ocr_par' dir='ltr' id='par_1_58' title="bbox 166 1473 1805 1513">
     <span class='ocr_line' id='line_1_58' title="bbox 166 1473 1805 1513; baseline -0.001 -7"><span class='ocrx_word' id='word_1_454' title='bbox 166 1483 196 1506; x_wconf 90' lang='lat' dir='ltr'><strong>et</strong></span> <span class='ocrx_word' id='word_1_455' title='bbox 207 1479 349 1513; x_wconf 75' lang='lat' dir='ltr'><strong>propheta,</strong></span> <span class='ocrx_word' id='word_1_456' title='bbox 363 1478 434 1506; x_wconf 89' lang='lat' dir='ltr'><strong>sicut</strong></span> <span class='ocrx_word' id='word_1_457' title='bbox 449 1477 519 1505; x_wconf 91' lang='lat' dir='ltr'><strong>Deus</strong></span> <span class='ocrx_word' id='word_1_458' title='bbox 536 1477 613 1509; x_wconf 86' lang='lat' dir='ltr'><strong>dicit,</strong></span> <span class='ocrx_word' id='word_1_459' title='bbox 625 1476 697 1512; x_wconf 92' lang='lat' dir='ltr'><strong>quod</strong></span> <span class='ocrx_word' id='word_1_460' title='bbox 729 1483 781 1503; x_wconf 80' lang='lat' dir='ltr'><strong>non</strong></span> <span class='ocrx_word' id='word_1_461' title='bbox 814 1475 940 1502; x_wconf 86' lang='lat' dir='ltr'><strong>admittit</strong></span> <span class='ocrx_word' id='word_1_462' title='bbox 957 1474 1073 1506; x_wconf 88' lang='lat' dir='ltr'><strong>socium,</strong></span> <span class='ocrx_word' id='word_1_463' title='bbox 1106 1473 1262 1509; x_wconf 83' lang='lat' dir='ltr'><strong>quicunque</strong></span> <span class='ocrx_word' id='word_1_464' title='bbox 1289 1482 1353 1502; x_wconf 87' lang='lat' dir='ltr'><strong>vero</strong></span> <span class='ocrx_word' id='word_1_465' title='bbox 1369 1473 1507 1502; x_wconf 85' lang='lat' dir='ltr'><strong>Christum</strong></span> <span class='ocrx_word' id='word_1_466' title='bbox 1533 1473 1578 1501; x_wconf 85' lang='lat' dir='ltr'><strong>Dei</strong></span> <span class='ocrx_word' id='word_1_467' title='bbox 1605 1474 1709 1502; x_wconf 81' lang='lat' dir='ltr'><strong>socium</strong></span> <span class='ocrx_word' id='word_1_468' title='bbox 1740 1483 1805 1504; x_wconf 77' lang='lat' dir='ltr'><strong>asse</strong></span> 
     </span>
    </p>
   </div>
   <div class='ocr_carea' id='block_1_59' title="bbox 167 1519 1805 1559">
    <p class='ocr_par' dir='ltr' id='par_1_59' title="bbox 167 1519 1805 1559">
     <span class='ocr_line' id='line_1_59' title="bbox 167 1519 1805 1559; baseline -0.001 -7"><span class='ocrx_word' id='word_1_469' title='bbox 167 1531 230 1552; x_wconf 82' lang='lat' dir='ltr'><strong>rere</strong></span> <span class='ocrx_word' id='word_1_470' title='bbox 245 1532 298 1552; x_wconf 88' lang='lat' dir='ltr'><strong>n0n</strong></span> <span class='ocrx_word' id='word_1_471' title='bbox 321 1528 460 1556; x_wconf 85' lang='lat' dir='ltr'><strong>verentur,</strong></span> <span class='ocrx_word' id='word_1_472' title='bbox 477 1524 504 1551; x_wconf 91' lang='lat' dir='ltr'><strong>in</strong></span> <span class='ocrx_word' id='word_1_473' title='bbox 531 1523 654 1559; x_wconf 89' lang='lat' dir='ltr'><strong>gehenna</strong></span> <span class='ocrx_word' id='word_1_474' title='bbox 670 1523 740 1558; x_wconf 84' lang='lat' dir='ltr'><strong>ignis</strong></span> <span class='ocrx_word' id='word_1_475' title='bbox 763 1526 868 1549; x_wconf 64' lang='lat' dir='ltr'><strong>aeterno</strong></span> <span class='ocrx_word' id='word_1_476' title='bbox 899 1520 1034 1555; x_wconf 82' lang='lat' dir='ltr'><strong>supplicio</strong></span> <span class='ocrx_word' id='word_1_477' title='bbox 1067 1520 1122 1548; x_wconf 89' lang='lat' dir='ltr'><strong>sint</strong></span> <span class='ocrx_word' id='word_1_478' title='bbox 1153 1519 1298 1548; x_wconf 68' lang='lat' dir='ltr'><strong>adiciendi.</strong></span> <span class='ocrx_word' id='word_1_479' title='bbox 1321 1519 1392 1549; x_wconf 86' lang='lat' dir='ltr'><strong>Deus</strong></span> <span class='ocrx_word' id='word_1_480' title='bbox 1414 1521 1515 1556; x_wconf 89' lang='lat' dir='ltr'><strong>quippe</strong></span> <span class='ocrx_word' id='word_1_481' title='bbox 1531 1529 1584 1549; x_wconf 90' lang='lat' dir='ltr'><strong>non</strong></span> <span class='ocrx_word' id='word_1_482' title='bbox 1603 1522 1685 1550; x_wconf 86' lang='lat' dir='ltr'><strong>habet</strong></span> <span class='ocrx_word' id='word_1_483' title='bbox 1697 1521 1805 1550; x_wconf 86' lang='lat' dir='ltr'><strong>socium</strong></span> 
     </span>
    </p>
   </div>
   <div class='ocr_carea' id='block_1_60' title="bbox 167 1569 886 1607">
    <p class='ocr_par' dir='ltr' id='par_1_60' title="bbox 167 1569 886 1607">
     <span class='ocr_line' id='line_1_60' title="bbox 167 1569 886 1607; baseline -0.006 -7"><span class='ocrx_word' id='word_1_484' title='bbox 167 1579 219 1601; x_wconf 75' lang='lat' dir='ltr'><strong>nec</strong></span> <span class='ocrx_word' id='word_1_485' title='bbox 233 1579 335 1607; x_wconf 89' lang='lat' dir='ltr'><strong>parem.</strong></span> <span class='ocrx_word' id='word_1_486' title='bbox 351 1571 413 1599; x_wconf 77' lang='lat' dir='ltr'><strong>llzec</strong></span> <span class='ocrx_word' id='word_1_487' title='bbox 427 1571 520 1599; x_wconf 87' lang='lat' dir='ltr'><strong>omnia</strong></span> <span class='ocrx_word' id='word_1_488' title='bbox 532 1570 704 1598; x_wconf 79' lang='lat' dir='ltr'><strong>Multammed</strong></span> <span class='ocrx_word' id='word_1_489' title='bbox 721 1571 754 1597; x_wconf 91' lang='lat' dir='ltr'><strong>de</strong></span> <span class='ocrx_word' id='word_1_490' title='bbox 766 1569 886 1597; x_wconf 80' lang='lat' dir='ltr'><strong>Christo.</strong></span> 
     </span>
    </p>
   </div>
   <div class='ocr_carea' id='block_1_61' title="bbox 204 1613 964 1656">
    <p class='ocr_par' dir='ltr' id='par_1_61' title="bbox 204 1613 962 1656">
     <span class='ocr_line' id='line_1_61' title="bbox 204 1613 962 1656; baseline -0.007 -9"><span class='ocrx_word' id='word_1_491' title='bbox 204 1620 287 1655; x_wconf 81' lang='grc' dir='ltr'><strong>Λέγει</strong></span> <span class='ocrx_word' id='word_1_492' title='bbox 301 1620 366 1656; x_wconf 80' lang='grc' dir='ltr'><strong>περὶ</strong></span> <span class='ocrx_word' id='word_1_493' title='bbox 380 1619 431 1655; x_wconf 82' lang='grc' dir='ltr'><strong>τῆς</strong></span> <span class='ocrx_word' id='word_1_494' title='bbox 450 1618 580 1650; x_wconf 79' lang='grc' dir='ltr'><strong>πλάσεως</strong></span> <span class='ocrx_word' id='word_1_495' title='bbox 600 1617 648 1644; x_wconf 82' lang='grc' dir='ltr'><strong>τοῦ</strong></span> <span class='ocrx_word' id='word_1_496' title='bbox 672 1617 769 1653; x_wconf 83' lang='grc' dir='ltr'><strong>Ἀδὰμ,</strong></span> <span class='ocrx_word' id='word_1_497' title='bbox 788 1617 817 1645; x_wconf 80' lang='grc' dir='ltr'><strong>έν</strong></span> <span class='ocrx_word' id='word_1_498' title='bbox 861 1624 962 1652; x_wconf 81' lang='grc' dir='ltr'><strong>φησιν,</strong></span> 
     </span>
    </p>
   </div>
   <div class='ocr_carea' id='block_1_62' title="bbox 1016 1613 1812 1656">
    <p class='ocr_par' dir='ltr' id='par_1_62' title="bbox 1052 1615 1812 1646">
     <span class='ocr_line' id='line_1_62' title="bbox 1052 1615 1812 1646; baseline 0.004 -3"><span class='ocrx_word' id='word_1_499' title='bbox 1052 1615 1159 1643; x_wconf 86' lang='lat' dir='ltr'><strong>Asserit</strong></span> <span class='ocrx_word' id='word_1_500' title='bbox 1173 1622 1240 1643; x_wconf 89' lang='lat' dir='ltr'><strong>vero</strong></span> <span class='ocrx_word' id='word_1_501' title='bbox 1254 1615 1329 1644; x_wconf 88' lang='lat' dir='ltr'><strong>circa</strong></span> <span class='ocrx_word' id='word_1_502' title='bbox 1352 1616 1522 1644; x_wconf 87' lang='lat' dir='ltr'><strong>creationem</strong></span> <span class='ocrx_word' id='word_1_503' title='bbox 1551 1616 1648 1645; x_wconf 79' lang='lat' dir='ltr'><strong>Adami</strong></span> <span class='ocrx_word' id='word_1_504' title='bbox 1659 1616 1712 1644; x_wconf 86' lang='lat' dir='ltr'><strong>alia</strong></span> <span class='ocrx_word' id='word_1_505' title='bbox 1748 1624 1812 1646; x_wconf 85' lang='lat' dir='ltr'><strong>cum</strong></span> 
     </span>
    </p>
   </div>
   <div class='ocr_carea' id='block_1_63' title="bbox 164 1661 964 1702">
    <p class='ocr_par' dir='ltr' id='par_1_63' title="bbox 164 1661 964 1702">
     <span class='ocr_line' id='line_1_63' title="bbox 164 1661 964 1702; baseline -0.008 -8"><span class='ocrx_word' id='word_1_506' title='bbox 164 1667 211 1694; x_wconf 69' lang='grc' dir='ltr'><strong>ὅτι</strong></span> <span class='ocrx_word' id='word_1_507' title='bbox 228 1665 352 1702; x_wconf 74' lang='grc' dir='ltr'><strong>ἐπλάσθη</strong></span> <span class='ocrx_word' id='word_1_508' title='bbox 365 1667 379 1693; x_wconf 83' lang='grc' dir='ltr'>ὁ</span> <span class='ocrx_word' id='word_1_509' title='bbox 401 1665 545 1701; x_wconf 76' lang='grc' dir='ltr'><strong>ἄνθρωπος</strong></span> <span class='ocrx_word' id='word_1_510' title='bbox 567 1664 622 1691; x_wconf 84' lang='grc' dir='ltr'><strong>ἀπὸ</strong></span> <span class='ocrx_word' id='word_1_511' title='bbox 639 1663 768 1699; x_wconf 86' lang='grc' dir='ltr'><strong>χώματος</strong></span> <span class='ocrx_word' id='word_1_512' title='bbox 794 1663 842 1690; x_wconf 71' lang='grc' dir='ltr'><strong>καὶ</strong></span> <span class='ocrx_word' id='word_1_513' title='bbox 862 1661 964 1696; x_wconf 86' lang='grc' dir='ltr'><strong>σταγό-</strong></span> 
     </span>
    </p>
   </div>
   <div class='ocr_carea' id='block_1_64' title="bbox 169 1708 964 1747">
    <p class='ocr_par' dir='ltr' id='par_1_64' title="bbox 169 1708 964 1747">
     <span class='ocr_line' id='line_1_64' title="bbox 169 1708 964 1747; baseline -0.005 -8"><span class='ocrx_word' id='word_1_514' title='bbox 169 1721 233 1746; x_wconf 87' lang='grc' dir='ltr'><strong>νος,</strong></span> <span class='ocrx_word' id='word_1_515' title='bbox 254 1712 302 1739; x_wconf 79' lang='grc' dir='ltr'><strong>καὶ</strong></span> <span class='ocrx_word' id='word_1_516' title='bbox 324 1711 437 1746; x_wconf 80' lang='grc' dir='ltr'><strong>ἠδελον,</strong></span> <span class='ocrx_word' id='word_1_517' title='bbox 459 1712 507 1738; x_wconf 70' lang='grc' dir='ltr'><strong>καὶ</strong></span> <span class='ocrx_word' id='word_1_518' title='bbox 524 1711 705 1747; x_wconf 82' lang='grc' dir='ltr'><strong>μασήματος,</strong></span> <span class='ocrx_word' id='word_1_519' title='bbox 720 1710 769 1737; x_wconf 73' lang='grc' dir='ltr'><strong>καὶ⁴</strong></span> <span class='ocrx_word' id='word_1_520' title='bbox 782 1710 824 1736; x_wconf 77' lang='grc' dir='ltr'><strong>ὅτι</strong></span> <span class='ocrx_word' id='word_1_521' title='bbox 844 1708 892 1736; x_wconf 75' lang='grc' dir='ltr'><strong>τοῦ</strong></span> <span class='ocrx_word' id='word_1_522' title='bbox 915 1709 964 1736; x_wconf 80' lang='grc' dir='ltr'><strong>άν-</strong></span> 
     </span>
    </p>
   </div>
   <div class='ocr_carea' id='block_1_65' title="bbox 168 1754 964 1795">
    <p class='ocr_par' dir='ltr' id='par_1_65' title="bbox 168 1754 964 1795">
     <span class='ocr_line' id='line_1_65' title="bbox 168 1754 964 1795; baseline -0.006 -10"><span class='ocrx_word' id='word_1_523' title='bbox 168 1758 280 1795; x_wconf 79' lang='grc' dir='ltr'><strong>θρώπου</strong></span> <span class='ocrx_word' id='word_1_524' title='bbox 305 1757 493 1789; x_wconf 75' lang='grc' dir='ltr'><strong>πλασθέντας,</strong></span> <span class='ocrx_word' id='word_1_525' title='bbox 514 1757 539 1783; x_wconf 77' lang='grc' dir='ltr'><strong>οἱ</strong></span> <span class='ocrx_word' id='word_1_526' title='bbox 564 1756 615 1792; x_wconf 78' lang='grc' dir='ltr'><strong>μὲν</strong></span> <span class='ocrx_word' id='word_1_527' title='bbox 631 1756 706 1784; x_wconf 78' lang='grc' dir='ltr'><strong>ἄλλοι</strong></span> <span class='ocrx_word' id='word_1_528' title='bbox 729 1756 832 1787; x_wconf 82' lang='grc' dir='ltr'><strong>πάντες</strong></span> <span class='ocrx_word' id='word_1_529' title='bbox 852 1754 964 1789; x_wconf 77' lang='grc' dir='ltr'><strong>ἄγγελοι</strong></span> 
     </span>
    </p>
   </div>
   <div class='ocr_carea' id='block_1_66' title="bbox 166 1799 965 1841">
    <p class='ocr_par' dir='ltr' id='par_1_66' title="bbox 166 1799 965 1841">
     <span class='ocr_line' id='line_1_66' title="bbox 166 1799 965 1841; baseline -0.008 -9"><span class='ocrx_word' id='word_1_530' title='bbox 166 1803 320 1841; x_wconf 61' lang='grc' dir='ltr'><strong>1προσ-τάξει</strong></span> <span class='ocrx_word' id='word_1_531' title='bbox 350 1803 419 1830; x_wconf 84' lang='grc' dir='ltr'><strong>Θεοῦ</strong></span> <span class='ocrx_word' id='word_1_532' title='bbox 449 1802 662 1838; x_wconf 80' lang='grc' dir='ltr'><strong>προσεκύνησαν</strong></span> <span class='ocrx_word' id='word_1_533' title='bbox 683 1801 778 1830; x_wconf 71' lang='grc' dir='ltr'><strong>αὑτοῦ.</strong></span> <span class='ocrx_word' id='word_1_534' title='bbox 799 1800 888 1832; x_wconf 87' lang='grc' dir='ltr'><strong>Μόνος</strong></span> <span class='ocrx_word' id='word_1_535' title='bbox 903 1799 933 1826; x_wconf 77' lang='grc' dir='ltr'><strong>δὲ</strong></span> <span class='ocrx_word' id='word_1_536' title='bbox 950 1800 965 1826; x_wconf 84' lang='grc' dir='ltr'><strong><em>ὁ</em></strong></span> 
     </span>
    </p>
   </div>
   <div class='ocr_carea' id='block_1_67' title="bbox 168 1846 965 1887">
    <p class='ocr_par' dir='ltr' id='par_1_67' title="bbox 168 1846 965 1887">
     <span class='ocr_line' id='line_1_67' title="bbox 168 1846 965 1887; baseline -0.008 -8"><span class='ocrx_word' id='word_1_537' title='bbox 168 1851 270 1887; x_wconf 84' lang='grc' dir='ltr'><strong>Βελίαρ</strong></span> <span class='ocrx_word' id='word_1_538' title='bbox 292 1851 345 1878; x_wconf 84' lang='grc' dir='ltr'><strong>οὐκ</strong></span> <span class='ocrx_word' id='word_1_539' title='bbox 368 1850 484 1885; x_wconf 69' lang='grc' dir='ltr'><strong>ἐπείσθη</strong></span> <span class='ocrx_word' id='word_1_540' title='bbox 504 1849 696 1884; x_wconf 80' lang='grc' dir='ltr'><strong>προσκυνῆσαι</strong></span> <span class='ocrx_word' id='word_1_541' title='bbox 719 1848 766 1875; x_wconf 72' lang='grc' dir='ltr'><strong>τὸν</strong></span> <span class='ocrx_word' id='word_1_542' title='bbox 794 1847 897 1882; x_wconf 64' lang='grc' dir='ltr'><strong>Ἀδὰμ,</strong></span> <span class='ocrx_word' id='word_1_543' title='bbox 918 1846 965 1873; x_wconf 78' lang='grc' dir='ltr'><strong>καὶ</strong></span> 
     </span>
    </p>
   </div>
   <div class='ocr_carea' id='block_1_68' title="bbox 166 1892 964 1929">
    <p class='ocr_par' dir='ltr' id='par_1_68' title="bbox 166 1892 964 1929">
     <span class='ocr_line' id='line_1_68' title="bbox 166 1892 964 1929; baseline -0.01 -3"><span class='ocrx_word' id='word_1_544' title='bbox 166 1899 214 1926; x_wconf 79' lang='grc' dir='ltr'><strong>διὰ</strong></span> <span class='ocrx_word' id='word_1_545' title='bbox 233 1897 315 1925; x_wconf 82' lang='grc' dir='ltr'><strong>τοῦτο</strong></span> <span class='ocrx_word' id='word_1_546' title='bbox 337 1897 496 1924; x_wconf 82' lang='grc' dir='ltr'><strong>πέπτωκεν.</strong></span> <span class='ocrx_word' id='word_1_547' title='bbox 522 1895 605 1929; x_wconf 83' lang='grc' dir='ltr'><strong>Λέγει</strong></span> <span class='ocrx_word' id='word_1_548' title='bbox 630 1895 695 1929; x_wconf 78' lang='grc' dir='ltr'><strong>περὶ</strong></span> <span class='ocrx_word' id='word_1_549' title='bbox 723 1892 793 1920; x_wconf 77' lang='grc' dir='ltr'><strong>Θεοῦ</strong></span> <span class='ocrx_word' id='word_1_550' title='bbox 808 1894 849 1920; x_wconf 84' lang='grc' dir='ltr'><strong>ὃτι</strong></span> <span class='ocrx_word' id='word_1_551' title='bbox 871 1893 964 1925; x_wconf 83' lang='grc' dir='ltr'><strong>αὐτὸς,</strong></span> 
     </span>
    </p>
   </div>
   <div class='ocr_carea' id='block_1_69' title="bbox 169 1937 966 1977">
    <p class='ocr_par' dir='ltr' id='par_1_69' title="bbox 169 1937 966 1977">
     <span class='ocr_line' id='line_1_69' title="bbox 169 1937 966 1977; baseline -0.01 -5"><span class='ocrx_word' id='word_1_552' title='bbox 169 1945 236 1976; x_wconf 73' lang='grc' dir='ltr'><strong>Θεὸς</strong></span> <span class='ocrx_word' id='word_1_553' title='bbox 253 1943 302 1977; x_wconf 82' lang='grc' dir='ltr'><strong>ὢν,</strong></span> <span class='ocrx_word' id='word_1_554' title='bbox 327 1943 402 1970; x_wconf 80' lang='grc' dir='ltr'><strong>ἐστὶν</strong></span> <span class='ocrx_word' id='word_1_555' title='bbox 418 1942 561 1977; x_wconf 79' lang='grc' dir='ltr'><strong>ὀποιήσας</strong></span> <span class='ocrx_word' id='word_1_556' title='bbox 582 1940 617 1967; x_wconf 87' lang='grc' dir='ltr'>τὰ</span> <span class='ocrx_word' id='word_1_557' title='bbox 641 1940 749 1972; x_wconf 82' lang='grc' dir='ltr'><strong>πάντα,</strong></span> <span class='ocrx_word' id='word_1_558' title='bbox 772 1937 835 1966; x_wconf 74' lang='grc' dir='ltr'><strong>οὔτε</strong></span> <span class='ocrx_word' id='word_1_559' title='bbox 855 1938 966 1973; x_wconf 72' lang='grc' dir='ltr'><strong>ἐγένετο</strong></span> 
     </span>
    </p>
   </div>
   <div class='ocr_carea' id='block_1_70' title="bbox 168 1983 966 2026">
    <p class='ocr_par' dir='ltr' id='par_1_70' title="bbox 168 1983 966 2026">
     <span class='ocr_line' id='line_1_70' title="bbox 168 1983 966 2026; baseline -0.01 -8"><span class='ocrx_word' id='word_1_560' title='bbox 168 1991 262 2026; x_wconf 77' lang='grc' dir='ltr'><strong>ὅμοιος</strong></span> <span class='ocrx_word' id='word_1_561' title='bbox 275 1989 359 2017; x_wconf 83' lang='grc' dir='ltr'><strong>αὐτοῦ</strong></span> <span class='ocrx_word' id='word_1_562' title='bbox 374 1997 433 2020; x_wconf 84' lang='grc' dir='ltr'><strong>τις,</strong></span> <span class='ocrx_word' id='word_1_563' title='bbox 449 1987 506 2014; x_wconf 78' lang='grc' dir='ltr'><strong>ἀλλ’</strong></span> <span class='ocrx_word' id='word_1_564' title='bbox 520 1984 560 2018; x_wconf 83' lang='grc' dir='ltr'><strong>εἷς</strong></span> <span class='ocrx_word' id='word_1_565' title='bbox 574 1986 642 2018; x_wconf 81' lang='grc' dir='ltr'><strong>Θεὸς</strong></span> <span class='ocrx_word' id='word_1_566' title='bbox 654 1985 807 2021; x_wconf 75' lang='grc' dir='ltr'><strong>6).6σφυρος</strong></span> <span class='ocrx_word' id='word_1_567' title='bbox 827 1984 878 2011; x_wconf 77' lang='grc' dir='ltr'><strong>οὐκ</strong></span> <span class='ocrx_word' id='word_1_568' title='bbox 889 1983 966 2017; x_wconf 83' lang='grc' dir='ltr'><strong>ὲγέν-</strong></span> 
     </span>
    </p>
   </div>
   <div class='ocr_carea' id='block_1_71' title="bbox 167 2028 966 2071">
    <p class='ocr_par' dir='ltr' id='par_1_71' title="bbox 167 2028 966 2071">
     <span class='ocr_line' id='line_1_71' title="bbox 167 2028 966 2071; baseline -0.01 -8"><span class='ocrx_word' id='word_1_569' title='bbox 167 2044 264 2071; x_wconf 85' lang='grc' dir='ltr'><strong>νησεν,</strong></span> <span class='ocrx_word' id='word_1_570' title='bbox 280 2034 337 2062; x_wconf 74' lang='grc' dir='ltr'><strong>οὔτ’</strong></span> <span class='ocrx_word' id='word_1_571' title='bbox 356 2033 502 2069; x_wconf 76' lang='grc' dir='ltr'><strong>ἐγεννήθη,</strong></span> <span class='ocrx_word' id='word_1_572' title='bbox 517 2032 576 2059; x_wconf 81' lang='grc' dir='ltr'><strong>ἀλλ’</strong></span> <span class='ocrx_word' id='word_1_573' title='bbox 597 2028 638 2063; x_wconf 86' lang='grc' dir='ltr'><strong>εἷς</strong></span> <span class='ocrx_word' id='word_1_574' title='bbox 655 2032 731 2058; x_wconf 80' lang='grc' dir='ltr'><strong>ἐστιν</strong></span> <span class='ocrx_word' id='word_1_575' title='bbox 747 2029 826 2062; x_wconf 84' lang='grc' dir='ltr'><strong>Θεδς,</strong></span> <span class='ocrx_word' id='word_1_576' title='bbox 842 2029 892 2056; x_wconf 77' lang='grc' dir='ltr'><strong>καὶ</strong></span> <span class='ocrx_word' id='word_1_577' title='bbox 911 2029 966 2060; x_wconf 78' lang='grc' dir='ltr'><strong>πᾶς</strong></span> 
     </span>
    </p>
   </div>
   <div class='ocr_carea' id='block_1_72' title="bbox 168 2076 966 2118">
    <p class='ocr_par' dir='ltr' id='par_1_72' title="bbox 168 2076 966 2118">
     <span class='ocr_line' id='line_1_72' title="bbox 168 2076 966 2118; baseline -0.01 -8"><span class='ocrx_word' id='word_1_578' title='bbox 168 2083 184 2110; x_wconf 72' lang='grc' dir='ltr'>ὁ</span> <span class='ocrx_word' id='word_1_579' title='bbox 205 2081 327 2118; x_wconf 73' lang='grc' dir='ltr'><strong>μερίζων</strong></span> <span class='ocrx_word' id='word_1_580' title='bbox 349 2079 448 2112; x_wconf 77' lang='grc' dir='ltr'><strong>αὺτδν,</strong></span> <span class='ocrx_word' id='word_1_581' title='bbox 473 2080 490 2115; x_wconf 80' lang='grc' dir='ltr'><strong>ἢ</strong></span> <span class='ocrx_word' id='word_1_582' title='bbox 512 2080 607 2114; x_wconf 81' lang='grc' dir='ltr'><strong>ὅμοιον</strong></span> <span class='ocrx_word' id='word_1_583' title='bbox 632 2077 730 2111; x_wconf 85' lang='grc' dir='ltr'><strong>ποιῶν,</strong></span> <span class='ocrx_word' id='word_1_584' title='bbox 751 2077 890 2112; x_wconf 81' lang='grc' dir='ltr'><strong>σωτηρίας</strong></span> <span class='ocrx_word' id='word_1_585' title='bbox 915 2076 966 2102; x_wconf 83' lang='grc' dir='ltr'><strong>οὐκ</strong></span> 
     </span>
    </p>
   </div>
   <div class='ocr_carea' id='block_1_73' title="bbox 169 2122 966 2164">
    <p class='ocr_par' dir='ltr' id='par_1_73' title="bbox 169 2122 966 2164">
     <span class='ocr_line' id='line_1_73' title="bbox 169 2122 966 2164; baseline -0.009 -8"><span class='ocrx_word' id='word_1_586' title='bbox 169 2129 262 2161; x_wconf 79' lang='grc' dir='ltr'><strong>ἔστιν,</strong></span> <span class='ocrx_word' id='word_1_587' title='bbox 281 2128 339 2155; x_wconf 82' lang='grc' dir='ltr'><strong>ἀλλ’</strong></span> <span class='ocrx_word' id='word_1_588' title='bbox 356 2127 496 2164; x_wconf 80' lang='grc' dir='ltr'><strong>ἀφόρητον</strong></span> <span class='ocrx_word' id='word_1_589' title='bbox 507 2147 514 2160; x_wconf 87' lang='grc'><strong>,</strong></span> <span class='ocrx_word' id='word_1_590' title='bbox 531 2126 578 2153; x_wconf 79' lang='grc' dir='ltr'><strong>καὶ</strong></span> <span class='ocrx_word' id='word_1_591' title='bbox 595 2125 705 2152; x_wconf 84' lang='grc' dir='ltr'><strong>αἰώνιον</strong></span> <span class='ocrx_word' id='word_1_592' title='bbox 727 2124 848 2152; x_wconf 83' lang='grc' dir='ltr'><strong>κόλασιν.</strong></span> <span class='ocrx_word' id='word_1_593' title='bbox 864 2122 966 2151; x_wconf 85' lang='grc' dir='ltr'><strong>Τοιαῦ-</strong></span> 
     </span>
    </p>
   </div>
   <div class='ocr_carea' id='block_1_74' title="bbox 170 2169 964 2210">
    <p class='ocr_par' dir='ltr' id='par_1_74' title="bbox 170 2169 964 2210">
     <span class='ocr_line' id='line_1_74' title="bbox 170 2169 964 2210; baseline -0.009 -7"><span class='ocrx_word' id='word_1_594' title='bbox 170 2184 216 2203; x_wconf 78' lang='grc' dir='ltr'><strong>ται</strong></span> <span class='ocrx_word' id='word_1_595' title='bbox 239 2175 287 2202; x_wconf 82' lang='grc' dir='ltr'><strong>τοῦ</strong></span> <span class='ocrx_word' id='word_1_596' title='bbox 312 2174 435 2210; x_wconf 80' lang='grc' dir='ltr'><strong>Μωαμὲδ</strong></span> <span class='ocrx_word' id='word_1_597' title='bbox 457 2173 487 2200; x_wconf 86' lang='lat' dir='ltr'><strong>al</strong></span> <span class='ocrx_word' id='word_1_598' title='bbox 511 2172 688 2208; x_wconf 83' lang='grc' dir='ltr'><strong>νομοθεσίαι,</strong></span> <span class='ocrx_word' id='word_1_599' title='bbox 713 2171 803 2198; x_wconf 82' lang='grc' dir='ltr'>ταῦτα</span> <span class='ocrx_word' id='word_1_600' title='bbox 819 2169 964 2206; x_wconf 81' lang='grc' dir='ltr'><strong>νενομοθέ-</strong></span> 
     </span>
    </p>
   </div>
   <div class='ocr_carea' id='block_1_75' title="bbox 170 2216 966 2258">
    <p class='ocr_par' dir='ltr' id='par_1_75' title="bbox 170 2216 966 2258">
     <span class='ocr_line' id='line_1_75' title="bbox 170 2216 966 2258; baseline -0.008 -10"><span class='ocrx_word' id='word_1_601' title='bbox 170 2229 256 2258; x_wconf 80' lang='grc' dir='ltr'><strong>τηκεν</strong></span> <span class='ocrx_word' id='word_1_602' title='bbox 270 2220 310 2256; x_wconf 86' lang='grc' dir='ltr'><strong>τῷ</strong></span> <span class='ocrx_word' id='word_1_603' title='bbox 334 2220 393 2256; x_wconf 81' lang='grc' dir='ltr'><strong>λαῷ</strong></span> <span class='ocrx_word' id='word_1_604' title='bbox 423 2219 546 2256; x_wconf 82' lang='grc' dir='ltr'><strong>Ὶσμαήλ.</strong></span> <span class='ocrx_word' id='word_1_605' title='bbox 565 2219 617 2246; x_wconf 78' lang='grc' dir='ltr'>Τὸν</span> <span class='ocrx_word' id='word_1_606' title='bbox 640 2217 694 2254; x_wconf 81' lang='grc' dir='ltr'><strong>γὰρ</strong></span> <span class='ocrx_word' id='word_1_607' title='bbox 714 2218 797 2245; x_wconf 80' lang='grc' dir='ltr'><strong>τόπον</strong></span> <span class='ocrx_word' id='word_1_608' title='bbox 811 2217 858 2244; x_wconf 83' lang='grc' dir='ltr'><strong>τδν</strong></span> <span class='ocrx_word' id='word_1_609' title='bbox 874 2217 904 2244; x_wconf 78' lang='grc' dir='ltr'><strong>ὲν</strong></span> <span class='ocrx_word' id='word_1_610' title='bbox 926 2216 966 2252; x_wconf 85' lang='grc' dir='ltr'><strong>τῷ</strong></span> 
     </span>
    </p>
   </div>
   <div class='ocr_carea' id='block_1_76' title="bbox 171 2261 965 2302">
    <p class='ocr_par' dir='ltr' id='par_1_76' title="bbox 171 2261 965 2302">
     <span class='ocr_line' id='line_1_76' title="bbox 171 2261 965 2302; baseline -0.006 -8"><span class='ocrx_word' id='word_1_611' title='bbox 171 2267 279 2302; x_wconf 79' lang='grc' dir='ltr'><strong>Βάκχε,</strong></span> <span class='ocrx_word' id='word_1_612' title='bbox 304 2267 366 2302; x_wconf 75' lang='grc' dir='ltr'><strong>ἦτοι</strong></span> <span class='ocrx_word' id='word_1_613' title='bbox 389 2266 487 2301; x_wconf 84' lang='grc' dir='ltr'><strong>Μῆκε,</strong></span> <span class='ocrx_word' id='word_1_614' title='bbox 514 2265 530 2300; x_wconf 86' lang='grc' dir='ltr'>ἢ</span> <span class='ocrx_word' id='word_1_615' title='bbox 561 2265 677 2300; x_wconf 74' lang='grc' dir='ltr'><strong>Μάκεχ,</strong></span> <span class='ocrx_word' id='word_1_616' title='bbox 706 2261 782 2291; x_wconf 77' lang='grc' dir='ltr'><strong>οἷκον</strong></span> <span class='ocrx_word' id='word_1_617' title='bbox 809 2263 965 2299; x_wconf 81' lang='grc' dir='ltr'><strong>προσευχῆς</strong></span> 
     </span>
    </p>
   </div>
   <div class='ocr_carea' id='block_1_77' title="bbox 1015 1662 1812 1699">
    <p class='ocr_par' dir='ltr' id='par_1_77' title="bbox 1015 1662 1812 1699">
     <span class='ocr_line' id='line_1_77' title="bbox 1015 1662 1812 1699; baseline 0.004 -10"><span class='ocrx_word' id='word_1_618' title='bbox 1015 1662 1151 1697; x_wconf 87' lang='lat' dir='ltr'><strong>prioribus</strong></span> <span class='ocrx_word' id='word_1_619' title='bbox 1169 1662 1338 1690; x_wconf 86' lang='lat' dir='ltr'><strong>absurditate</strong></span> <span class='ocrx_word' id='word_1_620' title='bbox 1374 1663 1580 1692; x_wconf 84' lang='lat' dir='ltr'><strong>contendentia.</strong></span> <span class='ocrx_word' id='word_1_621' title='bbox 1614 1662 1686 1691; x_wconf 83' lang='lat' dir='ltr'><strong>Dicit</strong></span> <span class='ocrx_word' id='word_1_622' title='bbox 1712 1664 1812 1699; x_wconf 84' lang='lat' dir='ltr'><strong>quippe</strong></span> 
     </span>
    </p>
   </div>
   <div class='ocr_carea' id='block_1_78' title="bbox 1015 1708 1807 1744">
    <p class='ocr_par' dir='ltr' id='par_1_78' title="bbox 1015 1708 1807 1744">
     <span class='ocr_line' id='line_1_78' title="bbox 1015 1708 1807 1744; baseline 0.003 -8"><span class='ocrx_word' id='word_1_623' title='bbox 1015 1709 1133 1744; x_wconf 84' lang='lat' dir='ltr'><strong>primum</strong></span> <span class='ocrx_word' id='word_1_624' title='bbox 1145 1708 1282 1737; x_wconf 84' lang='lat' dir='ltr'><strong>hominem</strong></span> <span class='ocrx_word' id='word_1_625' title='bbox 1302 1709 1403 1736; x_wconf 80' lang='lat' dir='ltr'><strong>factum</strong></span> <span class='ocrx_word' id='word_1_626' title='bbox 1431 1717 1464 1737; x_wconf 78' lang='lat' dir='ltr'><strong>ex</strong></span> <span class='ocrx_word' id='word_1_627' title='bbox 1490 1715 1574 1743; x_wconf 86' lang='lat' dir='ltr'><strong>terra,</strong></span> <span class='ocrx_word' id='word_1_628' title='bbox 1593 1710 1677 1743; x_wconf 85' lang='lat' dir='ltr'><strong>stilla,</strong></span> <span class='ocrx_word' id='word_1_629' title='bbox 1691 1710 1760 1743; x_wconf 87' lang='lat' dir='ltr'><strong>luto,</strong></span> <span class='ocrx_word' id='word_1_630' title='bbox 1778 1715 1807 1739; x_wconf 89' lang='lat' dir='ltr'><strong>et</strong></span> 
     </span>
    </p>
   </div>
   <div class='ocr_carea' id='block_1_79' title="bbox 1016 1754 1811 1789">
    <p class='ocr_par' dir='ltr' id='par_1_79' title="bbox 1016 1754 1811 1789">
     <span class='ocr_line' id='line_1_79' title="bbox 1016 1754 1811 1789; baseline 0.001 -7"><span class='ocrx_word' id='word_1_631' title='bbox 1016 1755 1134 1789; x_wconf 88' lang='lat' dir='ltr'><strong>quadam</strong></span> <span class='ocrx_word' id='word_1_632' title='bbox 1148 1755 1264 1782; x_wconf 79' lang='lat' dir='ltr'><strong>materia</strong></span> <span class='ocrx_word' id='word_1_633' title='bbox 1279 1754 1406 1783; x_wconf 81' lang='lat' dir='ltr'><strong>dentibus</strong></span> <span class='ocrx_word' id='word_1_634' title='bbox 1423 1760 1451 1783; x_wconf 86' lang='lat' dir='ltr'><strong>et</strong></span> <span class='ocrx_word' id='word_1_635' title='bbox 1464 1762 1512 1784; x_wconf 87' lang='lat' dir='ltr'><strong>ore</strong></span> <span class='ocrx_word' id='word_1_636' title='bbox 1537 1756 1666 1783; x_wconf 88' lang='lat' dir='ltr'><strong>contrita.</strong></span> <span class='ocrx_word' id='word_1_637' title='bbox 1681 1756 1811 1784; x_wconf 61' lang='lat' dir='ltr'><strong>Formati)</strong></span> 
     </span>
    </p>
   </div>
   <div class='ocr_carea' id='block_1_80' title="bbox 1016 1800 1811 1836">
    <p class='ocr_par' dir='ltr' id='par_1_80' title="bbox 1016 1800 1811 1836">
     <span class='ocr_line' id='line_1_80' title="bbox 1016 1800 1811 1836; baseline 0.003 -8"><span class='ocrx_word' id='word_1_638' title='bbox 1016 1805 1119 1834; x_wconf 81' lang='lat' dir='ltr'><strong>autem,</strong></span> <span class='ocrx_word' id='word_1_639' title='bbox 1132 1800 1231 1836; x_wconf 88' lang='lat' dir='ltr'><strong>inquit,</strong></span> <span class='ocrx_word' id='word_1_640' title='bbox 1248 1801 1336 1836; x_wconf 89' lang='lat' dir='ltr'><strong>primo</strong></span> <span class='ocrx_word' id='word_1_641' title='bbox 1353 1801 1472 1833; x_wconf 90' lang='lat' dir='ltr'><strong>homine,</strong></span> <span class='ocrx_word' id='word_1_642' title='bbox 1489 1802 1582 1829; x_wconf 86' lang='lat' dir='ltr'><strong>statim</strong></span> <span class='ocrx_word' id='word_1_643' title='bbox 1609 1809 1706 1830; x_wconf 88' lang='lat' dir='ltr'><strong>omnes</strong></span> <span class='ocrx_word' id='word_1_644' title='bbox 1727 1803 1811 1830; x_wconf 88' lang='lat' dir='ltr'><strong>advo-</strong></span> 
     </span>
    </p>
   </div>
   <div class='ocr_carea' id='block_1_81' title="bbox 1016 1846 1812 1883">
    <p class='ocr_par' dir='ltr' id='par_1_81' title="bbox 1016 1846 1812 1883">
     <span class='ocr_line' id='line_1_81' title="bbox 1016 1846 1812 1883; baseline 0.003 -9"><span class='ocrx_word' id='word_1_645' title='bbox 1016 1846 1108 1875; x_wconf 88' lang='lat' dir='ltr'><strong>larunt</strong></span> <span class='ocrx_word' id='word_1_646' title='bbox 1121 1847 1222 1882; x_wconf 81' lang='lat' dir='ltr'><strong>angeli,</strong></span> <span class='ocrx_word' id='word_1_647' title='bbox 1238 1847 1284 1883; x_wconf 79' lang='lat' dir='ltr'><strong>qui</strong></span> <span class='ocrx_word' id='word_1_648' title='bbox 1320 1847 1432 1881; x_wconf 73' lang='lat' dir='ltr'><strong>iubente</strong></span> <span class='ocrx_word' id='word_1_649' title='bbox 1455 1848 1510 1876; x_wconf 87' lang='lat' dir='ltr'><strong>Deo</strong></span> <span class='ocrx_word' id='word_1_650' title='bbox 1536 1849 1675 1876; x_wconf 84' lang='lat' dir='ltr'><strong>hominem</strong></span> <span class='ocrx_word' id='word_1_651' title='bbox 1707 1848 1812 1877; x_wconf 84' lang='lat' dir='ltr'><strong>saluta-</strong></span> 
     </span>
    </p>
   </div>
   <div class='ocr_carea' id='block_1_82' title="bbox 1016 1895 1812 1924">
    <p class='ocr_par' dir='ltr' id='par_1_82' title="bbox 1016 1895 1812 1924">
     <span class='ocr_line' id='line_1_82' title="bbox 1016 1895 1812 1924; baseline 0.003 -2"><span class='ocrx_word' id='word_1_652' title='bbox 1016 1898 1081 1922; x_wconf 89' lang='lat' dir='ltr'><strong>runt</strong></span> <span class='ocrx_word' id='word_1_653' title='bbox 1091 1900 1120 1922; x_wconf 79' lang='lat' dir='ltr'><strong>et</strong></span> <span class='ocrx_word' id='word_1_654' title='bbox 1136 1896 1296 1922; x_wconf 86' lang='lat' dir='ltr'><strong>adorarunt.</strong></span> <span class='ocrx_word' id='word_1_655' title='bbox 1309 1895 1390 1923; x_wconf 86' lang='lat' dir='ltr'><strong>Solus</strong></span> <span class='ocrx_word' id='word_1_656' title='bbox 1411 1902 1475 1923; x_wconf 89' lang='lat' dir='ltr'><strong>vero</strong></span> <span class='ocrx_word' id='word_1_657' title='bbox 1493 1895 1584 1923; x_wconf 85' lang='lat' dir='ltr'><strong>Beliar</strong></span> <span class='ocrx_word' id='word_1_658' title='bbox 1599 1903 1660 1924; x_wconf 87' lang='lat' dir='ltr'><strong>eum</strong></span> <span class='ocrx_word' id='word_1_659' title='bbox 1675 1895 1812 1924; x_wconf 79' lang='lat' dir='ltr'><strong>Adamum</strong></span> 
     </span>
    </p>
   </div>
   <div class='ocr_carea' id='block_1_83' title="bbox 1017 1940 1812 1976">
    <p class='ocr_par' dir='ltr' id='par_1_83' title="bbox 1017 1940 1812 1976">
     <span class='ocr_line' id='line_1_83' title="bbox 1017 1940 1812 1976; baseline 0.003 -9"><span class='ocrx_word' id='word_1_660' title='bbox 1017 1940 1131 1968; x_wconf 73' lang='lat' dir='ltr'><strong>adorat&#39;e</strong></span> <span class='ocrx_word' id='word_1_661' title='bbox 1146 1941 1292 1974; x_wconf 81' lang='lat' dir='ltr'><strong>recusavit,</strong></span> <span class='ocrx_word' id='word_1_662' title='bbox 1311 1940 1402 1976; x_wconf 86' lang='lat' dir='ltr'><strong>lapsus</strong></span> <span class='ocrx_word' id='word_1_663' title='bbox 1415 1946 1457 1968; x_wconf 86' lang='lat' dir='ltr'><strong>est</strong></span> <span class='ocrx_word' id='word_1_664' title='bbox 1467 1946 1494 1968; x_wconf 92' lang='lat' dir='ltr'><strong>et</strong></span> <span class='ocrx_word' id='word_1_665' title='bbox 1503 1941 1537 1968; x_wconf 85' lang='lat' dir='ltr'><strong>ad</strong></span> <span class='ocrx_word' id='word_1_666' title='bbox 1547 1940 1662 1969; x_wconf 83' lang='lat' dir='ltr'><strong>Tartara</strong></span> <span class='ocrx_word' id='word_1_667' title='bbox 1675 1942 1812 1970; x_wconf 84' lang='lat' dir='ltr'><strong>detrusus.</strong></span> 
     </span>
    </p>
   </div>
   <div class='ocr_carea' id='block_1_84' title="bbox 1017 1986 1812 2022">
    <p class='ocr_par' dir='ltr' id='par_1_84' title="bbox 1017 1986 1812 2022">
     <span class='ocr_line' id='line_1_84' title="bbox 1017 1986 1812 2022; baseline 0.004 -9"><span class='ocrx_word' id='word_1_668' title='bbox 1017 1986 1056 2015; x_wconf 90' lang='lat' dir='ltr'><strong>De</strong></span> <span class='ocrx_word' id='word_1_669' title='bbox 1071 1986 1126 2014; x_wconf 83' lang='lat' dir='ltr'><strong>Deo</strong></span> <span class='ocrx_word' id='word_1_670' title='bbox 1137 1994 1202 2014; x_wconf 78' lang='lat' dir='ltr'><strong>vero</strong></span> <span class='ocrx_word' id='word_1_671' title='bbox 1217 1988 1315 2015; x_wconf 84' lang='lat' dir='ltr'><strong>asserit</strong></span> <span class='ocrx_word' id='word_1_672' title='bbox 1328 1988 1400 2022; x_wconf 91' lang='lat' dir='ltr'><strong>quod</strong></span> <span class='ocrx_word' id='word_1_673' title='bbox 1412 1987 1484 2016; x_wconf 88' lang='lat' dir='ltr'><strong>Deus</strong></span> <span class='ocrx_word' id='word_1_674' title='bbox 1494 1988 1569 2015; x_wconf 89' lang='lat' dir='ltr'><strong>solus</strong></span> <span class='ocrx_word' id='word_1_675' title='bbox 1581 1989 1673 2016; x_wconf 86' lang='lat' dir='ltr'><strong>omnia</strong></span> <span class='ocrx_word' id='word_1_676' title='bbox 1682 1989 1812 2016; x_wconf 78' lang='lat' dir='ltr'><strong>condide-</strong></span> 
     </span>
    </p>
   </div>
   <div class='ocr_carea' id='block_1_85' title="bbox 1018 2029 1813 2070">
    <p class='ocr_par' dir='ltr' id='par_1_85' title="bbox 1018 2029 1813 2070">
     <span class='ocr_line' id='line_1_85' title="bbox 1018 2029 1813 2070; baseline 0.004 -11"><span class='ocrx_word' id='word_1_677' title='bbox 1018 2032 1063 2064; x_wconf 74' lang='lat' dir='ltr'><strong>rit,</strong></span> <span class='ocrx_word' id='word_1_678' title='bbox 1079 2029 1234 2067; x_wconf 62' lang='lat' dir='ltr'><strong>nec&#39;parem</strong></span> <span class='ocrx_word' id='word_1_679' title='bbox 1257 2033 1415 2068; x_wconf 75' lang='lat' dir='ltr'><strong>sociumque</strong></span> <span class='ocrx_word' id='word_1_680' title='bbox 1444 2034 1582 2066; x_wconf 83' lang='lat' dir='ltr'><strong>admittat,</strong></span> <span class='ocrx_word' id='word_1_681' title='bbox 1595 2038 1623 2061; x_wconf 91' lang='lat' dir='ltr'><strong>et</strong></span> <span class='ocrx_word' id='word_1_682' title='bbox 1654 2035 1737 2070; x_wconf 89' lang='lat' dir='ltr'><strong>quod,</strong></span> <span class='ocrx_word' id='word_1_683' title='bbox 1749 2042 1813 2062; x_wconf 91' lang='lat' dir='ltr'><strong>cum</strong></span> 
     </span>
    </p>
   </div>
   <div class='ocr_carea' id='block_1_86' title="bbox 1017 2077 1813 2117">
    <p class='ocr_par' dir='ltr' id='par_1_86' title="bbox 1017 2077 1813 2117">
     <span class='ocr_line' id='line_1_86' title="bbox 1017 2077 1813 2117; baseline 0.003 -11"><span class='ocrx_word' id='word_1_684' title='bbox 1017 2080 1054 2106; x_wconf 86' lang='lat' dir='ltr'><strong>sit</strong></span> <span class='ocrx_word' id='word_1_685' title='bbox 1071 2084 1143 2106; x_wconf 89' lang='lat' dir='ltr'><strong>totus</strong></span> <span class='ocrx_word' id='word_1_686' title='bbox 1155 2077 1291 2106; x_wconf 66' lang='lat' dir='ltr'><strong>in‘orbem</strong></span> <span class='ocrx_word' id='word_1_687' title='bbox 1307 2080 1384 2114; x_wconf 81' lang='lat' dir='ltr'><strong>quasi</strong></span> <span class='ocrx_word' id='word_1_688' title='bbox 1401 2080 1499 2107; x_wconf 88' lang='lat' dir='ltr'><strong>malleo</strong></span> <span class='ocrx_word' id='word_1_689' title='bbox 1513 2081 1620 2114; x_wconf 86' lang='lat' dir='ltr'><strong>ductus,</strong></span> <span class='ocrx_word' id='word_1_690' title='bbox 1636 2088 1686 2108; x_wconf 89' lang='lat' dir='ltr'><strong>nec</strong></span> <span class='ocrx_word' id='word_1_691' title='bbox 1699 2086 1813 2117; x_wconf 81' lang='lat' dir='ltr'><strong>generet</strong></span> 
     </span>
    </p>
   </div>
   <div class='ocr_carea' id='block_1_87' title="bbox 1019 2125 1813 2162">
    <p class='ocr_par' dir='ltr' id='par_1_87' title="bbox 1019 2125 1813 2162">
     <span class='ocr_line' id='line_1_87' title="bbox 1019 2125 1813 2162; baseline 0.003 -10"><span class='ocrx_word' id='word_1_692' title='bbox 1019 2132 1068 2153; x_wconf 84' lang='lat' dir='ltr'><strong>nec</strong></span> <span class='ocrx_word' id='word_1_693' title='bbox 1095 2131 1252 2161; x_wconf 74' lang='lat' dir='ltr'><strong>generetur.</strong></span> <span class='ocrx_word' id='word_1_694' title='bbox 1282 2125 1360 2153; x_wconf 88' lang='lat' dir='ltr'><strong>illum</strong></span> <span class='ocrx_word' id='word_1_695' title='bbox 1389 2134 1450 2154; x_wconf 75' lang='lat' dir='ltr'><strong>esse</strong></span> <span class='ocrx_word' id='word_1_696' title='bbox 1478 2126 1557 2162; x_wconf 84' lang='lat' dir='ltr'><strong>plane</strong></span> <span class='ocrx_word' id='word_1_697' title='bbox 1579 2127 1702 2160; x_wconf 84' lang='lat' dir='ltr'><strong>unicum,</strong></span> <span class='ocrx_word' id='word_1_698' title='bbox 1720 2133 1747 2154; x_wconf 89' lang='lat' dir='ltr'><strong>et</strong></span> <span class='ocrx_word' id='word_1_699' title='bbox 1764 2135 1813 2154; x_wconf 85' lang='lat' dir='ltr'><strong>eos</strong></span> 
     </span>
    </p>
   </div>
   <div class='ocr_carea' id='block_1_88' title="bbox 1017 2171 1812 2208">
    <p class='ocr_par' dir='ltr' id='par_1_88' title="bbox 1017 2171 1812 2208">
     <span class='ocr_line' id='line_1_88' title="bbox 1017 2171 1812 2208; baseline 0.004 -10"><span class='ocrx_word' id='word_1_700' title='bbox 1017 2171 1063 2207; x_wconf 90' lang='lat' dir='ltr'><strong>qui</strong></span> <span class='ocrx_word' id='word_1_701' title='bbox 1076 2171 1150 2199; x_wconf 91' lang='lat' dir='ltr'><strong>illum</strong></span> <span class='ocrx_word' id='word_1_702' title='bbox 1162 2171 1296 2205; x_wconf 86' lang='lat' dir='ltr'><strong>dividunt,</strong></span> <span class='ocrx_word' id='word_1_703' title='bbox 1306 2177 1334 2200; x_wconf 91' lang='lat' dir='ltr'><strong>et</strong></span> <span class='ocrx_word' id='word_1_704' title='bbox 1347 2173 1450 2200; x_wconf 88' lang='lat' dir='ltr'><strong>socium</strong></span> <span class='ocrx_word' id='word_1_705' title='bbox 1464 2173 1501 2200; x_wconf 90' lang='lat' dir='ltr'><strong>illi</strong></span> <span class='ocrx_word' id='word_1_706' title='bbox 1511 2171 1639 2208; x_wconf 80' lang='lat' dir='ltr'><strong>iungunt,</strong></span> <span class='ocrx_word' id='word_1_707' title='bbox 1653 2173 1749 2201; x_wconf 85' lang='lat' dir='ltr'><strong>salutis</strong></span> <span class='ocrx_word' id='word_1_708' title='bbox 1758 2181 1812 2202; x_wconf 83' lang='lat' dir='ltr'><strong>non</strong></span> 
     </span>
    </p>
   </div>
   <div class='ocr_carea' id='block_1_89' title="bbox 1018 2217 1812 2254">
    <p class='ocr_par' dir='ltr' id='par_1_89' title="bbox 1018 2217 1812 2254">
     <span class='ocr_line' id='line_1_89' title="bbox 1018 2217 1812 2254; baseline 0.003 -9"><span class='ocrx_word' id='word_1_709' title='bbox 1018 2217 1124 2245; x_wconf 80' lang='lat' dir='ltr'><strong>futuros</strong></span> <span class='ocrx_word' id='word_1_710' title='bbox 1140 2217 1297 2254; x_wconf 85' lang='lat' dir='ltr'><strong>participes,</strong></span> <span class='ocrx_word' id='word_1_711' title='bbox 1306 2218 1354 2246; x_wconf 86' lang='lat' dir='ltr'><strong>sed</strong></span> <span class='ocrx_word' id='word_1_712' title='bbox 1366 2224 1530 2246; x_wconf 59' lang='lat' dir='ltr'><strong>aiternarum</strong></span> <span class='ocrx_word' id='word_1_713' title='bbox 1557 2226 1699 2254; x_wconf 70' lang='lat' dir='ltr'><strong>pinnarum</strong></span> <span class='ocrx_word' id='word_1_714' title='bbox 1729 2219 1812 2247; x_wconf 77' lang='lat' dir='ltr'><strong>mise-</strong></span> 
     </span>
    </p>
   </div>
   <div class='ocr_carea' id='block_1_90' title="bbox 1020 2263 1812 2300">
    <p class='ocr_par' dir='ltr' id='par_1_90' title="bbox 1020 2263 1812 2300">
     <span class='ocr_line' id='line_1_90' title="bbox 1020 2263 1812 2300; baseline 0.001 -10"><span class='ocrx_word' id='word_1_715' title='bbox 1020 2263 1118 2291; x_wconf 75' lang='lat' dir='ltr'><strong>randas</strong></span> <span class='ocrx_word' id='word_1_716' title='bbox 1131 2264 1266 2292; x_wconf 81' lang='lat' dir='ltr'><strong>victimas.</strong></span> <span class='ocrx_word' id='word_1_717' title='bbox 1278 2264 1324 2292; x_wconf 62' lang='lat' dir='ltr'><strong>ila:</strong></span> <span class='ocrx_word' id='word_1_718' title='bbox 1337 2269 1401 2292; x_wconf 85' lang='lat' dir='ltr'><strong>sunt</strong></span> <span class='ocrx_word' id='word_1_719' title='bbox 1416 2266 1545 2292; x_wconf 71' lang='lat' dir='ltr'><strong>doctrinm</strong></span> <span class='ocrx_word' id='word_1_720' title='bbox 1560 2270 1588 2292; x_wconf 89' lang='lat' dir='ltr'><strong>et</strong></span> <span class='ocrx_word' id='word_1_721' title='bbox 1601 2265 1673 2300; x_wconf 85' lang='lat' dir='ltr'><strong>leges</strong></span> <span class='ocrx_word' id='word_1_722' title='bbox 1686 2264 1812 2292; x_wconf 85' lang='lat' dir='ltr'><strong>Muham-</strong></span> 
     </span>
    </p>
   </div>
   <div class='ocr_carea' id='block_1_91' title="bbox 170 2309 964 2350">
    <p class='ocr_par' dir='ltr' id='par_1_91' title="bbox 170 2310 964 2350">
     <span class='ocr_line' id='line_1_91' title="bbox 170 2310 964 2350; baseline -0.006 -9"><span class='ocrx_word' id='word_1_723' title='bbox 170 2313 317 2350; x_wconf 84' lang='grc' dir='ltr'><strong>διωρίσατο</strong></span> <span class='ocrx_word' id='word_1_724' title='bbox 339 2311 421 2344; x_wconf 71' lang='grc' dir='ltr'><strong>εἶναι,</strong></span> <span class='ocrx_word' id='word_1_725' title='bbox 452 2312 500 2340; x_wconf 81' lang='grc' dir='ltr'><strong>καὶ</strong></span> <span class='ocrx_word' id='word_1_726' title='bbox 526 2311 577 2343; x_wconf 83' lang='grc' dir='ltr'><strong>τὰς</strong></span> <span class='ocrx_word' id='word_1_727' title='bbox 601 2311 709 2339; x_wconf 79' lang='grc' dir='ltr'>ἑαυτῶν</span> <span class='ocrx_word' id='word_1_728' title='bbox 729 2310 859 2346; x_wconf 77' lang='grc' dir='ltr'><strong>λατρείας</strong></span> <span class='ocrx_word' id='word_1_729' title='bbox 875 2311 964 2337; x_wconf 69' lang='grc' dir='ltr'><strong>ἐκεῖσε</strong></span> 
     </span>
    </p>
   </div>
   <div class='ocr_carea' id='block_1_92' title="bbox 1016 2309 1813 2350">
    <p class='ocr_par' dir='ltr' id='par_1_92' title="bbox 1021 2309 1813 2346">
     <span class='ocr_line' id='line_1_92' title="bbox 1021 2309 1813 2346; baseline 0.004 -10"><span class='ocrx_word' id='word_1_730' title='bbox 1021 2309 1122 2337; x_wconf 86' lang='lat' dir='ltr'><strong>medis:</strong></span> <span class='ocrx_word' id='word_1_731' title='bbox 1132 2309 1195 2337; x_wconf 87' lang='lat' dir='ltr'><strong>talia</strong></span> <span class='ocrx_word' id='word_1_732' title='bbox 1205 2310 1296 2338; x_wconf 90' lang='lat' dir='ltr'><strong>docuit</strong></span> <span class='ocrx_word' id='word_1_733' title='bbox 1304 2315 1328 2338; x_wconf 84' lang='lat' dir='ltr'><strong>et</strong></span> <span class='ocrx_word' id='word_1_734' title='bbox 1337 2311 1454 2338; x_wconf 85' lang='lat' dir='ltr'><strong>sancivit</strong></span> <span class='ocrx_word' id='word_1_735' title='bbox 1462 2313 1533 2346; x_wconf 85' lang='lat' dir='ltr'><strong>apud</strong></span> <span class='ocrx_word' id='word_1_736' title='bbox 1540 2311 1700 2339; x_wconf 83' lang='lat' dir='ltr'><strong>lsmaelitas.</strong></span> <span class='ocrx_word' id='word_1_737' title='bbox 1710 2311 1813 2340; x_wconf 83' lang='lat' dir='ltr'><strong>Locum</strong></span> 
     </span>
    </p>
   </div>
   <div class='ocr_carea' id='block_1_93' title="bbox 172 2354 966 2396">
    <p class='ocr_par' dir='ltr' id='par_1_93' title="bbox 172 2354 966 2396">
     <span class='ocr_line' id='line_1_93' title="bbox 172 2354 966 2396; baseline -0.005 -9"><span class='ocrx_word' id='word_1_738' title='bbox 172 2360 334 2396; x_wconf 82' lang='grc' dir='ltr'><strong>προσάγειν.</strong></span> <span class='ocrx_word' id='word_1_739' title='bbox 366 2359 429 2386; x_wconf 83' lang='grc' dir='ltr'><strong>Ὅτι</strong></span> <span class='ocrx_word' id='word_1_740' title='bbox 450 2359 500 2386; x_wconf 85' lang='grc' dir='ltr'><strong>καὶ</strong></span> <span class='ocrx_word' id='word_1_741' title='bbox 525 2358 601 2390; x_wconf 85' lang='grc' dir='ltr'><strong>λίθος</strong></span> <span class='ocrx_word' id='word_1_742' title='bbox 625 2357 665 2394; x_wconf 85' lang='grc' dir='ltr'><strong>τῷ</strong></span> <span class='ocrx_word' id='word_1_743' title='bbox 691 2356 808 2392; x_wconf 82' lang='grc' dir='ltr'><strong>τοιούτῳ</strong></span> <span class='ocrx_word' id='word_1_744' title='bbox 826 2357 905 2393; x_wconf 83' lang='grc' dir='ltr'><strong>τόπῳ</strong></span> <span class='ocrx_word' id='word_1_745' title='bbox 931 2354 966 2393; x_wconf 81' lang='grc' dir='ltr'><strong>ἦν</strong></span> 
     </span>
    </p>
   </div>
   <div class='ocr_carea' id='block_1_94' title="bbox 171 2401 967 2439">
    <p class='ocr_par' dir='ltr' id='par_1_94' title="bbox 171 2401 967 2439">
     <span class='ocr_line' id='line_1_94' title="bbox 171 2401 967 2439; baseline -0.003 -8"><span class='ocrx_word' id='word_1_746' title='bbox 171 2403 354 2439; x_wconf 79' lang='grc' dir='ltr'><strong>ἀνακείμενος</strong></span> <span class='ocrx_word' id='word_1_747' title='bbox 369 2404 397 2430; x_wconf 81' lang='grc' dir='ltr'><strong>ὲν</strong></span> <span class='ocrx_word' id='word_1_748' title='bbox 409 2402 449 2439; x_wconf 89' lang='grc' dir='ltr'>τῷ</span> <span class='ocrx_word' id='word_1_749' title='bbox 465 2403 540 2439; x_wconf 84' lang='grc' dir='ltr'><strong>μέσῳ</strong></span> <span class='ocrx_word' id='word_1_750' title='bbox 551 2402 738 2439; x_wconf 84' lang='grc' dir='ltr'><strong>παμμεγέθης</strong></span> <span class='ocrx_word' id='word_1_751' title='bbox 749 2422 757 2435; x_wconf 91' lang='grc'><strong>,</strong></span> <span class='ocrx_word' id='word_1_752' title='bbox 772 2401 810 2435; x_wconf 86' lang='grc' dir='ltr'><strong>ὡς</strong></span> <span class='ocrx_word' id='word_1_753' title='bbox 824 2401 967 2429; x_wconf 66' lang='grc' dir='ltr'><strong>ἐπάνωθεν</strong></span> 
     </span>
    </p>
   </div>
   <div class='ocr_carea' id='block_1_95' title="bbox 172 2448 966 2485">
    <p class='ocr_par' dir='ltr' id='par_1_95' title="bbox 172 2448 966 2485">
     <span class='ocr_line' id='line_1_95' title="bbox 172 2448 966 2485; baseline -0.004 -7"><span class='ocrx_word' id='word_1_754' title='bbox 172 2450 258 2478; x_wconf 83' lang='grc' dir='ltr'><strong>αὑτοῦ</strong></span> <span class='ocrx_word' id='word_1_755' title='bbox 283 2449 331 2477; x_wconf 80' lang='grc' dir='ltr'><strong>τοῦ</strong></span> <span class='ocrx_word' id='word_1_756' title='bbox 362 2450 438 2476; x_wconf 87' lang='grc' dir='ltr'><strong>λίθου</strong></span> <span class='ocrx_word' id='word_1_757' title='bbox 457 2449 574 2483; x_wconf 80' lang='grc' dir='ltr'><strong>’λέγεται</strong></span> <span class='ocrx_word' id='word_1_758' title='bbox 611 2450 644 2485; x_wconf 82' lang='grc' dir='ltr'>τῇ</span> <span class='ocrx_word' id='word_1_759' title='bbox 667 2449 755 2485; x_wconf 80' lang='grc' dir='ltr'><strong>’Δγὰρ</strong></span> <span class='ocrx_word' id='word_1_760' title='bbox 789 2448 926 2484; x_wconf 80' lang='grc' dir='ltr'><strong>ὁμιλήσας</strong></span> <span class='ocrx_word' id='word_1_761' title='bbox 950 2449 966 2475; x_wconf 84' lang='grc' dir='ltr'><strong><em>ὁ</em></strong></span> 
     </span>
    </p>
   </div>
   <div class='ocr_carea' id='block_1_96' title="bbox 179 2495 966 2532">
    <p class='ocr_par' dir='ltr' id='par_1_96' title="bbox 179 2495 966 2532">
     <span class='ocr_line' id='line_1_96' title="bbox 179 2495 966 2532; baseline -0.003 -9"><span class='ocrx_word' id='word_1_762' title='bbox 179 2495 324 2532; x_wconf 78' lang='grc' dir='ltr'><strong>’Δὸραάμ.</strong></span> <span class='ocrx_word' id='word_1_763' title='bbox 344 2495 361 2531; x_wconf 86' lang='grc' dir='ltr'>ἢ</span> <span class='ocrx_word' id='word_1_764' title='bbox 388 2495 426 2528; x_wconf 81' lang='grc' dir='ltr'><strong>ὡς</strong></span> <span class='ocrx_word' id='word_1_765' title='bbox 446 2495 522 2530; x_wconf 85' lang='grc' dir='ltr'><strong>αὐτῷ</strong></span> <span class='ocrx_word' id='word_1_766' title='bbox 558 2495 608 2531; x_wconf 83' lang='grc' dir='ltr'><strong>τὴν</strong></span> <span class='ocrx_word' id='word_1_767' title='bbox 632 2495 757 2530; x_wconf 81' lang='grc' dir='ltr'><strong>κάμηλον</strong></span> <span class='ocrx_word' id='word_1_768' title='bbox 788 2495 966 2531; x_wconf 82' lang='grc' dir='ltr'><strong>προσδήσας,</strong></span> 
     </span>
    </p>
   </div>
   <div class='ocr_carea' id='block_1_97' title="bbox 172 2540 968 2577">
    <p class='ocr_par' dir='ltr' id='par_1_97' title="bbox 172 2540 968 2577">
     <span class='ocr_line' id='line_1_97' title="bbox 172 2540 968 2577; baseline -0.003 -8"><span class='ocrx_word' id='word_1_769' title='bbox 172 2542 219 2569; x_wconf 78' lang='grc' dir='ltr'><strong>ὅτε</strong></span> <span class='ocrx_word' id='word_1_770' title='bbox 241 2542 287 2568; x_wconf 82' lang='grc' dir='ltr'><strong>τὸν</strong></span> <span class='ocrx_word' id='word_1_771' title='bbox 314 2541 408 2569; x_wconf 81' lang='grc' dir='ltr'><strong>Ἰσαὰκ</strong></span> <span class='ocrx_word' id='word_1_772' title='bbox 427 2540 541 2577; x_wconf 73' lang='grc' dir='ltr'><strong>ἔμελλεν</strong></span> <span class='ocrx_word' id='word_1_773' title='bbox 566 2540 652 2568; x_wconf 84' lang='grc' dir='ltr'><strong>θύειν.</strong></span> <span class='ocrx_word' id='word_1_774' title='bbox 671 2540 845 2576; x_wconf 81' lang='grc' dir='ltr'><strong>Προσέταξεν</strong></span> <span class='ocrx_word' id='word_1_775' title='bbox 870 2541 900 2568; x_wconf 81' lang='grc' dir='ltr'><strong>δὲ</strong></span> <span class='ocrx_word' id='word_1_776' title='bbox 918 2541 968 2573; x_wconf 77' lang='grc' dir='ltr'><strong>τὰς</strong></span> 
     </span>
    </p>
   </div>
   <div class='ocr_carea' id='block_1_98' title="bbox 173 2586 967 2623">
    <p class='ocr_par' dir='ltr' id='par_1_98' title="bbox 173 2586 967 2623">
     <span class='ocr_line' id='line_1_98' title="bbox 173 2586 967 2623; baseline -0.001 -9"><span class='ocrx_word' id='word_1_777' title='bbox 173 2587 258 2623; x_wconf 80' lang='grc' dir='ltr'><strong>εὐχὰς</strong></span> <span class='ocrx_word' id='word_1_778' title='bbox 279 2586 342 2618; x_wconf 86' lang='grc' dir='ltr'><strong>τοὺς</strong></span> <span class='ocrx_word' id='word_1_779' title='bbox 364 2587 581 2622; x_wconf 82' lang='grc' dir='ltr'><strong>συνερχομένους</strong></span> <span class='ocrx_word' id='word_1_780' title='bbox 605 2587 696 2614; x_wconf 81' lang='grc' dir='ltr'><strong>ἐκεῖσε</strong></span> <span class='ocrx_word' id='word_1_781' title='bbox 720 2587 808 2619; x_wconf 81' lang='grc' dir='ltr'><strong>οὕτως</strong></span> <span class='ocrx_word' id='word_1_782' title='bbox 828 2587 967 2616; x_wconf 75' lang='grc' dir='ltr'><strong>ἐπιπλεῖν.</strong></span> 
     </span>
    </p>
   </div>
   <div class='ocr_carea' id='block_1_99' title="bbox 173 2632 967 2669">
    <p class='ocr_par' dir='ltr' id='par_1_99' title="bbox 173 2632 967 2669">
     <span class='ocr_line' id='line_1_99' title="bbox 173 2632 967 2669; baseline 0.001 -9"><span class='ocrx_word' id='word_1_783' title='bbox 173 2632 230 2668; x_wconf 81' lang='grc' dir='ltr'><strong>Τὴν</strong></span> <span class='ocrx_word' id='word_1_784' title='bbox 250 2632 299 2668; x_wconf 74' lang='grc' dir='ltr'><strong>μὲν</strong></span> <span class='ocrx_word' id='word_1_785' title='bbox 316 2633 381 2667; x_wconf 88' lang='grc' dir='ltr'><strong>μίαν</strong></span> <span class='ocrx_word' id='word_1_786' title='bbox 392 2632 484 2659; x_wconf 79' lang='grc' dir='ltr'><strong>αὐτῶν</strong></span> <span class='ocrx_word' id='word_1_787' title='bbox 500 2633 580 2669; x_wconf 78' lang='grc' dir='ltr'><strong>χεῖρα</strong></span> <span class='ocrx_word' id='word_1_788' title='bbox 592 2632 662 2668; x_wconf 78' lang='grc' dir='ltr'><strong>πρὸς</strong></span> <span class='ocrx_word' id='word_1_789' title='bbox 674 2633 721 2660; x_wconf 81' lang='grc' dir='ltr'><strong>τὸν</strong></span> <span class='ocrx_word' id='word_1_790' title='bbox 733 2633 808 2660; x_wconf 80' lang='grc' dir='ltr'><strong>λίθον</strong></span> <span class='ocrx_word' id='word_1_791' title='bbox 822 2634 967 2668; x_wconf 74' lang='grc' dir='ltr'><strong>ἐκτείνειν,</strong></span> 
     </span>
    </p>
   </div>
   <div class='ocr_carea' id='block_1_100' title="bbox 173 2676 968 2717">
    <p class='ocr_par' dir='ltr' id='par_1_100' title="bbox 173 2676 968 2717">
     <span class='ocr_line' id='line_1_100' title="bbox 173 2676 968 2717; baseline 0.003 -11"><span class='ocrx_word' id='word_1_792' title='bbox 173 2682 207 2717; x_wconf 82' lang='grc' dir='ltr'>τῇ</span> <span class='ocrx_word' id='word_1_793' title='bbox 219 2680 248 2707; x_wconf 81' lang='grc' dir='ltr'><strong>δὲ</strong></span> <span class='ocrx_word' id='word_1_794' title='bbox 262 2680 345 2715; x_wconf 76' lang='grc' dir='ltr'><strong>ἑτέρᾳ</strong></span> <span class='ocrx_word' id='word_1_795' title='bbox 359 2679 391 2706; x_wconf 83' lang='grc' dir='ltr'><strong>τὸ</strong></span> <span class='ocrx_word' id='word_1_796' title='bbox 409 2676 456 2711; x_wconf 84' lang='grc' dir='ltr'><strong>οὖς</strong></span> <span class='ocrx_word' id='word_1_797' title='bbox 476 2679 603 2716; x_wconf 83' lang='grc' dir='ltr'><strong>κατέχειν</strong></span> <span class='ocrx_word' id='word_1_798' title='bbox 618 2680 649 2707; x_wconf 82' lang='grc' dir='ltr'><strong>τὸ</strong></span> <span class='ocrx_word' id='word_1_799' title='bbox 668 2680 751 2714; x_wconf 74' lang='grc' dir='ltr'><strong>ἴδιον,</strong></span> <span class='ocrx_word' id='word_1_800' title='bbox 770 2680 818 2708; x_wconf 73' lang='grc' dir='ltr'><strong>καὶ</strong></span> <span class='ocrx_word' id='word_1_801' title='bbox 831 2681 903 2708; x_wconf 79' lang='grc' dir='ltr'><strong>οὕτω</strong></span> <span class='ocrx_word' id='word_1_802' title='bbox 919 2690 968 2708; x_wconf 88' lang='grc' dir='ltr'><strong>κυ-</strong></span> 
     </span>
    </p>
   </div>
   <div class='ocr_carea' id='block_1_101' title="bbox 173 2724 970 2760">
    <p class='ocr_par' dir='ltr' id='par_1_101' title="bbox 173 2724 970 2760">
     <span class='ocr_line' id='line_1_101' title="bbox 173 2724 970 2760; baseline 0.001 -8"><span class='ocrx_word' id='word_1_803' title='bbox 173 2724 313 2760; x_wconf 83' lang='grc' dir='ltr'><strong>κλοτερῶς</strong></span> <span class='ocrx_word' id='word_1_804' title='bbox 340 2725 455 2756; x_wconf 78' lang='grc' dir='ltr'><strong>ἑαυτοὺς</strong></span> <span class='ocrx_word' id='word_1_805' title='bbox 483 2724 665 2760; x_wconf 62' lang='grc' dir='ltr'><strong>πιριφέρειν,</strong></span> <span class='ocrx_word' id='word_1_806' title='bbox 701 2725 755 2757; x_wconf 75' lang='grc' dir='ltr'><strong>ἕως</strong></span> <span class='ocrx_word' id='word_1_807' title='bbox 784 2725 818 2752; x_wconf 81' lang='grc' dir='ltr'><strong>ἂν</strong></span> <span class='ocrx_word' id='word_1_808' title='bbox 847 2726 970 2754; x_wconf 76' lang='grc' dir='ltr'><strong>πέσωσιν</strong></span> 
     </span>
    </p>
   </div>
   <div class='ocr_carea' id='block_1_102' title="bbox 176 2771 971 2809">
    <p class='ocr_par' dir='ltr' id='par_1_102' title="bbox 176 2771 971 2809">
     <span class='ocr_line' id='line_1_102' title="bbox 176 2771 971 2809; baseline 0.004 -11"><span class='ocrx_word' id='word_1_809' title='bbox 176 2771 449 2804; x_wconf 78' lang='grc' dir='ltr'><strong>σκοτοδινιάσαντες,</strong></span> <span class='ocrx_word' id='word_1_810' title='bbox 478 2773 526 2799; x_wconf 77' lang='grc' dir='ltr'><strong>καὶ</strong></span> <span class='ocrx_word' id='word_1_811' title='bbox 541 2772 591 2808; x_wconf 81' lang='grc' dir='ltr'>τὴν</span> <span class='ocrx_word' id='word_1_812' title='bbox 615 2773 749 2809; x_wconf 84' lang='grc' dir='ltr'><strong>περιοχὴν</strong></span> <span class='ocrx_word' id='word_1_813' title='bbox 777 2773 862 2801; x_wconf 84' lang='grc' dir='ltr'><strong>αὐτοῦ</strong></span> <span class='ocrx_word' id='word_1_814' title='bbox 879 2775 971 2801; x_wconf 81' lang='grc' dir='ltr'><strong>πᾶσαν</strong></span> 
     </span>
    </p>
   </div>
   <div class='ocr_carea' id='block_1_103' title="bbox 177 2818 971 2856">
    <p class='ocr_par' dir='ltr' id='par_1_103' title="bbox 177 2818 971 2856">
     <span class='ocr_line' id='line_1_103' title="bbox 177 2818 971 2856; baseline 0.005 -12"><span class='ocrx_word' id='word_1_815' title='bbox 177 2818 338 2853; x_wconf 69' lang='grc' dir='ltr'><strong>ἐπιτηρεῖν,</strong></span> <span class='ocrx_word' id='word_1_816' title='bbox 361 2819 409 2846; x_wconf 76' lang='grc' dir='ltr'><strong>καὶ</strong></span> <span class='ocrx_word' id='word_1_817' title='bbox 425 2818 516 2850; x_wconf 55' lang='lat' dir='ltr'><strong>Illico;</strong></span> <span class='ocrx_word' id='word_1_818' title='bbox 535 2819 606 2846; x_wconf 80' lang='grc' dir='ltr'><strong>ἑπτὰ</strong></span> <span class='ocrx_word' id='word_1_819' title='bbox 622 2819 696 2847; x_wconf 81' lang='grc' dir='ltr'><strong>κατὰ</strong></span> <span class='ocrx_word' id='word_1_820' title='bbox 719 2819 775 2846; x_wconf 85' lang='grc' dir='ltr'>τῶν</span> <span class='ocrx_word' id='word_1_821' title='bbox 797 2820 971 2856; x_wconf 85' lang='grc' dir='ltr'><strong>Χριστιανῶν</strong></span> 
     </span>
    </p>
   </div>
   <div class='ocr_carea' id='block_1_104' title="bbox 176 2865 971 2904">
    <p class='ocr_par' dir='ltr' id='par_1_104' title="bbox 176 2865 971 2904">
     <span class='ocr_line' id='line_1_104' title="bbox 176 2865 971 2904; baseline 0.006 -13"><span class='ocrx_word' id='word_1_822' title='bbox 176 2865 363 2900; x_wconf 81' lang='grc' dir='ltr'><strong>ὲπιρῤίπτειν.</strong></span> <span class='ocrx_word' id='word_1_823' title='bbox 379 2866 439 2893; x_wconf 81' lang='grc' dir='ltr'><strong>Ἵνα</strong></span> <span class='ocrx_word' id='word_1_824' title='bbox 454 2866 483 2893; x_wconf 71' lang='grc' dir='ltr'><strong>δὲ</strong></span> <span class='ocrx_word' id='word_1_825' title='bbox 499 2865 537 2902; x_wconf 85' lang='grc' dir='ltr'><strong>μὴ</strong></span> <span class='ocrx_word' id='word_1_826' title='bbox 556 2866 590 2894; x_wconf 74' lang='grc' dir='ltr'>τὰ</span> <span class='ocrx_word' id='word_1_827' title='bbox 611 2867 723 2903; x_wconf 72' lang='grc' dir='ltr'><strong>ῥήματα</strong></span> <span class='ocrx_word' id='word_1_828' title='bbox 739 2869 788 2903; x_wconf 86' lang='grc' dir='ltr'><strong>τῆς</strong></span> <span class='ocrx_word' id='word_1_829' title='bbox 807 2869 872 2904; x_wconf 83' lang='grc' dir='ltr'><strong>παρ’</strong></span> <span class='ocrx_word' id='word_1_830' title='bbox 886 2868 971 2896; x_wconf 81' lang='grc' dir='ltr'><strong>αὑτοῦ</strong></span> 
     </span>
    </p>
   </div>
   <div class='ocr_carea' id='block_1_105' title="bbox 1018 2356 1814 2391">
    <p class='ocr_par' dir='ltr' id='par_1_105' title="bbox 1018 2356 1814 2391">
     <span class='ocr_line' id='line_1_105' title="bbox 1018 2356 1814 2391; baseline 0.003 -8"><span class='ocrx_word' id='word_1_831' title='bbox 1018 2356 1118 2384; x_wconf 84' lang='lat' dir='ltr'><strong>etenim</strong></span> <span class='ocrx_word' id='word_1_832' title='bbox 1136 2356 1207 2391; x_wconf 90' lang='lat' dir='ltr'><strong>apud</strong></span> <span class='ocrx_word' id='word_1_833' title='bbox 1222 2356 1292 2390; x_wconf 87' lang='lat' dir='ltr'><strong>illos,</strong></span> <span class='ocrx_word' id='word_1_834' title='bbox 1310 2357 1419 2386; x_wconf 90' lang='lat' dir='ltr'><strong>nomine</strong></span> <span class='ocrx_word' id='word_1_835' title='bbox 1435 2357 1550 2386; x_wconf 61' lang='lat' dir='ltr'><strong>Baccha:</strong></span> <span class='ocrx_word' id='word_1_836' title='bbox 1563 2358 1604 2386; x_wconf 87' lang='lat' dir='ltr'><strong>vel</strong></span> <span class='ocrx_word' id='word_1_837' title='bbox 1622 2357 1752 2391; x_wconf 71' lang='lat' dir='ltr'><strong>Maechae,</strong></span> <span class='ocrx_word' id='word_1_838' title='bbox 1770 2358 1814 2386; x_wconf 86' lang='lat' dir='ltr'><strong>vel</strong></span> 
     </span>
    </p>
   </div>
   <div class='ocr_carea' id='block_1_106' title="bbox 1019 2402 1815 2441">
    <p class='ocr_par' dir='ltr' id='par_1_106' title="bbox 1019 2402 1815 2441">
     <span class='ocr_line' id='line_1_106' title="bbox 1019 2402 1815 2441; baseline 0.005 -11"><span class='ocrx_word' id='word_1_839' title='bbox 1019 2402 1150 2431; x_wconf 78' lang='lat' dir='ltr'><strong>Mecheclt</strong></span> <span class='ocrx_word' id='word_1_840' title='bbox 1161 2404 1292 2432; x_wconf 84' lang='lat' dir='ltr'><strong>orationis</strong></span> <span class='ocrx_word' id='word_1_841' title='bbox 1302 2405 1387 2433; x_wconf 63' lang='lat' dir='ltr'><strong>adem</strong></span> <span class='ocrx_word' id='word_1_842' title='bbox 1400 2405 1518 2433; x_wconf 82' lang='lat' dir='ltr'><strong>futuram</strong></span> <span class='ocrx_word' id='word_1_843' title='bbox 1535 2409 1692 2441; x_wconf 79' lang='lat' dir='ltr'><strong>perpetuam</strong></span> <span class='ocrx_word' id='word_1_844' title='bbox 1704 2406 1815 2434; x_wconf 84' lang='lat' dir='ltr'><strong>decreto</strong></span> 
     </span>
    </p>
   </div>
   <div class='ocr_carea' id='block_1_107' title="bbox 1020 2448 1813 2488">
    <p class='ocr_par' dir='ltr' id='par_1_107' title="bbox 1020 2448 1813 2488">
     <span class='ocr_line' id='line_1_107' title="bbox 1020 2448 1813 2488; baseline 0.006 -12"><span class='ocrx_word' id='word_1_845' title='bbox 1020 2448 1224 2485; x_wconf 82' lang='lat' dir='ltr'><strong>determinavit,</strong></span> <span class='ocrx_word' id='word_1_846' title='bbox 1240 2456 1268 2478; x_wconf 87' lang='lat' dir='ltr'><strong>et</strong></span> <span class='ocrx_word' id='word_1_847' title='bbox 1283 2458 1391 2478; x_wconf 87' lang='lat' dir='ltr'><strong>onmem</strong></span> <span class='ocrx_word' id='word_1_848' title='bbox 1406 2451 1508 2479; x_wconf 80' lang='lat' dir='ltr'><strong>cultant</strong></span> <span class='ocrx_word' id='word_1_849' title='bbox 1522 2460 1601 2479; x_wconf 82' lang='lat' dir='ltr'><strong>suum</strong></span> <span class='ocrx_word' id='word_1_850' title='bbox 1619 2452 1682 2480; x_wconf 89' lang='lat' dir='ltr'><strong>illnc</strong></span> <span class='ocrx_word' id='word_1_851' title='bbox 1695 2451 1813 2488; x_wconf 67' lang='lat' dir='ltr'><strong>dirigere</strong></span> 
     </span>
    </p>
   </div>
   <div class='ocr_carea' id='block_1_108' title="bbox 1021 2497 1813 2531">
    <p class='ocr_par' dir='ltr' id='par_1_108' title="bbox 1021 2497 1813 2531">
     <span class='ocr_line' id='line_1_108' title="bbox 1021 2497 1813 2531; baseline 0.003 -6"><span class='ocrx_word' id='word_1_852' title='bbox 1021 2502 1048 2525; x_wconf 88' lang='lat' dir='ltr'><strong>et</strong></span> <span class='ocrx_word' id='word_1_853' title='bbox 1060 2502 1230 2525; x_wconf 85' lang='lat' dir='ltr'><strong>convertere.</strong></span> <span class='ocrx_word' id='word_1_854' title='bbox 1246 2497 1315 2531; x_wconf 84' lang='lat' dir='ltr'><strong>Quia</strong></span> <span class='ocrx_word' id='word_1_855' title='bbox 1337 2498 1466 2526; x_wconf 87' lang='lat' dir='ltr'><strong>nimirum</strong></span> <span class='ocrx_word' id='word_1_856' title='bbox 1483 2499 1572 2527; x_wconf 91' lang='lat' dir='ltr'><strong>medio</strong></span> <span class='ocrx_word' id='word_1_857' title='bbox 1586 2499 1612 2527; x_wconf 95' lang='lat' dir='ltr'><strong>in</strong></span> <span class='ocrx_word' id='word_1_858' title='bbox 1625 2500 1745 2528; x_wconf 82' lang='lat' dir='ltr'><strong>istnloco</strong></span> <span class='ocrx_word' id='word_1_859' title='bbox 1760 2508 1813 2527; x_wconf 78' lang='lat' dir='ltr'><strong>ex-</strong></span> 
     </span>
    </p>
   </div>
   <div class='ocr_carea' id='block_1_109' title="bbox 1023 2543 1815 2581">
    <p class='ocr_par' dir='ltr' id='par_1_109' title="bbox 1023 2543 1815 2581">
     <span class='ocr_line' id='line_1_109' title="bbox 1023 2543 1815 2581; baseline 0.005 -11"><span class='ocrx_word' id='word_1_860' title='bbox 1023 2548 1076 2571; x_wconf 84' lang='lat' dir='ltr'><strong>stat</strong></span> <span class='ocrx_word' id='word_1_861' title='bbox 1089 2543 1158 2579; x_wconf 87' lang='lat' dir='ltr'><strong>lapis</strong></span> <span class='ocrx_word' id='word_1_862' title='bbox 1168 2545 1303 2572; x_wconf 75' lang='lat' dir='ltr'><strong>maximus</strong></span> <span class='ocrx_word' id='word_1_863' title='bbox 1318 2552 1401 2580; x_wconf 86' lang='lat' dir='ltr'><strong>super</strong></span> <span class='ocrx_word' id='word_1_864' title='bbox 1414 2552 1494 2580; x_wconf 90' lang='lat' dir='ltr'><strong>quem</strong></span> <span class='ocrx_word' id='word_1_865' title='bbox 1515 2544 1587 2573; x_wconf 80' lang='lat' dir='ltr'><strong>fama</strong></span> <span class='ocrx_word' id='word_1_866' title='bbox 1600 2545 1684 2573; x_wconf 81' lang='lat' dir='ltr'><strong>refert</strong></span> <span class='ocrx_word' id='word_1_867' title='bbox 1697 2546 1815 2581; x_wconf 81' lang='lat' dir='ltr'><strong>Agarem</strong></span> 
     </span>
    </p>
   </div>
   <div class='ocr_carea' id='block_1_110' title="bbox 1023 2589 1816 2626">
    <p class='ocr_par' dir='ltr' id='par_1_110' title="bbox 1023 2589 1816 2626">
     <span class='ocr_line' id='line_1_110' title="bbox 1023 2589 1816 2626; baseline 0.004 -10"><span class='ocrx_word' id='word_1_868' title='bbox 1023 2589 1245 2618; x_wconf 79' lang='lat' dir='ltr'><strong>cumAbrahamo</strong></span> <span class='ocrx_word' id='word_1_869' title='bbox 1254 2598 1311 2618; x_wconf 85' lang='lat' dir='ltr'><strong>rem</strong></span> <span class='ocrx_word' id='word_1_870' title='bbox 1321 2591 1459 2625; x_wconf 83' lang='lat' dir='ltr'><strong>habuisse,</strong></span> <span class='ocrx_word' id='word_1_871' title='bbox 1472 2591 1513 2618; x_wconf 79' lang='lat' dir='ltr'><strong>vel</strong></span> <span class='ocrx_word' id='word_1_872' title='bbox 1521 2592 1606 2626; x_wconf 86' lang='lat' dir='ltr'><strong>ipsum</strong></span> <span class='ocrx_word' id='word_1_873' title='bbox 1615 2591 1816 2625; x_wconf 77' lang='lat' dir='ltr'><strong>Abrahamum,</strong></span> 
     </span>
    </p>
   </div>
   <div class='ocr_carea' id='block_1_111' title="bbox 1024 2636 1817 2673">
    <p class='ocr_par' dir='ltr' id='par_1_111' title="bbox 1024 2636 1817 2673">
     <span class='ocr_line' id='line_1_111' title="bbox 1024 2636 1817 2673; baseline 0.003 -10"><span class='ocrx_word' id='word_1_874' title='bbox 1024 2636 1060 2664; x_wconf 92' lang='lat' dir='ltr'><strong>illi</strong></span> <span class='ocrx_word' id='word_1_875' title='bbox 1075 2637 1211 2664; x_wconf 83' lang='lat' dir='ltr'><strong>camelnm</strong></span> <span class='ocrx_word' id='word_1_876' title='bbox 1228 2636 1353 2673; x_wconf 80' lang='lat' dir='ltr'><strong>alligasse</strong></span> <span class='ocrx_word' id='word_1_877' title='bbox 1368 2645 1430 2665; x_wconf 89' lang='lat' dir='ltr'><strong>cum</strong></span> <span class='ocrx_word' id='word_1_878' title='bbox 1444 2638 1528 2665; x_wconf 90' lang='lat' dir='ltr'><strong>lilium</strong></span> <span class='ocrx_word' id='word_1_879' title='bbox 1542 2646 1619 2666; x_wconf 88' lang='lat' dir='ltr'><strong>suum</strong></span> <span class='ocrx_word' id='word_1_880' title='bbox 1633 2637 1755 2665; x_wconf 77' lang='lat' dir='ltr'><strong>lsaacum</strong></span> <span class='ocrx_word' id='word_1_881' title='bbox 1770 2646 1817 2665; x_wconf 84' lang='lat' dir='ltr'><strong>es-</strong></span> 
     </span>
    </p>
   </div>
   <div class='ocr_carea' id='block_1_112' title="bbox 1021 2682 1817 2716">
    <p class='ocr_par' dir='ltr' id='par_1_112' title="bbox 1021 2682 1817 2716">
     <span class='ocr_line' id='line_1_112' title="bbox 1021 2682 1817 2716; baseline 0.003 -6"><span class='ocrx_word' id='word_1_882' title='bbox 1021 2688 1062 2710; x_wconf 88' lang='lat' dir='ltr'><strong>set</strong></span> <span class='ocrx_word' id='word_1_883' title='bbox 1077 2683 1277 2712; x_wconf 83' lang='lat' dir='ltr'><strong>immolaturus.</strong></span> <span class='ocrx_word' id='word_1_884' title='bbox 1289 2682 1380 2711; x_wconf 80' lang='lat' dir='ltr'><strong>Voluit</strong></span> <span class='ocrx_word' id='word_1_885' title='bbox 1392 2691 1464 2716; x_wconf 85' lang='lat' dir='ltr'><strong>_vero</strong></span> <span class='ocrx_word' id='word_1_886' title='bbox 1485 2691 1579 2712; x_wconf 88' lang='lat' dir='ltr'><strong>omnes</strong></span> <span class='ocrx_word' id='word_1_887' title='bbox 1594 2683 1658 2711; x_wconf 90' lang='lat' dir='ltr'><strong>illuc</strong></span> <span class='ocrx_word' id='word_1_888' title='bbox 1675 2684 1817 2712; x_wconf 85' lang='lat' dir='ltr'><strong>conﬂuen-</strong></span> 
     </span>
    </p>
   </div>
   <div class='ocr_carea' id='block_1_113' title="bbox 1024 2730 1818 2765">
    <p class='ocr_par' dir='ltr' id='par_1_113' title="bbox 1024 2730 1818 2765">
     <span class='ocr_line' id='line_1_113' title="bbox 1024 2730 1818 2765; baseline 0.003 -8"><span class='ocrx_word' id='word_1_889' title='bbox 1024 2735 1063 2757; x_wconf 85' lang='lat' dir='ltr'><strong>tes</strong></span> <span class='ocrx_word' id='word_1_890' title='bbox 1086 2733 1113 2757; x_wconf 88' lang='lat' dir='ltr'><strong>et</strong></span> <span class='ocrx_word' id='word_1_891' title='bbox 1147 2730 1342 2758; x_wconf 85' lang='lat' dir='ltr'><strong>contendentes</strong></span> <span class='ocrx_word' id='word_1_892' title='bbox 1365 2731 1399 2758; x_wconf 88' lang='lat' dir='ltr'><strong>ad</strong></span> <span class='ocrx_word' id='word_1_893' title='bbox 1427 2730 1565 2759; x_wconf 82' lang='lat' dir='ltr'><strong>orationes</strong></span> <span class='ocrx_word' id='word_1_894' title='bbox 1593 2730 1750 2765; x_wconf 75' lang='lat' dir='ltr'><strong>habendas,</strong></span> <span class='ocrx_word' id='word_1_895' title='bbox 1765 2731 1818 2759; x_wconf 81' lang='lat' dir='ltr'><strong>hoc</strong></span> 
     </span>
    </p>
   </div>
   <div class='ocr_carea' id='block_1_114' title="bbox 1025 2775 1819 2812">
    <p class='ocr_par' dir='ltr' id='par_1_114' title="bbox 1025 2775 1819 2812">
     <span class='ocr_line' id='line_1_114' title="bbox 1025 2775 1819 2812; baseline 0.003 -9"><span class='ocrx_word' id='word_1_896' title='bbox 1025 2776 1076 2803; x_wconf 88' lang='lat' dir='ltr'><strong>ritu</strong></span> <span class='ocrx_word' id='word_1_897' title='bbox 1094 2775 1154 2804; x_wconf 90' lang='lat' dir='ltr'><strong>illas</strong></span> <span class='ocrx_word' id='word_1_898' title='bbox 1169 2775 1293 2805; x_wconf 78' lang='lat' dir='ltr'><strong>fundere.</strong></span> <span class='ocrx_word' id='word_1_899' title='bbox 1307 2775 1393 2805; x_wconf 83' lang='lat' dir='ltr'><strong>Jussit</strong></span> <span class='ocrx_word' id='word_1_900' title='bbox 1413 2777 1501 2812; x_wconf 88' lang='lat' dir='ltr'><strong>primo</strong></span> <span class='ocrx_word' id='word_1_901' title='bbox 1532 2785 1613 2805; x_wconf 86' lang='lat' dir='ltr'><strong>unam</strong></span> <span class='ocrx_word' id='word_1_902' title='bbox 1632 2785 1761 2805; x_wconf 91' lang='lat' dir='ltr'><strong>manuum</strong></span> <span class='ocrx_word' id='word_1_903' title='bbox 1784 2779 1819 2806; x_wconf 84' lang='lat' dir='ltr'><strong>ad</strong></span> 
     </span>
    </p>
   </div>
   <div class='ocr_carea' id='block_1_115' title="bbox 1025 2821 1818 2859">
    <p class='ocr_par' dir='ltr' id='par_1_115' title="bbox 1025 2821 1818 2859">
     <span class='ocr_line' id='line_1_115' title="bbox 1025 2821 1818 2859; baseline 0.005 -11"><span class='ocrx_word' id='word_1_904' title='bbox 1025 2821 1140 2856; x_wconf 86' lang='lat' dir='ltr'><strong>lapidem</strong></span> <span class='ocrx_word' id='word_1_905' title='bbox 1158 2823 1239 2850; x_wconf 85' lang='lat' dir='ltr'><strong>istum</strong></span> <span class='ocrx_word' id='word_1_906' title='bbox 1254 2824 1392 2859; x_wconf 79' lang='lat' dir='ltr'><strong>porrigere</strong></span> <span class='ocrx_word' id='word_1_907' title='bbox 1416 2829 1444 2852; x_wconf 87' lang='lat' dir='ltr'><strong>et</strong></span> <span class='ocrx_word' id='word_1_908' title='bbox 1468 2824 1627 2858; x_wconf 83' lang='lat' dir='ltr'><strong>extendere,</strong></span> <span class='ocrx_word' id='word_1_909' title='bbox 1646 2824 1732 2852; x_wconf 84' lang='lat' dir='ltr'><strong>altera</strong></span> <span class='ocrx_word' id='word_1_910' title='bbox 1752 2832 1818 2852; x_wconf 70' lang='lat' dir='ltr'><strong>vero</strong></span> 
     </span>
    </p>
   </div>
   <div class='ocr_carea' id='block_1_116' title="bbox 1024 2870 1818 2915">
    <p class='ocr_par' dir='ltr' id='par_1_116' title="bbox 1024 2870 1818 2915">
     <span class='ocr_line' id='line_1_116' title="bbox 1024 2870 1818 2915; baseline 0.004 -18"><span class='ocrx_word' id='word_1_911' title='bbox 1024 2877 1100 2898; x_wconf 85' lang='lat' dir='ltr'><strong>suam</strong></span> <span class='ocrx_word' id='word_1_912' title='bbox 1112 2870 1250 2911; x_wconf 77' lang='lat' dir='ltr'><strong>propriam</strong></span> <span class='ocrx_word' id='word_1_913' title='bbox 1265 2871 1417 2915; x_wconf 62' lang='lat' dir='ltr'><strong>auricplam</strong></span> <span class='ocrx_word' id='word_1_914' title='bbox 1446 2872 1585 2908; x_wconf 61' lang='lat' dir='ltr'><strong>corripere</strong></span> <span class='ocrx_word' id='word_1_915' title='bbox 1598 2876 1625 2900; x_wconf 87' lang='lat' dir='ltr'><strong>et</strong></span> <span class='ocrx_word' id='word_1_916' title='bbox 1636 2871 1818 2907; x_wconf 79' lang='lat' dir='ltr'><strong>comprehen-</strong></span> 
     </span>
    </p>
   </div>
  </div>
