1932 3067
121 137 191 172 1455
707 137 754 167 BA
758 135 925 167 RTHOLOI‘

982 137 991 165 l
1009 131 1199 166 EDESSENI
1702 126 1774 162 N56

119 196 194 227 dure,
210 199 301 230 postca
324 195 350 223 in
372 195 466 222 orbem
483 194 589 229 seipsos
618 193 814 228 circumagere,
832 192 918 219 donec

979 190 1127 226 ὶρισθείσης
1154 189 1312 226 προσευχῆς
1343 188 1547 219 ἔπιτελεϊσθαι,
1579 188 1618 221 ὼς
1640 188 1772 224 εῑρηται,

120 242 256 277 vertigine
283 247 312 269 et
343 242 422 277 quasi
450 240 574 269 caecitate
598 238 731 272 percussi,
760 238 788 265 in
813 242 915 266 terram

979 237 1039 264 ὓσὶν
1053 237 1225 272 ἀνήκουστα,
1243 236 1361 263 κάκεῖνα
1377 238 1471 271 γραφῇ
1493 235 1665 272 παραδοτέον
1675 253 1683 267 ,
1700 234 1774 270 πρὸς

121 293 201 315 ruant
215 293 241 315 et
253 289 362 316 cadant.
375 287 493 316 Jnssitet
506 293 587 314 omne
598 286 622 313 id
635 286 706 321 quod
722 285 748 312 in
761 285 819 312 suis
836 292 915 311 man-

979 283 1084 310 τλεεονα
1099 282 1281 310 διδασκαλίαν
1298 282 1385 310 αὑτοῦ
1404 282 1566 318 Μαχούμετ,
1581 282 1630 310 καὶ
1649 289 1773 317 προσευ-

122 335 192 361 dalis
207 335 384 362 vcloratione
408 341 457 361 sua
491 332 685 360 continebatur
715 330 856 358 observari
887 333 916 357 ct

979 329 1019 365 ίὴν
1035 329 1150 364 ἔχουσαν
1159 329 1258 361 οὕτως·
1283 328 1435 361 Ἀλέι,“Αλὰ
1458 327 1589 361 ούακοὺὸ,
1623 327 1688 354 ’Δλὰ
1706 334 1774 354 κον·

122 385 225 415 scptem
248 380 351 415 lapides
360 386 454 408 contra
471 378 645 407 Christianos
655 378 751 412 proiici
767 376 914 410 ctexcuti;

979 376 1033 412 ῑὰρ.
1053 375 1148 403 Ταῦτα
1166 376 1292 410 λέγονται
1308 376 1482 407 πλειστάκις.

123 434 156 454 ne
171 434 235 454 vero
248 427 330 454 verba
341 427 562 460 orationisquam
574 425 701 452 omnibus
717 423 910 452 addisccudam
930 427 958 450 et
992 422 1214 451 deblaterandam
1248 422 1398 450 tradiderat
1429 428 1457 449 et
1480 423 1650 454 decreverat,
1665 428 1717 448 non
1734 420 1775 447 ἴε·

123 473 175 501 cile
194 474 281 501 amliri
296 479 324 501 et
347 473 485 500 memoria:
499 472 622 499 mandari
638 477 762 506 possent,
778 471 824 498 illa
844 470 902 505 ipso
922 470 1024 503 scripto
1039 461 1206 504 consignari
1231 470 1338 497 curavit
1372 469 1597 500 Multammedmt
1627 468 1660 495 ad
1681 468 1772 502 majo-

125 528 182 548 rem
200 520 421 548 informationem
439 514 593 548 orationein
605 519 719 547 tradidit
737 526 798 554 quae
830 518 871 546 sic
900 518 994 545 liabet.
1010 517 1059 544 Ala
1079 516 1129 544 Ala
1140 515 1333 552 {Ouakouban
1366 517 1416 544 Ala
1444 516 1567 544 Koubar.
1603 515 1666 543 Haec
1687 516 1772 542 verba

127 567 266 594 multoties
282 567 463 602 ingeminant.

167 613 249 640 Natat
262 621 326 640 vero
337 613 385 640 Ala
394 619 421 640 et
435 612 550 645 koubar,
567 612 651 639 Deum
667 618 806 645 magnum.
822 618 855 637 va
874 617 924 637 att-

1011 608 1145 644 Σημαίνει
1165 608 1194 636 δὲ
1208 608 1239 635 τὸ
1258 608 1309 643 μὲν
1331 607 1409 642 Ἀλᾶ,
1429 608 1477 636 καὶ
1495 607 1526 634 τδ
1544 606 1650 642 κουὸὰρ
1667 605 1777 642 μεῖζον-

141 667 184 687 em
202 663 281 687 notat
295 659 454 686 maximum.
480 658 552 686 lnter
566 665 598 685 ca
624 665 690 685 vero
705 664 766 692 quae
792 656 885 683 docuit
899 659 925 682 et

979 655 1024 682 Βεᾶ
1037 675 1045 688 ,
1068 655 1100 682 τὸ
1116 655 1144 682 δὲ
1161 655 1211 682 οὐὰ
1238 655 1382 691 μέγιστον.
1414 653 1536 688 ἐδίδαξεν
1556 653 1585 680 δὲ
1603 652 1704 684 αὐτὸς.
1732 653 1777 679 ὃτι

129 707 201 734 istud
220 707 435 739 memorabatur,
450 711 522 740 quod
550 705 698 739 aliquando
732 703 855 733 oatnelus
886 702 925 730 fe-

979 702 1102 738 κάμ.ηλον
1127 701 1239 737 Θήλειαν
1262 702 1311 729 τοῦ
1334 701 1404 728 Θεοῦ
1432 701 1509 737 ἱερὰν
1539 699 1622 727 οὖσαν
1646 699 1776 734 γενέσθαι

127 754 200 781 mina
211 753 350 782 exstiterit
364 753 419 781 Deo
435 753 531 780 devota
549 757 576 780 et
586 749 885 785 sacra,,magnitudinis
898 753 925 777 et

979 749 1089 785 μεγάλῳ
1111 749 1195 784 μήκει
1221 756 1262 779 τε,
1289 748 1338 775 καὶ
1354 748 1471 775 πλάτει·
1495 747 1557 782 ἥτις
1571 755 1600 773 τε
1618 745 1666 773 καὶ
1690 745 1776 780 εὐχὰς
1807 786 1810 787 ν

127 799 282 827 latitudinis
297 806 408 834 prorsus
425 799 555 833 ingentis,
567 805 627 832 quae
650 804 745 832 preces
761 795 794 822 ad
822 795 922 823 coelum

979 796 1048 831 πρὸς
1075 795 1190 830 οὐρανὸν
1213 795 1339 822 ἐπετέλει
1363 792 1593 829 ὲπιαυγαζομένη
1622 792 1706 828 μέσον
1727 791 1776 818 δύο

136 845 275 878 fundebat,
298 845 356 879 ipsa
387 845 475 879 spatio
506 844 617 872 circiter
639 843 755 870 duarum
784 841 924 873 horarum,

979 841 1058 878 ὡρῶν
1073 842 1148 878 ἑξῆς.
1171 842 1225 869 Καὶ
1238 842 1263 868 οἱ
1281 841 1378 878 πρώην
1397 840 1548 877 Ἀγαρηνοὶ
1564 838 1774 874 ἐγαλουχοῦντο.

136 868 275 878 -—--«~-—-.
298 868 356 879 -r~—
387 868 473 879 -τ---ν
509 868 611 872 ν---ην-
642 868 691 870 -ν-τν
713 868 745 870 -η
784 868 790 870 -
917 868 924 873 .

125 891 311 919 elﬁorescente
325 890 384 919 luce
397 890 543 924 splendens
553 894 581 918 et
597 896 756 917 coruscans.
767 888 843 916 lllam
855 895 920 915 vero

979 868 1121 925 Ταύτην,⁸
1138 889 1176 921 ὠς
1208 868 1336 924 ἐλέγετο,
1355 868 1362 877 .
1374 868 1541 924 φονέδόῆναι
1575 868 1684 919 κακῶς,⁸
1698 886 1775 921 παρὰ

123 648 134 670 ι

123 937 241 972 Agareni
266 937 384 972 primtttn
401 937 470 964 lacte
487 937 560 964 alere
577 936 712 968 solebant,
733 935 780 963 sed
807 935 922 970 contigit

125 991 182 1012 uta
197 984 358 1019 quibusdam
383 984 438 1011 illic
455 983 691 1011 commorantibus
704 983 918 1014 interﬁceretur,

125 1030 223 1058 undea
237 1030 291 1058 Deo
306 1031 400 1064 reiecti
413 1035 440 1057 et
461 1030 598 1065 reprobati
618 1025 738 1057 fuerunt.
754 1028 828 1055 Illius
855 1035 921 1055 vero

125 1075 257 1109 parvulus
268 1075 389 1102 camelos
402 1076 483 1102 boatu
500 1079 527 1102 et
542 1075 665 1103 clamore
682 1075 767 1102 caelos
784 1074 921 1101 lacessens

125 1128 204 1156 opem
220 1121 366 1155 pltosphori
380 1121 548 1156 imploravit,
563 1129 577 1147 a
593 1129 658 1156 quo,
671 1121 818 1153 utdicilur,
831 1120 858 1147 in
867 1127 923 1148 cm-

127 1165 183 1193 lum
212 1171 306 1201 raptus
333 1166 424 1193 fuerit.
452 1165 520 1193 Nam
548 1167 650 1194 dictum
674 1172 716 1194 est
746 1167 807 1194 illos
832 1166 922 1194 colere

125 1212 310 1247 phospborum
325 1219 373 1239 seu
392 1217 499 1239 astrum
523 1213 684 1239 matutinum
712 1219 759 1240 seu
776 1211 921 1241 Venerem.

127 1263 209 1290 quam
226 1256 317 1292 lingua
328 1257 445 1285 Arabica
460 1262 559 1285 vocant
571 1266 620 1291 vae,
641 1259 667 1285 id
681 1263 724 1286 est
735 1266 843 1294 magna.
862 1258 921 1285 Mu-

974 936 1030 963 τῶν
1048 936 1202 971 τηνικαῦτα
1223 935 1397 972 ἀνθρώπων,
1425 935 1474 962 καὶ
1489 935 1534 962 διὰ
1556 933 1639 962 τοῦτο
1664 932 1776 969 ἀμύνα-

976 982 1038 1009 σθαι
1053 982 1154 1014 αὐτοὺς
1176 983 1191 1009 6
1214 982 1298 1014 Θεός·
1316 982 1347 1009 τὸ
1371 981 1540 1018 καμηλόνιον
1553 980 1641 1015 αὐτῆς
1657 979 1770 1015 βοὰζον,

975 1029 1077 1057 καὶτὸν
1086 1029 1228 1064 ἑωσφόρον
1237 1028 1401 1056 ἐπεκαλεῖτο
1414 1029 1455 1060 εἰς
1468 1027 1606 1063 βοήθειαν,
1620 1027 1635 1053 6
1646 1026 1675 1053 δὲ
1689 1034 1776 1061 προσ-

976 1073 1090 1100 ελάϐετο
1116 1073 1196 1100 τοῦτο
1216 1073 1258 1105 εἰς
1281 1073 1328 1100 τὸν
1347 1073 1482 1109 οὐρανὸν,
1501 1073 1540 1104 ὼς
1559 1072 1685 1108 εἴρηται,
1705 1070 1776 1105 παρ’

976 1119 1068 1155 αὐτῷ,
1085 1119 1124 1152 ὥς
1151 1128 1234 1156 φησι,
1258 1120 1294 1148 τὰ
1314 1120 1437 1148 ἔκπαλαι
1459 1119 1500 1155 τῷ
1522 1119 1635 1155 πρωῖνῷ
1660 1120 1773 1154 ἄστρῳ,

976 1166 1062 1201 ⁸ἤγουν
1089 1165 1128 1201 τῷ
1151 1166 1304 1202 ἑωσφόρῳ,
1333 1167 1382 1194 καὶ
1398 1168 1432 1202 τῇ
1459 1167 1625 1202 ’Δφροδίτῃ,
1654 1166 1688 1202 ἦν
1703 1166 1778 1192 κατὰ

975 1212 1030 1238 τῶν
1063 1212 1207 1249 ’Δῤῥάῦων
1233 1213 1362 1248 γλῶσσαν
1388 1213 1570 1248 ὀνομάζουσι,
1595 1211 1669 1239 τοῦτ’
1696 1211 1775 1238 ἐστιν

977 1259 1095 1295 μεγάλη.
1125 1259 1279 1292 Ὀνειδίζων
1299 1260 1364 1292 τοὺς
1380 1259 1564 1295 Χριστιανοὺς
1579 1257 1701 1294 ἀρνητὰς
1715 1258 1776 1284 ὀνο-

128 1301 254 1330 hammed
272 1310 338 1330 vero
351 1302 525 1331 Christianos
541 1309 719 1332 contemnens
733 1309 760 1332 et
777 1305 853 1332 flocci
873 1304 920 1338 fa-

979 1305 1075 1342 μάζει,
1104 1306 1151 1333 καὶ
1179 1306 1342 1342 ἑτεριστὰς,
1366 1307 1413 1333 καὶ
1433 1306 1564 1341 διεγείρει
1590 1305 1656 1337 τοὺς
1681 1305 1776 1340 Σαρα‹

129 1348 217 1382 ciens,
233 1354 311 1376 vocat
324 1349 505 1384 abuegatores
517 1355 545 1377 et
559 1351 786 1382 ossocialores,et
802 1351 828 1378 in
841 1352 922 1378 istam

979 1353 1078 1388 κηνοὺς
1101 1353 1142 1385 εἰς
1161 1353 1211 1388 τὴν
1234 1353 1295 1380 ὁδὸν
1318 1353 1438 1388 ταύτην,
1462 1354 1509 1380 καὶ
1521 1353 1571 1387 τὴν
1589 1351 1698 1387 σφαγὴν
1714 1352 1776 1379 ὁδὸν

128 1396 282 1424 doctrinam
312 1401 340 1424 et
352 1397 422 1424 viam
436 1397 564 1432 perduxit
587 1397 750 1429 Saracenos,
766 1401 795 1425 et
817 1397 925 1424 vocavit

979 1397 1047 1424 Θεοῦ
1069 1397 1210 1433 ὀνομάζει,
1226 1398 1271 1425 τὸν
1290 1399 1362 1425 κατὰ
1377 1398 1432 1425 τῶν
1447 1398 1622 1433 Χριστιανῶν
1637 1398 1774 1433 πόλεμον,

129 1442 282 1469 doctrinatn
300 1447 328 1470 et
341 1442 412 1469 viam
431 1443 624 1474 Dei,lauienas
647 1443 881 1476 Christianorum,
899 1447 925 1471 et

979 1444 1027 1472 καὶ
1055 1445 1119 1476 τοὺς
1140 1445 1170 1471 ὲν
1200 1444 1240 1480 τῷ
1268 1444 1384 1480 τοιούτῳ
1413 1444 1525 1480 πολέμῳ
1550 1444 1777 1480 ἀποθνήσκοντας

129 1488 199 1515 bella
214 1488 311 1522 quibus
327 1487 500 1516 Christianos
516 1489 604 1516 solent
619 1494 728 1516 vastare
737 1495 764 1515 et
779 1489 923 1517 lacessere.

986 1492 1157 1527 Ἀγαρηνοὺς
1185 1492 1261 1523 υἱοὺς
1285 1492 1374 1525 Θεοῦ,
1399 1492 1449 1518 καὶ
1480 1491 1574 1524 ἀξίους
1601 1490 1650 1518 τοῦ
1683 1498 1778 1525 παρα-

130 1534 288 1570 llagareuos
302 1542 364 1561 vero
379 1535 406 1562 in
423 1535 481 1562 istis
493 1535 568 1562 bellis
576 1535 780 1566 accumbentes,
790 1534 860 1562 filios
871 1533 919 1561 Dei

979 1538 1069 1565 δείσου
1103 1538 1212 1571 καλῶν,
1243 1538 1291 1566 καὶ
1320 1539 1434 1570 πιστοὺς
1472 1539 1501 1565 ὲν
1531 1538 1602 1573 Θεῷ.
1639 1537 1778 1569 Ἑδίδσξεν

130 1589 191 1608 csse
203 1580 331 1611 asseruit,
343 1585 369 1607 et
386 1580 492 1613 fideles,
508 1586 536 1608 et
546 1580 644 1616 dignos
657 1580 703 1614 qui
726 1580 854 1608 omnibus
876 1587 925 1614 pa-

979 1584 1078 1615 αὐτοὺς
1095 1584 1110 1610 6
1133 1585 1265 1620 Μωάμεδ,
1290 1586 1319 1611 ὲν
1333 1583 1375 1616 οἷς
1392 1585 1441 1612 καὶ
1461 1584 1560 1617 τοῦτο,
1577 1584 1624 1611 ἐὰν
1648 1584 1686 1620 μὴ
1698 1583 1777 1618 εὑρί-

130 1625 212 1653 radisi
235 1625 420 1660 voluptatibus
453 1625 637 1653 cumulentur.
656 1621 729 1652 Inter
750 1625 801 1652 alia
824 1625 874 1652 hoc
898 1630 925 1652 et

129 1675 222 1702 docuit
244 1673 429 1706 Mubammed,
443 1674 516 1709 quod
529 1675 617 1701 sinon
641 1674 677 1701 sit
690 1673 724 1701 ad
738 1681 849 1701 manum
876 1680 925 1707 pa-

130 1727 190 1748 rata
210 1729 292 1755 aqtta,
311 1721 438 1756 usurpari
453 1721 538 1756 possit
554 1725 639 1752 terra,
665 1721 711 1748 sed
737 1725 809 1747 terra
836 1719 927 1748 tenuis

130 1772 157 1795 et
171 1768 348 1795 subtilissima
367 1775 419 1802 qua
433 1767 493 1794 loco
520 1774 597 1801 aquae
610 1766 694 1798 oculi,
710 1766 810 1798 vultus,
828 1774 926 1794 manus

131 1819 255 1841 terantur
268 1819 295 1839 et
315 1812 494 1840 defricentur.
512 1812 568 1839 lloc
587 1817 615 1839 et
625 1812 730 1840 addidit
748 1812 925 1840 Multammed

130 1867 160 1887 se
181 1860 307 1886 nimirum
328 1867 388 1886 csse
399 1859 516 1894 paradisi
535 1859 611 1893 quasi
628 1859 785 1892 ostiarium.
804 1864 833 1888 et
851 1859 925 1888 illius

131 1906 247 1934 clavium
264 1913 342 1933 usum
358 1913 373 1932 a
388 1913 436 1933 suo
453 1905 572 1940 pendere
583 1905 709 1932 arbitrio.

166 1952 241 1980 Talis
252 1960 327 1985 Vcro,
340 1951 489 1979 secundum
505 1951 591 1984 illum,
606 1958 647 1979 est
659 1951 819 1987 paradisus:
837 1951 865 1979 in
882 1951 927 1980 illo

131 2004 196 2027 sunt
224 2003 342 2034 quatuor
374 1998 485 2025 ﬂumina
513 2005 590 2032 aqua:
621 1998 829 2032 limpidissimze,
848 1999 925 2026 lactis

131 2044 292 2078 dulcissimi,
305 2044 360 2071 vini
377 2044 543 2077 suavissimi,
558 2050 585 2071 et
600 2043 689 2071 mellis
718 2043 924 2072 dcfzecatissimi

132 2096 158 2118 et
172 2090 288 2118 mirabili
308 2090 442 2123 colatura,
454 2090 488 2117 ab
501 2090 575 2117 onmi
591 2090 704 2118 materia
719 2091 849 2117 crassiori
863 2099 927 2125 pur-

133 2137 277 2172 gatissiuti.
298 2136 400 2171 Futura
415 2137 532 2171 quadam
559 2137 603 2164 die
632 2144 712 2169 quam
731 2136 801 2164 Deus
816 2138 875 2163 fixit
899 2141 927 2165 et

133 2183 336 2215 determinavit,
355 2183 389 2210 ad
407 2183 602 2218 quinquaginta
616 2190 749 2210 annorum
788 2184 927 2218 ntyt'iadas

977 1638 1091 1658 σκουσιν
1113 1630 1144 1664 ἐξ
1168 1631 1279 1666 ἑτοίμου
1307 1631 1399 1668 ὕδωρ,
1419 1631 1602 1667 λαμϐάνωσιν
1626 1630 1694 1666 χοῦν
1715 1630 1778 1657 ἀντὶ

977 1675 1066 1712 ὕδωρ,
1086 1676 1153 1712 χοῦν
1175 1677 1287 1706 λεπτόν.
1309 1679 1365 1705 Καὶ
1385 1678 1444 1714 μετ’
1466 1677 1550 1705 αὐτοῦ
1571 1677 1702 1713 τρίϐωσιν
1726 1677 1779 1708 τὰς

975 1723 1064 1758 ὄψεις,
1077 1724 1125 1750 καὶ
1136 1721 1187 1756 τὶς
1201 1725 1298 1760 χεῖρας
1310 1725 1405 1757 αὐτοῖς
1416 1726 1478 1752 ἀντὶ
1489 1724 1573 1760 ὕδωρ.
1589 1723 1776 1760 Προστίθησιν

977 1768 1006 1795 δὲ
1019 1770 1035 1805 ή
1050 1769 1130 1796 τοῦτο
1145 1771 1158 1796 ὁ
1173 1771 1335 1805 Μαχούμεδ,
1351 1771 1380 1803 6.;
1397 1771 1478 1804 αὑτός
1498 1773 1576 1799 ἐστιν
1591 1773 1606 1798 6
1621 1770 1669 1798 τοῦ
1685 1779 1777 1806 παρα-

976 1815 1066 1842 δείσου
1079 1816 1130 1848 τὰς
1142 1816 1217 1849 κλεῖς
1233 1817 1370 1853 κατέχων.

1012 1951 1140 1983 Τοιοῦτος
1156 1951 1202 1983 δὲ.
1219 1951 1313 1986 λέγει,
1334 1950 1368 1988 ἧν
1389 1953 1403 1979 6
1419 1951 1605 1988 παράδεισος,
1622 1953 1651 1979 έν
1664 1948 1687 1986 ᾧ
1699 1952 1776 1985 λέγει

977 1997 1116 2034 τέσσαρας
1139 1995 1210 2024 εἶναι
1232 1998 1374 2033 ποταμοὺς
1394 1998 1424 2031 ἐξ
1444 1997 1542 2030 ὕδατος
1556 1997 1707 2028 ἀθολὼτου.
1729 1999 1779 2025 καὶ

977 2043 1116 2078 γάλακτος
1140 2043 1177 2079 μὴ
1202 2044 1389 2077 ἀλλάσσοντος
1417 2045 1463 2071 τὸν
1482 2045 1577 2072 νόστον
1603 2045 1702 2077 αὑτοῦ,
1729 2045 1779 2072 καὶ

977 2090 1050 2117 οἴνου
1072 2090 1163 2126 ἡδέος,
1189 2091 1237 2117 καὶ
1266 2091 1376 2126 μέλιτος
1405 2092 1526 2120 ὐλιστοῦ.
1547 2092 1604 2119 Καὶ
1629 2092 1701 2119 κατὰ
1725 2093 1777 2126 τὴν

979 2136 1132 2172 μέλλουσαν
1151 2137 1276 2172 ἡμέραν,
1295 2137 1329 2172 ἢν
1348 2138 1413 2173 περὶ
1431 2139 1446 2164 6
1461 2137 1526 2169 Θεὸς
1546 2137 1634 2174 ὁρίζει
1651 2139 1691 2170 εἰς
1709 2146 1778 2164 πεν-

977 2183 1097 2218 τήκοντα
1119 2183 1243 2218 χιλιάδας
1258 2183 1328 2210 ὲτῶν
1345 2183 1449 2217 διάγειν
1467 2183 1497 2210 ὲν
1514 2184 1591 2218 αὐτῷ
1604 2184 1668 2215 τοὺς
1685 2184 1778 2219 Σαρα-

132 2237 228 2258 omnes
244 2229 396 2257 Saracenos
409 2230 472 2256 illttc
487 2237 548 2257 esse
583 2230 819 2265 transportandos,
835 2235 862 2257 cl
891 2230 925 2257 ibi

981 2229 1083 2264 κηνοὺς
1101 2232 1173 2265 μετὰ
1182 2229 1237 2257 τῶν
1254 2229 1328 2256 [δίων
1341 2230 1481 2263 γυναικῶν
1493 2231 1560 2261 ὅσας
1574 2227 1648 2265 εἶχεν
1661 2230 1778 2262 ἕκαστος

132 2277 216 2304 vitam
241 2277 456 2304 arumnissimam
485 2281 683 2308 transacturos,
708 2284 769 2303 cum
810 2276 928 2311 propriis

135 2324 267 2351 uxoribus
283 2323 378 2350 eodem
393 2331 507 2349 numero
520 2328 587 2358 quot
604 2323 727 2350 viventes
741 2323 768 2350 in
783 2324 834 2350 hac
853 2328 925 2350 terra

134 2377 235 2396 uxores
249 2368 387 2396 aluerunt.
405 2367 441 2394 lbi
456 2369 506 2395 sub
519 2369 614 2395 umbra
627 2374 653 2394 et
667 2369 784 2403 tegmine
798 2369 926 2395 arborum

134 2417 314 2450 quarumdam
335 2422 395 2448 quae
419 2413 548 2441 dicuntur
574 2414 654 2441 Sidre
680 2420 707 2441 et
737 2413 849 2446 Talecb,
864 2421 928 2440 sua-

134 2461 263 2491 vissimus
283 2461 387 2488 fructus
402 2466 585 2494 comesturos,
597 2461 693 2487 avibus
709 2465 790 2488 ςειιιιιι
806 2468 855 2488 suo
864 2467 927 2488 sua-

134 2507 247 2534 vissimo
264 2515 358 2534 eorum
373 2514 454 2533 aures
470 2507 662 2534 mulcentibus.
684 2506 737 2534 Ora
770 2507 927 2542 proluturos

135 2555 198 2581 vino
211 2561 243 2580 ex
265 2552 339 2580 fonte
354 2553 490 2587 Caplmra,
509 2559 536 2580 et
550 2562 563 2579 a
582 2553 654 2580 fonte
671 2552 806 2581 Zouziber
821 2555 866 2589 qui
883 2554 927 2581 di—

133 2600 206 2627 citur
224 2598 367 2626 Salsubila.
385 2598 417 2625 Et
431 2600 521 2625 vinum
538 2599 734 2633 propinatums
747 2606 781 2625 ex
793 2597 870 2625 fonte
879 2599 926 2633 qui

134 2646 234 2673 dicitur
263 2645 405 2673 Tliesnim.
422 2644 530 2672 Illorum
557 2652 620 2672 vero
646 2649 780 2673 staturum
809 2645 927 2672 futuram

135 2691 326 2724 ('t‘iaissllllalll,
344 2690 526 2719 masculorum
545 2690 666 2726 quidem,
685 2690 850 2718 feminarum
863 2699 928 2719 vero

132 2738 312 2773 quadraginta
328 2738 491 2765 cubitorum.
502 2737 652 2764 lnsatiabili
668 2745 731 2764 vero
745 2737 858 2764 libidine
887 2738 928 2765 itt-

243 2785 373 2816 t-oituros,
390 2785 454 2819 quia
485 2785 599 2811 istorum
628 2792 824 2818 congressurum
844 2785 927 2812 Deum

134 2831 221 2865 ipsum
241 2839 292 2857 non
312 2831 394 2866 pudet
416 2840 466 2858 nec
480 2831 516 2857 illi
536 2836 598 2857 sunt
617 2831 737 2858 fastidio.
753 2830 930 2858 lutrndnccu-

133 2877 183 2902 das
201 2885 265 2903 vero
283 2878 308 2903 in
323 2877 479 2911 paradisum
502 2878 601 2905 asserit
620 2876 793 2905 Multammcd
820 2883 928 2913 seplua-

134 2790 152 2811 lt
164 2794 174 2810 Γ
189 2793 217 2810 sc

980 2275 1020 2302 ἔτι
1035 2275 1106 2308 ζῶν,
1132 2275 1179 2302 καὶ
1204 2275 1257 2302 ὑπὸ
1284 2276 1364 2303 σκιάν
1378 2285 1460 2304 τινων
1478 2277 1599 2312 δένδρων
1620 2275 1668 2304 τοῦ
1686 2285 1778 2311 παρα-

978 2322 1080 2355 δείσου,
1095 2322 1113 2349 ἆ
1127 2321 1250 2349 καλεῖται
1266 2323 1349 2358 Σῐδρη
1365 2323 1414 2350 καὶ
1431 2323 1532 2359 Τάλεχ.
1547 2323 1660 2358 ὀπώραν
1674 2323 1780 2351 iniiinii-

978 2377 1040 2401 τες,
1059 2370 1106 2396 καὶ
1129 2370 1249 2404 ὀρνέων·
1270 2370 1395 2402 πίνοντες
1435 2370 1489 2397 ἀπὸ
1519 2371 1639 2406 Καφυρὰ
1665 2371 1777 2405 πηγῆς,

979 2416 1027 2442 καὶ
1042 2415 1096 2442 ἀπὺ
1110 2415 1246 2451 Ζογγῐϐερ
1265 2418 1356 2452 πηγῆς
1368 2437 1376 2450 ,
1388 2417 1583 2453 ὀνομασμένης
1600 2417 1756 2444 summa
1769 2425 1776 2432 '

979 2461 1027 2488 καὶ
1057 2459 1129 2488 οἶνον
1148 2461 1406 2497 προσφερομένους,
1422 2462 1452 2488 ὃν
1472 2462 1502 2488 τὸ
1518 2462 1646 2497 κέρασμα
1670 2462 1703 2488 ἐκ
1722 2469 1779 2496 πη-

979 2507 1030 2543 γῆς
1046 2507 1177 2543 Θεσνείμ.
1198 2505 1248 2534 Ὧν
1269 2508 1298 2534 αὶ
1313 2508 1417 2542 ἡλικίαι
1432 2509 1635 2543 οὐρανομήκεις
1654 2508 1780 2543 ἀρῤένων

979 2561 1009 2580 τε
1030 2554 1078 2580 καὶ
1100 2553 1216 2589 θηλειῶν
1230 2554 1438 2589 τεσσαράκοντα
1456 2554 1566 2589 πήχεις,
1584 2553 1779 2585 συνουσιαζόν-

980 2607 1035 2626 των
1047 2599 1219 2635 ὰκορέστως,
1235 2600 1319 2635 φησὶν
1331 2620 1338 2631 ,
1359 2600 1399 2626 ὅτι
1425 2601 1439 2626 6
1457 2599 1525 2631 Θεὸς
1545 2600 1596 2626 οὐκ
1616 2599 1777 2634 αἰσχύνεται

979 2645 1075 2679 τοῦτο·
1099 2645 1204 2679 εἰσάξει
1223 2645 1253 2672 δὲ
1283 2647 1313 2672 ὲν
1339 2645 1378 2681 τῷ
1403 2646 1561 2682 παραδείσῳ
1589 2645 1777 2680 ἑϐδομήκοντα

980 2692 1104 2728 χιλιάδας
1116 2692 1231 2719 δικαίων
1242 2713 1250 2723 ,
1271 2693 1335 2724 τοὺς
1351 2693 1380 2719 δὲ
1395 2693 1578 2728 ἁμαρτωλοὺς
1595 2692 1779 2728 κριθήσεσθαι

981 2739 1056 2775 παρὰ
1080 2738 1127 2766 τοῦ
1146 2739 1231 2770 Θεοῦ,
1249 2739 1297 2766 καὶ
1317 2741 1481 2767 πιττακίων-
1493 2740 1532 2766 sic
1545 2740 1607 2770 τοὺς
1622 2739 1779 2774 τραχήλους

981 2785 1072 2812 αὐτῶν
1088 2786 1314 2821 περιτιθεμένων,
1330 2785 1418 2818 οὕτως
1434 2786 1638 2813 εἰσελεύσεσθαι
1653 2785 1701 2812 καὶ
1714 2785 1778 2812 τού-

980 2841 1043 2862 τιευς
1065 2832 1105 2864 εἰς
1130 2832 1175 2858 τον
1217 2832 1384 2867 παρὰδεισόν
1424 2841 1524 2868 φησιν,
1556 2831 1777 2868 ὀνομαζομένους

981 2878 1182 2914 ἀπεῖπευῢέρους
1199 2877 1246 2905 τοῦ
1262 2879 1396 2915 Μωάμεδ.
1419 2880 1473 2906 Καὶ
1488 2879 1532 2907 ἵνα
1552 2879 1590 2915 μὴ
1612 2879 1627 2906 6
1643 2879 1781 2914 παράδει-
