1932 3067
168 222 198 256 14
204 225 237 256 57
732 227 954 259 CONFUTATII

1011 227 1266 259 [UHAMMEDIS.
1718 266 1721 267 ν
1749 227 1817 261 1458

167 289 214 312 σος
232 280 359 316 ἔμπλεως
373 281 457 318 φέρον
471 290 508 315 τι,
528 281 593 313 τοὺς
610 282 772 317 Σαμαριτας
789 284 890 319 ὲφιστᾷ
902 283 954 310 τούι

1019 283 1092 318 ginta
1115 283 1251 318 myriadas
1274 284 1423 319 justorum.
1442 284 1611 315 Peccatores
1638 294 1703 315 vero
1733 294 1816 321 quos-

165 336 220 354 των
229 349 236 360 ,
254 328 368 354 κάκεῖσε
383 328 524 356 δουλεύειν
538 328 744 365 ἀκαταπαύστῳ
756 329 880 365 λατρεία.

1018 331 1080 358 datn
1097 338 1111 356 a
1126 331 1179 358 Deo
1188 330 1360 365 judicandos,
1379 331 1424 366 qui
1441 332 1562 366 pittaciis
1590 335 1752 369 quibusdam
1777 341 1812 360 ex

166 373 236 400 collo
251 374 431 408 pendentibus
444 375 498 401 sint
510 374 705 410 distinguendi,
716 379 743 402 et
761 375 786 402 in
800 376 956 410 paradisum
976 375 1176 409 introducendi.
1205 381 1232 404 et
1246 377 1336 404 liberti
1375 377 1577 407 Multatnmedis
1593 381 1766 409 nominandi.
1785 382 1818 409 Et

165 427 200 448 ne
222 419 364 454 paradisus
379 421 506 448 sordibus
533 421 690 456 impleatur,
727 421 880 450 Samaritas
917 422 1016 450 asserit
1053 422 1089 450 ibi
1110 423 1257 458 sistendos,
1293 425 1338 460 qui
1372 425 1426 452 illis
1453 427 1577 454 serviant
1589 432 1616 455 et
1645 426 1816 457 indesinenti

164 465 258 493 labore
286 466 434 501 purgandis
449 467 579 495 sordibus
593 471 778 502 occupentur.

198 524 255 551 Καὶ
285 523 315 550 ὲν
338 523 377 559 τῷ
403 524 496 560 καιρῷ
513 525 564 559 τῆς
592 525 714 560 κρίσεως
733 525 748 551 ὁ
769 525 819 560 μὲν
836 524 958 560 Μωῦσῆς

165 571 259 606 μέλλει
285 570 451 603 κολάζεσθαι
475 571 513 603 ὡς
536 572 704 607 παραϐάτης
727 571 823 606 νόμου.
840 572 896 598 Καὶ
920 572 960 603 εἰς

163 616 220 651 πῦρ
244 615 410 652 βληθήσεται
431 616 485 647 mi;
507 617 521 642 6
546 616 611 649 λαὸς
632 616 687 643 τῶν
716 616 894 651 Ἰσραηλιτῶν
923 616 962 647 ὡς

163 663 248 691 πολλὰ
264 663 378 696 δοξάσας
393 663 494 695 αὐτοὺς
507 664 522 689 6
539 664 606 695 Θεὸς
617 685 624 697 ,
640 665 765 691 κάκεῖνοι
783 663 821 698 μὴ
834 662 962 689 πεισθέν-

161 718 224 742 τες,
247 710 424 745 παραϐάντες
450 711 496 738 τὸν
522 711 607 745 νόμον
638 709 767 745 μέλλουσι
793 709 962 744 κολασθῆναι

162 756 281 788 αἰωνίως
294 757 343 784 καὶ
359 758 399 789 εἰς
412 757 468 793 πῦρ
485 756 656 791 ἐμϐληθῆναι
670 756 724 788 πᾶς
736 757 750 783 6
760 755 823 788 λαὸς
841 755 962 791 Ἰσραήλ.

162 804 194 830 Οῑ
211 803 239 830 δὲ
257 804 418 839 Χριστιανοὶ
443 803 490 831 καὶ
512 803 591 830 αὐτοὶ
620 802 732 830 κολάσει
759 801 963 838 παραδοθήσον-

160 859 216 882 ’ται1
234 849 272 882 ὡς
285 849 453 881 καλέσαντες
464 849 511 876 τὸν
523 849 644 885 Χριστὸν
654 848 722 875 Θεὸν
734 847 961 885 σεσαρκωμένον,

161 895 244 923 αὑτὸν
268 895 296 922 δὲ
323 895 486 931 ἀπεφήνατο
511 895 651 931 σωτηρίας
676 894 837 930 ἀξιωθῆναι,
864 894 912 921 καὶ
937 893 962 919 οἱ

166 941 324 978 Ἄγαρηνοι.
350 940 471 969 Τοιαῦτα
487 941 535 968 τοῦ
558 940 709 977 Μαχούμετ
731 940 766 968 τὰ
783 941 956 976 διδάγματα,

158 988 274 1015 τοιαῦτα
302 987 386 1015 αὐτοῦ
416 988 452 1015 τὰ
482 987 651 1023 σοφίσματα.
680 986 902 1022 Τελευτήσαντος
927 985 957 1012 δὲ

159 1032 244 1071 αὑτοῦ
255 1054 262 1065 ,
285 1034 341 1066 πᾶς
357 1034 372 1060 ὁ
394 1033 449 1060 τῶν
472 1033 634 1069 ’Δγαρηνῶν
651 1032 773 1068 συνήχθη
791 1032 875 1068 ἐσμὸς
887 1052 895 1064 ,
911 1031 958 1058 καὶ

160 1080 329 1116 βαρὸαρικδν
344 1080 444 1117 θρῆνον
457 1079 580 1112 ἅπαντες
594 1081 793 1116 πεποιήκεσαν,
809 1079 880 1106 οὕτω
893 1079 958 1106 τοῦ-

158 1135 204 1153 τον
225 1127 344 1163 λάρνακι
363 1127 532 1163 μαρμαρινῳ
553 1127 721 1163 ποιήσαντες
746 1124 898 1162 ὲπέθηκανζ
928 1125 958 1153 Ὀ

157 1169 206 1200 οὖν
219 1172 303 1207 νόμος
315 1171 372 1200 τῶν
390 1172 572 1208 Ἰσμαηλιτῶν
587 1173 601 1200 ὁ
613 1172 819 1209 ὀνομαζόμενος
831 1171 955 1209 Κορῤὰν,

158 1220 173 1246 6
190 1219 238 1246 καὶ
270 1219 346 1254 παρὰ
364 1218 411 1246 τοῦ
432 1219 584 1254 Μαχούμετ
606 1219 695 1251 δοθεὶς
722 1220 773 1246 οὐκ
790 1218 872 1254 ἐτέθη
890 1219 956 1255 παρ’

157 1264 241 1292 αὑτοῦ
257 1265 304 1291 καὶ
321 1265 416 1300 μόνου,
435 1265 504 1292 ἀλλὰ
520 1266 569 1292 καὶ
587 1265 654 1300 παρ’
668 1265 772 1299 ἑτέρων
788 1264 888 1297 τινῶν,
909 1264 956 1292 τοῦ

158 1309 284 1347 γαμϐροῦ
301 1311 385 1337 αὑτοῦ
405 1310 481 1345 ’Δλῆ,
503 1311 551 1337 καὶ
577 1310 666 1338 ἄλλων
686 1310 775 1343 ἑπτὰ,
797 1310 845 1337 τοῦ
860 1310 955 1344 Ναφὲ,

164 1356 243 1389 Ἐον,
265 1356 364 1392 ’ομὰρ,
390 1356 537 1392 Ἐλρεσὰρ,
567 1356 664 1392 Ἀσὴρ,
691 1355 751 1382 υἱοῦ
774 1355 822 1382 τοῦ
851 1355 954 1391 Χετὴρ,

157 1403 204 1430 καὶ
227 1402 285 1429 υἱοῦ
302 1402 351 1429 τοῦ
374 1402 470 1439 Ἀμέρ.
487 1402 635 1430 Λαδόντων
651 1401 744 1429 τοίνυν
756 1402 811 1429 τῶν
831 1401 880 1437 μὲν
897 1402 957 1428 τοῦ·

157 1457 214 1481 τον,
229 1448 283 1475 τῶν
302 1448 331 1475 δὲ
353 1450 469 1480 ἐκεῖνον,
489 1448 536 1475 καὶ
553 1448 728 1484 βουλομένων
749 1447 875 1474 ἑκάστων
891 1447 957 1482 στῆ-

123 1499 125 1501 ’
157 1503 204 1521 σαι
220 1495 266 1521 τὸν
284 1493 362 1526 ἴδιον,
386 1494 456 1529 μετὰ
479 1494 595 1522 θάνατον
616 1493 664 1520 τοῦ
687 1501 719 1520 τε
742 1492 808 1528 ’Λλῆ
845 1493 955 1520 καὶτοῦ

156 1541 301 1575 Μωάμεθ,
321 1540 443 1574 στάσεις,
468 1541 516 1568 καὶ
542 1539 724 1576 φιλονεικίαι,
746 1540 795 1566 κα)⁴
821 1539 954 1574 πόλεμοι,

156 1588 204 1616 καὶ
218 1587 312 1623 χύσεις
327 1588 454 1623 αἱμάτων
473 1588 557 1622 μέσον
574 1587 628 1614 τῶν
641 1587 774 1622 διαδόχων
785 1586 876 1613 αὐτῶν
891 1587 956 1622 ἐμε-
969 1603 991 1632 c

123 1658 126 1659 ,
157 1634 321 1670 σολάὗησαν.
344 1634 425 1661 Ἀλλὰ
439 1635 489 1670 τὴν
503 1635 624 1670 σήμερον
636 1634 661 1660 οἱ
679 1634 729 1669 μὲν
740 1633 810 1668 πρὸς
821 1633 955 1668 ἀλλήλους

156 1681 272 1717 πόλεμοι
301 1680 443 1713 ἔπαυσαν,
473 1681 489 1716 ἡ
519 1680 549 1707 δὲ
567 1681 728 1712 διάστασις,
748 1679 795 1706 καὶ
821 1679 955 1715 διαίρεσις

156 1728 353 1762 ἐπεκράτησε,
381 1727 432 1754 καὶ
459 1727 584 1762 δέχονται
615 1728 640 1754 οἱ
670 1727 719 1762 μὲν
745 1727 840 1759 τόνδε,
876 1728 902 1754 οἱ
925 1727 954 1754 δὲ

155 1772 245 1799 τόνδε.

192 1861 240 1893 Εἰς
254 1861 286 1888 τὸ
300 1860 493 1893 ἑξακοσιοστὸν
508 1863 553 1893 κς¹
567 1860 627 1893 έτος
642 1861 697 1888 ἀπὸ
713 1863 763 1897 τῆς
783 1863 830 1890 τοῦ
846 1864 952 1900 Κυρίου

157 1907 325 1943 σαρκώσεως
344 1907 433 1942 ἐφάνη
447 1907 461 1934 ὁ
479 1907 604 1942 Μωάμεθ
621 1909 861 1945 πεντεκαιδεκάτῳ
875 1911 953 1945 βασι-

154 1953 280 1986 λεύοντος
307 1953 467 1989 Ἡρακλείου
478 1974 486 1986 ,
502 1954 549 1980 ἐπὶ
562 1953 611 1980 τοῦ
628 1954 762 1990 Χοσρόου,
783 1956 828 1982 ὅτε
845 1957 951 1993 ἡττήθη

156 2000 209 2027 ὑπὸ
231 1999 404 2036 Ἡρακλείου.
420 1999 630 2036 Προσεκολλήθη
646 2000 674 2026 δὲ
690 2000 730 2036 τῷ
742 2002 893 2038 Μαχούμετ
909 2012 952 2036 τις

161 2046 323 2082 Ἶακωὸιτης
353 2046 466 2082 ὀνόματι
501 2047 622 2084 Βαειρὰ,
650 2048 711 2074 ἐπεὶ
733 2048 816 2080 αὐτὸς
842 2048 952 2084 ἰδιώτης

153 2091 199 2129 ἦν,
217 2093 264 2120 καὶ
285 2093 470 2129 ἀγράμματος
481 2102 487 2110 ’
511 2094 626 2130 ὕστερον
638 2094 667 2121 δὲ
688 2094 854 2123 ἀπέκτεινεν
870 2097 951 2125 αὑτὸν

153 2141 333 2176 ὁΜαχούμετ
351 2141 398 2167 τὸν
431 2141 604 2177 Ἰακωϐίτην.
637 2141 719 2169 Ἀλλὰ
748 2142 797 2170 καὶ
827 2143 952 2171 Ἰουδαῖοι

154 2195 238 2218 τινες,
253 2187 357 2218 Φινεὲς,
369 2188 416 2213 καὶ
430 2187 516 2214 Αὐδιὰ
529 2187 644 2222 ὀνόματι
659 2187 764 2220 Σαλὼν,
780 2188 850 2223 μετὰ
863 2189 950 2217 ταῦτα

154 2228 183 2255 δὲ
198 2229 322 2256 actam
338 2230 498 2266 εἰρημένος,
519 2231 569 2258 καὶ
585 2231 690 2266 Σελὲμ,
710 2232 735 2259 οἳ
751 2233 799 2259 καὶ
819 2235 950 2268 γεγόνασι

156 2275 339 2311 Σαρῤακηνοί.
355 2277 409 2303 Καί
425 2286 499 2309 τινες
513 2277 692 2313 Νεστοριανοὶ¹
714 2278 835 2314 μάλιστα
854 2288 953 2307 κοινω-

155 2323 231 2349 νοῦσι
257 2323 446 2358 Σιρῥακηνοῖς
468 2324 594 2359 λέγοντες
626 2325 665 2360 μὴ
691 2325 758 2352 Θεὸν
783 2327 950 2362 γεγενῆσθαι

155 2369 187 2396 ὲκ
202 2369 252 2404 τῆς
271 2369 380 2404 Μαρίας
397 2370 555 2405 Παρθένου,
571 2371 631 2397 ἀλλ’
647 2370 731 2398 αὑτὸν
754 2371 858 2407 Ἰησοῦν
881 2372 949 2409 Χρι-

155 2415 229 2442 στόν.
257 2416 312 2443 Καὶ
332 2416 393 2442 τότε
412 2416 560 2453 συνέθηκεν
586 2418 600 2444 6
627 2417 751 2453 Μωάμεο
777 2418 838 2446 τινὰ
864 2419 948 2454 νόμου

154 2461 249 2497 τρόπῳ
262 2462 307 2489 διά
329 2462 383 2489 τῶν
399 2463 501 2498 ἐτέρων
518 2463 666 2498 λαμϐάνων
680 2465 741 2491 τινὰ
766 2465 816 2499 μὲν
846 2466 879 2493 ἐκ
899 2466 950 2502 τῆς

155 2508 286 2541 Παλαιᾶς,
300 2510 362 2536 τινὰ
381 2509 410 2536 δὲ
423 2510 455 2536 ὲκ
465 2509 517 2544 τῆς
535 2510 639 2545 Καινῆς
660 2511 811 2546 Διαθήκης.
838 2512 875 2538 Οὐ
896 2512 950 2548 μὴν

154 2555 215 2581 τότε
233 2555 247 2581 ό
269 2554 333 2587 λαὸς
350 2555 439 2591 εἴχετο
467 2555 653 2591 ’Λλκοράνου,
669 2557 684 2583 6
697 2556 726 2583 δὲ
749 2557 830 2593 Ἀλῆς
844 2555 878 2593 ἦν
893 2559 950 2588 υἱὸς

154 2601 202 2628 τοῦ
224 2601 377 2637 Ἀὃιτελέμ.

972 929 994 958 Β

1049 526 1095 552 Die
1106 530 1197 554 autem
1207 526 1302 562 judicii
1320 528 1435 555 extremi
1450 529 1595 556 contendit
1625 528 1815 563 Muhammed,

1011 571 1101 599 Mosen
1126 573 1215 607 pcenis
1244 574 1390 602 obnoxium
1421 574 1541 601 futurum
1569 580 1598 602 ttt
1628 580 1815 610 transgresso-

1012 625 1067 644 retn
1090 618 1166 652 legis,
1180 618 1318 646 lsraelitas
1355 627 1420 646 vero
1444 620 1469 647 in
1500 620 1591 655 ignem
1619 622 1813 656 detrudendos,

1012 665 1084 698 quod
1101 665 1173 693 Deus
1186 665 1245 693 illos
1264 666 1347 693 multa
1364 666 1490 693 docuerit
1502 668 1602 701 quibus
1619 676 1681 695 eum
1711 668 1813 696 fuerint

1014 711 1143 738 increduli
1160 711 1365 746 etimmorigeri
1379 733 1386 745 ,
1403 713 1513 740 arternis
1536 713 1678 748 suppliciis
1697 719 1724 742 et
1748 715 1811 749 igne

1013 756 1230 794 inexstinguibili
1249 757 1366 785 cruciari
1398 757 1516 786 debeant
1540 766 1636 787 omnes
1665 760 1808 788 Israelitte.

1015 803 1187 831 Christianos
1213 808 1303 831 autem
1328 804 1490 839 gravissima
1521 805 1604 832 etiam
1627 813 1707 841 paena
1740 806 1810 834 allii-

1011 849 1124 884 gendos,
1138 850 1211 885 quod
1224 849 1363 878 Christum
1384 851 1544 878 vocaverint
1563 852 1646 879 Deum
1679 853 1810 880 incarna-

1013 901 1082 923 tunt.
1102 895 1192 930 lpsum
1224 903 1290 923 vero
1318 896 1458 924 Christum
1484 896 1601 924 salutetur
1630 903 1809 925 consecutum

1009 942 1118 980 asserit,
1132 944 1203 976 quod
1235 945 1262 969 et
1282 947 1394 970 censent
1422 943 1485 977 ipsi;
1499 943 1629 977 Agareni.
1646 942 1723 971 Talia
1750 944 1810 972 l'ue-

1010 993 1073 1015 runt
1087 988 1223 1023 dogmata,
1236 988 1396 1022 imposuit-:2
1412 994 1439 1015 et
1452 988 1625 1023 sophismata
1636 989 1808 1017 Huhamme-

1008 1035 1113 1069 dis,qui
1125 1042 1185 1062 cum
1199 1035 1305 1062 tandem
1321 1035 1378 1063 fato
1394 1036 1535 1068 cessisset,
1546 1040 1574 1063 et
1587 1040 1711 1063 mortuus
1724 1041 1808 1069 esset,

1008 1082 1274 1116 omnibusAgarenis
1296 1087 1425 1116 tanquam
1441 1083 1603 1118 agminibus
1633 1083 1712 1109 factis
1738 1090 1807 1110 con-

1008 1127 1181 1154 currentibus
1193 1126 1445 1158 etconlluentibus,
1463 1127 1580 1154 barbaro
1613 1127 1687 1154 luctu
1710 1132 1738 1154 et
1766 1127 1810 1154 fu-
1841 1162 1845 1166 .

1007 1179 1074 1200 nere
1100 1172 1175 1200 illum
1201 1177 1266 1200 sunt
1297 1173 1446 1207 prosecuti,
1475 1173 1606 1208 illutnqne
1633 1173 1760 1208 sepulcro
1784 1178 1813 1201 et

1008 1227 1080 1247 ιιι-ειη
1098 1227 1260 1247 marmoreae
1273 1220 1431 1247 condidere.
1453 1218 1510 1247 Lex
1525 1227 1590 1255 ergo
1602 1219 1806 1248 lsntaelitarum

1008 1273 1068 1301 quae
1081 1272 1195 1293 voaatur
1207 1267 1331 1294 Coranus
1346 1272 1374 1293 et
1387 1274 1449 1300 quae
1462 1275 1476 1293 a
1490 1266 1681 1294 Muhatnmede
1709 1268 1809 1294 tradita

1008 1313 1122 1344 dicitur,
1138 1321 1191 1340 non
1217 1313 1251 1340 ab
1280 1312 1328 1340 illo
1341 1313 1398 1340 solo
1413 1313 1462 1340 fuit
1477 1314 1599 1348 exposita
1626 1317 1654 1340 et
1667 1318 1808 1346 enarrata,

1007 1360 1054 1386 sed
1072 1367 1087 1386 a
1104 1359 1266 1394 quibusdam
1284 1359 1357 1390 aliis,
1375 1359 1505 1386 nimirum
1535 1360 1575 1386 Ali
1609 1358 1810 1387 liluhamtnedis

1008 1412 1107 1439 genero
1122 1409 1149 1431 et
1160 1412 1174 1431 a
1190 1409 1293 1439 septem
1307 1404 1378 1435 aliis.
1396 1407 1492 1439 nempe
1504 1413 1517 1430 ιι
1529 1404 1633 1438 Naphc,
1644 1405 1678 1431 ab
1693 1405 1761 1437 Eon,
1774 1405 1810 1432 ab

1008 1453 1102 1484 Omar,
1119 1453 1152 1479 ab
1167 1451 1286 1483 Elresar,
1297 1452 1331 1478 ab
1344 1451 1423 1482 Aser,
1443 1459 1456 1477 a
1489 1451 1542 1478 lilio
1554 1451 1664 1484 Cheter,
1680 1455 1708 1478 et
1722 1461 1735 1477 a
1756 1451 1810 1479 ﬁlio

1006 1497 1099 1524 Anter.
1109 1496 1161 1523 Alii
1172 1503 1236 1524 vero
1251 1496 1324 1530 huic,
1337 1497 1380 1523 alii
1396 1503 1459 1523 vero
1469 1496 1547 1522 alteri
1564 1496 1706 1523 adlnerere
1717 1496 1808 1523 volen-

1009 1543 1093 1574 tibus.
1108 1547 1134 1570 et
1151 1547 1212 1577 post
1225 1546 1338 1570 tuortettt
1356 1542 1397 1569 Ali
1413 1547 1440 1569 et
1453 1541 1665 1574 Muhaunnedis,
1689 1542 1805 1577 singulis

1007 1590 1232 1625 suumproprium
1244 1589 1382 1617 doctorem
1394 1596 1554 1623 promovere
1566 1589 1805 1619 contendentibus.

1009 1637 1170 1668 seditiones.
1189 1636 1308 1668 invidiae,
1329 1637 1406 1667 rixat.
1426 1636 1497 1662 bella
1507 1636 1700 1663 cruentissima
1713 1641 1808 1663 exorta

1006 1687 1072 1709 sunt
1087 1683 1159 1709 inter
1170 1689 1355 1709 successores.
1373 1681 1428 1708 ll0c
1443 1681 1553 1716 quidem
1577 1687 1699 1716 tempore
1729 1682 1801 1708 bella

1007 1733 1161 1759 cessarunt,
1177 1728 1224 1755 sed
1239 1735 1347 1761 semper
1362 1732 1522 1762 grassantur
1536 1727 1687 1755 divisiones
1703 1732 1730 1755 et
1743 1728 1801 1756 dis-

1005 1775 1115 1807 sidia,et
1129 1774 1175 1801 alii
1189 1774 1272 1807 hanc,
1291 1775 1337 1802 alii
1356 1774 1472 1801 alterum
1488 1774 1664 1808 pertinaciter
1681 1781 1804 1809 sequun-

1007 1827 1060 1849 tur.

1039 1867 1118 1894 Anno
1147 1866 1347 1894 sexcentesimo
1364 1866 1493 1893 vicesimo
1510 1871 1587 1893 sexto
1604 1865 1804 1894 htcarnationis

1004 1917 1081 1939 ortus
1090 1917 1132 1939 est
1139 1911 1322 1944 Muhamtned,
1332 1913 1439 1939 decimo
1446 1912 1542 1946 quinto
1551 1920 1623 1938 anno
1631 1913 1805 1947 imperatoris

1004 1958 1139 1990 Heraclii,
1154 1959 1206 1985 sub
1217 1957 1357 1991 Cltosroe,
1371 1965 1431 1984 cmn
1442 1958 1487 1985 hic
1500 1959 1533 1984 ab
1544 1957 1669 1985 Heraclio
1679 1959 1749 1986 bello
1759 1960 1806 1995 vi—_

1003 2007 1062 2030 cttts
1073 2008 1100 2030 et
1119 2009 1262 2037 superatus
1278 2003 1339 2030 fuit.
1353 2002 1463 2030 Sorium
1478 2010 1568 2030 autem
1585 2012 1614 2031 se
1623 1998 1807 2032 Mnhannned'

1000 2048 1091 2083 junxit
1108 2050 1257 2076 monachus
1274 2050 1382 2084 quidam
1396 2049 1532 2081 Jacohita,
1549 2051 1592 2077 ctti
1606 2050 1691 2077 Βοὴ-ω
1704 2058 1804 2078 nomen

1003 2100 1073 2126 erat,
1089 2095 1151 2130 quia
1166 2095 1209 2122 ille
1221 2095 1304 2123 idiota
1317 2101 1378 2122 erat
1389 2101 1417 2123 et
1432 2096 1586 2123 litterarum
1617 2097 1697 2130 plane
1716 2097 1803 2125 rudis.

1002 2141 1069 2169 Cum
1078 2149 1141 2168 vero
1149 2141 1194 2168 diu
1208 2142 1278 2168 inter
1285 2149 1316 2169 se
1328 2143 1430 2169 mutuis
1439 2141 1535 2169 olliciis
1545 2143 1693 2169 amicitiam
1707 2144 1805 2171 coluis-

1002 2192 1074 2219 sent,
1090 2187 1197 2214 tandettt
1209 2187 1283 2213 illttnt
1304 2187 1446 2214 interemit
1460 2187 1675 2215 Mnhatnmedes.
1692 2189 1745 2215 Sed
1773 2195 1802 2217 et

1001 2233 1034 2260 Jn
1048 2233 1087 2260 lari
1105 2233 1215 2267 quidam
1237 2238 1266 2260 ut
1279 2232 1398 2260 Phincos
1422 2238 1449 2260 et
1464 2234 1550 2261 Audia
1576 2234 1621 2268 qtti
1654 2235 1805 2262 vocabatur

969 2280 1098 2312 DSalon,
1128 2280 1217 2307 socias
1254 2287 1352 2306 manus
1394 2279 1582 2306 Mnhatnmedi
1617 2281 1802 2309 tradiderunt.

997 2327 1060 2354 Post
1073 2326 1132 2353 illos
1145 2330 1246 2358 autent,
1265 2326 1378 2353 Abdalla
1393 2332 1420 2352 et
1439 2325 1531 2353 Salen)
1561 2332 1643 2361 gente
1669 2327 1801 2355 Saraceni

995 2373 1068 2400 illius
1084 2378 1175 2408 partes
1194 2373 1279 2400 secuti
1307 2378 1381 2400 sunt.
1399 2372 1430 2399 Et
1444 2374 1560 2407 quidem
1595 2373 1678 2406 etiam
1699 2373 1802 2401 Nesto-

999 2419 1125 2454 rianiqni
1141 2426 1235 2446 revera
1266 2427 1328 2445 cum
1350 2419 1496 2446 Saracenis
1522 2420 1636 2454 gemina
1666 2420 1801 2462 sentiunt,

998 2473 1150 2495 asserentes
1168 2467 1249 2494 Deum
1266 2475 1318 2494 non
1331 2472 1423 2494 natunt
1449 2475 1479 2494 ex
1499 2467 1610 2503 Virgine
1633 2467 1716 2495 Maria
1729 2489 1736 2500 ι
1755 2470 1802 2496 sed

1003 2518 1105 2540 tantum
1119 2513 1211 2541 Jesum
1242 2513 1389 2540 Christum.
1405 2513 1438 2541 Et
1469 2518 1532 2542 tunc
1558 2515 1713 2549 composuit
1744 2514 1803 2542 Mtt-

1005 2561 1129 2587 hatnmed
1143 2560 1260 2596 aliquant
1277 2561 1343 2594 legis
1366 2561 1481 2588 formant
1501 2566 1528 2587 et
1555 2561 1703 2594 rationem,
1731 2569 1803 2596 qum-

1004 2606 1065 2632 dam
1081 2615 1112 2633 ex
1129 2605 1190 2633 aliis
1203 2607 1354 2640 decerpens
1369 2612 1396 2634 et
1409 2607 1434 2634 in
1459 2615 1544 2634 unntn
1573 2607 1714 2642 colligens.
1731 2607 1800 2634 Nam

156 2656 251 2676 revera
274 2649 397 2683 quaedam
425 2650 561 2685 congessit
579 2658 613 2677 ex
643 2649 731 2678 Veteri
755 2650 943 2685 Testamento,
964 2654 1088 2687 qnaadam
1124 2659 1214 2681 autem
1231 2662 1265 2681 ex
1281 2654 1365 2681 Novo.
1398 2653 1476 2682 'l‘une
1510 2661 1576 2682 vero
1602 2654 1717 2688 populus
1734 2662 1802 2681 non-

155 2696 219 2723 dnm
234 2695 351 2724 habebat
375 2696 550 2730 Alcoranunt,
567 2697 703 2725 sed'illuut
722 2703 816 2733 postea
853 2700 949 2728 habuit

157 2763 258 2799 Μῆνες
288 2764 345 2800 τῆς
376 2764 544 2834 σελήῦιᾶξές
672 2766 736 2800 τοῖς
770 2767 950 2813 ᾎγιιρηνοῖς.

191 2877 311 2909 Σαϐάλα,
329 2877 473 2909 Σιλκαντὲ,
497 2878 631 2913 Σ.λχιτζὲ,
659 2879 819 2916 Μουχερὲμ,
851 2882 951 2917 Σεφὲρ,

164 2923 384 2959 Ῥεμὸιουλέὸελ,
407 2924 626 2961 Ῥεμὸιουλσιχὶλ,
650 2926 794 2961 Τξουμαζὶ
821 2928 951 2962 Ἐλεὸὲλ,

156 2969 296 3006 Τζουμαῼ
329 2970 455 3007 Ἑλιχκρ,
484 2970 614 3005 Ῥετζὲπ,
639 2973 772 3008 Σαμπᾶν,
800 2974 950 3009 Ῥάμιιζαν.

969 2701 1002 2728 ab
1022 2702 1063 2728 Ali
1081 2703 1127 2737 qui
1154 2702 1203 2728 fuit
1218 2701 1290 2729 [ilius
1300 2702 1448 2731 Abitelent.

1009 2767 1129 2796 Nomina
1174 2769 1409 2810 mensiumjuruc,
1440 2769 1514 2811 apud.
1536 2767 1685 2804 Agarenos.
1712 2770 1802 2801 Maius

1274 2813 1436 2840 principium
1450 2813 1525 2832 antu.

1042 2885 1151 2916 Sabala,
1180 2885 1310 2918 Silcztnte,
1338 2885 1477 2919 Silchitse,
1496 2886 1664 2921 Mnchormn,
1682 2889 1798 2924 Sephet‘,

1009 2932 1220 2965 lii-tnbioalrhel,
1250 2932 1477 2963 Rembioulachil.
1505 2933 1651 2961 Tutu‘ttazi
1689 2936 1792 2968 ltllehel,

1008 2976 1150 3004 'l‘sotunazi
1165 2977 1278 3010 Elachil,
1294 2977 1545 3014 Rctsep,Sa:np.ta,
1566 2979 1604 3006 lia
1619 2989 1721 3008 nazan.
