4040 6182
429 296 496 351 Π
1790 285 2302 349 ΡκθιῖβῦΠΕΝΑ
2314 328 2327 342 .
3632 289 3695 345 i8

423 471 771 549 quibusdam“,
799 474 892 549 qui
921 487 1155 549 canones
1182 472 1494 549 Callicanos
1522 481 1580 526 ut
1608 471 1823 549 inutiles
1845 479 1898 549 et
1923 486 2013 525 sur

425 540 663 618 perlluos
692 540 1006 618 aifcr'ebant,
1032 542 1333 618 legatisque
1355 541 1612 596 Romana:
1642 540 1784 618 sedis
1817 541 2012 618 absen-

425 610 575 671 tibus
614 624 671 670 et
709 613 918 682 iniussu
942 610 1172 667 Cesaris
1193 610 1516 667 convocatas
1537 611 1755 682 easdem
1780 610 2015 682 synodos

419 686 721 754 jactabant.
753 679 1341 754 V'Cnecorumerrores
1382 682 1449 736 de
1482 679 1803 754 imaginibus
1840 687 1899 754 et
1933 679 2016 754 pi—

426 749 598 811 cturis
619 752 1061 809 manifestissime
1083 751 1338 821 detegens
1358 791 1374 815 ,
1396 759 1555 822 negat
1566 749 1667 822 eas
1687 749 1899 822 adorari
1922 751 2016 803 de-

426 827 558 905 bere
582 843 595 876 :
622 838 785 905 quam
821 818 1371 905 sgnteutianroinnes
1401 818 1652 905 caiholi'ci
1699 818 2012 900 probamus,

425 888 785 964 Gregoriique
820 890 997 962 Magni
1033 890 1407 964 testimonium
1448 889 1684 964 de_illis_
1714 888 2010 957 sequimur.

428 958 763 1019 Divisimém
791 958 1240 1031 quodueiimperii
1280 976 1313 1014 a
1350 960 1622 1031 Ludovico
1660 958 1856 1031 factam
1888 971 2014 1031 per-

427 1034 647 1105 scribit;
671 1047 795 1105 quae
809 1027 958 1101 apud
981 1027 1336 1105 Walafridum
1361 1029 1651 1105 Strabum,
1664 1027 1766 1082 etsi
1792 1042 1906 1105 non
1919 1027 2019 1082 eis-

428 1103 553 1159 dem
580 1095 781 1166 verbis,
805 1095 1110 1170 exponitur.
1157 1100 1234 1170 De
1265 1100 1467 1170 tonitru
1498 1105 1552 1153 et
1580 1095 2014 1170 tempestatibus,

428 1172 674 1242 falsaque
694 1168 1215 1242 insanientispopuli
1237 1169 1489 1237 Opinione
1511 1168 1641 1242 agit,
1667 1176 1725 1242 ut
1748 1172 1873 1242 ante
1893 1180 2017 1218 eum

429 1234 692 1296 Maximus
715 1234 1070 1295 Taurinensis
1095 1234 1150 1292 in
1177 1234 1428 1293 seriuone
1451 1245 1508 1292 et
1536 1234 1757 1291 homilia
1792 1234 2013 1298 fecerat,

428 1310 718 1367 Theodosii
743 1308 982 1366 lenioris
1012 1308 1363 1376 temporibus.
1399 1307 1457 1363 in
1487 1306 1813 1377 disputando
1836 1312 2018 1377 autem

427 1381 604 1435 utitur
633 1381 937 1436 divinorum
970 1374 1232 1434 librorum
1262 1374 1605 1439 testimoniis,
1636 1391 1702 1430 ex
1730 1374 1902 1428 veteri
1932 1390 2017 1427 sa-

427 1465 656 1505 crorum
698 1448 1063 1511 translatione,
1104 1446 1375 1508 interdum
1416 1455 1472 1501 et
1503 1445 1837 1517 Hieronymi,
1875 1442 2018 1513 quod

427 1520 639 1575 ideirco
666 1533 883 1574 monere
908 1517 1196 1580 voluimus,
1226 1532 1295 1571 ne
1325 1517 1447 1585 quis
1480 1515 1856 1585 intempestive
1905 1521 2018 1585 tur:-

427 1589 612 1653 betur,
638 1604 769 1644 neve
802 1587 1078 1643 existimet
1107 1585 1309 1655 aliquid
1341 1582 1371 1642 ᾗ
1406 1600 1494 1640 me
1529 1584 1615 1639 vel
1638 1582 1891 1655 additum
1934 1582 2016 1655 vel

428 1667 727 1723 mutatum;
753 1658 896 1725 quod
927 1656 1077 1711 nefas
1099 1653 1311 1725 semper
1346 1653 1672 1719 existimavi,
1716 1654 1911 1725 bonsz
1950 1653 2013 1725 ii-

428 1728 553 1784 dem
596 1722 910 1782 auctoribus
946 1726 1129 1780 deberi
1168 1722 1535 1793 mquissimum
1574 1732 1793 1795 putans.
1838 1722 2015 1795 Testi-

430 1797 612 1850 monia
636 1796 855 1850 Patrum
893 1796 983 1850 ubi
1015 1810 1151 1865 opus
1182 1791 1266 1850 est
1307 1795 1525 1850 adducit
1567 1791 1737 1865 atque
1773 1791 2007 1865 exhibet,

428 1866 538 1947 divi
564 1866 851 1947 Cypriani,
871 1862 1081 1947 Hilarii,
1109 1864 1441 1947 Hieronymi,
1468 1862 1763 1947 Ambrosii,
1796 1871 1861 1947 με
1897 1862 2014 1947 ipse

429 1936 529 2006 ait,
547 1932 787 1990 doctrina
804 1936 1157 2006 etsauctitate
1170 1932 1456 2006 prmcipui,‘
1470 1933 1777 2006 Augustini,
1794 1932 2014 2006 Leonis,

429 2004 765 2077 Symmachi,
799 2006 999 2077 Vigiiii,
1030 2000 1231 2077 Pelagii
1261 2000 1776 2077 secundi,__Gregorii
1817 2000 2013 2077 iiagni,

426 2072 488 2129 et
508 2074 752 2146 Gregorii
776 2072 1019 2138 secundi,
1049 2072 1279 2130 Alciiimi
1302 2074 1445 2129 Aviti
1469 2072 1792 2129 Viennensis
1810 2072 2020 2141 episco-

421 416 480 464 et
542 404 752 462 ueritur
779 401 987 461 duobus
1010 402 1145 459 locis
1174 403 1242 463 de
1272 400 1535 457 Romanis
1552 400 1769 459 clericis
1807 411 1863 457 et
1889 400 2011 457 aliis
2041 404 2087 465 Α
2115 402 2192 470 pi,
2232 416 2394 471 quem
2431 400 2703 457 doctorem
2745 397 3102 457 orthodoxum
3143 409 3200 457 et
3234 400 3519 459 facundum
3567 401 3698 456 dicit

423 424 771 535 quibusdam,
799 474 892 535 qui
921 487 1155 527 canones
1187 472 1494 527 Gallicanos
1522 481 1580 526 ut
1608 471 1823 526 inutiles
1845 479 1898 525 et
1923 486 2013 525 sur
2115 471 2314 535 fuisse;
2342 477 2615 535 postremo
2637 469 2811 533 Bedze,
2844 470 2988 525 hunc
3010 472 3184 535 gentis
3210 471 3499 535 Anglorum
3523 465 3696 526 homi-

464 494 499 532 υ

2115 465 2314 536 fuisse;
2342 477 2615 539 postremo
2637 469 2811 533 Betim,
2844 470 2988 542 hunc
3010 472 3191 542 gentis
3210 471 3499 542 Anglorum
3523 465 3696 526 homi-

2115 555 2236 594 nem
2268 556 2365 595 suo
2394 549 2636 609 tempore
2663 555 2767 593 non
2798 540 3142 595 mediocriter
3165 540 3378 597 doctum
3412 542 3691 609 prmdicat.

2115 610 2192 680 Ex
2226 609 2452 675 Graecis,
2485 609 2788 674 Athanasii,
2825 610 3030 680 Cyr-iiii,
3071 611 3417 674 Theodoreti,
3459 610 3692 672 Proculi,

2113 679 2337 751 Joannis
2348 679 2741 751 Cbrysostoiui,
2764 679 2979 737 Eusemi
3001 680 3365 751 Caesariensis,
3386 689 3546 751 atque
3566 681 3698 736 alio-

2114 767 2256 806 rum.
2284 748 2613 806 Cieme'ntem
2636 749 2934 805 Romanum
2956 748 3261 819 pontiﬁcem
3285 761 3340 805 et
3358 748 3694 812 Silvestrum,

2115 836 2253 890 quos
2282 820 2436 890 citat,
2474 820 2754 890 praeterire
2786 819 3053 890 nolumus.
3093 820 3195 890 etsi
3230 821 3471 874 adhibita
3513 819 3699 888 hujus-

2115 888 2260 961 modi
2287 888 2622 961 praefatione,
2646 889 2770 944 licet
2795 890 2957 961 iidem
2987 889 3107 961 libri
3124 889 3437 961 judicentur
3454 905 3698 961 apocry-

2116 960 2229 1028 phi,
2259 959 2516 1030 moraque
2538 967 2716 1015 tamen
2738 959 2917 1030 exiliis
2946 959 3250 1030 testimonia
3288 959 3698 1030 inveniuntur'a

2118 1027 2444 1085 doctoribus
2476 1039 2755 1097 usurpata.
2806 1029 2886 1083 Ex
2929 1027 3168 1097 profanis
3203 1038 3385 1085 autem
3421 1028 3702 1099 scriptori-

2118 1100 2220 1153 bus
2247 1099 2446 1154 nullius
2481 1099 2789 1169 testimonio
2816 1099 3003 1162 utitur,
3033 1108 3390 1169 praeterquam
3433 1097 3698 1153 Prisciani

2118 1170 2476 1238 grammatici.
2525 1167 2732 1238 Habeto
2750 1182 2901 1236 ergo,
2931 1167 3117 1221 sancta
3142 1177 3197 1223 et
3223 1169 3449 1225 illustris
3486 1168 3704 1223 Lucdu-

2118 1236 2304 1293 nensis
2338 1238 2581 1294 Ecclesia
2617 1236 2856 1308 (quando
2899 1238 2973 1292 ita
3008 1238 3273 1293 Eusebius
3308 1246 3361 1293 te
3387 1248 3561 1299 vocat,
3592 1238 3701 1293 imo

2117 1308 2543 1367 illustrissimam
2567 1307 2843 1379 appellat),
2873 1308 3007 1366 mihi
3041 1308 3293 1379 gratiam,
3324 1316 3381 1363 et
3404 1310 3571 1365 civica
3608 1324 3700 1379 co:

2118 1392 2250 1431 rona
2274 1379 2342 1433 ob
2366 1386 2638 1448 servatum
2664 1377 2834 1448 civem
2862 1393 2948 1432 me
2981 1377 3198 1432 donato.
3238 1377 3374 1433 Nam
3401 1395 3521 1432 cum
3558 1377 3698 1448 apud

2116 1462 2211 1503 vos
2233 1447 2426 1518 inAvico
2448 1447 2701 1518 Mercium
2729 1445 2894 1500 libros
2914 1460 3232 1516 quazrerem,
3255 1465 3469 1518 unaque
3492 1445 3699 1503 urceum

2100 1527 2262 1573 esset
2285 1515 2594 1588 Stephanus
2630 1515 2942 1580 Verdierus,
2982 1534 3128 1573 nunc
3165 1515 3434 1588 mortuus.
3473 1526 3529 1573 et
3559 1518 3700 1588 apud

2115 1586 2516 1658 compactorem
2556 1586 2814 1658 libroruin
2855 1601 3200 1658 versaremur
3233 1586 3350 1655 eius
3399 1588 3475 1641 rei
3513 1586 3698 1651 causa,

2116 1656 2311 1729 illeque
2332 1657 2601 1729 Agobardi
2624 1656 2867 1729 codicem
2895 1656 2948 1710 in
2981 1658 3310 1713 membranis
3342 1658 3697 1729 perscriptum

2050 1745 2090 1805 Β
2119 1727 2391 1805 veteribus
2420 1727 2563 1805 notis
2591 1726 2865 1805 _diianiare
2898 1736 3118 1796 paratus
3155 1735 3317 1805 esset,
3343 1726 3700 1805 'cul_t_rumq_ue

2119 1800 2186 1852 ad
2216 1811 2337 1851 eam
2360 1797 2733 1852 carnificinam
2758 1811 2919 1851 manu
2965 1806 3190 1862 teneret,
3236 1798 3403 1852 vitam
3442 1797 3515 1851 illi
3546 1799 3701 1852 rede-

2120 1867 2511 1950 migms,
2533 1866 3032 1950 felix-faousttiinge
3055 1867 3175 1923 fuit.
3259 1936 3298 1950 ν
3339 1936 3353 1950 |
3432 1934 3454 1950 '
3634 1936 3666 1949 η

2127 1937 2335 2063 “algae
2379 1934 2518 1992 vale.
2574 1936 2799 1992 Lutetia:
2848 1934 3201 1997 Parisiorum.
3259 1936 3374 1991 Kal.
3425 1934 3699 1991 Januariis

1620 2320 2009 2399 PAPIRII
2088 2316 2533 2396 MASSONI

720 2480 830 2543 DE
875 2479 1069 2541 νιΤΑ
1116 2478 1528 2542 AGOBARDI
1571 2475 1919 2550 EJUSQUE
1960 2472 2370 2539 DOCTRINA
2411 2471 2914 2534 BREVISSIMAE
2957 2474 3399 2537 SYNOPSEiS.

1892 2611 2243 2633 ﬂ

505 2709 749 2764 Obscura
777 2703 880 2760 fuit
924 2705 1081 2760 istius
1106 2703 1346 2774 episcopi
1375 2702 1559 2759 multis
1595 2701 1806 2757 sarculis
1866 2700 2011 2765 vita;

426 2801 687 2862 obscura,
719 2797 971 2865 inquam,
1009 2810 1115 2848 non
1160 2794 1360 2864 ingenii
1387 2802 1445 2849 et
1465 2793 1736 2849 acuminis
1761 2792 2012 2863 penuria,

428 2905 607 2960 neque
634 2888 877 2944 muneris
924 2885 1284 2957 ignobilitate,
1326 2884 1422 2940 sed
1446 2893 1750 2954 temporum
1778 2882 2008 2938 nebulis.

428 2980 603 3035 liabet
654 2976 931 3032 Amandus
980 2990 1109 3031 suos
1158 2982 1356 3041 testes;
1410 2974 1613 3031 habent
1640 2972 2005 3043 Engilbertus,

425 3070 607 3136 ionas,
633 3056 964 3124 Waiairidus
1013 3064 1302 3162 cmteriqiga
1334 3064 1774 3137 contemporanei
1803 3078 1897 3121 sua
1930 3064 2007 3117 lu-

428 3160 614 3225 mina;
666 3157 757 3213 hic
780 3171 911 3211 vero
938 3170 1138 3226 pauca,
1188 3154 1298 3210 imb
1324 3154 1438 3210 fere
1467 3154 1634 3235 nulla,
1667 3154 1768 3209 nisi
1797 3169 1857 3209 ea
1893 3169 2015 3225 quae

430 3250 517 3306 vel
553 3250 850 3306 necessitas
890 3247 1134 3303 historia:
1190 3246 1488 3311 interserit,
1535 3246 1622 3302 vel
1663 3246 1830 3316 ipsius
1857 3245 2011 3300 volu-

426 3344 577 3399 mina
601 3342 786 3398 furtim
818 3349 876 3397 et
908 3340 1063 3409 quasi
1088 3354 1374 3414 perperam
1426 3347 1697 3409 retegunt.
1737 3336 2013 3394 iiabemus

425 3446 611 3491 tamen
638 3448 704 3488 ex
725 3431 915 3487 Adone
936 3431 1130 3501 primis
1162 3431 1514 3486 incrementis
1543 3430 1815 3486 initiatum
1847 3429 2014 3491 fuisse

422 3526 800 3599 presbyterio;
856 3532 912 3580 et
936 3532 1159 3594 propter
1196 3523 1367 3593 ipsius
1394 3525 1517 3579 vita:
1554 3533 1608 3579 et
1643 3523 1903 3579 doctrina:
1930 3523 2013 3577 in-

424 3615 739 3685 tegritatem
766 3613 832 3669 ad
857 3611 1342 3683 chorepiscopatus
1389 3613 1704 3684 dignitatem
1724 3621 2009 3678 evectum;

423 3724 557 3765 mox
600 3707 844 3764 Ledrado
904 3709 956 3764 in
1007 3707 1391 3765 Suessonicum
1432 3708 1821 3766 monasterium
1875 3725 2009 3766 con-

422 3798 670 3863 cedente,
702 3800 769 3856 ad
816 3798 1030 3871 fastigia
1077 3799 1343 3870 primatite
1386 3797 1689 3868 Lugduneze
1717 3799 2008 3863 sulziatum,

421 3887 803 3942 consentiente
836 3888 1184 3958 imperatore,
1217 3895 1275 3942 et
1306 3888 1560 3943 universa
1585 3885 1866 3942 Gallorum
1896 3890 2013 3958 cpi—

423 3991 717 4046 scoporum
738 3978 964 4049 synodo,
996 3977 1087 4034 ubi
1124 3977 1179 4033 in
1200 3986 1353 4033 veste
1378 3987 1433 4032 et
1462 3977 1676 4034 sarcina
1702 3985 1864 4031 tantm
1893 3980 2016 4033 sub-

423 4065 674 4119 limitatis
710 4069 906 4121 multos
934 4083 1107 4122 annos
1163 4067 1281 4122 sine
1310 4065 1538 4121 crimine
1564 4066 1845 4138 transegit,
1897 4082 2017 4138 per-

422 4157 604 4237 petuis
630 4157 830 4213 schola:
867 4165 923 4213 et
946 4156 1143 4229 lingua:
1172 4155 1562 4214 certaminibus
1589 4171 1878 4230 aggressus
1919 4157 2013 4212 Ju-

423 4246 571 4301 dzeas
623 4261 947 4318 synagogas.
986 4245 1098 4302 Sed
1148 4246 1298 4302 labes
1322 4245 1481 4302 unica
1523 4245 1815 4319 fulgentem
1846 4248 2010 4302 multa

421 4337 595 4409 gloria
630 4345 906 4394 senectam
952 4337 1282 4392 obscuravit.
1315 4349 1341 4377 ιι
1370 4336 1505 4393 Cum
1541 4338 1687 4394 enim
1740 4336 2009 4394 Clotarius

2120 2696 2383 2754 orandam
2420 2706 2477 2753 et
2518 2699 2849 2754 exorandam
2899 2700 3112 2757 veniam
3157 2702 3385 2773 cogitur.
3435 2705 3697 2765 Auctores

2120 2790 2331 2846 consilii
2350 2799 2670 2862 queruntur
2687 2792 2963 2862 puniendi.
2988 2794 3351 2853 Ecclesiastici
3380 2797 3498 2869 ejus
3524 2804 3695 2859 turba:

2119 2881 2336 2938 fomites
2354 2883 2859 2952 deprehenduntur;
2889 2885 3170 2958 aufugiunt
3190 2890 3240 2943 iu
3257 2888 3483 2946 italiam.
3516 2913 3534 2944 ι
3557 2895 3697 2951 Ebo-

2118 2990 2243 3030 nem
2294 2975 2361 3029 ad
2399 2973 2666 3030 Saxonica
2709 2977 2968 3047 compulit
2992 2978 3304 3049 imperator.
3367 2981 3696 3054 Agobertum

2113 3066 2525 3137 Lugdunensem
2548 3067 2719 3125 nihilo
2747 3070 2924 3125 secius
2963 3072 3111 3125 curia
3135 3072 3451 3142 pontificum
3472 3087 3654 3133 movet
3680 3094 3694 3133 :

2114 3155 2441 3227 deponitur;
2492 3164 2723 3213 caeteros
2743 3173 2959 3229 quoque
3005 3161 3060 3215 in
3123 3161 3326 3218 Italiam
3360 3165 3574 3237 elapsos
3602 3183 3697 3238 per

2112 3247 2354 3301 omnium
2401 3246 2746 3303 sacerdotum
2774 3249 3064 3331 religiones
3102 3252 3348 3310 devovet.
3394 3256 3524 3312 Post
3578 3260 3693 3313 hsce

2110 3337 2290 3407 primo
2349 3337 2480 3394 solis
2532 3338 2620 3394 die
2654 3338 3094 3409 Quadragesimze
3151 3342 3296 3399 velut
3344 3347 3579 3403 nondum
3619 3349 3690 3404 ab

2114 3424 2314 3495 iniusta
2338 3427 2766 3485 sacrificulorum
2794 3431 3174 3488 exsecratione
3223 3433 3451 3502 solutus,
3504 3453 3694 3494 rursus

2112 3533 2144 3571 a
2179 3526 2387 3589 septem
2423 3519 2784 3592 Archimystis
2828 3521 3057 3577 solemni
3087 3522 3193 3578 ritu
3237 3522 3376 3580 bene
3426 3528 3695 3596 precanti-

2112 3609 2235 3675 bus,
2266 3609 2423 3666 lectis
2457 3610 2523 3666 de
2550 3610 2690 3667 libro
2718 3611 3162 3682 supplicamentis
3185 3611 3381 3672 faustis
3431 3616 3695 3686 bonisque

2112 3702 2385 3768 omnibus,
2416 3717 2541 3757 cum
2566 3704 2804 3759 maxima
2840 3705 3086 3761 omnium
3111 3707 3205 3776 qui
3231 3708 3459 3763 aderant
3484 3709 3691 3777 laetitia,

2110 3791 2312 3863 populo
2348 3793 2699 3859 acclamante,
2731 3795 2959 3851 feliciter
2982 3797 3251 3865 expiatur.
3281 3800 3447 3866 Quasi
3475 3817 3607 3858 vero
3637 3803 3691 3857 in

2112 3891 2389 3955 potestate
2412 3886 2651 3941 hominis
2686 3887 2780 3955 sit,
2802 3887 2859 3941 in
2904 3902 3141 3956 arcaque
3181 3890 3297 3946 sive
3320 3892 3484 3960 vitro,
3528 3894 3686 3952 sicuti

2112 3975 2304 4045 genius
2341 3981 2460 4030 ater
2488 3975 2699 4046 magico
2721 3990 2948 4033 susurro
2977 3977 3166 4035 clausa
3212 3989 3461 4038 teneatur
3486 3992 3691 4043 mtema

2114 4065 2203 4119 illa
2230 4064 2511 4136 maiestas,
2542 4074 2604 4122 ut
2629 4075 2761 4122 nutu
2791 4078 2980 4127 nostro
3022 4071 3109 4127 vel
3135 4072 3355 4130 claudat
3377 4076 3463 4132 vei
3489 4080 3693 4149 aperiat

2112 4157 2280 4213 cmlos
2315 4158 2364 4212 ι’.
2422 4177 2442 4212 s

2182 4248 2377 4304 Turba:
2398 4247 2664 4318 ejusmodi
2693 4258 2749 4306 et
2782 4252 2907 4308 vitae
2943 4262 3149 4325 pacatae
3195 4257 3507 4315 discrimina
3539 4275 3693 4318 aver-

2113 4348 2236 4395 tunt
2261 4341 2504 4396 animum
2527 4356 2559 4395 a
2582 4342 2890 4409 scribendo,
2942 4354 3004 4401 ut
3022 4345 3278 4418 deinceps
3302 4348 3492 4406 lumini
3521 4351 3694 4409 Evan-

422 4403 551 4483 odio
573 4438 628 4484 et
670 4428 828 4485 furiis
854 4444 1124 4493 novercae,
1154 4429 1373 4484 nomine
1406 4428 1609 4493 Judith,
1645 4428 1767 4485 lilia:
1794 4428 2008 4501 Welphi
2044 4403 2089 4462 ί)
2113 4428 2258 4499 gelii,
2286 4428 2532 4485 ecclesia:
2580 4403 2912 4500 reparandae,
2947 4436 3155 4491 muneri
3178 4403 3691 4498 obeundo—ingratus

421 4520 659 4587 comitis,
700 4537 730 4573 a
760 4520 915 4577 clavo
940 4518 1152 4589 imperii
1186 4518 1425 4573 universi
1477 4525 1868 4584 removeretur,
1896 4535 2011 4575 ma-

420 4609 679 4664 chinatur
723 4608 862 4665 clam
891 4617 947 4664 et
980 4618 1172 4682 aperte
1201 4617 1389 4663 contra
1432 4617 1663 4679 patrem,
1690 4609 2010 4680 animosque

421 4697 708 4767 utriusque
729 4698 923 4769 gentis,
952 4698 1105 4753 laicac
1132 4707 1187 4753 et
1210 4696 1610 4765 ecclesiasticae,
1654 4699 1709 4753 in
1739 4699 2009 4754 excidium

421 4788 629 4858 sceptri
655 4789 865 4859 paterni
890 4788 1091 4860 abripit
1122 4808 1136 4843 :
1164 4788 1306 4843 inter
1333 4803 1470 4858 quos
1496 4789 1811 4860 Agobardus
1840 4804 1870 4844 a
1906 4790 2008 4847 iide

421 4877 685 4947 principis
722 4878 957 4942 avulsus,
1011 4878 1260 4933 accendit
1287 4878 1832 4947 consiliojuvenilem
1882 4880 2008 4936 Clo-

422 4966 551 5019 tarii
592 4966 852 5021 animum.
915 4965 1258 5023 Convocatur
1295 4967 1585 5023 concilium
1612 4986 1623 5022 :
1650 4968 1743 5023 ubi
1791 4970 1857 5025 de
1903 4970 1993 5025 eri.

423 5053 622 5125 piendo
672 5057 816 5125 patri
865 5058 1168 5113 diademate
1202 5057 1561 5114 audacissime
1603 5058 1837 5130 quisque
1877 5074 2010 5117 con-

423 5144 618 5200 tendit.
637 5144 748 5202 iiac
770 5148 952 5217 specie
967 5148 1174 5203 invadit
1197 5147 1489 5215 Caesarem,
1505 5158 1560 5205 et
1580 5158 1765 5221 erepta
1781 5165 2006 5219 corona,

421 5238 674 5293 eumdem
706 5239 759 5293 in
808 5240 1163 5296 monasticam
1197 5240 1540 5296 solitudinem
1577 5243 1813 5314 conjicit.
1869 5240 2007 5300 Galli

423 5328 657 5395 furiunt,
708 5345 809 5386 nec
846 5331 1125 5401 patiuntur
1158 5339 1369 5387 tantam
1393 5332 1509 5388 fieri
1542 5333 1683 5402 patri
1715 5333 2001 5404 injuriam;

425 5429 645 5475 movent
668 5436 843 5485 arma,
873 5423 1163 5478 restituunt
1185 5424 1604 5495 imperatorem;
1634 5434 1831 5481 vocant
1843 5426 2001 5490 ﬁlios,

423 5507 709 5581 Pippinum
738 5521 791 5567 et
820 5514 1175 5580 Bernardum,
1210 5531 1441 5585 quorum
1493 5530 1595 5585 ope
1642 5504 1909 5575 Clotarius
1938 5519 2004 5575 ad

496 5636 522 5699 ξ
565 5623 827 5699 Cenred,
853 5627 976 5699 abl).
1006 5626 1267 5699 Usperg,
1294 5627 1351 5699 in
1390 5628 1593 5684 Chron.

497 5694 525 5734 ιι
570 5695 888 5763 Aventinus,
917 5696 955 5752 l.
997 5713 1052 5751 ιν
1083 5694 1292 5753 'Annal.
1330 5697 1601 5755 Boiorum.

2113 4519 2204 4575 sit.
2258 4517 2377 4587 Quo
2419 4534 2562 4575 anno
2606 4528 2789 4585 natus,
2840 4523 3101 4580 nescitur.
3154 4525 3340 4583 Scitur
3386 4528 3561 4598 ipsum
3600 4547 3692 4587 na-

2113 4619 2224 4666 tum
2242 4625 2409 4667 aurea
2444 4610 2625 4667 Caroli
2680 4610 2858 4684 Magni
2885 4620 3065 4680 aetate,
3097 4615 3387 4674 illustrium
3412 4625 3468 4674 et
3498 4620 3691 4677 doctis-

2110 4703 2372 4758 simorum
2427 4704 2738 4774 Apollinum
2788 4706 3040 4773 alumna;
3097 4707 3344 4767 ﬂoruisse
3395 4718 3555 4768 relate
3605 4727 3690 4767 ar-

2108 4801 2305 4864 gentea
2336 4793 2632 4862 Ludovici;
2663 4798 2992 4855 exstinctum
3027 4815 3157 4857 vero
3184 4801 3327 4858 inter
3348 4802 3524 4861 ferrea
3552 4803 3689 4860 filio-

2112 4898 2230 4940 rum
2262 4885 2521 4943 Ludovici
2567 4890 2890 4955 certamina,
2931 4892 3073 4961 spud
3119 4891 3420 4951 Sanctonas
3448 4906 3496 4960 ο,
3520 4894 3574 4951 in
3596 4909 3691 4955 ex-

2108 4977 2381 5047 peditione
2404 4978 2573 5050 regia,
2601 4980 2743 5036 inter
2770 4997 2892 5052 qua:
2915 4998 3078 5041 omne
3100 5001 3269 5057 genus
3294 4986 3493 5042 excidii
3521 4986 3689 5058 impe-

2104 5064 2175 5119 rii
2218 5064 2448 5122 labentis
2493 5068 2680 5125 ruinas
2724 5071 3079 5128 convellebat.
3139 5072 3408 5129 Przefulsit
3446 5077 3688 5132 oratorio

2106 5154 2320 5211 dicendi
2378 5171 2600 5227 genere,
2642 5167 2700 5216 et
2738 5160 3002 5232 imprimis
3056 5162 3352 5233 Scriptum
3400 5168 3665 5223 memoria

2108 5246 2308 5303 Habuit
2323 5248 2561 5306 illustres
2579 5260 3082 5324 contemporaneos,
3095 5253 3434 5327 philosophia
3454 5268 3510 5314 et
3530 5260 3683 5315 theo-

2108 5338 2248 5411 logia
2301 5340 2509 5409 claros,
2555 5358 2786 5414 quorum
2828 5345 3097 5401 volumina
3145 5347 3389 5415 terimus,
3434 5349 3686 5407 iiincma-

2107 5446 2226 5486 rum
2261 5432 2723 5503 archiepiscopum
2775 5436 3153 5502 lihemenscm,
3201 5436 3518 5499 iiaimoncm
3573 5444 3689 5513 epi-

2106 5538 2327 5591 scopum
2356 5523 2703 5591 ilaiberstati,
2755 5524 3058 5593 Rabanum,
3126 5529 3480 5590 \Valafridum
3529 5533 3676 5593 Sua-

2178 5646 2198 5673 ο
2245 5626 2360 5694 Ade
2388 5633 2703 5703 Viennens,
2742 5637 2843 5693 sub
2882 5655 3006 5695 ann.
3062 5642 3187 5698 815.
