4040 6182
344 318 414 373 19
1235 307 1293 363 8.
1334 299 1755 362 AGOBARDUS
1787 296 2172 356 EPISCOPUS
2209 296 2721 356 LUGDUNENSIS.
2957 241 2960 244 i
3544 292 3616 347 20

344 433 489 502 bum,
527 425 808 482 Claudium
841 421 1232 478 Taurinensem
1265 419 1331 474 de
1353 416 1686 472 Adoratione
1733 411 1928 483 imagi-
1952 411 1994 468 Α
2030 408 2125 464 sed
2172 409 2402 481 origine.
2431 409 2542 466 Nec
2578 409 2886 478 adoptione,
2938 408 3066 476 quia
3117 421 3277 463 secus
3310 406 3613 463 exstitisset

347 537 498 584 num,
528 519 721 574 Jonam
770 514 1215 570 Aurelianensem
1255 508 1616 578 Halitgarium
1638 513 1693 561 et
1711 504 1934 559 Amala-

345 611 485 666 rium
517 604 901 677 Heliprandum
921 603 1232 673 episcopum
1261 597 1601 661 Tnletanum,
1658 591 1934 664 Engilber-

346 711 483 768 tum,
529 707 660 764 etc.,
687 705 744 752 et
771 695 1060 767 plerosque
1101 691 1255 754 alios,
1304 702 1440 758 quos
1461 686 1772 740 reticemus.
1798 681 1936 736 Gra-

350 808 443 849 ves
490 789 745 846 tractavit
801 785 1090 849 materias,
1147 795 1377 853 quarum
1428 777 1712 849 synopseis
1765 772 1935 853 subii:

348 884 547 939 cimus.
1923 849 1954 860 “

351 975 608 1047 Synopsis
655 971 814 1044 primi
861 968 1138 1024 voluminis
1187 965 1439 1018 adversus
1475 961 1668 1030 dogma
1711 954 1934 1011 Felicis.

419 1066 651 1136 Imperio
694 1062 875 1120 Caroli
938 1059 1115 1130 Magni
1164 1064 1220 1112 et
1262 1053 1523 1108 Ludovici
1575 1050 1872 1112 Caesarum,
1909 1059 1941 1100 e

351 1158 580 1214 summis
610 1153 855 1226 Pyrenaei
881 1151 1126 1222 apicibus
1158 1145 1381 1202 emersit
1401 1143 1620 1215 quidam
1655 1140 1942 1210 episcopus

351 1251 605 1321 Origella:
634 1250 703 1303 ab
740 1243 1040 1314 Aragonia,
1078 1241 1164 1294 vir
1208 1238 1450 1308 alioquin
1491 1236 1939 1301 circumspectus,

352 1356 410 1400 et
431 1319 745 1398 subtilitatis
770 1331 1078 1403 Hispanicre
1106 1344 1214 1383 non
1238 1327 1452 1397 indigus
1484 1343 1498 1378 :
1539 1323 1633 1393 qui
1677 1319 1944 1376 Nestoria:

355 1441 518 1490 secta:
550 1429 664 1501 jam
708 1427 803 1482 diu
851 1423 1062 1494 fulgore
1112 1417 1390 1490 Evangelii
1419 1415 1704 1472 exstinctae
1733 1411 1944 1467 semina

356 1528 424 1582 ab
454 1523 648 1580 inferis
673 1518 949 1576 excitavit.
997 1512 1326 1584 Objurgatur
1364 1509 1545 1581 primo
1569 1515 1626 1563 et
1659 1504 1938 1562 convinci-

356 1627 447 1672 tur
471 1616 538 1670 ab
561 1609 889 1682 lleliprando
936 1605 1197 1661 Toletano
1216 1602 1489 1673 episcopo.
1539 1599 1668 1654 lnde
1693 1598 1760 1652 ad
1784 1596 1947 1651 Rati-

359 1710 546 1764 sbonre
572 1699 962 1773 compescenda
991 1693 1108 1765 ejus
1137 1691 1423 1750 insolentia
1455 1689 1746 1746 concilium
1775 1685 1949 1741 trahi-

2033 499 2322 570 aliquando
2347 501 2558 556 alienus
2587 516 2618 555 a
2645 501 2778 556 Deo.
2809 498 2921 554 Nec
2948 501 3337 570 assumptione,
3373 501 3503 570 quia
3529 515 3619 554 as-

2034 606 2256 646 sumens
2302 599 2357 646 et
2389 600 2700 661 assumptus
2730 598 2856 646 sunt
2882 591 3044 644 idem.
3102 589 3207 645 Sed
3241 591 3435 646 unicus
3461 599 3620 645 natu-

2035 681 2168 736 ralis
2211 681 2382 736 Filius
2429 682 2545 737 Dei.
2601 683 2670 736 Et
2696 681 3149 751 quemadmodum
3181 677 3411 751 quilibet
3431 682 3617 747 homo,

2036 769 2218 822 anima
2267 778 2322 824 et
2353 784 2502 834 caro,
2552 777 2637 824 est
2661 785 2765 823 una
2795 784 3060 839 persona;
3123 769 3204 824 sic
3231 769 3485 826 Christus
3512 784 3619 824 una

2035 879 2287 935 persona,
2319 863 2556 918 Verbum
2587 870 2642 917 et
2681 867 2865 918 homo.

2109 955 2173 1008 ll.
2233 955 2312 1008 Ex
2360 955 2451 1007 tali
2497 956 2696 1010 unione
2726 955 2862 1020 ﬁeri,
2894 963 2955 1010 ut
2987 969 3051 1010 ea
3083 969 3203 1024 qua:
3247 961 3374 1008 sunt
3418 953 3622 1018 carnis,

2041 1046 2174 1101 ﬁant
2213 1045 2532 1100 divinitatis.
2593 1043 2730 1099 Nam
2771 1045 2816 1099 si
2851 1061 2982 1102 caro
3039 1054 3123 1101 est
3163 1046 3382 1116 propria
3431 1044 3622 1108 Verbi,

2042 1151 2142 1190 cur
2171 1135 2390 1190 nomina
2420 1133 2602 1188 carnis
2655 1149 2762 1188 non
2808 1143 2970 1189 erunt
3020 1136 3240 1206 propria
3266 1135 3338 1190 ei.
3394 1134 3628 1203 Ideoque

2043 1241 2166 1282 cum
2213 1240 2433 1281 carnem
2487 1224 2737 1298 sumpsit,
2797 1225 2976 1279 omnia
3035 1225 3218 1280 carnis
3253 1225 3471 1296 propria
3523 1223 3628 1279 sibi

2043 1315 2207 1383 fecit;
2248 1316 2324 1370 ita
2383 1321 2443 1369 ut
2498 1315 2799 1370 secundum
2842 1323 3130 1384 utramque
3170 1323 3421 1370 naturam
3463 1315 3534 1370 sit
3575 1321 3629 1368 et

2045 1408 2369 1472 viviﬁcator,
2408 1413 2464 1462 et
2487 1404 2754 1476 pontifex,
2775 1413 2906 1470 etc.,
2938 1405 3078 1460 sicut
3103 1404 3398 1460 secundum
3426 1413 3633 1472 utram:

2047 1513 2154 1568 que
2183 1499 2378 1553 animae
2405 1504 2462 1553 et
2498 1496 2760 1567 corporis,
2790 1503 2935 1550 totus
2956 1496 3118 1550 homo
3146 1495 3344 1550 dicitur
3394 1494 3634 1550 rationa-

2048 1591 2138 1659 lis,‘
2182 1589 2382 1645 dicitur
2405 1602 2560 1657 puer,
2615 1586 2988 1657 philosophus.

2119 1680 2206 1735 111.
2267 1679 2336 1735 Et
2361 1695 2460 1749 per
2480 1691 2840 1748 consequens,
2887 1677 3164 1746 Virginem
3196 1675 3362 1733 fuisse
3400 1686 3632 1734 matrem

360 1810 451 1854 tur
487 1799 555 1852 ab
582 1767 926 1863 impr-eratore.
961 1787 1149 1842 Tertio
1185 1785 1446 1849 Romam;
1503 1780 1596 1835 ubi
1633 1785 1945 1851 prostratus
1976 1767 2333 1842 Butriusque
2392 1778 2623 1836 naturae,
2672 1767 2868 1823 divinae
2924 1768 3115 1833 etiam,
3163 1767 3281 1821 sine
3338 1783 3444 1836 qua
3505 1783 3634 1824 caro

361 1893 430 1949 ad
453 1889 640 1946 limina
669 1888 734 1942 D.
767 1883 939 1946 Petri,
975 1879 1224 1936 haeresim
1249 1872 1497 1948 agnoscit
1522 1885 1709 1926 coram
1756 1868 1950 1924 Adria-

364 1998 434 2038 no
473 1977 749 2053 pontiﬁce.
802 1974 1086 2029 Postremo
1137 1983 1260 2024 cum
1301 1967 1494 2020 iterum
1545 1977 1642 2015 sua
1691 1958 1951 2030 ﬁgmenta

365 2072 574 2129 chartis
610 2073 912 2132 exarasset,
966 2059 1290 2118 convenitur
1312 2057 1380 2110 ab
1425 2052 1736 2125 Agobardo,
1779 2048 1954 2105 vinei-

366 2173 480 2231 tur,
531 2160 819 2233 proﬁtetur
874 2167 1138 2208 errorem.
1187 2148 1317 2203 Post
1363 2143 1481 2212 ejus
1519 2143 1765 2206 obitum,
1821 2138 1950 2193 fun-

365 2257 618 2312 damenta
665 2236 930 2320 dogmatis
978 2243 1165 2306 diruit,
1190 2239 1416 2293 Patrum
1444 2242 1500 2290 et
1529 2233 1827 2303 Scriptum
1856 2245 1952 2284 au-

368 2344 640 2401 ctoritate.
672 2339 799 2393 llaec
846 2340 973 2390 sunt
995 2330 1193 2386 Felicis
1224 2326 1594 2382 fundamenta.

436 2435 479 2491 1.
522 2435 621 2490 Est
647 2447 679 2488 e
715 2427 1007 2484 Nestorlo:
1043 2425 1174 2478 Duae
1215 2421 1268 2474 in
1293 2417 1512 2473 Christo
1539 2420 1806 2484 separatae
1824 2425 1955 2480 per—

369 2545 536 2593 sonae,
566 2540 686 2597 qua:
736 2520 1002 2592 duplicem
1050 2516 1218 2570 ﬁlium
1266 2513 1380 2567 sive
1424 2507 1698 2563 Christum
1740 2501 1949 2558 consti-

370 2628 532 2677 tuunt
559 2593 846 2685 {alterum
876 2610 929 2666 in
957 2622 1141 2672 carne,
1198 2604 1425 2659 alterum
1456 2600 1511 2653 in
1550 2595 1738 2652 verba.
1787 2593 1958 2648 Istum

371 2729 481 2768 non
511 2710 680 2764 fuisse
711 2702 1028 2762 cruciﬁxum
1051 2739 1068 2766 ,
1101 2697 1195 2754 sed
1222 2707 1347 2751 esse
1366 2692 1564 2747 Filium
1594 2687 1712 2750 Dei,
1738 2693 1954 2750 natura,

372 2804 624 2865 veritate,
653 2795 1010 2869 proprietate,
1046 2801 1264 2860 genere,
1292 2782 1593 2845 nativitate,
1616 2774 1955 2839 substantia;

375 2896 547 2958 illum,
600 2902 795 2959 nempe
846 2886 1214 2944 incarnatum,
1269 2875 1437 2931 fuisse
1479 2885 1723 2943 passum,
1754 2874 1812 2922 et
1835 2881 1958 2922 esse

375 2986 574 3042 Filium
615 2957 743 3036 Dei'
776 2975 970 3050 gratia,
1031 2971 1315 3028 electione,
1381 2965 1692 3027 voluntate,
1733 2957 1957 3030 placito,

378 3070 876 3148 przcdestinatione,
915 3062 1302 3132 assumptione,
1335 3055 1644 3126 adoptione.

449 3165 514 3219 11.
551 3162 625 3218 Ut
663 3160 836 3215 ﬁlium
892 3154 991 3211 Dei
1029 3148 1358 3211 naturalem,
1406 3158 1530 3202 esse
1557 3141 1740 3198 omnia
1781 3154 1968 3196 essen-

380 3256 604 3318 tialiter,
633 3249 1013 3309 aeternitatem,
1054 3239 1401 3312 sapientiam,
1427 3243 1534 3292 etc.
1563 3232 1637 3290 Ut
1665 3231 1966 3296 hominem,

382 3347 566 3404 omnia
594 3357 715 3414 quae
741 3340 816 3396 illi
847 3339 1049 3400 insunt,
1076 3345 1198 3388 esse
1217 3327 1537 3393 accidentia,
1561 3338 1812 3395 puerum,
1838 3335 1968 3392 pro-

383 3439 628 3510 phetam,
667 3441 802 3498 ete.,
843 3445 965 3500 quae
1019 3433 1146 3483 sunt
1190 3419 1494 3479 accidentia
1548 3417 1626 3473 illi
1670 3415 1971 3472 secundum

384 3507 840 3601 dispensationem
883 3519 1084 3585 carnis,
1116 3530 1226 3572 non
1266 3513 1491 3585 propria
1531 3507 1828 3566 secundum
1877 3520 1972 3576 po-

386 3598 637 3678 testatem
660 3613 991 3673 divinitatis:
1023 3610 1078 3664 in
1121 3606 1461 3663 humanitate
1508 3616 1632 3658 esse
1685 3598 1861 3654 solum
1879 3611 1970 3651 sa-

386 3713 685 3774 cerdotem,
713 3708 771 3763 in
797 3705 1076 3764 divinitate
1096 3699 1503 3756 viviﬁcatorem.
1588 3751 1592 3755 _

457 3803 544 3860 111.
597 3799 750 3858 Unde
808 3796 1054 3867 sequitur
1106 3790 1379 3861 Virginem
1415 3801 1539 3842 esse
1565 3782 1674 3838 alio
1702 3780 1862 3836 modo
1884 3792 1978 3850 ge-

389 3897 640 3953 nitricem
659 3892 873 3956 divinae,
919 3888 1024 3944 alio
1071 3885 1233 3941 modo
1265 3884 1518 3938 humana:
1567 3886 1794 3932 naturae.
1843 3875 1978 3930 Pro-

388 3989 530 4060 prie,
577 3981 958 4046 humanitatis;
997 3978 1168 4050 gratia
1216 3990 1366 4038 vero,
1423 3970 1742 4028 divinitatis.

462 4079 551 4135 IV.
594 4075 662 4132 Et
695 4069 1148 4144 quemadmodum
1192 4066 1444 4120 Christus
1493 4070 1550 4117 et
1594 4059 1836 4115 Ecclesia
1884 4072 1978 4112 vo-

392 4178 589 4230 cantur
615 4179 806 4231 unum,
847 4176 947 4218 nec
973 4169 1100 4216 sunt
1129 4173 1235 4212 una
1269 4170 1522 4227 persona,
1554 4165 1827 4220 unumque
1852 4165 1979 4219 Silp-

395 4262 666 4335 positum;
713 4256 794 4312 sic
820 4251 1068 4325 quamvis
1124 4249 1334 4305 dicatur
1379 4245 1616 4301 Verbum
1646 4254 1868 4297 carnem
1896 4237 1980 4293 fa-

393 4331 542 4411 ctum
591 4363 736 4414 esse,
757 4355 812 4402 et
831 4360 952 4402 esse
971 4356 1159 4406 Imum,
1183 4354 1290 4395 non
1310 4345 1438 4392 sunt
1483 4343 1664 4389 tamen
1693 4331 1853 4386 unica
1880 4331 1980 4400 hy-

395 4441 651 4516 postasis.

469 4534 538 4590 Et
577 4533 662 4588 lue
689 4537 816 4586 sunt
852 4526 1008 4583 ﬁedzn
1034 4537 1194 4579 voces
1233 4519 1430 4591 quibus
1457 4517 1731 4588 Hispanus
1765 4513 1856 4569 ille
1896 4520 1978 4567 te-

391 4625 587 4684 nebrio
614 4621 814 4680 Christi
834 4619 1037 4674 lumina
1063 4630 1228 4670 ausus
1271 4612 1594 4678 obvolvere;
1624 4622 1761 4679 quas
1794 4613 1982 4662 noster

397 4717 583 4774 Gallus
608 4712 838 4786 egregiis
883 4714 1106 4766 enervat
1127 4704 1480 4777 argumentis.

468 4809 512 4866 1.
551 4808 611 4864 ln
639 4803 856 4862 Christo
883 4802 1019 4857 duas
1046 4798 1264 4868 quidem
1302 4802 1548 4857 naturas,
1608 4791 1704 4847 sed
1732 4789 1788 4844 in
1817 4803 1980 4843 unam

399 4897 736 4974 hypostasim
761 4905 1034 4963 unamque
1053 4902 1344 4960 personam
1387 4881 1818 4940 substantialiter
1864 4878 1984 4933 uni-

401 4969 494 5049 tas
512 5006 529 5046 :
545 5001 602 5046 et
617 4989 743 5045 inde
764 4999 872 5042 non
893 4982 1069 5041 solum
1085 4979 1500 5040 humanitatem,
1523 4973 1618 5029 sed
1641 4980 1813 5028 totum
1830 4969 1988 5025 Chri-

404 5091 551 5137 stum
601 5078 772 5135 fuisse
815 5086 1055 5148 passum,
1113 5069 1452 5124 divinitatem
1490 5064 1658 5120 clavis
1716 5061 1985 5118 conﬁxam

406 5187 507 5228 suo
551 5170 711 5226 modo
755 5162 1094 5238 impassibili,
1146 5161 1264 5216 sine
1307 5173 1488 5222 sensu,
1535 5157 1653 5212 sine
1709 5153 1983 5225 passione.

475 5263 709 5331 Ideoque
732 5273 838 5314 non
883 5256 1019 5312 duos
1057 5253 1218 5316 ﬁlios,
1273 5251 1368 5306 sed
1413 5249 1632 5303 unicum
1671 5247 1728 5300 in
1779 5243 1990 5299 duabus

409 5353 639 5416 naturis,
675 5351 794 5407 sine
836 5347 1153 5405 confusione
1199 5342 1618 5415 hypostaticum,
1669 5338 1836 5392 ﬁlium
1891 5335 1990 5390 Dei

412 5457 627 5510 natura,
671 5441 1022 5514 proprietate,
1068 5436 1400 5500 substantia;
1446 5447 1554 5487 non
1582 5439 1763 5485 autem
1791 5428 1988 5499 gratia,

411 5555 535 5595 cum
586 5536 658 5591 sit
703 5541 1004 5590 coaeternus
1048 5530 1215 5585 Patri.
1265 5526 1450 5596 Neque
1484 5519 1989 5594 praedestinatione,

412 5634 540 5704 quia
587 5630 750 5684 Pater
788 5642 897 5683 non
919 5632 1003 5681 est
1025 5625 1172 5694 prior
1195 5624 1311 5692 ipso
1339 5630 1602 5689 tempore,
1637 5629 1738 5672 nec
1774 5621 1990 5679 natura,

488 5760 512 5787 α
539 5749 653 5802 lloc
681 5743 854 5814 capite
880 5740 997 5813 lege
1026 5737 1193 5803 Ebon,
1223 5750 1330 5790 non
1364 5733 1527 5788 anr.

2051 1878 2328 1933 nunquam
2355 1861 2457 1916 fuit
2493 1861 2793 1925 incarnata,
2847 1866 3125 1928 totumque
3151 1857 3425 1914 Christum
3455 1858 3636 1915 incar-

2053 1963 2239 2010 natum
2261 1952 2530 2024 genuisse.

2122 2043 2211 2100 IV.
2248 2043 2434 2112 Quoad
2462 2042 2715 2098 unionem
2737 2039 2940 2095 Christi
2972 2053 3097 2094 cum
3137 2037 3404 2105 Ecclesia,
3459 2036 3636 2106 impa-

2054 2152 2171 2192 rem
2192 2150 2311 2191 esse
2335 2149 2458 2190 cum
2489 2132 2878 2188 incarnatione.
2905 2130 3038 2184 Nam
3062 2130 3152 2185 illa
3167 2145 3291 2185 cum
3316 2128 3639 2193 ﬁat,saltem

2056 2225 2274 2295 spiritu,
2326 2239 2433 2278 non
2483 2237 2732 2291 corpore,
2792 2220 2898 2276 ﬁde
2947 2235 3056 2276 non
3110 2233 3298 2283 carne,
3347 2233 3482 2273 voce
3526 2233 3636 2271 non

2057 2312 2215 2382 actu,
2249 2329 2434 2370 amore
2459 2329 2566 2368 non
2603 2312 2968 2381 copulatione,
3027 2326 3095 2365 ex
3126 2309 3336 2365 inﬁnito
3380 2323 3643 2382 persona-

2057 2422 2179 2461 rum
2227 2419 2454 2459 numero
2492 2418 2615 2458 cum
2643 2402 2824 2470 aliquo
2884 2401 3062 2471 capite
3103 2401 3351 2471 mystico,
3399 2380 3506 2454 non
3549 2415 3644 2470 po-

2060 2504 2168 2551 test
2194 2495 2300 2551 dici
2327 2507 2458 2548 vera
2487 2493 2636 2558 unio,
2669 2492 2797 2546 unio
2827 2491 3044 2560 inquam
3075 2490 3484 2556 incarnationis,
3524 2505 3646 2559 quae

2059 2591 2122 2647 ﬁt
2145 2606 2213 2646 ex
2255 2589 2468 2646 duabus
2508 2587 2718 2642 naturis
2744 2593 2800 2642 et
2836 2584 3156 2641 substantiis
3179 2584 3234 2639 in
3265 2598 3428 2638 unam
3451 2597 3644 2654 perso-

2059 2700 2208 2742 nam.

2133 2776 2200 2830 Et
2227 2774 2344 2830 hmo
2371 2779 2497 2829 sunt
2523 2776 2866 2841 argumenta,
2899 2767 3095 2838 quibus
3113 2765 3434 2838 Agobardus
3456 2763 3567 2820 vim
3591 2769 3652 2818 et

2063 2881 2290 2924 nervum
2315 2862 2588 2936 dogmatis
2612 2860 2870 2918 Feliciani
2895 2857 3177 2931 confregit.

2317 2974 2380 3030 11
2410 2972 2606 3029 colum.
2646 2971 2726 3027 De
2753 2969 3034 3025 insolentia
3060 2968 3392 3024 Judworum.

1993 3109 2042 3172 ο
2139 3092 2197 3148 1η
2237 3087 2480 3146 adversis
2506 3086 2652 3142 nulla
2683 3099 2818 3157 gens
2841 3082 3124 3154 abiectior,
3161 3081 3216 3136 in
3262 3077 3539 3152 prosperis
3566 3078 3652 3133 in-

2070 3185 2332 3243 solentior
2368 3182 2698 3238 Iudaeorum.
2751 3176 3024 3233 Beneﬁcio
3061 3173 3319 3230 Caesareae
3345 3171 3657 3244 majestatis

2069 3279 2222 3335 locus
2254 3277 2406 3349 pacis
2447 3284 2504 3331 et
2543 3289 2710 3330 morte
2748 3273 2908 3328 datus
2955 3270 3087 3342 ipsis
3135 3269 3192 3322 in
3235 3265 3405 3322 Gallia
3455 3264 3654 3329 fuerat,

2069 3369 2317 3441 Lugduni
2343 3367 2706 3439 potissimum.
2761 3362 2870 3419 Sed
2899 3362 2989 3417 ubi
3019 3359 3245 3416 dulcedo
3277 3357 3426 3429 pacis
3461 3355 3656 3427 paulu-

2071 3467 2181 3521 lum
2213 3478 2308 3520 eos
2332 3463 2480 3516 laxat
2505 3461 2574 3516 ab
2602 3457 2962 3515 incommodis
2998 3453 3139 3524 fuga:
3161 3493 3177 3518 ,
3227 3458 3441 3508 struunt
3468 3457 3615 3504 artes
3641 3488 3656 3512 ,

2072 3556 2363 3612 adulantur
2388 3551 2579 3607 aulicis
2617 3546 2970 3604 nobilissimis
2993 3585 3008 3611 ,
3057 3557 3259 3613 eosque
3288 3539 3533 3610 pecuniis
3560 3538 3658 3592 de-

2074 3651 2315 3705 vincunt.
2348 3646 2418 3700 Et
2442 3645 2522 3700 sic
2545 3641 2780 3712 οιιιίίιιιίε
2800 3639 3084 3694 fraudibus
3113 3634 3347 3690 indicula
3375 3647 3406 3686 a
3427 3631 3663 3688 clemen-

2075 3739 2285 3794 tissimo
2331 3735 2638 3804 subripiunt
2683 3731 2942 3786 adversus
2986 3727 3244 3782 Ecclesia:
3289 3721 3664 3795 Lugdunensis

2075 3830 2408 3902 episcopum,
2438 3826 2532 3896 qui
2560 3823 2842 3879 avertebat
2867 3818 3124 3891 populum
3151 3817 3219 3872 ab
3245 3816 3354 3871 his.

2147 3920 2227 3977 Ne
2251 3917 2604 3977 divenderent
2628 3911 2898 3982 mancipia
2923 3908 3233 3966 Christiana
3259 3904 3483 3960 Judzeis.

2147 4013 2227 4068 Ne
2251 4009 2509 4066 mulieres
2533 4005 2857 4063 Christiana:
2881 4017 3004 4058 cum
3034 4000 3116 4056 eis
3145 3997 3566 4055 sabbatizarent.
3628 3990 3630 3992 ’

2129 4105 2228 4172 VNe
2253 4104 2444 4158 diebus
2469 4097 2764 4155 Dominicis
2787 4100 3163 4166 operarentur.

2149 4195 2229 4249 Ne
2257 4191 2682 4262 Quadragesima
2722 4203 2845 4242 cum
2875 4189 2957 4241 eis
2992 4182 3322 4255 pranderent
3354 4188 3410 4236 et
3445 4178 3664 4234 easdem

2081 4298 2274 4343 carnes
2297 4285 2541 4339 ederent.

2151 4377 2230 4434 Ne
2259 4389 2455 4433 carnes
2483 4369 2788 4427 immolatas
2815 4368 2883 4423 ab
2913 4366 3044 4437 ipsis
3071 4368 3342 4428 emerent,
3372 4360 3667 4431 vinumque

2008 4465 2060 4526 D
2083 4483 2268 4526 eorum
2299 4467 2568 4523 biberent.

2151 4560 2494 4616 lnsectantur
2517 4570 2666 4619 eum,
2697 4551 3043 4623 singulosque
3069 4545 3409 4604 Christianos
3442 4545 3510 4600 ad
3543 4557 3669 4620 suas

2083 4666 2388 4724 synagogas
2419 4646 2700 4703 blanditiis
2737 4653 2792 4699 et
2832 4641 3159 4712 ampullatis'
3180 4635 3555 4709 patriarchica:
3590 4633 3671 4688 di—

2085 4742 2307 4814 gnitatis
2325 4738 2516 4811 elogiis
2537 4737 2783 4807 rapiunt;
2812 4733 3165 4797 inSolescunt,
3183 4737 3239 4784 et
3257 4735 3444 4783 contra
3463 4737 3668 4780 morem

2085 4813 2424 4893 Christianos
2453 4845 2642 4885 servos
2663 4833 2871 4883 emunt.
2903 4822 3227 4895 Agobardus
3256 4817 3504 4888 queritur
3530 4813 3673 4884 apud

2085 4928 2381 4990 Caesarem,
2395 4932 2543 4979 artes
2564 4921 2775 4992 retegit,
2794 4925 3044 4972 auctores
3064 4911 3277 4969 consilii
3299 4909 3493 4980 aperit,
3518 4907 3677 4977 petit-

2087 5034 2195 5091 que
2231 5016 2496 5072 medelam
2535 5020 2700 5068 tantze
2730 5011 2930 5075 ruinae;
2970 5006 3243 5078 pollicitus
3280 5018 3339 5057 se
3380 5000 3676 5070 Scriptum

2089 5111 2415 5171 testimoniis
2438 5123 2626 5164 eorum
2651 5106 2820 5160 vitam
2845 5142 2861 5168 ,
2916 5114 3097 5156 mores
3142 5104 3197 5152 et
3239 5091 3674 5167 superstitiosum

2087 5205 2214 5262 vitae
2241 5218 2410 5274 genus
2435 5200 2793 5271 depicturum.

2309 5315 2409 5370 III
2440 5313 2542 5368 vol.
2589 5311 2662 5365 De
2697 5307 2941 5363 Judaicis
2970 5301 3445 5377 superstitionibus.

2165 5447 2189 5474 α
2217 5426 2606 5502 Abominandm
2633 5421 2809 5494 gentis
2834 5418 3072 5474 Judaicae
3112 5415 3472 5487 pervicaciam
3507 5411 3678 5465 ritus-

2095 5539 2202 5597 que
2235 5536 2265 5576 a
2291 5515 2541 5574 veritatis
2566 5513 2758 5570 semita
2785 5511 2995 5566 alienos
3030 5508 3276 5564 effecisse
3317 5505 3459 5574 apud
3491 5503 3680 5559 Patres

2097 5596 2350 5686 antiquos
2386 5617 2447 5668 nt
2480 5619 2720 5664 canones
2758 5603 2825 5661 de
2862 5600 3101 5659 cavendo
3143 5596 3520 5658 contubernio,
3552 5607 3677 5650 con—
