4040 6182
414 332 483 388 21
1790 324 2064 384 PROLEG
2071 322 2331 382 OMENA.
3616 333 3688 389 22

415 453 586 516 victu,
608 447 954 519 copulatione
975 449 1213 525 ipaprum
1232 453 1703 518 componerentur,
1727 443 1998 500 lusissime
2024 444 2072 501 Α
2101 443 2408 507 serpentem
2450 436 2503 491 in
2541 437 2659 493 dies
2696 438 2872 494 labem
2904 438 3141 497 Iudaicae
3168 441 3564 499 communionis
3593 458 3689 499 ex-

416 539 509 596 hic
535 539 758 594 disserit
785 537 1103 609 Agobardus
1122 579 1138 604 ,
1185 540 1294 593 imo
1333 547 1482 595 tanto
1509 538 1634 592 odio
1662 534 1913 590 habuisse
1942 542 2002 588 ut

416 630 823 687 illustrissimus
851 630 942 684 ille
965 630 1284 687 Ambrosius
1321 638 1551 687 mortem
1580 629 1741 685 citius
1767 627 2000 698 optarit,

415 738 580 794 quam
610 722 904 777 maceriam
934 723 1114 794 templi
1139 724 1347 779 Judaici
1376 723 1721 778 retediﬁcare.
1739 792 1755 804 θ

485 813 530 867 1.
571 812 831 869 Seniores
857 813 1063 878 clerici,
1085 815 1177 885 qui
1211 813 1460 870 convivio
1483 810 1711 869 Iudaico
1739 811 2003 867 interfue-

414 905 543 969 rint,
578 906 1121 962 excommunieantor
1141 922 1240 978 per
1267 921 1490 961 annum.
1519 903 1772 960 Juniores
1796 904 1841 959 si
1866 918 2003 973 pra:-

416 996 767 1065 sumpserint,
795 996 1108 1065 vapulanto.

489 1087 551 1143 11.
589 1086 636 1141 Α
662 1102 818 1143 coena
863 1102 1035 1157 usque
1071 1089 1248 1158 prima
1286 1087 1497 1144 Pascha
1544 1102 1644 1157 per
1683 1087 1890 1157 plateas
1936 1101 2004 1142 ne

417 1177 978 1242 ambulanto.-Secus,
1007 1193 1036 1233 a
1059 1178 1337 1249 iudicibus
1361 1178 1773 1249 distringuntor.

488 1267 573 1321 111.
614 1267 805 1322 Nullus
848 1266 1192 1323 Christianus
1233 1267 1421 1324 Judzeo
1470 1283 1660 1324 servus
1704 1275 1857 1331 esto,
1907 1266 2002 1322 sed

414 1358 545 1413 dato
569 1375 648 1413 xu
675 1359 975 1413 solidorum
1002 1360 1178 1427 pretio
1202 1360 1481 1415 liberator.

487 1453 580 1506 IV.
622 1451 681 1506 Si
714 1453 835 1521 quis
859 1452 927 1507 ad
955 1450 1239 1507 Iudaicum
1270 1454 1464 1523 dogma
1490 1466 1709 1506 servum
1734 1449 2002 1506 Christia-

418 1534 565 1596 num
582 1543 844 1608 illexerit,
872 1542 1148 1613 plectator
1176 1544 1467 1614 mancipio,
1504 1552 1560 1598 et
1588 1542 1747 1614 legali
1776 1542 2002 1601 damna-

417 1631 565 1685 tione
596 1630 864 1699 puniatur.
1598 1640 1601 1643 '

490 1720 553 1774 γ.
592 1719 672 1775 Ne
695 1720 818 1790 quis
837 1718 1056 1778 Iudaeus
1075 1722 1176 1778 sub
1197 1730 1412 1793 tempus
1434 1722 1717 1777 Paschalis
1739 1719 1998 1776 Christia-

415 1824 517 1864 nos
541 1812 845 1865 convenite.

483 1898 662 1955 Causa
692 1901 999 1957 istiusmodi
1040 1901 1353 1959 severitatis
1384 1910 1470 1958 est
1504 1901 1573 1956 ab
1606 1915 1795 1976 eorum
1828 1898 1999 1965 rabie,

412 1989 714 2058 pervicacia
761 1998 928 2061 atque
972 1992 1320 2061 corruptione
1366 1991 1662 2053 doctrinm,
1712 2004 1876 2058 quam
1922 1996 2002 2044 tot

414 2078 626 2133 nebulis
659 2078 987 2136 Pharisaicaa
1012 2080 1117 2137 illa:
1144 2080 1488 2136 Deuteroseis
1514 2079 1881 2134 obtenderunt
1898 2117 1914 2145 ,
1941 2085 2003 2133 ut

411 2168 490 2222 nil
516 2182 651 2238 pene
674 2170 896 2226 luminis
921 2172 1064 2241 apud
1088 2172 1232 2242 ipsos
1256 2172 1521 2241 reliquum
1548 2171 1640 2227 sit.

484 2259 655 2315 Deum
682 2276 804 2317 esse
830 2277 1175 2333 corporeum,
1201 2263 1392 2318 audire
1416 2272 1472 2317 et
1496 2263 1705 2318 videre.

478 2349 691 2420 Corpus
720 2352 956 2407 hominis
979 2354 1048 2407 ad
1072 2354 1361 2425 imaginem
1388 2354 1485 2407 Dei
1512 2353 1736 2408 factum.

477 2439 562 2493 Ex
588 2440 749 2495 vanis
775 2440 872 2495 Dei
898 2440 1319 2511 cogitationibus
1343 2443 1615 2498 daemones
1639 2441 1834 2497 creari.

478 2529 721 2584 Litteras
744 2529 1017 2600 alphabeti
1045 2545 1165 2587 esse
1191 2532 1571 2602 sempiternas.

438 2678 441 2681 η
479 2619 679 2691 Legem
709 2618 873 2675 Mosis
899 2628 1028 2676 ante
1055 2622 1315 2676 mundum
1345 2620 1513 2677 fuisse
1541 2622 1821 2692 scriptam.

480 2707 671 2764 Plures
695 2723 817 2764 esse
844 2709 1037 2775 caelos,
1063 2709 1247 2780 plures
1276 2720 1472 2778 terras,
1497 2712 1651 2782 plura
1681 2710 1912 2775 inferna.

482 2798 652 2853 Deum
678 2798 882 2855 habere
906 2810 1113 2870 septem
1140 2801 1318 2857 tubas.

484 2887 706 2945 Petrum
759 2890 1061 2961 apostolum
1110 2901 1333 2963 propter
1377 2894 1761 2951 bebetudinem
1807 2911 1999 2953 sensus

408 2980 669 3051 Cepham,
698 2982 753 3037 id
780 2992 882 3048 est,
913 2984 1133 3040 Petram
1160 2986 1327 3042 fuisse
1350 2996 1624 3043 vocatum.

477 3072 663 3130 Iesum
697 3074 973 3132 Christum
1003 3078 1208 3134 Tiberii
1239 3079 1446 3150 judicio
1479 3078 1632 3136 furca
1665 3078 1835 3136 fuisse
1871 3095 1993 3137 sus-

411 3184 633 3242 pensum
651 3209 667 3236 ,
707 3169 975 3240 sepultum
998 3171 1156 3242 juxta
1183 3186 1338 3243 aqua:
1367 3174 1617 3238 ductum,
1657 3173 1804 3230 etab
1829 3174 1991 3229 inun-

409 3262 629 3318 datione
656 3277 918 3333 aquarum
947 3263 1256 3331 sublatum,
1302 3279 1333 3318 a
1375 3262 1550 3319 Pilato
1584 3279 1682 3335 per
1717 3279 1798 3319 xu
1838 3263 1995 3318 lunas

407 3353 719 3425 quaesitum.

479 3441 819 3500 Christianos
849 3443 1165 3502 idololatras
1189 3452 1408 3510 vocant,
1435 3444 1564 3517 quia
1592 3452 1814 3502 sanctos
1843 3444 1997 3501 invo-

406 3542 559 3589 cant.

480 3626 697 3682 Habent
717 3629 1039 3699 puepositos
1076 3630 1386 3702 synagogis,
1417 3629 1509 3701 qui
1541 3630 1862 3704 sanguinem
1887 3630 1999 3687 vir-

405 3717 549 3788 ginis
585 3728 937 3777 menstruatte
967 3720 1284 3779 discernunt
1313 3722 1488 3780 oculis
1522 3731 1580 3780 et
1614 3733 1801 3796 gustu,
1840 3740 1997 3780 mun-

404 3810 538 3865 dum
560 3809 644 3865 vel
673 3810 1026 3867 immundum.

476 3899 709 3956 Possunt
732 3903 1015 3959 ambulare
1037 3903 1144 3959 duo
1169 3904 1339 3959 millia
1365 3904 1561 3975 pedum
1589 3906 1643 3961 in
1673 3907 1922 3962 sabbato.

478 3990 634 4047 Unde
670 3993 1008 4049 concluditur
1041 3996 1184 4066 quod
1225 3996 1273 4050 si
1314 3996 1589 4066 separatio
1622 3999 1691 4051 ab
1728 3999 1998 4055 haereticis

403 4081 771 4138 schismaticis
799 4081 962 4139 fuerit
985 4093 1288 4156 prmqepta,
1322 4092 1474 4139 tanto
1508 4085 1682 4156 magis
1715 4101 1745 4139 a
1772 4084 1993 4155 Iudaeis,

401 4190 437 4226 a
466 4173 796 4238 concisione,
838 4190 870 4229 a
899 4190 1007 4245 qua
1036 4174 1126 4229 lux
1154 4173 1464 4246 evangelica
1501 4173 1606 4229 fuit
1642 4176 1863 4232 omnino
1896 4193 1996 4234 ex-

401 4262 638 4325 stincta;
684 4278 837 4318 more
866 4262 1263 4334 apostolorum,
1307 4263 1400 4334 qui
1432 4265 1487 4319 in
1516 4263 1795 4322 liminibus
1824 4282 1997 4324 excu-

402 4353 613 4408 tiebant
648 4353 926 4422 pulverem
965 4354 1195 4424 pedum,
1238 4361 1295 4410 et
1323 4355 1444 4411 diro
1471 4355 1821 4413 anathemate
1848 4357 1997 4430 ipsos

400 4445 761 4501 devovebant.

753 4539 838 4593 Ad
863 4538 1217 4609 Adalardum,
1239 4539 1473 4610 Walam,
1504 4551 1618 4599 etc.

474 4628 557 4683 Ad
586 4629 897 4699 frequentes
924 4631 1177 4703 querelas
1213 4632 1282 4688 de
1321 4633 1504 4688 mania
1547 4635 1719 4690 turbae
1751 4634 1991 4693 Iudaicae

401 4720 712 4777 Ludovicus
760 4723 1060 4793 imperator
1102 4724 1279 4796 coegit
1319 4731 1521 4780 coetum
1567 4725 1945 4796 episcoporum
1971 4767 1988 4794 ,

403 4812 498 4869 ubi
526 4829 747 4869 causam
769 4813 1092 4872 Christianae
1118 4816 1375 4872 Ecclesia:
1402 4817 1514 4886 egit
1532 4815 1876 4889 Agobardus,
1894 4817 1989 4874 sed

401 4917 712 4974 perperam,
740 4911 870 4971 etc.,
902 4906 1099 4961 timore
1125 4906 1470 4977 praepeditus.
1526 4905 1729 4963 Scribit
1762 4904 1876 4977 jam
1921 4909 1991 4965 ad

402 4992 613 5048 nobiles
637 4992 852 5059 Patres,
895 5010 1117 5051 causam
1163 4995 1362 5065 inopia:
1401 4996 1603 5053 mentis
1636 4995 1814 5066 reiicit
1840 4997 1895 5052 in
1924 4998 1991 5054 ti-

401 5098 630 5140 morem.
665 5085 869 5142 Deinde
887 5088 1119 5157 carptim
1136 5086 1371 5143 consulit
1394 5087 1531 5144 istos
1555 5088 1837 5159 episcopos
1861 5090 1990 5159 quid

399 5189 568 5246 agere
585 5176 783 5233 debeat
803 5178 871 5233 de
890 5178 1177 5248 mancipiis
1197 5177 1399 5234 Iudaeis
1416 5178 1509 5249 qui
1534 5179 1603 5235 ad
1622 5178 1990 5235 Christianum

398 5267 673 5337 baptisma
697 5284 886 5327 amore
912 5269 1115 5327 Christi
1144 5269 1468 5337 illieiuntur,
1491 5277 1675 5326 utrum
1700 5285 1796 5327 eos
1818 5271 1991 5327 susci-

397 5373 533 5429 pere
559 5373 629 5414 an
656 5359 885 5430 rejicere
909 5361 1124 5418 debeat.

832 5448 1089 5520 Epistola:
1124 5449 1197 5506 ad
1233 5449 1560 5506 Nibridium.

470 5537 761 5595 Connectit
788 5540 1058 5611 superiori
1084 5540 1387 5612 querelam,
1416 5548 1471 5597 et
1495 5546 1802 5599 commovet
1825 5541 1990 5599 istum

395 5635 613 5700 patrem
636 5630 938 5704 omnesque
972 5645 1285 5706 episcOpos,
1338 5640 1398 5689 ut
1440 5633 1682 5691 unanimi
1721 5649 1988 5692 consensu

471 5753 501 5784 ι
527 5741 662 5801 Vide
690 5742 827 5823 llist.
854 5745 1131 5821 Burgund.

2102 527 2398 598 stiuguant,
2426 543 2494 584 ne
2520 544 2708 584 eorum
2734 530 2975 588 Ecclesia
2998 534 3392 605 exstinguatur.

2643 621 2725 675 Ad
2754 623 3143 693 imperatorem.

2172 704 2307 777 Quia
2338 711 2441 766 iste
2465 720 2729 768 tractatus
2751 721 2834 768 est
2855 716 3119 788 ἀκέφαλος,
3146 714 3473 787 afﬁgendum
3497 718 3683 789 putavi

2101 804 2247 861 hunc
2279 805 2517 860 titulum.

2100 915 2178 972 De
2206 918 2469 993 impietate
2495 918 2659 993 duelli
2688 928 2872 993 contra
2900 917 3332 993 Gundebadicam
3360 919 3544 993 legem,
3569 936 3689 993 qua

2311 987 2419 1041 vult
2452 989 2659 1043 ensibus
2688 1006 2792 1043 non
2813 989 3019 1059 judicio
3049 1006 3238 1045 causas
3265 987 3467 1045 dirimi.

2174 1077 2361 1132 atCum
2407 1093 2598 1133 omnes
2641 1095 2809 1133 unum
2857 1080 3030 1136 simus
3078 1080 3135 1136 iu
3180 1080 3430 1148 Christo,
3480 1082 3692 1140 unitate

2102 1166 2250 1231 ﬁdei,
2282 1165 2530 1230 aﬁ‘cctus,
2559 1168 2857 1239 religionis,
2888 1170 3112 1239 impium
3154 1179 3240 1226 est
3274 1187 3463 1241 pacem
3495 1173 3691 1227 unani-

2103 1272 2247 1312 mem
2294 1257 2481 1326 prazlio
2525 1258 2804 1327 dirimere,
2849 1267 2906 1315 et
2947 1260 2999 1315 in
3046 1261 3255 1328 litibus,
3302 1262 3495 1332 gladiis
3520 1264 3690 1318 vitam

2100 1350 2387 1421 impetere,
2430 1352 2520 1407 ubi
2555 1353 2785 1422 aequitas
2812 1352 3165 1422 iudiciorum,
3199 1357 3413 1411 testium
3453 1357 3594 1412 oculi
3633 1367 3689 1415 et

2102 1439 2404 1512 integritas,
2438 1452 2664 1510 possunt
2691 1445 2964 1514 supplere.
3000 1445 3150 1500 Adde
3178 1448 3317 1516 quod
3353 1449 3437 1502 lex
3467 1449 3554 1503 illa
3583 1465 3688 1525 non

2100 1539 2187 1587 est
2213 1548 2314 1588 nec
2339 1533 2599 1599 Mosaica,
2630 1550 2731 1590 nec
2756 1537 3085 1605 evangelica,
3119 1537 3227 1593 imo
3253 1554 3283 1592 a
3313 1537 3610 1596 fwdissimo
3635 1550 3690 1595 et

2101 1621 2469 1679 infensissimo
2496 1624 2699 1681 Christi
2728 1627 2884 1681 hoste
2914 1628 3131 1683 inventa
3151 1670 3165 1694 ,
3208 1637 3267 1684 ut
3295 1645 3402 1685 non
3437 1632 3685 1697 testibus.

2102 1721 2197 1768 aut
2236 1715 2512 1769 veracium
2561 1715 2914 1782 testimonio,
2964 1716 3059 1772 sed
3095 1715 3241 1772 ferro
3291 1726 3347 1773 et
3395 1718 3517 1791 igne
3563 1719 3687 1777 lites

2102 1804 2480 1862 discutiantur.
2530 1806 2849 1876 Agobardus
2876 1822 3007 1879 ergo
3042 1809 3331 1880 compellat
3363 1810 3687 1881 benignissi-

2100 1911 2247 1951 mum
2274 1897 2690 1967 imperatorem,
2735 1906 2795 1953 ut
2833 1913 2865 1953 e
2908 1914 3074 1969 regno
3101 1908 3211 1954 tam
3247 1900 3530 1956 scelestam
3556 1916 3687 1958 con-

2100 1988 2437 2044 suetudinem
2468 1988 2785 2045 abolendam
2813 1996 2987 2045 curet.

2135 2093 2138 2097 ‘
2428 2077 2537 2132 VII
2569 2077 2762 2133 votum.
2810 2078 2888 2133 De
2916 2079 3047 2135 lure
3074 2081 3377 2136 sacerdotii.

2171 2168 2563 2225 Confabulatur
2613 2186 2736 2225 cum
2788 2172 3108 2243 coepiscopo
3154 2173 3433 2230 Bernardo
3481 2173 3685 2232 diserte

2101 2260 2411 2323 admodum,
2441 2278 2471 2317 e
2496 2262 2751 2318 Patribus
2778 2263 2964 2328 multa,
2997 2264 3093 2320 sed
3117 2265 3271 2336 plura
3313 2282 3345 2322 e
3380 2265 3681 2337 Scriptura.

2170 2353 2212 2407 1.
2255 2352 2628 2409 Sacerdotium
2650 2369 2773 2411 esse
2795 2356 3033 2411 omnium
3056 2357 3148 2427 qui
3168 2356 3275 2414 ﬁde
3297 2359 3538 2414 membra
3560 2369 3687 2414 sunt

2101 2447 2298 2503 summi
2326 2447 2647 2503 sacerdotis.

2171 2539 2236 2594 11.
2275 2540 2345 2594 Et
2372 2540 2625 2611 quamvis
2652 2539 2742 2597 illa
2768 2556 2870 2596 vox
2898 2539 3162 2597 latissime
3187 2550 3390 2612 pateat,
3419 2549 3598 2598 tamen
3626 2550 3687 2597 ut

2101 2640 2185 2688 est
2217 2647 2323 2686 vox
2362 2631 2683 2697 ministerii,
2722 2633 2940 2703 proprie
2980 2634 3254 2703 pertinere
3282 2637 3349 2689 ad
3378 2636 3686 2691 sacerdotes

2100 2722 2436 2794 designatos,
2476 2720 2629 2791 cujus
2656 2722 2870 2778 initium
2902 2722 3004 2777 fuit
3034 2724 3088 2779 in
3120 2723 3309 2790 Abele,
3335 2724 3522 2789 Caino,
3548 2722 3682 2791 Noe,

2098 2812 2429 2873 Abrahamo.
2452 2813 2772 2883 ceterisque
2790 2812 3043 2870 Levitica:
3064 2815 3240 2870 tribus
3259 2814 3551 2882 Nazarzeis,
3566 2816 3686 2872 sine

2100 2906 2210 2963 ullo
2235 2906 2554 2963 discrimine
2576 2906 2843 2962 bonorum
2873 2916 2928 2962 et
2954 2907 3241 2964 malorum.

2169 3001 2256 3056 Iﬂ.
2297 3000 2433 3068 Quia
2461 3016 2567 3056 non
2590 3000 2883 3072 respicitur
2909 3001 2962 3057 in
2990 3002 3270 3058 sacerdote
3290 3004 3563 3067 meritum,
3586 3003 3683 3060 sed

2098 3093 2182 3148 vis
2209 3091 2526 3158 ministerii;
2573 3107 2680 3147 non
2709 3107 2938 3161 persona
2955 3133 2972 3159 ,
3012 3093 3109 3149 sed
3137 3092 3371 3165 dignitas
3395 3109 3641 3165 persona:
3664 3113 3679 3160 ;

2099 3198 2205 3239 non
2237 3182 2537 3254 integritas,
2570 3183 2667 3237 sed
2693 3182 2956 3238 ofﬁcium.

2167 3258 2256 3327 IV.
2297 3273 2375 3327 Ita
2406 3281 2467 3328 ut
2501 3274 2677 3330 bonus
2717 3274 2889 3330 laicus
2928 3290 3036 3330 non
3077 3276 3250 3347 possit
3291 3278 3515 3348 exsequi
3560 3294 3681 3349 qum

2097 3363 2273 3418 malus
2295 3363 2601 3434 episcopus,
2626 3380 2818 3435 netiipe
2840 3375 3179 3422 sacramenta
3203 3376 3260 3424 et
3285 3383 3402 3425 rem
3425 3369 3683 3427 ecclesia-

2098 3455 2308 3519 sticam,
2339 3454 2456 3510 sine
2482 3455 2721 3526 pernicie
2747 3456 2959 3522 auimze,
2994 3465 3053 3512 ut
3078 3457 3210 3512 Oza.
3512 3516 3519 3521 ,

2170 3547 2236 3602 V.
2273 3545 2404 3614 Quae
2448 3556 2575 3602 sunt
2613 3548 2908 3619 baptisma,
2941 3558 2997 3605 et
3033 3549 3303 3606 confectio
3342 3552 3589 3621 corporis
3626 3560 3683 3608 et

2096 3637 2378 3708 sanguinis
2402 3635 2626 3706 Christi,
2655 3646 2796 3705 elc.;
2831 3654 2954 3710 quae
2980 3655 3104 3695 cum
3136 3656 3235 3696 nec
3264 3642 3528 3697 bonorum
3562 3658 3678 3699 me-

2098 3730 2237 3795 ritis,
2265 3745 2368 3786 nec
2392 3730 2657 3786 malorum
2686 3729 2876 3787 fraude
2896 3732 3107 3803 possint
3134 3747 3237 3787 nec
3261 3732 3556 3797 meliorari,
3580 3749 3681 3787 nec

2096 3818 2439 3885 deteriorari,
2469 3818 2565 3875 sed
2594 3818 2829 3890 Spiritus
2852 3821 3054 3876 virtute
3079 3820 3448 3891 perﬁciantur,
3479 3821 3679 3876 debent

2095 3910 2164 3964 ab
2192 3910 2445 3964 omnibus
2475 3909 2759 3979 aequaliter
2783 3908 3062 3977 honorari,
3091 3910 3206 3966 sive
3235 3925 3267 3964 a
3292 3910 3472 3976 bonis,
3502 3911 3614 3966 sive
3646 3926 3678 3966 a

2097 4000 2254 4054 malis
2278 3998 2580 4069 percipiant
2604 3998 2996 4055 sacerdotibus.

2167 4087 2406 4156 Quorum
2428 4095 2664 4157 quatuor
2684 4095 2810 4144 sunt
2829 4103 3047 4160 genera.
3078 4089 3344 4156 Primum,
3366 4092 3673 4159 amandum,

2094 4178 2188 4249 qui
2216 4178 2353 4233 bene
2390 4185 2446 4233 et
2484 4178 2675 4234 vivunt
2710 4186 2766 4235 et
2794 4180 3008 4236 docent.
3066 4178 3396 4248 Secundum,
3441 4182 3674 4237 toleran-

2094 4267 2242 4334 dum,
2268 4268 2362 4339 qui
2385 4268 2523 4325 bene
2550 4267 2767 4336 docent,
2789 4277 2845 4326 et
2865 4285 2971 4326 non
2997 4271 3284 4327 admodum
3313 4272 3450 4342 bene
3469 4274 3671 4329 vivunt.

2094 4359 2163 4414 Et
2204 4360 2292 4415 isti
2324 4368 2450 4415 sunt
2483 4358 2757 4426 audiendi,
2794 4375 2902 4416 non
2932 4360 3202 4415 imitandi.
3259 4361 3518 4426 Tertium,
3552 4380 3674 4417 con-

2020 4474 2071 4534 ο
2093 4450 2450 4517 temnendum,
2476 4450 2620 4508 male
2660 4451 2956 4527 viventium
2985 4460 3041 4521 et
3067 4451 3452 4523 ignorantium.
3501 4452 3675 4519 Quar-

2094 4549 2229 4606 tum,
2274 4541 2850 4607 anathematizandum,
2896 4542 3035 4597 bene
3061 4541 3145 4598 vel
3181 4541 3322 4597 male
3349 4543 3665 4610 viventium,

2091 4630 2188 4687 sed
2214 4630 2354 4686 male
2376 4629 2705 4686 docentium.
2737 4631 2807 4686 Et
2831 4630 2907 4686 illi
2932 4631 3154 4687 omnino
3179 4630 3537 4702 relinquendi.

2508 4719 2587 4775 De
2614 4719 2870 4792 grandine
2902 4728 2953 4775 et
2985 4719 3252 4775 tonitruis.

2158 4810 2467 4868 lnvatuerat
2492 4810 2548 4867 in
2578 4811 2770 4885 vulgus
2799 4819 2942 4870 tetra
2978 4812 3163 4883 opinio
3199 4820 3257 4869 et
3290 4813 3668 4886 superstitiosa

2089 4906 2158 4962 de
2183 4906 2447 4978 grandine
2468 4913 2526 4963 et
2548 4905 2821 4977 procellis,
2844 4921 2981 4976 quas
3004 4921 3218 4977 magum
3249 4906 3669 4962 incantamentis

2088 4996 2219 5052 cieri
2241 4995 2520 5066 putabant.
2543 4995 2656 5051 Hoc
2673 4995 2942 5052 vocabant
2966 4996 3164 5051 Auram
3187 4995 3503 5062 levatitiam;
3524 4997 3668 5065 quod

2087 5087 2373 5158 multiplici
2419 5086 2660 5143 inﬁrmat
2704 5088 2915 5145 ratione
2961 5075 3427 5162 argumentisqu‘e,
3472 5088 3668 5159 quibus

2089 5181 2465 5238 circumvolvit
2487 5181 2748 5251 ejusmodi
2774 5181 3116 5238 tenebriones
3141 5188 3199 5237 et
3220 5178 3509 5237 veneﬁcos.
3549 5180 3600 5236 1.
3621 5182 3669 5237 Δ

2088 5273 2403 5345 turpissimo
2430 5272 2709 5327 hominum
2738 5272 3043 5336 mendacio,
3067 5269 3160 5339 qui
3188 5269 3433 5326 tribuunt
3460 5272 3666 5328 homini

2088 5366 2233 5437 quod
2257 5364 2427 5420 solius
2449 5363 2544 5418 Dei
2566 5371 2669 5419 est.
2705 5362 2760 5418 2.
2784 5363 2828 5418 A
2850 5361 3114 5417 mendacii
3134 5368 3329 5417 natura
3351 5363 3666 5430 intrinseca,

2087 5472 2196 5530 quo
2241 5456 2319 5511 illi
2365 5456 2754 5511 innitebanlur.
2808 5455 2862 5510 5.
2900 5452 2947 5507 Α
2986 5452 3309 5512 testimoniis
3344 5453 3659 5528 Scriptura}.

2089 5547 2215 5606 Loci
2255 5545 2548 5616 Scriptura:
2588 5551 2770 5598 motus
2808 5550 3187 5615 tempestatum
3235 5545 3343 5600 Deo
3388 5545 3665 5610 tribuunt,

2088 5658 2193 5699 non
2224 5640 2379 5708 Mosi,
2410 5653 2515 5693 non
2545 5634 2803 5700 Samueli,
2835 5643 2965 5704 etc.,
2997 5652 3104 5691 non
3131 5635 3304 5692 Jamni
3334 5636 3668 5709 Mambriqnc
