4048 6178
383 336 457 408 is
908 326 917 329 ’
1273 346 1332 402 s.
1373 326 1799 403 aconannus‘
1836 328 2219 398 missuras
2255 334 2765 405 LUGDUNENSIS.
3587 346 3658 405 at

380 472 657 532 veneﬁcis.
696 471 841 544 Ergo
868 470 1006 526 {aleo
1038 469 1128 525 iSti
1161 468 1466 526 attribuunt
1500 466 1716 525 vatibus
1757 474 1966 536 tempe-
1996 458 2043 524 Α
2073 461 2444 539 Evangelium,
2468 485 2574 526 non
2605 470 2662 525 in
2688 482 2883 542 pompa
2910 471 3251 544 eloquentiae,
3284 473 3380 529 sed
3408 471 3465 527 in
3489 472 3660 527 virtu-

381 573 582 620 statum
605 564 803 619 motus.
828 560 979 616 LAb
999 558 1359 630 explicatione
1383 558 1627 631 ejusdem
1648 558 1965 629 Scriptura).

380 655 517 712 Nam
544 655 672 711 licet
694 654 838 709 Dens
864 652 1106 709 effundat
1130 653 1420 725 procellas,
1462 653 1577 709 sive
1601 667 1702 724 per
1727 651 1968 722 angelos,

379 747 495 802 sive
527 748 624 818 per
648 738 851 801 Mosem
886 740 1253 813 Ellseumque,
1287 759 1394 799 non
1424 744 1669 814 sequitur
1694 756 1789 798 eos
1825 757 1856 797 a
1887 756 1967 810 se,

379 836 474 890 sed
498 850 598 905 per
622 833 1003 896 ministerium,
1034 832 1358 889 concitasse.
1394 832 1448 887 6.
1478 831 1562 887 Ab
1593 829 1876 887 harmonia
1910 835 1967 886 et

379 924 691 979 tiastimonio
712 924 877 979 totius
899 922 1158 978 universi.
1191 920 1365 979 Omne
1386 923 1698 978 universum
1725 919 1971 992 agnoscit

377 1020 655 1075 auctorem
693 1018 749 1072 et
781 1020 1050 1071 motorem
1076 1014 1248 1070 Deum
1283 1014 1484 1081 solum,
1514 1028 1622 1068 non
1653 1027 1784 1081 ergo
1815 1026 1971 1067 crea-

376 1117 547 1164 turas.
585 1109 639 1163 ’1.
670 1104 728 1163 Si
754 1106 882 1164 boni
907 1106 1166 1162 Israelita;
1190 1110 1485 1178 potuerunt
1507 1104 1783 1159 evibrasse
1807 1116 1970 1173 gran-

377 1200 532 1256 dines
579 1214 744 1269 super
792 1198 985 1263 malos,
1038 1195 1168 1250 mali
1211 1206 1427 1266 quoque
1470 1192 1772 1264 potuissent
1804 1196 1970 1263 super

358 1274 568 1355 ,bonos,
620 1287 765 1358 quod
807 1286 985 1357 Reges
1015 1284 1307 1340 Chananzei
1342 1294 1620 1353 nunquam
1647 1278 1963 1337 effecerunt.

376 1379 432 1436 8.
465 1377 524 1436 Si
568 1376 673 1434 hoc
708 1384 931 1447 possent
971 1375 1134 1441 mali,
1176 1381 1400 1447 possent
1439 1373 1681 1429 infensos
1723 1382 1967 1443 quosque

377 1470 573 1528 subitis
615 1468 871 1541 procellis
913 1468 1164 1524 obruere.
1211 1465 1265 1524 9.
1306 1466 1355 1521 Α
1392 1472 1589 1522 natura
1629 1464 1963 1537 ﬂagellorum

376 1570 774 1632 corporumque
801 1557 1134 1623 caelestium,
1176 1573 1407 1629 quorum
1441 1557 1723 1629 proprium
1757 1562 1841 1613 est
1868 1555 1967 1612 ob-

376 1658 686 1719 temperare
717 1660 823 1703 non
852 1646 1098 1714 homini,
1145 1647 1243 1703 sed
1275 1646 1485 1702 auctori
1519 1655 1747 1703 natum.
1796 1645 1884 1701 10.
1916 1643 1964 1700 Α

377 1750 574 1798 natura
600 1740 865 1802 hominis.
909 1738 1002 1810 qui
1040 1738 1251 1811 ignorat
1287 1747 1498 1796 secreta
1531 1739 1772 1796 :etheris.
1799 1732 1887 1793 Η.
1914 1735 1962 1794 Δ

2075 552 2129 614 te
2155 554 2412 615 Spiritus.

2155 571 2194 612 δ
2234 571 2412 615 tritus.

2139 571 2230 703 Ag
2242 648 2331 705 iV.
2359 649 2622 718 Quartum
2648 651 2891 708 inﬁrmat
2913 653 3047 710 locis
3069 648 3367 725 Scriptum
3390 662 3446 709 et
3486 651 3660 724 philo-

2068 741 2291 796 sonhiae.

2170 756 2291 796 mae.

2132 756 2220 883 id
2254 828 2318 886 ν.
2352 830 2611 899 Quintum
2643 847 2675 889 a
2698 841 2889 890 natura
2920 834 3037 902 Dei,
3066 850 3189 907 quat
3216 835 3293 891 nil
3323 836 3491 892 habet
3513 834 3654 891 divi-

2068 933 2210 984 sum,
2236 921 2330 975 sed
2360 929 2535 977 totum
2564 932 2649 979 est
2672 924 2727 980 id
2752 926 2895 995 quod
2917 933 3023 981 est.

2137 1008 2220 1063 Ad
2250 1009 2336 1064 Vl.
2363 1011 2639 1069 Christum
2676 1031 2784 1070 non
2821 1016 2988 1072 fuisse
3027 1015 3399 1083 manifestum,
3434 1016 3528 1072 sed
3558 1016 3660 1070 sub

2066 1098 2308 1157 Levitiea
2362 1110 2517 1158 veste
2542 1121 2574 1159 a
2624 1104 2951 1176 patriarchis
2997 1110 3274 1182 cognitum
3325 1124 3424 1180 per
3472 1109 3655 1172 ﬁdem,

2069 1188 2370 1262 Scriptura,
2394 1191 2668 1260 Patribus,
2696 1197 2929 1263 ratione,
2950 1194 3019 1254 ab
3044 1201 3252 1255 unitate
3280 1198 3559 1267 Ecclesiae,
3588 1200 3659 1255 ab

2064 1286 2190 1337 ortu
2214 1282 2429 1348 Adami,
2453 1300 2625 1353 usque
2649 1286 2719 1340 ad
2741 1285 3039 1341 Christum.

2136 1369 2294 1428 Unde
2341 1372 2545 1428 factum
2590 1382 2676 1430 est
2703 1382 2763 1429 ut
2788 1375 3037 1445 quamvis
3070 1386 3253 1432 essent
3303 1379 3517 1435 diversa
3568 1395 3657 1435 sa-

2065 1471 2364 1529 cramenta,
2397 1473 2579 1521 tamen
2605 1465 2795 1522 eadem
2823 1466 2986 1523 fuerit
3023 1466 3491 1523 sacramentorum
3528 1470 3655 1525 sub-

2065 1554 2289 1611 stantia.

2134 1645 2205 1701 Et
2239 1645 2367 1703 licet
2398 1643 2611 1703 dicatur
2651 1649 2820 1704 Vetus
2855 1654 2912 1704 et
2965 1646 3174 1704 Novum
3221 1648 3652 1715 Testamentum,

2064 1744 2173 1794 non
2202 1737 2257 1793 id
2283 1744 2569 1809 propterea
2597 1739 2741 1809 quod
2767 1739 2840 1794 sit
2866 1750 3038 1809 nuper
3065 1739 3368 1805 inventum,
3409 1739 3504 1793 sed
3534 1754 3652 1792 ma-

376 1831 611 1904 pendula
639 1829 1003 1886 veneﬁcorum
1030 1828 1155 1896 ﬁde,
1188 1826 1281 1899 qui
1311 1835 1600 1899 propterea
1628 1828 1705 1883 nil
1735 1835 1965 1884 exorant
1992 1820 2039 1881 B
2065 1826 2376 1883 nifestatum
2402 1829 2551 1883 omni
2578 1829 2799 1894 mundo,
2829 1828 2974 1898 quod
2999 1828 3289 1884 delituerat
3317 1828 3419 1883 sub
3441 1828 3648 1883 cortice

379 1938 410 1979 a
438 1920 570 1979 Deo.
617 1919 685 1978 Et
715 1921 819 1977 alia
846 1919 1015 1976 multa
1051 1928 1284 1976 conatur
1311 1930 1343 1975 e
1372 1916 1537 1975 corde
1568 1918 1749 1990 populi
1777 1917 1961 1975 delere

380 2012 661 2085 ﬁgmenta,
689 2012 896 2083 jamdiu
927 2010 1314 2067 consuetudine
1349 2011 1630 2081 impressa,
1662 2009 1962 2081 praesertim

378 2106 511 2162 illud
545 2106 689 2178 quod
722 2102 1209 2161 circumferebatur
1242 2105 1309 2159 de
1341 2101 1652 2158 Grimoaldo
1688 2102 1962 2160 Beneven~

379 2205 562 2252 torum
590 2197 725 2251 duce
747 2194 860 2267 (qui
883 2193 1216 2251 transmissis
1240 2206 1338 2264 per
1357 2190 1631 2264 pulverem
1652 2194 1962 2251 hominibus

378 2286 557 2342 eﬁ'ecit
590 2293 651 2340 ut
679 2286 849 2341 boves
893 2296 1082 2340 omnes
1124 2285 1522 2356 morerentur),
1569 2293 1629 2340 ut
1669 2284 1960 2356 genuinum

379 2377 656 2451 Evangelii
680 2377 1055 2434 characterem
1082 2376 1370 2448 insculpat.

785 2467 869 2522 Ad
903 2465 1251 2541 Fredegisum
1289 2468 1547 2525 abbatem.

448 2554 776 2631 Fredegisus
794 2559 960 2615 abbas
982 2558 1086 2615 ista
1108 2566 1301 2616 contra
1317 2558 1664 2632 Agobardum
1687 2558 1965 2618 asserebat

379 2648 650 2722 dogmata.
728 2702 747 2719 ,

447 2741 490 2797 l.
526 2740 800 2798 Christum
826 2742 957 2796 vere
985 2735 1153 2796 fuisse
1181 2738 1462 2807 humilem,
1491 2747 1547 2796 et
1571 2746 1838 2811 quatenus
1861 2741 1964 2797 hu-

377 2826 582 2897 milem,
610 2844 732 2885 sese
757 2825 1126 2884 errabundum
1158 2842 1439 2901 cognosse.

446 2919 753 2978 ll.0mnem
779 2917 1119 2989 Scripturam
1147 2933 1269 2974 cum
1295 2919 1546 2975 omnibus
1573 2919 1964 2989 interpretibus

377 3008 694 3066 canonicam
703 3049 718 3075 ,
734 3023 908 3078 neque
920 3023 1016 3065 eos
1028 3022 1267 3079 unquam
1281 3014 1495 3064 errasse
1508 3008 1563 3063 in
1586 3011 1959 3080 grammatica.

440 3098 534 3156 Ill.
549 3099 810 3157 Sanctum
838 3099 1102 3170 Spiritum
1131 3100 1429 3170 inspirasse
1452 3099 1734 3170 prophetis
1753 3107 1811 3156 et
1835 3114 1964 3171 apo-

2066 1910 2508 1977 Levitlczenuhis
2534 1915 2602 1971 ab
2629 1914 2840 1984 origine
2871 1914 3024 1985 legis.

2065 2021 2149 2077 Ad
2177 2012 2492 2080 Hilduinum
2520 2020 2730 2096 quam
2757 2022 3064 2096 antistitem,
3086 2024 3151 2080 de
3179 2021 3435 2096 baptismo
3455 2027 3653 2081 manci-

2557 2094 2767 2166 piorum
2791 2094 3162 2150 Iudaicarum.

2138 2217 2165 2246 ι
2190 2203 2382 2272 Judaei,
2406 2212 2522 2260 tum
2550 2205 2706 2271 dolis,
2731 2214 2844 2260 tum
2872 2204 3139 2276 “pecuniis,
3164 2220 3191 2260 a
3222 2204 3436 2261 Cmsare
3470 2215 3651 2263 extor-

2067 2306 2252 2353 serant
2280 2296 2447 2353 multa
2471 2298 2592 2367 paci
2617 2296 2872 2353 Ecclesiae
2894 2296 3104 2353 inlcnsa
3130 2314 3144 2364 ;
3178 2297 3322 2353 inter
3346 2308 3559 2364 extera,
3591 2308 3651 2354 ut

2066 2387 2245 2443 nullus
2263 2386 2569 2444 Iudaeorum
2587 2403 2776 2443 servus
2798 2388 3002 2457 absque
3026 2384 3225 2458 placito
3252 2385 3421 2443 Judaei
3446 2389 3647 2444 domini

2065 2479 2455 2549 baptiZaretur.
2470 2478 2601 2534 Inde
2623 2478 2757 2534 dirae
2779 2472 3031 2548 procella:
3057 2479 3199 2533 inter
3218 2488 3501 2549 utramque
3522 2497 3649 2551 gen-

2066 2577 2198 2625 tem.
2220 2568 2537 2640 Agobardus
2555 2583 2671 2624 rem
2694 2567 2796 2623 hac
2813 2567 3038 2638 epistola
3068 2566 3306 2638 depingit
3327 2570 3466 2638 apud
3492 2570 3649 2624 nobi-

2067 2658 2173 2714 lem
2199 2660 2454 2724 aulicum,
2480 2657 2800 2723 antistitem,
2829 2656 3030 2712 Caesari
3052 2655 3648 2725 gratissimum.Quet-i-

2068 2759 2157 2804 tur
2168 2749 2233 2804 de
2248 2749 2487 2805 novitate
2500 2748 2683 2805 edicti.
2700 2740 2815 2803 Non
2829 2744 3247 2818 permittendum
3265 2746 3350 2802 his
3363 2763 3649 2818 argumen-
3669 2756 3672 2760 λ

2068 2838 2157 2895 tis.
2194 2838 2244 2893 l.
2267 2839 2495 2910 Propter
2528 2839 2872 2896 insolentiam
2902 2839 3232 2906 Iudaeorum,
3266 2841 3356 2910 qui
3387 2840 3650 2911 quoslibet

2067 2943 2255 2987 servos
2274 2945 2306 2987 a
2325 2929 2542 2986 lavacro
2562 2929 2961 2986 absterrebant.
2978 2926 3034 2984 ‘2.
3050 2929 3281 3001 Propter
3304 2930 3395 2985 Dei
3412 2931 3648 3002 iussum,

2066 3021 2160 3091 qui
2185 3020 2301 3075 vult
2330 3035 2518 3076 omnes
2545 3020 2745 3087 salvos,
2787 3021 2896 3076 imo
2932 3021 3222 3091 mancipia,
3268 3022 3461 3091 quibus
3499 3038 3649 3078 com-

2067 3122 2228 3165 mune
2254 3117 2339 3165 est
2359 3124 2480 3165 cum
2503 3111 2755 3167 omnibus
2778 3119 2985 3166 naturae
3023 3120 3079 3166 et
3097 3111 3321 3183 originis
3356 3112 3652 3178 vinculum,

377 3190 532 3247 stolis
567 3197 682 3244 tum
716 3188 1310 3259 conceptus‘internos,
1340 3195 1396 3245 et
1431 3189 1772 3245 extrinsecus
1809 3203 1971 3245 voces
1997 3180 2044 3248 C
2072 3207 2127 3256 et
2165 3200 2412 3271 quamvis
2449 3215 2674 3273 corpore
2702 3202 2902 3257 mundo
2932 3180 3336 3266 serviantﬁult
3379 3202 3525 3273 ipsos
3548 3203 3651 3258 sibi

376 3282 524 3355 ipsas
548 3281 606 3337 in
632 3295 731 3338 ore
755 3279 1040 3345 formasse,
1059 3284 1121 3334 ut
1140 3279 1309 3335 asinae
1333 3278 1613 3333 Balaami.‘

445 3372 764 3432 lY.Alieubi
791 3376 942 3430 certo
981 3372 1102 3429 loco
1145 3373 1357 3429 animas
1395 3387 1517 3429 esse
1551 3380 1783 3440 creatas,
1820 3374 1971 3431 inde-

376 3483 482 3539 que
506 3468 577 3523 ad
600 3481 829 3539 corpora
854 3465 1181 3537 demigrare.
1338 3493 1350 3507 -

447 3557 687 3618 V.Aliud
710 3574 831 3616 esse
849 3560 1042 3624 Deum,
1062 3559 1205 3614 aliud
1237 3558 1557 3615 Veritatem.

447 3652 536 3710 Vl.
561 3650 764 3712 Omnes
798 3651 1052 3723 antiquos
1088 3651 1432 3723 patriarchas
1469 3666 1574 3706 non
1612 3640 1779 3707 fuisse
1808 3651 1970 3707 Chri-

377 3746 619 3813 stianos;
649 3761 753 3802 nec
787 3743 1063 3802 Christum
1097 3742 1267 3799 fuisse
1293 3742 1350 3797 in
1380 3740 1565 3799 Veteri
1595 3743 1963 3799 Testamento.

446 3837 846 3910 BeSponsiones
871 3831 1143 3909 Agobardi
1165 3832 1250 3890 hae
1277 3842 1424 3890 sunt.

446 3928 529 3985 Ad
554 3928 596 3983 Ι.
625 3926 899 3985 Christum
925 3924 1126 3982 habere
1146 3923 1364 3995 quidem
1393 3930 1643 3979 naturam
1678 3932 1967 3995 corporum

377 4028 715 4085 nostrorum,
741 4034 849 4075 non
889 4017 1179 4088 originem,
1203 4022 1258 4070 et
1286 4015 1412 4070 inde
1458 4013 1659 4071 habere
1693 4015 1965 4085 impecca-

373 4111 674 4176 hilitatem;
706 4109 782 4163 ita
822 4114 885 4163 ut
904 4106 1033 4162 licet
1069 4121 1192 4161 sese
1241 4102 1502 4161 humilem
1549 4105 1864 4170 reddiderit,
1906 4106 1960 4161 id

377 4203 726 4258 inclinatione
753 4198 1139 4264 miserationis,
1161 4213 1269 4253 non
1296 4197 1650 4253 evacuatione
1676 4198 1967 4268 potestatis

377 4290 590 4358 fecerit,
619 4288 884 4347 abolendo
910 4295 1131 4359 peccata
1155 4286 1351 4352 aliena,
1378 4301 1485 4341 non
1512 4285 1819 4342 conﬁtendo
1840 4302 1967 4358 pro-

379 4401 519 4458 prta.

451 4477 530 4533 Ad
557 4476 621 4532 ll.
649 4473 1040 4532 Auctoritatem
1069 4469 1365 4542 Scriptum:
1387 4466 1813 4535 indubitabilem,
1844 4468 1964 4538 ejus

378 4585 573 4642 nempe
611 4584 731 4641 qua:
768 4565 1031 4624 canenica
1085 4572 1188 4620 est.
1232 4561 1313 4618 Ex
1360 4562 1767 4632 interpretibus,
1810 4575 1960 4618 uxtt

366 4665 637 4738 primum,
666 4660 788 4718 dein
816 4658 1226 4729 Hieronymum.
1259 4654 1482 4724 Allqnos
1510 4650 1873 4724 expiodendos
1898 4653 1966 4709 de

375 4755 615 4813 Iudaeis:
647 4750 922 4825 Aquilam,
951 4745 1310 4813 Theodotien,
1357 4744 1763 4819 Symmachum,
1800 4744 1966 4817 Didy-

378 4860 548 4902 mum.
575 4838 1010 4914 Expositoresita
1023 4834 1293 4910 legantur,
1313 4845 1374 4892 ut
1385 4842 1626 4908 praecant
1646 4835 1963 4907 Scriptum,

379 4955 484 4993 non
504 4952 622 4991 cum
637 4931 920 5005 iudicandi
939 4930 1201 4996 libertate,
1218 4928 1310 4985 sed
1330 4943 1448 4983 cum
1470 4929 1717 4984 credendi
1739 4930 1966 4984 necessi-

378 5039 509 5095 tate,
535 5026 873 5099 exposituros
897 5036 1041 5086 vero,
1070 5034 1176 5077 non
1202 5034 1326 5077 cum
1347 5018 1600 5077 credendi
1620 5020 1965 5089 necessitate,

378 5120 473 5175 sed
504 5102 921 5188 cumjudicandi
950 5106 1218 5168 libertate.
1257 5112 1408 5184 ipsos
1444 5120 1658 5168 erraSSe
1696 5112 1751 5166 in
1791 5122 1971 5183 gram-

380 5209 603 5275 matica,
632 5210 742 5264 non
766 5196 997 5269 malitia,
1020 5216 1122 5259 nec
1149 5202 1441 5274 imperitia,
1464 5202 1559 5257 sed
1589 5201 1800 5257 ratione
1841 5208 1970 5258 con~

380 5290 768 5358 descensionis.

450 5392 535 5449 Ad
570 5388 657 5447 lll.
703 5382 963 5461 Exemplo
1006 5388 1169 5444 Mosis
1208 5397 1265 5442 et
1300 5387 1503 5450 Aaron,
1539 5395 1771 5457 quorum
1833 5383 1972 5438 almr

381 5487 640 5559 propheta
681 5492 867 5539 vocem
911 5484 1101 5539 habuit
1148 5480 1540 5552 impeditiorem
1583 5488 1745 5547 quam
1788 5476 1969 5530 Aaron

382 5581 476 5652 qui
499 5596 604 5636 non
630 5584 748 5633 erat
783 5571 1462 5646 propheta:apostolorum
1498 5568 1591 5640 qui
1627 5567 1971 5638 promulgant

2066 3288 2360 3349 obstrictos
2423 3291 2584 3348 latria
2624 3294 2824 3348 mentis
2867 3299 3057 3349 contra
3100 3304 3314 3348 omnem
3364 3300 3651 3364 cegentem

2066 3383 2396 3439 violentiam.
2423 3382 2477 3437 ὃ.
2506 3383 2642 3451 Quia
2670 3383 2921 3439 Christus
2944 3394 3029 3439 est
3061 3384 3242 3439 omnia
3282 3384 3337 3439 in
3377 3384 3647 3452 omnibUs,

2064 3484 2122 3533 et
2145 3490 2244 3546 per
2265 3474 2592 3547 baptismum
2612 3476 2682 3532 ab
2706 3476 2855 3532 omni
2875 3476 3150 3533 servitutis
3165 3475 3295 3548 jngo
3324 3477 3643 3533 liberantur.

2064 3567 2117 3622 4.
2149 3567 2311 3623 Locis
2363 3566 2658 3637 Scriptura:
2711 3568 3157 3637 expressissimis.
3213 3568 3453 3623 Tandem
3497 3578 3654 3637 rogat

2064 3672 2187 3712 eum
2222 3666 2283 3712 ut
2320 3654 2521 3712 eﬁlciat
2554 3655 2695 3727 apud
2733 3657 3139 3726 imperatorem,
3174 3667 3268 3712 aut
3308 3666 3368 3713 ut
3409 3656 3647 3721 edictum

2066 3748 2409 3819 infringatur,
2432 3754 2524 3804 aut
2544 3748 2735 3804 saltem
2760 3750 2877 3803 sine
2904 3748 3163 3805 violentia
3192 3751 3443 3805 veniendi
3474 3751 3542 3806 ad
3587 3751 3651 3805 ﬁ-

2064 3839 2187 3896 dem
2216 3838 2440 3895 libertas
2467 3841 2640 3896 servis
2664 3840 3011 3896 concedatur.

2556 3953 2630 4009 De
2660 3954 2902 4010 illusione
2926 3955 3213 4025 signorum.

2106 4067 2563 4138 ,lngravescebat
2597 4066 2846 4137 quaedam
2872 4049 3153 4138 intimida,
3195 4066 3268 4120 ita
3310 4075 3370 4121 ut
3401 4067 3650 4124 homines

2064 4161 2220 4231 quasi
2242 4160 2556 4216 daemoniaci
2577 4159 2850 4217 caderent.
2877 4140 2989 4215 lino
3021 4159 3235 4214 cxustio
3275 4160 3517 4229 quaedam
3548 4177 3651 4231 pu-

2065 4247 2302 4303 stulacea
2330 4256 2386 4303 et
2413 4248 2667 4318 stigmata
2692 4248 2747 4301 in
2776 4249 3094 4317 corporibus
3119 4250 3470 4319 apparebant.
3496 4249 3648 4306 Unde

2066 4338 2231 4394 ﬁebat
2249 4347 2309 4392 ut
2328 4336 2478 4408 plebs
2497 4337 2688 4392 territa
2709 4335 2970 4405 ejusmodi
2991 4337 3185 4408 plagis,
3208 4353 3359 4393 more
3379 4338 3649 4407 gentilitio

2066 4432 2121 4487 in
2148 4430 2586 4500 propitiationem
2628 4427 2890 4497 ejusmodi
2935 4429 3176 4485 ulcerum
3207 4428 3482 4485 offerrent.
3521 4429 3654 4484 Bar-

1990 4526 2044 4594 ι)
2067 4522 2383 4579 tholomaeus
2418 4521 2536 4593 ejus
2570 4520 2666 4576 ira:
2705 4521 2918 4577 ccelitus
2955 4520 3204 4577 demissa:
3240 4535 3460 4575 causam
3495 4521 3653 4590 petit.

2065 4610 2381 4684 Agobardus
2401 4609 2692 4680 respondet
2715 4609 2831 4664 haec
2857 4608 2977 4665 ﬁeri
3006 4608 3116 4664 Deo
3135 4608 3373 4674 volente,
3389 4616 3445 4663 et
3462 4608 3654 4680 angelo

2066 4703 2427 4767 ministrante,
2472 4699 2781 4759 erudiendis
2817 4699 3084 4768 ﬁdelibus,
3114 4699 3527 4770 cruciandisque
3559 4715 3648 4754 re-

2065 4794 2248 4863 probis
2266 4836 2281 4860 ,
2305 4804 2366 4848 ut
2377 4791 2507 4849 olim
2520 4808 2618 4863 per
2631 4792 2845 4847 vesicas
2861 4797 3143 4861 turgentes
3156 4798 3215 4846 et
3225 4791 3656 4846 haemorrhoidcs

2067 4884 2350 4956 Egyptios
2391 4891 2447 4938 et
2492 4883 2833 4940 Philisthaeos
2865 4880 3171 4954 proﬂigavit
3193 4900 3206 4936 :
3229 4881 3505 4954 multaque
3547 4881 3654 4937 alia

2066 4976 2303 5048 subjicit,
2331 4992 2453 5047 quae
2477 4975 2590 5033 otio
2611 4974 2830 5031 lectoris
2855 4973 3225 5045 relinquimus.

2655 5087 2739 5142 Ad
2764 5085 3112 5157 Matfredum.

2142 5199 2377 5270 Epistula
2425 5198 2542 5256 haec
2580 5200 2655 5255 nil
2684 5187 2831 5255 aliud
2853 5199 3094 5271 depingit
3114 5206 3278 5271 quam
3302 5197 3550 5255 miserias
3571 5198 3656 5254 sui

2068 5289 2255 5346 szeculi
2283 5304 2314 5344 a
2341 5289 2542 5346 Iudaeis
2567 5297 2889 5355 commotas,
2909 5291 2999 5360 qui
3019 5289 3260 5346 funditus
3286 5274 3658 5360 integritatem

2073 5398 2285 5438 morum
2314 5391 2369 5439 et
2397 5382 2668 5455 religionis
2701 5390 2756 5437 et
2783 5382 3078 5437 harmoniae
3113 5381 3341 5453 publicae
3378 5379 3662 5435 conmise-

2074 5482 2237 5539 rant;
2278 5483 2334 5528 et
2374 5478 2526 5544 rogat
2563 5480 2623 5527 ut
2648 5473 2745 5544 qui
2776 5472 2916 5543 apud
2954 5474 3336 5542 imperatorem
3363 5468 3658 5540 plurimum

2073 5572 2277 5635 posset,
2300 5564 2564 5636 cjusniOdi
2590 5564 2768 5622 tui-bis
2793 5564 3125 5619 mederetur.

454 5730 482 5759 ι
506 5713 792 5771 Hilduinus
817 5709 985 5767 abbas
1013 5676 1329 5764 monasterii
1368 5703 1427 5761 S.
1469 5699 1713 5775 Dionysii
1751 5698 1894 5771 apud
1933 5697 2226 5769 Parisium,
2267 5704 2516 5774 sacrique
2582 5701 2769 5773 palatii
2831 5697 3193 5768 archicapel.;
3234 5691 3470 5753 Conrad.
3525 5692 3653 5749 abb.

389 5787 714 5858 llspergens.
