4040 6182
449 266 524 326 25
1850 256 2380 323 PROLEGOIIENA.
3050 314 3089 329 Α
3649 273 3721 330 96

452 392 537 445 Ad
574 389 776 444 clerum
814 382 1233 459 Lugdunensem,
1274 389 1338 444 de
1374 389 1530 442 modo
1571 385 1839 458 regimini:
1876 382 2039 439 eccle-
2066 385 2113 442 A
2139 380 2514 456 Cdngnogatur
2538 378 2902 452 Francorum,
2935 382 3026 443 ubi
3068 385 3247 443 Nicaea
3270 389 3471 459 apertis
3506 396 3721 447 senten—

1086 458 1284 516 θίααίόὶ
1291 498 1305 514 .

522 573 740 628 Exorta:
758 572 906 627 inter
931 572 1157 629 clericos
1187 572 1521 644 Lugdunmos
1554 572 1686 625 rixa:
1709 572 1775 627 de
1808 568 2040 624 admini-

449 664 674 720 stranda
704 662 972 728 Ecclesia,
1000 675 1219 719 movent
1254 658 1593 733 Agebardum
1646 661 1712 716 de
1751 658 2038 716 scribendo

451 754 556 810 hoc
596 754 858 810 themate.
901 753 971 808 Et
1007 755 1242 825 primum
1274 753 1341 808 ab
1372 754 1581 807 unitate
1604 751 1885 816 Ecclesiae,
1922 759 2036 805 tum

449 847 844 913 membrorum,
877 854 991 901 tum
1018 846 1230 915 capitis,
1263 846 1513 900 hortatur
1540 844 1780 915 singulos
1802 842 1869 897 ad
1894 843 2034 897 invi-

448 959 567 999 cem
591 943 883 997 ineundam
912 956 1123 1011 pacem.
1145 938 1275 1009 Ejus
1301 938 1418 995 hazc
1442 945 1568 994 sunt
1590 939 1882 992 axiomata.

519 1036 561 1092 Ι.
604 1026 791 1093 Uniem
818 1048 1030 1106 sponsae
1057 1037 1276 1091 unicum
1307 1051 1428 1091 esse
1455 1044 1711 1104 sponsum
1742 1032 1877 1100 :qui
1911 1045 2036 1086 eum

450 1126 525 1183 sit
548 1125 914 1182 essentialiter
934 1127 1157 1191 veritas,
1176 1140 1305 1196 pax,
1320 1124 1555 1195 iustitia,
1574 1130 1797 1177 etomne
1808 1121 2033 1187 bonum,

454 1213 613 1270 debet
647 1224 872 1286 propter
891 1230 972 1281 se,
1001 1230 1111 1270 non
1131 1223 1356 1286 propter
1383 1214 1551 1279 aliud,
1580 1212 1752 1283 diligi.

521 1305 588 1361 II.
629 1306 797 1377 Cujus
816 1302 1072 1361 Ecclesiae
1104 1306 1344 1360 membra
1374 1319 1482 1358 non
1509 1310 1636 1358 sunt
1656 1301 1733 1357 illi
1760 1301 1851 1371 qui
1876 1300 2037 1356 vicis—

452 1398 559 1453 sim
582 1398 866 1464 dissident,
896 1397 991 1454 sed
1012 1399 1105 1468 qui
1127 1403 1316 1451 mutuo
1336 1395 1687 1460 conveniunt,
1712 1401 1768 1448 et
1800 1393 1856 1447 in
1885 1407 2038 1449 amo-

454 1504 573 1545 rem
598 1489 905 1560 cultumque
925 1489 1094 1559 ipsius
1115 1488 1403 1543 aediﬁcant.

527 1576 613 1632 Ill.
652 1577 805 1634 Unde
841 1578 903 1632 ﬁt
930 1584 991 1631 ut
1018 1593 1083 1633 ex
1123 1576 1215 1632 illo
1250 1583 1436 1630 mutuo
1479 1574 1682 1629 amoris
1727 1581 1784 1629 et
1834 1573 2035 1629 vinculi

449 1682 616 1734 nexu,
661 1666 911 1724 Christus
962 1676 1019 1723 et
1044 1667 1285 1724 Ecclesia
1334 1676 1598 1722 vocentur
1648 1678 1820 1737 agnus
1870 1680 2030 1731 unus,

449 1770 647 1829 Sponsa
672 1774 802 1813 una.

518 1848 609 1904 IV.
649 1849 800 1905 Adde
833 1846 976 1919 quod
1002 1861 1069 1902 ex
1096 1844 1186 1902 illo
1214 1842 1430 1901 interno
1458 1853 1516 1901 et
1536 1853 1744 1901 artemo
1769 1844 2039 1900 connubio

448 1943 573 2014 agni
598 1948 669 1997 et
695 1954 846 2013 agnae
874 1947 1201 2011 generentur
1225 1939 1346 2010 agni
1382 1947 1440 1994 et
1461 1953 1623 2005 oves;
1669 1936 1764 2007 qui
1799 1926 2042 1992 efﬁciunt

449 2034 667 2089 unicum
696 2074 711 2099 ,
751 2032 1167 2103 inseparabilem
1193 2072 1208 2097 ,
1253 2036 1309 2086 et
1353 2038 1559 2087 aeterno
1611 2028 2039 2085 indissolubilem

445 2125 664 2181 vinculo
690 2134 913 2195 agnum,
952 2125 1008 2180 id
1032 2132 1136 2190 est,
1160 2124 1483 2179 Ecelesiam.
1910 2192 1915 2197 ε

518 2218 584 2273 ν.
624 2218 705 2272 Ex
725 2218 813 2272 illa
828 2216 1175 2288 generatione
1197 2217 1256 2270 iit
1280 2224 1340 2271 ut
1355 2229 1475 2286 quae
1496 2224 1695 2286 sponsa
1718 2214 1923 2271 Christi
1945 2228 2039 2270 vo-

444 2317 626 2375 catur,
640 2309 843 2365 Christi
854 2314 1077 2378 voeetpr
1089 2309 1197 2363 tilia
1216 2326 1230 2374 ;
1248 2308 1373 2378 quia
1390 2320 1526 2378 quos
1539 2305 1772 2363 simulet
1785 2306 1953 2363 semel
1968 2308 2038 2364 ab

444 2325 626 2375 catur,
640 2325 843 2365 censu
854 2325 1009 2364 vocet
1050 2325 1077 2361 r
1089 2325 1197 2363 una
1216 2326 1230 2374 ;
1248 2325 1373 2378 quia
1390 2325 1526 2378 quos
1539 2325 1772 2363 srmutet
1785 2325 1953 2363 semet
1968 2325 2038 2364 an

440 2410 654 2458 aeterno
669 2416 768 2470 pro
791 2416 989 2470 sponsa
1005 2325 1180 2465 ﬁnxit,
1196 2401 1414 2456 eosdem
1434 2398 1741 2470 singulatim
1758 2408 1814 2454 et
1832 2400 1887 2454 in
1906 2406 2040 2455 tem-

438 2505 579 2563 pore
606 2508 707 2561 per
735 2492 971 2547 Verbum
1022 2497 1267 2563 generat.
1318 2482 1555 2547 Vocatur
1602 2491 1771 2548 frater
1817 2500 2041 2564 propter

440 2598 733 2641 commune
761 2589 972 2637 naturze
999 2590 1052 2637 et
1079 2582 1260 2638 carnis
1285 2581 1616 2639 consortium
1641 2596 1765 2639 cum
1791 2583 2033 2641 homine.

516 2675 707 2738 Vinea,
760 2679 983 2743 propter
1044 2670 1448 2729 multitudinem
1496 2670 1753 2729 ﬁliorum.
1812 2674 2033 2742 Hortus,

442 2752 669 2835 propter
714 2763 1034 2818 varietatem
1078 2768 1136 2818 et
1181 2770 1540 2819 venustatem.
1589 2760 1768 2831 Fens,
1815 2773 2039 2835 propter

443 2855 829 2910 exuberantem
850 2853 1089 2923 undique
1108 2852 1451 2926 lympharmn
1474 2848 1778 2910 cteiestium
1800 2857 2031 2925 copiam.

446 2946 592 3003 Fons
615 2947 880 3018 signatus,
905 2955 1130 3015 propter
1157 2943 1473 3001 admiranda
1517 2953 1571 3002 et
1596 2947 1808 3003 occulta
1834 2956 2037 3020 myste-

447 3036 551 3091 ria.
593 3035 815 3107 Regina,
840 3042 1067 3107 propter
1111 3035 1484 3106 immrium'in
1528 3033 1890 3108 Synagogam,
1923 3038 2034 3093 dte-

442 3128 635 3183 mones
656 3136 940 3196 sectasque
959 3127 1264 3183 universas.
1288 3122 1517 3193 Ancilla,
1539 3134 1761 3198 propter
1780 3128 2036 3184 obedien-

442 3218 600 3273 tiam.
650 3214 840 3282 Mater,
889 3224 1116 3288 propter
1147 3216 1549 3289 generationem
1590 3216 1847 3273 (illorum.
1904 3216 2036 3287 Quae

442 3306 734 3362 diversitas
760 3306 1062 3372 nominum,
1095 3306 1230 3361 nihil
1259 3307 1520 3373 divisum,
1552 3307 1647 3363 sed
1675 3320 1844 3364 unum
1868 3322 2033 3379 Spon-

440 3408 565 3450 sum
597 3410 963 3467 sponsamque
987 3408 1152 3451 unam
1189 3394 1377 3452 efﬁcit.

512 3485 619 3541 Ista
639 3487 820 3542 unitas
844 3486 1069 3542 aﬂ‘ectus
1090 3487 1252 3543 debet
1278 3503 1505 3545 avocare
1532 3487 1605 3544 ab
1622 3490 1778 3545 omni
1807 3490 2034 3549 dissidio

439 3577 671 3644 clerum,
701 3587 763 3634 ut
788 3587 933 3634 stato
964 3579 1176 3634 muneri
1203 3588 1404 3636 navet:
1437 3582 1581 3652 quod
1610 3590 1695 3637 est
1728 3594 1851 3641 esse
1877 3583 2032 3655 adju-

439 3678 532 3724 tor
557 3667 675 3735 Dei,
715 3683 825 3724 non
845 3668 1190 3725 Antichristi.

515 3760 716 3815 Eorum
747 3762 841 3831 qui
866 3760 1168 3818 dissolvunt
1202 3761 1487 3827 unitatem,
1518 3763 1846 3834 multiplices
1879 3774 2030 3823 sunt.

438 3850 727 3921 Corrupti,
779 3852 870 3921 qui
911 3858 1101 3921 aperto
1149 3851 1405 3909 seandalo
1466 3853 1729 3909 unitatem
1776 3856 2037 3912 Ecclesiae

438 3944 790 3998 conturbant.
840 3936 1171 4016 Hypoeritm,
1219 3946 1469 4000 simulata
1489 3944 1721 4013 justitia.
1766 3946 2029 4012 Adulteri,

436 4042 627 4104 aperte
641 4041 700 4089 et
708 4034 961 4090 simulate
973 4034 1141 4090 verita
1149 4040 1255 4090 tem
1275 4036 1693 4103 corrumpendo.
1720 4032 2027 4103 Ambitiosi,

436 4124 667 4180 honoris
682 4136 869 4180 causa.
893 4122 1425 4189 Mercenarii,lucelii
1451 4124 1754 4182 dulcedine.
1777 4128 2028 4194 θὶλαυτοι,

436 4215 608 4271 corda
636 4230 742 4269 non
767 4214 824 4269 in
854 4214 1059 4284 sponsi,
1086 4213 1183 4269 sed
1225 4214 1281 4269 in
1325 4215 1407 4269 sui
1435 4228 1677 4272 amorem
1705 4217 2030 4289 laudemque

434 4307 743 4375 alliciendo,
782 4308 1049 4364 unitatem
1076 4302 1334 4364 Ecclesiae
1360 4306 1702 4365 abscindunt.
1748 4308 1822 4364 At
1864 4324 2029 4368 verus

432 4408 649 4473 pastor,
696 4414 947 4470 veneque
1000 4398 1149 4470 pacis
1191 4406 1399 4467 custos,
1441 4401 1627 4472 abiicit
1660 4415 1690 4456 a
1720 4403 2026 4459 ministerio
2052 4430 2104 4493 Β

2058 3082 2106 3146 C

2142 474 2235 531 tiis
2256 474 2564 531 damnatur.

2136 610 2143 617 ,
2209 566 2252 620 l.
2295 565 2447 624 Unus
2472 567 2613 623 Deus
2638 570 2943 625 adorandus
2977 571 3095 628 sine
3120 572 3372 644 imagine,
3399 581 3503 631 etc.

2209 656 2272 711 Il.
2299 655 2512 711 Nullum
2544 659 2850 728 exemplum
2880 660 3078 718 alicubi
3104 663 3233 720 totis
3258 668 3596 723 testamentis
3616 667 3720 723 Pa-

2138 750 2415 820 tribusque
2439 752 2729 808 adorandae
2753 754 3022 824 imaginis.
3050 746 3062 756 ’

2208 842 2294 896 lll.
2335 843 2467 899 Esse
2514 838 2711 900 debere
2754 855 3094 914 ornamento,
3145 848 3477 907 deiectandis
3520 852 3713 919 oculis,

2137 942 2246 987 non
2276 934 2603 990 instruendis
2628 936 2862 1005 populis,
2895 946 3000 992 etc.

2206 1023 2301 1079 llla
2330 1032 2489 1081 aetate
2513 1027 2703 1082 scribit
2740 1027 2994 1085 Claudius
3022 1030 3371 1087 Taurinensis
3409 1032 3477 1088 de
3524 1033 3717 1088 adora-

2140 1115 2287 1170 tione
2322 1116 2636 1187 imaginum.
2666 1118 2867 1174 Contra
2893 1121 3066 1189 ipsum
3100 1118 3263 1177 Jonas
3287 1122 3712 1179 Aurelianensis.

2137 1207 2389 1278 Plerique
2437 1220 2769 1266 concurrunt
2821 1213 2875 1266 in
2923 1214 3112 1268 eadem
3160 1216 3385 1270 materia
3442 1217 3713 1286 agitanda.

2138 1299 2311 1370 Reges
2342 1300 2465 1371 ipsi.
2511 1301 2827 1373 Agobardus
2850 1305 3222 1375 apertissime;
3254 1306 3409 1376 cujus
3435 1309 3551 1363 haec
3574 1323 3716 1378 plm-

2134 1380 2294 1459 eipua
2322 1396 2447 1445 sunt
2481 1393 2659 1462 capita
2702 1408 2735 1448 e
2762 1394 2827 1449 D.
2871 1394 3174 1467 Augustino
3201 1399 3517 1469 ezeterisque
3542 1393 3718 1454 Patri-

2135 1481 2256 1537 bus.
2486 1510 2501 1545 χ
2532 1530 2541 1545 ,
2582 1484 2583 1487 “

2206 1572 2247 1626 1.
2287 1573 2442 1628 Nulla
2470 1582 2555 1629 est
2574 1574 2676 1630 alia
2704 1576 2798 1631 Dei
2829 1576 3005 1649 imago
3026 1590 3189 1648 quam
3215 1578 3318 1635 hoc
3338 1581 3480 1648 quod
3500 1584 3585 1636 est
3606 1579 3719 1649 ipsi:

2136 1673 2193 1722 et
2224 1665 2518 1721 secundum
2549 1669 2692 1737 quod
2735 1677 2820 1725 est
2868 1670 3003 1740 ipse,
3035 1685 3142 1725 non
3190 1680 3369 1741 potest
3401 1672 3570 1743 pingi,
3598 1673 3719 1728 ideo

2060 1740 2109 1800 Β
2136 1771 2311 1826 neque
2339 1758 2553 1813 adorari
2585 1758 2640 1814 in
2669 1760 2922 1830 imagine,
2950 1761 3053 1817 nisi
3081 1762 3133 1816 in
3166 1740 3255 1816 illa
3280 1740 3443 1833 quam
3622 1772 3719 1817 no—

2136 1845 2221 1901 bis
2252 1847 2607 1918 praescripsit,
2651 1865 2842 1920 nempe
2863 1848 3099 1906 Christo.
3764 1908 3767 1917 ,

2207 1932 2271 1989 Π.
2312 1930 2519 2006 Duplici
2544 1940 2761 2009 quidem
2791 1942 3122 2008 adoratione,
3145 1950 3372 2019 externa
3400 1952 3457 1999 et
3480 1945 3715 2001 interna.

2137 2023 2378 2097 Utraque
2418 2036 2643 2083 vocatur
2666 2030 2883 2102 religio;
2917 2042 3023 2102 qua
3054 2032 3264 2088 interne
3291 2040 3348 2089 et
3371 2040 3596 2089 exterae
3617 2036 3717 2091 ob-

2136 2116 2456 2187 stringimur
2479 2126 2739 2175 teternum
2764 2129 2819 2176 et
2848 2122 2949 2178 soli
2977 2122 3118 2189 Deo;
3157 2124 3225 2179 ad
3260 2134 3421 2194 quam
3448 2125 3720 2195 pertinent

2136 2204 2357 2273 δουλιία,
2379 2210 2600 2285 λατρεία,
2634 2212 2924 2283 cmterique
2960 2213 3161 2279 cultus,
3188 2223 3455 2285 quatenus
3476 2224 3603 2271 sunt
3624 2232 3719 2271 no—

2136 2301 2284 2356 mina
2316 2300 2612 2374 religionis.

2206 2391 2291 2447 Ill.
2307 2392 2409 2471 [ibi
2436 2408 2565 2449 vero
2585 2402 2710 2449 sunt
2725 2395 2942 2451 nomina
2965 2395 3130 2452 ofﬁcii
3153 2405 3205 2452 et
3225 2398 3505 2453 servitutis
3534 2399 3721 2453 huma-

2137 2494 2239 2548 nae,
2261 2480 2464 2539 δουλιία
2490 2492 2668 2554 potest
2688 2473 2881 2540 dici'de
2903 2486 3075 2541 servis
3099 2495 3153 2542 et
3170 2487 3433 2554 subditis;
3465 2490 3716 2553 ρὺσᾶϐσια,

2134 2573 2203 2629 de
2225 2575 2496 2630 omnibus.
2530 2574 2714 2630 Honor
2749 2576 2816 2631 de
2856 2576 3058 2631 sanctis
3078 2585 3135 2631 et
3162 2579 3507 2647 martyribus.
3536 2578 3721 2633 Pietas

2136 2666 2204 2721 de
2230 2666 2561 2736 parentibus.
2588 2666 2660 2721 At
2696 2667 2812 2721 sola
2849 2667 3039 2738 religio
3068 2668 3134 2723 de
3154 2667 3284 2734 Deo,
3319 2669 3446 2738 quia
3471 2669 3569 2723 soli
3604 2685 3721 2725 om-

2135 2757 2267 2813 nino
2296 2750 2406 2811 Deo
2441 2756 2687 2811 debetur.
3284 2762 3299 2771 ‘

2204 2849 2296 2904 IV.
2338 2847 2491 2904 Unde
2514 2855 2664 2918 patet
2692 2861 2867 2918 neque
2902 2848 3137 2920 angelos,
3167 2862 3345 2918 neque
3371 2858 3587 2906 sanctos
3613 2851 3721 2905 ullo

2134 2938 2411 3017 religionis
2436 2934 2741 2993 adorandos
2759 2938 2928 3005 cultu,
2958 2947 3158 3009 pnnter
3179 2947 3439 2993 aeternam
3467 2941 3561 2995 Det
3587 2941 3724 2996 ima-

2136 3030 2336 3103 ginem,
2361 3042 2481 3099 quae
2508 3024 2825 3085 se‘mediam
2850 3030 2992 3085 inter
3015 3030 3263 3086 homines
3289 3032 3567 3101 Deumque
3588 3045 3721 3088 con-

2138 3122 2333 3178 stituit.

2207 3212 2273 3266 V.
2312 3210 2579 3281 Angelos:
2606 3210 2656 3267 l.
2681 3212 2807 3282 quia
2834 3208 2978 3267 beati
3002 3220 3130 3268 sunt
3154 3209 3487 3269 beatitudine
3510 3210 3715 3281 aliena;

2133 3303 2189 3365 2.
2221 3304 2346 3372 quia
2384 3304 2573 3359 nolunt
2601 3302 2784 3360 ott‘erri
2829 3304 2931 3359 sibi
2974 3303 3238 3373 ejusmodi
3272 3304 3478 3372 cultus;
3500 3306 3559 3361 ὅ.
3591 3308 3720 3377 quia

2133 3407 2234 3463 per
2266 3394 2372 3450 hoc
2398 3410 2429 3448 a
2457 3394 2791 3451 daemonibus
2816 3396 3220 3452 discernuntur.

2208 3485 2292 3541 Vl.
2335 3485 2567 3542 Sanetus
2597 3498 2613 3540 :
2645 3487 2770 3557 quia
2794 3499 2903 3543 non
2928 3495 3057 3543 sunt
3082 3488 3254 3543 sancti
3281 3489 3386 3545 nisi
3427 3490 3721 3547 sanctitate

2134 3576 2391 3648 Spiritus,
2409 3578 2613 3633 lumina
2634 3579 2739 3634 nisi
2761 3592 2791 3633 a
2811 3590 3025 3635 summo
3044 3579 3270 3647 lumine,
3292 3580 3365 3636 dii
3386 3580 3489 3636 nisi
3520 3596 3551 3637 a
3579 3581 3715 3649 Deo;

2131 3676 2405 3740 aguntque
2450 3665 2741 3735 mirabilia,
2770 3683 2875 3725 non
2903 3679 2964 3725 ut
2991 3676 3168 3727 causai
3185 3709 3199 3737 ,
3224 3672 3324 3726 sed
3350 3678 3414 3725 ut
3459 3674 3633 3728 media
3661 3681 3721 3733 et

2131 3760 2526 3826 instrumenta;
2555 3761 2784 3831 ideoque
2811 3761 3015 3818 relictis
3039 3762 3165 3843 illis,
3204 3762 3418 3834 longius
3444 3764 3513 3819 ad
3537 3764 3719 3820 lumen

2130 3862 2391 3909 aeternum
2410 3851 2791 3907 devolandum.

2204 3941 2315 3997 Vll.
2357 3940 2597 4008 Quorum
2643 3940 2994 3997 nihilominus
3041 3942 3363 4010 memorias,
3394 3944 3640 4018 vestigia,
3670 3948 3717 4003 si

2131 4045 2237 4104 qua
2265 4040 2407 4098 sunt,
2437 4028 2551 4087 sive
2571 4032 2624 4087 in
2646 4032 2882 4102 scriptis,
2896 4033 3021 4089 sive
3045 4033 3100 4087 in
3122 4046 3367 4104 corpore,
3396 4035 3507 4092 imo
3526 4052 3717 4093 eorum

2128 4122 2375 4194 sepulcra
2396 4130 2619 4193 propter
2638 4123 3109 4189 resurrectionem,
3138 4124 3328 4191 vitam,
3358 4125 3717 4182 imitationem

2130 4215 2479 4271 honoramus.
2505 4213 2623 4271 Non
2647 4224 2826 4269 tamen
2862 4215 2997 4286 ipsis
3016 4215 3218 4287 templa
3246 4225 3341 4273 aut
3368 4216 3561 4274 altaria
3588 4234 3718 4275 con-

2129 4305 2414 4370 struimus,
2438 4304 2534 4360 sed
2558 4304 2660 4359 soli
2690 4303 2820 4360 Deo.

2202 4394 2335 4451 Vill.
2367 4395 2713 4451 Adorationis
2736 4397 2884 4451 enim
2910 4397 3027 4452 hsce
3062 4396 3151 4452 lex
3191 4406 3279 4453 est
3307 4405 3369 4452 ut
3390 4399 3538 4453 nulla
3562 4414 3717 4456 crea-

431 4488 703 4558 ejusmodi
730 4498 1003 4561 portenta,
1037 4488 1281 4565 invigilat
1304 4491 1475 4563 gregi,
1502 4492 1620 4548 sine
1643 4493 1876 4565 ignavia,
1906 4495 2027 4550 sine
2052 4482 2097 4493 “’
2129 4498 2275 4556 tura,
2321 4488 2529 4544 nntium
2574 4489 2896 4558 phantasma
2942 4501 2974 4544 a
3000 4496 3183 4544 mente
3215 4490 3284 4544 de
3312 4482 3423 4545 Deo
3451 4491 3714 4558 emotum,

434 4580 689 4651 imperio,
720 4581 839 4637 sine
871 4579 1238 4646 simulatione,
1271 4580 1389 4636 sine
1438 4583 1714 4649 seandalo,
1745 4584 2028 4656 pascitque

428 4687 562 4727 cum
589 4670 883 4728 secundum
905 4682 1096 4729 Omnes
1118 4670 1383 4729 formulas
1407 4674 1506 4729 sibi
1531 4690 1562 4729 a
1585 4675 1798 4732 Caesare
1818 4676 2028 4733 caelesti

432 4764 802 4834 praescriptas.
832 4763 905 4822 Ut
929 4765 1039 4820 sint
1084 4764 1242 4832 tales,
1272 4766 1521 4821 hortatur
1545 4781 1734 4824 omnes
1758 4777 2025 4839 pastores,

432 4857 805 4929 presbyteros,
850 4854 1096 4924 abbates,
1147 4857 1191 4913 si
1221 4856 1390 4913 velint
1441 4872 1562 4915 esse
1607 4861 1853 4917 membra
1883 4862 2027 4918 unici

432 4944 653 5017 capitis,
689 4954 747 5003 et
786 4948 1170 5004 administrare
1200 4948 1498 5005 Ecclesiam
1525 4949 1821 5007 secundum
1875 4968 2028 5008 man-

432 5032 561 5091 data
587 5030 790 5091 divina.

1001 5129 1081 5185 De
1120 5130 1458 5209 imaginibus.

507 5220 798 5294 Assumpto
825 5224 1080 5296 Deealogi
1114 5225 1356 5282 secundo
1385 5225 1663 5292 mandato,
1698 5230 1899 5283 tractat
1937 5229 2027 5285 hic

427 5327 503 5367 ex
524 5311 768 5382 professo
787 5313 1106 5387 Agobardus
1130 5315 1201 5370 de
1223 5316 1373 5371 cultu
1404 5316 1719 5387 imaginum.
1753 5316 2025 5388 Stupenda

428 5418 534 5458 suo
578 5406 774 5460 saeculo
814 5408 1116 5479 imaginum
1145 5416 1265 5463 erat
1294 5409 1628 5480 superstitio,
1656 5417 1710 5464 et
1734 5411 1880 5465 circa
1906 5411 2023 5466 cul-

429 5505 551 5550 tum
595 5498 1010 5554 simulacrorum
1055 5498 1319 5556 horrenda
1360 5501 1602 5557 dissidia.
1634 5500 1815 5557 Prima
1844 5501 2023 5560 Nicma

423 5588 765 5659 praescripsit
793 5590 1121 5657 adorandus,
1153 5594 1391 5648 secunda
1421 5593 1730 5650 confirmat.
1764 5594 2026 5652 Oriuntur

430 5679 570 5735 rixae
596 5688 709 5738 toto
733 5681 977 5754 Oriente,
1011 5700 1132 5757 que
1182 5701 1302 5744 sese
1346 5686 1653 5747 diffundunt
1684 5691 1739 5747 in
1766 5691 2019 5749 Galliam.

2127 4579 2337 4635 nullum
2363 4592 2502 4649 opus
2536 4579 2851 4643 humanum,
2884 4589 2982 4633 nec
3017 4577 3096 4633 sol
3126 4579 3397 4644 exoriens,
3430 4594 3532 4635 nec
3565 4582 3714 4637 occi-

2128 4674 2285 4741 dens,
2310 4687 2413 4729 nec
2446 4673 2635 4738 nubes,
2667 4684 2769 4726 nec
2808 4670 2971 4743 ignis,
2998 4686 3099 4727 nec
3123 4672 3371 4739 arbores,
3410 4686 3511 4728 nec
3550 4686 3715 4742 opera

2127 4762 2431 4830 hominum,
2460 4770 2523 4817 ut
2564 4770 2692 4817 sunt
2732 4761 3015 4832 imagines.
3043 4760 3180 4817 Nam
3220 4762 3266 4818 si
3288 4777 3458 4834 opera
3484 4762 3581 4818 Dei
3608 4778 3714 4818 non

2128 4865 2255 4913 sunt
2283 4858 2579 4923 adoranda,
2606 4864 2812 4927 quanto
2839 4858 3018 4913 minus
3038 4859 3345 4927 hominum,
3367 4858 3420 4916 id
3444 4869 3550 4925 est,
3577 4859 3713 4915 ima-

2124 4950 2283 5023 gines
2311 4949 2428 5015 Dei,
2467 4948 2807 5020 angelorum,
2833 4954 3148 5023 sanctorum
3176 4952 3193 5005 l

2197 5039 2289 5095 IX.
2322 5039 2509 5110 Neque
2547 5018 2797 5109 objicias,
2854 5018 2962 5096 non
3016 5048 3068 5097 te
3115 5042 3426 5111 imaginem,
3471 5043 3565 5096 sed
3596 5057 3710 5098 rem

2127 5133 2361 5203 imagine
2381 5130 2639 5187 efﬁctam.
2670 5131 2807 5187 Nam
2846 5134 3119 5206 obiectum
3158 5133 3413 5188 terminat
3442 5134 3713 5191 adoratio-

2125 5238 2273 5280 nem.
2296 5223 2448 5280 Adde
2470 5224 2612 5295 quod
2640 5223 2789 5282 fraus
2810 5233 2893 5282 est
2913 5226 3148 5290 Satanae,
3176 5225 3265 5294 qui
3289 5227 3467 5296 specie
3486 5228 3713 5285 honoris

2124 5323 2460 5382 sanctorum,
2517 5316 2585 5372 ad
2635 5315 2778 5373 idola
2839 5323 3073 5371 mentem
3130 5315 3382 5385 traducit,
3424 5326 3482 5375 et
3507 5334 3538 5374 a
3579 5334 3712 5377 vero

2125 5415 2333 5464 atterno
2358 5408 2425 5462 ad
2447 5408 2688 5463 carnalia
2711 5419 2811 5462 nos
2839 5404 3121 5477 demergit.

2195 5498 2264 5552 x.
2306 5499 2539 5554 Pictum
2564 5496 2923 5568 aspectandae,
2954 5513 3052 5553 ceu
3080 5512 3164 5554 res
3189 5499 3518 5568 inanimatae,
3553 5501 3711 5558 oculo

2125 5601 2372 5646 externo.
2403 5589 2545 5644 Deus
2568 5589 2779 5642 interne
2821 5588 3143 5646 adorandus.
3177 5590 3304 5656 Illae,
3332 5605 3496 5649 causa
3541 5593 3713 5649 histo-

2124 5685 2238 5752 riae,
2270 5690 2327 5740 et
2358 5680 2655 5748 memoriae,
2682 5695 2790 5739 non
2824 5681 3103 5759 religiosus
3134 5702 3147 5740 :
3179 5683 3324 5742 Deus
3349 5684 3542 5751 latrize,
3572 5686 3707 5744 dou-
