4048 6178
417 276 485 335 27
1415 283 1475 340 S.
1515 277 1870 340 AGOBARDI
1905 275 2219 334 EPISCOPI
2257 276 2747 335 LUGDUNENSIS
3624 286 3696 340 28

411 393 500 451 lite
535 401 594 450 et
621 395 962 466 sempiternte
1011 396 1310 468 religionis.
1360 395 1468 450 Illae
1517 396 1638 451 sine
1680 412 1832 460 cura,
1883 395 2002 450 sine
2033 397 2079 455 Α
2107 397 2290 454 testes,
2324 391 2566 461 vulgaris
2608 391 2876 463 purgatio,
2910 406 3100 463 nempe
3148 409 3302 464 aqua:
3345 395 3574 469 frigidm,
3611 402 3694 456 vel

412 485 641 551 honore,
670 486 796 555 quia
818 501 920 541 nec
946 486 1082 540 male
1105 501 1206 542 nec
1230 487 1369 541 bene
1390 495 1618 556 possunt
1638 485 1836 541 facere.
1864 485 2006 540 Deus

409 590 535 632 cum
585 594 700 648 spe,
748 595 870 634 cum
922 593 1128 646 amore,
1175 595 1300 635 cum
1338 579 1544 634 honore
1572 587 1628 634 et
1655 579 1852 650 gaudio
1887 579 2005 633 sine

415 668 546 725 ﬁne.

482 759 576 814 XI.
615 759 766 815 Adde
816 761 960 830 quod
1006 769 1065 815 ut
1115 760 1401 830 abjiciatur
1445 761 1625 816 omnis
1669 760 2001 830 superstitio,

414 851 561 906 nulla
590 853 766 922 imago
795 853 847 906 in
884 853 1182 922 parietibus
1215 852 1458 908 ecclesite
1486 852 1843 922 depingenda,
1882 851 2002 905 nul-

417 941 530 996 lum
559 942 908 997 simulacrum
939 943 1284 1015 erigendum;
1328 959 1430 998 nec
1459 943 1562 998 illa;
1603 944 1866 1014 imagines
1910 958 2004 997 vo-

413 1035 600 1089 candze
624 1044 847 1100 sancte,
871 1037 997 1105 quia
1021 1035 1094 1090 nil
1119 1045 1201 1090 est
1222 1043 1468 1091 sanctum
1493 1037 1597 1090 nisi
1613 1037 1717 1102 _Dei
1743 1035 2002 1105 templum

417 1123 470 1193 (I
503 1123 676 1195 Cor.),
720 1135 779 1178 ut
807 1125 1062 1180 adoretur
1089 1141 1230 1179 unus
1255 1132 1310 1179 et
1344 1139 1506 1180 verus
1533 1124 1677 1180 Deus
1717 1124 1770 1178 in
1804 1125 2003 1180 saecula

417 1215 761 1270 saeculorum.
786 1217 978 1269 Amen.

606 1306 686 1360 De
715 1307 1101 1378 dispensatione
1127 1307 1286 1361 totius
1315 1307 1390 1362 rei
1415 1306 1802 1362 ecclesiasticae.

414 1397 707 1471 (Prteﬁxus
738 1415 769 1451 a
805 1398 951 1452 nobis
979 1407 1056 1452 est
1083 1397 1168 1451 hic
1193 1397 1402 1464 titulus,
1441 1415 1506 1464 ea;
1533 1407 1701 1452 mente
1724 1396 2002 1468 auctoris.)

484 1487 892 1544 Convocaverat
915 1489 1220 1543 Ludovicus
1245 1487 1538 1558 imperator
1558 1496 1758 1543 coetum
1785 1489 2003 1557 amplis-

413 1579 610 1635 simum
637 1579 927 1649 pontiﬁcia:
968 1587 1024 1635 et
1056 1579 1227 1644 laieaz,
1266 1580 1334 1634 de
1359 1580 1700 1635 reformanda
1734 1581 1997 1635 Ecclesia.

411 1672 559 1726 later
590 1681 816 1728 caeteros
838 1672 1141 1743 praeluxere
1169 1687 1267 1728 ceu
1289 1671 1435 1728 faces
1468 1673 1830 1734 lucidissima},
1859 1673 1999 1728 Ada-

411 1764 595 1819 lardus
615 1772 672 1819 et
692 1763 1106 1828 Elizaccharus;
1130 1763 1219 1818 ille
1242 1763 1548 1834 integritate
1568 1765 1692 1818 vitae
1715 1773 1768 1819 et
1790 1765 1996 1834 fulgore

415 1856 677 1920 muneris,
709 1855 799 1910 hic
827 1855 1084 1909 doctrina:
1105 1854 1326 1909 lumine.
1354 1854 1604 1910 Unanimi
1630 1856 1808 1910 anima
1841 1870 1997 1924 repa-

410 1947 642 2001 randum
675 1946 932 2002 Ecclesim
964 1947 1129 2001 decus
1157 1946 1500 2000 conclamant
1520 1962 1728 2001 omnes.
1752 1945 1995 2016 Agobar—

412 2038 515 2094 dus
537 2039 739 2109 excipit
761 2053 949 2093 eorum
973 2037 1180 2093 alacres
1203 2037 1380 2092 vultus
1409 2057 1421 2091 :
1453 2045 1592 2102 orat,
1617 2046 1673 2092 et
1694 2053 1791 2106 pro
1813 2037 1996 2093 Eccle-

406 2129 487 2184 sia
517 2129 652 2200 agit,
688 2129 960 2184 convertit
1006 2129 1341 2199 singulorum
1371 2129 1580 2183 animos
1619 2129 1688 2183 ad
1728 2129 2017 2183 labantem-

405 2233 544 2287 pene
576 2218 834 2274 Ecclesia:
861 2219 1121 2289 gloriam;
1157 2218 1442 2283 :ediﬁccnt,
1470 2219 1699 2288 erigant,
1730 2219 1996 2274 macerias

401 2306 512 2376 iam
554 2309 866 2365 subruentis
913 2309 1282 2380 Jerosolymre.
1346 2310 1473 2364 lude
1531 2311 1702 2364 insilit
1759 2310 1810 2364 in
1845 2311 1995 2366 laica:

405 2400 612 2458 fraudis
657 2403 1017 2474 sacrilegium,
1063 2405 1153 2474 qui
1207 2405 1272 2458 de
1323 2404 1572 2473 peculatu
1625 2403 1994 2458 ecclesiastico

404 2493 716 2560 convivunt,
746 2502 802 2549 et
827 2509 940 2549 rem
971 2494 1065 2549 Dei
1090 2509 1205 2549 rem
1225 2493 1477 2563 sacrilegi
1498 2493 1762 2548 efﬁciunt.
1791 2493 1996 2548 Probat

402 2600 434 2638 a
463 2586 653 2655 primis
693 2587 966 2641 nascentis
1017 2586 1274 2642 Ecclesiae
1312 2586 1573 2650 exordiis,
1624 2584 1992 2649 incrementis,

403 2677 784 2742 accrementis,
814 2676 1011 2747 quibus
1040 2677 1206 2746 cmpit
1233 2676 1418 2741 ditari,
1453 2675 1588 2730 duce
1618 2674 1845 2745 Spiritu,
1879 2684 1993 2729 sta-

403 2774 551 2823 tutos
605 2783 872 2833 canones,
917 2769 1010 2838 qui
1062 2769 1418 2838 direptionem
1476 2768 1555 2823 rei
1615 2768 1994 2823 ecclesiasticae

404 2867 668 2922 vetarent,
702 2859 940 2928 nullique
977 2859 1113 2913 citra
1163 2859 1508 2913 conscientiae
1538 2859 1834 2929 perniciem
1868 2876 1994 2914 con-

404 2949 662 3006 cederent
690 2949 758 3004 ab
796 2948 903 3003 illis
927 2949 1226 3004 canonibus
1265 2949 1563 3004 discedere.
1599 2949 1776 3018 Rogat
1817 2949 1994 3004 Czesa-

405 3055 522 3097 rem
543 3048 604 3096 ut
627 3041 926 3107 medeatur,
952 3053 1155 3097 emtum
1181 3049 1240 3095 ut
1267 3041 1586 3112 deprecetur
1613 3051 1800 3098 contra
1825 3044 1994 3098 sacri-

405 3135 553 3206 legos
579 3133 781 3190 Gallos.
827 3135 1108 3205 Excipitur
1133 3136 1202 3190 ab
1231 3135 1613 3194 llelizaccharo
1644 3145 1698 3192 et
1721 3137 1993 3194 Adalardo

403 3225 626 3280 senibus
652 3225 908 3281 alacriter
931 3226 1105 3281 oratio
1139 3224 1433 3296 Agobardi.
1465 3228 1681 3283 Monent
1706 3229 1773 3284 de
1803 3230 1904 3284 hac
1936 3244 1996 3285 re

402 3316 831 3388 imperatorem:
884 3317 977 3387 qui
1033 3325 1330 3372 convocato
1379 3319 1609 3374 concilio
1661 3320 1894 3390 politica:
1939 3328 1996 3374 et

403 3407 630 3462 leviticae
659 3407 894 3471 familiae,
927 3417 1142 3464 mutuas
1168 3409 1427 3464 exstinxit
1453 3410 1752 3466 discordias
1778 3426 1899 3480 qua:
1927 3411 1994 3466 de

401 3498 725 3567 possidenda
761 3513 819 3554 re
843 3499 1213 3556 ecclesiastica
1246 3500 1414 3555 laicos
1459 3509 1516 3556 et
1550 3501 1836 3572 episcopos
1865 3517 1995 3556 con-

402 3589 772 3644 turbaverant.
797 3588 931 3656 Quia
962 3605 1093 3645 vero
1113 3590 1331 3660 quidam
1360 3599 1515 3646 erant
1537 3592 1873 3648 detractores
1897 3593 1990 3663 qui

401 3679 605 3750 passim
633 3681 702 3736 de
745 3679 968 3736 audacia
1000 3688 1055 3736 et
1097 3681 1401 3750 ignorantia
1444 3680 1716 3753 Agobardi
1746 3699 1994 3740 rumores

399 3769 861 3826 circumferebant
881 3771 1105 3842 ejusque
1128 3771 1336 3828 dissidii
1363 3783 1639 3828 auctorem
1671 3775 1844 3845 ipsum
1867 3791 1993 3845 pro-

403 3864 733 3935 mnlgabant,
792 3865 1112 3937 Agobardus
1157 3866 1422 3937 ejusmodi
1479 3865 1654 3922 labem
1687 3867 1872 3933 diluit;
1913 3868 1992 3927 rei

400 3956 632 4012 veritate
653 3955 890 4027 efﬁgiem
923 3957 1194 4026 expressit
1237 3957 1379 4026 apud
1420 3958 1706 4026 quemdam
1757 3959 1991 4013 amicum

401 4045 496 4114 qui
534 4059 659 4099 eum
711 4045 778 4099 de
821 4045 925 4100 hac
980 4060 1040 4101 re
1085 4045 1472 4116 interpellarat.
1527 4047 1593 4100 Et
1623 4047 1747 4101 inde
1777 4064 1835 4102 re
1866 4054 1991 4101 nata

400 4141 584 4202 captat
605 4133 779 4188 locum
805 4135 1076 4188 scribendi
1096 4133 1163 4190 de
1185 4121 1348 4190 rebus
1367 4135 1753 4191 ecclesiasticis
1776 4151 1992 4191 eorum-

401 4238 508 4292 que
529 4222 849 4289 ministerio,
873 4224 1103 4293 sumptis
1123 4239 1186 4279 ex
1213 4233 1444 4294 utroque
1471 4225 1820 4281 Testamento
1844 4227 1992 4281 testi-

401 4315 621 4370 moniis.
651 4314 779 4384 Ejus
805 4331 1018 4371 summa
1048 4316 1224 4386 capita
1256 4317 1371 4372 haec
1401 4325 1543 4371 sunt.
1591 4317 1667 4373 De
1693 4319 1988 4374 sacerdoti—

401 4406 523 4461 bus.
555 4406 633 4462 De
654 4407 879 4463 decimis
900 4408 1288 4478 persolvendis.
1312 4408 1390 4464 Dc
1413 4425 1571 4480 pcena
1595 4410 1884 4482 sacrilegii.
1913 4411 1989 4467 De
2023 4437 2070 4497 ο

401 4497 608 4553 honore
633 4498 780 4554 omni
809 4514 924 4554 aevo
945 4499 1211 4570 episcopis
1232 4499 1494 4571 impenso.
1523 4500 1600 4556 De
1621 4517 1726 4556 non
1754 4502 1987 4557 alienan-

401 4587 486 4643 dis
508 4589 775 4653 ecclesiis,
819 4598 876 4645 et
917 4599 1208 4660 perpetuas
1254 4591 1448 4646 inserit
1473 4592 1773 4648 calumnias
1797 4602 1988 4648 contra

403 4679 764 4738 Simonianos.
817 4681 943 4736 Haec
980 4683 1184 4749 omnia,
1225 4683 1352 4752 quia
1404 4682 1648 4736 nituntur
1694 4682 1847 4749 locis,
1880 4698 1986 4738 nou

403 4772 723 4835 rationibus,
755 4771 942 4827 lectori
971 4772 1062 4827 do.

670 4861 828 4916 Liber
855 4862 919 4914 de
943 4862 1132 4916 divinis
1159 4863 1428 4918 sententiis
1452 4863 1705 4933 digestus.

2109 483 2391 538 candentis
2439 482 2590 549 ferri,
2640 483 3016 538 adhibebatur.
3066 487 3382 556 Agobardus
3437 500 3694 561 tanquam

2106 573 2367 628 nefandas
2389 573 2687 644 impugnat,
2717 574 3008 630 ostendens
3035 592 3123 632 res
3146 579 3389 634 occultas
3419 597 3693 650 nunquam

2105 663 2347 731 pateﬁeri
2377 663 2641 732 ejusmodi
2672 665 3078 721 certaminibus.
3107 667 3368 723 Hortatur
3393 671 3459 724 ad
3481 687 3689 741 pacem,

2102 764 2158 809 et
2182 763 2352 809 totam
2388 754 2500 810 fere
2525 757 2763 810 ethicam
2789 757 3154 812 Christianam
3183 761 3580 830 complectitur.

2642 846 2828 902 Sermo
2870 848 3156 918 Agobardi.

2177 938 2302 992 Ilaec
2331 940 2519 995 concio
2535 948 2619 996 est
2645 940 2996 1010 lepidissima,
3023 941 3173 996 varia
3213 949 3268 996 et
3292 943 3488 998 divinis
3511 943 3694 1015 ﬁguris

2105 1028 2512 1083 circumlucida.
2546 1029 2719 1085 llabet
2760 1047 2860 1101 pro
2889 1033 3116 1087 materia
3155 1032 3451 1089 Christum.
3481 1035 3586 1090 Sed
3626 1037 3694 1088 ah

2106 1120 2196 1175 illo
2223 1121 2399 1190 capite
2421 1121 2473 1174 in
2507 1121 2685 1175 varias
2711 1137 2830 1176 sese
2858 1123 3110 1178 diffundit
3133 1133 3189 1179 ct
3216 1126 3551 1194 exspatiatur
3575 1141 3692 1180 are-

2104 1227 2203 1265 nas
2233 1227 2246 1264 :
2282 1210 2358 1265 De
2399 1211 2662 1274 Ecclesia,
2703 1211 2771 1268 de
2810 1212 2926 1280 ejus
2955 1216 3186 1280 meritis,
3236 1217 3303 1272 de
3333 1216 3691 1272 Anticlnisto.

2104 1301 2236 1368 Quae
2257 1302 2385 1370 quia
2411 1311 2539 1356 sunt
2563 1302 2721 1372 paulo
2754 1302 3050 1373 ἀμεθοδικά,
3079 1306 3347 1376 relinquo.

2601 1392 2681 1447 De
2708 1393 2965 1447 divisione
2987 1395 3214 1464 imperii.

2174 1483 2388 1552 Imperii
2433 1483 2583 1552 pacis
2627 1484 2869 1549 sedulus,
2916 1499 3231 1555 memorque
3277 1489 3527 1559 ancipitis
3571 1490 3694 1546 vita:

2103 1577 2300 1639 exitus,
2329 1585 2625 1632 convocato
2653 1577 2822 1631 totius
2858 1575 3044 1630 Galliae
3090 1588 3358 1634 conventu
3389 1567 3691 1635 Ludovicus

2106 1665 2401 1734 imperator
2426 1667 2479 1721 in
2509 1667 2611 1734 tria
2659 1682 2820 1736 regna
2865 1667 3153 1736 discerpsit
3197 1669 3506 1738 imperium,
3547 1686 3689 1725 sum-

2033 1735 2076 1792 Β
2100 1774 2352 1828 mamque
2392 1759 2647 1815 Lothario
2673 1735 2901 1815 contulit
2925 1777 2938 1821 ;
2989 1735 3244 1817 adhibitis
3267 1735 3506 1817 omnium
3534 1765 3688 1833 jura-

2098 1851 2318 1914 mentis,
2348 1860 2408 1905 ut
2436 1852 2602 1906 moris
2629 1861 2736 1916 est,
2764 1853 3038 1908 tidelitatis
3057 1862 3111 1908 et
3131 1855 3470 1909 obedientiae.
3504 1854 3689 1910 Desci-

2097 1943 2202 1998 scit
2240 1941 2552 2008 Lotharius,
2579 1951 2789 2012 patrem
2833 1944 3055 1997 invadit.
3089 1943 3296 1999 Favent
3324 1945 3688 2000 ecclesiastici

2097 2035 2223 2089 huic
2249 2035 2588 2113 imperatori,
2619 2033 2775 2104 cujus
2802 2037 3081 2105 obsequiis
3107 2037 3416 2106 juramento
3459 2039 3686 2094 solemni

2096 2126 2314 2180 fuerant
2339 2127 2640 2181 constricti.
2691 2129 2899 2194 Quibus
2949 2145 3073 2183 cum
3122 2137 3278 2198 pater
3311 2132 3470 2186 vellet
3497 2147 3688 2202 poenas

2096 2216 2358 2286 inﬂigere,
2388 2216 2708 2286 Agobardus
2746 2218 3003 2274 audacter
3038 2223 3331 2290 respondet
3369 2238 3492 2276 eum
3523 2223 3688 2277 fuisse

2097 2308 2238 2363 illius
2266 2309 2528 2363 tumultus
2563 2317 2618 2364 et
2661 2310 2869 2364 dissidii
2916 2312 3116 2381 publici
3145 2329 3388 2378 causam,
3431 2329 3497 2369 eo
3534 2314 3680 2383 quod

2095 2398 2365 2453 divisisset
2412 2399 2742 2468 imperium;
2788 2408 2845 2456 et
2887 2402 3032 2470 quod
3075 2411 3156 2456 est
3205 2404 3486 2470 audacius,
3517 2405 3686 2474 proﬁ-

2095 2497 2241 2544 tetur
2266 2497 2453 2558 aperte
2482 2505 2541 2545 se
2564 2491 2949 2546 obsecuturum
2986 2491 3268 2559 Lothario,
3305 2503 3528 2564 propter
3557 2494 3682 2549 vin-

2095 2579 2285 2634 culum'
2295 2579 2619 2649 juramenti,
2652 2590 2762 2636 etc.

2328 2670 2406 2724 De
2435 2670 2824 2742 comparatione
2851 2674 3127 2744 utriusque
3156 2675 3441 2745 regintinis.

2168 2759 2296 2814 Duae
2331 2760 2421 2814 hic
2457 2760 2804 2815 continentur
2835 2762 3077 2831 epistolae
3101 2763 3339 2832 ejusdem
3360 2764 3685 2832 argumenti.

2095 2848 2276 2903 Prima
2303 2849 2372 2904 ad
2396 2849 2668 2906 Caesarem
2690 2850 3045 2918 Ludovicum,
3073 2869 3177 2922 qua
3202 2863 3386 2908 noster
3403 2855 3690 2924 episcopus

2093 2940 2338 2995 obtendit
2365 2955 2560 2996 causas
2587 2941 2726 3012 fug:e
2755 2952 2810 2996 et
2839 2959 3024 2998 morte.
3061 2943 3287 3013 Propter
3333 2946 3576 3015 publicos
3603 2957 3685 3000 tu-

2097 3031 2316 3086 multus.
2336 3031 2462 3086 [nde
2479 3031 2645 3087 insilit
2669 3033 2726 3086 in
2741 3032 3016 3103 fastigium
3035 3034 3339 3104 splendoris
3362 3035 3677 3104 imperialis,

2096 3123 2238 3192 quod
2284 3122 2477 3192 probat
2529 3123 2754 3178 subesse
2795 3123 3087 3193 pontiﬁcia:
3140 3122 3433 3193 majestati,
3468 3135 3580 3183 tum
3617 3143 3684 3180 cx

2094 3213 2417 3268 auctoritate
2464 3213 2752 3278 canonum,
2808 3222 2923 3269 tum
2977 3215 3306 3285 quibusdam
3359 3218 3674 3274 Latinorum

2093 3306 2318 3362 Patrum
2349 3307 2692 3362 testimoniis.
2726 3307 2791 3360 Et
2822 3308 2941 3362 ideo
2986 3317 3170 3364 monet
3197 3319 3254 3364 ut
3297 3311 3599 3366 venientem
3632 3313 3685 3366 in

2093 3395 2322 3451 Galliam
2377 3396 2701 3466 Gregoriqu
2751 3398 3090 3466 pontiﬁcem,
3141 3402 3494 3456 mediatorcm
3537 3405 3686 3473 pacis

2093 3487 2421 3554 domesticae,
2468 3489 2700 3560 benigne
2746 3487 3002 3560 excipiat,
3049 3491 3209 3562 eique
3239 3495 3538 3551 humillime
3567 3512 3687 3552 sese

2093 3577 2359 3646 subjiciat.

2164 3654 2424 3722 secunda:
2467 3682 2659 3723 sensus
2701 3678 2783 3725 est
2811 3671 3100 3742 ejusmodi.
3157 3675 3395 3730 Defectio
3441 3677 3688 3734 Lotharii

2092 3756 2404 3826 abripuerat
2438 3772 2650 3812 omnem
2699 3774 2835 3829 pene
2883 3761 3111 3829 Italiam,
3161 3766 3496 3832 pontiﬁcem,
3547 3768 3688 3825 mul-

2093 3854 2285 3916 tosque
2330 3847 2493 3901 etiam
2542 3848 2824 3919 episcopos
2870 3851 3070 3918 Gallos,
3122 3869 3351 3922 quorum
3396 3873 3498 3926 ope
3530 3859 3672 3928 patri

2092 3937 2326 4007 eriperet
2373 3937 2681 4009 imperium.
2730 3941 2856 3996 Veri
2905 3941 3044 3996 Galli
3098 3944 3465 4010 recalcitrant,
3513 3948 3686 4004 citant

2090 4029 2458 4102 Agobardum,
2481 4042 2715 4088 recusat.
2746 4033 2954 4090 Habent
2979 4045 3303 4091 conventum
3332 4054 3346 4102 ;
3386 4039 3540 4108 cujus
3567 4040 3684 4094 hasc

2092 4120 2310 4176 fuerunt
2355 4123 2532 4192 capita
2575 4125 2863 4179 adversum
2900 4126 3069 4197 ipsius
3109 4129 3538 4194 contumaciam,
3583 4145 3683 4198 pro

2091 4213 2463 4267 conﬁrmanda
2492 4214 2771 4269 Gallicana
2800 4216 3074 4271 libertate.

2163 4301 2214 4354 l.
2247 4301 2570 4371 Episcopum
2611 4303 2934 4368 Romanum,
2983 4308 3288 4362 vocandum
3329 4323 3541 4378 papam,
3574 4308 3683 4362 fra-

2092 4401 2253 4457 trem,
2285 4408 2388 4446 non
2417 4403 2596 4448 autem
2622 4394 2866 4462 Patrem,
2898 4411 3072 4466 neque
3100 4398 3432 4466 pontiﬁcem.

2163 4481 2218 4536 2.
2250 4482 2588 4551 lmperialem
2636 4483 2974 4553 majestatem
3005 4487 3126 4555 plus
3167 4504 3326 4559 posse
3369 4489 3423 4543 in
3451 4490 3681 4545 admini-

2093 4573 2311 4627 stranda
2335 4573 2575 4628 Ecclesia
2602 4590 2762 4644 quam
2793 4576 3148 4644 pontiﬁcium.

2164 4665 2218 4718 ὅ.
2271 4663 2536 4719 Czcsarem
2585 4681 2691 4720 non
2734 4666 3194 4724 dehonestandum
3240 4677 3673 4739 prmsumptuosa

2093 4756 2670 4811 excommunicatione.

2164 4847 2218 4902 4.
2250 4847 2418 4903 Posse
2444 4865 2610 4903 unum
2639 4848 2872 4918 aliquem
2907 4850 3218 4920 pontiﬁcem
3260 4850 3422 4921 abjici
3449 4853 3566 4908 sine
3597 4854 3679 4907 in-

403 4953 480 5009 De
503 4954 691 5010 divinis
733 4954 1004 5008 sententiis
1049 4963 1230 5008 contra
1268 4971 1356 5009 eos
1383 4956 1474 5026 qui
1496 4965 1681 5026 putant
1718 4955 1984 5025 judicium

2113 4935 2227 4989 uria
2258 4937 2403 4991 sedis
2438 4937 2766 5006 apostolicae.

636 5045 733 5101 Dei
761 5062 897 5118 aqua
921 5044 996 5099 vel
1034 5045 1152 5115 igne
1166 5040 1260 5100 'vel
1299 5047 1460 5101 armis
1488 5048 1746 5117 pateﬁeri.

476 5135 688 5193 Titulus
714 5139 939 5206 hujusce
979 5136 1266 5192 voluminis
1292 5152 1396 5192 non
1429 5139 1562 5192 mihi
1600 5139 1814 5193 videtur
1855 5139 1988 5194 satis

403 5240 694 5298 congruus.
730 5227 865 5296 Quia
891 5229 982 5282 hic
1001 5235 1084 5283 est
1113 5242 1322 5283 sensus.
1349 5240 1374 5267 ι
1406 5228 1656 5297 Duplices
1686 5229 1829 5283 modi
1855 5244 1984 5298 pur-

402 5317 592 5387 ganda:
617 5316 823 5373 fraudis
848 5319 1073 5374 occulta:
1100 5325 1155 5374 et
1183 5318 1421 5383 sceleris,
1452 5317 1579 5374 ferri
1605 5329 1660 5372 et
1682 5319 1837 5388 ignis.
1870 5319 1989 5374 Pri-

404 5423 525 5463 mus
573 5415 693 5463 erat
743 5408 1079 5478 Gundebadi,
1127 5412 1218 5481 qui
1272 5412 1692 5477 controversias,
1738 5411 1827 5466 ubi
1881 5428 1986 5466 non

403 5507 562 5556 erant
601 5507 803 5567 testes,
858 5501 1001 5558 ferro
1043 5515 1098 5559 et
1137 5506 1305 5561 armis
1346 5505 1673 5560 dirimendas
1711 5505 1984 5574 praecepit.

405 5591 717 5658 Secundus,
757 5592 1069 5650 inveterata:
1115 5597 1537 5653 consuetudinis.
1581 5596 1680 5650 Ubi
1717 5595 1988 5650 deﬁcbant

2158 5025 2212 5080 5.
2246 5023 2539 5097 Episcopos
2564 5029 2616 5082 in
2645 5044 2809 5084 causa
2849 5029 2972 5086 ﬁdei
3007 5029 3386 5103 jusjurandum
3415 5041 3681 5105 praestare

2087 5115 2273 5172 solitos
2298 5117 2627 5186 imperatori.

2162 5229 2216 5284 6.
2244 5229 2589 5299 Agobardum
2614 5230 2902 5301 primatem
2948 5231 3252 5300 Aquitanite
3286 5233 3492 5288 nullam
3520 5233 3674 5289 dein-

2095 5336 2224 5392 ceps
2274 5321 2584 5376 habiturum
2653 5330 2976 5393 potestatem
3029 5323 3084 5377 in
3133 5325 3676 5388 excommunicando,

2095 5413 2404 5482 nullamque
2441 5413 2871 5482 jurisdictionem
2904 5414 2957 5467 in
3002 5423 3230 5470 eteteras
3275 5415 3579 5486 parochias,
3631 5416 3678 5471 si

2093 5503 2338 5560 obediret
2365 5505 2543 5573 potius
2571 5504 2810 5575 pontiﬁci
2839 5519 2999 5574 quam
3029 5505 3250 5560 Caesari.

2165 5594 2216 5648 7.
2248 5593 2576 5650 Privandum
2603 5595 2914 5666 episcopum
2941 5596 3218 5662 consortio
3252 5605 3308 5651 et
3332 5597 3556 5662 honore,
3583 5596 3675 5664 qui

471 5720 499 5751 ι
534 5709 771 5768 lnstitut.
806 5711 950 5784 juris
994 5728 1215 5782 canon.,
1267 5715 1304 5768 l.
1350 5731 1422 5782 iv,
1454 5716 1534 5770 tit.
1566 5713 1619 5768 2.
1653 5713 1708 5767 In
1749 5709 1985 5767 Historia
2018 5708 2362 5782 Burgundia.
