4040 6182
377 280 452 338 35
1345 272 1405 331 S.
1444 269 1797 332 AGOBARDI
1832 267 2143 327 EPISCOPI
2180 267 2665 328 LUGDUNENSIS
3576 269 3647 326 36

373 394 564 474 banda:
576 402 772 465 putant
791 400 988 449 cuncta
1014 398 1137 463 quae
1164 389 1329 457 dixit;
1355 389 1660 444 nescientes
1681 387 1810 457 quia
1851 400 1959 442 non
1986 390 2034 450 Α
2063 386 2132 442 Et
2149 395 2211 442 ut
2256 385 2396 442 alius
2446 387 2635 442 doctor
2678 385 2815 442 dicit
2864 384 3047 458 (Aug.,
3096 384 3156 441 in
3195 382 3347 441 Psal.
3394 389 3599 459 evau)
3632 407 3645 443 :

372 504 441 551 ex
461 488 573 543 vita
594 487 832 542 hominis
851 484 1124 542 metienda
1149 492 1236 540 est
1263 482 1417 549 ﬁdes,
1437 481 1534 537 sed
1561 493 1588 522 ι
1614 495 1683 535 ex
1705 478 1811 535 ﬁde
1832 493 1962 549 pro-

371 578 552 633 banda
584 586 667 632 est
691 578 823 632 vita.
858 576 1181 647 Quanquam
1210 575 1355 631 enim
1384 572 1541 628 multi
1562 572 1703 628 bene
1735 570 1963 626 creden-

371 678 477 735 tes,
509 670 651 725 male
689 669 922 725 vivendo
961 676 1222 739 pereant;
1268 665 1446 722 nullus
1471 674 1652 720 tamen
1677 662 1820 718 male
1841 675 1964 717 cre-

374 759 531 823 dens,
555 761 692 815 bene
712 759 943 815 vivendo
968 758 1227 814 salvatnr.
1253 756 1435 813 Solius
1457 755 1603 811 enim
1627 753 1964 825 omnipoten-

372 850 444 905 tis
474 850 571 905 Dei
606 860 689 906 est
747 865 908 905 nosse
951 847 1166 905 occulta
1220 847 1523 912 hominum,
1559 843 1645 900 vel
1672 844 1796 914 quis
1833 857 1961 899 cum

371 941 790 1011 reprehensibili
837 941 950 995 vita
996 938 1258 994 humilem
1324 944 1560 992 mentem
1618 942 1815 1006 gestet,
1865 942 1963 992 aut

370 1031 496 1100 quis
527 1031 555 1071 δ
586 1046 710 1085 cum
757 1029 1015 1085 laudabili
1054 1029 1165 1083 vita
1208 1027 1519 1097 superbam.
1571 1025 1775 1081 Neuter
1814 1027 1961 1082 enim

372 1121 647 1191 perfectus
670 1130 774 1176 est.
806 1120 914 1175 Sed
937 1120 1059 1190 quis
1088 1136 1120 1173 e
1145 1118 1355 1174 duobus
1402 1117 1577 1188 magis
1599 1120 1814 1174 auetori
1841 1117 1958 1176 dis-

372 1212 592 1282 pliceat,
658 1211 736 1265 illi
779 1210 880 1266 soli
928 1210 1167 1280 suppetit
1216 1222 1397 1264 nosse.
1457 1207 1673 1265 Scimus
1726 1224 1962 1279 namque

371 1304 499 1373 quia
528 1303 619 1371 qui
675 1301 1012 1356 inﬁrmitatis
1060 1315 1173 1355 sua:
1212 1301 1354 1355 bene
1405 1298 1509 1354 sibi
1557 1307 1685 1354 sunt
1733 1300 1959 1365 conscii,

369 1402 590 1450 sanctos
622 1409 683 1449 se
709 1408 853 1459 esse,
890 1391 1107 1447 etiamsi
1133 1393 1201 1446 ab
1227 1390 1351 1445 aliis
1377 1390 1649 1455 dicantur,
1686 1405 1794 1445 non
1835 1405 1962 1446 cre-

370 1484 527 1539 dunt.
576 1484 681 1550 Qui
724 1492 907 1538 autem
954 1489 1178 1553 propter
1223 1481 1425 1536 bonam
1475 1480 1959 1546 conversationem,

368 1575 497 1630 dum
524 1575 812 1630 laudantur
837 1575 906 1629 ab
948 1574 1088 1638 aliis,
1126 1581 1345 1629 sanctos
1382 1587 1454 1628 se
1496 1586 1617 1627 esse
1660 1570 1959 1637 confidunt,

2062 477 2219 534 Sicut
2257 477 2541 549 virginitas
2587 477 2790 542 carnis,
2835 490 3035 545 corpus
3083 476 3346 532 intactum
3395 485 3514 543 est;
3570 478 3647 533 ita

2060 568 2347 639 virginitas
2414 568 2631 634 animae,
2681 566 2817 623 ﬁdes
2879 567 3215 637 incorrupta.
3272 586 3293 620 ι
3341 565 3434 627 Ait
3481 569 3651 623 etiam

2062 656 2247 731 (Aug.,
2276 656 2452 713 Tract.
2480 673 2577 713 vm
2598 658 2655 713 in
2680 656 2884 728 Evang.
2909 655 3096 729 Joan.)
3123 671 3139 711 :
3169 674 3189 709 t
3229 657 3323 714 Sic
3342 667 3431 714 est
3446 659 3654 716 veritas

2062 746 2333 816 Christus,
2377 758 2440 804 ut
2464 756 2636 803 totum
2658 762 2851 803 verum
2893 747 3194 818 accipiatur
3225 747 3283 804 in
3315 747 3536 805 Christo
3558 764 3652 806 ve-

2061 853 2184 894 rum
2205 839 2441 895 Verbum
2470 838 2587 904 Dei,
2611 839 2754 895 Deus
2795 838 3018 907 aqualis
3044 837 3214 905 Patri,
3255 853 3386 894 vera
3428 840 3636 907 anima,

2061 942 2194 984 vera
2230 943 2379 992 caro,
2408 943 2571 984 verus
2613 928 2795 994 homo,
2822 942 2985 984 verus
3024 927 3187 995 Deus,
3214 943 3343 984 vera
3371 930 3650 999 nativitas,

2066 1030 2091 1061 ο
2119 1034 2251 1075 vera
2290 1019 2494 1089 passio.
2522 1018 2579 1074 Si
2608 1019 2813 1090 aliquid
2859 1019 2950 1075 hie
2978 1019 3185 1075 dixeris
3224 1017 3443 1085 falsum,
3479 1020 3655 1076 intrat

2061 1111 2325 1182 putredo,
2384 1109 2452 1165 de
2504 1123 2716 1164 veneno
2775 1110 3047 1179 serpentis
3097 1118 3401 1166 nascuntur
3437 1125 3655 1166 vermes

2062 1201 2490 1266 mendaciorum,
2541 1206 2603 1267 et_
2648 1198 2788 1257 nihil
2836 1199 3107 1270 integrum
3154 1200 3480 1257 remanebit.
3511 1199 3652 1267 Quia

2061 1291 2157 1348 ubi
2181 1291 2349 1348 fuerit
2370 1290 2493 1346 falsi
2523 1288 2750 1360 alicujus
2791 1280 3089 1359 corruptio,
3120 1289 3195 1345 ibi
3232 1290 3482 1345 veritatis
3511 1291 3653 1346 inte-

2061 1384 2234 1453 gritas
2263 1398 2371 1439 non
2399 1383 2527 1438 erit.
2562 1401 2583 1435 ι
2613 1381 2809 1438 Valent
2835 1388 3019 1435 autem
3055 1380 3286 1437 multum
3321 1383 3392 1437 ad
3423 1397 3650 1454 perpen-

2063 1473 2299 1528 dendaln
2328 1472 2681 1529 subtilitatem
2698 1471 2978 1538 Veritatis,
3019 1486 3140 1541 quae
3164 1472 3409 1528 dicturus
3444 1488 3565 1529 sum
3594 1474 3653 1528 in

2062 1563 2168 1619 hoc
2191 1563 2341 1629 loco;
2370 1562 2419 1619 si
2442 1571 2622 1618 tamen
2646 1569 3021 1632 competenter
3042 1560 3336 1619 valuissem
3366 1563 3651 1633 explicare

367 1674 424 1721 et
450 1666 673 1721 idoneos
700 1681 759 1720 se
788 1672 981 1735 putant
1015 1663 1435 1733 adjudieandum
1473 1670 1705 1717 caeteros
1741 1669 1797 1716 et
1827 1660 1963 1717 alios
2063 1669 2186 1724 qua:
2219 1655 2362 1710 dico.

368 1754 589 1823 quidem
616 1762 837 1824 propter
868 1754 1037 1809 vitam
1075 1753 1372 1819 carnalem,
1413 1752 1553 1808 alios
1597 1759 1779 1807 autem
1828 1766 1955 1821 pro-
1986 1735 2033 1795 Β
2127 1744 2218 1802 1V.
2260 1744 2544 1801 Nestorius
2566 1742 2854 1803 haereticus
2879 1742 2961 1798 sic
2985 1742 3123 1799 duas
3141 1752 3368 1800 naturas
3394 1744 3449 1800 in
3487 1746 3651 1801 unico

369 1855 492 1918 pter
537 1845 843 1901 fatuitatem
898 1861 1093 1901 sensus
1136 1845 1465 1915 despiciunt,
1501 1843 1751 1899 omnibus
1776 1851 1958 1898 tamen

370 1939 428 1993 in
475 1952 763 1994 commune
809 1938 1123 1999 detrahunt,
1185 1951 1293 1993 non
1337 1942 1565 2006 possunt
1616 1934 1694 1988 illi
1744 1933 1961 2004 placere

368 2029 464 2098 qui
493 2028 667 2083 dixit:
711 2027 909 2082 Discite
947 2045 980 2080 a
1009 2043 1093 2080 me
1115 2027 1243 2097 quia
1287 2025 1435 2079 utilis
1472 2039 1590 2078 sum
1645 2032 1693 2078 et
1742 2022 1958 2077 humilis

370 2120 549 2175 corde.
581 2118 681 2187 Qui
712 2128 896 2175 autem
917 2134 1044 2176 vere
1069 2119 1284 2189 placere
1318 2117 1431 2172 Deo
1473 2124 1655 2179 curat,
1702 2116 1965 2185 subjiciat

367 2211 607 2266 animam
657 2226 814 2266 suam
856 2210 968 2266 Deo
1018 2226 1143 2265 cum
1194 2209 1343 2265 omni
1396 2208 1721 2264 humilitate.
1795 2207 1960 2262 Fides

367 2310 453 2358 est
475 2302 620 2357 enim
642 2303 814 2371 prima
840 2317 961 2371 quae
1002 2300 1255 2373 subjugat
1298 2301 1536 2355 animam
1578 2298 1709 2363 Deo,
1761 2296 1959 2352 deinde

369 2399 639 2464 praecepta
682 2392 930 2458 vivendi;
979 2392 1177 2462 quibus
1226 2391 1531 2456 custoditis,
1603 2403 1729 2460 spes
1771 2395 1960 2443 nostra

369 2482 640 2546 ﬁrmatur,
666 2490 723 2538 et
751 2483 994 2537 nutritur
1041 2483 1309 2537 eharitas.
1362 2481 1499 2536 Cum
1548 2495 1681 2551 ergo
1724 2479 1960 2550 cognitio

368 2582 425 2630 et
461 2575 603 2629 actio
638 2574 857 2629 beatum
901 2572 1176 2628 hominem
1226 2570 1456 2637 faciant;
1508 2571 1650 2626 sicut
1686 2569 1741 2624 in
1782 2569 1963 2641 cogni-

368 2666 512 2720 tione
539 2666 791 2721 vitandus
814 2672 900 2720 est
931 2679 1107 2730 error,
1153 2664 1230 2719 ita
1273 2664 1326 2718 in
1364 2663 1575 2720 actione
1602 2663 1846 2718 cavenda
1874 2670 1963 2718 est

370 2756 635 2825 nequitia.

430 2848 527 2903 ‘lll.
589 2846 953 2914 Quamobrem
1006 2845 1235 2901 obsecro
1285 2844 1632 2901 dilectionem
1694 2852 1959 2908 vestram,
2019 2890 2033 2903 .

366 2939 567 3011 quibus
594 2938 697 2993 hoc
730 2952 867 3007 opus
905 2937 1271 3007 necessarium
1325 2951 1448 2992 esse
1489 2935 1632 2998 dico,
1664 2950 1772 2989 non
1806 2935 1962 2989 vobis

2058 1837 2195 1892 Filio
2229 1836 2326 1892 Dei
2352 1836 2583 1914 Domino
2611 1842 2802 1893 nostro
2831 1834 2963 1891 Jesu
2988 1833 3213 1891 Christo
3232 1836 3427 1891 dividit
3457 1852 3525 1892 ac
3559 1852 3647 1893 se-

2057 1936 2236 1999 parat,
2270 1936 2333 1983 ut
2377 1928 2435 1983 in
2477 1927 2843 1997 disputatione
2887 1926 3159 1998 dogmatis
3192 1926 3276 1981 sui
3311 1927 3392 1983 sic
3433 1927 3502 1983 de
3537 1943 3650 1983 uno
3753 1958 3757 1962 -

2058 2020 2217 2088 quasi
2265 2017 2334 2073 de
2367 2018 2576 2074 duobus
2619 2016 2893 2086 loquatur,
2932 2016 3091 2085 quasi
3141 2015 3309 2070 alium
3361 2017 3659 2087 suspicans

2059 2108 2232 2164 Deum
2254 2108 2513 2173 Verbum,
2558 2107 2724 2163 alium
2769 2106 3113 2172 Emmanuel,
3159 2106 3287 2163 licet
3331 2106 3652 2177 plerumque

2058 2213 2229 2254 unam
2262 2200 2461 2255 iam
2484 2200 2721 2255 fateatur
2739 2213 3051 2270 personam.
3085 2198 3130 2252 E
3151 2200 3433 2255 contrario
3467 2209 3651 2257 autem

2058 2289 2330 2363 Eutyches
2364 2291 2421 2346 in
2455 2291 2711 2362 dogmate
2732 2306 2837 2347 sua
2875 2292 2963 2347 sic
2997 2292 3067 2347 de
3093 2291 3243 2347 unici
3274 2290 3402 2348 Filii
3430 2292 3529 2347 Dei
3569 2293 3649 2349 lo-

2058 2383 2248 2452 quitur
2286 2382 2549 2453 singulari
2590 2397 2827 2452 persona
2872 2382 3030 2453 quasi
3072 2383 3143 2437 de
3174 2398 3289 2437 una
3326 2383 3651 2440 sublatis.

2059 2472 2131 2543 Et
2161 2487 2475 2543 quanquam
2518 2472 2910 2542 sempiternam
2956 2471 3259 2526 divinitatis
3301 2470 3420 2540 ejus
3455 2473 3655 2527 nativi-

2062 2542 2230 2618 tatem
2263 2542 2607 2627 conﬁteatur,
2637 2560 2992 2631 temporalem
3037 2575 3255 2630 quoque
3296 2562 3652 2618 humanitatis

2060 2667 2170 2708 non
2194 2661 2386 2723 neget;
2423 2653 2497 2705 ita
2524 2660 2706 2706 tamen
2746 2658 3034 2720 utramque
3059 2650 3417 2705 substantiam
3453 2652 3654 2721 permi-

2059 2752 2180 2799 scet
2202 2752 2367 2812 atque
2388 2740 2692 2806 confundit,
2717 2749 2779 2795 ut
2804 2756 2911 2794 una
2939 2741 3314 2796 tantummodo
3349 2742 3651 2811 prazdieare

2059 2831 2414 2903 intelligatur.
2446 2829 2582 2887 Cum
2608 2845 2739 2901 ergo
2762 2838 3075 2900 utrumque,
3102 2831 3154 2885 id
3186 2838 3293 2897 est,
3317 2830 3651 2898 Nestorium,

2061 2928 2118 2975 et
2160 2921 2481 2992 Eutychem,
2519 2922 2724 2977 veritas
2775 2920 2900 2975 ﬁdei
2951 2918 3195 2988 abjiciat,
3245 2936 3366 2990 quae
3413 2924 3653 2978 medium

366 3028 615 3099 injiciant
643 3026 918 3082 fastidium
946 3027 1111 3081 verba
1132 3025 1429 3096 simplicia;
1460 3025 1558 3079 sed
1596 3024 1780 3094 potius
1809 3023 1959 3079 dele-
1982 3074 2029 3099 η
2063 3012 2208 3068 inter
2248 3027 2344 3067 308
2389 3020 2545 3069 ιθῐιθι
2594 3011 2809 3077 Ῑοειιως
2864 3011 3057 3067 beatus
3106 3012 3357 3084 Cyrinus,
3406 3013 3653 3084 ejusdem

450 3074 614 3083 .ν.----
643 3074 918 3082 ---------
960 3074 1111 3081 .--η
1133 3074 1429 3096 --ῆν----η
1462 3074 1558 3079 --_
1597 3074 1777 3094 rh---
1815 3074 1926 3079 πη
2795 3074 2803 3077 -
3149 3074 3166 3084 .
3343 3074 3353 3079 -
3434 3074 3456 3084 -

368 3074 482 3174 etet
506 3133 601 3173 vos
639 3117 849 3186 puritas
896 3115 1039 3171 ﬁdei.
1071 3113 1339 3182 Quoniam
1385 3116 1439 3170 in
1474 3115 1656 3170 verbis
1684 3114 1959 3170 disseren—
1981 3074 2030 3137 Ο
2059 3104 2308 3161 veritatis
2346 3103 2621 3170 defensor,
2652 3101 3054 3158 Alexandrinus
3083 3103 3343 3171 antistes,
3390 3105 3517 3159 dum
3544 3103 3656 3160 vel-

370 3210 527 3273 tium,
558 3214 616 3261 ut
643 3206 866 3276 quidam
890 3205 1114 3260 Patrum
1153 3205 1231 3260 ait
1251 3206 1437 3277 (Aug.,
1459 3206 1523 3259 de
1547 3203 1732 3258 Doctr.
1758 3202 1954 3259 Christ.

372 3300 411 3354 l.
465 3315 543 3364 ιν,
602 3315 653 3355 c.
713 3298 822 3370 ll),
883 3298 1088 3353 veritas
1144 3298 1374 3353 amanda
1418 3307 1524 3363 est,
1584 3311 1692 3352 non
1747 3296 1958 3351 verba:

372 3409 393 3442 ι
422 3390 564 3458 Quid
602 3390 747 3444 enim
776 3389 998 3459 prodest
1030 3386 1202 3443 clavis
1238 3403 1424 3449 aurea,
1467 3387 1512 3442 si
1560 3386 1776 3457 aperire
1815 3384 1962 3455 quod

368 3480 617 3536 volumus
642 3495 748 3534 non
769 3485 979 3548 potest:
1003 3476 1111 3532 Aut
1139 3477 1270 3547 quid
1317 3477 1475 3533 obest
1510 3476 1709 3547 lignea,
1761 3475 1807 3531 si
1856 3476 1962 3531 boc

370 3578 572 3642 potest,
617 3569 833 3638 quando
878 3567 1014 3623 nihil
1064 3567 1382 3637 qumrimus.
1428 3567 1534 3622 nisi
1580 3576 1769 3637 patere
1816 3564 1962 3636 quod

369 3661 613 3717 clausum
635 3661 756 3716 est?
789 3679 809 3713 ι
849 3658 950 3727 Qui
984 3667 1167 3714 autem
1186 3658 1408 3713 omnino
1428 3658 1752 3729 dedignatur
1782 3658 1963 3729 legere

370 3760 578 3813 nostra,
634 3750 798 3806 habet
848 3750 937 3805 hic
997 3748 1335 3804 sufﬁcienter
1379 3758 1692 3805 sanctorum
1738 3749 1961 3804 Patrum

370 3844 667 3900 sententias
693 3842 950 3905 adnexas,
984 3841 1182 3912 quibus
1209 3840 1457 3897 conferat
1484 3856 1704 3897 sensum
1733 3840 1955 3897 Felicis.

360 3934 607 3991 J‘antum
634 3951 742 3989 non
768 3934 1006 4005 negligat
1033 3934 1102 3988 ad
1122 3948 1315 3988 earum
1342 3920 1585 4004 regulam
1616 3933 1775 3988 ﬁdem
1805 3948 1960 3988 suam

369 4025 660 4096 puriﬁcare
690 4042 703 4077 :
736 4012 883 4094 quia,
929 4030 991 4077 ut
1038 4022 1228 4078 beatus
1267 4023 1598 4078 Athanasius
1644 4023 1721 4077 ait
1753 4042 1765 4073 :
1803 4042 1822 4074 ε
1873 4022 1964 4078 Fi-

2058 3196 2137 3253 let
2157 3196 2433 3268 corrigere
2460 3196 2783 3267 pravitatem
2813 3196 3073 3263 Nestorii,
3102 3204 3325 3266 propter
3347 3195 3655 3252 obscurita-

2062 3297 2176 3344 tem
2222 3289 2538 3354 verborum,
2568 3296 2629 3343 ut
2676 3297 2807 3358 pote
2855 3287 3228 3344 subtilissima:
3275 3287 3379 3352 rei,
3428 3286 3656 3343 oﬁ‘endit

2061 3378 2283 3434 beatum
2309 3377 2576 3432 Joannem
2624 3378 2914 3447 praesulem
2959 3376 3313 3432 Antiochenze
3366 3376 3651 3443 Ecclesiae,

2063 3475 2119 3523 et
2146 3484 2240 3524 eos
2267 3468 2360 3538 qui
2388 3483 2513 3523 cum
2542 3466 2633 3522 illo
2653 3477 2844 3533 erant;
2877 3466 3129 3537 factaque
3161 3474 3248 3522 est
3273 3466 3470 3521 divisio
3506 3467 3655 3523 inter

2062 3552 2462 3616 Antiochenam
2488 3568 2544 3616 et
2565 3559 2994 3617 Alexandrinam
3037 3558 3358 3615 Ecclesiam.
3412 3558 3652 3630 Rogatus

2063 3659 2149 3708 est
2172 3659 2355 3707 autem
2387 3651 2457 3706 ab
2481 3651 2840 3706 Antiochenis
2868 3649 3244 3705 Theodoretus
3277 3648 3404 3721 Cyri
3440 3650 3652 3719 episco-

2063 3759 2185 3813 pus,
2207 3751 2268 3798 ut
2292 3751 2480 3814 ageret
2505 3742 2797 3798 adversum
2823 3742 3041 3796 beatum
3064 3740 3342 3812 Cyrillum.
3371 3740 3651 3795 Etmirutn

2063 3834 2119 3888 in
2149 3833 2393 3899 modum,
2423 3833 2552 3889 dum
2582 3832 2803 3903 utrique
2829 3839 3020 3887 essent
3058 3830 3338 3895 catholici,
3380 3831 3434 3886 id
3462 3838 3568 3895 est,
3594 3837 3655 3885 et

2061 3922 2413 3987 Antiocheni,
2472 3932 2529 3978 et
2579 3921 2961 3984 Alexandrini,
2997 3922 3202 3982 beatus
3245 3919 3479 3990 Cyrillus
3522 3920 3653 3974 dum

2061 4024 2285 4086 putatur
2306 4031 2437 4071 .esse
2462 4016 2773 4080 haereticus,
2802 4014 2943 4084 quod
2973 4029 3081 4068 non
3109 4022 3250 4077 erat,
3282 4013 3538 4069 inventus
3566 4021 3654 4068 est

372 4115 497 4168 dem
518 4111 840 4168 catholicam
894 4110 1001 4165 nisi
1046 4111 1169 4180 quis
1221 4111 1490 4183 integram
1539 4112 1963 4182 inviolatamque
2062 4125 2093 4163 a
2138 4109 2482 4164 Theodoreto
2510 4107 2660 4162 inter
2687 4106 2997 4162 Nestorium
3037 4105 3352 4163 haereticum
3394 4115 3450 4158 et
3476 4102 3654 4173 Cyril-

374 4202 697 4269 senvaverit,
749 4201 954 4272 absque
1017 4200 1183 4256 dubio
1241 4200 1298 4255 in
1349 4209 1614 4258 aeternum
1663 4201 1880 4271 peribit.
1935 4221 1955 4254 ι
2064 4200 2174 4253 lum
2203 4198 2534 4254 catholicum
2564 4196 2777 4253 medius
2803 4196 2977 4262 locus,
2999 4196 3144 4251 unde
3168 4196 3312 4252 idem
3342 4194 3654 4253 Theodore-

1722 4309 1993 4366 BALUle
2031 4308 2264 4365 NOTAE.

379 4404 556 4474 inquit
603 4394 933 4474 Vincentius
963 4400 1282 4474 Lirinensis,
1328 4416 1428 4457 cur
1479 4400 1751 4474 interdum
1780 4399 1965 4455 divina
1992 4401 2043 4461 D
2068 4415 2193 4456 esse
2226 4400 2497 4474 dicuntur.
2527 4394 2792 4474 Praeclare
2814 4396 3044 4474 Optatus
3081 4396 3424 4474 Milevitanus
3447 4400 3500 4454 in
3513 4399 3653 4460 libro

374 4468 715 4545 providentia
767 4473 1032 4543 quosdam
1075 4471 1449 4545 Ecclesiarum
1504 4471 1793 4545 magistros
1826 4487 1963 4525 nova
2068 4471 2309 4545 secundo
2338 4470 2600 4545 adversus
2651 4468 3092 4545 Parmenianum,
3124 4477 3180 4523 et
3194 4468 3439 4545 _qu_i_dem_
3484 4485 3653 4541 appo-

375 4541 624 4614 quaadam
673 4541 926 4667 dogmata
975 4542 1274 4612 praedicare
1340 4542 1600 4611 patiatur.
1659 4541 1729 4596 Ut
1791 4549 1965 4596 tentet

376 4629 493 4667 vos.
519 4613 712 4667 inquit.
787 4613 1002 4667 ominus
1049 4612 1190 4666 Deus
1218 4619 1418 4667 vester.
1451 4611 1518 4665 Et
1560 4610 1802 4667 profecto
1849 4626 1964 4665 ma-

376 4610 493 4679 vos,
519 4613 712 4681 inquit,
743 4610 1002 4667 Dominus
1049 4612 1190 4666 Deus
1218 4610 1418 4667 vester.
1451 4611 1518 4665 Et
1560 4610 1802 4681 profecto
1849 4626 1964 4665 ma-

375 4699 479 4753 gna
505 4685 731 4737 tentatio
751 4691 854 4747 est,
882 4698 1005 4737 eum
1029 4682 1141 4753 ille,
1164 4696 1323 4751 quem
1354 4690 1411 4735 tu
1433 4682 1774 4753 prophetam,
1797 4695 1959 4750 quem

375 4750 778 4824 prophetarum
819 4750 1386 4824 discipulum,’quem
1436 4750 1721 4805 doctorem
1772 4760 1957 4824 ct_as-

376 4819 644 4879 seriorem
672 4821 917 4901 veritatis
952 4819 1127 4901 putes,
1168 4835 1566 4901 quem_sumt_rta
1608 4819 1961 4901 veneratione

375 4901 433 4949 et
484 4906 670 4947 amore
719 4890 1035 4961 complexus
1063 4891 1160 4954 sis,
1190 4890 1237 4944 is
1252 4890 1447 4961 subito
1489 4890 1722 4944 latenter
1771 4891 1965 4961 noxios

381 4963 707 5018 subindueat
744 4960 982 5026 errOres,
1027 4969 1133 5030 etc.
1167 4978 1215 5030 ph
1247 4960 1385 5014 Tum
1413 4961 1633 5015 adducit
1654 4960 1962 5030 exemplum

378 5031 637 5097 Nestorii,
672 5031 911 5096 Pbotini,
964 5037 1021 5085 et
1046 5028 1423 5101 Apollinaris;
1446 5028 1837 5101 quosmagnos
1882 5030 1964 5085 vi-

377 5117 470 5233 :38
521 5102 691 5184 fuisse
739 5102 1046 5167 constabat,
1096 5099 1163 5155 ἐι
1211 5099 1533 5171 prtevalidos
1581 5099 1963 5157 haereticorum

452 5186 743 5227 versarios.

452 5186 743 5227 VCI'SQI‘IOS.

449 5252 475 5281 ι
516 5240 600 5313 ξπ
631 5242 739 5313 ﬁde
753 5240 1027 5313 probanda
1046 5248 1123 5313 cst
1152 5240 1275 5313 vita.
1307 5238 1586 5313 Nimirum!
1614 5240 1772 5313 jux_ta
1808 5255 1964 5313 men-

380 5317 489 5380 tem
524 5309 864 5380 Tertulliani,
918 5310 1009 5380 qui
1044 5311 1099 5365 in
1125 5310 1302 5380 capite
1341 5310 1502 5365 tertio
1534 5309 1657 5365 libri
1703 5310 1780 5363 De
1825 5309 1969 5380 Prae-

278 5446 281 5449 ν
384 5378 681 5451 scriptione
712 5378 1207 5451 Allaeretic‘orum‘sic
1236 5379 1473 5451 loquitur
1499 5398 1574 5451 τί(
1607 5380 1687 5434 Ex
1715 5379 1964 5450 personis

378 5448 672 5520 probamus
700 5448 881 5513 ﬁdem,
905 5466 973 5504 an
1003 5465 1072 5505 ex
1104 5449 1207 5505 ﬁde
1248 5448 1548 5520 personas?
1583 5468 1602 5499 ι
1718 5448 1731 5450 “

454 5518 483 5558 ιι
504 5514 637 5571 Cum
659 5518 806 5571 laud.
831 5521 935 5571 vita
956 5520 1254 5571 suuerbam.
1298 5519 1352 5571 id
1371 5526 1474 5571 est.
1521 5518 1779 5571 mentem.
1821 5516 1862 5570 E

380 5514 398 5520 ’
454 5518 483 5558 δ
504 5514 637 5579 Cum
659 5518 806 5572 laud.
831 5521 935 5573 vita
956 5514 1266 5588 superbam;
1298 5519 1352 5573 id
1371 5526 1474 5583 est,
1521 5518 1779 5573 mentem.
1821 5516 1962 5640 Ergo

380 5594 439 5644 et
466 5589 521 5647 in
551 5589 746 5661 pannis
771 5591 986 5670 quoque
1013 5596 1200 5670 potest
1218 5603 1343 5644 esse
1371 5586 1567 5670 fastus.
1604 5586 1749 5667 Ergo
1798 5595 1856 5642 et

380 5658 597 5734 quoque
619 5658 838 5733 superbi
867 5658 993 5717 esse
1016 5658 1295 5741 interdum
1344 5663 1597 5731 possunt,
1641 5658 1735 5728 qui
1782 5658 1960 5714 sancti

2067 4540 2170 4596 site
2198 4556 2421 4610 prorsus
2449 4540 2516 4593 ad
2543 4547 2783 4610 mentem
2796 4538 3072 4610 AAgobardi
3106 4556 3119 4591 :
3152 4538 3651 4610 tMeliorainventa

2065 4608 2593 4680 suntipeccata‘eum
2619 4608 2943 4680 humilitate,
2972 4623 3135 4680 quam
3162 4608 3473 4680 innocentia
3522 4626 3647 4668 eum

2064 4677 2338 4754 superbia.
2380 4699 2400 4733 ι
2442 4678 2534 4735 Sic
2568 4679 2712 4748 apud
2739 4677 3317 4754 SulpitiumSeverurn
3344 4679 3398 4733 in
3437 4679 3651 4754 dialogo

2065 4748 2272 4833 ξίοξψ.
2307 4749 2365 4833 ξ,
2385 4765 2509 4833 cum
2537 4762 2669 4833 pper
2690 4749 2910 4833 quidam
2938 4748 3181 4833 aspidem
3220 4748 3427 4833 illaesus
3457 4748 3651 4833 appr}:-

2063 4817 2365 4886 bendisset,
2390 4820 2552 4886 idque
2568 4817 2781 4873 facinus
2809 4817 3007 4872 fratres
3019 4818 3337 4873 monasterii
3352 4818 3406 4872 in
3427 4817 3646 4874 modum

2067 4890 2312 4945 miraculi
2337 4886 2688 4953 extollerent;
2725 4888 2915 4953 abbas,
2953 4902 3023 4941 ne
3051 4886 3267 4941 inﬁrma
3317 4895 3451 4943 retas
3501 4889 3650 4945 inso-

2066 4958 2317 5031 lesceret,
2345 4956 3178 5031 virgiscompescuittdictitans
3210 4975 3231 5008 ι
3271 4957 3400 5027 quia
3425 5027 3435 5031 _
3456 4959 3653 5016 melior

2063 5039 2212 5084 esset
2234 5026 2564 5091 inﬁrmitatis
2612 5026 2968 5091 conscientia,
3000 5027 3263 5080 virtutum
3296 5026 3577 5083 vanitate.
3624 5051 3643 5083 ι

2065 5098 2285 5171 Vide__S.
2322 5098 2641 5171 Gregorium
2673 5097 2851 5171 in_lib.
2882 5112 2957 5161 tv,
2985 5096 3061 5171 De
3082 5093 3228 5171 Cura
3254 5096 3541 5152 Pastorali.

2139 5179 2161 5206 α
2210 5167 2341 5239 Vera
2370 5165 2565 5239 passio.
2593 5165 2749 5239 Apud
2782 5165 3146 5239 Augustinum
3175 5166 3430 5239 Tractatu
3454 5184 3572 5239 vin,
3594 5169 3673 5229 in.

2062 5235 2411 5309 Evangelium
2439 5235 2684 5309 Joannis,
2715 5235 2945 5309 etapud
3001 5235 3332 5309 Prospcrum
3381 5236 3436 5292 in
3483 5237 3649 5309 Libro

2069 5305 2471 5380 Sententiarum
2493 5322 2560 5362 ex
2583 5305 2884 5380 Augustino
2911 5321 3033 5376 cap.
3085 5305 3195 5363 526
3226 5308 3421 5380 legitur
3459 5324 3492 5380 :_
3512 5305 3648 5380 Vera

2067 5376 2334 5442 uativitas,
2359 5393 2479 5431 vera
2508 5376 2704 5446 passio,
2731 5392 2850 5446 uera
2875 5392 3041 5442 mors,
3070 5393 3196 5433 vera
3218 5376 3548 5446 resurrectio.
3587 5376 3648 5430 Si

2066 5446 2267 5514 aliquid
2291 5448 2479 5500 horum
2499 5444 2697 5499 dixeris
2720 5445 2935 5514 falsum,
2977 5457 3088 5503 etc.
3131 5448 3240 5503 Sed
3289 5444 3428 5516 apud
3462 5444 3648 5516 Angit-7

2065 5516 2266 5570 stinum
2295 5533 2403 5571 non
2433 5524 2649 5571 exstant
2678 5516 2792 5571 hate
2814 5519 3009 5584 verba;
3049 5517 3191 5583 Quia
3225 5517 3313 5570 ubi
3328 5514 3498 5585 fuerit
3522 5514 3650 5583 {aut

2064 5585 2295 5656 alicujus
2315 5586 2604 5657 corruptio,
2643 5586 2714 5639 ibi
2769 5588 3002 5657 veritatis
3049 5587 3322 5657 integritas
3362 5601 3465 5640 non
3514 5585 3645 5651 erit;

2063 5672 2187 5728 qua:
2200 5667 2385 5713 tamen
2413 5656 2667 5728 leguntur
2701 5658 2843 5728 apud
2870 5656 3219 5730 Prospcrum.
