4048 6178
330 337 388 390 37
1473 323 1606 380 LIB.
1646 322 1806 381 ADV.
1845 321 2146 379 FELICEM
2186 323 2483 381 URGELL.
3534 330 3605 390 38

333 458 410 504 tus
434 458 688 517 pugnans
710 457 815 513 pro
842 439 1080 495 veritate
1101 478 1116 504 ,
1146 444 1336 509 ageret
1365 447 1559 493 contra
1585 436 1877 493 veritatem
1904 440 1999 504 ;'A
2026 436 2128 492 bus
2155 435 2334 504 lectis,
2373 434 2626 506 promisit
2654 449 2715 490 se
2742 435 2922 492 omnis
2965 436 3361 495 emendationis
3384 440 3609 515 diligen-

332 538 414 608 qui
440 536 562 591 dum
593 533 726 588 istis
764 529 1058 586 catholicis
1096 528 1363 598 placeret,
1416 527 1523 582 illis
1559 526 1875 597 displiceret
1905 547 1917 580 :

332 625 463 696 quod
490 631 703 687 tamen,
747 620 866 674 Deo
894 616 1225 682 auxiliante,
1254 614 1494 673 Joannes
1523 624 1579 672 et
1608 615 1795 687 Cyrilli
1838 617 1923 670 in-

336 717 528 773 dustria
553 720 875 794 correctum
917 716 1025 766 est.

399 809 458 862 γ.
498 806 621 860 Haec
682 804 874 871 itaque
931 798 1140 855 idcirco
1186 796 1257 851 ad
1304 795 1543 851 medium
1588 795 1811 861 deduxi,
1861 802 1924 849 ut

338 913 487 970 quam
511 893 813 961 subtiliter,
859 906 1027 962 quam
1066 888 1372 967 humiliter,
1426 903 1589 958 quam
1627 889 1920 955 veraciter,
1966 967 1969 969 ί

338 1005 488 1061 quam
526 986 715 1043 timide
760 984 890 1039 ﬁdei
930 981 1138 1038 veritas
1178 980 1502 1052 inquirenda
1551 980 1643 1047 sit,
1692 981 1923 1037 sollicite

338 1079 748 1151 perpendamus.
778 1073 952 1144 Igitur
978 1079 1279 1142 antequam
1326 1071 1394 1131 de
1436 1070 1518 1127 eis
1561 1085 1682 1140 qua;
1724 1071 1923 1141 prandi-

340 1178 455 1223 ctus
475 1166 624 1221 Felix
652 1165 860 1234 scripta
905 1159 1130 1231 reliquit
1177 1152 1537 1230 disputemus,
1587 1161 1921 1231 praemitten-

341 1259 463 1313 dum
489 1255 645 1311 video
671 1252 943 1325 quomodo
966 1250 1209 1321 propriis
1237 1249 1421 1305 verbis
1449 1249 1795 1319 quibusdam,
1826 1251 1921 1305 ad-

343 1347 441 1400 huc
467 1346 680 1402 vivens.
703 1343 891 1412 aliqua
927 1339 1281 1410 improbanda
1327 1339 1660 1409 persuadere
1686 1348 1919 1399 conatus

342 1445 441 1492 est.
466 1434 655 1504 Coepit
697 1431 998 1501 aliquando,
1025 1438 1088 1485 ut
1114 1429 1253 1495 dixi,
1284 1426 1550 1499 quosdam
1598 1431 1816 1499 docere,
1863 1439 1922 1487 ut

342 1525 635 1580 crederent
676 1521 955 1575 Dominum
1003 1518 1267 1577 nostrum.
1294 1517 1484 1589 Iesum
1510 1519 1810 1587 Christum,
1837 1536 1921 1578 se-

342 1613 573 1669 cundum
616 1624 833 1665 carnem
875 1608 1154 1664 veraciter
1194 1609 1439 1664 nescisse
1476 1610 1783 1681 sepulcrum
1811 1611 1918 1666 La-

346 1706 470 1768 uri,
498 1718 617 1758 cum
640 1703 848 1758 diceret
881 1701 1166 1757 sororibus
1194 1701 1316 1772 ejus
1345 1719 1358 1755 :
1391 1697 1493 1756 Ubi
1523 1703 1772 1773 posuistis
1798 1720 1918 1758 eum

2025 526 2155 581 tiam
2191 526 2405 581 sibimet
2435 525 2821 580 adhibiturum.
2846 525 3076 597 Propter
3111 541 3273 598 quam
3303 545 3419 585 rem
3450 531 3612 588 silen-

2025 625 2111 672 ter
2153 632 2278 673 eum
2328 616 2627 683 dimittens,
2681 632 2791 673 non
2845 617 3030 687 putavi
3080 621 3451 676 necessarium
3487 637 3612 681 esse

2023 711 2242 765 easdem
2273 709 2637 783 blasphemias
2683 709 2800 779 ejus
2852 712 2909 766 in
2956 721 3179 770 exteros
3229 716 3605 786 publicandas,

2023 800 2152 870 quia
2196 811 2219 839 ο
2248 814 2352 856 nec
2389 801 2457 855 ad
2483 815 2570 855 me
2603 800 2928 870 pertinebat.
3557 866 3564 875 δ

2096 890 2185 946 Vl.
2218 889 2246 929 τι
2282 889 2413 946 Post
2449 897 2682 946 mortem
2721 904 2850 945 vero
2877 890 3020 961 eius,
3069 894 3298 965 cognovi
3322 911 3424 966 per
3449 912 3613 968 quos-

2022 979 2150 1036 dam
2176 978 2366 1035 ﬁdeles
2398 978 2616 1045 fratres,
2643 979 2736 1050 qui
2775 979 2845 1035 ab
2887 981 2979 1036 illo
3005 984 3309 1050 audierant,
3341 986 3485 1057 quod
3528 987 3611 1042 di-

2023 1070 2166 1124 xerit
2194 1069 2363 1141 Deum
2390 1069 2487 1124 Dei
2510 1070 2690 1124 Patris
2717 1069 2915 1126 Filium
2938 1073 3247 1130 nullatenus
3270 1075 3377 1130 dici
3409 1077 3609 1132 debere

2020 1168 2246 1228 passum
2292 1167 2386 1213 aut
2412 1158 2753 1225 cruciﬁxum,
2784 1161 2879 1215 sed
2908 1161 2977 1215 ab
3005 1177 3071 1216 eo
3099 1163 3373 1219 hominem
3399 1181 3609 1221 assum-

2020 1254 2210 1317 ptum;
2240 1247 2565 1303 conﬁrmare
2609 1249 2713 1303 hoc
2748 1249 2930 1305 nitens
2968 1252 3216 1321 exemplo
3243 1253 3415 1318 Isaac,
3457 1256 3548 1325 qui
3578 1273 3610 1311 a

2020 1346 2178 1407 patre
2205 1338 2399 1393 ductus
2429 1338 2495 1393 ad
2527 1327 2947 1407 immolandum,
2992 1357 3105 1396 non
3142 1344 3280 1413 ipse,
3325 1344 3420 1399 sed
3469 1347 3613 1402 aries

2019 1446 2118 1501 pro
2146 1440 2321 1487 eoest
2350 1432 2691 1498 immolatus;
2736 1443 2992 1505 tanquam
3040 1437 3094 1491 in
3144 1438 3296 1495 Isaac
3344 1441 3609 1513 ﬁguratus

2020 1520 2084 1574 ﬁt
2110 1519 2250 1575 ﬁlius
2285 1520 2406 1587 Dei,
2439 1529 2495 1577 et
2530 1523 2585 1577 in
2611 1524 2782 1581 ariete
2812 1524 2955 1580 ﬁlius
2978 1527 3232 1583 hominis.
3274 1529 3401 1586 Haec
3425 1539 3609 1587 autem

2022 1611 2258 1667 faciebat
2276 1613 2599 1684 stepedictus
2622 1614 2799 1680 Felix,
2820 1617 2946 1685 quia
2968 1617 3277 1675 nullatenus
3297 1622 3611 1691 acquiesce-

2021 1701 2116 1756 bat
2145 1702 2368 1767 sentire,
2407 1717 2509 1757 nec
2535 1703 2763 1759 suadere
2784 1705 3005 1760 sibimet
3031 1707 3105 1761 ita
3130 1708 3366 1778 valebat,
3397 1719 3457 1765 ut
3490 1726 3611 1768 cre-

341 1793 514 1863 (locu.
544 1809 620 1858 xI,
661 1790 778 1864 δι),
807 1797 866 1847 et
887 1791 1162 1847 veraciter
1190 1803 1217 1831 ει
1253 1791 1508 1862 ignorare
1535 1792 1682 1848 diem
1702 1792 1918 1862 judicii,
1954 1782 1995 1841 Β
2023 1792 2177 1846 deret
2203 1791 2258 1845 in
2296 1807 2407 1847 uno
2449 1792 2681 1848 Domino
2728 1801 2917 1849 nostro
2962 1793 3091 1851 Iesu
3121 1796 3339 1854 Christo
3381 1801 3608 1857 duarum

344 1882 599 1937 veraciter
620 1883 789 1936 etiam
817 1880 1107 1952 ignorasse
1126 1879 1257 1950 quid
1280 1879 1626 1947 conferretur
1652 1899 1684 1937 a
1710 1883 1919 1940 duobus

343 1972 608 2042 discipulis
636 1970 1051 2027 ambulantibus
1077 1970 1134 2024 in
1163 1971 1250 2025 via
1279 1971 1348 2026 de
1380 1971 1468 2027 his
1487 1987 1608 2042 quas
1633 1973 1779 2030 facta
1804 1974 1923 2032 fue-

345 2074 459 2117 rant
520 2063 574 2117 in
624 2062 998 2125 Hierusalem;
1050 2060 1324 2116 veraciter
1379 2077 1595 2132 quoque
1641 2064 1923 2134 ignorasse

347 2159 512 2204 utrum
547 2150 668 2221 plus
687 2149 1015 2220 diligeretur
1033 2163 1065 2203 a
1104 2146 1289 2213 Petro,
1320 2162 1487 2218 quam
1512 2149 1584 2204 ab
1609 2148 1735 2205 aliis
1759 2150 1922 2206 disci-

344 2243 497 2313 pulis,
523 2258 647 2297 cum
673 2242 885 2298 diceret
909 2261 924 2295 :
968 2239 1155 2296 Simon
1186 2239 1361 2305 Petra,
1403 2255 1553 2294 amas
1587 2256 1669 2294 me
1692 2239 1812 2311 plus
1840 2240 1922 2296 his

342 2333 517 2404 (lacn.
545 2349 637 2387 xxi
657 2372 674 2398 ,
718 2332 846 2404 16)?
888 2330 1004 2386 Hoc
1038 2337 1099 2386 ut
1125 2330 1380 2402 cognovi,
1410 2331 1437 2370 ι»
1464 2330 1677 2386 accessi
1701 2329 1770 2385 ad
1797 2345 1922 2385 eum

341 2438 523 2479 coram
570 2422 710 2493 ipsis
760 2422 957 2492 quibus
1004 2421 1109 2477 ista
1152 2420 1441 2486 suadebat,
1483 2429 1539 2476 et
1592 2420 1923 2492 interrogavi

342 2527 467 2567 enm
502 2521 686 2567 utrum
717 2512 793 2566 ita
817 2525 1037 2581 prorsus
1064 2511 1316 2567 sentiret.
1364 2509 1521 2579 Quod
1567 2526 1691 2566 cum
1719 2511 1923 2566 conﬁr-

346 2619 489 2659 mare
537 2610 796 2666 tentaret,
843 2599 1130 2673 objurgavi‘
1167 2616 1315 2666 eum,
1365 2608 1425 2656 et
1470 2600 1774 2656 detestatus
1801 2615 1925 2655 sum

344 2709 535 2764 pravos
563 2707 843 2749 sermones
866 2692 1018 2763 ejus;
1049 2691 1375 2761 ostendique
1417 2698 1477 2745 ut
1502 2691 1670 2761 potui,
1710 2690 1925 2747 caneris

345 2800 453 2853 qua
500 2783 747 2840 custodia
788 2783 892 2838 ista
941 2782 1316 2853 repudiarent,
1366 2790 1422 2843 et
1456 2796 1564 2852 quo
1592 2796 1758 2837 sensu
1806 2780 1925 2836 loca

348 2875 438 2929 illa
474 2874 868 2944 Scripturarum
904 2873 1212 2945 intelligere
1238 2873 1533 2939 deberent;
1569 2873 1782 2945 ipsique
1819 2872 1924 2929 Fe—

348 2965 435 3020 lici
484 2973 729 3036 sumptas
786 2974 1104 3021 sanctomm
1150 2962 1375 3018 Patrum
1429 2964 1754 3028 sententias,
1805 2979 1927 3034 qua:

349 3057 688 3129 bhsphemiis
712 3056 833 3127 eius
856 3057 1199 3113 contrairent
1261 3054 1522 3127 legendas
1563 3055 1757 3111 direxi.
1795 3054 1926 3123 Qui-

2022 1888 2340 1936 naturarum
2401 1881 2703 1937 unitionem
2768 1884 3203 1942 substantialiter
3263 1888 3488 1956 factam,
3556 1883 3653 1945 et'

2021 1970 2193 2026 Deum
2223 1972 2461 2028 Verbum
2514 1972 2812 2027 secundum
2856 1974 3259 2032 subsistentiam
3290 1980 3443 2033 carni
3489 1981 3610 2035 uni-

2022 2067 2172 2126 tum,
2202 2062 2347 2116 sicut
2381 2061 2587 2133 liquido
2629 2063 2684 2117 in
2728 2066 3188 2133 consequentibus
3215 2082 3283 2122 ex
3311 2070 3493 2124 verbis
3543 2070 3608 2124 il-

2023 2150 2128 2206 lius
2152 2152 2454 2221 apparebit.
2491 2151 2692 2207 Contra
2719 2167 2840 2222 qum
2866 2161 2922 2207 et
2947 2170 3045 2210 nos
3078 2157 3354 2212 obviantia
3381 2159 3487 2214 sibi
3527 2170 3608 2215 te-

2023 2241 2281 2296 stimonia
2327 2251 2643 2298 sanctorum
2688 2243 2936 2311 Patrum,
2970 2243 3081 2301 Deo
3111 2247 3426 2315 auxiliante,
3465 2251 3614 2321 pusi-

2025 2330 2133 2385 tnri
2159 2345 2368 2413 sumus.
2410 2332 2633 2388 Timens
2662 2334 2807 2388 enim
2836 2336 3253 2404 permixtionem
3293 2338 3614 2410 Eutychetis

2024 2416 2328 2485 incurrere,
2374 2420 2583 2475 corruit
2617 2420 2674 2475 in
2726 2432 2752 2462 ο
2808 2422 3131 2478 divisionem
3184 2424 3613 2483 NestoriirSed

2025 2511 2154 2580 quia
2181 2526 2330 2577 eum,
2374 2511 2444 2566 de
2490 2527 2598 2582 quo
2630 2527 2810 2568 sermo
2836 2521 2939 2579 est,
2971 2515 3244 2570 corruisse
3285 2516 3521 2573 diximus
3550 2519 3608 2574 in

2024 2600 2262 2657 Nestorii
2312 2603 2610 2671 pessimam
2664 2604 3007 2685 divisionem,
3068 2614 3432 2675 opportunum
3477 2619 3610 2678 puto

2024 2705 2146 2747 esse
2185 2691 2243 2744 in
2269 2691 2374 2747 hoc
2417 2690 2540 2747 loco
2585 2706 2789 2762 ponere
2818 2694 3119 2749 sententias
3160 2695 3417 2763 Nestorii,
3457 2709 3611 2756 ante-

2024 2784 2189 2853 q‘uam
2222 2781 2291 2837 ad
2318 2780 2479 2851 hujus
2504 2782 2647 2838 dicta
2682 2783 3020 2840 discutienda
3046 2786 3358 2853 veniamus;
3387 2795 3447 2843 ut
3473 2803 3604 2858 pru-

2026 2874 2160 2930 dens
2206 2872 2378 2928 lector
2415 2888 2745 2946 cognoscere
2779 2874 2958 2930 valeat
2987 2890 3149 2946 quam
3186 2892 3427 2934 consona
3455 2879 3608 2935 Felix

2025 2964 2276 3020 Nestorio
2301 2964 2555 3031 senserit,
2588 2973 2645 3020 et
2676 2965 2985 3036 ubicunque
3029 2967 3172 3022 male
3220 2977 3510 3041 utramque
3557 2970 3615 3026 in

2028 3070 2138 3110 uno
2158 3055 2388 3110 Domino
2415 3055 2608 3111 dividit
2631 3054 2991 3110 substantiam
3044 3064 3101 3111 et
3125 3055 3375 3127 confugit
3416 3058 3614 3115 iterum

1697 3178 1973 3238 BALUZII
2008 3179 2243 3237 NOTAE.

415 3323 719 3395 lignei-ore
746 3306 884 3395 diem
904 3317 1120 3395 iudicii.
1158 3317 1307 3395 idem
1345 3314 1555 3395 crimen
1608 3312 1776 3369 Felici
1824 3330 1931 3395 _ex-

386 3383 565 3449 robr'a‘t
584 3393 750 3448 etiam
785 3383 1046 3449 Alcuinus
1075 3389 1129 3442 in
1162 3388 1299 3442 libro
1328 3402 1362 3439 v
1389 3385 1652 3439 adversus
1679 3383 1929 3439 eumdem

390 3463 618 3517 elicem:
654 3481 674 3512 ς
707 3460 1059 3527 Tandemque
1082 3458 1209 3512 illuc
1231 3454 1553 3527 pervenisti,
1615 3454 1813 3527 inquit,
1846 3453 1936 3508 ubi

351 3533 413 3588 dc
449 3534 537 3587 die
586 3532 763 3587 ultimi
820 3523 1088 3584 examinis
1144 3523 1284 3582 idem
1326 3524 1588 3579 Dominus
1640 3523 1879 3593 loquitur
1918 3540 1931 3578 :

351 3602 502 3670 cujus
531 3603 633 3657 diei
660 3600 1026 3670 cognitionem
1073 3598 1314 3670 Christo,
1355 3595 1413 3650 in
1461 3600 1729 3670 quantum
1771 3594 1938 3670 homo

353 3663 453 3735 est,
486 3663 758 3746 den_egaré
777 3669 1099 3746 laboras,__ut
1129 3683 1196 3727 ex
1224 3663 1546 3746 tuis_verbis
1575 3664 1798 3746 agnosci
1824 3679 1937 3746 po-

355 3734 478 3816 test.
519 3762 545 3816 ε
568 3734 909 3816 Ttim_\*e_rba
935 3738 1131 3816 Felicis
1170 3735 1497 3816 adducituin
1548 3734 1746 3816 quibus
1788 3734 1938 3816 vide:

354 3812 512 3865 batur
534 3812 607 3883 ita
631 3811 917 3883 scripsisse
940 3826 973 3883 -τΔ
1006 3827 1024 3857 ι
1059 3808 1177 3883 Ipse
1209 3816 1321 3883 est‘
1359 3804 1527 3883 enim,
1578 3804 1783 3883 inquis,
1842 3804 1937 3873 qui

348 3880 650 3951 secundum
671 3874 1099 3951 praescientiam:
1126 3876 1356 3951 Deitatis
1405 3875 1547 3951 diem
1579 3874 1783 3951 judicii
1839 3888 1939 3951 per

359 3943 692 4020 prophetam
718 3949 995 4023 pragdixit.
1030 3946 1155 4023 Dies
1209 3947 1358 4000 enim
1407 3944 1624 4023 ultionis
1669 3944 1735 4023 in_
1762 3943 1939 4023 corde

362 4012 507 4081 ineo,
540 4012 1122 4087 annus-redemptionis
1152 4032 1287 4071 mete
1312 4014 1480 4070 venit.
1512 4012 1632 4087 ipse
1658 4012 1939 4087 _nibi_l_omi-

361 4105 465 4144 nus
490 4096 575 4143 est
594 4097 812 4159 propter
832 4081 1187 4159 humanitatis
1222 4094 1471 4140 naturam
1494 4123 1507 4149 ,
1537 4081 1630 4159 Qui
1651 4082 1711 4159 _i_n
1763 4081 1939 4135 Evan-

360 4160 496 4227 gelia
520 4152 814 4213 secundum
846 4158 1081 4212 Marcum
1109 4163 1447 4227 protestatur
1477 4168 1492 4206 :
1527 4152 1604 4227 _De
1627 4152 1714 4204 die
1761 4159 1938 4204 autem

361 4222 454 4281 illa
479 4238 524 4281 et
544 4229 848 4283 hora.nemo
871 4229 991 4291 scit,
1017 4222 1177 4296 neque
1220 4223 1396 4296 angeli
1444 4222 1714 4287 caelorum,
1776 4236 1940 4291 neque

362 4296 550 4362 Filius,
573 4296 674 4350 nisi
708 4297 869 4350 Pater
902 4298 1066 4350 solus.
1108 4315 1127 4349 ›

432 4368 458 4407 δ
485 4360 778 4422 Accessiad
800 4382 942 4431 cum,
965 4367 1224 4421 nimirum
1248 4364 1301 4417 in
1329 4363 1548 4418 civitate
1567 4360 1935 4433 Lugdunensi,

361 4438 448 4491 ubi
483 4436 763 4492 exsulasse
799 4429 936 4489 eum
985 4435 1149 4489 tradit
1179 4434 1298 4487 Ado
1342 4434 1428 4488 his
1478 4429 1675 4487 verbisl
1713 4448 1731 4480 ι
1787 4429 1939 4485 Felix

368 4506 733 4576 Urgellitanus
753 4506 1055 4576 episcopus;
1071 4504 1362 4576 haereticus
1372 4501 1783 4576 _drprehcnsus,
1812 4500 1941 4554 ado-

398 4572 564 4632 tivnm
585 4590 694 4631 non
714 4572 993 4646 proprium
1021 4574 1215 4629 Filium
1242 4573 1337 4628 Dei
1371 4572 1657 4626 Dominum
1690 4580 1939 4624 nostrum

361 4592 540 4699 Resum
567 4645 845 4699 Christum
895 4645 1266 4699 doumatisans
1298 4660 1310 4695 :
1338 4641 1430 4699 qui
1476 4641 1545 4694 ad
1591 4637 1938 4699 praesentiam

392 4662 540 4720 esum
564 4637 845 4720 Christum
895 4645 1272 4720 dggmatisans
1298 4660 1310 4695 :
1338 4641 1430 4711 qui
1476 4641 1545 4720 ad
1591 4637 1938 4720 praesentiam
1968 4658 2015 4720 υ

363 4716 579 4770 Adriani
604 4715 880 4786 pontiﬁcis
922 4708 1150 4786 Romani
1172 4708 1455 4786 deductus,
1491 4708 1742 4786 haeresim
1756 4708 1939 4762 verbis

362 4778 697 4860 solummodo
736 4784 1022 4860 abdicavit.
1057 4783 1311 4860 Synodus
1335 4778 1707 4860 iterum‘facta
1751 4786 1941 4860 contra

366 4855 561 4928 dictam
600 4854 935 4928 haeresimjn
962 4848 1379 4928 Fran'conoiurt,
1407 4850 1600 4928 legatis
1627 4848 1939 4928 apostolicae

368 4925 507 5000 sedis
543 4923 959 5000 praesidentibus
1001 4922 1406 5000 Theophylaclo
1435 4918 1491 4975 et
1516 4918 1793 5000 Stephano
1826 4918 1943 5000 epit

371 4991 562 5064 scopis;
585 5001 642 5049 et
662 4993 989 5064 auctoritate
1003 4991 1317 5064 sanctorum
1337 4991 1559 5046 Patrum
1584 4991 1865 5044 convictus
1886 4994 1942 5041 et

372 5062 646 5119 damnatus
668 5073 771 5119 est.
789 5062 988 5118 lterum
1027 5063 1178 5119 Felix
1209 5078 1335 5117 cum
1363 5075 1553 5118 errore
1565 5075 1664 5115 suo
1679 5066 1942 5127 perpetuo

370 5134 557 5205 exsilio
602 5135 746 5205 apud
774 5131 1098 5204 Lugdunum
1120 5134 1391 5205 relegatus
1429 5140 1535 5205 est,
1562 5142 1724 5205 quem
1763 5131 1947 5205 ferunt

371 5202 569 5279 in__ipso
602 5197 702 5279 suo
721 5197 1284 5279 errore‘mcrtunmfi
1319 5202 1412 5257 Sic
1435 5197 1943 5279 eniui'habetvetus

372 5267 555 5339 editio,
580 5275 775 5349 melius
801 5271 1048 5349 profecto
1079 5287 1338 5349 qua_m_ea
1352 5270 1640 5349 qua:_typis
1655 5267 1947 5349 sonnianis

370 5336 564 5400 excusa
592 5355 679 5401 est
712 5336 939 5401 Parisiis
959 5336 1268 5400 anno'l585
1315 5336 1447 5398 cura
1476 5336 1752 5395 Laurentii
1795 5338 1862 5392 dc
1894 5336 1947 5392 la

370 5410 548 5476 Barre,
574 5417 629 5471 in
658 5431 766 5488 qua
790 5422 1065 5488 postrema
1087 5415 1251 5488 verba
1281 5409 1942 5488 httjuslocisicleguntur:

370 5488 631 5540 conuictus
649 5480 703 5540 ei
727 5480 1014 5540 tia—innatus
1037 5494 1113 5539 est
1157 5480 1366 5539 iterum'
1387 5480 1544 5535 Felix
1594 5498 1709 5534 cum
1768 5493 1949 5531 errore

367 5570 485 5627 suo,
514 5567 869 5627 perpetuoque
888 5556 1097 5627 agilia,
1124 5566 1233 5619 etc,
1259 5552 1404 5622 quod
1430 5550 1605 5606 fraudi
1628 5549 1729 5603 fuit
1757 5545 1947 5602 erudi-

373 5622 581 5682 tissimo
603 5622 724 5680 viro
752 5622 1234 5681 Ioannillarianae.

443 5706 469 5736 θ
506 5695 621 5752 Nec
642 5696 712 5751 ad
738 5713 819 5752 me
842 5693 1150 5770 pertinebat.
1180 5692 1330 5750 Felix
1352 5691 1497 5748 enim
1523 5697 1643 5749 erat
1663 5687 1951 5761 episcopus

2008 4946 2022 4959 Α·
2043 4920 2211 4976 fuisse
2233 4920 2452 4975 videtur

1957 3320 2005 3383 (ζ
2035 3315 2088 3370 in
2113 3314 2286 3371 aliena
2309 3315 2610 3386 provincia,
2647 3316 2700 3371 in
2754 3315 3093 3374 Narbonensi
3146 3319 3422 3376 nimirum.
3475 3321 3612 3380 Nam

2040 3395 2177 3457 tum,
2208 3395 2331 3455 post
2366 3386 2674 3457 Maurorum
2706 3386 2757 3440 in
2786 3386 3074 3457 Hispanias
3099 3390 3410 3457 adventum,
3435 3395 3616 3450 excisa

2039 3456 2365 3533 Tarracone,
2397 3456 2637 3533 episcopi
2664 3456 2889 3511 illarum
2915 3459 3153 3533 partium
3183 3461 3284 3533 sub
3306 3456 3618 3533 metropoli-

2037 3534 2168 3597 tano
2188 3525 2525 3597 Narbonensi
2563 3525 2752 3597 erant;
2783 3535 2844 3580 ut
2887 3525 3129 3597 pluribus
3178 3530 3383 3585 dictum
3431 3525 3514 3586 es't
3562 3535 3618 3589 in

2039 3596 2185 3650 notis
2207 3597 2276 3650 ad
2320 3596 2612 3651 concilium
2672 3596 3023 3652 Narbonense
3056 3599 3298 3654 habitum
3358 3602 3618 3658 adversus

2037 3666 2295 3738 Felicem.
2333 3664 2425 3738 Sic
2454 3666 2746 3738 Faustinus
2794 3667 3081 3738 episc0pus
3134 3668 3508 3738 Lugdunensis
3549 3674 3618 3728 de

2038 3751 2200 3809 causa
2234 3735 2496 3809 Marciani
2525 3735 2858 3809 Arelatensis
2884 3735 3121 3809 episcopi
3152 3735 3480 3809 cognoscere
3521 3757 3621 3796 no-

2037 3804 2159 3876 luit,
2192 3821 2258 3861 co
2291 3807 2434 3874 quod
2460 3815 2609 3876 esset
2628 3804 3005 3876 episcopus’in
3035 3804 3533 3876 alienaprovincia,
3563 3811 3618 3866 in
3692 3868 3695 3873 _

2038 3875 2375 3931 Narbonensi
2404 3875 2680 3943 nimirum,
2708 3881 2766 3927 ut
2792 3875 3037 3941 pluribus
3059 3875 3293 3943 explicat
3318 3877 3618 3935 illustrissi-

2039 3961 2159 4014 mus
2191 3945 2273 3997 vir
2294 3943 2490 4014 Petrus
2518 3943 2593 4014 Ade
2618 3942 2803 4014 glarea
2832 3942 3270 4014 archiepiscopus
3293 3946 3620 4005 Parisiensis

2039 4012 2092 4067 in
2126 4012 2266 4066 libro
2295 4013 2470 4081 primo
2500 4011 2566 4066 de
2607 4010 3237 4069 Concordia-Saéerdoiii
3278 4024 3335 4071 et
3379 4017 3617 4088 Imperii,

2039 4097 2157 4133 can.
2194 4083 2282 4133 10.
2306 4082 2334 4133 ε
2359 4083 2427 4133 8:
2458 4090 2513 4133 et
2539 4080 2631 4133 lib.
2666 4097 2764 4133 vn.
2793 4097 2909 4133 can.
2936 4087 2988 4133 Ι.
3021 4082 3046 4133 8
3076 4082 3128 4133 5.

2038 4097 2157 4153 cap.
2194 4080 2334 4154 i0,’§
2359 4083 2427 4147 8;
2458 4090 2513 4137 et
2539 4080 2631 4136 lib.
2666 4097 2764 4145 vn,
2793 4097 2909 4151 cap.
2936 4087 2988 4145 l,
3020 4082 3047 4155 §
3076 4082 3128 4137 5.
3456 4080 3476 4088 “
3602 4080 3614 4086 ⁷

2107 4152 2144 4229 ἀ.
2165 4151 2294 4229 Post
2320 4160 2683 4229 mortep‘yero
2702 4152 2837 4222 ejus.
2873 4153 3011 4209 Hinc
3035 4153 3211 4229 colligi
3243 4163 3422 4229 potest
3453 4156 3621 4229 (quod

2107 4169 2135 4191 α
2165 4169 2294 4206 rost
2320 4169 2539 4206 mortem
2562 4169 2683 4206 vero
2702 4169 2837 4222 ejus.
2873 4169 3011 4209 mne
3035 4169 3217 4277 ροιιιῗ
3243 4169 3422 4223 poteSt
3453 4169 3620 4229 (quoa

2038 4221 2235 4301 et_Ado
2260 4222 2448 4301 tradit)
2473 4221 2705 4301 Felicem
2729 4230 3147 4301 mortuumesse
3214 4225 3441 4301 ugdnni.
3465 4228 3620 4301 Quod

2038 4292 2202 4369 etiam
2230 4300 2379 4369 patet
2407 4290 2472 4345 ex
2498 4291 2614 4360 ipso
2642 4290 2765 4347 libri
2796 4292 2956 4349 istius
2999 4293 3155 4349 initio
3186 4311 3200 4347 :
3226 4290 3282 4369 i_n
3306 4311 3442 4369 __quo
3463 4290 3624 4369 ξλεο-

2038 4361 2254 4432 Ιιιιτώμεᾉ
2272 4362 2348 4415 ait
2377 4371 2647 4432 repertam
2681 4376 2709 4414 a
2731 4376 2802 4432 se
2828 4372 2953 4432 post
2978 4373 3209 4419 mortem
3228 4361 3424 4421 Felicis
3452 4361 3624 4423 fuisse

2039 4430 2349 4504 schedulam
2370 4430 2661 4504 quamdam
2691 4430 2873 4504 ab_ec_
2901 4432 3123 4504 editam
3154 4434 3254 4504 sub
3310 4434 3489 4504 specie
3539 4437 3621 4491 in—
3670 4472 3673 4473 ν

2042 4499 2427 4572 terrogatiouis
2454 4506 2512 4552 et
2539 4501 2927 4572 responsionis.
2980 4503 3060 4572 Ex
3102 4499 3365 4572 Lugdune
3412 4513 3618 4572 autem,

2042 4585 2150 4641 quo
2175 4568 2298 4624 eum
2326 4568 2622 4641 relegatum
2647 4577 2778 4636 puto
2797 4584 2828 4623 a
2856 4569 3050 4626 Carolo
3094 4568 3289 4641 Magno
3338 4588 3482 4628 anno
3517 4568 3623 4631 799

2113 4648 2163 4695 st
2188 4637 2463 4710 synodum
2480 4637 2972 4710 Aquisgranensem
2997 4637 3255 4710 scriptam
3306 4643 3545 4698 arbitror
3591 4660 3623 4699 a

2085 4653 2163 4695 ost
2188 4653 2451 4710 synouum
2480 4653 2972 4761 aquisgranensem
2997 4653 3255 4710 scnptam
3306 4653 3545 4698 arbitror
3591 4660 3623 4699 a

2085 4710 2221 4765 elice
2243 4708 2531 4780 epistolam
2554 4709 2620 4764 de
2674 4708 2779 4763 idei
2811 4708 3156 4766 confessione
3199 4711 3268 4766 ad
3310 4711 3515 4780 clerum
3570 4720 3627 4769 et

2040 4777 2738 4853 popu_luni_Urgellensem,
2762 4794 2890 4853 quae
2915 4780 3086 4853 edita
3134 4788 3215 4835 est
3267 4777 3413 4835 inter
3460 4798 3626 4853 opera

2040 4849 2275 4905 Alcuini.
2306 4850 2408 4905 Diu
2437 4864 2567 4974 eligo
2593 4857 2717 4920 post
2743 4849 3133 4918 depositionem
3164 4865 3318 4905 suam
3347 4849 3628 4921 superstes

2043 4920 2211 4974 fuisse
2233 4920 2452 4974 videtur
2521 4919 2648 4974 elix.
2677 4919 2933 4974 nimirum
2962 4935 3136 4974 usuue
3171 4922 3242 4974 ad
3268 4921 3481 4974 initium
3519 4922 3625 4974 im-

2146 4919 2648 5003 Lse_videtur_li‘eii’x,
2677 4919 2933 4974 nimirum
2962 4935 3136 4991 usque
3171 4922 3242 4976 ad
3268 4919 3481 4977 initium
3519 4922 3625 4976 im-

2043 4990 2182 5061 perii
2210 4990 2468 5045 Ludovici
2498 4988 2601 5043 Pii.
3045 4988 3064 4991 “

2124 5071 2148 5100 ε
2178 5059 2502 5115 Divisionem
2542 5057 2795 5115 Nestorii.
2818 5060 3080 5116 Alcuinus
3108 5060 3160 5114 in
3204 5058 3383 5113 libror
3434 5059 3630 5114 adver-

2044 5145 2140 5187 sus
2160 5129 2397 5201 Felicem
2426 5147 2441 5182 :
2485 5149 2505 5201 ς
2542 5129 2653 5186 Nos
2672 5147 2781 5187 non
2808 5133 3090 5201 sequimur
3115 5127 3628 5201 nec_Nestorianam

2044 5200 2389 5271 divisionem,
2415 5198 2507 5269 qui
2525 5210 2746 5271 prepter
2774 5198 2908 5257 duas
2935 5208 3172 5271 naturas
3205 5198 3340 5271 duas
3366 5214 3632 5271 personas

2045 5271 2100 5326 in
2122 5269 2341 5326 Christo
2361 5268 2602 5326 inserere
2621 5268 2810 5337 voluit,
2839 5286 2939 5325 nec
2982 5268 3301 5339 Eutychetis
3350 5268 3629 5325 confusio-

2044 5356 2191 5407 nem,
2220 5340 2315 5410 qui
2344 5348 2567 5410 propter
2594 5357 2755 5395 unam
2779 5354 3065 5410 personam
3096 5354 3256 5392 unam
3276 5350 3524 5394 naturam
3573 5341 3629 5395 in

2045 5410 2265 5467 Christo
2288 5409 2531 5465 intexere
2558 5410 2745 5465 voluit.
2777 5409 2951 5464 Ambo
2989 5424 3020 5463 a
3061 5409 3329 5465 catholica
3382 5410 3489 5465 ﬁde
3531 5410 3630 5466 de-

2051 5483 2285 5551 viantes,
2325 5480 2600 5551 impietate
2649 5494 2828 5551 pares,
2875 5479 3005 5548 quia
3060 5479 3219 5551 ﬁdem
3268 5490 3471 5551 rectam
3525 5496 3633 5551 non

2054 5549 2380 5679 lﬁnu§rtltllil8
2403 5549 2498 5606 sed
2534 5549 2723 5605 errore
2751 5549 3006 5619 impares,
3031 5550 3159 5622 quia
3182 5553 3287 5608 iste
3326 5549 3627 5615 Contendit,

2054 5640 2070 5678 ι
2115 5638 2144 5679 e
2205 5638 2277 5678 ivi
2316 5638 2333 5677 ι
2364 5659 2377 5675 .
2415 5640 2434 5673 ι

2054 5622 2144 5679 ille
2169 5621 2377 5679 dividit.
2415 5640 2434 5673 ι
