  <div class='ocr_page' id='page_1' title='image "/cluster/home/n/w/nwhite01/storage/ocr_20150623/104/hvd.32044052819794/025.png"; bbox 0 0 4048 6178; ppageno 0'>
   <div class='ocr_carea' id='block_1_1' title="bbox 416 289 3678 376">
    <p class='ocr_par' dir='ltr' id='par_1_1' title="bbox 416 289 3678 376">
     <span class='ocr_line' id='line_1_1' title="bbox 416 289 3678 376; baseline 0.005 -29"><span class='ocrx_word' id='word_1_1' title='bbox 416 289 488 347; x_wconf 77' lang='lat'><strong>39</strong></span> <span class='ocrx_word' id='word_1_2' title='bbox 1376 295 1434 352; x_wconf 86' lang='lat' dir='ltr'><strong>S.</strong></span> <span class='ocrx_word' id='word_1_3' title='bbox 1472 294 1819 355; x_wconf 76' lang='lat' dir='ltr'><strong>AGOBABDI</strong></span> <span class='ocrx_word' id='word_1_4' title='bbox 1857 291 2164 357; x_wconf 76' lang='lat' dir='ltr'><strong>EPISCOPI</strong></span> <span class='ocrx_word' id='word_1_5' title='bbox 2202 297 2695 367; x_wconf 78' lang='lat' dir='ltr'><strong>LUGDUNENSIS</strong></span> <span class='ocrx_word' id='word_1_6' title='bbox 3608 319 3678 376; x_wconf 72' lang='grc' dir='ltr'><strong><em>ιο</em></strong></span> 
     </span>
    </p>
   </div>
   <div class='ocr_carea' id='block_1_2' title="bbox 412 406 3674 495">
    <p class='ocr_par' dir='ltr' id='par_1_2' title="bbox 412 406 3674 495">
     <span class='ocr_line' id='line_1_2' title="bbox 412 406 3674 495; baseline 0.008 -34"><span class='ocrx_word' id='word_1_7' title='bbox 412 406 570 479; x_wconf 72' lang='lat' dir='ltr'><strong>quasi</strong></span> <span class='ocrx_word' id='word_1_8' title='bbox 598 408 665 463; x_wconf 90' lang='lat' dir='ltr'><strong>ad</strong></span> <span class='ocrx_word' id='word_1_9' title='bbox 698 408 964 465; x_wconf 89' lang='lat' dir='ltr'><strong>unitatem</strong></span> <span class='ocrx_word' id='word_1_10' title='bbox 1009 424 1257 481; x_wconf 68' lang='lat' dir='ltr'><strong>personae</strong></span> <span class='ocrx_word' id='word_1_11' title='bbox 1296 411 1569 469; x_wconf 86' lang='lat' dir='ltr'><strong>dicendo:</strong></span> <span class='ocrx_word' id='word_1_12' title='bbox 1622 411 1769 469; x_wconf 65' lang='lat' dir='ltr'><strong>Urius</strong></span> <span class='ocrx_word' id='word_1_13' title='bbox 1817 422 1995 469; x_wconf 81' lang='lat' dir='ltr'><strong>tamen</strong></span> <span class='ocrx_word' id='word_1_14' title='bbox 2027 413 2073 473; x_wconf 74' lang='grc' dir='ltr'>Α</span> <span class='ocrx_word' id='word_1_15' title='bbox 2102 411 2206 479; x_wconf 86' lang='lat' dir='ltr'><strong>rit,</strong></span> <span class='ocrx_word' id='word_1_16' title='bbox 2238 433 2257 467; x_wconf 75' lang='grc' dir='ltr'><strong><em>ι</em></strong></span> <span class='ocrx_word' id='word_1_17' title='bbox 2302 422 2361 477; x_wconf 85' lang='lat' dir='ltr'><strong>et</strong></span> <span class='ocrx_word' id='word_1_18' title='bbox 2405 424 2527 485; x_wconf 89' lang='lat' dir='ltr'><strong>post</strong></span> <span class='ocrx_word' id='word_1_19' title='bbox 2570 432 2744 487; x_wconf 83' lang='lat' dir='ltr'><strong>pauca</strong></span> <span class='ocrx_word' id='word_1_20' title='bbox 2788 422 3065 495; x_wconf 78' lang='lat' dir='ltr'><strong>subjunxit</strong></span> <span class='ocrx_word' id='word_1_21' title='bbox 3089 465 3105 491; x_wconf 92' lang='lat'><strong>,</strong></span> <span class='ocrx_word' id='word_1_22' title='bbox 3160 444 3180 477; x_wconf 69' lang='grc' dir='ltr'>ι</span> <span class='ocrx_word' id='word_1_23' title='bbox 3217 428 3504 487; x_wconf 85' lang='lat' dir='ltr'><strong>anathema</strong></span> <span class='ocrx_word' id='word_1_24' title='bbox 3530 433 3621 493; x_wconf 83' lang='lat' dir='ltr'><strong>sit.</strong></span> <span class='ocrx_word' id='word_1_25' title='bbox 3655 455 3674 490; x_wconf 72' lang='grc' dir='ltr'><strong><em>ι</em></strong></span> 
     </span>
    </p>
   </div>
   <div class='ocr_carea' id='block_1_3' title="bbox 414 500 1994 574">
    <p class='ocr_par' dir='ltr' id='par_1_3' title="bbox 414 500 1994 574">
     <span class='ocr_line' id='line_1_3' title="bbox 414 500 1994 574; baseline 0.007 -22"><span class='ocrx_word' id='word_1_26' title='bbox 414 515 468 553; x_wconf 87' lang='lat' dir='ltr'><strong>m</strong></span> <span class='ocrx_word' id='word_1_27' title='bbox 494 509 734 574; x_wconf 82' lang='lat' dir='ltr'><strong>utraque,</strong></span> <span class='ocrx_word' id='word_1_28' title='bbox 785 520 886 557; x_wconf 84' lang='lat' dir='ltr'><strong>non</strong></span> <span class='ocrx_word' id='word_1_29' title='bbox 928 500 1055 569; x_wconf 78' lang='lat' dir='ltr'><strong>duo,</strong></span> <span class='ocrx_word' id='word_1_30' title='bbox 1100 511 1365 573; x_wconf 81' lang='lat' dir='ltr'><strong>quantum</strong></span> <span class='ocrx_word' id='word_1_31' title='bbox 1409 515 1465 565; x_wconf 91' lang='lat' dir='ltr'><strong>et</strong></span> <span class='ocrx_word' id='word_1_32' title='bbox 1512 507 1566 562; x_wconf 86' lang='lat' dir='ltr'><strong>in</strong></span> <span class='ocrx_word' id='word_1_33' title='bbox 1608 507 1714 564; x_wconf 88' lang='lat' dir='ltr'><strong>hoc</strong></span> <span class='ocrx_word' id='word_1_34' title='bbox 1742 507 1994 565; x_wconf 84' lang='lat' dir='ltr'><strong>eumdem</strong></span> 
     </span>
    </p>
   </div>
   <div class='ocr_carea' id='block_1_4' title="bbox 414 590 1041 649">
    <p class='ocr_par' dir='ltr' id='par_1_4' title="bbox 414 590 1041 649">
     <span class='ocr_line' id='line_1_4' title="bbox 414 590 1041 649; baseline 0.005 -4"><span class='ocrx_word' id='word_1_35' title='bbox 414 590 722 648; x_wconf 72' lang='lat' dir='ltr'><strong>Nestorium</strong></span> <span class='ocrx_word' id='word_1_36' title='bbox 776 593 1041 649; x_wconf 73' lang='lat' dir='ltr'><strong>imitetur.</strong></span> 
     </span>
    </p>
   </div>
   <div class='ocr_carea' id='block_1_5' title="bbox 484 682 1992 761">
    <p class='ocr_par' dir='ltr' id='par_1_5' title="bbox 484 682 1992 761">
     <span class='ocr_line' id='line_1_5' title="bbox 484 682 1992 761; baseline 0.007 -23"><span class='ocrx_word' id='word_1_37' title='bbox 484 682 594 739; x_wconf 74' lang='grc' dir='ltr'><strong>νη.</strong></span> <span class='ocrx_word' id='word_1_38' title='bbox 636 683 918 740; x_wconf 86' lang='lat' dir='ltr'><strong>Nestorius</strong></span> <span class='ocrx_word' id='word_1_39' title='bbox 946 684 1097 750; x_wconf 85' lang='lat' dir='ltr'><strong>dicit,</strong></span> <span class='ocrx_word' id='word_1_40' title='bbox 1127 686 1411 745; x_wconf 90' lang='lat' dir='ltr'><strong>Dominum</strong></span> <span class='ocrx_word' id='word_1_41' title='bbox 1462 708 1481 743; x_wconf 76' lang='grc' dir='ltr'>ι</span> <span class='ocrx_word' id='word_1_42' title='bbox 1534 688 1770 761; x_wconf 84' lang='lat' dir='ltr'><strong>Spiritus</strong></span> <span class='ocrx_word' id='word_1_43' title='bbox 1812 685 1992 749; x_wconf 77' lang='lat' dir='ltr'><strong>sancti</strong></span> 
     </span>
    </p>
   </div>
   <div class='ocr_carea' id='block_1_6' title="bbox 410 774 1995 846">
    <p class='ocr_par' dir='ltr' id='par_1_6' title="bbox 410 774 1995 846">
     <span class='ocr_line' id='line_1_6' title="bbox 410 774 1995 846; baseline 0.004 -19"><span class='ocrx_word' id='word_1_44' title='bbox 410 774 610 829; x_wconf 87' lang='lat' dir='ltr'><strong>virtute</strong></span> <span class='ocrx_word' id='word_1_45' title='bbox 648 775 703 829; x_wconf 88' lang='lat' dir='ltr'><strong>in</strong></span> <span class='ocrx_word' id='word_1_46' title='bbox 738 775 976 846; x_wconf 83' lang='lat' dir='ltr'><strong>Virginis</strong></span> <span class='ocrx_word' id='word_1_47' title='bbox 1012 776 1169 831; x_wconf 89' lang='lat' dir='ltr'><strong>vulva</strong></span> <span class='ocrx_word' id='word_1_48' title='bbox 1194 776 1511 846; x_wconf 84' lang='lat' dir='ltr'><strong>formatum,</strong></span> <span class='ocrx_word' id='word_1_49' title='bbox 1543 780 1747 839; x_wconf 83' lang='lat' dir='ltr'><strong>factum</strong></span> <span class='ocrx_word' id='word_1_50' title='bbox 1777 796 1845 837; x_wconf 79' lang='lat' dir='ltr'><strong>ex</strong></span> <span class='ocrx_word' id='word_1_51' title='bbox 1873 792 1995 844; x_wconf 62' lang='lat' dir='ltr'><strong>mne</strong></span> 
     </span>
    </p>
   </div>
   <div class='ocr_carea' id='block_1_7' title="bbox 411 864 1992 939">
    <p class='ocr_par' dir='ltr' id='par_1_7' title="bbox 411 864 1992 939">
     <span class='ocr_line' id='line_1_7' title="bbox 411 864 1992 939; baseline 0.006 -21"><span class='ocrx_word' id='word_1_52' title='bbox 411 864 562 931; x_wconf 88' lang='lat' dir='ltr'><strong>liere,</strong></span> <span class='ocrx_word' id='word_1_53' title='bbox 591 874 647 920; x_wconf 90' lang='lat' dir='ltr'><strong>et</strong></span> <span class='ocrx_word' id='word_1_54' title='bbox 677 865 876 923; x_wconf 88' lang='lat' dir='ltr'><strong>factum</strong></span> <span class='ocrx_word' id='word_1_55' title='bbox 903 868 1003 925; x_wconf 87' lang='lat' dir='ltr'><strong>sub</strong></span> <span class='ocrx_word' id='word_1_56' title='bbox 1029 867 1164 939; x_wconf 83' lang='lat' dir='ltr'><strong>lege,</strong></span> <span class='ocrx_word' id='word_1_57' title='bbox 1200 875 1261 925; x_wconf 86' lang='lat' dir='ltr'><strong>ut</strong></span> <span class='ocrx_word' id='word_1_58' title='bbox 1284 884 1477 929; x_wconf 86' lang='lat' dir='ltr'><strong>omnes</strong></span> <span class='ocrx_word' id='word_1_59' title='bbox 1518 886 1617 931; x_wconf 87' lang='lat' dir='ltr'><strong>nos</strong></span> <span class='ocrx_word' id='word_1_60' title='bbox 1647 887 1680 926; x_wconf 89' lang='lat' dir='ltr'><strong>a</strong></span> <span class='ocrx_word' id='word_1_61' title='bbox 1728 872 1992 933; x_wconf 76' lang='lat' dir='ltr'><strong>servitute</strong></span> 
     </span>
    </p>
   </div>
   <div class='ocr_carea' id='block_1_8' title="bbox 410 955 1993 1043">
    <p class='ocr_par' dir='ltr' id='par_1_8' title="bbox 410 955 1993 1043">
     <span class='ocr_line' id='line_1_8' title="bbox 410 955 1993 1043; baseline 0.006 -32"><span class='ocrx_word' id='word_1_62' title='bbox 410 955 543 1027; x_wconf 88' lang='lat' dir='ltr'><strong>legis</strong></span> <span class='ocrx_word' id='word_1_63' title='bbox 567 956 886 1043; x_wconf 77' lang='lat' dir='ltr'><strong>redimeret;</strong></span> <span class='ocrx_word' id='word_1_64' title='bbox 928 968 1055 1021; x_wconf 86' lang='lat' dir='ltr'><strong>ante</strong></span> <span class='ocrx_word' id='word_1_65' title='bbox 1099 959 1212 1037; x_wconf 78' lang='lat' dir='ltr'><strong>jam</strong></span> <span class='ocrx_word' id='word_1_66' title='bbox 1246 961 1719 1030; x_wconf 68' lang='lat' dir='ltr'><strong>praedestinatum,</strong></span> <span class='ocrx_word' id='word_1_67' title='bbox 1749 962 1993 1035; x_wconf 81' lang='lat' dir='ltr'><strong>adoptio—</strong></span> 
     </span>
    </p>
   </div>
   <div class='ocr_carea' id='block_1_9' title="bbox 410 1048 1989 1123">
    <p class='ocr_par' dir='ltr' id='par_1_9' title="bbox 410 1048 1989 1123">
     <span class='ocr_line' id='line_1_9' title="bbox 410 1048 1989 1123; baseline 0.005 -23"><span class='ocrx_word' id='word_1_68' title='bbox 410 1062 534 1101; x_wconf 89' lang='lat' dir='ltr'><strong>nem</strong></span> <span class='ocrx_word' id='word_1_69' title='bbox 586 1049 961 1118; x_wconf 81' lang='lat' dir='ltr'><strong>accipientem,</strong></span> <span class='ocrx_word' id='word_1_70' title='bbox 1015 1048 1456 1111; x_wconf 79' lang='lat' dir='ltr'><strong>inenarrabiliter</strong></span> <span class='ocrx_word' id='word_1_71' title='bbox 1510 1051 1729 1107; x_wconf 78' lang='lat' dir='ltr'><strong>sibimet</strong></span> <span class='ocrx_word' id='word_1_72' title='bbox 1779 1052 1989 1123; x_wconf 79' lang='lat' dir='ltr'><strong>vivens,</strong></span> 
     </span>
    </p>
   </div>
   <div class='ocr_carea' id='block_1_10' title="bbox 409 1137 1991 1211">
    <p class='ocr_par' dir='ltr' id='par_1_10' title="bbox 409 1137 1991 1211">
     <span class='ocr_line' id='line_1_10' title="bbox 409 1137 1991 1211; baseline 0.003 -20"><span class='ocrx_word' id='word_1_73' title='bbox 409 1137 546 1191; x_wconf 87' lang='lat' dir='ltr'><strong>mori</strong></span> <span class='ocrx_word' id='word_1_74' title='bbox 593 1139 809 1207; x_wconf 85' lang='lat' dir='ltr'><strong>quidem</strong></span> <span class='ocrx_word' id='word_1_75' title='bbox 856 1153 980 1197; x_wconf 88' lang='lat' dir='ltr'><strong>cum</strong></span> <span class='ocrx_word' id='word_1_76' title='bbox 1023 1138 1322 1195; x_wconf 83' lang='lat' dir='ltr'><strong>secundum</strong></span> <span class='ocrx_word' id='word_1_77' title='bbox 1348 1137 1523 1211; x_wconf 84' lang='lat' dir='ltr'><strong>legem</strong></span> <span class='ocrx_word' id='word_1_78' title='bbox 1565 1139 1857 1201; x_wconf 80' lang='lat' dir='ltr'><strong>humanam</strong></span> <span class='ocrx_word' id='word_1_79' title='bbox 1906 1140 1991 1196; x_wconf 79' lang='lat' dir='ltr'><strong>fa—</strong></span> 
     </span>
    </p>
   </div>
   <div class='ocr_carea' id='block_1_11' title="bbox 407 1227 1990 1300">
    <p class='ocr_par' dir='ltr' id='par_1_11' title="bbox 407 1227 1990 1300">
     <span class='ocr_line' id='line_1_11' title="bbox 407 1227 1990 1300; baseline 0.006 -19"><span class='ocrx_word' id='word_1_80' title='bbox 407 1227 581 1292; x_wconf 84' lang='lat' dir='ltr'><strong>ciens,</strong></span> <span class='ocrx_word' id='word_1_81' title='bbox 607 1228 879 1285; x_wconf 79' lang='lat' dir='ltr'><strong>suscitans</strong></span> <span class='ocrx_word' id='word_1_82' title='bbox 908 1242 1131 1285; x_wconf 80' lang='lat' dir='ltr'><strong>veroex</strong></span> <span class='ocrx_word' id='word_1_83' title='bbox 1180 1229 1435 1294; x_wconf 72' lang='lat' dir='ltr'><strong>mortuis,</strong></span> <span class='ocrx_word' id='word_1_84' title='bbox 1488 1237 1547 1284; x_wconf 87' lang='lat' dir='ltr'><strong>et</strong></span> <span class='ocrx_word' id='word_1_85' title='bbox 1589 1231 1893 1300; x_wconf 78' lang='lat' dir='ltr'><strong>perducens</strong></span> <span class='ocrx_word' id='word_1_86' title='bbox 1934 1232 1990 1291; x_wconf 81' lang='lat' dir='ltr'><strong>in</strong></span> 
     </span>
    </p>
   </div>
   <div class='ocr_carea' id='block_1_12' title="bbox 406 1320 1991 1387">
    <p class='ocr_par' dir='ltr' id='par_1_12' title="bbox 406 1320 1991 1387">
     <span class='ocr_line' id='line_1_12' title="bbox 406 1320 1991 1387; baseline 0.003 -11"><span class='ocrx_word' id='word_1_87' title='bbox 406 1322 625 1387; x_wconf 81' lang='lat' dir='ltr'><strong>ccelum,</strong></span> <span class='ocrx_word' id='word_1_88' title='bbox 650 1328 705 1376; x_wconf 91' lang='lat' dir='ltr'><strong>et</strong></span> <span class='ocrx_word' id='word_1_89' title='bbox 730 1321 1023 1379; x_wconf 83' lang='lat' dir='ltr'><strong>consedere</strong></span> <span class='ocrx_word' id='word_1_90' title='bbox 1048 1320 1254 1377; x_wconf 80' lang='lat' dir='ltr'><strong>faciens</strong></span> <span class='ocrx_word' id='word_1_91' title='bbox 1297 1323 1366 1379; x_wconf 90' lang='lat' dir='ltr'><strong>ad</strong></span> <span class='ocrx_word' id='word_1_92' title='bbox 1392 1322 1676 1381; x_wconf 76' lang='lat' dir='ltr'><strong>dexteram</strong></span> <span class='ocrx_word' id='word_1_93' title='bbox 1699 1321 1816 1387; x_wconf 90' lang='lat' dir='ltr'><strong>Dei,</strong></span> <span class='ocrx_word' id='word_1_94' title='bbox 1848 1323 1991 1381; x_wconf 81' lang='lat' dir='ltr'><strong>unde</strong></span> 
     </span>
    </p>
   </div>
   <div class='ocr_carea' id='block_1_13' title="bbox 407 1413 1989 1486">
    <p class='ocr_par' dir='ltr' id='par_1_13' title="bbox 407 1413 1989 1486">
     <span class='ocr_line' id='line_1_13' title="bbox 407 1413 1989 1486; baseline 0.002 -20"><span class='ocrx_word' id='word_1_95' title='bbox 407 1428 569 1482; x_wconf 85' lang='lat' dir='ltr'><strong>super</strong></span> <span class='ocrx_word' id='word_1_96' title='bbox 595 1427 782 1468; x_wconf 90' lang='lat' dir='ltr'><strong>omnes</strong></span> <span class='ocrx_word' id='word_1_97' title='bbox 809 1413 1135 1475; x_wconf 86' lang='lat' dir='ltr'><strong>constitutus</strong></span> <span class='ocrx_word' id='word_1_98' title='bbox 1172 1414 1526 1486; x_wconf 78' lang='lat' dir='ltr'><strong>principatus,</strong></span> <span class='ocrx_word' id='word_1_99' title='bbox 1569 1421 1627 1469; x_wconf 90' lang='lat' dir='ltr'><strong>et</strong></span> <span class='ocrx_word' id='word_1_100' title='bbox 1669 1421 1989 1483; x_wconf 87' lang='lat' dir='ltr'><strong>potestates,</strong></span> 
     </span>
    </p>
   </div>
   <div class='ocr_carea' id='block_1_14' title="bbox 405 1503 1992 1574">
    <p class='ocr_par' dir='ltr' id='par_1_14' title="bbox 405 1503 1992 1574">
     <span class='ocr_line' id='line_1_14' title="bbox 405 1503 1992 1574; baseline 0.001 -17"><span class='ocrx_word' id='word_1_101' title='bbox 405 1513 461 1557; x_wconf 91' lang='lat' dir='ltr'><strong>et</strong></span> <span class='ocrx_word' id='word_1_102' title='bbox 500 1503 748 1569; x_wconf 84' lang='lat' dir='ltr'><strong>virtutes,</strong></span> <span class='ocrx_word' id='word_1_103' title='bbox 795 1511 853 1559; x_wconf 88' lang='lat' dir='ltr'><strong>et</strong></span> <span class='ocrx_word' id='word_1_104' title='bbox 876 1503 1290 1570; x_wconf 84' lang='lat' dir='ltr'><strong>dominationes,</strong></span> <span class='ocrx_word' id='word_1_105' title='bbox 1323 1512 1380 1560; x_wconf 91' lang='lat' dir='ltr'><strong>et</strong></span> <span class='ocrx_word' id='word_1_106' title='bbox 1408 1519 1569 1565; x_wconf 87' lang='lat' dir='ltr'><strong>omne</strong></span> <span class='ocrx_word' id='word_1_107' title='bbox 1620 1520 1816 1562; x_wconf 87' lang='lat' dir='ltr'><strong>nomen</strong></span> <span class='ocrx_word' id='word_1_108' title='bbox 1844 1504 1992 1574; x_wconf 74' lang='lat' dir='ltr'><strong>quod</strong></span> 
     </span>
    </p>
   </div>
   <div class='ocr_carea' id='block_1_15' title="bbox 409 1592 1991 1660">
    <p class='ocr_par' dir='ltr' id='par_1_15' title="bbox 409 1592 1991 1660">
     <span class='ocr_line' id='line_1_15' title="bbox 409 1592 1991 1660; baseline 0 -11"><span class='ocrx_word' id='word_1_109' title='bbox 409 1594 736 1658; x_wconf 81' lang='lat' dir='ltr'><strong>nominatur,</strong></span> <span class='ocrx_word' id='word_1_110' title='bbox 755 1608 860 1648; x_wconf 89' lang='lat' dir='ltr'><strong>non</strong></span> <span class='ocrx_word' id='word_1_111' title='bbox 891 1592 1063 1648; x_wconf 90' lang='lat' dir='ltr'><strong>solum</strong></span> <span class='ocrx_word' id='word_1_112' title='bbox 1094 1594 1149 1648; x_wconf 91' lang='lat' dir='ltr'><strong>in</strong></span> <span class='ocrx_word' id='word_1_113' title='bbox 1171 1594 1276 1649; x_wconf 90' lang='lat' dir='ltr'><strong>hoc</strong></span> <span class='ocrx_word' id='word_1_114' title='bbox 1299 1594 1516 1660; x_wconf 81' lang='lat' dir='ltr'><strong>saeculo,</strong></span> <span class='ocrx_word' id='word_1_115' title='bbox 1530 1609 1719 1650; x_wconf 87' lang='lat' dir='ltr'><strong>verum</strong></span> <span class='ocrx_word' id='word_1_116' title='bbox 1742 1595 1907 1650; x_wconf 88' lang='lat' dir='ltr'><strong>etiam</strong></span> <span class='ocrx_word' id='word_1_117' title='bbox 1934 1601 1991 1649; x_wconf 90' lang='lat' dir='ltr'><strong>et</strong></span> 
     </span>
    </p>
   </div>
   <div class='ocr_carea' id='block_1_16' title="bbox 406 1681 1986 1755">
    <p class='ocr_par' dir='ltr' id='par_1_16' title="bbox 406 1681 1986 1755">
     <span class='ocr_line' id='line_1_16' title="bbox 406 1681 1986 1755; baseline 0.003 -19"><span class='ocrx_word' id='word_1_118' title='bbox 406 1683 461 1736; x_wconf 90' lang='lat' dir='ltr'><strong>in</strong></span> <span class='ocrx_word' id='word_1_119' title='bbox 490 1681 692 1748; x_wconf 82' lang='lat' dir='ltr'><strong>futuro.</strong></span> <span class='ocrx_word' id='word_1_120' title='bbox 735 1683 803 1738; x_wconf 90' lang='lat' dir='ltr'><strong>ab</strong></span> <span class='ocrx_word' id='word_1_121' title='bbox 843 1683 990 1741; x_wconf 86' lang='lat' dir='ltr'><strong>omni</strong></span> <span class='ocrx_word' id='word_1_122' title='bbox 1039 1692 1291 1740; x_wconf 82' lang='lat' dir='ltr'><strong>creatura</strong></span> <span class='ocrx_word' id='word_1_123' title='bbox 1335 1684 1547 1755; x_wconf 89' lang='lat' dir='ltr'><strong>accepit</strong></span> <span class='ocrx_word' id='word_1_124' title='bbox 1590 1685 1986 1754; x_wconf 82' lang='lat' dir='ltr'><strong>adorationem,</strong></span> 
     </span>
    </p>
   </div>
   <div class='ocr_carea' id='block_1_17' title="bbox 2098 499 3681 584">
    <p class='ocr_par' dir='ltr' id='par_1_17' title="bbox 2098 499 3681 584">
     <span class='ocr_line' id='line_1_17' title="bbox 2098 499 3681 584; baseline 0.013 -26"><span class='ocrx_word' id='word_1_125' title='bbox 2098 499 2242 559; x_wconf 87' lang='lat' dir='ltr'><strong>Ecce</strong></span> <span class='ocrx_word' id='word_1_126' title='bbox 2271 503 2442 563; x_wconf 77' lang='lat' dir='ltr'><strong>habes</strong></span> <span class='ocrx_word' id='word_1_127' title='bbox 2466 508 2765 563; x_wconf 88' lang='lat' dir='ltr'><strong>sententias</strong></span> <span class='ocrx_word' id='word_1_128' title='bbox 2790 508 3026 573; x_wconf 86' lang='lat' dir='ltr'><strong>Nestorii</strong></span> <span class='ocrx_word' id='word_1_129' title='bbox 3064 530 3077 569; x_wconf 90' lang='lat'><strong>:</strong></span> <span class='ocrx_word' id='word_1_130' title='bbox 3117 529 3254 584; x_wconf 89' lang='lat' dir='ltr'><strong>quas</strong></span> <span class='ocrx_word' id='word_1_131' title='bbox 3295 517 3339 573; x_wconf 91' lang='lat' dir='ltr'><strong>si</strong></span> <span class='ocrx_word' id='word_1_132' title='bbox 3382 527 3441 577; x_wconf 92' lang='lat' dir='ltr'><strong>et</strong></span> <span class='ocrx_word' id='word_1_133' title='bbox 3468 520 3523 575; x_wconf 91' lang='lat' dir='ltr'><strong>in</strong></span> <span class='ocrx_word' id='word_1_134' title='bbox 3550 537 3681 577; x_wconf 81' lang='lat' dir='ltr'><strong>eon-</strong></span> 
     </span>
    </p>
   </div>
   <div class='ocr_carea' id='block_1_18' title="bbox 2086 588 3674 677">
    <p class='ocr_par' dir='ltr' id='par_1_18' title="bbox 2086 588 3674 677">
     <span class='ocr_line' id='line_1_18' title="bbox 2086 588 3674 677; baseline 0.016 -34"><span class='ocrx_word' id='word_1_135' title='bbox 2086 588 2371 658; x_wconf 88' lang='lat' dir='ltr'><strong>junctione</strong></span> <span class='ocrx_word' id='word_1_136' title='bbox 2421 610 2671 669; x_wconf 72' lang='lat' dir='ltr'><strong>personae</strong></span> <span class='ocrx_word' id='word_1_137' title='bbox 2711 637 2729 663; x_wconf 89' lang='lat'><strong>,</strong></span> <span class='ocrx_word' id='word_1_138' title='bbox 2783 606 2840 654; x_wconf 89' lang='lat' dir='ltr'><strong>et</strong></span> <span class='ocrx_word' id='word_1_139' title='bbox 2888 599 2943 654; x_wconf 91' lang='lat' dir='ltr'><strong>in</strong></span> <span class='ocrx_word' id='word_1_140' title='bbox 2992 601 3254 665; x_wconf 76' lang='lat' dir='ltr'><strong>divisione</strong></span> <span class='ocrx_word' id='word_1_141' title='bbox 3314 616 3631 667; x_wconf 79' lang='lat' dir='ltr'><strong>naturarum</strong></span> <span class='ocrx_word' id='word_1_142' title='bbox 3659 652 3674 677; x_wconf 95' lang='lat'><strong>,</strong></span> 
     </span>
    </p>
   </div>
   <div class='ocr_carea' id='block_1_19' title="bbox 2095 681 3679 758">
    <p class='ocr_par' dir='ltr' id='par_1_19' title="bbox 2095 681 3679 758">
     <span class='ocr_line' id='line_1_19' title="bbox 2095 681 3679 758; baseline 0.016 -26"><span class='ocrx_word' id='word_1_143' title='bbox 2095 681 2274 736; x_wconf 82' lang='lat' dir='ltr'><strong>verbis</strong></span> <span class='ocrx_word' id='word_1_144' title='bbox 2307 683 2505 740; x_wconf 87' lang='lat' dir='ltr'><strong>Felicis</strong></span> <span class='ocrx_word' id='word_1_145' title='bbox 2542 685 2812 756; x_wconf 82' lang='lat' dir='ltr'><strong>conferas,</strong></span> <span class='ocrx_word' id='word_1_146' title='bbox 2844 691 3087 749; x_wconf 77' lang='lat' dir='ltr'><strong>invenies</strong></span> <span class='ocrx_word' id='word_1_147' title='bbox 3119 708 3215 751; x_wconf 87' lang='lat' dir='ltr'><strong>eos</strong></span> <span class='ocrx_word' id='word_1_148' title='bbox 3246 711 3355 753; x_wconf 90' lang='lat' dir='ltr'><strong>uno</strong></span> <span class='ocrx_word' id='word_1_149' title='bbox 3389 714 3553 756; x_wconf 88' lang='lat' dir='ltr'><strong>sensu</strong></span> <span class='ocrx_word' id='word_1_150' title='bbox 3598 703 3679 758; x_wconf 50' lang='lat' dir='ltr'><strong>in‘</strong></span> 
     </span>
    </p>
   </div>
   <div class='ocr_carea' id='block_1_20' title="bbox 2092 771 3136 828">
    <p class='ocr_par' dir='ltr' id='par_1_20' title="bbox 2092 771 3136 828">
     <span class='ocr_line' id='line_1_20' title="bbox 2092 771 3136 828; baseline 0.018 -3"><span class='ocrx_word' id='word_1_151' title='bbox 2092 771 2311 828; x_wconf 82' lang='lat' dir='ltr'><strong>cedere.</strong></span> <span class='ocrx_word' id='word_1_152' title='bbox 2786 816 2797 827; x_wconf 68' lang='grc' dir='ltr'><em>α</em></span> <span class='ocrx_word' id='word_1_153' title='bbox 3131 786 3136 791; x_wconf 80' lang='grc'><em>’</em></span> 
     </span>
    </p>
   </div>
   <div class='ocr_carea' id='block_1_21' title="bbox 2166 860 3676 940">
    <p class='ocr_par' dir='ltr' id='par_1_21' title="bbox 2166 860 3676 940">
     <span class='ocr_line' id='line_1_21' title="bbox 2166 860 3676 940; baseline 0.017 -25"><span class='ocrx_word' id='word_1_154' title='bbox 2166 860 2300 916; x_wconf 89' lang='lat' dir='ltr'><strong>VIII.</strong></span> <span class='ocrx_word' id='word_1_155' title='bbox 2340 865 2567 923; x_wconf 81' lang='lat' dir='ltr'><strong>Videtur</strong></span> <span class='ocrx_word' id='word_1_156' title='bbox 2592 869 2727 925; x_wconf 89' lang='lat' dir='ltr'><strong>mihi</strong></span> <span class='ocrx_word' id='word_1_157' title='bbox 2755 869 2920 939; x_wconf 72' lang='lat' dir='ltr'><strong>etiam</strong></span> <span class='ocrx_word' id='word_1_158' title='bbox 2961 884 3143 935; x_wconf 87' lang='lat' dir='ltr'><strong>vestra</strong></span> <span class='ocrx_word' id='word_1_159' title='bbox 3171 879 3676 940; x_wconf 66' lang='lat' dir='ltr'><strong>charitaseommo—</strong></span> 
     </span>
    </p>
   </div>
   <div class='ocr_carea' id='block_1_22' title="bbox 2094 952 3679 1039">
    <p class='ocr_par' dir='ltr' id='par_1_22' title="bbox 2094 952 3679 1039">
     <span class='ocr_line' id='line_1_22' title="bbox 2094 952 3679 1039; baseline 0.015 -31"><span class='ocrx_word' id='word_1_160' title='bbox 2094 952 2269 1009; x_wconf 82' lang='lat' dir='ltr'><strong>nenda</strong></span> <span class='ocrx_word' id='word_1_161' title='bbox 2299 952 2366 1008; x_wconf 91' lang='lat' dir='ltr'><strong>de</strong></span> <span class='ocrx_word' id='word_1_162' title='bbox 2402 955 2504 1011; x_wconf 88' lang='lat' dir='ltr'><strong>hoc</strong></span> <span class='ocrx_word' id='word_1_163' title='bbox 2535 959 2680 1027; x_wconf 88' lang='lat' dir='ltr'><strong>quod</strong></span> <span class='ocrx_word' id='word_1_164' title='bbox 2722 958 2873 1016; x_wconf 79' lang='lat' dir='ltr'><strong>Felix</strong></span> <span class='ocrx_word' id='word_1_165' title='bbox 2904 962 3225 1036; x_wconf 83' lang='lat' dir='ltr'><strong>frequenter</strong></span> <span class='ocrx_word' id='word_1_166' title='bbox 3258 972 3456 1039; x_wconf 90' lang='lat' dir='ltr'><strong>gaudet</strong></span> <span class='ocrx_word' id='word_1_167' title='bbox 3493 974 3679 1031; x_wconf 84' lang='lat' dir='ltr'><strong>dicere</strong></span> 
     </span>
    </p>
   </div>
   <div class='ocr_carea' id='block_1_23' title="bbox 2093 1041 3676 1132">
    <p class='ocr_par' dir='ltr' id='par_1_23' title="bbox 2093 1041 3676 1132">
     <span class='ocr_line' id='line_1_23' title="bbox 2093 1041 3676 1132; baseline 0.014 -35"><span class='ocrx_word' id='word_1_168' title='bbox 2093 1041 2356 1097; x_wconf 84' lang='lat' dir='ltr'><strong>hominem</strong></span> <span class='ocrx_word' id='word_1_169' title='bbox 2382 1057 2729 1117; x_wconf 69' lang='lat' dir='ltr'><strong>assumptum,</strong></span> <span class='ocrx_word' id='word_1_170' title='bbox 2758 1051 2854 1107; x_wconf 89' lang='lat' dir='ltr'><strong>.vel</strong></span> <span class='ocrx_word' id='word_1_171' title='bbox 2891 1053 3119 1123; x_wconf 79' lang='lat' dir='ltr'><strong>formam</strong></span> <span class='ocrx_word' id='word_1_172' title='bbox 3163 1060 3316 1115; x_wconf 75' lang='lat' dir='ltr'><strong>servi.</strong></span> <span class='ocrx_word' id='word_1_173' title='bbox 3353 1058 3676 1132; x_wconf 80' lang='lat' dir='ltr'><strong>Quanquam</strong></span> 
     </span>
    </p>
   </div>
   <div class='ocr_carea' id='block_1_24' title="bbox 2092 1129 3674 1217">
    <p class='ocr_par' dir='ltr' id='par_1_24' title="bbox 2092 1129 3674 1217">
     <span class='ocr_line' id='line_1_24' title="bbox 2092 1129 3674 1217; baseline 0.013 -30"><span class='ocrx_word' id='word_1_174' title='bbox 2092 1129 2238 1187; x_wconf 83' lang='lat' dir='ltr'><strong>enim</strong></span> <span class='ocrx_word' id='word_1_175' title='bbox 2266 1137 2323 1185; x_wconf 90' lang='lat' dir='ltr'><strong>et</strong></span> <span class='ocrx_word' id='word_1_176' title='bbox 2348 1131 2435 1200; x_wconf 91' lang='lat' dir='ltr'><strong>pie</strong></span> <span class='ocrx_word' id='word_1_177' title='bbox 2464 1132 2570 1189; x_wconf 88' lang='lat' dir='ltr'><strong>dici</strong></span> <span class='ocrx_word' id='word_1_178' title='bbox 2599 1138 2789 1204; x_wconf 86' lang='lat' dir='ltr'><strong>possit,</strong></span> <span class='ocrx_word' id='word_1_179' title='bbox 2839 1141 2981 1196; x_wconf 85' lang='lat' dir='ltr'><strong>sicut</strong></span> <span class='ocrx_word' id='word_1_180' title='bbox 3005 1151 3062 1198; x_wconf 91' lang='lat' dir='ltr'><strong>et</strong></span> <span class='ocrx_word' id='word_1_181' title='bbox 3106 1129 3545 1217; x_wconf 74' lang='lat' dir='ltr'><strong>frequentissime</strong></span> <span class='ocrx_word' id='word_1_182' title='bbox 3588 1153 3674 1209; x_wconf 88' lang='lat' dir='ltr'><strong>di-</strong></span> 
     </span>
    </p>
   </div>
   <div class='ocr_carea' id='block_1_25' title="bbox 2092 1226 3677 1305">
    <p class='ocr_par' dir='ltr' id='par_1_25' title="bbox 2092 1226 3677 1305">
     <span class='ocr_line' id='line_1_25' title="bbox 2092 1226 3677 1305; baseline 0.016 -29"><span class='ocrx_word' id='word_1_183' title='bbox 2092 1228 2243 1279; x_wconf 92' lang='lat' dir='ltr'><strong>ctum</strong></span> <span class='ocrx_word' id='word_1_184' title='bbox 2278 1238 2311 1278; x_wconf 91' lang='lat' dir='ltr'><strong>a</strong></span> <span class='ocrx_word' id='word_1_185' title='bbox 2339 1226 2546 1283; x_wconf 84' lang='lat' dir='ltr'><strong>sanctis</strong></span> <span class='ocrx_word' id='word_1_186' title='bbox 2592 1227 2846 1291; x_wconf 85' lang='lat' dir='ltr'><strong>Patribus</strong></span> <span class='ocrx_word' id='word_1_187' title='bbox 2877 1232 3182 1305; x_wconf 82' lang='lat' dir='ltr'><strong>invenitur;</strong></span> <span class='ocrx_word' id='word_1_188' title='bbox 3216 1247 3398 1296; x_wconf 89' lang='lat' dir='ltr'><strong>tamen</strong></span> <span class='ocrx_word' id='word_1_189' title='bbox 3428 1244 3677 1301; x_wconf 88' lang='lat' dir='ltr'><strong>conside-</strong></span> 
     </span>
    </p>
   </div>
   <div class='ocr_carea' id='block_1_26' title="bbox 2091 1312 3676 1396">
    <p class='ocr_par' dir='ltr' id='par_1_26' title="bbox 2091 1312 3676 1396">
     <span class='ocr_line' id='line_1_26' title="bbox 2091 1312 3676 1396; baseline 0.015 -30"><span class='ocrx_word' id='word_1_190' title='bbox 2091 1312 2325 1373; x_wconf 90' lang='lat' dir='ltr'><strong>randum</strong></span> <span class='ocrx_word' id='word_1_191' title='bbox 2359 1321 2445 1371; x_wconf 90' lang='lat' dir='ltr'><strong>est</strong></span> <span class='ocrx_word' id='word_1_192' title='bbox 2473 1318 2617 1387; x_wconf 87' lang='lat' dir='ltr'><strong>quod</strong></span> <span class='ocrx_word' id='word_1_193' title='bbox 2642 1319 2808 1374; x_wconf 90' lang='lat' dir='ltr'><strong>etiam</strong></span> <span class='ocrx_word' id='word_1_194' title='bbox 2836 1321 2999 1391; x_wconf 84' lang='lat' dir='ltr'><strong>impie</strong></span> <span class='ocrx_word' id='word_1_195' title='bbox 3026 1325 3133 1380; x_wconf 91' lang='lat' dir='ltr'><strong>dici</strong></span> <span class='ocrx_word' id='word_1_196' title='bbox 3157 1330 3349 1396; x_wconf 87' lang='lat' dir='ltr'><strong>possit,</strong></span> <span class='ocrx_word' id='word_1_197' title='bbox 3379 1334 3676 1390; x_wconf 88' lang='lat' dir='ltr'><strong>secundum</strong></span> 
     </span>
    </p>
   </div>
   <div class='ocr_carea' id='block_1_27' title="bbox 2090 1404 3671 1489">
    <p class='ocr_par' dir='ltr' id='par_1_27' title="bbox 2090 1404 3671 1489">
     <span class='ocr_line' id='line_1_27' title="bbox 2090 1404 3671 1489; baseline 0.013 -31"><span class='ocrx_word' id='word_1_198' title='bbox 2090 1404 2239 1475; x_wconf 91' lang='lat' dir='ltr'><strong>quod</strong></span> <span class='ocrx_word' id='word_1_199' title='bbox 2288 1406 2344 1461; x_wconf 91' lang='lat' dir='ltr'><strong>in</strong></span> <span class='ocrx_word' id='word_1_200' title='bbox 2391 1407 2644 1465; x_wconf 81' lang='lat' dir='ltr'><strong>Nestorio</strong></span> <span class='ocrx_word' id='word_1_201' title='bbox 2676 1410 2793 1465; x_wconf 69' lang='lat' dir='ltr'><strong>haec</strong></span> <span class='ocrx_word' id='word_1_202' title='bbox 2829 1414 2994 1469; x_wconf 87' lang='lat' dir='ltr'><strong>verba</strong></span> <span class='ocrx_word' id='word_1_203' title='bbox 3027 1416 3235 1473; x_wconf 82' lang='lat' dir='ltr'><strong>nostris</strong></span> <span class='ocrx_word' id='word_1_204' title='bbox 3262 1419 3671 1489; x_wconf 60' lang='lat' dir='ltr'><strong>dieplicuerunt,</strong></span> 
     </span>
    </p>
   </div>
   <div class='ocr_carea' id='block_1_28' title="bbox 2089 1494 3674 1581">
    <p class='ocr_par' dir='ltr' id='par_1_28' title="bbox 2089 1494 3674 1581">
     <span class='ocr_line' id='line_1_28' title="bbox 2089 1494 3674 1581; baseline 0.013 -33"><span class='ocrx_word' id='word_1_205' title='bbox 2089 1494 2172 1554; x_wconf 79' lang='lat' dir='ltr'><strong>Ad</strong></span> <span class='ocrx_word' id='word_1_206' title='bbox 2203 1497 2347 1565; x_wconf 92' lang='lat' dir='ltr'><strong>quod</strong></span> <span class='ocrx_word' id='word_1_207' title='bbox 2374 1496 2568 1554; x_wconf 84' lang='lat' dir='ltr'><strong>beatus</strong></span> <span class='ocrx_word' id='word_1_208' title='bbox 2595 1499 2831 1572; x_wconf 83' lang='lat' dir='ltr'><strong>Cyrillus</strong></span> <span class='ocrx_word' id='word_1_209' title='bbox 2877 1503 2953 1558; x_wconf 87' lang='lat' dir='ltr'><strong>ita</strong></span> <span class='ocrx_word' id='word_1_210' title='bbox 2990 1508 3275 1574; x_wconf 83' lang='lat' dir='ltr'><strong>respondit</strong></span> <span class='ocrx_word' id='word_1_211' title='bbox 3320 1508 3398 1581; x_wconf 78' lang='lat' dir='ltr'><strong>(in</strong></span> <span class='ocrx_word' id='word_1_212' title='bbox 3429 1510 3547 1581; x_wconf 73' lang='lat' dir='ltr'><strong>De].</strong></span> <span class='ocrx_word' id='word_1_213' title='bbox 3598 1528 3674 1568; x_wconf 82' lang='lat' dir='ltr'><strong>xu</strong></span> 
     </span>
    </p>
   </div>
   <div class='ocr_carea' id='block_1_29' title="bbox 2090 1586 3680 1665">
    <p class='ocr_par' dir='ltr' id='par_1_29' title="bbox 2090 1586 3680 1665">
     <span class='ocr_line' id='line_1_29' title="bbox 2090 1586 3680 1665; baseline 0.013 -25"><span class='ocrx_word' id='word_1_214' title='bbox 2090 1587 2274 1641; x_wconf 80' lang='lat' dir='ltr'><strong>anath.</strong></span> <span class='ocrx_word' id='word_1_215' title='bbox 2302 1587 2425 1645; x_wconf 81' lang='lat' dir='ltr'><strong>adv.</strong></span> <span class='ocrx_word' id='word_1_216' title='bbox 2458 1586 2653 1645; x_wconf 78' lang='lat' dir='ltr'><strong>Theod.</strong></span> <span class='ocrx_word' id='word_1_217' title='bbox 2684 1607 2731 1644; x_wconf 87' lang='lat' dir='ltr'><strong>c.</strong></span> <span class='ocrx_word' id='word_1_218' title='bbox 2763 1591 2817 1663; x_wconf 91' lang='lat'><strong>7)</strong></span> <span class='ocrx_word' id='word_1_219' title='bbox 2848 1609 2862 1645; x_wconf 90' lang='lat'><strong>:</strong></span> <span class='ocrx_word' id='word_1_220' title='bbox 2901 1610 2921 1645; x_wconf 73' lang='grc' dir='ltr'><strong>α</strong></span> <span class='ocrx_word' id='word_1_221' title='bbox 2956 1593 3067 1651; x_wconf 85' lang='lat' dir='ltr'><strong>Nos</strong></span> <span class='ocrx_word' id='word_1_222' title='bbox 3096 1611 3217 1665; x_wconf 74' lang='lat' dir='ltr'><strong>qua:</strong></span> <span class='ocrx_word' id='word_1_223' title='bbox 3245 1600 3471 1655; x_wconf 84' lang='lat' dir='ltr'><strong>meliora</strong></span> <span class='ocrx_word' id='word_1_224' title='bbox 3502 1611 3560 1657; x_wconf 91' lang='lat' dir='ltr'><strong>et</strong></span> <span class='ocrx_word' id='word_1_225' title='bbox 3585 1618 3680 1660; x_wconf 68' lang='grc' dir='ltr'><strong>νει-ν</strong></span> 
     </span>
    </p>
   </div>
   <div class='ocr_carea' id='block_1_30' title="bbox 2091 1675 3675 1762">
    <p class='ocr_par' dir='ltr' id='par_1_30' title="bbox 2091 1675 3675 1762">
     <span class='ocr_line' id='line_1_30' title="bbox 2091 1675 3675 1762; baseline 0.008 -27"><span class='ocrx_word' id='word_1_226' title='bbox 2091 1675 2236 1735; x_wconf 84' lang='lat' dir='ltr'><strong>riora</strong></span> <span class='ocrx_word' id='word_1_227' title='bbox 2262 1685 2390 1735; x_wconf 86' lang='lat' dir='ltr'><strong>sunt</strong></span> <span class='ocrx_word' id='word_1_228' title='bbox 2412 1693 2605 1748; x_wconf 89' lang='lat' dir='ltr'><strong>sapere</strong></span> <span class='ocrx_word' id='word_1_229' title='bbox 2630 1682 2909 1748; x_wconf 83' lang='lat' dir='ltr'><strong>consueti,</strong></span> <span class='ocrx_word' id='word_1_230' title='bbox 2939 1692 2996 1739; x_wconf 87' lang='lat' dir='ltr'><strong>et</strong></span> <span class='ocrx_word' id='word_1_231' title='bbox 3012 1686 3325 1745; x_wconf 67' lang='lat' dir='ltr'><strong>subtiliores</strong></span> <span class='ocrx_word' id='word_1_232' title='bbox 3355 1692 3675 1762; x_wconf 83' lang='lat' dir='ltr'><strong>contingen-</strong></span> 
     </span>
    </p>
   </div>
   <div class='ocr_carea' id='block_1_31' title="bbox 406 1750 1982 1846">
    <p class='ocr_par' dir='ltr' id='par_1_31' title="bbox 406 1750 1982 1846">
     <span class='ocr_line' id='line_1_31' title="bbox 406 1750 1982 1846; baseline 0.006 -20"><span class='ocrx_word' id='word_1_233' title='bbox 406 1773 546 1827; x_wconf 88' lang='lat' dir='ltr'><strong>sicut</strong></span> <span class='ocrx_word' id='word_1_234' title='bbox 572 1772 990 1846; x_wconf 79' lang='lat' dir='ltr'><strong>inseparabilem</strong></span> <span class='ocrx_word' id='word_1_235' title='bbox 1022 1789 1056 1828; x_wconf 90' lang='lat' dir='ltr'><strong>a</strong></span> <span class='ocrx_word' id='word_1_236' title='bbox 1092 1775 1273 1831; x_wconf 89' lang='lat' dir='ltr'><strong>divina</strong></span> <span class='ocrx_word' id='word_1_237' title='bbox 1310 1750 1508 1835; x_wconf 63' lang='lat' dir='ltr'><strong>natura</strong></span> <span class='ocrx_word' id='word_1_238' title='bbox 1536 1776 1744 1837; x_wconf 73' lang='lat' dir='ltr'><strong>habens</strong></span> <span class='ocrx_word' id='word_1_239' title='bbox 1770 1750 1982 1846; x_wconf 48' lang='lat' dir='ltr'><strong>copula;</strong></span> 
     </span>
    </p>
   </div>
   <div class='ocr_carea' id='block_1_32' title="bbox 2085 1750 3674 1846">
    <p class='ocr_par' dir='ltr' id='par_1_32' title="bbox 2095 1750 3674 1846">
     <span class='ocr_line' id='line_1_32' title="bbox 2095 1750 3674 1846; baseline 0.011 -26"><span class='ocrx_word' id='word_1_240' title='bbox 2095 1772 2177 1821; x_wconf 88' lang='lat' dir='ltr'><strong>tes</strong></span> <span class='ocrx_word' id='word_1_241' title='bbox 2207 1767 2514 1827; x_wconf 86' lang='lat' dir='ltr'><strong>intellectus</strong></span> <span class='ocrx_word' id='word_1_242' title='bbox 2544 1771 2615 1824; x_wconf 88' lang='lat' dir='ltr'><strong>ad</strong></span> <span class='ocrx_word' id='word_1_243' title='bbox 2642 1771 3073 1841; x_wconf 78' lang='lat' dir='ltr'><strong>explanationem</strong></span> <span class='ocrx_word' id='word_1_244' title='bbox 3100 1781 3459 1846; x_wconf 76' lang='lat' dir='ltr'><strong>sacramenti,</strong></span> <span class='ocrx_word' id='word_1_245' title='bbox 3491 1750 3674 1837; x_wconf 47' lang='lat' dir='ltr'><strong>sc‘ien.</strong></span> 
     </span>
    </p>
   </div>
   <div class='ocr_carea' id='block_1_33' title="bbox 407 1862 1991 1936">
    <p class='ocr_par' dir='ltr' id='par_1_33' title="bbox 407 1862 1991 1936">
     <span class='ocr_line' id='line_1_33' title="bbox 407 1862 1991 1936; baseline 0.006 -22"><span class='ocrx_word' id='word_1_246' title='bbox 407 1862 630 1926; x_wconf 85' lang='lat' dir='ltr'><strong>tionem,</strong></span> <span class='ocrx_word' id='word_1_247' title='bbox 661 1862 925 1919; x_wconf 82' lang='lat' dir='ltr'><strong>relatione</strong></span> <span class='ocrx_word' id='word_1_248' title='bbox 967 1862 1065 1917; x_wconf 90' lang='lat' dir='ltr'><strong>Dei</strong></span> <span class='ocrx_word' id='word_1_249' title='bbox 1100 1872 1155 1918; x_wconf 88' lang='lat' dir='ltr'><strong>et</strong></span> <span class='ocrx_word' id='word_1_250' title='bbox 1186 1864 1540 1936; x_wconf 83' lang='lat' dir='ltr'><strong>intelligentia</strong></span> <span class='ocrx_word' id='word_1_251' title='bbox 1565 1864 1713 1920; x_wconf 85' lang='lat' dir='ltr'><strong>omni</strong></span> <span class='ocrx_word' id='word_1_252' title='bbox 1741 1872 1991 1923; x_wconf 83' lang='lat' dir='ltr'><strong>creatura</strong></span> 
     </span>
    </p>
   </div>
   <div class='ocr_carea' id='block_1_34' title="bbox 403 1954 1992 2031">
    <p class='ocr_par' dir='ltr' id='par_1_34' title="bbox 403 1954 1992 2031">
     <span class='ocr_line' id='line_1_34' title="bbox 403 1954 1992 2031; baseline 0.001 -22"><span class='ocrx_word' id='word_1_253' title='bbox 403 1954 777 2031; x_wconf 82' lang='lat' dir='ltr'><strong>adorationem</strong></span> <span class='ocrx_word' id='word_1_254' title='bbox 811 1955 1118 2013; x_wconf 81' lang='lat' dir='ltr'><strong>exbibcnte.</strong></span> <span class='ocrx_word' id='word_1_255' title='bbox 1170 1955 1236 2013; x_wconf 88' lang='lat' dir='ltr'><strong>Et</strong></span> <span class='ocrx_word' id='word_1_256' title='bbox 1279 1971 1457 2027; x_wconf 84' lang='lat' dir='ltr'><strong>neque</strong></span> <span class='ocrx_word' id='word_1_257' title='bbox 1499 1957 1633 2013; x_wconf 90' lang='lat' dir='ltr'><strong>duos</strong></span> <span class='ocrx_word' id='word_1_258' title='bbox 1671 1955 1812 2013; x_wconf 85' lang='lat' dir='ltr'><strong>ﬁlios</strong></span> <span class='ocrx_word' id='word_1_259' title='bbox 1857 1955 1992 2012; x_wconf 79' lang='lat' dir='ltr'><strong>dici-</strong></span> 
     </span>
    </p>
   </div>
   <div class='ocr_carea' id='block_1_35' title="bbox 406 2050 1992 2122">
    <p class='ocr_par' dir='ltr' id='par_1_35' title="bbox 406 2050 1992 2122">
     <span class='ocr_line' id='line_1_35' title="bbox 406 2050 1992 2122; baseline 0.006 -20"><span class='ocrx_word' id='word_1_260' title='bbox 406 2064 544 2111; x_wconf 89' lang='lat' dir='ltr'><strong>mus,</strong></span> <span class='ocrx_word' id='word_1_261' title='bbox 576 2064 751 2120; x_wconf 88' lang='lat' dir='ltr'><strong>neque</strong></span> <span class='ocrx_word' id='word_1_262' title='bbox 792 2051 926 2106; x_wconf 87' lang='lat' dir='ltr'><strong>duos</strong></span> <span class='ocrx_word' id='word_1_263' title='bbox 952 2050 1239 2119; x_wconf 89' lang='lat' dir='ltr'><strong>Dominos;</strong></span> <span class='ocrx_word' id='word_1_264' title='bbox 1265 2052 1522 2122; x_wconf 89' lang='lat' dir='ltr'><strong>quoniam</strong></span> <span class='ocrx_word' id='word_1_265' title='bbox 1550 2068 1692 2113; x_wconf 82' lang='lat' dir='ltr'><strong>unus</strong></span> <span class='ocrx_word' id='word_1_266' title='bbox 1713 2052 1858 2109; x_wconf 85' lang='lat' dir='ltr'><strong>ﬁlius</strong></span> <span class='ocrx_word' id='word_1_267' title='bbox 1888 2052 1992 2112; x_wconf 54' lang='lat' dir='ltr'><strong>Pa.</strong></span> 
     </span>
    </p>
   </div>
   <div class='ocr_carea' id='block_1_36' title="bbox 405 2138 1985 2214">
    <p class='ocr_par' dir='ltr' id='par_1_36' title="bbox 405 2138 1985 2214">
     <span class='ocr_line' id='line_1_36' title="bbox 405 2138 1985 2214; baseline 0.006 -22"><span class='ocrx_word' id='word_1_268' title='bbox 405 2138 504 2195; x_wconf 92' lang='lat' dir='ltr'><strong>tris</strong></span> <span class='ocrx_word' id='word_1_269' title='bbox 530 2140 824 2197; x_wconf 88' lang='lat' dir='ltr'><strong>secundum</strong></span> <span class='ocrx_word' id='word_1_270' title='bbox 854 2141 1091 2196; x_wconf 86' lang='lat' dir='ltr'><strong>Verbum</strong></span> <span class='ocrx_word' id='word_1_271' title='bbox 1116 2141 1260 2198; x_wconf 85' lang='lat' dir='ltr'><strong>Deus</strong></span> <span class='ocrx_word' id='word_1_272' title='bbox 1278 2143 1595 2214; x_wconf 81' lang='lat' dir='ltr'><strong>unigenitus</strong></span> <span class='ocrx_word' id='word_1_273' title='bbox 1621 2144 1764 2199; x_wconf 86' lang='lat' dir='ltr'><strong>ﬁlius</strong></span> <span class='ocrx_word' id='word_1_274' title='bbox 1784 2144 1985 2210; x_wconf 88' lang='lat' dir='ltr'><strong>Patris,</strong></span> 
     </span>
    </p>
   </div>
   <div class='ocr_carea' id='block_1_37' title="bbox 403 2230 1989 2306">
    <p class='ocr_par' dir='ltr' id='par_1_37' title="bbox 403 2230 1989 2306">
     <span class='ocr_line' id='line_1_37' title="bbox 403 2230 1989 2306; baseline 0.006 -22"><span class='ocrx_word' id='word_1_275' title='bbox 403 2230 545 2285; x_wconf 90' lang='lat' dir='ltr'><strong>sicut</strong></span> <span class='ocrx_word' id='word_1_276' title='bbox 569 2232 671 2286; x_wconf 88' lang='lat' dir='ltr'><strong>iste</strong></span> <span class='ocrx_word' id='word_1_277' title='bbox 694 2231 1012 2304; x_wconf 77' lang='lat' dir='ltr'><strong>cmijunctus</strong></span> <span class='ocrx_word' id='word_1_278' title='bbox 1057 2242 1113 2288; x_wconf 89' lang='lat' dir='ltr'><strong>et</strong></span> <span class='ocrx_word' id='word_1_279' title='bbox 1160 2235 1436 2306; x_wconf 80' lang='lat' dir='ltr'><strong>particeps</strong></span> <span class='ocrx_word' id='word_1_280' title='bbox 1492 2237 1825 2295; x_wconf 77' lang='lat' dir='ltr'><strong>constitutus</strong></span> <span class='ocrx_word' id='word_1_281' title='bbox 1876 2236 1989 2293; x_wconf 84' lang='lat' dir='ltr'><strong>ﬁlio</strong></span> 
     </span>
    </p>
   </div>
   <div class='ocr_carea' id='block_1_38' title="bbox 404 2322 1987 2392">
    <p class='ocr_par' dir='ltr' id='par_1_38' title="bbox 404 2322 1987 2392">
     <span class='ocr_line' id='line_1_38' title="bbox 404 2322 1987 2392; baseline 0.003 -14"><span class='ocrx_word' id='word_1_282' title='bbox 404 2322 767 2379; x_wconf 87' lang='lat' dir='ltr'><strong>communicat</strong></span> <span class='ocrx_word' id='word_1_283' title='bbox 791 2326 1009 2381; x_wconf 87' lang='lat' dir='ltr'><strong>nomine</strong></span> <span class='ocrx_word' id='word_1_284' title='bbox 1045 2333 1102 2383; x_wconf 89' lang='lat' dir='ltr'><strong>et</strong></span> <span class='ocrx_word' id='word_1_285' title='bbox 1138 2327 1366 2392; x_wconf 83' lang='lat' dir='ltr'><strong>honore,</strong></span> <span class='ocrx_word' id='word_1_286' title='bbox 1399 2327 1661 2387; x_wconf 76' lang='lat' dir='ltr'><strong>Dominus</strong></span> <span class='ocrx_word' id='word_1_287' title='bbox 1688 2329 1987 2385; x_wconf 85' lang='lat' dir='ltr'><strong>secundum</strong></span> 
     </span>
    </p>
   </div>
   <div class='ocr_carea' id='block_1_39' title="bbox 401 2409 1990 2492">
    <p class='ocr_par' dir='ltr' id='par_1_39' title="bbox 401 2409 1990 2492">
     <span class='ocr_line' id='line_1_39' title="bbox 401 2409 1990 2492; baseline 0.004 -21"><span class='ocrx_word' id='word_1_288' title='bbox 401 2415 718 2484; x_wconf 87' lang='lat' dir='ltr'><strong>essentiam,</strong></span> <span class='ocrx_word' id='word_1_289' title='bbox 756 2416 902 2477; x_wconf 85' lang='lat' dir='ltr'><strong>Deus</strong></span> <span class='ocrx_word' id='word_1_290' title='bbox 941 2418 1201 2484; x_wconf 87' lang='lat' dir='ltr'><strong>Verbum,</strong></span> <span class='ocrx_word' id='word_1_291' title='bbox 1245 2420 1332 2474; x_wconf 86' lang='lat' dir='ltr'><strong>cui</strong></span> <span class='ocrx_word' id='word_1_292' title='bbox 1376 2420 1486 2479; x_wconf 87' lang='lat' dir='ltr'><strong>iste</strong></span> <span class='ocrx_word' id='word_1_293' title='bbox 1523 2409 1848 2492; x_wconf 75' lang='lat' dir='ltr'><strong>conjtmcuts</strong></span> <span class='ocrx_word' id='word_1_294' title='bbox 1891 2422 1990 2477; x_wconf 75' lang='lat' dir='ltr'><strong>ho—</strong></span> 
     </span>
    </p>
   </div>
   <div class='ocr_carea' id='block_1_40' title="bbox 404 2507 1989 2579">
    <p class='ocr_par' dir='ltr' id='par_1_40' title="bbox 404 2507 1989 2579">
     <span class='ocr_line' id='line_1_40' title="bbox 404 2507 1989 2579; baseline 0.004 -19"><span class='ocrx_word' id='word_1_295' title='bbox 404 2520 539 2561; x_wconf 91' lang='lat' dir='ltr'><strong>nore</strong></span> <span class='ocrx_word' id='word_1_296' title='bbox 562 2510 945 2571; x_wconf 85' lang='lat' dir='ltr'><strong>communicat.</strong></span> <span class='ocrx_word' id='word_1_297' title='bbox 972 2507 1040 2563; x_wconf 90' lang='lat' dir='ltr'><strong>Et</strong></span> <span class='ocrx_word' id='word_1_298' title='bbox 1064 2508 1187 2564; x_wconf 86' lang='lat' dir='ltr'><strong>ideo</strong></span> <span class='ocrx_word' id='word_1_299' title='bbox 1215 2523 1392 2579; x_wconf 81' lang='lat' dir='ltr'><strong>neque</strong></span> <span class='ocrx_word' id='word_1_300' title='bbox 1430 2508 1566 2565; x_wconf 89' lang='lat' dir='ltr'><strong>duos</strong></span> <span class='ocrx_word' id='word_1_301' title='bbox 1604 2510 1749 2567; x_wconf 78' lang='lat' dir='ltr'><strong>ﬁlios</strong></span> <span class='ocrx_word' id='word_1_302' title='bbox 1779 2510 1881 2566; x_wconf 82' lang='lat' dir='ltr'><strong>hos</strong></span> <span class='ocrx_word' id='word_1_303' title='bbox 1905 2510 1989 2566; x_wconf 78' lang='lat' dir='ltr'><strong>di-</strong></span> 
     </span>
    </p>
   </div>
   <div class='ocr_carea' id='block_1_41' title="bbox 404 2602 1988 2673">
    <p class='ocr_par' dir='ltr' id='par_1_41' title="bbox 404 2602 1988 2673">
     <span class='ocr_line' id='line_1_41' title="bbox 404 2602 1988 2673; baseline 0.002 -16"><span class='ocrx_word' id='word_1_304' title='bbox 404 2602 604 2667; x_wconf 86' lang='lat' dir='ltr'><strong>cimus,</strong></span> <span class='ocrx_word' id='word_1_305' title='bbox 634 2617 811 2672; x_wconf 81' lang='lat' dir='ltr'><strong>neque</strong></span> <span class='ocrx_word' id='word_1_306' title='bbox 852 2602 988 2659; x_wconf 87' lang='lat' dir='ltr'><strong>duos</strong></span> <span class='ocrx_word' id='word_1_307' title='bbox 1026 2602 1315 2668; x_wconf 85' lang='lat' dir='ltr'><strong>Dominos;</strong></span> <span class='ocrx_word' id='word_1_308' title='bbox 1347 2604 1476 2673; x_wconf 86' lang='lat' dir='ltr'><strong>quia</strong></span> <span class='ocrx_word' id='word_1_309' title='bbox 1519 2603 1812 2659; x_wconf 79' lang='lat' dir='ltr'><strong>manifesto</strong></span> <span class='ocrx_word' id='word_1_310' title='bbox 1854 2621 1988 2660; x_wconf 56' lang='lat' dir='ltr'><strong>cono</strong></span> 
     </span>
    </p>
   </div>
   <div class='ocr_carea' id='block_1_42' title="bbox 404 2691 1988 2761">
    <p class='ocr_par' dir='ltr' id='par_1_42' title="bbox 404 2691 1988 2761">
     <span class='ocr_line' id='line_1_42' title="bbox 404 2691 1988 2761; baseline 0.003 -16"><span class='ocrx_word' id='word_1_311' title='bbox 404 2692 594 2746; x_wconf 89' lang='lat' dir='ltr'><strong>stituto</strong></span> <span class='ocrx_word' id='word_1_312' title='bbox 619 2691 915 2749; x_wconf 87' lang='lat' dir='ltr'><strong>secundum</strong></span> <span class='ocrx_word' id='word_1_313' title='bbox 953 2692 1313 2751; x_wconf 84' lang='lat' dir='ltr'><strong>substantiam</strong></span> <span class='ocrx_word' id='word_1_314' title='bbox 1340 2692 1573 2751; x_wconf 82' lang='lat' dir='ltr'><strong>Domino</strong></span> <span class='ocrx_word' id='word_1_315' title='bbox 1597 2700 1655 2747; x_wconf 90' lang='lat' dir='ltr'><strong>ct</strong></span> <span class='ocrx_word' id='word_1_316' title='bbox 1694 2692 1856 2761; x_wconf 82' lang='lat' dir='ltr'><strong>Filio,</strong></span> <span class='ocrx_word' id='word_1_317' title='bbox 1902 2694 1988 2749; x_wconf 76' lang='lat' dir='ltr'><strong>in-</strong></span> 
     </span>
    </p>
   </div>
   <div class='ocr_carea' id='block_1_43' title="bbox 404 2780 1986 2853">
    <p class='ocr_par' dir='ltr' id='par_1_43' title="bbox 404 2780 1986 2853">
     <span class='ocr_line' id='line_1_43' title="bbox 404 2780 1986 2853; baseline 0.003 -18"><span class='ocrx_word' id='word_1_318' title='bbox 404 2780 761 2849; x_wconf 87' lang='lat' dir='ltr'><strong>separabilem</strong></span> <span class='ocrx_word' id='word_1_319' title='bbox 788 2787 937 2836; x_wconf 90' lang='lat' dir='ltr'><strong>tenet</strong></span> <span class='ocrx_word' id='word_1_320' title='bbox 962 2781 1031 2834; x_wconf 91' lang='lat' dir='ltr'><strong>ad</strong></span> <span class='ocrx_word' id='word_1_321' title='bbox 1073 2797 1198 2836; x_wconf 88' lang='lat' dir='ltr'><strong>eum</strong></span> <span class='ocrx_word' id='word_1_322' title='bbox 1237 2781 1659 2850; x_wconf 80' lang='lat' dir='ltr'><strong>copulationem,</strong></span> <span class='ocrx_word' id='word_1_323' title='bbox 1694 2784 1788 2853; x_wconf 85' lang='lat' dir='ltr'><strong>qui</strong></span> <span class='ocrx_word' id='word_1_324' title='bbox 1823 2799 1986 2845; x_wconf 85' lang='lat' dir='ltr'><strong>causa</strong></span> 
     </span>
    </p>
   </div>
   <div class='ocr_carea' id='block_1_44' title="bbox 406 2869 1985 2940">
    <p class='ocr_par' dir='ltr' id='par_1_44' title="bbox 406 2869 1985 2940">
     <span class='ocr_line' id='line_1_44' title="bbox 406 2869 1985 2940; baseline 0.002 -15"><span class='ocrx_word' id='word_1_325' title='bbox 406 2877 606 2925; x_wconf 76' lang='lat' dir='ltr'><strong>nostrae</strong></span> <span class='ocrx_word' id='word_1_326' title='bbox 629 2869 819 2924; x_wconf 87' lang='lat' dir='ltr'><strong>salutis</strong></span> <span class='ocrx_word' id='word_1_327' title='bbox 832 2877 1141 2940; x_wconf 82' lang='lat' dir='ltr'><strong>assumptus</strong></span> <span class='ocrx_word' id='word_1_328' title='bbox 1160 2869 1441 2927; x_wconf 79' lang='lat' dir='ltr'><strong>confertur</strong></span> <span class='ocrx_word' id='word_1_329' title='bbox 1464 2872 1685 2928; x_wconf 81' lang='lat' dir='ltr'><strong>nomine</strong></span> <span class='ocrx_word' id='word_1_330' title='bbox 1701 2880 1759 2927; x_wconf 85' lang='lat' dir='ltr'><strong>et</strong></span> <span class='ocrx_word' id='word_1_331' title='bbox 1776 2874 1985 2928; x_wconf 86' lang='lat' dir='ltr'><strong>honore</strong></span> 
     </span>
    </p>
   </div>
   <div class='ocr_carea' id='block_1_45' title="bbox 406 2959 1983 3034">
    <p class='ocr_par' dir='ltr' id='par_1_45' title="bbox 406 2959 1983 3034">
     <span class='ocr_line' id='line_1_45' title="bbox 406 2959 1983 3034; baseline 0.003 -20"><span class='ocrx_word' id='word_1_332' title='bbox 406 2959 515 3017; x_wconf 87' lang='lat' dir='ltr'><strong>ﬁlio</strong></span> <span class='ocrx_word' id='word_1_333' title='bbox 567 2969 622 3017; x_wconf 91' lang='lat' dir='ltr'><strong>et</strong></span> <span class='ocrx_word' id='word_1_334' title='bbox 666 2960 927 3025; x_wconf 82' lang='lat' dir='ltr'><strong>Domino;</strong></span> <span class='ocrx_word' id='word_1_335' title='bbox 964 2976 1073 3015; x_wconf 90' lang='lat' dir='ltr'><strong>non</strong></span> <span class='ocrx_word' id='word_1_336' title='bbox 1113 2961 1259 3017; x_wconf 85' lang='lat' dir='ltr'><strong>sicut</strong></span> <span class='ocrx_word' id='word_1_337' title='bbox 1285 2962 1659 3034; x_wconf 79' lang='lat' dir='ltr'><strong>unusquisque</strong></span> <span class='ocrx_word' id='word_1_338' title='bbox 1682 2965 1983 3020; x_wconf 71' lang='lat' dir='ltr'><strong>semiudum</strong></span> 
     </span>
    </p>
   </div>
   <div class='ocr_carea' id='block_1_46' title="bbox 2092 1856 3671 1945">
    <p class='ocr_par' dir='ltr' id='par_1_46' title="bbox 2092 1856 3671 1945">
     <span class='ocr_line' id='line_1_46' title="bbox 2092 1856 3671 1945; baseline 0.013 -34"><span class='ocrx_word' id='word_1_339' title='bbox 2092 1856 2332 1933; x_wconf 80' lang='lat' dir='ltr'><strong>ﬁamque</strong></span> <span class='ocrx_word' id='word_1_340' title='bbox 2354 1859 2678 1930; x_wconf 82' lang='lat' dir='ltr'><strong>perfectam,</strong></span> <span class='ocrx_word' id='word_1_341' title='bbox 2707 1872 2764 1923; x_wconf 87' lang='lat' dir='ltr'><strong>et</strong></span> <span class='ocrx_word' id='word_1_342' title='bbox 2789 1865 3085 1925; x_wconf 79' lang='lat' dir='ltr'><strong>secundum</strong></span> <span class='ocrx_word' id='word_1_343' title='bbox 3113 1885 3391 1928; x_wconf 87' lang='lat' dir='ltr'><strong>sacrarum</strong></span> <span class='ocrx_word' id='word_1_344' title='bbox 3411 1873 3671 1945; x_wconf 89' lang='lat' dir='ltr'><strong>placitum</strong></span> 
     </span>
    </p>
   </div>
   <div class='ocr_carea' id='block_1_47' title="bbox 2078 1947 3667 2032">
    <p class='ocr_par' dir='ltr' id='par_1_47' title="bbox 2078 1947 3667 2032">
     <span class='ocr_line' id='line_1_47' title="bbox 2078 1947 3667 2032; baseline 0.012 -30"><span class='ocrx_word' id='word_1_345' title='bbox 2078 1947 2419 2016; x_wconf 68' lang='lat' dir='ltr'><strong>litterarum,</strong></span> <span class='ocrx_word' id='word_1_346' title='bbox 2473 1960 2529 2007; x_wconf 87' lang='lat' dir='ltr'><strong>et</strong></span> <span class='ocrx_word' id='word_1_347' title='bbox 2579 1957 3022 2017; x_wconf 84' lang='lat' dir='ltr'><strong>mansuetudines</strong></span> <span class='ocrx_word' id='word_1_348' title='bbox 3069 1970 3382 2017; x_wconf 86' lang='lat' dir='ltr'><strong>sanctorum</strong></span> <span class='ocrx_word' id='word_1_349' title='bbox 3428 1965 3667 2032; x_wconf 88' lang='lat' dir='ltr'><strong>Patrum,</strong></span> 
     </span>
    </p>
   </div>
   <div class='ocr_carea' id='block_1_48' title="bbox 2088 2040 3672 2120">
    <p class='ocr_par' dir='ltr' id='par_1_48' title="bbox 2088 2040 3672 2120">
     <span class='ocr_line' id='line_1_48' title="bbox 2088 2040 3672 2120; baseline 0.012 -28"><span class='ocrx_word' id='word_1_350' title='bbox 2088 2053 2199 2100; x_wconf 79' lang='lat' dir='ltr'><strong>non</strong></span> <span class='ocrx_word' id='word_1_351' title='bbox 2236 2040 2513 2097; x_wconf 82' lang='lat' dir='ltr'><strong>hominem</strong></span> <span class='ocrx_word' id='word_1_352' title='bbox 2538 2052 2879 2113; x_wconf 87' lang='lat' dir='ltr'><strong>assumptum</strong></span> <span class='ocrx_word' id='word_1_353' title='bbox 2910 2046 3141 2105; x_wconf 81' lang='lat' dir='ltr'><strong>dicimus</strong></span> <span class='ocrx_word' id='word_1_354' title='bbox 3166 2064 3197 2104; x_wconf 91' lang='lat' dir='ltr'><strong>a</strong></span> <span class='ocrx_word' id='word_1_355' title='bbox 3233 2051 3346 2107; x_wconf 85' lang='lat' dir='ltr'><strong>Deo</strong></span> <span class='ocrx_word' id='word_1_356' title='bbox 3376 2054 3549 2109; x_wconf 85' lang='lat' dir='ltr'><strong>Verbo</strong></span> <span class='ocrx_word' id='word_1_357' title='bbox 3568 2096 3583 2120; x_wconf 92' lang='lat'><strong>,</strong></span> <span class='ocrx_word' id='word_1_358' title='bbox 3615 2066 3672 2111; x_wconf 91' lang='lat' dir='ltr'><strong>ct</strong></span> 
     </span>
    </p>
   </div>
   <div class='ocr_carea' id='block_1_49' title="bbox 2096 2130 3672 2211">
    <p class='ocr_par' dir='ltr' id='par_1_49' title="bbox 2096 2130 3672 2211">
     <span class='ocr_line' id='line_1_49' title="bbox 2096 2130 3672 2211; baseline 0.011 -25"><span class='ocrx_word' id='word_1_359' title='bbox 2096 2130 2406 2201; x_wconf 81' lang='lat' dir='ltr'><strong>cepulatnm</strong></span> <span class='ocrx_word' id='word_1_360' title='bbox 2451 2133 2503 2191; x_wconf 90' lang='lat' dir='ltr'><strong>ei</strong></span> <span class='ocrx_word' id='word_1_361' title='bbox 2548 2136 2848 2193; x_wconf 81' lang='lat' dir='ltr'><strong>secundum</strong></span> <span class='ocrx_word' id='word_1_362' title='bbox 2886 2137 3133 2195; x_wconf 85' lang='lat' dir='ltr'><strong>habitum</strong></span> <span class='ocrx_word' id='word_1_363' title='bbox 3179 2143 3536 2211; x_wconf 81' lang='lat' dir='ltr'><strong>extrinsecus,</strong></span> <span class='ocrx_word' id='word_1_364' title='bbox 3575 2149 3672 2203; x_wconf 86' lang='lat' dir='ltr'><strong>sed</strong></span> 
     </span>
    </p>
   </div>
   <div class='ocr_carea' id='block_1_50' title="bbox 2087 2221 3670 2291">
    <p class='ocr_par' dir='ltr' id='par_1_50' title="bbox 2087 2221 3670 2291">
     <span class='ocr_line' id='line_1_50' title="bbox 2087 2221 3670 2291; baseline 0.011 -18"><span class='ocrx_word' id='word_1_365' title='bbox 2087 2221 2271 2291; x_wconf 88' lang='lat' dir='ltr'><strong>potius</strong></span> <span class='ocrx_word' id='word_1_366' title='bbox 2297 2223 2575 2285; x_wconf 82' lang='lat' dir='ltr'><strong>hominem</strong></span> <span class='ocrx_word' id='word_1_367' title='bbox 2615 2224 2818 2287; x_wconf 81' lang='lat' dir='ltr'><strong>faetum</strong></span> <span class='ocrx_word' id='word_1_368' title='bbox 2846 2243 2968 2285; x_wconf 84' lang='lat' dir='ltr'><strong>esse</strong></span> <span class='ocrx_word' id='word_1_369' title='bbox 3004 2229 3369 2287; x_wconf 87' lang='lat' dir='ltr'><strong>decernimus.</strong></span> <span class='ocrx_word' id='word_1_370' title='bbox 3409 2235 3521 2290; x_wconf 85' lang='lat' dir='ltr'><strong>Hac</strong></span> <span class='ocrx_word' id='word_1_371' title='bbox 3563 2237 3670 2291; x_wconf 89' lang='lat' dir='ltr'><strong>ita-</strong></span> 
     </span>
    </p>
   </div>
   <div class='ocr_carea' id='block_1_51' title="bbox 2089 2314 3672 2386">
    <p class='ocr_par' dir='ltr' id='par_1_51' title="bbox 2089 2314 3672 2386">
     <span class='ocr_line' id='line_1_51' title="bbox 2089 2314 3672 2386; baseline 0.01 -20"><span class='ocrx_word' id='word_1_372' title='bbox 2089 2326 2197 2382; x_wconf 89' lang='lat' dir='ltr'><strong>que</strong></span> <span class='ocrx_word' id='word_1_373' title='bbox 2219 2314 2394 2383; x_wconf 87' lang='lat' dir='ltr'><strong>gratia</strong></span> <span class='ocrx_word' id='word_1_374' title='bbox 2436 2328 2471 2368; x_wconf 91' lang='lat' dir='ltr'><strong>a</strong></span> <span class='ocrx_word' id='word_1_375' title='bbox 2510 2314 2712 2384; x_wconf 83' lang='lat' dir='ltr'><strong>pietate</strong></span> <span class='ocrx_word' id='word_1_376' title='bbox 2751 2317 3064 2386; x_wconf 83' lang='lat' dir='ltr'><strong>dogmatum</strong></span> <span class='ocrx_word' id='word_1_377' title='bbox 3105 2321 3336 2377; x_wconf 90' lang='lat' dir='ltr'><strong>dicimus</strong></span> <span class='ocrx_word' id='word_1_378' title='bbox 3372 2326 3672 2382; x_wconf 64' lang='lat' dir='ltr'><strong>eaeessisse</strong></span> 
     </span>
    </p>
   </div>
   <div class='ocr_carea' id='block_1_52' title="bbox 2088 2404 3672 2483">
    <p class='ocr_par' dir='ltr' id='par_1_52' title="bbox 2088 2404 3672 2483">
     <span class='ocr_line' id='line_1_52' title="bbox 2088 2404 3672 2483; baseline 0.01 -24"><span class='ocrx_word' id='word_1_379' title='bbox 2088 2416 2183 2459; x_wconf 85' lang='lat' dir='ltr'><strong>eos</strong></span> <span class='ocrx_word' id='word_1_380' title='bbox 2206 2404 2299 2472; x_wconf 88' lang='lat' dir='ltr'><strong>qui</strong></span> <span class='ocrx_word' id='word_1_381' title='bbox 2320 2416 2654 2474; x_wconf 67' lang='lat' dir='ltr'><strong>praesumunt</strong></span> <span class='ocrx_word' id='word_1_382' title='bbox 2681 2406 2865 2465; x_wconf 87' lang='lat' dir='ltr'><strong>dicere</strong></span> <span class='ocrx_word' id='word_1_383' title='bbox 2900 2419 3236 2480; x_wconf 82' lang='lat' dir='ltr'><strong>assumme</strong></span> <span class='ocrx_word' id='word_1_384' title='bbox 3265 2406 3537 2472; x_wconf 86' lang='lat' dir='ltr'><strong>hominem</strong></span> <span class='ocrx_word' id='word_1_385' title='bbox 3557 2458 3572 2483; x_wconf 91' lang='lat'><strong>,</strong></span> <span class='ocrx_word' id='word_1_386' title='bbox 3615 2427 3672 2474; x_wconf 90' lang='lat' dir='ltr'><strong>et</strong></span> 
     </span>
    </p>
   </div>
   <div class='ocr_carea' id='block_1_53' title="bbox 2087 2494 3672 2566">
    <p class='ocr_par' dir='ltr' id='par_1_53' title="bbox 2087 2494 3672 2566">
     <span class='ocr_line' id='line_1_53' title="bbox 2087 2494 3672 2566; baseline 0.009 -14"><span class='ocrx_word' id='word_1_387' title='bbox 2087 2494 2360 2553; x_wconf 81' lang='lat' dir='ltr'><strong>atlirmant</strong></span> <span class='ocrx_word' id='word_1_388' title='bbox 2387 2505 2645 2566; x_wconf 84' lang='lat' dir='ltr'><strong>oportere</strong></span> <span class='ocrx_word' id='word_1_389' title='bbox 2677 2512 2803 2555; x_wconf 88' lang='lat' dir='ltr'><strong>eum</strong></span> <span class='ocrx_word' id='word_1_390' title='bbox 2837 2499 2978 2555; x_wconf 82' lang='lat' dir='ltr'><strong>sicut</strong></span> <span class='ocrx_word' id='word_1_391' title='bbox 3009 2501 3240 2558; x_wconf 87' lang='lat' dir='ltr'><strong>alterum</strong></span> <span class='ocrx_word' id='word_1_392' title='bbox 3268 2504 3424 2561; x_wconf 90' lang='lat' dir='ltr'><strong>alteri</strong></span> <span class='ocrx_word' id='word_1_393' title='bbox 3473 2509 3672 2565; x_wconf 84' lang='lat' dir='ltr'><strong>coado—</strong></span> 
     </span>
    </p>
   </div>
   <div class='ocr_carea' id='block_1_54' title="bbox 2089 2574 3666 2668">
    <p class='ocr_par' dir='ltr' id='par_1_54' title="bbox 2089 2574 3666 2668">
     <span class='ocr_line' id='line_1_54' title="bbox 2089 2574 3666 2668; baseline 0.008 -24"><span class='ocrx_word' id='word_1_394' title='bbox 2089 2590 2200 2651; x_wconf 83' lang='lat' dir='ltr'><strong>rari</strong></span> <span class='ocrx_word' id='word_1_395' title='bbox 2228 2590 2341 2645; x_wconf 88' lang='lat' dir='ltr'><strong>ﬁlio</strong></span> <span class='ocrx_word' id='word_1_396' title='bbox 2366 2590 2483 2647; x_wconf 90' lang='lat' dir='ltr'><strong>Dei.</strong></span> <span class='ocrx_word' id='word_1_397' title='bbox 2508 2574 2543 2645; x_wconf 73' lang='grc'><strong>’›</strong></span> <span class='ocrx_word' id='word_1_398' title='bbox 2570 2591 2705 2649; x_wconf 85' lang='lat' dir='ltr'><strong>Item</strong></span> <span class='ocrx_word' id='word_1_399' title='bbox 2732 2592 2886 2661; x_wconf 87' lang='lat' dir='ltr'><strong>ipse:</strong></span> <span class='ocrx_word' id='word_1_400' title='bbox 2920 2611 2941 2645; x_wconf 77' lang='grc' dir='ltr'><strong><em>ι</em></strong></span> <span class='ocrx_word' id='word_1_401' title='bbox 2975 2593 3178 2650; x_wconf 85' lang='lat' dir='ltr'><strong>Factus</strong></span> <span class='ocrx_word' id='word_1_402' title='bbox 3191 2602 3275 2651; x_wconf 91' lang='lat' dir='ltr'><strong>est</strong></span> <span class='ocrx_word' id='word_1_403' title='bbox 3295 2597 3462 2668; x_wconf 81' lang='lat' dir='ltr'><strong>igitur</strong></span> <span class='ocrx_word' id='word_1_404' title='bbox 3482 2600 3666 2668; x_wconf 89' lang='lat' dir='ltr'><strong>homo,</strong></span> 
     </span>
    </p>
   </div>
   <div class='ocr_carea' id='block_1_55' title="bbox 2087 2681 3669 2757">
    <p class='ocr_par' dir='ltr' id='par_1_55' title="bbox 2087 2681 3669 2757">
     <span class='ocr_line' id='line_1_55' title="bbox 2087 2681 3669 2757; baseline 0.005 -18"><span class='ocrx_word' id='word_1_405' title='bbox 2087 2696 2194 2739; x_wconf 83' lang='lat' dir='ltr'><strong>non</strong></span> <span class='ocrx_word' id='word_1_406' title='bbox 2223 2681 2515 2750; x_wconf 86' lang='lat' dir='ltr'><strong>assumpsit</strong></span> <span class='ocrx_word' id='word_1_407' title='bbox 2538 2681 2836 2749; x_wconf 88' lang='lat' dir='ltr'><strong>hominem,</strong></span> <span class='ocrx_word' id='word_1_408' title='bbox 2863 2682 3005 2740; x_wconf 89' lang='lat' dir='ltr'><strong>sicut</strong></span> <span class='ocrx_word' id='word_1_409' title='bbox 3018 2684 3266 2741; x_wconf 87' lang='lat' dir='ltr'><strong>Nestorio</strong></span> <span class='ocrx_word' id='word_1_410' title='bbox 3288 2687 3482 2757; x_wconf 87' lang='lat' dir='ltr'><strong>placet.</strong></span> <span class='ocrx_word' id='word_1_411' title='bbox 3513 2691 3580 2745; x_wconf 85' lang='lat' dir='ltr'><strong>Et</strong></span> <span class='ocrx_word' id='word_1_412' title='bbox 3606 2701 3669 2748; x_wconf 91' lang='lat' dir='ltr'><strong>ut</strong></span> 
     </span>
    </p>
   </div>
   <div class='ocr_carea' id='block_1_56' title="bbox 2087 2773 3665 2850">
    <p class='ocr_par' dir='ltr' id='par_1_56' title="bbox 2087 2773 3665 2850">
     <span class='ocr_line' id='line_1_56' title="bbox 2087 2773 3665 2850; baseline 0.005 -21"><span class='ocrx_word' id='word_1_413' title='bbox 2087 2773 2402 2831; x_wconf 88' lang='lat' dir='ltr'><strong>crederetur</strong></span> <span class='ocrx_word' id='word_1_414' title='bbox 2418 2773 2554 2843; x_wconf 87' lang='lat' dir='ltr'><strong>quia</strong></span> <span class='ocrx_word' id='word_1_415' title='bbox 2576 2773 2752 2839; x_wconf 81' lang='lat' dir='ltr'><strong>factus</strong></span> <span class='ocrx_word' id='word_1_416' title='bbox 2777 2787 2862 2830; x_wconf 88' lang='lat' dir='ltr'><strong>est</strong></span> <span class='ocrx_word' id='word_1_417' title='bbox 2888 2776 3072 2843; x_wconf 86' lang='lat' dir='ltr'><strong>homo,</strong></span> <span class='ocrx_word' id='word_1_418' title='bbox 3104 2792 3330 2833; x_wconf 87' lang='lat' dir='ltr'><strong>manens</strong></span> <span class='ocrx_word' id='word_1_419' title='bbox 3358 2782 3501 2850; x_wconf 89' lang='lat' dir='ltr'><strong>quod</strong></span> <span class='ocrx_word' id='word_1_420' title='bbox 3524 2792 3665 2849; x_wconf 87' lang='lat' dir='ltr'><strong>erat,</strong></span> 
     </span>
    </p>
   </div>
   <div class='ocr_carea' id='block_1_57' title="bbox 2084 2863 3671 2935">
    <p class='ocr_par' dir='ltr' id='par_1_57' title="bbox 2084 2863 3671 2935">
     <span class='ocr_line' id='line_1_57' title="bbox 2084 2863 3671 2935; baseline 0.006 -18"><span class='ocrx_word' id='word_1_421' title='bbox 2084 2863 2337 2921; x_wconf 74' lang='lat' dir='ltr'><strong>videlicet</strong></span> <span class='ocrx_word' id='word_1_422' title='bbox 2362 2865 2525 2929; x_wconf 87' lang='lat' dir='ltr'><strong>Deus,</strong></span> <span class='ocrx_word' id='word_1_423' title='bbox 2550 2865 2709 2935; x_wconf 79' lang='lat' dir='ltr'><strong>juxta</strong></span> <span class='ocrx_word' id='word_1_424' title='bbox 2735 2874 3014 2934; x_wconf 87' lang='lat' dir='ltr'><strong>naturam;</strong></span> <span class='ocrx_word' id='word_1_425' title='bbox 3045 2868 3250 2924; x_wconf 90' lang='lat' dir='ltr'><strong>idcirco</strong></span> <span class='ocrx_word' id='word_1_426' title='bbox 3278 2878 3336 2924; x_wconf 89' lang='lat' dir='ltr'><strong>et</strong></span> <span class='ocrx_word' id='word_1_427' title='bbox 3364 2872 3671 2929; x_wconf 81' lang='lat' dir='ltr'><strong>esuriredi-</strong></span> 
     </span>
    </p>
   </div>
   <div class='ocr_carea' id='block_1_58' title="bbox 2086 2954 3665 3025">
    <p class='ocr_par' dir='ltr' id='par_1_58' title="bbox 2086 2954 3665 3025">
     <span class='ocr_line' id='line_1_58' title="bbox 2086 2954 3665 3025; baseline 0.004 -15"><span class='ocrx_word' id='word_1_428' title='bbox 2086 2954 2248 3021; x_wconf 79' lang='lat' dir='ltr'><strong>citur,</strong></span> <span class='ocrx_word' id='word_1_429' title='bbox 2281 2963 2338 3010; x_wconf 90' lang='lat' dir='ltr'><strong>et</strong></span> <span class='ocrx_word' id='word_1_430' title='bbox 2365 2969 2433 3011; x_wconf 79' lang='lat' dir='ltr'><strong>ex</strong></span> <span class='ocrx_word' id='word_1_431' title='bbox 2464 2955 2679 3012; x_wconf 85' lang='lat' dir='ltr'><strong>itineris</strong></span> <span class='ocrx_word' id='word_1_432' title='bbox 2702 2956 2891 3012; x_wconf 84' lang='lat' dir='ltr'><strong>labore</strong></span> <span class='ocrx_word' id='word_1_433' title='bbox 2914 2970 2941 2998; x_wconf 75' lang='grc' dir='ltr'>ι</span> <span class='ocrx_word' id='word_1_434' title='bbox 2976 2958 3290 3025; x_wconf 87' lang='lat' dir='ltr'><strong>lassessere,</strong></span> <span class='ocrx_word' id='word_1_435' title='bbox 3324 2980 3344 3012; x_wconf 73' lang='grc' dir='ltr'><strong><em>ι</em></strong></span> <span class='ocrx_word' id='word_1_436' title='bbox 3372 2969 3427 3016; x_wconf 90' lang='lat' dir='ltr'><strong>et</strong></span> <span class='ocrx_word' id='word_1_437' title='bbox 3448 2971 3665 3017; x_wconf 64' lang='lat' dir='ltr'><strong>caetera.</strong></span> 
     </span>
    </p>
   </div>
   <div class='ocr_carea' id='block_1_59' title="bbox 404 3044 3670 3156">
    <p class='ocr_par' dir='ltr' id='par_1_59' title="bbox 404 3044 3670 3156">
     <span class='ocr_line' id='line_1_59' title="bbox 404 3044 3670 3156; baseline 0 -49"><span class='ocrx_word' id='word_1_438' title='bbox 404 3051 989 3130; x_wconf 78' lang='lat' dir='ltr'><strong>seipsumconstituuts</strong></span> <span class='ocrx_word' id='word_1_439' title='bbox 1010 3057 1096 3107; x_wconf 87' lang='lat' dir='ltr'><strong>est</strong></span> <span class='ocrx_word' id='word_1_440' title='bbox 1125 3050 1286 3116; x_wconf 84' lang='lat' dir='ltr'><strong>ﬁlius,</strong></span> <span class='ocrx_word' id='word_1_441' title='bbox 1319 3052 1464 3108; x_wconf 89' lang='lat' dir='ltr'><strong>unde</strong></span> <span class='ocrx_word' id='word_1_442' title='bbox 1492 3060 1557 3142; x_wconf 82' lang='lat' dir='ltr'><strong>et</strong></span> <span class='ocrx_word' id='word_1_443' title='bbox 1585 3052 1742 3108; x_wconf 89' lang='lat' dir='ltr'><strong>multi</strong></span> <span class='ocrx_word' id='word_1_444' title='bbox 1782 3068 1972 3109; x_wconf 81' lang='lat' dir='ltr'><strong>secun-</strong></span> <span class='ocrx_word' id='word_1_445' title='bbox 2006 3091 2056 3156; x_wconf 74' lang='lat' dir='ltr'>c</span> <span class='ocrx_word' id='word_1_446' title='bbox 2096 3137 2118 3156; x_wconf 34' lang='grc' dir='ltr'><strong><em>Δ</em></strong></span> <span class='ocrx_word' id='word_1_447' title='bbox 2154 3044 2246 3156; x_wconf 46' lang='lat' dir='ltr'><strong>EX.</strong></span> <span class='ocrx_word' id='word_1_448' title='bbox 2286 3044 2662 3156; x_wconf 36' lang='lat' dir='ltr'><strong>Dixitﬁitaqne</strong></span> <span class='ocrx_word' id='word_1_449' title='bbox 2690 3045 2843 3101; x_wconf 80' lang='lat' dir='ltr'><strong>Felix</strong></span> <span class='ocrx_word' id='word_1_450' title='bbox 2890 3047 2945 3154; x_wconf 71' lang='lat' dir='ltr'><strong>in</strong></span> <span class='ocrx_word' id='word_1_451' title='bbox 2977 3053 3342 3156; x_wconf 72' lang='lat' dir='ltr'><strong>suprascripta</strong></span> <span class='ocrx_word' id='word_1_452' title='bbox 3382 3066 3481 3106; x_wconf 86' lang='lat' dir='ltr'><strong>sua</strong></span> <span class='ocrx_word' id='word_1_453' title='bbox 3509 3053 3670 3107; x_wconf 84' lang='lat' dir='ltr'><strong>sche-</strong></span> 
     </span>
    </p>
   </div>
   <div class='ocr_carea' id='block_1_60' title="bbox 404 3138 1982 3215">
    <p class='ocr_par' dir='ltr' id='par_1_60' title="bbox 404 3138 1982 3215">
     <span class='ocr_line' id='line_1_60' title="bbox 404 3138 1982 3215; baseline 0.004 -21"><span class='ocrx_word' id='word_1_454' title='bbox 404 3141 530 3195; x_wconf 89' lang='lat' dir='ltr'><strong>dum</strong></span> <span class='ocrx_word' id='word_1_455' title='bbox 560 3143 774 3196; x_wconf 89' lang='lat' dir='ltr'><strong>beatum</strong></span> <span class='ocrx_word' id='word_1_456' title='bbox 803 3142 1027 3196; x_wconf 90' lang='lat' dir='ltr'><strong>Paulum</strong></span> <span class='ocrx_word' id='word_1_457' title='bbox 1057 3142 1289 3198; x_wconf 89' lang='lat' dir='ltr'><strong>dicimur</strong></span> <span class='ocrx_word' id='word_1_458' title='bbox 1317 3143 1442 3209; x_wconf 87' lang='lat' dir='ltr'><strong>ﬁlii;</strong></span> <span class='ocrx_word' id='word_1_459' title='bbox 1491 3138 1586 3199; x_wconf 84' lang='lat' dir='ltr'><strong>sed</strong></span> <span class='ocrx_word' id='word_1_460' title='bbox 1614 3144 1762 3200; x_wconf 89' lang='lat' dir='ltr'><strong>solus</strong></span> <span class='ocrx_word' id='word_1_461' title='bbox 1789 3145 1982 3215; x_wconf 56' lang='lat' dir='ltr'><strong>pacci-</strong></span> 
     </span>
    </p>
   </div>
   <div class='ocr_carea' id='block_1_61' title="bbox 404 3232 1980 3305">
    <p class='ocr_par' dir='ltr' id='par_1_61' title="bbox 404 3232 1980 3305">
     <span class='ocr_line' id='line_1_61' title="bbox 404 3232 1980 3305; baseline 0.003 -21"><span class='ocrx_word' id='word_1_462' title='bbox 404 3246 569 3299; x_wconf 91' lang='lat' dir='ltr'><strong>puum</strong></span> <span class='ocrx_word' id='word_1_463' title='bbox 600 3232 804 3286; x_wconf 86' lang='lat' dir='ltr'><strong>habens</strong></span> <span class='ocrx_word' id='word_1_464' title='bbox 843 3232 946 3285; x_wconf 88' lang='lat' dir='ltr'><strong>hoc</strong></span> <span class='ocrx_word' id='word_1_465' title='bbox 968 3233 1113 3301; x_wconf 92' lang='lat' dir='ltr'><strong>quod</strong></span> <span class='ocrx_word' id='word_1_466' title='bbox 1140 3233 1208 3287; x_wconf 87' lang='lat' dir='ltr'><strong>ad</strong></span> <span class='ocrx_word' id='word_1_467' title='bbox 1231 3233 1325 3287; x_wconf 88' lang='lat' dir='ltr'><strong>Dei</strong></span> <span class='ocrx_word' id='word_1_468' title='bbox 1358 3232 1523 3289; x_wconf 85' lang='lat' dir='ltr'><strong>Verbi</strong></span> <span class='ocrx_word' id='word_1_469' title='bbox 1558 3234 1980 3305; x_wconf 86' lang='lat' dir='ltr'><strong>copulationem,</strong></span> 
     </span>
    </p>
   </div>
   <div class='ocr_carea' id='block_1_62' title="bbox 405 3321 1981 3394">
    <p class='ocr_par' dir='ltr' id='par_1_62' title="bbox 405 3321 1981 3394">
     <span class='ocr_line' id='line_1_62' title="bbox 405 3321 1981 3394; baseline 0.003 -18"><span class='ocrx_word' id='word_1_470' title='bbox 405 3321 747 3391; x_wconf 86' lang='lat' dir='ltr'><strong>adoptionem</strong></span> <span class='ocrx_word' id='word_1_471' title='bbox 774 3329 829 3376; x_wconf 88' lang='lat' dir='ltr'><strong>et</strong></span> <span class='ocrx_word' id='word_1_472' title='bbox 872 3321 1296 3377; x_wconf 86' lang='lat' dir='ltr'><strong>dominationem</strong></span> <span class='ocrx_word' id='word_1_473' title='bbox 1324 3324 1690 3394; x_wconf 76' lang='lat' dir='ltr'><strong>participans,</strong></span> <span class='ocrx_word' id='word_1_474' title='bbox 1727 3325 1981 3380; x_wconf 87' lang='lat' dir='ltr'><strong>auferens</strong></span> 
     </span>
    </p>
   </div>
   <div class='ocr_carea' id='block_1_63' title="bbox 403 3411 1983 3482">
    <p class='ocr_par' dir='ltr' id='par_1_63' title="bbox 403 3411 1983 3482">
     <span class='ocr_line' id='line_1_63' title="bbox 403 3411 1983 3482; baseline 0.004 -17"><span class='ocrx_word' id='word_1_475' title='bbox 403 3411 619 3481; x_wconf 82' lang='lat' dir='ltr'><strong>quidem</strong></span> <span class='ocrx_word' id='word_1_476' title='bbox 658 3426 875 3466; x_wconf 86' lang='lat' dir='ltr'><strong>omnem</strong></span> <span class='ocrx_word' id='word_1_477' title='bbox 915 3412 1277 3482; x_wconf 85' lang='lat' dir='ltr'><strong>suspicionem</strong></span> <span class='ocrx_word' id='word_1_478' title='bbox 1333 3414 1606 3471; x_wconf 87' lang='lat' dir='ltr'><strong>dualitalis</strong></span> <span class='ocrx_word' id='word_1_479' title='bbox 1660 3416 1891 3470; x_wconf 90' lang='lat' dir='ltr'><strong>ﬁliorum</strong></span> <span class='ocrx_word' id='word_1_480' title='bbox 1927 3423 1983 3471; x_wconf 89' lang='lat' dir='ltr'><strong>et</strong></span> 
     </span>
    </p>
   </div>
   <div class='ocr_carea' id='block_1_64' title="bbox 403 3501 1982 3575">
    <p class='ocr_par' dir='ltr' id='par_1_64' title="bbox 403 3501 1982 3575">
     <span class='ocr_line' id='line_1_64' title="bbox 403 3501 1982 3575; baseline 0.004 -21"><span class='ocrx_word' id='word_1_481' title='bbox 403 3501 779 3568; x_wconf 81' lang='lat' dir='ltr'><strong>Dominarum,</strong></span> <span class='ocrx_word' id='word_1_482' title='bbox 809 3510 1067 3572; x_wconf 63' lang='lat' dir='ltr'><strong>priestato</strong></span> <span class='ocrx_word' id='word_1_483' title='bbox 1103 3518 1234 3558; x_wconf 88' lang='lat' dir='ltr'><strong>vero</strong></span> <span class='ocrx_word' id='word_1_484' title='bbox 1270 3502 1429 3559; x_wconf 89' lang='lat' dir='ltr'><strong>nobis</strong></span> <span class='ocrx_word' id='word_1_485' title='bbox 1467 3505 1520 3559; x_wconf 90' lang='lat' dir='ltr'><strong>in</strong></span> <span class='ocrx_word' id='word_1_486' title='bbox 1551 3504 1890 3575; x_wconf 89' lang='lat' dir='ltr'><strong>copulatione</strong></span> <span class='ocrx_word' id='word_1_487' title='bbox 1912 3505 1982 3560; x_wconf 90' lang='lat' dir='ltr'><strong>ad</strong></span> 
     </span>
    </p>
   </div>
   <div class='ocr_carea' id='block_1_65' title="bbox 403 3590 1982 3665">
    <p class='ocr_par' dir='ltr' id='par_1_65' title="bbox 403 3590 1982 3665">
     <span class='ocr_line' id='line_1_65' title="bbox 403 3590 1982 3665; baseline 0.003 -20"><span class='ocrx_word' id='word_1_488' title='bbox 403 3590 575 3646; x_wconf 85' lang='lat' dir='ltr'><strong>Deum</strong></span> <span class='ocrx_word' id='word_1_489' title='bbox 601 3590 839 3649; x_wconf 80' lang='lat' dir='ltr'><strong>Verbum</strong></span> <span class='ocrx_word' id='word_1_490' title='bbox 866 3609 1082 3649; x_wconf 86' lang='lat' dir='ltr'><strong>omnem</strong></span> <span class='ocrx_word' id='word_1_491' title='bbox 1109 3594 1339 3649; x_wconf 86' lang='lat' dir='ltr'><strong>haberet</strong></span> <span class='ocrx_word' id='word_1_492' title='bbox 1366 3595 1536 3665; x_wconf 88' lang='lat' dir='ltr'><strong>ipsius</strong></span> <span class='ocrx_word' id='word_1_493' title='bbox 1559 3597 1719 3651; x_wconf 88' lang='lat' dir='ltr'><strong>ﬁdem</strong></span> <span class='ocrx_word' id='word_1_494' title='bbox 1745 3604 1801 3651; x_wconf 90' lang='lat' dir='ltr'><strong>et</strong></span> <span class='ocrx_word' id='word_1_495' title='bbox 1823 3597 1982 3652; x_wconf 79' lang='lat' dir='ltr'><strong>intel-</strong></span> 
     </span>
    </p>
   </div>
   <div class='ocr_carea' id='block_1_66' title="bbox 400 3682 1980 3755">
    <p class='ocr_par' dir='ltr' id='par_1_66' title="bbox 400 3682 1980 3755">
     <span class='ocr_line' id='line_1_66' title="bbox 400 3682 1980 3755; baseline 0.006 -20"><span class='ocrx_word' id='word_1_496' title='bbox 400 3682 676 3751; x_wconf 86' lang='lat' dir='ltr'><strong>ligentiam</strong></span> <span class='ocrx_word' id='word_1_497' title='bbox 714 3691 770 3738; x_wconf 89' lang='lat' dir='ltr'><strong>et</strong></span> <span class='ocrx_word' id='word_1_498' title='bbox 794 3684 1059 3738; x_wconf 85' lang='lat' dir='ltr'><strong>theoriam</strong></span> <span class='ocrx_word' id='word_1_499' title='bbox 1082 3724 1096 3747; x_wconf 93' lang='lat'><strong>,</strong></span> <span class='ocrx_word' id='word_1_500' title='bbox 1143 3701 1245 3755; x_wconf 88' lang='lat' dir='ltr'><strong>pro</strong></span> <span class='ocrx_word' id='word_1_501' title='bbox 1291 3686 1489 3755; x_wconf 86' lang='lat' dir='ltr'><strong>quibus</strong></span> <span class='ocrx_word' id='word_1_502' title='bbox 1525 3696 1589 3742; x_wconf 82' lang='lat' dir='ltr'><strong>et</strong></span> <span class='ocrx_word' id='word_1_503' title='bbox 1613 3689 1980 3745; x_wconf 89' lang='lat' dir='ltr'><strong>adorationem</strong></span> 
     </span>
    </p>
   </div>
   <div class='ocr_carea' id='block_1_67' title="bbox 402 3774 1980 3847">
    <p class='ocr_par' dir='ltr' id='par_1_67' title="bbox 402 3774 1980 3847">
     <span class='ocr_line' id='line_1_67' title="bbox 402 3774 1980 3847; baseline 0.004 -17"><span class='ocrx_word' id='word_1_504' title='bbox 402 3790 502 3844; x_wconf 90' lang='lat' dir='ltr'><strong>pro</strong></span> <span class='ocrx_word' id='word_1_505' title='bbox 539 3774 803 3829; x_wconf 88' lang='lat' dir='ltr'><strong>relatione</strong></span> <span class='ocrx_word' id='word_1_506' title='bbox 830 3775 923 3829; x_wconf 89' lang='lat' dir='ltr'><strong>Dei</strong></span> <span class='ocrx_word' id='word_1_507' title='bbox 952 3776 1018 3830; x_wconf 90' lang='lat' dir='ltr'><strong>ab</strong></span> <span class='ocrx_word' id='word_1_508' title='bbox 1042 3777 1190 3831; x_wconf 89' lang='lat' dir='ltr'><strong>omni</strong></span> <span class='ocrx_word' id='word_1_509' title='bbox 1213 3778 1452 3847; x_wconf 87' lang='lat' dir='ltr'><strong>suscepit</strong></span> <span class='ocrx_word' id='word_1_510' title='bbox 1480 3788 1749 3835; x_wconf 87' lang='lat' dir='ltr'><strong>creatura.</strong></span> <span class='ocrx_word' id='word_1_511' title='bbox 1778 3779 1980 3836; x_wconf 88' lang='lat' dir='ltr'><strong>Verum</strong></span> 
     </span>
    </p>
   </div>
   <div class='ocr_carea' id='block_1_68' title="bbox 401 3865 1978 3941">
    <p class='ocr_par' dir='ltr' id='par_1_68' title="bbox 401 3865 1978 3941">
     <span class='ocr_line' id='line_1_68' title="bbox 401 3865 1978 3941; baseline 0.007 -23"><span class='ocrx_word' id='word_1_512' title='bbox 401 3865 565 3938; x_wconf 85' lang='lat' dir='ltr'><strong>igitur</strong></span> <span class='ocrx_word' id='word_1_513' title='bbox 592 3865 789 3921; x_wconf 84' lang='lat' dir='ltr'><strong>Filium</strong></span> <span class='ocrx_word' id='word_1_514' title='bbox 818 3866 1050 3923; x_wconf 85' lang='lat' dir='ltr'><strong>dicimus</strong></span> <span class='ocrx_word' id='word_1_515' title='bbox 1073 3875 1130 3923; x_wconf 91' lang='lat' dir='ltr'><strong>et</strong></span> <span class='ocrx_word' id='word_1_516' title='bbox 1150 3869 1436 3925; x_wconf 88' lang='lat' dir='ltr'><strong>Dominum</strong></span> <span class='ocrx_word' id='word_1_517' title='bbox 1464 3870 1649 3929; x_wconf 84' lang='lat' dir='ltr'><strong>Jesum</strong></span> <span class='ocrx_word' id='word_1_518' title='bbox 1677 3871 1978 3941; x_wconf 85' lang='lat' dir='ltr'><strong>Christum,</strong></span> 
     </span>
    </p>
   </div>
   <div class='ocr_carea' id='block_1_69' title="bbox 399 3959 1981 4037">
    <p class='ocr_par' dir='ltr' id='par_1_69' title="bbox 399 3959 1981 4037">
     <span class='ocr_line' id='line_1_69' title="bbox 399 3959 1981 4037; baseline 0.008 -27"><span class='ocrx_word' id='word_1_519' title='bbox 399 3972 497 4027; x_wconf 89' lang='lat' dir='ltr'><strong>per</strong></span> <span class='ocrx_word' id='word_1_520' title='bbox 521 3974 684 4026; x_wconf 86' lang='lat' dir='ltr'><strong>quem</strong></span> <span class='ocrx_word' id='word_1_521' title='bbox 710 3960 892 4015; x_wconf 88' lang='lat' dir='ltr'><strong>omnia</strong></span> <span class='ocrx_word' id='word_1_522' title='bbox 937 3959 1082 4015; x_wconf 88' lang='lat' dir='ltr'><strong>facta</strong></span> <span class='ocrx_word' id='word_1_523' title='bbox 1135 3968 1283 4026; x_wconf 87' lang='lat' dir='ltr'><strong>sunt,</strong></span> <span class='ocrx_word' id='word_1_524' title='bbox 1339 3962 1719 4034; x_wconf 85' lang='lat' dir='ltr'><strong>principaliter</strong></span> <span class='ocrx_word' id='word_1_525' title='bbox 1763 3966 1981 4037; x_wconf 88' lang='lat' dir='ltr'><strong>quidem</strong></span> 
     </span>
    </p>
   </div>
   <div class='ocr_carea' id='block_1_70' title="bbox 401 4048 1979 4118">
    <p class='ocr_par' dir='ltr' id='par_1_70' title="bbox 401 4048 1979 4118">
     <span class='ocr_line' id='line_1_70' title="bbox 401 4048 1979 4118; baseline 0.007 -17"><span class='ocrx_word' id='word_1_526' title='bbox 401 4048 567 4101; x_wconf 91' lang='lat' dir='ltr'><strong>Deum</strong></span> <span class='ocrx_word' id='word_1_527' title='bbox 615 4048 852 4103; x_wconf 85' lang='lat' dir='ltr'><strong>Verbum</strong></span> <span class='ocrx_word' id='word_1_528' title='bbox 905 4050 1267 4118; x_wconf 83' lang='lat' dir='ltr'><strong>intelligentes</strong></span> <span class='ocrx_word' id='word_1_529' title='bbox 1316 4053 1749 4112; x_wconf 88' lang='lat' dir='ltr'><strong>substantialiter</strong></span> <span class='ocrx_word' id='word_1_530' title='bbox 1780 4056 1979 4112; x_wconf 84' lang='lat' dir='ltr'><strong>Filium</strong></span> 
     </span>
    </p>
   </div>
   <div class='ocr_carea' id='block_1_71' title="bbox 401 4135 1981 4214">
    <p class='ocr_par' dir='ltr' id='par_1_71' title="bbox 401 4135 1981 4214">
     <span class='ocr_line' id='line_1_71' title="bbox 401 4135 1981 4214; baseline 0.007 -25"><span class='ocrx_word' id='word_1_531' title='bbox 401 4135 515 4191; x_wconf 89' lang='lat' dir='ltr'><strong>Dei.</strong></span> <span class='ocrx_word' id='word_1_532' title='bbox 553 4155 571 4187; x_wconf 76' lang='grc' dir='ltr'><strong><em>ι</em></strong></span> <span class='ocrx_word' id='word_1_533' title='bbox 599 4136 800 4191; x_wconf 87' lang='lat' dir='ltr'><strong>lterum</strong></span> <span class='ocrx_word' id='word_1_534' title='bbox 822 4137 965 4192; x_wconf 90' lang='lat' dir='ltr'><strong>idem</strong></span> <span class='ocrx_word' id='word_1_535' title='bbox 983 4136 1266 4195; x_wconf 84' lang='lat' dir='ltr'><strong>Nestorius</strong></span> <span class='ocrx_word' id='word_1_536' title='bbox 1294 4157 1307 4192; x_wconf 90' lang='lat'><strong>:</strong></span> <span class='ocrx_word' id='word_1_537' title='bbox 1344 4158 1363 4191; x_wconf 72' lang='grc' dir='ltr'>ι</span> <span class='ocrx_word' id='word_1_538' title='bbox 1404 4140 1461 4195; x_wconf 88' lang='lat' dir='ltr'><strong>Si</strong></span> <span class='ocrx_word' id='word_1_539' title='bbox 1484 4142 1609 4210; x_wconf 91' lang='lat' dir='ltr'><strong>quis</strong></span> <span class='ocrx_word' id='word_1_540' title='bbox 1630 4158 1756 4198; x_wconf 90' lang='lat' dir='ltr'><strong>eum</strong></span> <span class='ocrx_word' id='word_1_541' title='bbox 1777 4146 1868 4214; x_wconf 89' lang='lat' dir='ltr'><strong>qui</strong></span> <span class='ocrx_word' id='word_1_542' title='bbox 1895 4153 1981 4200; x_wconf 89' lang='lat' dir='ltr'><strong>est</strong></span> 
     </span>
    </p>
   </div>
   <div class='ocr_carea' id='block_1_72' title="bbox 401 4226 1980 4304">
    <p class='ocr_par' dir='ltr' id='par_1_72' title="bbox 401 4226 1980 4304">
     <span class='ocr_line' id='line_1_72' title="bbox 401 4226 1980 4304; baseline 0.006 -24"><span class='ocrx_word' id='word_1_543' title='bbox 401 4226 719 4285; x_wconf 74' lang='lat' dir='ltr'><strong>Emmanuel</strong></span> <span class='ocrx_word' id='word_1_544' title='bbox 742 4267 759 4293; x_wconf 94' lang='lat'><strong>,</strong></span> <span class='ocrx_word' id='word_1_545' title='bbox 784 4229 954 4283; x_wconf 91' lang='lat' dir='ltr'><strong>Deum</strong></span> <span class='ocrx_word' id='word_1_546' title='bbox 978 4244 1168 4282; x_wconf 84' lang='lat' dir='ltr'><strong>verum</strong></span> <span class='ocrx_word' id='word_1_547' title='bbox 1195 4244 1316 4284; x_wconf 88' lang='lat' dir='ltr'><strong>esse</strong></span> <span class='ocrx_word' id='word_1_548' title='bbox 1337 4229 1553 4295; x_wconf 81' lang='lat' dir='ltr'><strong>dixerit,</strong></span> <span class='ocrx_word' id='word_1_549' title='bbox 1579 4241 1636 4287; x_wconf 89' lang='lat' dir='ltr'><strong>et</strong></span> <span class='ocrx_word' id='word_1_550' title='bbox 1659 4249 1765 4287; x_wconf 91' lang='lat' dir='ltr'><strong>non</strong></span> <span class='ocrx_word' id='word_1_551' title='bbox 1799 4236 1980 4304; x_wconf 88' lang='lat' dir='ltr'><strong>potius</strong></span> 
     </span>
    </p>
   </div>
   <div class='ocr_carea' id='block_1_73' title="bbox 400 4316 1982 4396">
    <p class='ocr_par' dir='ltr' id='par_1_73' title="bbox 400 4316 1982 4396">
     <span class='ocr_line' id='line_1_73' title="bbox 400 4316 1982 4396; baseline 0.008 -26"><span class='ocrx_word' id='word_1_552' title='bbox 400 4316 690 4372; x_wconf 79' lang='lat' dir='ltr'><strong>Nobiscum</strong></span> <span class='ocrx_word' id='word_1_553' title='bbox 722 4318 881 4384; x_wconf 87' lang='lat' dir='ltr'><strong>Deus,</strong></span> <span class='ocrx_word' id='word_1_554' title='bbox 917 4320 1023 4374; x_wconf 89' lang='lat' dir='ltr'><strong>hoc</strong></span> <span class='ocrx_word' id='word_1_555' title='bbox 1047 4327 1171 4386; x_wconf 89' lang='lat' dir='ltr'><strong>est,</strong></span> <span class='ocrx_word' id='word_1_556' title='bbox 1224 4320 1558 4377; x_wconf 82' lang='lat' dir='ltr'><strong>inhabitasse</strong></span> <span class='ocrx_word' id='word_1_557' title='bbox 1586 4338 1707 4380; x_wconf 88' lang='lat' dir='ltr'><strong>eam</strong></span> <span class='ocrx_word' id='word_1_558' title='bbox 1735 4341 1854 4396; x_wconf 70' lang='lat' dir='ltr'><strong>qua:</strong></span> <span class='ocrx_word' id='word_1_559' title='bbox 1895 4342 1982 4383; x_wconf 92' lang='lat' dir='ltr'><strong>se-</strong></span> 
     </span>
    </p>
   </div>
   <div class='ocr_carea' id='block_1_74' title="bbox 398 4411 1980 4485">
    <p class='ocr_par' dir='ltr' id='par_1_74' title="bbox 398 4411 1980 4485">
     <span class='ocr_line' id='line_1_74' title="bbox 398 4411 1980 4485; baseline 0.006 -21"><span class='ocrx_word' id='word_1_560' title='bbox 398 4411 632 4464; x_wconf 87' lang='lat' dir='ltr'><strong>cundum</strong></span> <span class='ocrx_word' id='word_1_561' title='bbox 688 4425 787 4467; x_wconf 88' lang='lat' dir='ltr'><strong>nos</strong></span> <span class='ocrx_word' id='word_1_562' title='bbox 839 4418 923 4466; x_wconf 91' lang='lat' dir='ltr'><strong>est</strong></span> <span class='ocrx_word' id='word_1_563' title='bbox 972 4419 1243 4478; x_wconf 89' lang='lat' dir='ltr'><strong>naturam,</strong></span> <span class='ocrx_word' id='word_1_564' title='bbox 1279 4429 1378 4483; x_wconf 89' lang='lat' dir='ltr'><strong>per</strong></span> <span class='ocrx_word' id='word_1_565' title='bbox 1422 4413 1475 4469; x_wconf 91' lang='lat' dir='ltr'><strong>id</strong></span> <span class='ocrx_word' id='word_1_566' title='bbox 1505 4415 1650 4485; x_wconf 91' lang='lat' dir='ltr'><strong>quod</strong></span> <span class='ocrx_word' id='word_1_567' title='bbox 1681 4419 1865 4473; x_wconf 90' lang='lat' dir='ltr'><strong>unitus</strong></span> <span class='ocrx_word' id='word_1_568' title='bbox 1895 4427 1980 4475; x_wconf 88' lang='lat' dir='ltr'><strong>est</strong></span> 
     </span>
    </p>
   </div>
   <div class='ocr_carea' id='block_1_75' title="bbox 399 4501 1978 4578">
    <p class='ocr_par' dir='ltr' id='par_1_75' title="bbox 399 4501 1978 4578">
     <span class='ocr_line' id='line_1_75' title="bbox 399 4501 1978 4578; baseline 0.006 -24"><span class='ocrx_word' id='word_1_569' title='bbox 399 4509 601 4555; x_wconf 70' lang='lat' dir='ltr'><strong>nostra:</strong></span> <span class='ocrx_word' id='word_1_570' title='bbox 650 4515 813 4570; x_wconf 85' lang='lat' dir='ltr'><strong>quam</strong></span> <span class='ocrx_word' id='word_1_571' title='bbox 865 4501 932 4559; x_wconf 90' lang='lat' dir='ltr'><strong>de</strong></span> <span class='ocrx_word' id='word_1_572' title='bbox 974 4501 1143 4559; x_wconf 80' lang='lat' dir='ltr'><strong>Maria</strong></span> <span class='ocrx_word' id='word_1_573' title='bbox 1170 4502 1382 4574; x_wconf 79' lang='lat' dir='ltr'><strong>virgine</strong></span> <span class='ocrx_word' id='word_1_574' title='bbox 1408 4506 1685 4575; x_wconf 89' lang='lat' dir='ltr'><strong>suscepit:</strong></span> <span class='ocrx_word' id='word_1_575' title='bbox 1726 4526 1746 4560; x_wconf 75' lang='grc' dir='ltr'><strong><em>ι</em></strong></span> <span class='ocrx_word' id='word_1_576' title='bbox 1780 4516 1837 4563; x_wconf 90' lang='lat' dir='ltr'><strong>et</strong></span> <span class='ocrx_word' id='word_1_577' title='bbox 1856 4520 1978 4578; x_wconf 83' lang='lat' dir='ltr'><strong>post</strong></span> 
     </span>
    </p>
   </div>
   <div class='ocr_carea' id='block_1_76' title="bbox 396 4591 1976 4668">
    <p class='ocr_par' dir='ltr' id='par_1_76' title="bbox 396 4591 1976 4668">
     <span class='ocr_line' id='line_1_76' title="bbox 396 4591 1976 4668; baseline 0.006 -23"><span class='ocrx_word' id='word_1_578' title='bbox 396 4591 577 4663; x_wconf 84' lang='lat' dir='ltr'><strong>aliqua</strong></span> <span class='ocrx_word' id='word_1_579' title='bbox 631 4592 897 4661; x_wconf 76' lang='lat' dir='ltr'><strong>subjecit,</strong></span> <span class='ocrx_word' id='word_1_580' title='bbox 946 4611 966 4644; x_wconf 74' lang='grc' dir='ltr'><strong><em>ι</em></strong></span> <span class='ocrx_word' id='word_1_581' title='bbox 1019 4595 1304 4649; x_wconf 87' lang='lat' dir='ltr'><strong>anathema</strong></span> <span class='ocrx_word' id='word_1_582' title='bbox 1333 4596 1425 4651; x_wconf 86' lang='lat' dir='ltr'><strong>sit.</strong></span> <span class='ocrx_word' id='word_1_583' title='bbox 1458 4616 1476 4650; x_wconf 74' lang='grc' dir='ltr'><strong><em>ι</em></strong></span> <span class='ocrx_word' id='word_1_584' title='bbox 1511 4596 1646 4651; x_wconf 86' lang='lat' dir='ltr'><strong>item</strong></span> <span class='ocrx_word' id='word_1_585' title='bbox 1673 4598 1825 4668; x_wconf 92' lang='lat' dir='ltr'><strong>ipse:</strong></span> <span class='ocrx_word' id='word_1_586' title='bbox 1861 4618 1881 4651; x_wconf 76' lang='grc' dir='ltr'>ι</span> <span class='ocrx_word' id='word_1_587' title='bbox 1917 4599 1976 4655; x_wconf 88' lang='lat' dir='ltr'><strong>Si</strong></span> 
     </span>
    </p>
   </div>
   <div class='ocr_carea' id='block_1_77' title="bbox 396 4684 1977 4759">
    <p class='ocr_par' dir='ltr' id='par_1_77' title="bbox 396 4684 1977 4759">
     <span class='ocr_line' id='line_1_77' title="bbox 396 4684 1977 4759; baseline 0.009 -24"><span class='ocrx_word' id='word_1_588' title='bbox 396 4684 520 4754; x_wconf 86' lang='lat' dir='ltr'><strong>quis</strong></span> <span class='ocrx_word' id='word_1_589' title='bbox 540 4700 707 4739; x_wconf 92' lang='lat' dir='ltr'><strong>unum</strong></span> <span class='ocrx_word' id='word_1_590' title='bbox 738 4700 858 4741; x_wconf 91' lang='lat' dir='ltr'><strong>esse</strong></span> <span class='ocrx_word' id='word_1_591' title='bbox 872 4694 994 4756; x_wconf 90' lang='lat' dir='ltr'><strong>post</strong></span> <span class='ocrx_word' id='word_1_592' title='bbox 1021 4689 1446 4759; x_wconf 88' lang='lat' dir='ltr'><strong>assumptioncm</strong></span> <span class='ocrx_word' id='word_1_593' title='bbox 1474 4689 1730 4756; x_wconf 87' lang='lat' dir='ltr'><strong>hominis,</strong></span> <span class='ocrx_word' id='word_1_594' title='bbox 1756 4700 1977 4751; x_wconf 86' lang='lat' dir='ltr'><strong>natura-</strong></span> 
     </span>
    </p>
   </div>
   <div class='ocr_carea' id='block_1_78' title="bbox 395 4774 1972 4850">
    <p class='ocr_par' dir='ltr' id='par_1_78' title="bbox 395 4774 1972 4850">
     <span class='ocr_line' id='line_1_78' title="bbox 395 4774 1972 4850; baseline 0.006 -23"><span class='ocrx_word' id='word_1_595' title='bbox 395 4774 522 4829; x_wconf 87' lang='lat' dir='ltr'><strong>liter</strong></span> <span class='ocrx_word' id='word_1_596' title='bbox 548 4774 646 4830; x_wconf 88' lang='lat' dir='ltr'><strong>Dci</strong></span> <span class='ocrx_word' id='word_1_597' title='bbox 687 4775 855 4831; x_wconf 90' lang='lat' dir='ltr'><strong>ﬁlium</strong></span> <span class='ocrx_word' id='word_1_598' title='bbox 899 4776 1061 4831; x_wconf 85' lang='lat' dir='ltr'><strong>audet</strong></span> <span class='ocrx_word' id='word_1_599' title='bbox 1087 4777 1289 4842; x_wconf 88' lang='lat' dir='ltr'><strong>dicere,</strong></span> <span class='ocrx_word' id='word_1_600' title='bbox 1329 4792 1452 4832; x_wconf 87' lang='lat' dir='ltr'><strong>cum</strong></span> <span class='ocrx_word' id='word_1_601' title='bbox 1502 4779 1576 4833; x_wconf 89' lang='lat' dir='ltr'><strong>sit</strong></span> <span class='ocrx_word' id='word_1_602' title='bbox 1616 4780 1972 4850; x_wconf 82' lang='lat' dir='ltr'><strong>Emmanuel,</strong></span> 
     </span>
    </p>
   </div>
   <div class='ocr_carea' id='block_1_79' title="bbox 396 4864 1973 4937">
    <p class='ocr_par' dir='ltr' id='par_1_79' title="bbox 396 4864 1973 4937">
     <span class='ocr_line' id='line_1_79' title="bbox 396 4864 1973 4937; baseline 0.005 -19"><span class='ocrx_word' id='word_1_603' title='bbox 396 4864 685 4920; x_wconf 81' lang='lat' dir='ltr'><strong>anathema</strong></span> <span class='ocrx_word' id='word_1_604' title='bbox 712 4864 801 4918; x_wconf 88' lang='lat' dir='ltr'><strong>sit.</strong></span> <span class='ocrx_word' id='word_1_605' title='bbox 831 4883 853 4917; x_wconf 73' lang='grc' dir='ltr'><strong>ι</strong></span> <span class='ocrx_word' id='word_1_606' title='bbox 883 4865 1013 4919; x_wconf 85' lang='lat' dir='ltr'><strong>item</strong></span> <span class='ocrx_word' id='word_1_607' title='bbox 1044 4865 1159 4934; x_wconf 85' lang='lat' dir='ltr'><strong>ipse</strong></span> <span class='ocrx_word' id='word_1_608' title='bbox 1192 4884 1205 4919; x_wconf 91' lang='lat'><strong>:</strong></span> <span class='ocrx_word' id='word_1_609' title='bbox 1244 4884 1264 4916; x_wconf 72' lang='grc' dir='ltr'>ι</span> <span class='ocrx_word' id='word_1_610' title='bbox 1302 4866 1361 4920; x_wconf 89' lang='lat' dir='ltr'><strong>Si</strong></span> <span class='ocrx_word' id='word_1_611' title='bbox 1392 4868 1517 4937; x_wconf 86' lang='lat' dir='ltr'><strong>quis</strong></span> <span class='ocrx_word' id='word_1_612' title='bbox 1556 4877 1679 4936; x_wconf 88' lang='lat' dir='ltr'><strong>post</strong></span> <span class='ocrx_word' id='word_1_613' title='bbox 1723 4870 1973 4926; x_wconf 85' lang='lat' dir='ltr'><strong>incarna-</strong></span> 
     </span>
    </p>
   </div>
   <div class='ocr_carea' id='block_1_80' title="bbox 398 4953 1975 5029">
    <p class='ocr_par' dir='ltr' id='par_1_80' title="bbox 398 4953 1975 5029">
     <span class='ocr_line' id='line_1_80' title="bbox 398 4953 1975 5029; baseline 0.006 -21"><span class='ocrx_word' id='word_1_614' title='bbox 398 4956 598 5010; x_wconf 88' lang='lat' dir='ltr'><strong>tionem</strong></span> <span class='ocrx_word' id='word_1_615' title='bbox 647 4954 817 5008; x_wconf 85' lang='lat' dir='ltr'><strong>Deum</strong></span> <span class='ocrx_word' id='word_1_616' title='bbox 864 4953 1099 5009; x_wconf 89' lang='lat' dir='ltr'><strong>Verbum</strong></span> <span class='ocrx_word' id='word_1_617' title='bbox 1132 4955 1375 5017; x_wconf 83' lang='lat' dir='ltr'><strong>alterum</strong></span> <span class='ocrx_word' id='word_1_618' title='bbox 1431 4958 1735 5029; x_wconf 87' lang='lat' dir='ltr'><strong>quempiam</strong></span> <span class='ocrx_word' id='word_1_619' title='bbox 1774 4970 1975 5029; x_wconf 75' lang='lat' dir='ltr'><strong>pr‘aetcr</strong></span> 
     </span>
    </p>
   </div>
   <div class='ocr_carea' id='block_1_81' title="bbox 394 5048 1968 5122">
    <p class='ocr_par' dir='ltr' id='par_1_81' title="bbox 394 5048 1968 5122">
     <span class='ocr_line' id='line_1_81' title="bbox 394 5048 1968 5122; baseline 0.003 -19"><span class='ocrx_word' id='word_1_620' title='bbox 394 5048 673 5107; x_wconf 85' lang='lat' dir='ltr'><strong>Christum</strong></span> <span class='ocrx_word' id='word_1_621' title='bbox 701 5050 1084 5116; x_wconf 83' lang='lat' dir='ltr'><strong>nominaverit,</strong></span> <span class='ocrx_word' id='word_1_622' title='bbox 1119 5068 1139 5101; x_wconf 73' lang='grc' dir='ltr'><strong>ι</strong></span> <span class='ocrx_word' id='word_1_623' title='bbox 1168 5057 1222 5107; x_wconf 80' lang='lat' dir='ltr'><strong>et</strong></span> <span class='ocrx_word' id='word_1_624' title='bbox 1252 5059 1377 5119; x_wconf 87' lang='lat' dir='ltr'><strong>post</strong></span> <span class='ocrx_word' id='word_1_625' title='bbox 1423 5067 1597 5121; x_wconf 80' lang='lat' dir='ltr'><strong>pauca</strong></span> <span class='ocrx_word' id='word_1_626' title='bbox 1647 5052 1925 5122; x_wconf 73' lang='lat' dir='ltr'><strong>subiunxit</strong></span> <span class='ocrx_word' id='word_1_627' title='bbox 1954 5095 1968 5119; x_wconf 91' lang='lat'><strong>,</strong></span> 
     </span>
    </p>
   </div>
   <div class='ocr_carea' id='block_1_82' title="bbox 401 5141 1971 5225">
    <p class='ocr_par' dir='ltr' id='par_1_82' title="bbox 401 5141 1971 5225">
     <span class='ocr_line' id='line_1_82' title="bbox 401 5141 1971 5225; baseline 0.006 -33"><span class='ocrx_word' id='word_1_628' title='bbox 401 5158 420 5192; x_wconf 84' lang='grc'><strong>‹</strong></span> <span class='ocrx_word' id='word_1_629' title='bbox 455 5143 744 5197; x_wconf 86' lang='lat' dir='ltr'><strong>anathema</strong></span> <span class='ocrx_word' id='word_1_630' title='bbox 772 5142 862 5198; x_wconf 87' lang='lat' dir='ltr'><strong>sit.</strong></span> <span class='ocrx_word' id='word_1_631' title='bbox 894 5162 914 5194; x_wconf 75' lang='grc' dir='ltr'><strong><em>ι</em></strong></span> <span class='ocrx_word' id='word_1_632' title='bbox 946 5141 1016 5196; x_wconf 86' lang='grc' dir='ltr'><strong>Ει</strong></span> <span class='ocrx_word' id='word_1_633' title='bbox 1054 5142 1227 5198; x_wconf 87' lang='lat' dir='ltr'><strong>item:</strong></span> <span class='ocrx_word' id='word_1_634' title='bbox 1263 5160 1282 5193; x_wconf 84' lang='grc'><strong>‹</strong></span> <span class='ocrx_word' id='word_1_635' title='bbox 1320 5141 1380 5197; x_wconf 84' lang='lat' dir='ltr'><strong>Si</strong></span> <span class='ocrx_word' id='word_1_636' title='bbox 1407 5144 1530 5214; x_wconf 87' lang='lat' dir='ltr'><strong>quis</strong></span> <span class='ocrx_word' id='word_1_637' title='bbox 1560 5144 1835 5201; x_wconf 84' lang='lat' dir='ltr'><strong>hominem</strong></span> <span class='ocrx_word' id='word_1_638' title='bbox 1880 5148 1971 5225; x_wconf 74' lang='lat' dir='ltr'><strong>qui</strong></span> 
     </span>
    </p>
   </div>
   <div class='ocr_carea' id='block_1_83' title="bbox 398 5230 1971 5307">
    <p class='ocr_par' dir='ltr' id='par_1_83' title="bbox 398 5230 1971 5307">
     <span class='ocr_line' id='line_1_83' title="bbox 398 5230 1971 5307; baseline 0.007 -25"><span class='ocrx_word' id='word_1_639' title='bbox 398 5230 448 5283; x_wconf 89' lang='lat' dir='ltr'><strong>in</strong></span> <span class='ocrx_word' id='word_1_640' title='bbox 478 5232 685 5301; x_wconf 83' lang='lat' dir='ltr'><strong>virgine</strong></span> <span class='ocrx_word' id='word_1_641' title='bbox 722 5243 938 5290; x_wconf 88' lang='lat' dir='ltr'><strong>creatus</strong></span> <span class='ocrx_word' id='word_1_642' title='bbox 969 5240 1069 5295; x_wconf 91' lang='lat' dir='ltr'><strong>est,</strong></span> <span class='ocrx_word' id='word_1_643' title='bbox 1108 5234 1252 5289; x_wconf 88' lang='lat' dir='ltr'><strong>hunc</strong></span> <span class='ocrx_word' id='word_1_644' title='bbox 1278 5248 1400 5290; x_wconf 87' lang='lat' dir='ltr'><strong>esse</strong></span> <span class='ocrx_word' id='word_1_645' title='bbox 1424 5235 1755 5307; x_wconf 83' lang='lat' dir='ltr'><strong>unigenitum</strong></span> <span class='ocrx_word' id='word_1_646' title='bbox 1820 5239 1971 5296; x_wconf 73' lang='lat' dir='ltr'><strong>dixe-</strong></span> 
     </span>
    </p>
   </div>
   <div class='ocr_carea' id='block_1_84' title="bbox 2087 3137 3663 3222">
    <p class='ocr_par' dir='ltr' id='par_1_84' title="bbox 2087 3137 3663 3222">
     <span class='ocr_line' id='line_1_84' title="bbox 2087 3137 3663 3222; baseline 0.004 -28"><span class='ocrx_word' id='word_1_647' title='bbox 2087 3137 2232 3203; x_wconf 89' lang='lat' dir='ltr'><strong>dula,</strong></span> <span class='ocrx_word' id='word_1_648' title='bbox 2248 3146 2371 3209; x_wconf 91' lang='lat' dir='ltr'><strong>post</strong></span> <span class='ocrx_word' id='word_1_649' title='bbox 2393 3138 2573 3209; x_wconf 88' lang='lat' dir='ltr'><strong>aliqua</strong></span> <span class='ocrx_word' id='word_1_650' title='bbox 2594 3156 2714 3210; x_wconf 70' lang='lat' dir='ltr'><strong>qua:</strong></span> <span class='ocrx_word' id='word_1_651' title='bbox 2733 3141 3087 3211; x_wconf 68' lang='lat' dir='ltr'><strong>prmmiscrat,</strong></span> <span class='ocrx_word' id='word_1_652' title='bbox 3109 3144 3262 3212; x_wconf 88' lang='lat' dir='ltr'><strong>quasi</strong></span> <span class='ocrx_word' id='word_1_653' title='bbox 3285 3144 3663 3222; x_wconf 76' lang='lat' dir='ltr'><strong>interrogans:</strong></span> 
     </span>
    </p>
   </div>
   <div class='ocr_carea' id='block_1_85' title="bbox 2091 3226 3665 3303">
    <p class='ocr_par' dir='ltr' id='par_1_85' title="bbox 2091 3226 3665 3303">
     <span class='ocr_line' id='line_1_85' title="bbox 2091 3226 3665 3303; baseline 0.008 -25"><span class='ocrx_word' id='word_1_654' title='bbox 2091 3245 2110 3278; x_wconf 76' lang='grc' dir='ltr'>ι</span> <span class='ocrx_word' id='word_1_655' title='bbox 2146 3226 2290 3283; x_wconf 90' lang='lat' dir='ltr'><strong>Deus</strong></span> <span class='ocrx_word' id='word_1_656' title='bbox 2334 3227 2494 3282; x_wconf 88' lang='lat' dir='ltr'><strong>Pater</strong></span> <span class='ocrx_word' id='word_1_657' title='bbox 2522 3230 2899 3300; x_wconf 90' lang='lat' dir='ltr'><strong>omnipotens,</strong></span> <span class='ocrx_word' id='word_1_658' title='bbox 2926 3230 3202 3288; x_wconf 88' lang='lat' dir='ltr'><strong>voluntate</strong></span> <span class='ocrx_word' id='word_1_659' title='bbox 3239 3234 3424 3303; x_wconf 88' lang='lat' dir='ltr'><strong>genuit</strong></span> <span class='ocrx_word' id='word_1_660' title='bbox 3441 3234 3665 3300; x_wconf 84' lang='lat' dir='ltr'><strong>Filium,</strong></span> 
     </span>
    </p>
   </div>
   <div class='ocr_carea' id='block_1_86' title="bbox 2084 3318 3729 3391">
    <p class='ocr_par' dir='ltr' id='par_1_86' title="bbox 2084 3318 3729 3391">
     <span class='ocr_line' id='line_1_86' title="bbox 2084 3318 3729 3391; baseline 0.009 -21"><span class='ocrx_word' id='word_1_661' title='bbox 2084 3332 2152 3370; x_wconf 91' lang='lat' dir='ltr'><strong>an</strong></span> <span class='ocrx_word' id='word_1_662' title='bbox 2167 3318 2544 3374; x_wconf 65' lang='lat' dir='ltr'><strong>necessitate?»</strong></span> <span class='ocrx_word' id='word_1_663' title='bbox 2562 3319 2629 3374; x_wconf 87' lang='lat' dir='ltr'><strong>Et</strong></span> <span class='ocrx_word' id='word_1_664' title='bbox 2643 3322 2959 3391; x_wconf 83' lang='lat' dir='ltr'><strong>respondtit:</strong></span> <span class='ocrx_word' id='word_1_665' title='bbox 2970 3340 2989 3372; x_wconf 74' lang='grc' dir='ltr'><strong>ε</strong></span> <span class='ocrx_word' id='word_1_666' title='bbox 3000 3322 3269 3389; x_wconf 79' lang='lat' dir='ltr'><strong>Quantum</strong></span> <span class='ocrx_word' id='word_1_667' title='bbox 3286 3324 3352 3378; x_wconf 88' lang='lat' dir='ltr'><strong>ad</strong></span> <span class='ocrx_word' id='word_1_668' title='bbox 3367 3326 3668 3383; x_wconf 80' lang='lat' dir='ltr'><strong>divinitatis</strong></span> <span class='ocrx_word' id='word_1_669' title='bbox 3726 3364 3729 3365; x_wconf 52' lang='grc' dir='ltr'><em>ν</em></span> 
     </span>
    </p>
   </div>
   <div class='ocr_carea' id='block_1_87' title="bbox 2082 3409 3667 3486">
    <p class='ocr_par' dir='ltr' id='par_1_87' title="bbox 2082 3409 3667 3486">
     <span class='ocr_line' id='line_1_87' title="bbox 2082 3409 3667 3486; baseline 0.007 -22"><span class='ocrx_word' id='word_1_670' title='bbox 2082 3409 2200 3480; x_wconf 88' lang='lat' dir='ltr'><strong>ejus</strong></span> <span class='ocrx_word' id='word_1_671' title='bbox 2227 3410 2521 3466; x_wconf 87' lang='lat' dir='ltr'><strong>essentiam</strong></span> <span class='ocrx_word' id='word_1_672' title='bbox 2545 3411 2801 3482; x_wconf 88' lang='lat' dir='ltr'><strong>pertinet,</strong></span> <span class='ocrx_word' id='word_1_673' title='bbox 2830 3428 3005 3484; x_wconf 87' lang='lat' dir='ltr'><strong>neque</strong></span> <span class='ocrx_word' id='word_1_674' title='bbox 3028 3414 3326 3481; x_wconf 87' lang='lat' dir='ltr'><strong>voluntate,</strong></span> <span class='ocrx_word' id='word_1_675' title='bbox 3364 3430 3537 3486; x_wconf 89' lang='lat' dir='ltr'><strong>neque</strong></span> <span class='ocrx_word' id='word_1_676' title='bbox 3558 3432 3667 3475; x_wconf 85' lang='lat' dir='ltr'><strong>ne-</strong></span> 
     </span>
    </p>
   </div>
   <div class='ocr_carea' id='block_1_88' title="bbox 2083 3499 3670 3574">
    <p class='ocr_par' dir='ltr' id='par_1_88' title="bbox 2083 3499 3670 3574">
     <span class='ocr_line' id='line_1_88' title="bbox 2083 3499 3670 3574; baseline 0.007 -21"><span class='ocrx_word' id='word_1_677' title='bbox 2083 3499 2358 3566; x_wconf 87' lang='lat' dir='ltr'><strong>cessitate,</strong></span> <span class='ocrx_word' id='word_1_678' title='bbox 2405 3501 2501 3557; x_wconf 84' lang='lat' dir='ltr'><strong>sed</strong></span> <span class='ocrx_word' id='word_1_679' title='bbox 2531 3500 2747 3557; x_wconf 88' lang='lat' dir='ltr'><strong>natura.</strong></span> <span class='ocrx_word' id='word_1_680' title='bbox 2776 3502 2836 3557; x_wconf 91' lang='lat' dir='ltr'><strong>ln</strong></span> <span class='ocrx_word' id='word_1_681' title='bbox 2865 3518 2996 3558; x_wconf 89' lang='lat' dir='ltr'><strong>vero</strong></span> <span class='ocrx_word' id='word_1_682' title='bbox 3041 3506 3238 3574; x_wconf 90' lang='lat' dir='ltr'><strong>quippe</strong></span> <span class='ocrx_word' id='word_1_683' title='bbox 3284 3504 3395 3561; x_wconf 90' lang='lat' dir='ltr'><strong>ﬁlio</strong></span> <span class='ocrx_word' id='word_1_684' title='bbox 3420 3506 3489 3560; x_wconf 90' lang='lat' dir='ltr'><strong>de</strong></span> <span class='ocrx_word' id='word_1_685' title='bbox 3534 3508 3670 3564; x_wconf 91' lang='lat' dir='ltr'><strong>sub-</strong></span> 
     </span>
    </p>
   </div>
   <div class='ocr_carea' id='block_1_89' title="bbox 2080 3591 3669 3668">
    <p class='ocr_par' dir='ltr' id='par_1_89' title="bbox 2080 3591 3669 3668">
     <span class='ocr_line' id='line_1_89' title="bbox 2080 3591 3669 3668; baseline 0.008 -24"><span class='ocrx_word' id='word_1_686' title='bbox 2080 3591 2284 3645; x_wconf 86' lang='lat' dir='ltr'><strong>stantia</strong></span> <span class='ocrx_word' id='word_1_687' title='bbox 2337 3592 2513 3662; x_wconf 87' lang='lat' dir='ltr'><strong>patris</strong></span> <span class='ocrx_word' id='word_1_688' title='bbox 2560 3594 2759 3665; x_wconf 89' lang='lat' dir='ltr'><strong>genito,</strong></span> <span class='ocrx_word' id='word_1_689' title='bbox 2796 3594 3044 3649; x_wconf 87' lang='lat' dir='ltr'><strong>voluntas</strong></span> <span class='ocrx_word' id='word_1_690' title='bbox 3091 3597 3431 3651; x_wconf 88' lang='lat' dir='ltr'><strong>nativitatem</strong></span> <span class='ocrx_word' id='word_1_691' title='bbox 3467 3599 3669 3668; x_wconf 68' lang='lat' dir='ltr'><strong>praeire</strong></span> 
     </span>
    </p>
   </div>
   <div class='ocr_carea' id='block_1_90' title="bbox 2081 3683 3664 3759">
    <p class='ocr_par' dir='ltr' id='par_1_90' title="bbox 2081 3683 3664 3759">
     <span class='ocr_line' id='line_1_90' title="bbox 2081 3683 3664 3759; baseline 0.007 -24"><span class='ocrx_word' id='word_1_692' title='bbox 2081 3696 2190 3735; x_wconf 93' lang='lat' dir='ltr'><strong>non</strong></span> <span class='ocrx_word' id='word_1_693' title='bbox 2218 3689 2415 3753; x_wconf 87' lang='lat' dir='ltr'><strong>potest,</strong></span> <span class='ocrx_word' id='word_1_694' title='bbox 2442 3683 2536 3738; x_wconf 90' lang='lat' dir='ltr'><strong>ubi</strong></span> <span class='ocrx_word' id='word_1_695' title='bbox 2563 3692 2756 3757; x_wconf 83' lang='lat' dir='ltr'><strong>natura</strong></span> <span class='ocrx_word' id='word_1_696' title='bbox 2791 3685 3068 3755; x_wconf 71' lang='lat' dir='ltr'><strong>prmcedit.</strong></span> <span class='ocrx_word' id='word_1_697' title='bbox 3105 3684 3211 3741; x_wconf 90' lang='lat' dir='ltr'><strong>Sed</strong></span> <span class='ocrx_word' id='word_1_698' title='bbox 3246 3703 3422 3759; x_wconf 89' lang='lat' dir='ltr'><strong>neque</strong></span> <span class='ocrx_word' id='word_1_699' title='bbox 3465 3706 3664 3747; x_wconf 90' lang='lat' dir='ltr'><strong>neces-</strong></span> 
     </span>
    </p>
   </div>
   <div class='ocr_carea' id='block_1_91' title="bbox 2082 3774 3670 3846">
    <p class='ocr_par' dir='ltr' id='par_1_91' title="bbox 2082 3774 3670 3846">
     <span class='ocr_line' id='line_1_91' title="bbox 2082 3774 3670 3846; baseline 0.006 -18"><span class='ocrx_word' id='word_1_700' title='bbox 2082 3774 2264 3839; x_wconf 89' lang='lat' dir='ltr'><strong>sitate,</strong></span> <span class='ocrx_word' id='word_1_701' title='bbox 2300 3790 2423 3845; x_wconf 77' lang='lat' dir='ltr'><strong>qua:</strong></span> <span class='ocrx_word' id='word_1_702' title='bbox 2453 3775 2508 3828; x_wconf 92' lang='lat' dir='ltr'><strong>in</strong></span> <span class='ocrx_word' id='word_1_703' title='bbox 2538 3774 2650 3829; x_wconf 90' lang='lat' dir='ltr'><strong>Deo</strong></span> <span class='ocrx_word' id='word_1_704' title='bbox 2675 3777 2859 3846; x_wconf 90' lang='lat' dir='ltr'><strong>utique</strong></span> <span class='ocrx_word' id='word_1_705' title='bbox 2886 3791 2993 3831; x_wconf 91' lang='lat' dir='ltr'><strong>non</strong></span> <span class='ocrx_word' id='word_1_706' title='bbox 3015 3784 3117 3832; x_wconf 88' lang='lat' dir='ltr'><strong>est.</strong></span> <span class='ocrx_word' id='word_1_707' title='bbox 3146 3777 3417 3845; x_wconf 86' lang='lat' dir='ltr'><strong>Quantum</strong></span> <span class='ocrx_word' id='word_1_708' title='bbox 3444 3794 3574 3835; x_wconf 88' lang='lat' dir='ltr'><strong>vero</strong></span> <span class='ocrx_word' id='word_1_709' title='bbox 3594 3782 3670 3837; x_wconf 88' lang='lat' dir='ltr'><strong>ad</strong></span> 
     </span>
    </p>
   </div>
   <div class='ocr_carea' id='block_1_92' title="bbox 2081 3864 3670 3936">
    <p class='ocr_par' dir='ltr' id='par_1_92' title="bbox 2081 3864 3670 3936">
     <span class='ocr_line' id='line_1_92' title="bbox 2081 3864 3670 3936; baseline 0.004 -16"><span class='ocrx_word' id='word_1_710' title='bbox 2081 3866 2434 3921; x_wconf 83' lang='lat' dir='ltr'><strong>humanitatis</strong></span> <span class='ocrx_word' id='word_1_711' title='bbox 2456 3864 2574 3935; x_wconf 90' lang='lat' dir='ltr'><strong>ejus</strong></span> <span class='ocrx_word' id='word_1_712' title='bbox 2601 3868 2961 3922; x_wconf 87' lang='lat' dir='ltr'><strong>substantiam</strong></span> <span class='ocrx_word' id='word_1_713' title='bbox 2990 3870 3263 3936; x_wconf 89' lang='lat' dir='ltr'><strong>convenit,</strong></span> <span class='ocrx_word' id='word_1_714' title='bbox 3291 3871 3541 3927; x_wconf 88' lang='lat' dir='ltr'><strong>eumdem</strong></span> <span class='ocrx_word' id='word_1_715' title='bbox 3573 3872 3670 3927; x_wconf 86' lang='lat' dir='ltr'><strong>Fi-</strong></span> 
     </span>
    </p>
   </div>
   <div class='ocr_carea' id='block_1_93' title="bbox 2081 3955 3669 4029">
    <p class='ocr_par' dir='ltr' id='par_1_93' title="bbox 2081 3955 3669 4029">
     <span class='ocr_line' id='line_1_93' title="bbox 2081 3955 3669 4029; baseline 0.004 -20"><span class='ocrx_word' id='word_1_716' title='bbox 2081 3955 2215 4011; x_wconf 89' lang='lat' dir='ltr'><strong>lium</strong></span> <span class='ocrx_word' id='word_1_717' title='bbox 2250 3972 2430 4023; x_wconf 91' lang='lat' dir='ltr'><strong>suum,</strong></span> <span class='ocrx_word' id='word_1_718' title='bbox 2478 3956 2605 4027; x_wconf 83' lang='lat' dir='ltr'><strong>quia</strong></span> <span class='ocrx_word' id='word_1_719' title='bbox 2637 3972 2744 4011; x_wconf 91' lang='lat' dir='ltr'><strong>non</strong></span> <span class='ocrx_word' id='word_1_720' title='bbox 2791 3972 2858 4012; x_wconf 83' lang='lat' dir='ltr'><strong>ex</strong></span> <span class='ocrx_word' id='word_1_721' title='bbox 2901 3959 3193 4029; x_wconf 86' lang='lat' dir='ltr'><strong>semetipso</strong></span> <span class='ocrx_word' id='word_1_722' title='bbox 3218 3960 3425 4029; x_wconf 82' lang='lat' dir='ltr'><strong>genuit,</strong></span> <span class='ocrx_word' id='word_1_723' title='bbox 3472 3961 3567 4015; x_wconf 82' lang='lat' dir='ltr'><strong>sed</strong></span> <span class='ocrx_word' id='word_1_724' title='bbox 3594 3961 3669 4016; x_wconf 88' lang='lat' dir='ltr'><strong>de</strong></span> 
     </span>
    </p>
   </div>
   <div class='ocr_carea' id='block_1_94' title="bbox 2080 4046 3669 4117">
    <p class='ocr_par' dir='ltr' id='par_1_94' title="bbox 2080 4046 3669 4117">
     <span class='ocr_line' id='line_1_94' title="bbox 2080 4046 3669 4117; baseline 0.004 -17"><span class='ocrx_word' id='word_1_725' title='bbox 2080 4047 2384 4102; x_wconf 86' lang='lat' dir='ltr'><strong>substantia</strong></span> <span class='ocrx_word' id='word_1_726' title='bbox 2414 4046 2606 4103; x_wconf 89' lang='lat' dir='ltr'><strong>matris</strong></span> <span class='ocrx_word' id='word_1_727' title='bbox 2628 4046 2852 4117; x_wconf 84' lang='lat' dir='ltr'><strong>virginis</strong></span> <span class='ocrx_word' id='word_1_728' title='bbox 2879 4046 3107 4113; x_wconf 88' lang='lat' dir='ltr'><strong>creavit,</strong></span> <span class='ocrx_word' id='word_1_729' title='bbox 3131 4056 3187 4103; x_wconf 90' lang='lat' dir='ltr'><strong>et</strong></span> <span class='ocrx_word' id='word_1_730' title='bbox 3211 4050 3362 4104; x_wconf 88' lang='lat' dir='ltr'><strong>nasci</strong></span> <span class='ocrx_word' id='word_1_731' title='bbox 3389 4049 3574 4115; x_wconf 89' lang='lat' dir='ltr'><strong>voluit,</strong></span> <span class='ocrx_word' id='word_1_732' title='bbox 3591 4052 3669 4107; x_wconf 92' lang='lat' dir='ltr'><strong>ob</strong></span> 
     </span>
    </p>
   </div>
   <div class='ocr_carea' id='block_1_95' title="bbox 2080 4137 3669 4207">
    <p class='ocr_par' dir='ltr' id='par_1_95' title="bbox 2080 4137 3669 4207">
     <span class='ocr_line' id='line_1_95' title="bbox 2080 4137 3669 4207; baseline 0.001 -14"><span class='ocrx_word' id='word_1_733' title='bbox 2080 4137 2205 4200; x_wconf 86' lang='lat' dir='ltr'><strong>hoc,</strong></span> <span class='ocrx_word' id='word_1_734' title='bbox 2236 4137 2511 4191; x_wconf 86' lang='lat' dir='ltr'><strong>voluntate</strong></span> <span class='ocrx_word' id='word_1_735' title='bbox 2541 4145 2764 4207; x_wconf 89' lang='lat' dir='ltr'><strong>propter</strong></span> <span class='ocrx_word' id='word_1_736' title='bbox 2798 4137 3215 4207; x_wconf 87' lang='lat' dir='ltr'><strong>redemptionem</strong></span> <span class='ocrx_word' id='word_1_737' title='bbox 3239 4147 3500 4204; x_wconf 88' lang='lat' dir='ltr'><strong>nostram,</strong></span> <span class='ocrx_word' id='word_1_738' title='bbox 3550 4155 3669 4195; x_wconf 89' lang='lat' dir='ltr'><strong>non</strong></span> 
     </span>
    </p>
   </div>
   <div class='ocr_carea' id='block_1_96' title="bbox 2079 4223 3328 4294">
    <p class='ocr_par' dir='ltr' id='par_1_96' title="bbox 2079 4223 3328 4294">
     <span class='ocr_line' id='line_1_96' title="bbox 2079 4223 3328 4294; baseline 0 -16"><span class='ocrx_word' id='word_1_739' title='bbox 2079 4224 2321 4293; x_wconf 85' lang='lat' dir='ltr'><strong>qualibet</strong></span> <span class='ocrx_word' id='word_1_740' title='bbox 2350 4227 2677 4280; x_wconf 88' lang='lat' dir='ltr'><strong>necessitate</strong></span> <span class='ocrx_word' id='word_1_741' title='bbox 2701 4223 2818 4294; x_wconf 80' lang='lat' dir='ltr'><strong>ejus</strong></span> <span class='ocrx_word' id='word_1_742' title='bbox 2843 4226 2986 4280; x_wconf 89' lang='lat' dir='ltr'><strong>ﬁlius</strong></span> <span class='ocrx_word' id='word_1_743' title='bbox 3013 4225 3269 4281; x_wconf 86' lang='lat' dir='ltr'><strong>creditur.</strong></span> <span class='ocrx_word' id='word_1_744' title='bbox 3308 4244 3328 4278; x_wconf 70' lang='grc' dir='ltr'><strong><em>ι</em></strong></span> 
     </span>
    </p>
   </div>
   <div class='ocr_carea' id='block_1_97' title="bbox 2150 4312 3673 4409">
    <p class='ocr_par' dir='ltr' id='par_1_97' title="bbox 2150 4312 3673 4409">
     <span class='ocr_line' id='line_1_97' title="bbox 2150 4312 3673 4409; baseline 0.003 -38"><span class='ocrx_word' id='word_1_745' title='bbox 2150 4312 2220 4372; x_wconf 81' lang='lat' dir='ltr'><strong>X.</strong></span> <span class='ocrx_word' id='word_1_746' title='bbox 2259 4317 2320 4373; x_wconf 92' lang='lat' dir='ltr'><strong>In</strong></span> <span class='ocrx_word' id='word_1_747' title='bbox 2362 4318 2466 4373; x_wconf 89' lang='lat' dir='ltr'><strong>hac</strong></span> <span class='ocrx_word' id='word_1_748' title='bbox 2509 4318 2778 4409; x_wconf 54' lang='lat' dir='ltr'><strong>sente/ntia</strong></span> <span class='ocrx_word' id='word_1_749' title='bbox 2808 4317 2959 4373; x_wconf 80' lang='lat' dir='ltr'><strong>Felix</strong></span> <span class='ocrx_word' id='word_1_750' title='bbox 2983 4319 3217 4390; x_wconf 91' lang='lat' dir='ltr'><strong>primum</strong></span> <span class='ocrx_word' id='word_1_751' title='bbox 3256 4333 3323 4373; x_wconf 85' lang='lat' dir='ltr'><strong>ex</strong></span> <span class='ocrx_word' id='word_1_752' title='bbox 3362 4314 3673 4390; x_wconf 82' lang='lat' dir='ltr'><strong>interroga-</strong></span> 
     </span>
    </p>
   </div>
   <div class='ocr_carea' id='block_1_98' title="bbox 2081 4409 3672 4480">
    <p class='ocr_par' dir='ltr' id='par_1_98' title="bbox 2081 4409 3672 4480">
     <span class='ocr_line' id='line_1_98' title="bbox 2081 4409 3672 4480; baseline 0.001 -15"><span class='ocrx_word' id='word_1_753' title='bbox 2081 4410 2228 4465; x_wconf 88' lang='lat' dir='ltr'><strong>tione</strong></span> <span class='ocrx_word' id='word_1_754' title='bbox 2258 4409 2527 4479; x_wconf 88' lang='lat' dir='ltr'><strong>superﬁua</strong></span> <span class='ocrx_word' id='word_1_755' title='bbox 2562 4418 2619 4463; x_wconf 91' lang='lat' dir='ltr'><strong>ct</strong></span> <span class='ocrx_word' id='word_1_756' title='bbox 2667 4424 2829 4476; x_wconf 90' lang='lat' dir='ltr'><strong>vana,</strong></span> <span class='ocrx_word' id='word_1_757' title='bbox 2870 4425 2974 4479; x_wconf 89' lang='lat' dir='ltr'><strong>qua</strong></span> <span class='ocrx_word' id='word_1_758' title='bbox 3005 4411 3324 4480; x_wconf 86' lang='lat' dir='ltr'><strong>interrogat,</strong></span> <span class='ocrx_word' id='word_1_759' title='bbox 3356 4418 3535 4464; x_wconf 86' lang='lat' dir='ltr'><strong>utrum</strong></span> <span class='ocrx_word' id='word_1_760' title='bbox 3564 4426 3672 4467; x_wconf 87' lang='lat' dir='ltr'><strong>vo-</strong></span> 
     </span>
    </p>
   </div>
   <div class='ocr_carea' id='block_1_99' title="bbox 2085 4503 3675 4575">
    <p class='ocr_par' dir='ltr' id='par_1_99' title="bbox 2085 4503 3675 4575">
     <span class='ocr_line' id='line_1_99' title="bbox 2085 4503 3675 4575; baseline 0.001 -16"><span class='ocrx_word' id='word_1_761' title='bbox 2085 4506 2292 4560; x_wconf 89' lang='lat' dir='ltr'><strong>luntate</strong></span> <span class='ocrx_word' id='word_1_762' title='bbox 2329 4520 2398 4559; x_wconf 89' lang='lat' dir='ltr'><strong>an</strong></span> <span class='ocrx_word' id='word_1_763' title='bbox 2429 4505 2755 4560; x_wconf 88' lang='lat' dir='ltr'><strong>necessitate</strong></span> <span class='ocrx_word' id='word_1_764' title='bbox 2777 4505 3024 4575; x_wconf 87' lang='lat' dir='ltr'><strong>genuerit</strong></span> <span class='ocrx_word' id='word_1_765' title='bbox 3061 4503 3222 4558; x_wconf 89' lang='lat' dir='ltr'><strong>Pater</strong></span> <span class='ocrx_word' id='word_1_766' title='bbox 3258 4503 3474 4569; x_wconf 83' lang='lat' dir='ltr'><strong>Filium,</strong></span> <span class='ocrx_word' id='word_1_767' title='bbox 3503 4519 3675 4560; x_wconf 87' lang='lat' dir='ltr'><strong>occa-</strong></span> 
     </span>
    </p>
   </div>
   <div class='ocr_carea' id='block_1_100' title="bbox 2081 4594 3673 4667">
    <p class='ocr_par' dir='ltr' id='par_1_100' title="bbox 2081 4594 3673 4667">
     <span class='ocr_line' id='line_1_100' title="bbox 2081 4594 3673 4667; baseline -0.002 -13"><span class='ocrx_word' id='word_1_768' title='bbox 2081 4599 2291 4654; x_wconf 87' lang='lat' dir='ltr'><strong>sionem</strong></span> <span class='ocrx_word' id='word_1_769' title='bbox 2317 4596 2419 4652; x_wconf 87' lang='lat' dir='ltr'><strong>sibi</strong></span> <span class='ocrx_word' id='word_1_770' title='bbox 2448 4604 2607 4665; x_wconf 88' lang='lat' dir='ltr'><strong>parat</strong></span> <span class='ocrx_word' id='word_1_771' title='bbox 2634 4613 2683 4667; x_wconf 84' lang='lat' dir='ltr'><strong>p:</strong></span> <span class='ocrx_word' id='word_1_772' title='bbox 2704 4595 2983 4650; x_wconf 89' lang='lat' dir='ltr'><strong>rveniendi</strong></span> <span class='ocrx_word' id='word_1_773' title='bbox 3013 4597 3081 4649; x_wconf 90' lang='lat' dir='ltr'><strong>ad</strong></span> <span class='ocrx_word' id='word_1_774' title='bbox 3109 4594 3162 4650; x_wconf 91' lang='lat' dir='ltr'><strong>id</strong></span> <span class='ocrx_word' id='word_1_775' title='bbox 3190 4596 3332 4664; x_wconf 88' lang='lat' dir='ltr'><strong>quod</strong></span> <span class='ocrx_word' id='word_1_776' title='bbox 3362 4594 3501 4649; x_wconf 87' lang='lat' dir='ltr'><strong>male</strong></span> <span class='ocrx_word' id='word_1_777' title='bbox 3539 4610 3673 4651; x_wconf 86' lang='lat' dir='ltr'><strong>sen-</strong></span> 
     </span>
    </p>
   </div>
   <div class='ocr_carea' id='block_1_101' title="bbox 2084 4685 3674 4758">
    <p class='ocr_par' dir='ltr' id='par_1_101' title="bbox 2084 4685 3674 4758">
     <span class='ocr_line' id='line_1_101' title="bbox 2084 4685 3674 4758; baseline -0.003 -11"><span class='ocrx_word' id='word_1_778' title='bbox 2084 4691 2167 4756; x_wconf 87' lang='lat' dir='ltr'><strong>tit,</strong></span> <span class='ocrx_word' id='word_1_779' title='bbox 2199 4698 2256 4744; x_wconf 90' lang='lat' dir='ltr'><strong>et</strong></span> <span class='ocrx_word' id='word_1_780' title='bbox 2279 4689 2550 4758; x_wconf 87' lang='lat' dir='ltr'><strong>loquendo</strong></span> <span class='ocrx_word' id='word_1_781' title='bbox 2577 4687 2851 4758; x_wconf 79' lang='lat' dir='ltr'><strong>explicare</strong></span> <span class='ocrx_word' id='word_1_782' title='bbox 2888 4702 2995 4741; x_wconf 91' lang='lat' dir='ltr'><strong>non</strong></span> <span class='ocrx_word' id='word_1_783' title='bbox 3025 4686 3206 4743; x_wconf 90' lang='lat' dir='ltr'><strong>audet.</strong></span> <span class='ocrx_word' id='word_1_784' title='bbox 3238 4685 3475 4743; x_wconf 78' lang='lat' dir='ltr'><strong>Dicenda</strong></span> <span class='ocrx_word' id='word_1_785' title='bbox 3509 4701 3674 4742; x_wconf 88' lang='lat' dir='ltr'><strong>nam-</strong></span> 
     </span>
    </p>
   </div>
   <div class='ocr_carea' id='block_1_102' title="bbox 2081 4777 3671 4851">
    <p class='ocr_par' dir='ltr' id='par_1_102' title="bbox 2081 4777 3671 4851">
     <span class='ocr_line' id='line_1_102' title="bbox 2081 4777 3671 4851; baseline -0.002 -15"><span class='ocrx_word' id='word_1_786' title='bbox 2081 4796 2185 4851; x_wconf 83' lang='lat' dir='ltr'><strong>que</strong></span> <span class='ocrx_word' id='word_1_787' title='bbox 2213 4800 2226 4835; x_wconf 76' lang='grc' dir='ltr'><strong>ε</strong></span> <span class='ocrx_word' id='word_1_788' title='bbox 2255 4780 2321 4835; x_wconf 81' lang='lat' dir='ltr'><strong>In</strong></span> <span class='ocrx_word' id='word_1_789' title='bbox 2352 4796 2468 4835; x_wconf 77' lang='lat' dir='ltr'><strong>vero</strong></span> <span class='ocrx_word' id='word_1_790' title='bbox 2494 4780 2680 4851; x_wconf 81' lang='lat' dir='ltr'><strong>quippe</strong></span> <span class='ocrx_word' id='word_1_791' title='bbox 2704 4777 2818 4847; x_wconf 78' lang='lat' dir='ltr'><strong>ﬁlio</strong></span> <span class='ocrx_word' id='word_1_792' title='bbox 2846 4778 2910 4832; x_wconf 81' lang='lat' dir='ltr'><strong>de</strong></span> <span class='ocrx_word' id='word_1_793' title='bbox 2937 4777 3233 4831; x_wconf 72' lang='lat' dir='ltr'><strong>substantia</strong></span> <span class='ocrx_word' id='word_1_794' title='bbox 3265 4777 3432 4846; x_wconf 73' lang='lat' dir='ltr'><strong>patris</strong></span> <span class='ocrx_word' id='word_1_795' title='bbox 3454 4779 3631 4848; x_wconf 76' lang='lat' dir='ltr'><strong>genito</strong></span> <span class='ocrx_word' id='word_1_796' title='bbox 3650 4819 3671 4847; x_wconf 84' lang='lat'><strong>,</strong></span> 
     </span>
    </p>
   </div>
   <div class='ocr_carea' id='block_1_103' title="bbox 2081 4868 3676 4935">
    <p class='ocr_par' dir='ltr' id='par_1_103' title="bbox 2081 4868 3676 4935">
     <span class='ocr_line' id='line_1_103' title="bbox 2081 4868 3676 4935; baseline 0.001 -9"><span class='ocrx_word' id='word_1_797' title='bbox 2081 4873 2153 4927; x_wconf 85' lang='lat' dir='ltr'><strong>ita</strong></span> <span class='ocrx_word' id='word_1_798' title='bbox 2186 4871 2378 4926; x_wconf 90' lang='lat' dir='ltr'><strong>dividit</strong></span> <span class='ocrx_word' id='word_1_799' title='bbox 2405 4868 2740 4924; x_wconf 85' lang='lat' dir='ltr'><strong>divinitatem</strong></span> <span class='ocrx_word' id='word_1_800' title='bbox 2770 4869 2837 4924; x_wconf 90' lang='lat' dir='ltr'><strong>ab</strong></span> <span class='ocrx_word' id='word_1_801' title='bbox 2861 4868 3198 4925; x_wconf 84' lang='lat' dir='ltr'><strong>humanitate</strong></span> <span class='ocrx_word' id='word_1_802' title='bbox 3227 4871 3281 4925; x_wconf 89' lang='lat' dir='ltr'><strong>in</strong></span> <span class='ocrx_word' id='word_1_803' title='bbox 3309 4869 3558 4935; x_wconf 90' lang='lat' dir='ltr'><strong>Domino,</strong></span> <span class='ocrx_word' id='word_1_804' title='bbox 3598 4882 3676 4928; x_wconf 89' lang='lat' dir='ltr'><strong>ut</strong></span> 
     </span>
    </p>
   </div>
   <div class='ocr_carea' id='block_1_104' title="bbox 2080 4957 3674 5038">
    <p class='ocr_par' dir='ltr' id='par_1_104' title="bbox 2080 4957 3674 5038">
     <span class='ocr_line' id='line_1_104' title="bbox 2080 4957 3674 5038; baseline -0.001 -21"><span class='ocrx_word' id='word_1_805' title='bbox 2080 4976 2201 5017; x_wconf 89' lang='lat' dir='ltr'><strong>eam</strong></span> <span class='ocrx_word' id='word_1_806' title='bbox 2229 4960 2283 5038; x_wconf 76' lang='lat' dir='ltr'><strong>in</strong></span> <span class='ocrx_word' id='word_1_807' title='bbox 2309 4958 2421 5016; x_wconf 87' lang='lat' dir='ltr'><strong>sola</strong></span> <span class='ocrx_word' id='word_1_808' title='bbox 2452 4958 2732 5015; x_wconf 87' lang='lat' dir='ltr'><strong>divinitate</strong></span> <span class='ocrx_word' id='word_1_809' title='bbox 2760 4957 2904 5015; x_wconf 81' lang='lat' dir='ltr'><strong>dicat</strong></span> <span class='ocrx_word' id='word_1_810' title='bbox 2931 4972 3121 5019; x_wconf 81' lang='lat' dir='ltr'><strong>verum</strong></span> <span class='ocrx_word' id='word_1_811' title='bbox 3140 4959 3362 5026; x_wconf 77' lang='lat' dir='ltr'><strong>Filium,</strong></span> <span class='ocrx_word' id='word_1_812' title='bbox 3394 4960 3447 5014; x_wconf 89' lang='lat' dir='ltr'><strong>in</strong></span> <span class='ocrx_word' id='word_1_813' title='bbox 3477 4974 3579 5028; x_wconf 86' lang='lat' dir='ltr'><strong>qua</strong></span> <span class='ocrx_word' id='word_1_814' title='bbox 3603 4970 3674 5016; x_wconf 85' lang='lat' dir='ltr'><strong>et</strong></span> 
     </span>
    </p>
   </div>
   <div class='ocr_carea' id='block_1_105' title="bbox 2078 5046 3671 5123">
    <p class='ocr_par' dir='ltr' id='par_1_105' title="bbox 2078 5046 3671 5123">
     <span class='ocr_line' id='line_1_105' title="bbox 2078 5046 3671 5123; baseline -0.002 -17"><span class='ocrx_word' id='word_1_815' title='bbox 2078 5051 2146 5106; x_wconf 77' lang='lat' dir='ltr'><strong>de</strong></span> <span class='ocrx_word' id='word_1_816' title='bbox 2168 5048 2350 5123; x_wconf 77' lang='lat' dir='ltr'><strong>Patris</strong></span> <span class='ocrx_word' id='word_1_817' title='bbox 2374 5047 2679 5105; x_wconf 85' lang='lat' dir='ltr'><strong>substantia</strong></span> <span class='ocrx_word' id='word_1_818' title='bbox 2698 5056 2782 5103; x_wconf 87' lang='lat' dir='ltr'><strong>est</strong></span> <span class='ocrx_word' id='word_1_819' title='bbox 2808 5048 3053 5117; x_wconf 88' lang='lat' dir='ltr'><strong>genitus;</strong></span> <span class='ocrx_word' id='word_1_820' title='bbox 3081 5046 3236 5117; x_wconf 72' lang='lat' dir='ltr'><strong>juxta</strong></span> <span class='ocrx_word' id='word_1_821' title='bbox 3260 5048 3671 5104; x_wconf 86' lang='lat' dir='ltr'><strong>humanitatem</strong></span> 
     </span>
    </p>
   </div>
   <div class='ocr_carea' id='block_1_106' title="bbox 2078 5135 3672 5206">
    <p class='ocr_par' dir='ltr' id='par_1_106' title="bbox 2078 5135 3672 5206">
     <span class='ocr_line' id='line_1_106' title="bbox 2078 5135 3672 5206; baseline -0.001 -12"><span class='ocrx_word' id='word_1_822' title='bbox 2078 5150 2276 5205; x_wconf 84' lang='lat' dir='ltr'><strong>autem,</strong></span> <span class='ocrx_word' id='word_1_823' title='bbox 2332 5138 2387 5192; x_wconf 91' lang='lat' dir='ltr'><strong>in</strong></span> <span class='ocrx_word' id='word_1_824' title='bbox 2414 5152 2520 5206; x_wconf 84' lang='lat' dir='ltr'><strong>qua</strong></span> <span class='ocrx_word' id='word_1_825' title='bbox 2565 5144 2622 5191; x_wconf 90' lang='lat' dir='ltr'><strong>et</strong></span> <span class='ocrx_word' id='word_1_826' title='bbox 2665 5135 2801 5191; x_wconf 87' lang='lat' dir='ltr'><strong>dicit</strong></span> <span class='ocrx_word' id='word_1_827' title='bbox 2846 5135 2992 5189; x_wconf 85' lang='lat' dir='ltr'><strong>illum</strong></span> <span class='ocrx_word' id='word_1_828' title='bbox 3021 5136 3088 5191; x_wconf 90' lang='lat' dir='ltr'><strong>de</strong></span> <span class='ocrx_word' id='word_1_829' title='bbox 3116 5136 3416 5191; x_wconf 87' lang='lat' dir='ltr'><strong>substantia</strong></span> <span class='ocrx_word' id='word_1_830' title='bbox 3462 5138 3672 5195; x_wconf 85' lang='lat' dir='ltr'><strong>matris</strong></span> 
     </span>
    </p>
   </div>
   <div class='ocr_carea' id='block_1_107' title="bbox 2078 5227 3669 5303">
    <p class='ocr_par' dir='ltr' id='par_1_107' title="bbox 2078 5227 3669 5303">
     <span class='ocr_line' id='line_1_107' title="bbox 2078 5227 3669 5303; baseline -0.003 -16"><span class='ocrx_word' id='word_1_831' title='bbox 2078 5231 2303 5303; x_wconf 81' lang='lat' dir='ltr'><strong>virginis</strong></span> <span class='ocrx_word' id='word_1_832' title='bbox 2330 5236 2593 5294; x_wconf 85' lang='lat' dir='ltr'><strong>creatum,</strong></span> <span class='ocrx_word' id='word_1_833' title='bbox 2641 5227 2838 5283; x_wconf 87' lang='lat' dir='ltr'><strong>sentiat</strong></span> <span class='ocrx_word' id='word_1_834' title='bbox 2863 5241 2987 5285; x_wconf 88' lang='lat' dir='ltr'><strong>eum</strong></span> <span class='ocrx_word' id='word_1_835' title='bbox 3027 5242 3134 5283; x_wconf 90' lang='lat' dir='ltr'><strong>non</strong></span> <span class='ocrx_word' id='word_1_836' title='bbox 3168 5242 3380 5295; x_wconf 88' lang='lat' dir='ltr'><strong>verum,</strong></span> <span class='ocrx_word' id='word_1_837' title='bbox 3407 5227 3533 5284; x_wconf 90' lang='lat' dir='ltr'><strong>licet</strong></span> <span class='ocrx_word' id='word_1_838' title='bbox 3570 5227 3669 5284; x_wconf 83' lang='lat' dir='ltr'><strong>lo-</strong></span> 
     </span>
    </p>
   </div>
   <div class='ocr_carea' id='block_1_108' title="bbox 1726 5363 2282 5431">
    <p class='ocr_par' dir='ltr' id='par_1_108' title="bbox 1726 5363 2282 5431">
     <span class='ocr_line' id='line_1_108' title="bbox 1726 5363 2282 5431; baseline -0.011 -8"><span class='ocrx_word' id='word_1_839' title='bbox 1726 5369 2010 5431; x_wconf 66' lang='lat' dir='ltr'><strong>‘BALUZH</strong></span> <span class='ocrx_word' id='word_1_840' title='bbox 2048 5363 2282 5429; x_wconf 71' lang='lat' dir='ltr'><strong>NOTAE.</strong></span> 
     </span>
    </p>
   </div>
   <div class='ocr_carea' id='block_1_109' title="bbox 462 5481 1961 5562">
    <p class='ocr_par' dir='ltr' id='par_1_109' title="bbox 462 5481 1961 5562">
     <span class='ocr_line' id='line_1_109' title="bbox 462 5481 1961 5562; baseline 0.002 -26"><span class='ocrx_word' id='word_1_841' title='bbox 462 5497 488 5526; x_wconf 67' lang='grc' dir='ltr'>ι</span> <span class='ocrx_word' id='word_1_842' title='bbox 518 5483 834 5562; x_wconf 54' lang='grc' dir='ltr'><strong>ιαειεεωςετ</strong></span> <span class='ocrx_word' id='word_1_843' title='bbox 864 5481 958 5562; x_wconf 83' lang='lat' dir='ltr'><strong>Sic</strong></span> <span class='ocrx_word' id='word_1_844' title='bbox 1003 5483 1223 5562; x_wconf 69' lang='lat' dir='ltr'><strong>qman</strong></span> <span class='ocrx_word' id='word_1_845' title='bbox 1261 5481 1428 5562; x_wconf 70' lang='lat' dir='ltr'><strong>codex</strong></span> <span class='ocrx_word' id='word_1_846' title='bbox 1480 5490 1665 5562; x_wconf 59' lang='lat' dir='ltr'><strong>vetus;</strong></span> <span class='ocrx_word' id='word_1_847' title='bbox 1688 5498 1809 5562; x_wconf 83' lang='lat' dir='ltr'><strong>_pro</strong></span> <span class='ocrx_word' id='word_1_848' title='bbox 1848 5499 1961 5552; x_wconf 84' lang='lat' dir='ltr'><strong>quo</strong></span> 
     </span>
    </p>
   </div>
   <div class='ocr_carea' id='block_1_110' title="bbox 393 5552 1963 5621">
    <p class='ocr_par' dir='ltr' id='par_1_110' title="bbox 393 5552 1963 5621">
     <span class='ocr_line' id='line_1_110' title="bbox 393 5552 1963 5621; baseline -0.004 -6"><span class='ocrx_word' id='word_1_849' title='bbox 393 5557 672 5615; x_wconf 78' lang='lat' dir='ltr'><strong>Massonus</strong></span> <span class='ocrx_word' id='word_1_850' title='bbox 711 5552 956 5610; x_wconf 86' lang='lat' dir='ltr'><strong>ediderat</strong></span> <span class='ocrx_word' id='word_1_851' title='bbox 1003 5554 1294 5621; x_wconf 59' lang='grc' dir='ltr'><strong>παρέδωκε.</strong></span> <span class='ocrx_word' id='word_1_852' title='bbox 1337 5552 1406 5607; x_wconf 88' lang='lat' dir='ltr'><strong>Et</strong></span> <span class='ocrx_word' id='word_1_853' title='bbox 1453 5552 1797 5607; x_wconf 84' lang='lat' dir='ltr'><strong>scribendum</strong></span> <span class='ocrx_word' id='word_1_854' title='bbox 1845 5562 1963 5608; x_wconf 86' lang='lat' dir='ltr'><strong>erat</strong></span> 
     </span>
    </p>
   </div>
   <div class='ocr_carea' id='block_1_111' title="bbox 392 5622 1962 5694">
    <p class='ocr_par' dir='ltr' id='par_1_111' title="bbox 392 5622 1962 5694">
     <span class='ocr_line' id='line_1_111' title="bbox 392 5622 1962 5694; baseline -0.001 -15"><span class='ocrx_word' id='word_1_855' title='bbox 392 5626 691 5689; x_wconf 78' lang='lat' dir='ltr'><strong>lassescere,</strong></span> <span class='ocrx_word' id='word_1_856' title='bbox 712 5630 954 5694; x_wconf 64' lang='lat' dir='ltr'><strong>veterem</strong></span> <span class='ocrx_word' id='word_1_857' title='bbox 970 5636 1203 5694; x_wconf 83' lang='lat' dir='ltr'><strong>eamque</strong></span> <span class='ocrx_word' id='word_1_858' title='bbox 1230 5624 1489 5692; x_wconf 87' lang='lat' dir='ltr'><strong>optimam</strong></span> <span class='ocrx_word' id='word_1_859' title='bbox 1512 5622 1962 5694; x_wconf 79' lang='lat' dir='ltr'><strong>orthographiam</strong></span> 
     </span>
    </p>
   </div>
   <div class='ocr_carea' id='block_1_112' title="bbox 391 5691 1963 5768">
    <p class='ocr_par' dir='ltr' id='par_1_112' title="bbox 391 5691 1963 5768">
     <span class='ocr_line' id='line_1_112' title="bbox 391 5691 1963 5768; baseline -0.003 -15"><span class='ocrx_word' id='word_1_860' title='bbox 391 5694 683 5768; x_wconf 86' lang='lat' dir='ltr'><strong>sequendo.</strong></span> <span class='ocrx_word' id='word_1_861' title='bbox 703 5691 813 5750; x_wconf 89' lang='lat' dir='ltr'><strong>Sed</strong></span> <span class='ocrx_word' id='word_1_862' title='bbox 842 5691 1107 5752; x_wconf 91' lang='lat' dir='ltr'><strong>voluimus</strong></span> <span class='ocrx_word' id='word_1_863' title='bbox 1132 5691 1389 5749; x_wconf 83' lang='lat' dir='ltr'><strong>exhibere</strong></span> <span class='ocrx_word' id='word_1_864' title='bbox 1400 5694 1541 5749; x_wconf 86' lang='lat' dir='ltr'><strong>bona</strong></span> <span class='ocrx_word' id='word_1_865' title='bbox 1559 5691 1662 5748; x_wconf 87' lang='lat' dir='ltr'><strong>ﬁde</strong></span> <span class='ocrx_word' id='word_1_866' title='bbox 1677 5691 1963 5749; x_wconf 85' lang='lat' dir='ltr'><strong>lectionem</strong></span> 
     </span>
    </p>
   </div>
   <div class='ocr_carea' id='block_1_113' title="bbox 2064 5470 3672 5544">
    <p class='ocr_par' dir='ltr' id='par_1_113' title="bbox 2064 5470 3672 5544">
     <span class='ocr_line' id='line_1_113' title="bbox 2064 5470 3672 5544; baseline -0.004 -11"><span class='ocrx_word' id='word_1_867' title='bbox 2064 5479 2269 5535; x_wconf 77' lang='lat' dir='ltr'><strong>veteris</strong></span> <span class='ocrx_word' id='word_1_868' title='bbox 2294 5476 2517 5532; x_wconf 89' lang='lat' dir='ltr'><strong>codicis.</strong></span> <span class='ocrx_word' id='word_1_869' title='bbox 2564 5473 2827 5533; x_wconf 80' lang='lat' dir='ltr'><strong>Alcuinus</strong></span> <span class='ocrx_word' id='word_1_870' title='bbox 2852 5472 2906 5528; x_wconf 86' lang='lat' dir='ltr'><strong>in</strong></span> <span class='ocrx_word' id='word_1_871' title='bbox 2934 5471 3099 5544; x_wconf 78' lang='lat' dir='ltr'><strong>libro</strong></span> <span class='ocrx_word' id='word_1_872' title='bbox 3116 5543 3131 5544; x_wconf 19' lang='grc' dir='ltr'>ί</span> <span class='ocrx_word' id='word_1_873' title='bbox 3156 5472 3357 5544; x_wconf 15' lang='lat' dir='ltr'><strong>primo,</strong></span> <span class='ocrx_word' id='word_1_874' title='bbox 3390 5470 3672 5532; x_wconf 77' lang='lat' dir='ltr'><strong>adversus</strong></span> 
     </span>
    </p>
   </div>
   <div class='ocr_carea' id='block_1_114' title="bbox 2065 5543 3676 5623">
    <p class='ocr_par' dir='ltr' id='par_1_114' title="bbox 2065 5543 3676 5623">
     <span class='ocr_line' id='line_1_114' title="bbox 2065 5543 3676 5623; baseline -0.003 -21"><span class='ocrx_word' id='word_1_875' title='bbox 2065 5551 2398 5623; x_wconf 35' lang='lat' dir='ltr'><strong>litipantuAm,</strong></span> <span class='ocrx_word' id='word_1_876' title='bbox 2428 5546 2655 5623; x_wconf 54' lang='lat' dir='ltr'><strong>loquens</strong></span> <span class='ocrx_word' id='word_1_877' title='bbox 2674 5544 2744 5599; x_wconf 83' lang='lat' dir='ltr'><strong>de</strong></span> <span class='ocrx_word' id='word_1_878' title='bbox 2770 5543 2986 5600; x_wconf 84' lang='lat' dir='ltr'><strong>diabolo</strong></span> <span class='ocrx_word' id='word_1_879' title='bbox 3012 5562 3024 5596; x_wconf 94' lang='lat'><strong>:</strong></span> <span class='ocrx_word' id='word_1_880' title='bbox 3056 5543 3210 5623; x_wconf 64' lang='grc' dir='ltr'><strong>«ωε</strong></span> <span class='ocrx_word' id='word_1_881' title='bbox 3238 5543 3523 5623; x_wconf 54' lang='lat' dir='ltr'><strong>eaplorare</strong></span> <span class='ocrx_word' id='word_1_882' title='bbox 3549 5556 3676 5623; x_wconf 55' lang='lat' dir='ltr'><strong>yo-</strong></span> 
     </span>
    </p>
   </div>
   <div class='ocr_carea' id='block_1_115' title="bbox 2064 5610 3673 5685">
    <p class='ocr_par' dir='ltr' id='par_1_115' title="bbox 2064 5610 3673 5685">
     <span class='ocr_line' id='line_1_115' title="bbox 2064 5610 3673 5685; baseline -0.008 -13"><span class='ocrx_word' id='word_1_883' title='bbox 2064 5610 2201 5684; x_wconf 74' lang='lat' dir='ltr'><strong>lens,</strong></span> <span class='ocrx_word' id='word_1_884' title='bbox 2228 5618 2273 5674; x_wconf 89' lang='lat' dir='ltr'><strong>si</strong></span> <span class='ocrx_word' id='word_1_885' title='bbox 2304 5610 2447 5671; x_wconf 87' lang='lat' dir='ltr'><strong>ﬁlius</strong></span> <span class='ocrx_word' id='word_1_886' title='bbox 2468 5610 2563 5670; x_wconf 79' lang='lat' dir='ltr'><strong>Dei</strong></span> <span class='ocrx_word' id='word_1_887' title='bbox 2595 5623 2741 5671; x_wconf 80' lang='lat' dir='ltr'><strong>esset</strong></span> <span class='ocrx_word' id='word_1_888' title='bbox 2767 5630 2929 5685; x_wconf 90' lang='lat' dir='ltr'><strong>quem</strong></span> <span class='ocrx_word' id='word_1_889' title='bbox 2948 5614 3188 5679; x_wconf 77' lang='lat' dir='ltr'><strong>esurire,</strong></span> <span class='ocrx_word' id='word_1_890' title='bbox 3235 5610 3413 5677; x_wconf 86' lang='lat' dir='ltr'><strong>sitire,</strong></span> <span class='ocrx_word' id='word_1_891' title='bbox 3455 5619 3513 5668; x_wconf 90' lang='lat' dir='ltr'><strong>et</strong></span> <span class='ocrx_word' id='word_1_892' title='bbox 3542 5610 3673 5668; x_wconf 74' lang='grc' dir='ltr'><em>ιαε-</em></span> 
     </span>
    </p>
   </div>
   <div class='ocr_carea' id='block_1_116' title="bbox 2065 5687 2628 5752">
    <p class='ocr_par' dir='ltr' id='par_1_116' title="bbox 2065 5687 2628 5752">
     <span class='ocr_line' id='line_1_116' title="bbox 2065 5687 2628 5752; baseline -0.011 -6"><span class='ocrx_word' id='word_1_893' title='bbox 2065 5705 2264 5752; x_wconf 61' lang='grc' dir='ltr'><strong>δείδιτε</strong></span> <span class='ocrx_word' id='word_1_894' title='bbox 2291 5687 2568 5749; x_wconf 84' lang='lat' dir='ltr'><strong>cernebat.</strong></span> <span class='ocrx_word' id='word_1_895' title='bbox 2606 5705 2628 5740; x_wconf 70' lang='grc' dir='ltr'><strong><em>ι</em></strong></span> 
     </span>
    </p>
   </div>
  </div>
