4040 6182
412 344 479 400 Η
1544 351 1674 413 LIB.
1712 348 1874 413 ADV.
1916 351 1967 416 FQ

2071 353 2217 419 CCEM
2263 356 2554 423 URGELL.
3617 385 3690 446 69.

408 554 560 613 fraus
585 557 643 611 in
671 570 740 612 eo
768 557 916 627 quod
944 559 1025 615 sic
1049 562 1116 616 de
1161 560 1465 619 substantia
1494 563 1796 621 divinitatis
1821 566 1998 637 loqui-

408 655 521 717 tur,
548 648 704 720 quasi
733 649 801 704 de
827 649 932 704 alia
958 667 1193 723 persona
1229 663 1428 726 praeter
1463 657 1876 714 humanitatem.
1907 659 2000 716 Di-

406 757 537 800 cens
565 758 802 814 namque
831 745 899 799 de
934 746 1051 802 sola
1079 747 1374 804 divinitatis
1401 749 1707 807 substantia
1741 771 1754 807 :
1787 753 1856 808 In
1879 771 1995 810 vero

405 838 592 908 quippe
613 836 729 905 ﬁlio
746 879 762 904 ,
791 837 908 892 vult
931 838 1308 896 demonstrare
1334 859 1440 899 non
1467 859 1589 899 eum
1617 861 1739 902 esse
1768 846 1822 900 in
1846 854 1997 901 utra-

405 941 511 997 que
537 927 845 982 substantia
874 944 1064 984 verum
1111 931 1301 986 ﬁlium.
1339 932 1493 1000 Quod
1530 944 1714 990 autem
1752 936 1996 1006 interpo-

402 1018 485 1075 nit
522 1017 745 1072 dicens:
805 1015 1061 1076 Voluntas
1088 1023 1415 1078 nativitatem
1457 1025 1646 1095 prwire
1675 1043 1780 1080 non
1823 1037 1994 1098 potest

401 1112 492 1166 ubi
518 1121 710 1167 natura
737 1115 1006 1184 praecedit,
1037 1120 1439 1188 apertissimum
1485 1123 1828 1178 mendacium
1867 1140 1992 1195 pro-

403 1202 603 1258 ﬁtetur.
633 1204 694 1259 in
719 1206 1092 1275 omnipotente
1127 1210 1274 1264 enim
1297 1219 1354 1266 et
1373 1213 1702 1281 sempiterno
1732 1214 1844 1270 Deo
1875 1230 1992 1270 om-

399 1294 491 1348 nia
523 1296 856 1366 sempiterna
882 1305 1029 1364 sunt,
1053 1314 1228 1370 neque
1257 1302 1304 1356 ei
1330 1302 1422 1371 qui
1445 1301 1576 1358 fecit
1601 1311 1864 1374 tempora,
1892 1304 1988 1359 aii-

393 1389 528 1458 quid
564 1390 792 1446 accessit
838 1405 903 1445 ex
934 1399 1197 1463 tempore.
1232 1393 1451 1451 Naturae
1491 1397 1637 1452 enim
1667 1413 1788 1468 quae
1831 1398 1988 1455 initio

397 1489 552 1536 caret
593 1490 648 1538 et
693 1483 1026 1540 incremento
1055 1502 1162 1541 non
1211 1487 1434 1558 indiget,
1467 1490 1612 1560 quod
1637 1498 1723 1546 est
1751 1491 1983 1558 habere,

396 1573 503 1629 hoc
533 1590 682 1641 esse;
721 1585 775 1632 et
809 1579 949 1647 quod
979 1587 1064 1634 est
1091 1594 1233 1645 esse,
1261 1590 1583 1651 perpetuum
1615 1592 1736 1649 est;
1770 1591 1825 1638 et
1846 1586 1987 1639 sicut

394 1667 597 1722 nullum
627 1667 811 1735 ﬁnem,
840 1671 912 1725 ita
941 1671 1144 1726 nullam
1170 1675 1364 1744 recipit
1391 1675 1834 1732 mutabilitatem.
1863 1675 1982 1732 Non

390 1771 524 1828 ergo
549 1759 604 1814 in
635 1760 726 1816 illo
766 1770 960 1817 natura
987 1764 1246 1834 praecedit
1275 1765 1636 1832 voluntatem,
1669 1782 1848 1837 neque
1883 1783 1982 1822 vo-

388 1848 569 1906 luntas
634 1853 943 1921 consilium,
994 1872 1170 1926 neque
1212 1859 1497 1914 consilium
1541 1859 1811 1925 Verbum;
1855 1861 1982 1930 quia

387 1943 536 1998 sicut
584 1961 861 2016 nunquam
911 1947 1014 2002 i'uit
1059 1951 1176 2005 sine
1203 1951 1399 2018 Verbo,
1448 1953 1527 2007 ita
1569 1969 1848 2023 nunquam
1879 1953 1982 2009 fuit

386 2037 503 2093 sine
538 2041 820 2109 sapientia,
876 2044 992 2099 sine
1035 2046 1297 2111 consilio,
1355 2047 1474 2102 sine
1525 2047 1839 2115 voluntate,
1894 2048 1980 2104 vel
2049 2105 2051 2108 .

383 2129 646 2199 quidquid
675 2132 743 2187 de
770 2132 882 2187 Deo
911 2136 1180 2190 veraciter
1218 2137 1321 2191 dici
1354 2146 1554 2208 potest.

457 2219 546 2274 ΧΙ.
583 2221 694 2276 Nos
721 2232 902 2279 autem
930 2226 1217 2282 Dominum
1241 2238 1512 2296 nostrum,
1531 2231 1750 2286 unicum
1778 2231 1977 2287 Filium

380 2310 504 2378 Dei,
558 2315 701 2369 sicut
734 2330 924 2370 verum
965 2317 1136 2372 Deum
1171 2321 1527 2388 conﬁtemur,
1579 2325 1654 2378 ita
1699 2331 1755 2379 et
1787 2339 1977 2381 verum

380 2404 585 2460 Filium
633 2406 937 2471 credimus;
975 2410 1103 2477 quia
1133 2425 1238 2464 non
1286 2423 1370 2467 est
1407 2414 1544 2468 aiter
1582 2431 1648 2470 ex
1687 2424 1873 2485 patre,
1922 2427 1978 2474 et

383 2496 526 2550 alter
554 2513 619 2550 ex
648 2507 852 2560 matre;
887 2498 1013 2553 licet
1042 2499 1186 2554 aliud
1213 2502 1284 2556 sit
1312 2502 1588 2572 divinitas,
1617 2513 1672 2561 et
1704 2507 1847 2564 aliud
1876 2509 1976 2564 hu-

381 2587 650 2651 manitas;
689 2589 784 2642 sed
816 2589 959 2643 idem
988 2591 1044 2644 in
1075 2600 1308 2662 utroque
1343 2611 1484 2650 unus
1507 2605 1563 2651 et
1590 2613 1774 2666 verus,
1813 2601 1974 2658 beato

383 2677 586 2750 Cyr-illo
635 2696 734 2736 nos
764 2681 838 2736 ita
891 2683 1158 2740 docente:
1206 2705 1224 2737 ι
1265 2687 1412 2744 Unus
1447 2705 1578 2762 ergo
1606 2691 1796 2759 Filius,
1834 2712 1975 2752 unus

381 2770 644 2828 Dominus
696 2771 850 2829 Iesus
903 2774 1173 2845 Christus,
1235 2789 1290 2835 et
1334 2790 1462 2836 ante
1514 2783 1969 2857 incarnationem,

378 2870 575 2932 etpost
602 2863 1053 2920 incarnationem.
1082 2866 1202 2923 Non
1241 2870 1386 2925 enim
1412 2871 1551 2928 alter
1571 2883 1654 2929 est
1682 2875 1823 2932 ﬁlius
1847 2877 1974 2934 Ver-

376 2952 506 3008 bum
535 2955 630 3010 Dei
660 2955 858 3022 Patris,
903 2968 959 3014 et
998 2960 1138 3016 alter
1163 2963 1360 3018 iterum
1393 2967 1485 3034 qui
1529 2967 1596 3021 de
1637 2979 1826 3024 sancta
1858 2971 1972 3026 Vir-

375 3045 501 3114 gine
538 3055 700 3103 natus
726 3058 839 3114 est;
870 3051 964 3105 sed
1011 3051 1154 3108 idem
1206 3055 1321 3124 ipse
1349 3057 1440 3126 qui
1485 3067 1570 3113 est
1616 3067 1740 3115 ante
1775 3063 1969 3118 saecula

396 3133 556 3203 Deus,
601 3140 767 3195 etiam
792 3143 1089 3198 secundum
1112 3160 1332 3201 carnem
1365 3164 1433 3204 ex
1472 3151 1700 3207 muliere
1727 3154 1967 3209 creditur

373 3225 551 3281 editus
591 3245 604 3282 :
651 3244 758 3284 non
803 3233 949 3300 quod
982 3249 1047 3289 ex
1095 3251 1158 3292 ea
1187 3237 1398 3294 initium
1439 3241 1612 3298 deitas
1649 3241 1764 3312 ejus
1810 3261 1966 3302 acce-

370 3317 513 3384 perit
544 3326 604 3371 ut
629 3319 720 3386 sit,
770 3331 863 3377 aut
907 3323 1238 3383 subsistendi
1288 3330 1616 3404 principium
1667 3336 1734 3391 de
1777 3348 1967 3396 sancta

369 3407 578 3478 virgine
606 3416 930 3484 sumpserit;
960 3417 1054 3472 sed
1078 3419 1280 3489 potius,
1318 3430 1377 3476 ut
1398 3424 1532 3492 dixi,
1558 3429 1702 3496 quod
1727 3429 1966 3487 Verbum

371 3499 671 3558 subsistens
693 3512 821 3560 ante
847 3507 1066 3574 saecula,
1101 3514 1397 3567 secundum
1418 3529 1640 3572 carnem
1671 3517 1870 3574 dicitur
1897 3536 1963 3576 ex

368 3603 431 3643 ea
456 3595 818 3663 progenitum.
840 3596 1068 3670 Propria
1090 3602 1236 3656 enim
1259 3602 1404 3660 facta
1431 3615 1515 3661 est
1535 3607 1652 3676 ejus
1675 3626 1822 3676 caro,
1852 3612 1964 3668 sic-

371 3689 434 3736 ut
457 3692 512 3738 et
556 3686 782 3758 singulis
827 3692 984 3746 nobis
1006 3700 1089 3747 est
1123 3696 1401 3765 proprium
1433 3713 1648 3768 corpus.
1681 3719 1700 3754 ι

439 3797 553 3853 ΧΠ.
594 3799 748 3868 Quod
778 3813 958 3859 autem
1001 3813 1145 3863 totus
1173 3825 1336 3864 verus
1380 3810 1522 3867 Deus
1549 3813 1805 3869 credatur
1826 3855 1841 3881 ,
1885 3816 1961 3870 ita

369 3887 485 3958 ipse
535 3893 724 3950 beatus
767 3895 999 3967 Cyrillus
1047 3900 1208 3956 docet
1251 3901 1470 3973 (Anath.
1524 3904 1610 3975 i):
1670 3923 1688 3954 ‹
1725 3905 1785 3960 Si
1833 3906 1958 3975 quis

366 3995 477 4035 non
502 3983 786 4039 conﬁtetur
812 3987 980 4043 Deum
1009 4006 1131 4045 esse
1157 3992 1456 4046 secundum
1498 3994 1786 4049 veritatem
1828 3996 1958 4050 Em-

365 4073 602 4142 manuel,
643 4082 696 4130 et
731 4089 1015 4150 propterea
1053 4080 1152 4136 Dei
1194 4082 1516 4152 genitricem
1559 4094 1805 4141 sanctam
1837 4087 1960 4143 Vir—

361 4166 542 4236 ginem
578 4171 827 4239 genuisse
863 4188 988 4228 eum
1026 4175 1343 4243 carnaliter,
1389 4193 1612 4233 carnem
1653 4177 1857 4236 factum
1889 4195 1958 4237 ex

364 4255 477 4313 Deo
508 4259 765 4329 Verbum,
814 4267 1107 4322 anathema
1160 4267 1250 4322 sit.
1288 4288 1307 4321 ι
1361 4269 1430 4324 Ει
1471 4270 1672 4326 iterum
1720 4272 1811 4344 (In
1853 4273 1957 4328 De-

360 4350 492 4406 clar.
521 4369 597 4409 xu
624 4355 831 4428 anatlt.)
859 4372 873 4410 :
904 4357 1144 4414 Dicimus
1175 4367 1357 4415 autem
1384 4362 1539 4416 carni
1577 4362 1816 4419 animam
1858 4366 1956 4420 ha-

358 4441 508 4498 benti
536 4447 858 4502 rationalem
880 4450 1089 4504 unitum
1111 4451 1373 4518 Verbum,
1392 4452 1486 4508 sed
1517 4454 1660 4509 ultra
1688 4464 1949 4525 mentem,

356 4541 413 4588 et
437 4533 802 4604 ineii’abiliter,
847 4547 902 4594 et
927 4541 1068 4596 sicut
1097 4541 1243 4597 solus
1273 4543 1388 4612 ipse
1437 4545 1606 4600 novit.
1649 4545 1791 4618 Erg‘o
1827 4564 1953 4618 per-

2100 573 2411 646 minemque
2451 576 2563 634 Deo
2591 581 2901 651 copulatum
2934 586 3148 644 dicente
3192 592 3468 656 ﬁliationis
3497 573 3690 660 homo-

2098 667 2301 734 nymia,
2361 669 2464 725 hoc
2507 680 2612 740 est,
2657 674 3038 736 univocatione
3091 682 3450 757 honoratum,
3505 709 3694 752 neces-

2096 757 2243 813 sario
2277 774 2376 815 nos
2407 761 2566 817 dictis
2594 763 2740 821 illius
2772 780 3139 840 repugnantes
3167 781 3463 836 secundum
3509 797 3552 838 ν
3580 786 3588 795 ’
3616 789 3694 842 si~~

2096 850 2351 905 stentiam
2390 853 2652 910 unitatem
2689 857 2921 916 dicimus
2963 862 3204 932 factam;
3246 869 3350 926 hoc
3387 876 3687 935 secundum

2095 940 2535 1012 subsistentiam,
2582 948 2719 1003 nihil
2761 951 2909 1007 aliud
2955 955 3338 1026 declarantes,
3389 966 3493 1021 nisi
3539 970 3685 1038 quod

2094 1031 2210 1087 sola
2260 1035 2426 1092 Verbi
2471 1047 2665 1096 natura
2709 1043 2823 1098 sive
2873 1048 3221 1106 subsistentia
3253 1095 3268 1120 ,
3313 1057 3456 1126 quod
3506 1059 3682 1132 ipsum

2096 1121 2333 1179 Verbum
2373 1127 2626 1184 humanm
2664 1142 2874 1189 natura:
2913 1141 3210 1196 secundum
3249 1147 3532 1204 veritatem
3562 1153 3678 1208 lmi-

2091 1220 2228 1280 tum,
2257 1216 2376 1272 sine
2400 1220 2509 1275 ulla
2541 1226 2898 1282 conversione
2933 1238 3097 1302 atque
3132 1235 3472 1307 confusione,
3518 1244 3677 1300 sit-nti

2089 1324 2233 1380 saepe
2283 1313 2540 1383 diximus,
2590 1333 2732 1374 unus
2784 1321 3124 1394 intelligitur,
3174 1337 3228 1384 et
3277 1341 3362 1387 est
3409 1334 3678 1403 Cliris:-:s,

2089 1401 2235 1457 idem
2289 1403 2437 1460 Deus
2463 1417 2520 1462 et
2565 1410 2747 1466 homo.
2782 1433 2801 1465 ›
2863 1415 2995 1471 item
3023 1409 3139 1488 ipse
3174 1439 3188 1474 :
3244 1441 3263 1474 ‹
3297 1423 3476 1481 Unum
3515 1401 3680 1502 asque

2087 1495 2337 1551 eumdem
2354 1498 2671 1568 adorantes;
2691 1504 2815 1571 quia
2828 1521 2936 1560 non
2950 1508 3186 1564 alienum
3197 1527 3396 1585 corpus
3414 1533 3444 1571 a
3470 1518 3568 1574 Vc.
3585 1523 3673 1585 bo,

2087 1585 2182 1639 sed
2210 1585 2260 1639 ei
2283 1589 2457 1658 magis
2481 1598 2564 1644 est
2594 1593 2895 1662 proprium,
2926 1611 3049 1651 cum
3076 1615 3185 1670 quo
3211 1607 3468 1660 consedet
3493 1607 3672 1676 i-‘ntri;

2085 1691 2191 1730 non
2224 1679 2365 1734 sicut
2391 1681 2601 1737 duobus
2630 1683 2755 1740 ﬁliis
2787 1689 3226 1759 consedentibus,
3258 1696 3352 1751 sed
3383 1698 3525 1754 sicut
3569 1717 3679 1758 uro

2087 1782 2210 1822 cum
2237 1783 2400 1825 carne
2420 1782 2643 1842 propter
2663 1777 2946 1833 unitatem.
2978 1778 3036 1834 Si
3063 1797 3195 1839 vero
3219 1787 3675 1848 subsistentialen:

2011 1849 2059 1909 B
2087 1857 2349 1914 unitatem
2379 1876 2722 1932 recusamus,
2757 1867 3019 1925 irruimus
3045 1881 3106 1927 ut
3140 1872 3277 1931 duos
3308 1876 3450 1934 ﬁlios
3475 1882 3678 1950 pris-di-

2080 1961 2286 2004 cemus.
2319 1949 2551 2010 Necesse
2578 1965 2662 2010 est
2699 1959 2845 2012 enim
2885 1971 3083 2018 cuncta
3115 1965 3377 2034 dividere,
3412 1949 3677 2031 etidicere

2081 2035 2354 2094 hominem
2374 2042 2592 2111 quidem
2609 2047 2921 2116 specialiter
2945 2050 3041 2106 ﬁlii
3069 2056 3376 2126 praedicari,
3405 2069 3459 2115 et
3483 2078 3674 2121 rursus

2080 2128 2388 2196 specialiter
2415 2132 2585 2188 Deum
2615 2136 2853 2194 Verbum
2887 2139 2983 2196 ﬁlii
3014 2159 3210 2201 nomen
3241 2159 3405 2219 atque
3435 2155 3667 2223 appella-

2079 2217 2284 2274 tionem
2318 2224 2642 2281 naturaliter
2676 2228 2897 2285 habere.
2936 2231 3052 2288 Non
3083 2252 3214 2308 ergo
3261 2217 3485 2299 invduos—
3505 2217 3670 2302 -lilios

2077 2323 2218 2363 unus
2246 2311 2511 2369 Dominus
2532 2313 2690 2372 Jesus
2729 2319 2980 2378 Christus
3015 2324 3333 2384 dividendus
3364 2341 3466 2387 est.
3507 2333 3670 2392 Nulla

2077 2403 2239 2458 modo
2263 2405 2406 2460 enim
2436 2417 2654 2478 oportet
2681 2413 2948 2472 rationem
2980 2428 3142 2475 rectae
3188 2421 3310 2479 ﬁdei
3339 2425 3416 2482 sic
3443 2428 3665 2500 habere,

2077 2493 2170 2548 sed
2201 2509 2303 2550 nec
2348 2513 2706 2567 personarum
2739 2507 3021 2575 unitatem,
3055 2511 3195 2567 sicut
3233 2515 3398 2586 aliqui
3435 2521 3665 2590 Opinaw

2076 2593 2185 2641 tur.
2222 2608 2241 2640 ι
2274 2589 2406 2645 item
2432 2606 2447 2645 :
2484 2611 2503 2644 ε
2535 2593 2810 2652 Processit
2833 2601 2997 2656 homo
3016 2619 3084 2658 ex
3111 2605 3357 2673 muliere,
3386 2589 3528 2667 Deus
3547 2630 3670 2672 esse

2074 2693 2182 2757 non
2217 2680 2489 2751 desinens,
2524 2694 2580 2740 et
2599 2701 2666 2742 ex
2697 2690 2808 2744 Deo
2849 2691 3010 2750 Patre
3033 2711 3152 2752 esse
3179 2703 3524 2772 progenitus,
3569 2711 3666 2764 sed

2074 2768 2129 2824 in
2186 2775 2553 2845 assumptione
2599 2781 2799 2848 carnis,
2865 2786 3009 2854 quod
3056 2768 3235 2844 fuerat
3281 2768 3662 2861 perseverante.

2072 2855 2220 2919 Istud
2240 2865 2436 2939 allegat
2463 2871 2663 2941 ubique
2689 2875 2903 2931 subtilis
2939 2877 3062 2934 ﬁdei
3094 2881 3252 2938 ratio.
3282 2855 3312 2936 -ι
3343 2885 3475 2944 item
3504 2855 3662 2960 ipse:

2079 2971 2098 3005 ι
2131 2955 2267 3010 Cum
2308 2957 2588 3031 Scriptura
2616 2965 2878 3023 divinitus
2908 2969 3170 3040 inspirata
3209 2991 3376 3033 unum
3403 2955 3548 3038 dicat
3577 2983 3668 3041 Fi-

2073 3046 2240 3116 lium,
2291 3063 2452 3122 atque
2497 3057 2804 3115 Dominum.
2861 3062 3125 3131 Quocirca
3167 3079 3289 3138 post
3335 3072 3659 3132 ineli'abileiu

2069 3416 2244 3486 ipsum
2267 3420 2322 3474 in
2347 3427 2619 3482 mensuris
2655 3429 3008 3490 humanitatis
3029 3439 3413 3511 participatum
3440 3445 3635 3516 dispeu

2068 3510 2242 3566 sative
2286 3517 2683 3584 cognoscimus.
2723 3521 2951 3579 Factum
2995 3542 3125 3583 vero
3155 3510 3385 3589 dicimus
3412 3536 3658 3608 palpabi-

2065 3597 2173 3654 lein
2207 3603 2299 3671 qui
2335 3605 2696 3678 impaipabiiis
2747 3623 2862 3683 est,
2907 3618 3183 3676 visibilem
3233 3625 3326 3694 qui
3373 3597 3658 3688 invisibilis

2065 3699 2168 3746 est.
2203 3692 2321 3749 Non
2351 3698 2496 3752 enim
2526 3699 2627 3755 fuit
2653 3711 2974 3762 extraneum
2996 3710 3047 3763 ei
3079 3692 3288 3766 unitum
3311 3714 3415 3784 ipsi
3437 3731 3658 3790 corpus,

2064 3785 2208 3853 quod
2243 3789 2408 3844 etiam
2446 3791 2676 3850 dicimus
2707 3813 2832 3853 esse
2875 3801 3144 3870 palpabile
3193 3814 3248 3859 et
3282 3785 3657 3880 visibiie.—Qui

2065 3884 2245 3933 autem
2283 3881 2358 3934 ita
2410 3898 2519 3937 non
2564 3887 2847 3954 credunt,‘
2875 3891 3218 3964 distinguunt
3261 3906 3464 3968 autem,
3515 3904 3661 3960 sicut

2065 3967 2198 4035 dixi,
2233 3972 2615 4032 subsistentias
2644 3989 2770 4049 post
2798 3983 3085 4056 unitatem,
3117 3997 3172 4044 et
3199 4007 3392 4061 puram
3434 3967 3515 4054 eis
3563 4013 3657 4055 ωε

2062 4059 2390 4130 pulationem
2428 4067 2841 4144 subinteiligunt
2869 4079 3166 4136 secundum
3199 4059 3375 4140 solam
3419 4087 3656 4159 dignita-

2062 4160 2172 4208 tem
2209 4156 2322 4212 sive
2357 4162 2757 4233 auctoritatem,
2793 4167 2995 4225 alienat
3023 4186 3118 4229 eos
3149 4175 3217 4229 ab
3251 4175 3336 4232 his
3362 4179 3456 4249 qui
3479 4156 3652 4243 frecte

2061 4261 2254 4317 sapere
2288 4265 2692 4312 consueverunt
2717 4274 2955 4328 praesens
2991 4267 3501 4327 anathematismus.
3536 4293 3556 4324 ι

2126 4337 2262 4394 XIII.
2322 4342 2625 4417 interrogat
2673 4350 2825 4407 Felix
2874 4373 2886 4408 :
2950 4375 2969 4406 ι
3028 4357 3219 4414 Utrum
3269 4360 3437 4417 Maria
3494 4365 3649 4439 virgo

2060 4431 2230 4488 Deum
2257 4445 2313 4490 et
2347 4437 2643 4507 hominem,
2677 4444 2820 4498 sicut
2847 4447 3074 4515 pariter,
3103 4450 3182 4504 ita
3203 4459 3259 4504 et
3283 4452 3535 4509 similiter
3558 4431 3651 4528 ge-

2061 4523 2208 4591 nuit,
2241 4540 2309 4578 an
2343 4525 2502 4582 aliter
2526 4532 2760 4601 genitrix
2788 4535 3026 4604 deitatis,
3063 4547 3117 4593 et
3151 4539 3308 4596 aliter
3341 4523 3649 4605 humanita-

789 4598 798 4604 .
1293 4598 1309 4612 .
1487 4598 1497 4600 ἡ
1551 4598 1583 4599 η
1650 4598 1784 4618 πον
1827 4598 1916 4618 ρ-

358 4627 556 4681 mansit
583 4626 726 4684 Deus
756 4638 811 4685 et
859 4631 915 4684 in
965 4633 1336 4702 assumptione
1362 4635 1561 4699 carnis,
1613 4645 1668 4690 et
1697 4645 1781 4692 est
1810 4655 1949 4695 unus

2071 4615 2125 4670 “is
2153 4631 2275 4671 esse
2306 4598 2582 4676 credatur.
2628 4643 2646 4675 ι
2696 4623 3115 4708 Respondetque
3157 4632 3374 4690 sibimet
3418 4638 3519 4706 ipsi
3565 4641 3649 4696 di-

354 4713 524 4773 Filius
550 4718 647 4774 Dei
676 4729 732 4775 et
760 4720 941 4776 Patris
959 4723 1221 4778 Dominus
1250 4733 1437 4780 noster
1464 4724 1624 4782 Iesus
1663 4727 1943 4798 Christus;

355 4809 497 4866 idem
525 4813 643 4882 ipse
673 4820 729 4868 et
755 4822 882 4868 ante
907 4830 1066 4872 omne
1106 4816 1362 4872 saeculum
1395 4827 1449 4873 et
1477 4827 1711 4890 tempus,
1749 4838 1949 4883 secum;

356 4901 482 4956 dum
527 4905 670 4974 quod
702 4906 1020 4978 intelligitur
1049 4909 1287 4965 Verbum
1318 4919 1373 4966 et
1414 4912 1666 4983 Splendor
1693 4915 1946 4972 substan-

357 4994 445 5048 tiae
480 4994 618 5063 ejus,
659 5006 715 5053 et
743 4999 799 5053 in
838 5000 1149 5057 novissimis
1200 5005 1535 5074 temporibus
1580 5005 1944 5077 dispensative

354 5084 519 5141 homo
544 5098 765 5158 propter
789 5106 907 5147 nos.
941 5113 960 5144 ι
991 5090 1124 5147 item
1153 5094 1268 5163 ipse
1292 5113 1304 5148 :
1343 5113 1360 5146 ι
1391 5094 1592 5151 Factus
1617 5104 1701 5152 est
1725 5113 1853 5154 caro
1875 5114 1942 5154 ex

351 5174 466 5231 Deo
502 5175 662 5234 Patre
699 5182 957 5250 Verbum,
997 5201 1105 5241 non
1130 5201 1228 5256 per
1259 5187 1652 5255 transitionem,
1695 5201 1789 5246 aut
1813 5208 1943 5248 con-

347 5271 662 5327 versionem
705 5289 816 5331 suae
852 5286 1084 5346 naturae,
1126 5280 1221 5336 sed
1263 5283 1542 5358 propriam
1582 5284 1788 5342 faciens
1819 5305 1941 5345 car-

346 5373 470 5418 nem
525 5379 591 5420 ex
621 5375 809 5422 sancta
834 5370 1054 5444 Virgine
1099 5382 1404 5446 sumptam;
1435 5392 1684 5448 unusque
1715 5388 1770 5436 et
1793 5381 1936 5438 idem

346 5455 642 5525 appellatus
685 5458 847 5528 ﬁlius,
899 5472 1026 5519 ante
1073 5465 1519 5524 humanationem
1556 5473 1776 5543 quidem
1816 5475 1935 5532 sine

345 5560 510 5603 carne
568 5550 746 5608 adhuc
776 5554 1036 5622 Verbum,
1076 5566 1201 5628 post
1251 5559 1753 5620 inhumanationem
1802 5583 1933 5625 vero

342 5635 488 5694 idem
539 5641 941 5715 incorporatus.
979 5669 999 5701 ›
1040 5647 1174 5705 item
1209 5650 1323 5720 ipse
1355 5652 1446 5725 (In
1469 5655 1590 5726 Dei.
1622 5673 1700 5713 xu
1743 5661 1927 5715 anath.

339 5727 461 5784 adv.
497 5729 719 5802 Theod.,
748 5754 864 5810 cap.
894 5738 952 5811 2)
985 5758 998 5795 :
1036 5759 1055 5792 ‹
1087 5739 1338 5798 Nestorio
1363 5745 1529 5818 igitur
1558 5748 1758 5820 ubique
1779 5754 1928 5822 peri-

333 5831 520 5882 mente
541 5824 638 5884 Dei
667 5827 831 5886 Verbi
874 5833 1172 5890 secundum
1197 5849 1419 5894 carnem
1461 5839 1833 5909 nativitatem,
1871 5851 1926 5903 et

742 5924 1017 5991 PATROL.
1062 5927 1229 5991 CIV.

2055 4720 2186 4762 cens
2215 4725 2227 4761 :
2267 4727 2285 4758 ‹
2315 4708 2467 4766 Licet
2497 4712 2685 4768 eadem
2717 4715 2952 4786 gloriosa
2983 4717 3148 4793 Virgo
3175 4721 3270 4778 Dei
3307 4733 3362 4782 et
3408 4727 3644 4787 homins

2055 4801 2289 4872 genitrix
2311 4803 2544 4860 ﬁdeliter
2573 4807 2847 4876 credatur,
2873 4809 3031 4867 aliter
3055 4821 3238 4871 tamen
3268 4815 3365 4872 Dei
3384 4820 3636 4890 genitrix,

2053 4899 2109 4945 et
2134 4891 2296 4949 aliter
2325 4893 2562 4951 hominis
2589 4906 2737 4954 recte
2760 4901 3066 4971 proﬁtetur.
3099 4926 3119 4959 ›

2117 5005 2259 5063 XIV.
2295 5007 2377 5064 Ad
2429 5010 2546 5065 han:
2575 5013 2741 5069 verba
2771 5030 2873 5072 nos
2903 5021 3294 5090 respondemus
3339 5024 3484 5093 quod
3533 5042 3641 5084 non

2046 5095 2222 5152 solum
2270 5099 2380 5153 sint
2407 5100 2724 5174 blasphema
2758 5115 2814 5162 et
2864 5111 3010 5164 omni
3055 5111 3181 5166 odio
3223 5114 3417 5186 digna,
3450 5133 3639 5176 verum

2044 5189 2212 5243 etiam
2260 5205 2400 5246 nova
2448 5201 2504 5247 et
2534 5194 2797 5251 inaudita.
2838 5197 3117 5265 Quomodo
3144 5201 3287 5257 enim
3334 5204 3493 5262 aliter
3539 5208 3638 5266 Dei

2043 5279 2302 5348 genitrix,
2332 5289 2388 5336 et
2417 5283 2578 5338 aliter
2608 5286 2843 5343 hominis
2872 5304 2994 5343 esse
3022 5290 3235 5358 potuit?
3265 5294 3426 5353 Certe
3462 5297 3636 5356 Deum

2044 5372 2231 5443 genuit
2255 5373 2618 5444 incarnatum,
2650 5380 2738 5435 cui
2766 5381 2859 5434 uni
2889 5395 3000 5434 uno
3027 5389 3112 5438 est
3159 5386 3319 5444 modo
3364 5391 3633 5461 genitrix,

2044 5481 2154 5522 non
2200 5467 2437 5536 duobus;
2469 5486 2536 5527 eo
2581 5472 2788 5528 scilicet
2821 5489 2928 5543 quo
2961 5474 3105 5532 Deus
3134 5478 3190 5533 in
3219 5481 3310 5535 illa
3344 5490 3401 5537 et
3435 5498 3505 5540 ex
3537 5485 3634 5542 illa

2042 5559 2218 5618 factus
2248 5570 2304 5617 et
2332 5571 2493 5620 natus
2522 5572 2607 5620 est
2648 5565 2830 5621 homo.
2861 5566 2974 5624 Nec
3008 5577 3093 5624 est
3118 5587 3249 5629 usus
3293 5574 3629 5646 catholicus,

2039 5653 2276 5710 hominis
2301 5669 2421 5711 eam
2449 5656 2768 5726 genitricem
2813 5662 3119 5731 nominare,
3147 5666 3245 5721 sed
3276 5682 3492 5741 semper
3527 5669 3630 5728 Dei

2037 5747 2376 5819 genitricem.
2419 5747 2477 5803 Si
2510 5747 2660 5806 Deus
2686 5750 2848 5810 homo
2880 5755 3075 5822 factus,
3104 5773 3170 5812 ex
3196 5759 3284 5814 illa
3316 5769 3477 5816 natus
3503 5771 3626 5832 est,

2036 5841 2245 5899 duobus
2272 5843 2458 5914 utique
2483 5846 2660 5903 modis
2689 5864 2794 5905 non
2823 5860 2904 5906 est
2941 5861 3119 5910 natus.
3168 5851 3308 5910 Nam
3336 5854 3382 5910 si
3411 5854 3628 5919 duobus

3144 5942 3184 6000 2
