4040 6182
302 341 375 407 43
908 366 909 373 γ
1278 337 1336 395 s.
1376 298 1731 415 Accusant
1767 332 2077 403 manu
2114 325 2605 397 LﬂGDﬂENSIS
3511 335 3593 400 ιι

306 461 486 527 modis,
529 458 867 539 statueretur,
911 453 1121 535 duabus
1165 459 1223 515 et
1257 452 1472 513 vicibus
1519 456 1840 518 nasceretur
1873 463 1888 503 ε
1916 451 1974 521 Α
1994 448 2102 511 ιιιιὶ
2125 446 2461 517 tomum
2483 442 2788 512 iaculum.
2813 437 3302 512 inmmibiliter
3328 460 3399 504 οι
3420 447 3586 511 vuln

308 549 455 626 quod
488 547 596 605 dici
618 538 774 611 nefas
803 552 906 609 εει·
937 543 1051 611 .lmo
1078 543 1125 605 si
1150 542 1307 605 aliter
1336 542 1481 609 Deus
1502 557 1573 601 ex
1601 556 1686 608 ea,
1719 548 1775 596 et
1796 539 1895 607 ali-
1994 540 2209 605 uuitum
2233 540 2393 603 sumi
2419 539 2659 601 animum
2684 539 2906 596 habent:
2930 538 3271 610 ratiocinium,
3298 540 3488 615 διοςιιθ
3504 542 3593 603 ιι.

310 657 397 705 ter
419 646 584 715 homo
620 649 781 709 natus
816 648 933 707 est;
963 639 1068 705 duo
1095 646 1245 716 sunt,
1273 636 1412 709 alter
1455 636 1619 707 Deus,
1661 644 1719 697 et
1759 635 1897 701 aiter
1996 638 2146 695 etum
2169 638 2418 694 uestrum
2444 630 2742 699 sccuudum
2773 630 3070 697 hominem.
3102 650 3123 685 ι
3264 630 3269 633 ’

309 740 497 803 homo,
546 734 600 793 id
627 741 730 805 est,
761 748 871 795 non
910 732 1052 795 idem
1094 729 1240 795 Deus
1265 729 1358 807 qui
1394 729 1579 794 homo,
1612 742 1715 797 nec
1752 726 1896 791 idem

310 831 476 888 homo
503 827 597 899 qui
619 826 781 881 Deus.
812 822 1095 879 Nestorius
1118 822 1429 887 haereticus,
1459 820 1551 893 qui
1584 820 1661 883 ita
1694 818 1895 883 sensit,

310 938 425 979 non
469 917 605 975 dixit
652 917 820 971 Deum
869 929 937 971 ex
969 913 1139 973 Maria
1188 923 1398 977 natum,
1453 910 1551 967 sed
1599 909 1896 974 hominem,

2069 722 2209 783 XVI.
2248 723 2450 788 iterum
2476 733 2601 795 post
2633 724 2815 795 aliqua
2840 723 3229 798 interrogando
3252 725 3407 783 ﬁcii:
3441 743 3591 800 qna-

1996 814 2112 881 rit:
2151 833 2169 879 ς
2204 814 2397 879 Utrum
2437 813 2690 879 Christus
2716 814 2981 875 Dominus
3012 815 3069 871 in
3113 824 3345 890 utraque
3392 816 3590 884 natura

2000 904 2255 971 similiter
2276 906 2353 969 sit
2376 904 2548 968 Filius
2577 906 2695 977 Dei,
2723 921 2794 963 an
2823 906 3204 975 dissimiliter;
3239 929 3260 962 ι
3289 917 3347 965 et
3369 911 3596 982 subjun-

313 1027 381 1066 ex
425 1008 634 1089 semine
688 1004 882 1061 David.
933 1003 1038 1065 Iste
1097 1011 1296 1065 autem,
1347 1001 1394 1063 si
1462 999 1760 1057 catholicus
1808 1013 1899 1063 eﬁ-
2001 997 2082 1068 sit
2103 996 2504 1067 respondendo,
2538 1017 2557 1055 ς
2588 1013 2698 1057 non
2722 997 3001 1064 similiter,
3031 998 3128 1054 sed
3172 1000 3531 1057 dissimiliter.
3563 1022 3587 1056 ι

314 1106 421 1160 set,
467 1112 634 1152 unum
684 1096 1194 1173 eumdemqueesse
1235 1099 1291 1146 et
1334 1091 1505 1163 Deum
1545 1099 1600 1149 et
1624 1088 1902 1161 hominem

316 1196 371 1242 et
398 1203 566 1242 unum
599 1201 709 1241 uno
755 1185 934 1247 modo,
969 1192 1025 1257 et
1049 1180 1218 1249 semel
1245 1189 1455 1247 tantum
1494 1190 1680 1245 natum
1710 1182 1903 1251 crede-

316 1288 422 1334 ret.
457 1278 513 1332 Si
561 1282 743 1331 autem
783 1282 929 1329 esset
954 1272 1329 1349 Nestorianus,
1358 1283 1450 1331 aut
1491 1286 1516 1313 ει
1544 1271 1901 1339 Paulianista,

316 1371 432 1425 sive
450 1367 824 1431 Pbotinianus,
843 1364 1017 1420 solum
1043 1364 1317 1425 hominem
1348 1365 1595 1429 crederet
1626 1381 1695 1422 ex
1722 1380 1788 1421 ea
1808 1381 1904 1421 na-

317 1472 458 1528 tum,
498 1469 554 1515 et
596 1459 764 1515 semel
789 1466 1021 1515 tantum.
1059 1455 1216 1511 Nunc
1252 1464 1432 1523 autem
1462 1457 1590 1527 quia
1618 1457 1752 1515 dicit
1776 1471 1904 1515 sau—

317 1560 467 1633 ctam
502 1548 780 1620 Virginem
809 1546 965 1600 aliter
993 1546 1088 1600 Dei
1137 1561 1259 1609 esse
1284 1547 1627 1619 genitricem,
1659 1554 1716 1607 et
1749 1547 1907 1603 aliter

318 1640 576 1704 hominis,
607 1654 706 1708 ego
734 1645 862 1709 puto
891 1638 1018 1710 quia
1061 1637 1202 1692 sicut
1247 1653 1350 1693 nec
1391 1638 1593 1699 usitato
1629 1653 1782 1703 more
1825 1636 1906 1693 Io-

320 1733 537 1803 quitur,
566 1714 659 1785 ita‘
687 1744 792 1784 nec
816 1728 1101 1784 catholico.
1132 1727 1290 1787 Certe
1328 1729 1581 1785 catholici
1608 1729 1907 1807 prmdicaqt

2002 1087 2207 1157 Quaerit
2247 1088 2439 1155 deinde
2474 1104 2586 1158 quo
2619 1089 2810 1151 ordine
2857 1090 2912 1145 id
2945 1089 3040 1151 iiut
3070 1108 3085 1146 δ
3116 1098 3172 1147 et
3214 1095 3595 1164 respondendo

2005 1176 2241 1241 aiIirmat
2262 1179 2487 1247 dicens;
2522 1197 2541 1231 ι
2570 1178 2708 1247 Quia
2733 1179 2873 1239 sicut
2900 1180 2957 1237 in
2987 1195 3048 1236 se
3074 1182 3321 1250 continet
3344 1185 3482 1241 duas
3502 1200 3597 1243 na-

2007 1279 2179 1339 turas,
2230 1271 2288 1339 id
2318 1279 2441 1339 est,
2485 1271 2785 1333 divinitatis
2830 1287 2968 1337 suae,
3005 1281 3062 1328 et
3099 1274 3455 1341 humanitatis
3495 1294 3596 1335 no-

2006 1368 2155 1431 strae.
2191 1360 2267 1427 ita
2311 1361 2523 1427 duillius
2557 1362 2733 1428 modis
2772 1378 2913 1427 unus
2951 1363 3313 1423 crediturDei
3336 1364 3526 1423 Filius.
3564 1388 3587 1423 ν

2006 1450 2068 1519 lu
2104 1466 2214 1525 quo
2256 1451 2376 1518 loco
2398 1453 2625 1522 obsecro
2652 1459 2711 1517 et
2735 1441 3311 1519 admoneo'Ieotorem,
3339 1455 3385 1513 si
3411 1464 3594 1512 tamen

2007 1542 2175 1613 fuerit
2196 1543 2290 1616 qui
2317 1543 2498 1615 legere
2524 1545 2798 1627 dignetur,
2821 1551 2883 1601 ut
2907 1551 3103 1614 penset
3126 1551 3332 1613 attente
3354 1546 3501 1614 quod
3521 1546 3599 1607 di-

2007 1635 2166 1700 citur,
2201 1633 2377 1709 Surus
2402 1635 2537 1705 dixit
2563 1643 2803 1701 sanctam
2832 1635 3113 1706 Vimine!!!
3148 1634 3310 1701 aliter
3333 1636 3428 1695 Dei
3450 1652 3597 1704 esse.

2007 1732 2065 1787 et
2115 1725 2274 1787 aliter
2320 1725 2559 1791 hominis
2613 1724 2956 1798 genitricem.
3009 1724 3166 1789 Nunc
3208 1724 3341 1790 dicit
3387 1726 3599 1795 duabus

320 1821 610 1877 Dominum
638 1835 738 1875 nec
768 1819 820 1891 in
859 1819 1140 1901 divinitate
1177 1818 1382 1883 habere
1420 1829 1675 1889 matrem,
1703 1834 1805 1898 nec
1850 1819 1906 1873 in
1933 1829 1983 1893 Β
2013 1815 2187 1877 modis
2229 1829 2349 1881 esse
2399 1815 2597 1881 Filium
2650 1815 2748 1883 Dei
2789 1815 3078 1881 Dominum
3116 1822 3364 1881 aestuum
3390 1856 3406 1883 ,
3436 1824 3505 1879 et
3542 1816 3600 1877 in

321 1911 660 1969 humanitate
685 1918 913 1983 patrem.
950 1909 1056 1965 Iste
1103 1917 1284 1973 autem
1322 1926 1430 1982 qua
1472 1910 1684 1985 ratione
1714 1924 1909 1983 seque—

322 2002 545 2059 strando
574 2002 642 2058 ab
671 1999 1011 2057 humanitate
1035 1999 1394 2067 divinitatem.
1422 1999 1583 2065 aliter
1617 2015 1736 2065 eam
1776 1999 1908 2065 Dei,

323 2102 381 2149 et
425 2093 582 2147 aliter
604 2091 844 2146 hominis
873 2090 1190 2163 genitricem
1240 2105 1362 2155 esse
1395 2091 1588 2157 credit,
1624 2100 1680 2161 et
1725 2092 1817 2147 hic
1840 2105 1913 2157 ex

323 2194 478 2257 parte
508 2184 683 2255 aperit
725 2182 956 2239 dicendo
985 2202 998 2238 :
1041 2201 1060 2234 ι
1090 2182 1294 2241 Natura
1323 2182 1520 2263 quippe
1560 2182 1915 2253 humanitatis

326 2282 618 2347 assumptus
648 2278 926 2347 propriam
961 2288 1081 2329 eam
1112 2289 1235 2351 esse
1260 2273 1613 2345 genitricem,
1649 2272 1747 2333 Dei
1784 2288 1914 2341 vero

324 2376 558 2423 matrem
588 2366 761 2440 gratia
789 2373 846 2420 et
880 2365 1193 2438 dignatione
1224 2364 1528 2427 divinitatis
1555 2362 1783 2430 factam,
1806 2384 1826 2418 ι
1859 2372 1920 2433 et

325 2458 380 2513 in
410 2456 866 2529 subsequentibus
894 2464 949 2533 et
987 2457 1141 2537 pejus
1175 2464 1230 2513 et
1257 2456 1562 2524 evidentius
1590 2454 1912 2537 patefaciet,

325 2551 418 2606 ubi
448 2557 503 2605 et
529 2563 628 2605 nos
657 2549 1012 2623 opportunius
1037 2549 1103 2603 ad
1130 2549 1237 2615 ista
1277 2548 1592 2623 responsuri
1623 2563 1829 2623 sumus.

390 2636 506 2695 XV.
548 2638 705 2694 Nunc
731 2645 913 2693 autem
946 2637 1073 2710 quia
1107 2636 1268 2693 aliter
1292 2634 1390 2692 Dei
1412 2645 1468 2694 et
1493 2636 1649 2715 aliter
1679 2635 1917 2701 hominis

322 2746 445 2789 eam
474 2730 791 2803 genitricem
816 2730 949 2786 dicit
971 2744 1108 2805 esse,
1137 2744 1262 2783 cum
1288 2722 1569 2800 nunquam
1600 2727 1766 2801 fuerit
1786 2743 1918 2805 usus

325 2824 382 2879 in
411 2801 626 2877 ratione
671 2819 796 2874 ﬁdei
822 2801 1065 2873 hominis
1102 2832 1225 2875 eam
1259 2809 1583 2888 genitricem
1611 2801 1913 2887 nominari;

325 2912 523 2982 quippe
545 2924 670 2964 cum
685 2923 786 2964 nec
795 2907 1042 2963 mirabile
1055 2906 1147 2975 sit,
1162 2923 1285 2963 eum
1310 2916 1461 2983 certe
1480 2906 1721 2965 omnium
1743 2910 1920 2977 homi-

324 3019 455 3059 num
468 3011 670 3059 matres
680 3000 959 3065 hominum
972 3000 1262 3079 genitrices
1275 2999 1496 3065 sint,illa
1510 3000 1740 3070 qualiter
1752 3001 1920 3067 homi-

322 3096 410 3151 nis
422 3093 574 3162 i'acti,
592 3093 646 3151 id
657 3092 932 3160 est,Verbi
947 3108 1076 3149 caro
1089 3090 1219 3151 facti
1244 3092 1479 3164 genitrix
1491 3093 1835 3163 praedicetur,
1849 3109 1917 3153 ex

2013 1906 2145 1979 ipsis
2192 1905 2549 1967 dissimiliter.
2594 1905 2737 1973 Ecce
2785 1915 3018 1979 quatuor
3064 1907 3232 1973 modi,
3269 1914 3326 1973 et
3360 1908 3500 1971 inter
3537 1923 3605 1969 se

2014 1995 2305 2075 dissimiies
2330 2036 2347 2062 ,
2382 1995 2581 2067 quibus
2615 1996 2747 2059 dicit
2781 1997 3070 2059 Dominum
3116 2011 3239 2063 esse
3265 1996 3463 2065 Filium
3500 1997 3601 2064 Dei

2012 2085 2232 2152 Patris,
2293 2095 2350 2142 et
2392 2086 2628 2151 hominis
2670 2088 2883 2153 matris.
2939 2087 3195 2157 Forsitan
3252 2090 3345 2160 qui
3399 2089 3603 2161 plura,

2015 2194 2184 2250 quam
2242 2194 2362 2259 ego,
2398 2178 2553 2252 legit,
2601 2180 2810 2247 invenit
2845 2180 3051 2254 aliquid
3099 2183 3229 2247 huic
3269 2184 3352 2249 rei
3401 2184 3604 2247 simile.
3674 2178 3691 2183 ’

2015 2271 2129 2344 Ego
2170 2280 2354 2335 tamen
2393 2288 2573 2351 neque
2613 2275 2670 2333 in
2710 2275 2982 2333 catholico
3016 2291 3198 2346 neque
3239 2276 3295 2337 in
3343 2262 3608 2341 haeretici?

2014 2363 2265 2449 dogmate
2304 2364 2687 2441 hujuscemodi
2720 2381 2839 2437 rem
2877 2367 3077 2438 legisse
3102 2383 3191 2435 me
3215 2370 3360 2435 novi.
3396 2369 3503 2431 Sed
3522 2370 3609 2433 in-

2016 2456 2312 2537 epiciamus
2346 2466 2403 2510 et
2440 2456 2753 2526 sequentia,
2786 2464 3047 2523 utrumne
3083 2460 3152 2531 ad
3196 2460 3332 2527 istos
3368 2469 3610 2531 quatuor

1917 2611 1920 2614 ,
2016 2548 2206 2619 modos
2240 2556 2295 2609 et
2323 2547 2461 2613 alios
2496 2548 2681 2620 plures
2721 2558 2937 2621 augeat.

2087 2639 2250 2695 XVII.
2303 2639 2610 2717 Interrogat
2664 2640 2847 2712 itaque
2886 2640 3041 2705 Felix
3079 2642 3267 2711 dicens
3299 2663 3315 2701 :
3351 2664 3371 2698 ι
3404 2644 3605 2711 Prose-

2017 2747 2187 2807 quere
2227 2732 2424 2803 quibus
2460 2732 2781 2801 subauditur
2820 2733 2995 2799 modis
3036 2753 3051 2788 :
3088 2753 3109 2788 ι
3139 2734 3208 2795 et‘
3229 2738 3605 2808 resme

2019 2822 2293 2896 Subiunxit
2322 2842 2336 2885 :
2381 2841 2400 2885 ς
2432 2820 2738 2891 Secundum
2764 2823 3066 2899 divinitatis
3094 2828 3392 2894 essentiam
3411 2870 3428 2896 .
3455 2838 3589 2893 natu

2018 2928 2081 2969 ra
2101 2952 2117 2981 .
2150 2912 2402 2981 veritate.
2426 2914 2800 2989 proprietate.
2830 2930 3060 2993 genere,
3100 2916 3416 2988 nativitate,
3442 2927 3605 2990 atque

2021 3003 2323 3071 substantia
2358 3022 2371 3060 :
2394 3004 2551 3076 iuxta
2601 3005 2999 3079 humanitatem
3050 3021 3185 3075 vero
3231 3023 3343 3075 non
3385 3018 3609 3074 natura,

2021 3096 2121 3165 ait.
2149 3097 2244 3163 sed
2270 3097 2446 3170 gratia
2463 3138 2479 3166 .
2522 3097 2810 3167 electione.
2840 3098 3118 3169 voluntate
3135 3141 3151 3169 ν
3178 3099 3380 3172 placito
3399 3142 3416 3170 ,
3463 3117 3611 3173 prse-

325 3199 638 3245 sanctorum
673 3185 899 3240 Patrum
932 3184 1214 3246 sententiis
1243 3183 1653 3245 audiamus.Ait
1679 3199 1914 3254 namque
1940 3186 1986 3259 β
2018 3189 2402 3256 destinatione,
2425 3191 2818 3265 assumptione,
2847 3198 2903 3253 et
2922 3198 3143 3261 cantem,
3168 3192 3379 3264 inquit,
3409 3193 3501 3255 his
3534 3194 3609 3252 si-

322 3278 633 3350 prmcipuus
669 3274 760 3332 ille
772 3284 1109 3348 expugnator
1134 3274 1472 3331 Nestoriante
1500 3274 1796 3347 impietatis
1820 3276 1917 3341 do-

324 3368 602 3424 ctissimus
620 3374 676 3423 et
698 3365 1044 3423 beatissimus
1061 3364 1322 3439 Cyrillus:
1347 3385 1365 3417 t
1387 3366 1734 3422 Atlirmamus
1751 3366 1917 3441 igitur

327 3442 396 3513 ei
422 3456 535 3514 Deo
560 3454 974 3527 patre‘Verbum
1004 3456 1058 3510 in
1090 3458 1464 3526 assumptione
1512 3455 1740 3524 factum,
1785 3472 1915 3523 sau-

328 3559 432 3607 ctm
457 3558 513 3606 et
543 3551 799 3605 animatae
823 3549 974 3604 carni
1018 3549 1252 3617 unitum,
1290 3549 1582 3605 secundum
1630 3549 1916 3613 veritatem

326 3643 612 3701 inconfuse
642 3658 707 3715 ex
733 3641 894 3697 vulva
928 3640 1045 3713 ipsa
1084 3639 1421 3713 processisSe
1455 3641 1749 3706 hominem,
1786 3657 1913 3712 per:

326 3736 593 3792 mansisse
632 3744 813 3790 autem
858 3735 1024 3790 etiam
1053 3734 1349 3805 secundum
1384 3731 1644 3805 Verbum.
1684 3733 1916 3815 Ideoque

327 3835 384 3883 et
410 3827 504 3882 Dei
532 3826 767 3899 genitrix
810 3834 894 3881 est
930 3833 1119 3890 saneta
1149 3822 1332 3897 Virgo.
1368 3823 1707 3896 Superiluum
1733 3832 1917 3889 autem

328 3920 565 3975 arbitror
590 3928 842 3990 oportere
866 3917 1306 3985 existimandum,
1336 3924 1393 3973 et
1417 3917 1651 3975 hominis
1694 3917 1916 3989 genitri-

329 4025 449 4065 cem
474 4009 595 4064 eatit
637 4009 764 4064 dici.
796 4007 1075 4078 Siquidem
1107 4017 1292 4063 essent
1334 4008 1502 4080 aliqui
1532 4024 1599 4064 ex
1642 4009 1808 4064 multa
1833 4010 1917 4071 ni-

326 4101 433 4155 mis
458 4098 702 4163 vesania,
725 4099 818 4169 qui
838 4096 1082 4153 dicerent
1104 4098 1201 4152 Dei
1225 4099 1386 4154 Verbi
1414 4108 1684 4164 naturam,
1712 4098 1915 4161 fontem

328 4189 496 4244 veluti
526 4189 815 4258 quemdam
845 4196 901 4244 et
930 4189 1163 4260 propriae
1194 4189 1443 4244 essentize
1468 4189 1793 4263 principium
1819 4193 1916 4247 ha-

329 4282 515 4338 buisse
540 4296 782 4337 carnem.
817 4281 984 4337 Forte
1007 4282 1203 4338 fuisset
1223 4281 1522 4353 aliquando
1544 4298 1652 4339 non
1679 4285 1914 4343 absurda

330 4381 387 4429 et
412 4364 809 4429 contemnenda
837 4375 976 4431 ratio
1002 4374 1309 4441 volentibus
1334 4389 1456 4429 eam
1485 4377 1650 4435 etiam
1681 4377 1917 4435 hominis

327 4468 597 4524 nominari
625 4477 878 4538 oportere
917 4468 1255 4540 genitricem.
1296 4469 1431 4541 Quia
1469 4484 1599 4545 vero
1633 4469 1914 4531 abomina-

2019 3281 2188 3351 milia.
2222 3302 2241 3335 ι
2275 3281 2415 3349 Ecce
2436 3283 2565 3351 dum
2593 3292 2824 3354 quatuor
2842 3289 3167 3362 pradicet?“
3188 3293 3380 3351 modos
3402 3292 3608 3347 nativi-

2018 3374 2149 3430 tatis
2185 3376 2492 3445 dominiuae,
2520 3377 2654 3435 duos
2678 3392 2747 3435 ex
2790 3389 2967 3449 matre
2994 3383 3227 3455 virgine,
3257 3385 3392 3441 duos
3419 3399 3487 3440 ex
3510 3384 3608 3441 Pa-

2020 3472 2104 3521 tre
2129 3465 2261 3535 Deo,
2284 3467 2491 3533 inventi
2515 3467 2629 3543 jam
2651 3478 2779 3531 sunt
2798 3472 3106 3541 duodecim,
3137 3490 3233 3535 sex
3253 3474 3509 3532 videlicet
3536 3492 3608 3534 ex

2019 3556 2200 3635 Patre,
2215 3566 2270 3616 et
2290 3576 2385 3616 sex
2409 3576 2476 3623 ex
2500 3569 2693 3627 matre,
2727 3562 2845 3635 Qua
2875 3573 3054 3629 autem
3086 3565 3252 3627 faciat
3271 3566 3609 3636 intentione,

2017 3650 2157 3706 bene
2184 3652 2656 3717 considerantibus
2681 3655 3025 3724 perapicuum
3059 3664 3165 3723 est,
3199 3657 3457 3729 videlicet
3478 3658 3610 3728 quia

2018 3750 2214 3799 cuncta
2244 3759 2362 3814 qum
2384 3744 2662 3798 nativitati
2692 3732 2995 3803 divinitatis
3021 3746 3237 3816 tribuit,
3278 3747 3608 3821 humanitati

2019 3837 2228 3901 adimit.
2270 3836 2423 3905 Quod
2462 3836 2509 3891 si
2555 3844 2842 3908 propterea
2888 3837 3129 3911 fecisset,
3179 3847 3243 3907 ut
3296 3822 3611 3911 ostenderet

2019 3927 2163 3991 aliud
2191 3914 2761 3995 esse'humanitatem,
2794 3927 2938 3989 aliud
2976 3928 3346 4009 divinitatem,
3379 3929 3611 4007 haberet

2016 4018 2258 4097 profecto
2294 4017 2592 4075 faciliorem
2639 4026 2695 4075 et
2747 4019 3095 4092 usitatiorem
3143 4019 3397 4101 loquendi
3425 4028 3611 4091 pater-1

2017 4125 2147 4164 num
2189 4111 2428 4174 modum,
2459 4127 2565 4181 quo
2592 4112 2646 4166 id
2673 4113 2962 4177 ostendere
3002 4113 3270 4183 potuisset
3301 4129 3315 4179 ξ
3349 4126 3511 4183 quem
3558 4111 3613 4181 si

2017 4209 2234 4257 secutus
2274 4202 2488 4269 fuisset,
2523 4218 2623 4259 nec
2651 4217 2791 4257 nova
2839 4203 3080 4279 diceret,
3129 4218 3230 4267 nec
3262 4188 3609 4275 mendacium

2017 4291 2341 4347 incurreret.
2372 4291 2614 4349 Dicendo
2660 4307 2895 4362 namque
2949 4292 3247 4363 secundum
3299 4292 3611 4361 divinitatis

2016 4383 2314 4438 essentiam
2366 4381 2598 4437 veritate
2628 4396 2752 4437 esse
2789 4381 3012 4450 Filium,
3047 4389 3105 4438 et
3158 4383 3518 4461 proprietate,
3548 4393 3610 4442 et

2017 4473 2233 4528 caeteris
2261 4480 2379 4543 quae
2407 4473 2483 4529 ibi
2507 4471 2819 4545 coniungit;
2856 4474 2972 4549 vult
3001 4489 3125 4541 eum
3152 4462 3281 4530 esse
3304 4476 3609 4553 secundum

326 4560 452 4616 bilis
491 4568 547 4616 et
585 4560 770 4616 odiosa
815 4560 1035 4631 quidem
1076 4561 1217 4630 apud
1264 4576 1452 4625 omnes
1488 4569 1572 4615 est
1608 4559 1916 4632 hujusmcdi
2020 4567 2415 4623 humanitatem
2456 4581 2558 4623 nec
2586 4583 2800 4651 verum,
2829 4583 2929 4627 nec
2955 4569 3254 4641 proprium,
3287 4569 3384 4645 sed
3424 4582 3457 4637 e
3481 4583 3612 4626 con-

328 4652 619 4717 sententia,
680 4651 1106 4721 intelligiturque
1153 4665 1259 4705 non
1317 4650 1481 4705 aliter
1536 4650 1633 4706 Dei
1681 4651 1917 4723 genitrig

327 4754 514 4800 sancta
544 4744 730 4815 Virgo,
754 4744 859 4799 nisi
884 4745 1063 4814 primo
1087 4744 1391 4815 susceperit
1417 4745 1704 4820 quisquam
1731 4743 1938 4814 fidem,,

327 4843 433 4897 hoc
457 4849 562 4906 est,
582 4839 709 4909 quia
738 4837 913 4894 factus
947 4848 1031 4894 est
1056 4854 1208 4906 caro,
1234 4839 1335 4894 hoc
1363 4846 1467 4908 est,
1494 4839 1657 4895 homo
1678 4839 1918 4905 Verbum

328 4950 395 4989 ex
437 4933 548 4989 Deo
575 4932 760 4989 Patre.
806 4931 927 4987 Non
956 4932 1103 4988 enim
1142 4931 1543 5002 quodammodo
1574 4932 1914 5003 divinitatem

326 5029 548 5093 nudam,
578 5027 739 5085 sicuti
768 5026 903 5091 dixi,
927 5025 1138 5097 peperit
1159 5025 1343 5098 Virgo.
1368 5023 1498 5092 Quae
1525 5024 1688 5095 hujus
1708 5026 1914 5081 instan-

327 5119 418 5175 tire
440 5119 655 5176 videtur
673 5118 882 5177 utilitas
903 5119 1197 5174 dicentium
1223 5127 1477 5190 oportere
1498 5119 1769 5173 nominari
1791 5133 1913 5174 eam

327 5219 384 5264 et
424 5211 662 5267 hominis
703 5211 1041 5284 genitricem.
1087 5209 1217 5279 Sed,
1244 5210 1385 5267 sicut
1417 5218 1663 5282 apparet,
1692 5211 1912 5265 inventa

328 5301 578 5372 quaedam
605 5302 676 5357 ab
697 5302 780 5359 eis
805 5311 889 5358 est
911 5310 1111 5360 contra
1126 5302 1403 5360 Christum
1421 5300 1538 5357 hzec
1558 5302 1910 5357 machinatio.

327 5392 448 5448 Non
472 5394 622 5451 enim
649 5395 927 5465 patiuntur
950 5411 1165 5470 sapere,
1188 5394 1273 5449 vel
1299 5395 1481 5450 dicere
1519 5393 1693 5463 ipsum
1725 5394 1815 5465 qui
1846 5411 1911 5449 ex

328 5481 444 5539 Deo
466 5482 630 5539 Patre
667 5490 753 5540 est
777 5493 905 5541 ante
925 5486 1123 5545 stecula
1142 5483 1340 5551 Filius,
1381 5483 1437 5539 in
1465 5481 1777 5539 novissimis
1816 5498 1916 5538 sae-

2020 4660 2188 4716 trario
2221 4660 2426 4717 omnia.

2088 4751 2274 4809 XVIII.
2322 4753 2431 4809 Sed
2468 4754 2597 4825 quia
2637 4754 2755 4811 haec
2793 4753 2850 4809 in
2880 4754 3338 4831 subsequentibus
3379 4752 3608 4817 manife-

2019 4846 2156 4917 stius
2191 4845 2388 4916 aperit,
2419 4845 2731 4901 intueamur
2756 4861 2904 4911 nunc
2949 4860 3118 4915 quare
3161 4861 3283 4901 eum
3310 4844 3426 4903 vult
3446 4842 3607 4914 juxta

2019 4938 2415 4995 humanitatem
2463 4952 2586 4994 esse
2616 4928 2813 4993 Filium
2848 4936 3058 5003 Patris,
3088 4951 3196 4991 non
3239 4943 3456 5005 natura,
3493 4951 3606 5017 non

2024 5032 2329 5099 nativitate,
2361 5047 2470 5086 non
2515 5047 2751 5103 genere,
2801 5046 2910 5095 non
2958 5029 3220 5095 veritate;
3272 5029 3367 5086 sed
3403 5032 3601 5103 gratia,

2016 5124 2300 5188 electione,
2333 5122 2614 5176 voluntate
2637 5161 2651 5187 ,
2700 5119 2928 5197 placito,
2972 5120 3482 5193 praedestinatione,
3522 5142 3609 5183 as-

2014 5213 2341 5285 sumptione.
2389 5204 2709 5281 Quicunque
2750 5211 2919 5289 igitur
2953 5212 3211 5283 antiquos
3261 5213 3410 5272 illius
3457 5231 3611 5279 erro-

2016 5317 2106 5359 res
2150 5299 2426 5374 cognovit,
2462 5297 2591 5370 quid
2624 5307 2681 5353 et
2719 5315 2865 5354 nunc
2911 5301 3101 5377 utique
3128 5300 3261 5359 velit
3303 5304 3605 5377 cognoscit.

2016 5394 2240 5448 Dixerat
2263 5406 2496 5462 namque
2518 5391 2804 5448 Dominum
2834 5401 3081 5451 nostrum
3109 5393 3297 5459 Iesum
3325 5394 3605 5457 Christum

2018 5484 2318 5541 secundum
2350 5482 2748 5541 humanitatem
2794 5485 3109 5569 adoptivum
3145 5502 3269 5557 esse
3293 5484 3464 5549 filium
3505 5485 3607 5545 Pa-

1692 5573 1965 5632 BALUZII
2002 5575 2235 5633 NOTAE.

402 5663 822 5741 {Pudicitiam
834 5669 913 5726 Ite
927 5671 1098 5727 codex
1110 5669 1530 5741 manuscriptus.
1548 5667 1735 5741 Neque
1750 5668 1910 5741 video

330 5738 461 5825 sed
487 5754 824 5825 φυωηθιερ
847 5742 1085 5825 volverit
1105 5749 1169 5797 ιιι
1222 5738 1507 5825 μεθείω
1524 5738 1911 5825 redemeris

329 5809 513 5865 ederet
533 5827 632 5885 pro
656 5808 1011 5867 Paulminsta.
1040 5811 1175 5871 Nam
1212 5810 1463 5877 diversus
1522 5808 1619 5873 fuit
1661 5811 1906 5884 Appelli-

2020 5673 2533 5749 paristarumerjor
2559 5671 2629 5749 ab
2665 5684 2731 5749 eo
2752 5671 3036 5749 quem__hic
3076 5667 3605 5749 perseq_u_itur_Ago-

2014 5740 2235 5802 bardus.
2266 5744 2400 5803 Vide
2425 5738 2889 5802 Praedestinaium'
2906 5742 3002 5797 lib.
3032 5738 3230 5829 rfcap.
3255 5738 3468 5811 11,45.
