4048 6178
479 459 550 516 47
1448 461 1503 514 S.
1544 458 1889 515 AGOBARDI
1926 455 2232 514 EPISCOPI
2270 454 2754 514 LUGDUNENSIS
3655 451 3723 510 48

479 576 565 630 lus
605 576 844 646 exponit,
886 566 1402 630 ctelestis’medicus
1455 589 1523 627 ex
1571 572 1726 627 nobis
1779 571 2052 642 acciperet
2076 576 2130 633 Α
2153 569 2340 624 raliter
2389 567 2794 638 conceptionem
2839 572 3001 634 atque
3043 564 3383 621 nativitatem
3435 564 3724 622 ineﬂ‘abilis

477 680 576 736 per
605 667 746 737 quod
789 665 1059 719 contraria
1111 663 1504 718 medicamenta
1551 662 1706 716 nobis
1745 661 2045 727 adhiberet,

476 760 684 814 scilicet
709 766 770 810 ut
795 756 939 811 salva
980 754 1409 824 impassibilitate
1457 769 1575 818 sua,
1621 751 2045 813 immortalitate,

476 860 532 906 et
568 847 1126 914 incommutabilitate,
1160 859 1187 887 α
1235 862 1334 901 sua
1371 861 1468 901 nos
1517 853 1691 900 morte
1726 843 2044 906 viviﬁcaret,

476 956 571 994 sua
613 946 927 1009 paupertate
953 936 1172 1002 ditaret,
1203 936 1315 992 suis
1341 935 1682 991 contumeliis
1731 934 2042 994 honoraret,

472 1035 587 1089 suis
614 1032 925 1087 vulneribus
961 1036 1197 1093 sanaret,
1217 1038 1272 1082 et
1295 1036 1486 1084 caetera
1513 1024 1837 1094 huiusmodi.
1874 1023 1966 1078 Sic
1992 1029 2047 1074 et

471 1126 528 1178 in
555 1124 786 1192 quodam
825 1107 943 1176 loco
971 1122 1161 1175 beatus
1202 1117 1390 1172 scribit
1417 1115 1778 1185 Hieronymus
1812 1131 1824 1165 :
1860 1131 1878 1163 ‹
1916 1111 2045 1177 Qua:

471 1224 651 1269 autem
673 1220 852 1282 potest
873 1208 1045 1276 major
1062 1221 1181 1262 esse
1202 1204 1473 1260 dementia
1501 1218 1658 1272 quam
1681 1210 1740 1256 ut
1760 1201 1928 1255 Filius
1947 1200 2044 1254 Dei

359 1298 374 1320 ‘
470 1305 706 1360 hominis
736 1303 874 1356 ﬁlius
918 1305 1248 1362 nasceretur,
1279 1297 1466 1351 decem
1511 1295 1778 1350 mensium
1828 1293 2044 1348 fastidia

469 1395 780 1458 sustineret,
796 1400 982 1462 partus
997 1397 1338 1459 exspectaret
1352 1387 1666 1451 adventum,
1681 1385 2043 1439 involveretur

463 1485 680 1556 pannis,
709 1482 1067 1550 subjiceretur
1090 1478 1425 1550 parentibus,
1454 1492 1554 1546 per
1598 1475 1839 1547 singulas
1865 1475 2044 1528 adole-

464 1585 550 1631 ret
591 1582 797 1638 aetates,
830 1580 883 1627 et
911 1578 1034 1641 post
1067 1567 1418 1624 contumelias
1445 1583 1637 1622 vocum
1661 1607 1675 1630 ,
1724 1565 1936 1634 alapas,
1988 1573 2044 1618 et

463 1665 691 1736 ﬂagella,
735 1661 911 1717 crucis
964 1675 1176 1731 quoque
1202 1658 1356 1713 nobis
1387 1657 1541 1712 ﬁeret
1585 1656 1948 1722 maledictum,
1983 1662 2044 1710 ut

466 1771 564 1810 nos
606 1771 636 1808 a
677 1751 961 1807 maledicto
1007 1750 1142 1820 legis
1172 1748 1492 1812 absolveret,
1522 1745 1667 1800 Patri
1714 1744 1887 1802 factus
1915 1745 2041 1799 obe—

465 1847 618 1902 diens
663 1861 832 1914 usque
875 1843 942 1898 ad
986 1842 1254 1897 mortem?
1285 1859 1303 1892 ›
1343 1838 1448 1893 Sed
1491 1839 1618 1908 quia
1644 1846 1838 1892 cuncta
1877 1853 2038 1907 supra

2151 661 2206 716 in
2233 677 2291 718 se
2337 662 2591 716 divinitas
2619 659 2936 728 accepisset.
2971 656 3063 712 Sic
3105 666 3190 714 est
3219 658 3362 713 Deus
3397 667 3632 714 aeternus
3660 673 3725 713 ac

2149 767 2330 818 verus,
2352 753 2620 808 veraciter
2647 743 2941 806 secundum
2965 755 3178 816 tempus
3204 756 3516 818 conceptus,
3554 755 3608 802 et
3629 762 3724 802 na-

2149 851 2238 899 tus
2269 859 2337 898 ex
2358 843 2596 914 Virgine.
2625 841 2762 896 Dum
2786 841 2934 896 enim
2973 838 3110 892 venit
3137 838 3406 908 plenitudo
3452 839 3717 910 temporis,

2146 935 2286 987 misit
2334 935 2474 990 Deus
2503 934 2705 988 Filium
2749 950 2902 987 suum
2925 932 3132 1000 'factum
3159 947 3224 985 ea:
3251 930 3491 996 muliere,
3522 931 3718 1000 factum

2145 1023 2240 1075 sub
2269 1022 2396 1093 lege,
2426 1032 2479 1076 ut
2501 1040 2586 1077 eos
2609 1024 2698 1094 qui
2725 1023 2820 1077 sub
2837 1021 2947 1093 lege
2975 1029 3144 1088 erant,
3173 1021 3464 1088 redimeret,
3494 1031 3552 1075 ut
3591 1023 3721 1075 ado-

2144 1114 2372 1184 ptionem
2407 1114 2639 1183 ﬁliorum
2668 1116 3010 1184 reciperemus
3027 1132 3046 1180 ;
3085 1113 3176 1169 illo
3203 1114 3409 1170 scilicet
3439 1115 3547 1170 Deo
3575 1113 3718 1169 facto

2144 1206 2463 1261 naturaliter
2490 1206 2602 1260 tilio
2627 1206 2885 1274 hominis,
2921 1207 3014 1278 qui
3041 1208 3233 1264 unicus
3279 1216 3364 1264 est
3397 1207 3718 1263 naturaliter

2143 1297 2314 1351 Filius
2343 1298 2651 1368 unigenitus
2677 1298 2774 1353 Dei
2800 1297 3000 1353 Patris.
3023 1318 3042 1350 ι

2213 1385 2354 1440 XXI.
2384 1385 2584 1442 Contra
2614 1387 2744 1442 illud
2785 1402 2914 1443 vero
2943 1389 3087 1457 quod
3127 1386 3280 1444 Felix
3307 1390 3457 1457 dicit,
3507 1391 3717 1448 duobus

2141 1475 2317 1530 modis
2340 1476 2452 1531 Deo
2474 1477 2622 1531 Patri
2646 1494 2812 1532 unum
2833 1493 2953 1532 esse
2982 1477 3175 1545 ﬁlium,
3217 1487 3272 1534 et
3310 1480 3516 1536 duobus
3540 1483 3714 1537 modis

2141 1564 2304 1618 matri
2334 1583 2346 1616 :
2386 1580 2505 1634 quae
2550 1567 2798 1633 dicendo,
2830 1567 2955 1622 illuc
2983 1568 3173 1634 tendit,
3204 1579 3263 1624 ut
3298 1571 3548 1626 ostendat
3592 1587 3716 1626 eum

2141 1658 2433 1712 secundum
2457 1658 2789 1713 divinitatem
2811 1660 3026 1729 quidem
3055 1675 3175 1714 esse
3189 1676 3399 1728 verum,
3414 1663 3711 1718 secundum

2141 1749 2536 1804 humanitatem
2564 1759 2744 1805 autem
2801 1765 2908 1805 non
2952 1765 3074 1806 esse
3110 1766 3298 1806 verum
3328 1771 3340 1806 :
3372 1754 3515 1822 quod
3551 1769 3714 1822 quam

2141 1840 2333 1896 falsum
2366 1842 2455 1907 sit,
2490 1841 2605 1911 jam
2634 1857 2795 1912 supra
2837 1843 3026 1912 positis
3055 1844 3338 1899 sententiis
3365 1843 3509 1899 beati
3531 1843 3718 1916 Cyrilli

456 1939 667 2009 scripta
694 1935 888 1990 Felicis
932 1933 1071 1988 male
1109 1947 1268 1987 sensa
1297 1930 1476 1985 verbis
1509 1928 1731 1983 Patrum
1761 1929 2038 1984 destruere
2064 1937 2112 1996 Β
2139 1937 2414 1984 ostensum
2437 1940 2551 1997 est;
2586 1938 2639 1985 et
2665 1945 2808 1984 nunc
2850 1931 3091 2000 ejusdem
3123 1939 3178 1985 et
3209 1931 3438 1986 aliorum
3465 1933 3716 2002 ponenda

463 2031 740 2094 debemus,
764 2027 907 2096 legat
931 2025 1018 2080 cui
1056 2024 1230 2094 placet
1253 2023 1366 2092 jam
1399 2021 1637 2075 adnean
1666 2019 1888 2073 Patrum
1913 2034 2038 2074 sen-

449 2105 680 2175 tentias.
736 2117 960 2172 Interim
1011 2124 1232 2179 tamen,
1280 2113 1404 2181 quia
1460 2109 1682 2165 memini
1730 2125 1818 2164 me
1875 2125 2037 2178 supra

457 2198 665 2264 dixisse
683 2208 827 2263 nullo
852 2206 1011 2262 modo
1032 2204 1270 2260 Felicem
1287 2203 1504 2257 sibimet
1527 2201 1753 2254 suadere
1774 2201 2035 2268 potuisse,

463 2302 596 2358 utin
619 2316 728 2356 uno
755 2299 980 2354 Domino
1003 2297 1228 2351 duarum
1257 2302 1570 2349 naturarum
1603 2290 2036 2359 conjunctionem

463 2392 781 2449 naturaliter
823 2406 886 2444 ac
941 2385 1368 2444 substantialiter
1407 2383 1606 2437 factam
1651 2382 1935 2446 crederet,
1983 2388 2038 2435 et

463 2485 640 2540 verbis
681 2482 824 2537 beati
851 2479 1036 2551 Cyrilli
1062 2477 1395 2533 ostendimus
1418 2473 1687 2544 quomodo
1716 2471 2038 2526 naturaliter

460 2575 603 2629 facta
629 2573 897 2635 credatur,
914 2571 1074 2624 habet
1096 2569 1264 2623 lector
1293 2567 1359 2622 de
1385 2566 1575 2621 eadem
1593 2580 1654 2618 re
1681 2565 1708 2603 ι)
1733 2562 1880 2618 beati
1912 2560 2037 2615 Hie-

461 2663 669 2734 ronymi
695 2661 829 2716 satis
855 2660 1078 2730 politam
1103 2667 1157 2714 et
1183 2657 1520 2713 enucleatam
1547 2655 1893 2719 sententiam,
1912 2669 2035 2708 cum

460 2754 526 2808 de
546 2753 636 2808 illo
660 2752 852 2806 divinae
881 2751 1175 2819 Scriptura:
1197 2749 1314 2803 loco
1337 2748 1650 2819 ageret,ubi
1677 2747 1882 2801 dictum
1907 2756 1992 2801 est
2018 2765 2031 2800 :

461 2842 665 2896 Ponam
691 2841 992 2896 inimicitias
1022 2842 1156 2894 inter
1190 2849 1238 2892 te
1264 2849 1310 2892 et
1337 2840 1472 2892 inter
1497 2837 1788 2903 mulierem,
1822 2847 1871 2891 et
1898 2839 2036 2891 inter

457 2951 634 2989 semen
673 2944 821 2986 tuum
849 2942 896 2986 et
943 2949 1115 2986 semen
1150 2931 1404 2985 mulieris.
1460 2930 1586 3001 Ipsa
1622 2940 1769 2983 tuum
1813 2929 2036 2983 calcabit

462 3035 640 3096 caput,
672 3034 720 3079 et
756 3034 812 3078 tu
838 3023 1170 3078 insidiaberis
1198 3021 1442 3077 calcaneo
1468 3023 1580 3092 ejus
1607 3019 1762 3092 (Gen.
1792 3036 1882 3086 ιιι,
1920 3019 2030 3091 15).

465 3135 484 3169 ι
521 3117 728 3182 Nonne,
758 3117 950 3185 inquit,
981 3115 1266 3186 conspicis,
1306 3128 1483 3169 nonne
1513 3114 1848 3178 consideras,
1890 3113 2034 3183 quod

453 3207 564 3277 iam
612 3218 741 3262 tunc
783 3208 860 3260 illi
906 3208 1214 3261 minabatur
1261 3206 1317 3259 in
1367 3205 1614 3260 Christo?
1665 3205 1845 3260 Alium
1887 3205 2031 3260 enim

2140 2029 2264 2075 sunt
2293 2020 2734 2090 testimonia,per
2757 2036 2877 2090 quae
2890 2021 3280 2076 ostendendum
3293 2030 3395 2088 est,
3410 2029 3467 2076 et
3491 2023 3716 2077 unicum

2139 2109 2428 2164 Dominum
2453 2119 2701 2164 nostrum
2729 2119 2901 2165 totum
2930 2126 3052 2166 esse
3081 2109 3348 2176 Deum,et
3375 2110 3470 2166 Dei
3494 2110 3712 2178 Filium,

2139 2201 2412 2255 hominem
2437 2217 2652 2273 quoque
2667 2211 2723 2256 et
2742 2203 2978 2257 hominis
3009 2201 3198 2268 ﬁlium,
3215 2201 3364 2256 salva
3391 2211 3571 2257 tamen
3595 2217 3720 2272 pro-

2137 2292 2369 2361 prietate
2396 2293 2677 2362 utriusque
2697 2293 3031 2357 substantias,
3065 2301 3346 2364 totumque
3377 2308 3497 2348 esse
3524 2309 3715 2349 verum

2137 2383 2280 2453 quod
2307 2391 2418 2449 est;
2458 2392 2533 2438 ‘ut
2579 2385 2886 2454 quicunque
2930 2384 3173 2439 diversos
3209 2385 3396 2440 modos
3429 2385 3717 2440 ~ﬁliationis

2137 2471 2234 2527 Dei
2262 2473 2317 2527 in
2346 2473 2451 2527 ﬁde
2492 2473 2648 2528 nobis
2675 2473 3018 2529 introducere
3042 2473 3290 2539 voluerit,
3326 2475 3506 2530 videat
3532 2490 3602 2530 an
3631 2475 3718 2530 lo~

2137 2577 2261 2616 cum
2278 2563 2536 2617 inveniat.
2561 2562 2761 2617 Beatus
2784 2562 3048 2632 Cyrillus:
3071 2581 3090 2613 ι
3111 2563 3284 2630 Libet,
3311 2564 3410 2629 ait,
3438 2579 3560 2619 eum
3587 2579 3717 2634 per-

2135 2652 2348 2706 contari
2413 2664 2594 2706 utrum
2650 2653 2914 2708 unitatem
2969 2653 3131 2709 Verbi
3195 2653 3263 2708 ad
3321 2656 3718 2712 humanitatem

2137 2743 2323 2809 Verbi,
2354 2744 2469 2798 sive
2498 2743 2566 2798 ad
2609 2753 2857 2798 sanctum
2884 2759 3085 2814 corpus
3134 2745 3432 2800 animatum
3459 2747 3718 2817 intelligi-

2135 2832 2317 2887 biliter
2358 2831 2560 2886 factam
2588 2833 2734 2888 dicat
2771 2835 3065 2890 secundum
3103 2836 3412 2901 veritatem,
3439 2852 3507 2891 an
3535 2837 3718 2908 potius

2135 2938 2258 2978 cum
2299 2923 2420 2978 aliis
2463 2922 2644 2990 simul,
2686 2934 2741 2980 et
2778 2926 2890 2996 ipse
2941 2927 3236 2982 secundum
3290 2927 3714 2997 copulationem,

2135 3032 2255 3087 qum
2303 3032 2400 3086 per
2454 3019 2826 3074 habitudinem
2877 3028 2962 3074 est
3013 3033 3192 3076 sermo
3249 3020 3496 3075 docibilis
3543 3006 3604 3076 et
3630 3022 3717 3075 in-

2135 3107 2418 3163 existentis
2456 3107 2646 3164 forma:
2685 3111 2753 3164 ad
2805 3111 3182 3166 inexistentem
3221 3121 3278 3167 et
3315 3111 3550 3167 divinam
3607 3111 3720 3168 for-

2136 3214 2301 3254 mam.
2362 3199 2540 3256 Unum
2595 3217 2830 3272 namque
2876 3203 3056 3258 unitas
3099 3203 3508 3271 demonstravit,
3561 3214 3615 3259 et
3659 3205 3717 3260 in

463 3317 646 3356 semen
696 3299 956 3365 mulieris,
997 3299 1198 3353 nullum
1228 3313 1452 3368 prorsus
1483 3298 1708 3368 accipio,
1734 3297 1840 3352 nisi
1882 3297 2032 3351 illum
2063 3306 2108 3368 C
2140 3290 2276 3346 duos
2311 3291 2554 3346 dividere
2589 3291 2909 3348 refutamus.
2940 3293 3074 3348 Nam
3101 3293 3228 3350 licet
3253 3293 3452 3349 factum
3482 3303 3566 3350 est
3587 3310 3718 3350 caro

459 3406 615 3461 quem
658 3390 944 3460 Apostolus
993 3391 1070 3444 ait
1116 3390 1319 3445 factum
1347 3406 1413 3445 ex
1442 3390 1690 3455 muliere,
1725 3389 1928 3444 factum
1979 3389 2035 3443 in

459 3496 646 3545 carne,
675 3480 845 3546 illum,
885 3481 977 3549 qui
1000 3491 1060 3534 ut
1087 3479 1414 3548 evangelista
1453 3477 1637 3542 refert,
1664 3477 1862 3548 Joseph
1892 3478 2036 3533 ﬁlius

456 3573 749 3642 putabatur
773 3586 911 3636 esse,
941 3571 1035 3626 sed
1066 3587 1172 3626 non
1213 3579 1348 3636 erat,
1380 3570 1530 3624 illum
1571 3571 1758 3640 utique
1777 3570 1870 3639 qui
1902 3570 2035 3624 Ver-

455 3665 584 3719 bum
628 3678 755 3719 caro
784 3662 984 3717 factum
1033 3670 1133 3717 est.
1165 3661 1301 3715 Nam
1351 3661 1395 3716 si
1429 3661 1717 3732 generandi
1764 3659 2033 3729 publicam

458 3754 617 3810 istam
655 3762 710 3809 et
754 3753 1054 3808 naturalem
1099 3751 1562 3822 circumspicimus
1617 3751 1901 3816 rationem,
1943 3766 2032 3806 se-

456 3847 603 3901 mina
654 3861 761 3901 non
790 3845 991 3900 habent
1029 3843 1302 3898 mulieres.
1333 3826 1584 3910 Denique.
1623 3840 1768 3896 nulla
1799 3840 2033 3911 concipit

456 3939 575 3994 sine
597 3937 734 3993 viro.
772 3937 851 3992 Ac
878 3951 974 4007 per
1014 3936 1133 4000 hoc,
1166 3934 1422 4007 quoniam
1447 3933 1562 4002 jam
1590 3941 1718 3989 tunc
1761 3933 1817 3987 in
1860 3933 2032 3988 Adam

456 4043 640 4083 semen
692 4029 939 4082 humanae
991 4026 1356 4098 generationis
1401 4035 1547 4081 esset
1597 4025 2032 4096 transgressione

453 4119 726 4182 vitiatum,
756 4131 942 4171 semen
986 4117 1205 4171 caeleste
1257 4117 1612 4186 promittitur,
1644 4124 1704 4169 ut
1745 4115 2033 4185 Apostolus

458 4207 642 4272 sentit,
671 4220 778 4260 non
805 4220 872 4259 ex
920 4206 1261 4274 corruptione
1307 4205 1434 4269 viri,
1466 4205 1560 4259 sed
1594 4219 1662 4258 ex
1709 4204 1847 4269 Deo,
1890 4206 2034 4273 quod

459 4307 639 4353 tamen
665 4312 794 4352 caro
819 4296 973 4352 ﬁeret
996 4298 1051 4352 in
1092 4297 1334 4363 muliere,
1373 4305 1429 4351 et
1452 4297 1714 4352 elementa
1740 4298 1915 4366 prima
1943 4297 2033 4351 illa

459 4403 717 4458 corporea
745 4387 1075 4451 substantiae,
1101 4387 1156 4441 id
1184 4397 1286 4452 est,
1312 4388 1556 4442 humoris
1584 4395 1638 4442 et
1657 4389 1956 4458 sanguinis,
1979 4388 2033 4442 in

457 4481 574 4550 ipso
624 4480 725 4535 sibi
758 4480 997 4545 vasculo,
1040 4479 1092 4533 in
1145 4495 1250 4548 quo
1279 4480 1394 4548 ipsa
1442 4479 1706 4534 elementa
1752 4481 1854 4534 sita
1884 4489 2030 4548 sunt,

456 4573 775 4628 naturaliter
818 4580 1046 4642 aptaret.
1084 4591 1103 4623 ι
1140 4581 1161 4609 ο
1187 4570 1383 4626 Beatus
1418 4584 1630 4640 quoque
1653 4570 1987 4642 Augustinus
2015 4591 2027 4626 :

2137 3384 2379 3438 Verbum
2438 3385 2730 3439 secundum
2777 3384 3105 3456 Scripturas,
3154 3393 3392 3439 attamen
3424 3392 3506 3439 est
3548 3385 3717 3440 etiam

2133 3475 2214 3530 sic
2245 3475 2386 3530 ﬁlius
2415 3477 2726 3548 unigenitus
2754 3479 3054 3533 secundum
3079 3480 3343 3533 unitatem
3365 3494 3570 3545 veram,
3597 3494 3719 3550 qua:

2134 3569 2281 3623 ultra
2318 3577 2556 3624 mentem
2603 3578 2658 3624 et
2691 3571 2959 3626 rationem
2988 3580 3092 3627 est.
3125 3571 3244 3641 Ipse
3274 3572 3436 3643 igitur
3480 3588 3619 3628 unus
3662 3580 3720 3628 et

2131 3678 2296 3718 verus
2326 3662 2578 3718 Christus
2614 3662 2788 3729 Jesus,
2842 3673 3097 3734 tanquam
3144 3681 3241 3736 per
3289 3666 3718 3721 instrumentum

2129 3755 2337 3825 proprii
2367 3755 2610 3824 corporis
2646 3765 2901 3824 operatus
2945 3765 3030 3811 est
3077 3757 3230 3829 signa
3276 3759 3477 3824 divina,
3509 3768 3564 3813 et
3607 3774 3719 3814 non

2132 3853 2418 3913 operatum
2439 3845 2495 3898 in
2523 3860 2610 3900 eo.
2651 3865 2670 3898 ›
2701 3846 2833 3901 Item
2864 3846 3098 3919 Cyrillus
3131 3866 3144 3902 :
3186 3867 3204 3899 ι
3241 3851 3503 3906 Dominus
3529 3859 3718 3905 noster

2131 3931 2289 3989 Jesus
2335 3932 2582 3991 Christus
2626 3952 2767 3992 unus
2793 3978 2808 4003 ,
2856 3939 3052 4008 inquit,
3083 3948 3138 3995 et
3185 3940 3332 3995 solus
3371 3957 3498 3996 vere
3546 3940 3715 3996 Filius

2132 4025 2376 4080 existens
2406 4025 2504 4081 Dei
2533 4025 2730 4091 Patris,
2781 4043 2910 4084 caro
2958 4029 3158 4097 factus,
3207 4039 3262 4085 et
3292 4033 3560 4101 principat
3599 4046 3718 4086 om-

2131 4114 2284 4169 nium
2330 4116 2492 4170 simul
2536 4132 2659 4171 cum
2710 4119 2932 4189 proprio
2980 4121 3242 4187 genitore,
3279 4119 3619 4190 ﬁectiturque
3667 4121 3720 4176 ei

2133 4224 2284 4262 omne
2312 4225 2445 4279 genu
2491 4209 2793 4276 cwlestium,
2837 4213 3161 4264 terrestrium
3201 4221 3249 4266 et
3278 4211 3628 4280 infernarum,
3661 4220 3720 4267 et

2138 4299 2430 4355 conﬁtetur
2457 4302 2624 4354 omnis
2646 4299 2848 4370 lingua,
2866 4301 2991 4370 quia
3006 4299 3260 4354 Dominus
3289 4301 3445 4355 Jesus
3475 4302 3717 4356 Christus

2132 4393 2189 4447 in
2233 4393 2403 4463 gloria
2441 4402 2518 4446 est
2549 4392 2647 4447 Dei
2692 4389 2890 4446 Patris.
2931 4392 3027 4447 Est
3073 4392 3237 4463 igitur
3287 4393 3403 4462 ipse
3452 4392 3719 4450 Dominus

2133 4485 2349 4553 quidem
2399 4485 2660 4550 omnium,
2693 4483 2988 4539 secundum
3025 4485 3168 4554 quod
3205 4484 3523 4555 intelligitur
3552 4493 3610 4539 et
3634 4494 3722 4542 est

2137 4575 2284 4632 Deus
2312 4617 2326 4642 ,
2377 4576 2506 4631 licet
2538 4591 2645 4630 non
2681 4576 2797 4631 sine
2830 4590 2993 4630 carne
3034 4584 3156 4645 post
3191 4576 3716 4631 inhumanationem.

464 4682 483 4715 ι
513 4663 605 4717 llla
633 4663 778 4718 enim
814 4671 1028 4727 natura,
1051 4661 1246 4731 inquit,
1277 4675 1395 4730 quae
1414 4674 1626 4730 semper
1649 4661 1828 4730 genita
1852 4670 2034 4717 manet
2058 4651 2111 4712 D
2136 4663 2258 4736 Ipse
2296 4680 2426 4720 vero
2453 4681 2643 4720 rursus
2672 4679 2775 4720 nec
2806 4666 2948 4720 Deus
2995 4679 3095 4720 nec
3126 4666 3405 4721 Dominus.
3451 4666 3548 4721 Est
3570 4666 3721 4720 enim

457 4773 520 4813 ex
551 4756 730 4821 Patre,
765 4765 1006 4810 nostram
1032 4762 1279 4807 naturam
1302 4753 1419 4807 sine
1441 4760 1662 4821 peccato
1691 4753 1947 4823 suscepit,
1973 4762 2033 4808 ut

457 4854 773 4904 nasceretur
809 4861 876 4900 ex
910 4845 1138 4913 virgine.
1186 4840 1368 4912 Neque
1413 4842 1557 4896 enim
1605 4850 1798 4897 natura
1829 4853 2030 4898 aeterna

459 4948 621 5011 atque
670 4938 847 4994 divina
894 4935 1263 5006 temporaliter
1309 4935 1519 5004 concipi
1565 4943 1619 4989 et
1664 4936 2032 5006 temporaliter

455 5032 608 5088 nasci
623 5046 691 5086 ex
709 5039 901 5085 natura
924 5030 1160 5083 humana
1182 5027 1451 5082 ullatenus
1474 5034 1676 5095 posset,
1706 5028 1811 5082 nisi
1845 5042 2034 5083 secun-

456 5125 584 5181 dum
613 5123 1008 5197 susceptionem
1035 5120 1280 5176 veritatis
1307 5120 1556 5174 humanae
1593 5133 1778 5174 veram
1825 5128 2033 5188 tempo-

2127 4755 2589 4812 absurdissimum
2613 4796 2626 4820 ,
2661 4758 2833 4827 magis
2863 4764 3045 4811 autem
3092 4757 3241 4812 omni
3266 4757 3542 4828 impietate
3587 4772 3722 4813 vero

2139 4846 2466 4916 completum
2495 4887 2510 4914 ,
2565 4846 2643 4901 ita
2691 4861 2885 4916 sapere
2925 4847 3011 4902 vel
3060 4847 3258 4902 dicere.
3303 4867 3322 4899 ι
3368 4847 3502 4900 Item
3553 4846 3715 4917 ipse:

2144 4956 2162 4990 ι
2198 4938 2631 5008 Dispensationis
2657 4938 2927 5009 Unigeniti
2955 4953 3078 4992 cum
3101 4954 3265 4993 carne
3287 4947 3717 5004 sacramentum,

2137 5045 2169 5084 a
2225 5029 2379 5086 nobis
2427 5029 2540 5098 jam
2591 5029 2790 5095 factis,
2858 5044 3002 5083 nunc
3059 5028 3412 5083 nihilominus
3460 5027 3720 5098 copulare

2135 5122 2475 5178 sermonibus
2505 5123 2728 5192 dignum
2757 5131 2862 5188 est,
2902 5131 2956 5179 et
2984 5137 3078 5178 eos
3100 5138 3207 5177 non
3236 5122 3355 5178 sine
3379 5121 3594 5179 decenti
3621 5136 3718 5176 ra-

1814 5232 2086 5291 BALUZlI
2122 5236 2353 5294 NOTAE.

528 5367 555 5395 ι
596 5352 705 5407 Sua
732 5361 896 5406 morte
921 5350 1228 5421 viviﬁcaret.
1268 5347 1625 5421 Exsermone
1647 5345 1722 5421 7b
1744 5344 1798 5421 in
1827 5361 2029 5421 appen-

458 5423 579 5478 dice
607 5422 928 5475 Sermonum
951 5415 1123 5476 sancti
1148 5419 1432 5488 Augustini
1462 5435 1474 5470 :
1505 5435 1523 5466 ι
1558 5416 1671 5470 Hoc
1696 5415 1825 5470 fecit
1843 5415 2028 5488 Domi-

455 5508 560 5549 nus
589 5499 769 5546 noster
788 5489 944 5544 Iesus
967 5485 1344 5556 Christusfsua
1363 5494 1678 5557 paupertate
1701 5500 1801 5557 nos
1826 5485 2025 5552 ditans,

456 5578 555 5618 sua
607 5558 906 5615 humilitate
947 5575 1044 5613 nos
1086 5555 1393 5622 sublevans,
1419 5555 1518 5612 sua
1562 5555 1877 5610 inﬁrmitate
1929 5573 2027 5614 nos

456 5649 674 5697 sanans,
707 5645 801 5684 sua
825 5637 995 5682 morte
1025 5645 1122 5683 nos
1142 5629 1440 5684 viviﬁcans.
1465 5647 1497 5697 ί»

527 5705 555 5744 b
584 5696 736 5757 Beati
766 5697 1073 5767 Hieronymi
1092 5700 1422 5752 sententiam.
1454 5696 1710 5765 Sumptus
1732 5706 1816 5752 est
1844 5697 1932 5753 hic
1958 5698 2031 5753 lo-

456 5791 551 5829 cus
574 5790 640 5829 ex
665 5767 891 5840 epistola
924 5768 954 5820 7
975 5766 1054 5819 ad
1091 5769 1324 5840 amicum
1333 5777 1616 5840 igegrotum
1663 5769 1736 5840 de
1772 5769 1886 5821 viro
1910 5784 2031 5840 per-

461 5841 614 5912 ιισ’ςῑο,
647 5838 768 5911 qua:
810 5838 951 5893 edita
990 5844 1074 5890 est
1120 5845 1250 5891 tom.
1306 5838 1376 5891 IX
1417 5838 1654 5908 ’operum
1694 5838 2024 5909 Hieronymi.

2137 5353 2334 5430 Verum
2356 5355 2521 5430 hanc
2537 5355 2818 5430 epistolam
2843 5372 2973 5430 non
2997 5371 3117 5413 esse
3145 5357 3458 5430 Hieronymi
3492 5371 3724 5417 conten.

2135 5423 2272 5502 dunt
2317 5425 2418 5502 yiri
2460 5423 2674 5502 eruditi.
2724 5426 3044 5496 Agobardus
3091 5445 3200 5483 non
3255 5423 3531 5485 dubitabat
3583 5434 3720 5502 quin

2131 5501 2290 5564 esset?
2317 5493 2645 5564 Hieronymi.

2208 5563 2466 5636 °_Beatus
2520 5563 2866 5636 Augustinus,
2901 5569 2955 5622 in
3003 5568 3142 5623 libro
3179 5568 3433 5623 nimirum
3472 5570 3549 5627 De
3584 5571 3724 5629 Fide

2135 5631 2472 5710 ad_P_etI_-um.
2497 5631 2624 5710 “sed
2657 5637 2800 5692 hunc
2819 5639 3040 5710 i.librum
3089 5655 3197 5710 non
3241 5653 3362 5692 esse
3405 5641 3720 5710 Augustini,

2135 5703 2862 5827 sedlfulgendtiilluspensis
2895 5707 3287 5778 episcopi,jam
3313 5703 3593 5766 ostensum
3633 5703 3726 5767 est

2137 5787 2168 5824 a
2205 5787 2331 5826 viris
2354 5788 2448 5827 eru
2491 5790 2504 5825 ι
2534 5790 2600 5827 ιε.
3701 5825 3704 5827 ,

2137 5787 2168 5824 Il
2205 5787 2331 5826 VII‘I'S
2354 5787 2600 5828 ριἰιαιυε.
