4040 6182
299 385 372 440 49
1418 381 1550 437 LIB.
1588 381 1748 438 ADV.
1785 379 2087 436 FELICEM
2129 381 2427 438 URGELL.
3510 391 3583 448 50

299 498 449 553 tione
472 501 799 550 monstrare.
837 511 855 545 ι
883 493 948 547 Et
966 500 1090 564 post
1129 509 1296 566 pauca
1330 509 1345 549 :
1383 514 1400 547 ‹
1435 495 1568 551 Cum
1606 495 1888 551 Nestorius
1915 497 1968 554 Α
1992 492 2205 547 deitatis
2232 490 2610 561 inseparabilis
2637 505 2938 565 permanet,
2984 499 3074 556 ubi
3098 500 3376 557 habebunt
3400 501 3583 559 locum

294 591 467 660 igitur
496 589 570 642 ita
605 585 891 656 scripserit
913 587 979 641 de
1001 585 1218 642 Christo
1249 608 1260 642 :
1288 589 1431 662 Ergo
1461 590 1551 656 qui
1581 605 1774 660 passus
1800 598 1886 645 est

291 679 543 753 pontifex
573 676 907 743 misericors,
936 694 1062 732 nam
1089 680 1389 736 viviﬁcator
1411 681 1527 750 ejus
1554 683 1645 752 qui
1688 697 1884 752 passus

293 782 380 831 est
405 775 569 837 Deus,
596 781 652 828 et
685 772 856 826 Deum
881 771 1081 846 Christi
1107 775 1273 829 Deum
1296 777 1532 830 Verbum
1569 777 1883 832 nominave-

293 871 391 935 rit,
423 867 794 939 adjeceritque
839 867 926 921 his
951 884 964 919 :
991 866 1119 921 Erat
1155 876 1332 922 autem
1369 869 1484 939 ipse
1524 879 1579 924 et
1605 869 1800 932 infans,
1829 877 1885 923 et

293 962 521 1017 infantis
546 959 831 1023 Dominus,
869 973 977 1013 non
1017 957 1360 1023 afﬁrmamus,
1394 961 1520 1028 quia
1553 977 1660 1015 non
1685 960 1883 1014 decen-

293 1054 404 1108 tior
451 1058 624 1115 natu,
677 1049 854 1119 magis
904 1056 1085 1102 autem
1141 1049 1302 1119 impie
1350 1051 1514 1104 nimis
1563 1049 1681 1119 ejus
1714 1050 1881 1104 verba

292 1141 511 1213 prolata
567 1146 711 1195 sunt.
767 1135 826 1192 Si
877 1137 1022 1190 enim
1076 1137 1218 1191 Deus
1278 1145 1364 1191 est
1409 1136 1613 1192 Christi
1659 1153 1724 1191 ex
1769 1138 1881 1193 Deo

293 1233 462 1289 Patre
487 1231 746 1294 Verbum,
772 1230 878 1284 duo
909 1229 1085 1284 modis
1124 1229 1376 1284 omnibus
1424 1238 1603 1294 erunt,
1639 1238 1692 1284 et
1724 1230 1880 1284 indu-

290 1323 552 1379 hitanter.
591 1321 870 1390 Quomodo
893 1327 1076 1374 autem
1101 1319 1421 1390 intelligitur
1443 1329 1498 1376 et
1531 1321 1712 1377 infans
1741 1323 1876 1392 ipse,

293 1421 349 1469 et
370 1415 635 1469 Dominus
655 1410 911 1467 infantis?
955 1409 1075 1465 Non
1105 1426 1237 1481 ergo
1266 1410 1469 1466 dicitur
1509 1421 1563 1468 et
1591 1413 1736 1468 Deus
1766 1414 1880 1469 sui-

291 1516 410 1562 met
435 1504 628 1576 ipsius,
655 1512 709 1559 et
733 1503 991 1558 Dominus
1012 1502 1354 1569 Emmanuel,
1379 1505 1425 1558 si
1454 1512 1538 1558 est
1556 1504 1699 1559 idem
1735 1505 1879 1559 Deus

292 1597 464 1655 simul
495 1605 551 1652 et
573 1597 750 1660 homo,
777 1603 1038 1664 tanquam
1081 1593 1494 1649 inhumanatum
1543 1601 1600 1650 et
1628 1594 1879 1649 incarna-

294 1698 414 1744 tum
447 1688 540 1743 Dei
568 1687 818 1742 Verbum.
855 1705 874 1738 ι

365 1780 533 1836 XXI].
573 1779 773 1834 Beatus
825 1793 1041 1850 quoque
1083 1779 1420 1850 Augustinus
1455 1797 1468 1833 :
1506 1797 1526 1830 ι
1560 1778 1674 1850 Ego
1708 1780 1876 1845 enim,

1986 582 2060 635 tui
2090 584 2233 636 modi
2257 583 2280 635 ?

2060 673 2247 729 XXIII.
2278 675 2413 731 Item
2439 677 2629 732 beatus
2653 675 3024 750 Augustinus:
3073 702 3091 735 ‹
3123 683 3386 740 Filiorum
3417 702 3579 742 nam-

1984 782 2089 834 que
2113 768 2224 834 alii,
2259 769 2452 839 inquit,
2481 780 2611 825 sunt
2631 773 2887 842 adoptivi,
2907 775 2995 829 alii
3019 779 3314 835 naturales.
3338 780 3427 848 Hi,
3449 783 3605 853 quia_

1983 858 2151 927 geniti
2179 858 2247 913 ab
2278 860 2466 927 initio,
2511 861 2605 916 ﬁlii
2648 879 2865 933 semper
2889 881 2954 921 ac
2989 870 3216 937 proprii.
3257 870 3357 936 Illi,
3400 874 3581 942 primo

1983 949 2175 1015 alieni,
2222 959 2345 1020 post
2392 952 2518 1017 ﬁlii,
2572 969 2694 1008 cum
2727 971 2824 1025 per
2852 957 3195 1027 adoptionem
3227 961 3281 1013 in
3313 960 3577 1018 familiam

1977 1043 2268 1114 videantur
2318 1045 2566 1101 adscisci.
2617 1048 2824 1114 Quibus
2873 1066 3001 1121 ergo
3049 1055 3448 1122 comparandus
3491 1065 3582 1111 est

1979 1132 2149 1188 Filius
2175 1135 2314 1189 Dei?
2352 1136 2409 1191 Si
2444 1139 2748 1207 adoptivis;
2788 1142 2895 1194 erit
2938 1143 3079 1211 apud
3126 1144 3342 1199 Patrem
3383 1146 3578 1202 similis

1979 1225 2156 1278 nobis.
2193 1223 2249 1278 Si
2272 1229 2544 1296 propriis;
2584 1245 2651 1283 ex
2683 1231 2988 1286 substantia
3015 1234 3288 1289 exstitisse
3315 1236 3578 1292 dicendus

1979 1321 2064 1367 est
2085 1314 2364 1385 genitoris.
2398 1337 2416 1369 ι
2446 1318 2589 1372 Ecce
2611 1321 2802 1374 beatus
2821 1321 3160 1392 Augustinus
3187 1333 3376 1394 aperte
3396 1326 3576 1396 docet,

1978 1405 2106 1473 quia
2134 1417 2160 1444 α
2188 1407 2430 1476 adoptari
2462 1408 2516 1461 in
2545 1408 2656 1463 ﬁlio
2683 1426 2790 1464 non
2816 1420 3014 1480 potest,
3046 1414 3152 1468 nisi
3175 1416 3266 1484 qui
3295 1426 3453 1471 antea
3481 1433 3578 1472 ex-

1980 1494 2118 1549 stitit
2147 1495 2357 1551 alienus
2382 1514 2396 1562 ;
2429 1513 2532 1552 nec
2559 1508 2737 1568 potest
2767 1503 3053 1571 quisquam
3091 1519 3191 1573 per
3230 1506 3576 1576 ad0ptionem

1980 1585 2225 1654 accipere
2260 1595 2497 1656 patrem,
2544 1591 2649 1646 nisi
2681 1593 2773 1662 qui
2804 1594 2994 1649 habuit
3039 1598 3338 1667 proprium.
3372 1599 3451 1654 Tu
3479 1604 3576 1672 qui

1979 1675 2187 1733 duobus
2210 1680 2383 1734 modis
2408 1681 2629 1736 unicum
2658 1685 2946 1740 Dominum
2970 1690 3234 1758 praedicas
3259 1707 3380 1747 esse
3400 1692 3574 1749 ﬁlium

1979 1767 2162 1834 Patri,
2207 1770 2260 1824 id
2303 1779 2403 1835 est,
2454 1775 2786 1844 proprietate
2825 1785 2879 1830 et
2910 1779 3217 1849 adoptione,
3251 1783 3478 1838 ostende
3505 1799 3573 1841 ex

295 1873 494 1942 inquit,
528 1845 864 1926 Salvatorem
909 1845 1156 1925 nostrum
1173 1845 1307 1926 ἠοιι
1355 1870 1559 1936 divido,
1601 1845 1709 1925 non
1751 1886 1879 1926 con-
1907 1845 1954 1907 Β
1982 1858 2073 1913 illa
2101 1869 2256 1927 parte
2281 1878 2386 1932 qua
2414 1865 2698 1934 adoptivus
2725 1877 2831 1933 est,
2857 1885 3014 1938 quem
3055 1873 3244 1927 habuit
3266 1877 3569 1945 proprium.

293 1961 486 2026 fundo,
518 1977 585 2016 ne
614 1968 707 2016 aut
731 1961 1108 2030 incorpoream
1132 1968 1188 2015 et
1223 1960 1600 2030 imaginariam
1632 1975 1874 2028 carnem,

296 2064 394 2109 aut
422 2054 695 2110 carnalem
718 2063 774 2109 et
799 2053 1085 2108 mortalem
1114 2053 1406 2123 praedicem
1451 2053 1727 2108 deitatem.
1760 2051 1878 2106 Non

294 2161 523 2217 separo;
554 2162 620 2202 ne
665 2147 760 2201 Dei
787 2145 968 2200 Patris
991 2160 1156 2200 unam
1195 2145 1492 2200 secundum
1537 2158 1789 2210 carnem,
1825 2151 1882 2198 et

295 2238 527 2292 alteram
577 2236 875 2292 secundum
927 2235 1269 2306 majestatem
1311 2235 1656 2290 introducere
1693 2235 1880 2289 videar

285 2329 536 2401 prolem;
568 2328 694 2398 quia
722 2327 866 2382 idem
897 2327 993 2380 Dei
1032 2325 1203 2381 Filius
1230 2334 1286 2380 et
1310 2327 1426 2380 sine
1476 2325 1631 2380 initio
1660 2340 1881 2394 proces-

291 2422 363 2476 sit
391 2436 459 2474 ex
485 2418 744 2482 Patre,et
773 2416 1066 2468 secundum
1099 2423 1311 2483 tempus
1337 2416 1488 2469 nasci
1518 2423 1602 2470 est
1629 2415 1879 2485 dignatus

291 2527 359 2568 ex
410 2509 658 2580 Virgine.
701 2505 1055 2576 Impassibilis
1087 2505 1141 2559 in
1172 2520 1306 2570 suo,
1348 2519 1540 2574 passus
1573 2506 1628 2559 in
1670 2514 1874 2569 nostro,

292 2603 426 2659 dum
473 2596 1097 2668 imcomprehensibilem
1144 2595 1483 2664 majestatem
1524 2597 1670 2651 velut
1717 2598 1882 2669 quod-

293 2695 421 2750 dam
436 2692 811 2747 indumentum
834 2689 1013 2745 carnis
1032 2689 1232 2744 vestire
1244 2697 1328 2744 est
1345 2688 1597 2759 dignatus
1618 2706 1684 2745 ex
1702 2698 1876 2746 utero.

295 2787 610 2844 Mediatoris
637 2801 746 2841 una
775 2800 1029 2856 persona,
1075 2800 1185 2840 non
1229 2801 1337 2840 una
1383 2787 1725 2853 substantia;
1771 2804 1880 2843 una

295 2882 527 2950 inquam
548 2892 794 2948 persona,
826 2892 896 2931 ne
921 2877 992 2933 sit
1020 2891 1130 2931 non
1152 2891 1292 2931 unus
1318 2875 1606 2942 Christus;
1633 2892 1741 2931 non
1772 2893 1879 2932 una

294 2965 646 3032 substantia,
690 2981 761 3020 ne
803 2965 1117 3020 mediatoris
1161 2965 1565 3036 dispensatione
1604 2969 1877 3034 submota,

294 3067 394 3112 aut
413 3057 509 3113 Dei
544 3064 750 3111 tantum
782 3057 994 3112 dicatur
1015 3064 1111 3112 aut
1153 3057 1388 3112 hominis
1412 3057 1574 3113 ﬁlius.
1615 3077 1634 3110 ι
1669 3058 1739 3112 Et
1760 3068 1882 3130 post

291 3163 510 3219 pauca:
552 3166 570 3198 ‹
609 3145 815 3214 Quibus
836 3147 890 3201 in
913 3163 1076 3201 unam
1104 3163 1394 3218 personam
1419 3149 1883 3220 incomprehensi-

292 3238 392 3292 bili
447 3237 759 3293 mediatoris
805 3239 1205 3308 dispensatione
1256 3238 1556 3307 conjunctis
1583 3282 1598 3305 ,
1643 3243 1881 3298 servavit

295 3327 527 3399 singulis
563 3329 802 3398 pr0pria,
836 3328 928 3382 sed
956 3327 1234 3398 conjunxit
1257 3331 1489 3400 propriis
1522 3331 1718 3387 aliena.
1759 3331 1880 3388 Ser-

292 3422 445 3475 vavit
482 3421 718 3489 propria,
756 3419 882 3474 dum
930 3437 1038 3475 non
1068 3422 1251 3476 amisit
1285 3422 1708 3478 immensitatem
1738 3424 1878 3479 divi-

296 3510 502 3575 nitatis,
554 3518 610 3564 et
657 3508 1028 3565 inﬁrmitatem
1071 3527 1181 3566 non
1229 3512 1435 3581 respuit
1479 3515 1679 3569 carnis.
1733 3513 1877 3571 Con-

290 3599 474 3671 junxit
502 3601 735 3670 propriis
760 3601 956 3664 aliena,
986 3601 1113 3656 dum
1137 3601 1278 3658 idem
1306 3611 1470 3673 atque
1497 3605 1880 3675 inseparabilis

295 3692 569 3756 Christus,
594 3700 648 3746 et
666 3692 892 3765 proprio
927 3693 1110 3748 carnis
1135 3693 1421 3759 occiditur,
1449 3703 1504 3748 et
1529 3696 1747 3766 proprio
1772 3697 1882 3752 dei-

295 3787 427 3842 tatis
451 3787 588 3856 apud
613 3785 814 3841 inferos
843 3802 948 3840 non
976 3793 1208 3862 tenetur.
1243 3787 1468 3857 Proprio
1496 3789 1676 3845 carnis
1704 3799 1882 3862 gusta-

292 3879 379 3934 vit
403 3878 515 3934 vita
545 3887 790 3946 mortem,
819 3878 1036 3950 proprio
1064 3878 1281 3932 deitatis
1307 3887 1622 3950 perpetuam
1651 3881 1883 3937 reddidit

295 3986 545 4026 carnem.
591 3969 708 4024 Non
749 3986 875 4042 ergo
916 3980 1062 4026 recte
1093 3971 1311 4036 dicitur,
1334 3971 1391 4024 In
1420 3971 1560 4024 Filio
1600 3971 1762 4025 Pater
1795 3979 1881 4026 est

293 4077 494 4136 passus
519 4080 534 4128 ;
563 4062 818 4131 quoniam
846 4062 902 4116 in
927 4077 1114 4127 carne,
1146 4076 1266 4130 quae
1303 4061 1355 4115 ei
1384 4075 1492 4114 non
1521 4069 1606 4115 est
1631 4076 1754 4114 cum
1779 4060 1877 4114 Pa-

297 4163 388 4210 tre
418 4154 737 4218 oommunis,
789 4169 978 4224 passus
1019 4161 1103 4208 est
1146 4151 1306 4206 ﬁlius.
1359 4150 1546 4221 Itaque
1582 4151 1879 4222 gloriﬁcata

297 4252 387 4300 est
421 4258 549 4298 caro
582 4241 900 4311 majestate,
941 4245 1067 4299 dum
1119 4241 1376 4310 majestas
1418 4242 1698 4296 humiliata
1727 4244 1883 4298 doce—

300 4345 393 4390 tur
416 4336 470 4389 in
493 4349 674 4390 carne.
709 4334 817 4391 Sed
847 4343 1135 4403 utrumque
1159 4349 1268 4388 non
1298 4334 1364 4388 de
1391 4333 1601 4389 duobus
1625 4333 1879 4401 Christis,

299 4430 444 4483 sicut
481 4436 671 4497 putas,
710 4427 806 4483 sed
857 4427 924 4481 de
957 4441 1064 4482 uno
1095 4434 1257 4495 atque
1294 4426 1484 4482 eodem
1534 4426 1680 4496 ipso,
1721 4442 1881 4496 quem

296 4526 423 4590 post
448 4527 666 4588 partum
708 4518 946 4588 Virginis
978 4517 1149 4573 Deum
1191 4525 1246 4571 et
1291 4518 1565 4572 hominem
1607 4519 1874 4584 novimus,
1903 4556 1958 4616 Β

296 4627 400 4666 nos
429 4617 638 4665 certum
671 4618 756 4665 est
777 4609 1127 4680 praedicare.)
1155 4609 1295 4663 Ecce
1325 4609 1514 4664 beatus
1542 4608 1876 4680 Augustinus

297 4702 500 4756 asserit
523 4701 651 4771 quia
679 4701 772 4770 qui
815 4699 1149 4756 Salvatorem
1178 4707 1422 4754 nostrum
1451 4699 1753 4766 confundit,
1786 4709 1882 4755 aut

297 4796 677 4864 incorpoream
706 4801 762 4849 et
803 4793 1174 4865 imaginariam
1201 4808 1439 4860 carnem,
1486 4800 1580 4848 aut
1607 4794 1881 4849 carnalem

299 4896 356 4942 et
384 4886 670 4940 mortalem
707 4886 966 4957 praedicat
1008 4885 1301 4951 deitatem;
1351 4885 1444 4956 qui
1481 4900 1612 4940 vero
1667 4894 1883 4956 separat

298 4993 469 5031 unam
496 4977 790 5032 secundum
816 4992 1056 5041 carnem,
1100 4985 1156 5031 et
1177 4975 1402 5031 alteram
1453 4977 1747 5031 secundum
1770 4990 1881 5029 ma-

291 5065 554 5136 jestatem
599 5066 694 5122 Dei
732 5067 950 5134 Patris,
1001 5067 1345 5121 introducere
1389 5066 1604 5120 videtur
1652 5065 1876 5135 prolem.

297 5157 524 5213 Certum
564 5165 646 5213 est
691 5174 821 5230 ergo
861 5171 1115 5229 separare
1163 5165 1214 5211 te
1260 5155 1594 5211 Salvatorem
1636 5155 1881 5211 nostrum

298 5248 394 5317 qui
421 5247 558 5302 duos
597 5249 787 5304 modos
827 5257 979 5305 tenes
1009 5248 1304 5312 ﬁliationis,
1353 5256 1414 5302 ut
1440 5247 1598 5303 aliter
1623 5249 1695 5303 sit
1715 5249 1884 5305 Filius

297 5340 597 5395 secundum
645 5341 936 5408 deitatem,
994 5351 1050 5396 et
1097 5341 1253 5396 aliter
1300 5342 1594 5398 secundum
1639 5359 1879 5399 carnem.

298 5428 457 5496 Quod
481 5432 528 5486 si
562 5448 705 5489 unus
741 5441 906 5505 atque
949 5435 1089 5490 idem
1131 5443 1216 5490 est
1245 5435 1620 5505 inseparabilis
1656 5435 1798 5493 Deus
1824 5447 1878 5493 et

297 5517 466 5576 homo
508 5523 602 5593 qui
649 5531 706 5580 et
749 5525 975 5596 proprio,
1013 5526 1193 5584 carnis
1229 5526 1523 5592 occiditur,
1572 5534 1628 5582 et
1660 5530 1876 5598 proprio

1979 1961 2069 2006 aut
2090 1954 2314 2008 ostende
2334 1953 2502 2010 fuisse
2527 1957 2677 2011 illum
2704 1969 2996 2029 antequam
3017 1963 3397 2033 adoptaretur;
3424 1967 3570 2023 sicut

1976 2046 2169 2101 beatus
2215 2048 2548 2118 Augustinus
2598 2052 2879 2122 adoptivos
2931 2055 3178 2111 distinxit
3227 2075 3257 2112 a
3307 2063 3565 2133 prOpriis.

1977 2136 2110 2192 Item
2133 2139 2323 2194 beatus
2350 2140 2682 2210 Augustinus
2709 2144 2800 2214 (In
2830 2146 3047 2201 Enchir.
3081 2165 3198 2219 cap.
3233 2151 3357 2223 55‘):
3393 2173 3410 2205 ‹
3439 2143 3572 2209 Pro-

1980 2235 2123 2300 inde,
2144 2237 2239 2302 ait,
2265 2237 2512 2295 Christus
2531 2241 2687 2298 Iesus
2713 2243 2813 2298 Dei
2835 2245 3024 2313 Filius,
3046 2249 3188 2304 Deus
3205 2261 3364 2307 estet
3384 2255 3568 2312 homo.

1979 2325 2122 2380 Deus
2152 2336 2277 2382 ante
2321 2332 2504 2386 omnia
2549 2335 2768 2400 saecula,
2814 2334 2976 2393 homo
3005 2339 3060 2393 in
3103 2350 3288 2398 nostro
3337 2347 3566 2414 saeculo;

1979 2415 2140 2481 Deus,
2169 2419 2296 2488 quia
2321 2419 2418 2475 Dei
2460 2423 2734 2479 Verbum:
2776 2427 2919 2483 Deus
2959 2431 3104 2484 enim
3145 2442 3265 2487 erat
3307 2429 3567 2492 Verbum.

1978 2511 2150 2569 Ilomo
2193 2527 2370 2573 autem
2395 2560 2410 2585 ,
2459 2523 2583 2590 quia
2640 2523 2695 2578 in
2743 2526 3006 2582 unitatem
3049 2545 3296 2598 personae
3339 2536 3573 2591 accessit

1979 2606 2158 2663 Verbo
2186 2611 2364 2665 anima
2395 2616 2700 2683 rationalis,
2739 2627 2796 2672 et
2830 2634 2978 2675 caro.
3017 2623 3286 2689 Quocirca
3319 2627 3372 2681 in
3394 2643 3572 2698 quan-

1980 2706 2094 2753 tum
2117 2701 2260 2758 Deus
2286 2713 2386 2769 est,
2419 2707 2533 2776 ipse
2553 2715 2608 2763 et
2633 2708 2796 2764 Pater
2827 2727 2996 2767 unum
3025 2724 3153 2769 sunt
3176 2735 3187 2769 :
3229 2718 3285 2772 in
3311 2729 3571 2789 quantum

1981 2799 2160 2847 autem
2192 2795 2354 2850 homo
2383 2806 2484 2862 est,
2518 2795 2681 2854 Pater
2709 2799 2882 2870 major
2905 2811 2989 2858 est
3010 2804 3122 2859 illo.
3154 2805 3288 2862 Cum
3317 2810 3463 2865 enim
3489 2826 3571 2867 es-

1981 2892 2064 2940 set
2102 2886 2294 2940 unicus
2337 2887 2433 2941 Dei
2474 2888 2677 2954 Filius,
2712 2906 2820 2945 non
2868 2894 3078 2963 gratia,
3113 2897 3206 2951 sed
3248 2907 3476 2965 natura,
3514 2909 3575 2956 ut

1982 2987 2127 3032 esset
2145 2979 2307 3032 etiam
2329 2981 2521 3050 plenus
2544 2984 2740 3052 gratia,
2764 2983 2940 3040 factus
2968 2995 3052 3041 est
3075 2997 3128 3041 et
3147 2990 3383 3047 hominis
3406 2992 3570 3060 ﬁlius,

1983 3065 2098 3136 ipse
2122 3066 2261 3120 idem
2293 3076 2584 3138 utrumque
2615 3086 2683 3124 ex
2715 3079 2948 3141 utroque
2975 3091 3114 3130 unus
3145 3076 3410 3134 Christus.
3443 3100 3462 3132 ι
3508 3079 3570 3137 Si

1985 3158 2274 3228 aliquando
2331 3160 2525 3215 beatus
2568 3162 2902 3234 Augustinus
2949 3167 3227 3224 debuisset
3273 3159 3571 3241 prmdicare

1983 3249 2272 3304 Dominum
2302 3261 2544 3306 nostrum
2572 3256 2744 3325 gratia
2781 3271 2903 3312 esse
2927 3257 3124 3314 Filium
3165 3261 3342 3319 Patris
3380 3281 3574 3324 secun-

1982 3337 2109 3392 dum
2139 3339 2532 3396 humanitatem
2555 3384 2568 3408 ,
2603 3343 2654 3396 in
2685 3343 2787 3398 hac
2825 3349 3094 3402 sententia
3124 3351 3348 3407 haberet
3382 3357 3574 3423 praaci-

1980 3443 2148 3499 puum
2176 3437 2232 3485 et
2268 3447 2564 3501 congruum
2597 3434 2796 3489 locum.
2825 3436 3024 3493 Dicens
3065 3457 3222 3511 ergo,
3256 3443 3387 3497 Cum
3432 3448 3571 3503 enim

1981 3531 2112 3575 esset
2141 3523 2328 3578 unicus
2356 3523 2454 3578 Dei
2480 3524 2684 3593 Filius,
2730 3546 2832 3583 non
2861 3534 3054 3600 gratia,
3095 3535 3185 3588 sed
3213 3547 3430 3604 natura,
3473 3541 3570 3597 ad-

1974 3610 2226 3682 jungeret
2254 3622 2314 3668 ut
2339 3624 2484 3670 esset
2508 3618 2673 3672 etiam
2702 3619 2842 3674 ﬁlius
2869 3624 3063 3692 gratia,
3098 3625 3271 3690 factus
3301 3639 3376 3682 est
3403 3639 3452 3684 et
3473 3631 3571 3685 ho-

1982 3703 2136 3757 minis
2165 3702 2328 3772 ﬁlius.
2362 3704 2478 3760 Non
2514 3716 2695 3762 autem
2728 3711 2862 3764 dixit
2895 3713 2986 3766 ita.
3039 3713 3144 3768 Sed
3186 3717 3293 3782 ait,
3346 3717 3413 3771 ω
3439 3731 3570 3774 esset

1961 3793 2140 3857 _etiam
2160 3792 2346 3862 plenus
2370 3797 2565 3865 gratia,
2606 3799 2778 3867 [actus
2821 3811 2895 3853 est
2923 3812 2970 3853 et
2998 3803 3225 3857 hominis
3253 3804 3419 3871 ﬁlius.
3451 3808 3568 3876 Qua

1983 3898 2161 3944 autem
2186 3891 2395 3945 ratione
2421 3893 2567 3946 dicat
2592 3910 2715 3947 eum
2738 3894 2941 3947 factum
2974 3895 3142 3949 ﬁlium
3166 3900 3419 3965 hominis,
3448 3919 3569 3972 pro~

1981 3987 2168 4048 pterea
2198 3988 2256 4032 ut
2285 3995 2404 4034 esse
2434 3991 2620 4050 posset
2654 3983 2844 4052 plenus
2887 3987 3081 4056 gratia,
3124 3990 3176 4044 in
3220 3992 3569 4062 subsequenti

1983 4069 2251 4123 sententia
2284 4069 2577 4139 diligenter
2601 4075 2844 4144 exponit,
2877 4077 3104 4134 dicens:
3151 4099 3170 4130 ι
3206 4080 3305 4136 Ilic
3347 4086 3570 4142 omnino

1981 4160 2258 4230 granditer
2283 4169 2338 4216 et
2358 4163 2639 4220 evidenter
2660 4165 2756 4220 Dei
2779 4167 2951 4238 gratia
2975 4172 3403 4228 commendatur.
3428 4175 3570 4242 Quid

1983 4251 2127 4304 enim
2157 4260 2348 4307 natura
2378 4255 2612 4311 humana
2649 4257 2702 4311 in
2751 4259 2967 4314 homine
3000 4258 3217 4319 Christo
3246 4267 3476 4332 meruit,
3504 4275 3568 4322 ut

1983 4341 2039 4394 in
2061 4343 2322 4397 unitatem
2351 4360 2598 4413 persona:
2623 4349 2768 4403 unici
2792 4351 2915 4404 Filii
2937 4351 3033 4406 Dei
3059 4355 3409 4424 singulariter
3426 4367 3573 4414 esset

1983 4435 2297 4503 assumpta?
2319 4435 2446 4500 Qua:
2472 4437 2612 4491 bona
2646 4439 2925 4505 voluntas,
2958 4442 3112 4511 cujus
3149 4446 3276 4499 boni
3305 4448 3568 4516 propositi

1984 4523 2242 4588 studium,
2274 4539 2393 4593 quae
2415 4524 2554 4578 bona
2585 4538 3000 4595 praecesserunt,
3041 4533 3236 4600 quibus
3266 4543 3570 4590 mereretur

1951 4676 1956 4682 .
1986 4613 2088 4667 iste
2119 4614 2280 4667 homo
2305 4630 2410 4667 una
2439 4614 2553 4669 ﬁeri
2591 4631 2822 4686 persona
2852 4635 2973 4674 cum
3006 4619 3152 4676 Deo?
3185 4621 3437 4692 Nunquid
3464 4641 3567 4680 an-

1987 4713 2072 4759 tea
2101 4704 2202 4779 fuit
2231 4707 2428 4772 homo;
2460 4714 2513 4759 et
2554 4707 2654 4761 hoc
2694 4708 2743 4761 ei
2785 4708 3056 4780 singulare
3082 4712 3402 4768 beneﬁcium
3427 4729 3571 4783 prae-

1987 4797 2172 4850 stitum
2208 4804 2321 4861 est,
2370 4812 2492 4850 cum
2523 4797 2870 4867 singulariter
2910 4811 3315 4870 promereretur
3357 4804 3569 4860 Deum?

1971 4885 2190 4958 Nempe
2215 4903 2280 4942 cx
2302 4904 2408 4957 quo
2429 4889 2590 4944 homo
2616 4891 2778 4961 coepit
2799 4907 2940 4958 esse,
2965 4910 3070 4948 non
3095 4895 3238 4952 aliud
3264 4896 3430 4966 coepit
3449 4910 3570 4952 esse

1988 4994 2149 5047 quam
2176 4977 2271 5032 Dei
2305 4978 2513 5045 Filius;
2555 4988 2610 5034 et
2629 4981 2734 5036 hoc
2759 4982 2982 5050 unicus,
3030 4994 3086 5040 et
3132 4995 3352 5057 propter
3397 4987 3569 5040 Deum

1988 5069 2240 5133 Verbum,
2270 5072 2412 5140 quod
2443 5070 2532 5124 illo
2564 5080 2815 5142 suscepto
2840 5089 2967 5129 caro
2995 5074 3196 5130 factum
3227 5083 3343 5140 est,
3379 5075 3570 5144 utique

1986 5159 2168 5226 Deus;
2209 5169 2270 5214 ut
2297 5161 2748 5230 quemadmodum
2792 5172 2876 5218 est
2921 5180 3028 5218 una
3073 5180 3303 5234 persona
3342 5165 3570 5234 quilibet

1986 5253 2168 5317 homo,
2199 5253 2381 5306 anima
2407 5252 2616 5308 scilicet
2639 5253 2922 5309 rationalis
2943 5261 2997 5308 et
3030 5269 3177 5319 caro,
3203 5253 3280 5308 ita
3306 5255 3380 5309 sit
3404 5254 3568 5310 Chri-

1988 5355 2104 5400 stus
2151 5361 2254 5398 una
2298 5361 2550 5415 persona,
2599 5346 2833 5401 Verbum
2863 5353 2918 5399 et
2949 5344 3128 5397 homo.
3163 5342 3316 5399 Unde
3359 5353 3569 5402 natura:

1987 5438 2235 5491 humanae
2266 5443 2415 5490 tanta
2444 5436 2612 5508 gloria
2633 5477 2647 5502 ,
2685 5435 2844 5489 nullis
2880 5427 3311 5503 praecedentibus
3355 5438 3568 5494 meritis

1985 5530 2104 5585 sine
2130 5529 2462 5585 dubitatione
2488 5529 2741 5599 gratuita,
2766 5527 2868 5581 nisi
2887 5525 3012 5596 quia
3041 5542 3235 5599 magna
3259 5529 3348 5584 hic
3373 5536 3430 5586 et
3450 5529 3566 5585 sola

1647 5621 1917 5679 BALUZII
1953 5620 2161 5679 NOTIE
2173 5661 2185 5674 .

376 5722 402 5749 ι
441 5710 699 5784 Adoptari
733 5714 794 5768 in
836 5711 1000 5769 Filio.
1042 5711 1123 5768 Ita
1158 5712 1328 5769 codex
1362 5690 1536 5770 vetus.
1589 5715 1660 5770 Et
1700 5718 1877 5772 mani-

303 5780 516 5856 festum
535 5780 620 5856 est
646 5784 943 5856 legitimam
984 5798 1105 5856 esse
1149 5785 1578 5856 emendationem
1621 5785 1874 5856 Massoni,

308 5853 406 5922 qui
435 5853 607 5909 edidit
648 5852 966 5910 in‘Filium.
1000 5852 1104 5910 Sed
1141 5854 1267 5924 quia
1295 5854 1604 5924 frequenter
1638 5852 1878 5929 Agobar4

1985 5717 2086 5772 dus
2107 5725 2298 5786 peccat
2323 5716 2375 5770 in
2401 5714 2618 5786 regulas
2658 5713 3042 5786 grammaticae,
3073 5715 3151 5769 sic
3191 5715 3438 5771 arbitrati
3466 5728 3564 5770 su-

1982 5785 2124 5867 mus,
2163 5785 2480 5868 retinendos
2508 5800 2720 5855 quoque
2759 5785 2892 5841 istos
2925 5799 3137 5842 errores
3189 5787 3257 5840 ob
3299 5800 3562 5844 reverelb

1982 5865 2110 5911 tiam
2141 5865 2260 5910 VII‘I.
