4040 6182
493 437 557 496 Si
1468 434 1526 492 S.
1564 429 1913 491 AGOBARDI
1950 423 2258 485 EPISCOPI
2295 421 2779 482 LUGDUNENSIS
3152 477 3164 484 _
3681 423 3754 481 52

495 545 592 610 Dei
622 554 796 626 gratia
819 553 1052 609 ﬁdeliter
1073 566 1138 607 ac
1163 550 1342 607 sobrie
1369 547 1837 605 considerantibus
1859 545 2073 598 eviden—
2098 539 2152 603 Α
2176 539 2299 594 inde
2329 539 2503 594 dictus
2529 545 2611 593 est
2639 553 2760 594 esse
2784 543 3072 603 venturus,
3099 535 3180 594 sic
3222 533 3491 608 hodieque
3531 533 3588 593 in
3628 535 3754 594 caeli

493 654 583 702 ter
609 647 949 712 ostenditur;
986 655 1045 700 ut
1081 643 1382 714 intelligant
1422 642 1667 697 homines
1706 655 1800 710 per
1828 638 2073 692 eamdem

494 735 727 809 gratiam
759 751 818 792 se
837 734 1130 805 justiticari
1170 751 1198 789 a
1238 733 1476 805 peccatis
1520 746 1618 802 per
1664 745 1826 800 quam
1873 719 2074 782 factum

495 831 582 883 est
611 835 672 882 ut
705 825 870 883 homo
897 826 1148 882 Christus
1174 826 1381 881 nullum
1425 830 1609 894 posset
1652 813 1851 877 habere
1878 835 2072 891 pecca-

491 919 648 976 tum?
677 911 769 976 Sic
795 919 911 989 ejus
941 928 1167 976 matrem
1196 919 1417 990 angelus
1446 917 1733 980 salutavit,
1776 914 1990 984 quando
2023 911 2074 967 ei

490 1005 734 1065 futurum
759 1011 1024 1065 nuntiavit
1054 1012 1196 1065 hunc
1227 1017 1460 1079 partum.
1503 1007 1638 1071 Ave,
1664 1006 1869 1074 inquit,
1901 1005 2076 1075 gratia

489 1099 647 1172 plena
671 1117 688 1153 .'
718 1111 772 1156 et
791 1102 950 1172 paulo
981 1108 1122 1170 post,
1150 1099 1424 1162 Invenisti,
1452 1096 1647 1164 inquit,
1675 1095 1901 1165 gratiam
1935 1092 2075 1164 apud

491 1179 799 1248 Dominum.
829 1193 896 1246 Et
925 1194 1038 1246 haec
1067 1189 1285 1260 quidem
1317 1187 1491 1259 gratia
1513 1187 1694 1258 plena,
1725 1194 1780 1240 et
1807 1186 2077 1240 invenisse

493 1284 635 1355 apud
663 1283 832 1337 Deum
863 1281 1092 1352 gratiam
1116 1281 1345 1343 dicitur,
1377 1287 1436 1332 ut
1461 1277 1674 1332 Domini
1702 1276 1808 1342 sui,
1837 1275 1946 1330 imo
1973 1275 2078 1357 Do-

491 1375 626 1431 mini
653 1374 918 1440 omnium,
963 1382 1140 1428 mater
1169 1379 1316 1427 esset
1338 1371 1649 1441 virginitate
1687 1375 1918 1423 servata.
1953 1387 1972 1419 ι
2007 1366 2076 1420 Et

488 1478 606 1539 post
632 1484 801 1538 pauca
827 1480 846 1518 :
887 1484 906 1516 ι
949 1465 1163 1520 Veritas
1195 1465 1393 1534 quippe
1438 1464 1583 1532 ipsa,
1626 1462 1937 1532 unigenitus
1979 1459 2076 1513 Dei

486 1557 530 1613 F
538 1557 684 1622 ilius,
716 1573 823 1611 non
868 1556 1040 1624 gratia
1060 1595 1075 1622 ,
1106 1556 1200 1611 sed
1233 1563 1458 1620 natura,
1502 1554 1674 1624 gratia
1718 1553 1954 1622 suscepit
1981 1553 2078 1606 ho-

491 1643 700 1701 minem
747 1653 892 1700 tanta
936 1646 1143 1699 unitate
1185 1657 1463 1715 personae,
1512 1650 1571 1696 ut
1607 1643 1746 1697 idem
1778 1643 1890 1712 ipse
1934 1649 2079 1697 esset

491 1739 658 1796 etiam
694 1738 930 1794 hominis
971 1737 1135 1792 ﬁlius.
1187 1759 1206 1791 ι
1242 1737 1300 1792 ln
1330 1737 1433 1794 hoc
1474 1738 1636 1793 etiam
1677 1737 1793 1790 loco
1822 1737 1912 1790 ubi
1950 1735 2079 1790 dicit

489 1827 591 1884 Dei
616 1827 792 1884 Filius
808 1845 910 1883 non
925 1829 1119 1899 gratia,
1145 1829 1234 1882 sed
1258 1837 1468 1891 natura,
1493 1835 1710 1899 poterat
1730 1825 2074 1898 subjungere,

2177 631 2395 702 regione
2442 629 2719 700 persistit,
2763 629 2975 683 dicente
3003 627 3288 698 Apostolo,
3329 629 3384 684 in
3424 645 3527 701 quo
3553 629 3756 683 habitat

2177 723 2345 777 omnis
2383 721 2653 794 plenitudo
2697 721 2988 776 divinitatis
3027 723 3389 793 corporaliter.
3420 723 3487 777 Et
3515 731 3662 778 certe
3691 723 3758 778 de

2175 829 2246 880 eo
2267 815 2399 869 dicit
2424 813 2567 884 quOd
2596 829 2742 868 nunc
2770 817 2853 869 est
2894 813 3026 884 ipse.
3069 809 3208 884 Ergo
3237 813 3326 870 ille
3371 813 3455 870 est
3499 816 3759 870 minimus

2177 903 2266 971 qui
2306 904 2479 959 credit
2508 904 2562 958 in
2600 901 2835 969 Christo,
2885 905 2977 974 qui
3025 905 3081 960 in
3127 903 3434 977 huiusmodi
3478 906 3757 961 Christum

2177 992 2368 1055 credit,
2395 995 2487 1062 qui
2517 995 2573 1049 in
2608 995 2881 1067 integrum
2913 995 3189 1052 Christum
3225 999 3417 1063 credit,
3445 1015 3554 1053 non
3586 1000 3644 1053 in
3675 1015 3762 1055 se-

2175 1080 2573 1146 rui-Christum,
2608 1087 2662 1138 et
2698 1087 2817 1141 ideo
2852 1102 2958 1141 non
2989 1087 3266 1142 Christum
3288 1129 3302 1153 ,
3351 1089 3475 1157 quia
3512 1087 3761 1143 Christus

2178 1190 2286 1230 non
2307 1175 2411 1229 nisi
2436 1174 2667 1245 integer,
2683 1172 2890 1247 integer
2912 1189 3092 1233 autem
3117 1195 3226 1234 non
3250 1180 3353 1234 nisi
3381 1179 3705 1249 huiusmodi.
3733 1197 3752 1231 ι

2177 1263 2317 1320 Ecce
2347 1273 2403 1319 et
2445 1266 2638 1321 beatus
2683 1281 2821 1336 papa
2871 1265 3230 1338 Symmachus
3268 1278 3440 1325 totum
3482 1268 3758 1324 Christum

2177 1355 2310 1409 dicit
2339 1356 2606 1411 veraciter
2643 1354 2810 1411 Deum
2850 1373 3000 1422 esse,
3051 1365 3107 1414 et
3148 1365 3322 1414 totum
3362 1361 3658 1417 hominem.
3700 1359 3759 1416 Si

2178 1465 2304 1521 ergo
2329 1456 2472 1505 totus
2503 1452 2770 1506 veraciter
2798 1451 2962 1517 Deus,
3001 1459 3145 1508 totus
3183 1452 3367 1520 utique
3408 1469 3566 1508 verus
3597 1455 3759 1519 Deus,

2178 1543 2234 1593 et
2256 1539 2502 1609 proprius
2530 1531 2699 1595 Filius
2722 1540 2850 1607 Dei;
2883 1541 3005 1610 quia
3031 1549 3139 1595 tota
3174 1542 3452 1612 generatio
3478 1540 3625 1597 dedit
3664 1556 3762 1597 no-

2177 1647 2300 1686 men
2326 1629 2458 1696 ﬁlio,
2490 1647 2597 1686 non
2624 1631 2823 1696 medio,
2853 1635 2912 1686 ut
2951 1629 3065 1686 'vult
3088 1631 3264 1697 Felix,
3305 1637 3616 1702 quanquam
3659 1647 3761 1700 nec

2179 1723 2488 1779 humanitas
2521 1724 2591 1778 sit
2612 1723 2679 1778 de
2707 1725 3009 1779 substantia
3039 1724 3218 1779 Patris
3237 1765 3252 1790 ,
3283 1740 3385 1779 nec
3411 1715 3665 1781 divinitas
3693 1723 3761 1781 de

2180 1813 2478 1869 substantia
2506 1813 2715 1868 matris.
2749 1811 2853 1869 Sed
2883 1816 3008 1885 quia
3036 1805 3272 1869 Verbhm
3296 1807 3423 1879 Dei,
3447 1814 3607 1870 unius
3636 1829 3760 1873 cum

495 1925 672 1994 gratia
697 1923 854 1977 etiam
879 1923 1052 1992 factus
1082 1932 1158 1976 est
1185 1921 1360 1975 Filius
1398 1921 1523 1985 Dei,
1551 1921 1878 1991 suscipiendo
1904 1921 2074 1974 homi-

2180 1900 2341 1960 Patre
2378 1906 2723 1969 substantiae,
2763 1903 2819 1962 i'n
2851 1905 3058 1960 unitate
3087 1920 3334 1976 personae
3376 1909 3487 1960 suae
3526 1905 3764 1976 suscepit

493 2029 635 2079 nem,
671 2012 716 2067 si
739 2027 860 2066 eum
889 2013 1060 2084 gratia
1091 2011 1284 2066 Filium
1311 2012 1407 2066 Dei
1450 2012 1626 2066 Patris
1657 2011 1949 2066 secundum
1980 2011 2078 2064 hu-

491 2103 811 2157 manitatem
839 2118 962 2158 esse
998 2104 1319 2158 deberemus
1349 2103 1590 2158 credere.
1637 2102 1742 2156 Sed
1789 2118 1895 2156 non
1938 2102 2078 2156 dixit

491 2193 696 2262 aliquid
723 2194 848 2249 tale.
883 2194 996 2248 Imo
1036 2195 1148 2248 ait:
1191 2193 1376 2248 Gratia
1404 2194 1625 2266 suscepit
1661 2195 1940 2248 hominem.
1972 2192 2075 2260 Qui

492 2285 760 2354 suscepit;
789 2285 973 2354 utique
999 2284 1164 2339 Filius
1191 2283 1285 2338 Dei
1314 2283 1550 2340 Verbum
1581 2283 1694 2338 Dei.
1723 2281 1880 2338 Certe
1903 2281 2077 2354 gratia

491 2377 732 2447 suscepit
774 2376 1067 2431 hominem.
1106 2376 1476 2432 Misericordia
1523 2375 1698 2432 factus
1742 2383 1823 2431 est
1871 2377 2071 2440 homo;

491 2473 619 2542 quia
652 2471 1023 2526 misericordia
1056 2482 1236 2537 natus,
1262 2488 1366 2526 non
1398 2472 1740 2538 conditione;
1772 2471 2078 2525 misericor-

490 2562 579 2618 dia
610 2571 879 2627 mortuus,
909 2579 1018 2617 non
1064 2563 1262 2618 debito.
1305 2562 1553 2632 Nunquid
1595 2562 1682 2617 hic
1710 2561 1910 2632 aliquid
1940 2560 2079 2616 refe-

488 2653 665 2710 rimus
715 2655 779 2709 ad
823 2655 1072 2720 Patrem,
1109 2661 1167 2709 ut
1197 2655 1376 2710 dieere
1417 2653 1686 2724 possimus
1733 2654 1909 2724 gratia
1957 2667 2077 2708 esse

494 2761 618 2802 eum
641 2745 838 2800 Filium
860 2745 954 2799 Dei
975 2739 1182 2800 Patris?
1205 2745 1340 2800 Nam
1363 2746 1733 2800 sicutcredcre
1756 2745 2077 2800 deberemus

489 2839 685 2910 gratia,
715 2837 1023 2907 adoptione,
1057 2835 1138 2890 vel
1167 2836 1558 2906 assumptione,
1588 2842 1680 2888 aut
1704 2835 1964 2904 quidquid
1993 2849 2077 2889 se.

491 2929 860 2985 cundumhazc
881 2928 981 2982 dici
1010 2929 1206 2998 potest,
1226 2926 1418 2982 Filium
1447 2927 1540 2981 Dei
1569 2926 1860 2982 secundum
1891 2927 2080 2980 huma-

488 3019 745 3085 nitatem,
771 3035 932 3090 supra
965 3018 1153 3074 fuisset
1183 3019 1342 3073 beato
1369 3017 1672 3089 Augustino
1698 3018 1764 3072 ad
1793 3017 2076 3086 proferen—

493 3109 620 3166 dum
643 3110 955 3180 aptissimus
977 3110 1150 3175 locus,
1167 3101 1256 3163 ubi
1283 3109 1419 3163 dixit
1441 3110 1506 3164 de
1532 3107 1752 3164 homine
1779 3118 2074 3178 assumpto,

498 3218 520 3251 ι
556 3209 752 3270 nempe
777 3215 845 3256 ex
873 3213 980 3271 quo
1008 3216 1125 3256 esse
1159 3201 1322 3256 homo
1361 3202 1556 3270 cmpit,
1605 3217 1709 3255 non
1742 3200 1884 3256 aliud
1911 3201 2077 3271 cmpit

492 3292 616 3347 esse
636 3305 796 3361 quam
823 3292 918 3348 Dei
943 3291 1134 3359 Filius,
1166 3314 1184 3346 ι
1216 3303 1274 3348 ut
1294 3294 1536 3358 adderet,
1559 3294 1752 3364 gratia,
1776 3294 2074 3364 adoptione,

492 3385 764 3451 electione,
800 3395 895 3440 aut
933 3385 1135 3456 aliquid
1164 3385 1492 3457 hujusmodi.
1540 3386 1647 3444 Sed
1684 3405 1790 3442 non
1822 3385 1948 3443 fecit
1979 3391 2074 3443 ita.

493 3475 648 3544 Qucid
673 3493 803 3548 ergo
840 3477 1082 3544 addidit,
1124 3480 1403 3537 videamus
1445 3490 1629 3534 utrum
1660 3481 1831 3550 possit
1860 3483 1926 3535 ad
1973 3482 2078 3537 ista

494 3569 786 3639 pertinere.
811 3567 903 3622 Ait
929 3569 1107 3624 enim:
1142 3588 1160 3620 ι
1196 3569 1396 3640 Nempe
1418 3586 1486 3625 ex
1509 3585 1616 3640 quo
1644 3570 1805 3625 homo
1827 3585 1945 3625 esse
1974 3587 2082 3626 οω-

492 3657 598 3728 pit,
636 3673 742 3711 non
776 3657 922 3712 aliud
951 3659 1114 3729 cmpit
1142 3675 1263 3715 esse
1299 3677 1459 3730 quam
1499 3659 1597 3715 Dei
1638 3657 1834 3726 Filius,
1880 3670 1937 3716 et
1977 3662 2079 3717 hoc

494 3748 712 3813 unicus,
745 3758 798 3804 et
833 3757 1054 3818 propter
1086 3750 1254 3805 Deum
1286 3751 1554 3817 Verbum,
1592 3743 1736 3821 quod
1779 3753 1869 3806 illo
1895 3767 2080 3807 susce-

494 3844 590 3909 pto
633 3853 762 3892 caro
797 3836 1000 3894 factum
1046 3849 1147 3904 est,
1195 3843 1383 3910 utique
1417 3841 1576 3897 Deus.
1630 3861 1649 3894 ι
1703 3842 1842 3897 Ecce
1886 3843 2080 3898 beatus

493 3927 828 4002 Augustinus
857 3933 1127 3987 hominem
1164 3933 1296 3987 dicit
1343 3949 1505 3987 unam
1549 3933 1746 3989 factum
1791 3950 2078 4004 personam

494 4033 621 4074 cum
647 4019 781 4086 Deo,
801 4031 856 4076 et
878 4036 996 4078 esse
1025 4023 1219 4078 Filium
1237 4023 1331 4078 Dei
1358 4025 1598 4092 unicum,
1629 4034 1686 4080 ct
1714 4025 1903 4081 Deum.
1930 4026 2080 4082 Nun-

499 4113 631 4181 quid
661 4112 984 4182 signiﬁcavit
1014 4115 1102 4169 hic
1124 4114 1280 4170 nobis
1306 4125 1366 4170 ut
1390 4117 1610 4171 credere
1637 4133 1760 4172 eum
1788 4119 2082 4175 debeamus

495 4209 607 4258 no‘n
631 4219 820 4259 verum
850 4205 1046 4260 Filium
1072 4207 1185 4272 Dei,
1218 4223 1325 4261 non
1351 4221 1538 4262 verum
1568 4207 1768 4272 Deum,
1811 4211 1950 4265 sicut
1981 4211 2084 4267 Fe-

493 4295 573 4352 lix
605 4297 799 4353 docet?
834 4298 994 4354 Certe
1020 4315 1120 4371 ego
1151 4309 1302 4371 puto,
1332 4301 1458 4370 quia
1490 4317 1610 4356 cum
1641 4301 1869 4368 diceret,
1899 4321 1962 4358 ea:
1981 4321 2081 4375 quo

499 4400 610 4447 esse
634 4393 805 4464 erepit,
836 4410 940 4447 non
965 4393 1111 4448 aliud
1139 4394 1286 4465 carpit
1310 4411 1418 4448 esse
1436 4411 1594 4465 quam
1614 4395 1713 4448 Dei
1735 4394 1782 4447 F
1786 4396 1931 4462 ilius,
1957 4411 2084 4467 pro-

495 4485 684 4556 pterea
731 4485 966 4550 addidit,
1008 4492 1063 4539 et
1109 4484 1204 4539 hoc
1233 4485 1448 4549 unicus,
1491 4495 1550 4540 ut
1592 4502 1693 4542 nos
1722 4504 1845 4543 eum
1892 4505 2082 4543 verum

2105 3251 2152 3315 C

2176 2005 2420 2056 nostram
2445 1997 2804 2054 Substantiam
2823 2041 2838 2065 ,
2875 2014 2982 2053 non
3011 1997 3116 2052 erit
3143 1995 3248 2054 alio
3277 1999 3436 2053 modo
3475 1995 3613 2054 ﬁlius
3638 2005 3762 2069 post

2175 2091 2533 2148 humanitatis
2558 2091 3004 2163 assumptionem,
3033 2090 3137 2145 nisi
3167 2104 3274 2160 quo
3300 2091 3419 2145 erat
3446 2092 3501 2145 et
3523 2098 3650 2146 ante
3677 2089 3762 2146 in-

2177 2183 2568 2241 carnationem.

2246 2297 2412 2377 XXV.
2437 2296 2572 2351 Item
2594 2296 2786 2351 beatus
2806 2283 3169 2364 Augustinus:
3205 2309 3224 2343 ι
3255 2290 3314 2346 In
3344 2299 3522 2357 terra,
3553 2288 3759 2361 inquit,

2177 2397 2319 2455 erat,
2354 2394 2411 2443 et
2440 2387 2495 2441 in
2525 2385 2663 2441 caelo
2692 2401 2751 2439 se
2773 2399 2895 2439 esse
2922 2384 3170 2447 dicebat,
3199 2391 3253 2436 et
3286 2380 3429 2451 quod
3454 2387 3537 2435 est
3564 2379 3760 2450 majus,

2145 2490 2150 2494 '
2179 2480 2234 2535 in
2261 2477 2399 2534 caelo
2428 2477 2570 2532 ﬁlius
2596 2475 2854 2539 hominis,
2880 2475 2935 2529 in
2977 2473 3116 2528 cmlo
3145 2472 3313 2527 Filius
3340 2471 3472 2537 Dei,
3510 2479 3569 2526 ut
3597 2486 3758 2526 unam

2179 2573 2578 2628 demonstraret
2601 2570 2656 2623 in
2679 2575 2911 2634 utraque
2941 2575 3133 2619 natura
3164 2577 3486 2633 personam;
3525 2571 3579 2616 et
3613 2563 3665 2615 in
3695 2576 3760 2616 eo

2181 2664 2322 2735 quod
2355 2663 2450 2716 Dei
2480 2661 2650 2715 Filius
2679 2667 2818 2723 erat,
2843 2657 3064 2728 :equalis
3091 2655 3260 2719 Patri,
3290 2653 3524 2708 Verbum
3557 2645 3674 2718 Dei,
3707 2653 3762 2706 in

2178 2756 2444 2828 principio
2472 2754 2614 2808 Deus
2649 2751 2790 2822 apud
2833 2750 3028 2816 Deum,
3067 2758 3122 2805 et
3151 2749 3207 2804 in
3232 2763 3296 2804 eo
3325 2747 3469 2818 quod
3498 2746 3639 2800 ﬁlius
3666 2746 3765 2800 ho-

2180 2847 2345 2903 minis
2373 2853 2512 2911 erat,
2563 2852 2619 2900 et
2654 2857 2940 2898 assumens
2969 2842 3205 2894 animam
3246 2839 3536 2892 humanam
3562 2845 3617 2892 et
3645 2852 3764 2894 car-

2179 2954 2305 2994 nem
2336 2939 2651 3000 humanam,
2691 2942 2745 2990 et
2775 2933 2994 2988 indutus
3031 2930 3306 2986 hominem
3345 2929 3532 2983 exiens
3572 2928 3641 2983 ad
3664 2927 3764 2982 ho-

2179 3030 2391 3095 mines;
2429 3028 2554 3098 quia
2583 3028 2636 3081 in
2668 3026 2770 3081 hoc
2813 3034 3044 3094 utroque
3085 3039 3192 3077 non
3229 3023 3332 3077 duo
3372 3020 3572 3076 Christi
3616 3028 3762 3088 sunt,

2180 3135 2281 3174 nec
2316 3119 2421 3174 duo
2453 3118 2547 3172 ﬁlii
2587 3102 2714 3181 Dei,
2763 3116 2857 3172 sed
2901 3131 3008 3168 una
3040 3129 3302 3185 persona,
3346 3128 3485 3167 unus
3515 3112 3764 3168 Christus

2181 3209 2351 3264 Filius
2380 3209 2474 3262 Dei
2501 3225 2516 3273 ;
2556 3209 2698 3262 idem
2740 3222 2880 3262 unus
2903 3205 3181 3268 Christus,
3213 3219 3320 3257 non
3347 3202 3484 3256 alius
3509 3202 3761 3269 hominis,

2183 3308 2237 3356 et
2262 3301 2401 3354 alius
2425 3299 2519 3354 Dei
2546 3298 2714 3353 Filius
2741 3315 2757 3359 ;
2795 3298 2890 3353 sed
2923 3298 3016 3351 Dei
3044 3296 3212 3350 Filius
3239 3295 3534 3351 secundum
3572 3295 3766 3350 divini-

2181 3401 2372 3459 tatem,
2402 3392 2638 3448 hominis
2662 3389 2804 3445 ﬁlius
2834 3389 3128 3444 secundum
3157 3402 3395 3442 carnem.
3429 3387 3562 3453 Quis
3585 3395 3764 3441 autem

2181 3496 2448 3550 nostrum,
2479 3486 2571 3557 qui
2606 3501 2796 3556 parum
2823 3485 3108 3548 sentimus,
3136 3490 3228 3536 aut
3264 3497 3455 3551 parum
3492 3481 3763 3550 sapimus,

2181 3594 2288 3632 non
2316 3578 2494 3648 potius
2526 3577 2599 3630 ita
2627 3573 2790 3630 vellet
2817 3575 3149 3643 distinguere
3174 3591 3187 3626 :
3213 3572 3382 3626 Filius
3406 3571 3499 3625 Dei
3523 3571 3577 3624 in
3605 3570 3763 3637 cutio,

2182 3677 2238 3725 et
2266 3669 2410 3723 ﬁlius
2437 3669 2674 3723 hominis
2707 3668 2760 3720 in
2791 3667 2982 3721 terra?
3021 3666 3127 3720 Sed
3168 3681 3237 3720 ne
3264 3665 3344 3720 sic
3380 3664 3764 3731 divideremus,

2181 3768 2237 3815 et
2279 3761 2355 3814 ita
2397 3759 2685 3814 dividendo
2719 3757 2854 3811 duas
2891 3771 3151 3827 personas
3197 3755 3603 3817 induceremus,
3656 3767 3765 3807 non

2180 3853 2428 3909 ascendit
2452 3853 2506 3907 in
2528 3852 2724 3907 coelum
2751 3851 2855 3905 nisi
2881 3851 2972 3920 qui
3003 3851 3068 3904 de
3105 3848 3246 3904 coelo
3271 3847 3566 3902 descendit.
3600 3844 3766 3911 Quis?

2179 3944 2349 3999 Filius
2393 3944 2647 3998 hominis.
2696 3941 2865 3996 Filius
2923 3955 3054 4010 ergo
3101 3939 3334 3994 hominis
3375 3936 3651 3992 descendit
3695 3934 3764 3988 de

2180 4037 2341 4094 caelo.
2368 4036 2557 4092 Nonne
2579 4035 2722 4089 ﬁlius
2743 4033 2981 4088 hominis
2998 4035 3051 4086 in
3076 4042 3219 4087 terra
3242 4029 3417 4086 factus
3439 4029 3556 4085 est?
3577 4027 3764 4081 Nonne

2180 4129 2324 4184 illius
2350 4129 2586 4182 hominis
2605 4142 2704 4196 per
2728 4125 2950 4179 Mariam
2981 4123 3154 4177 factus
3184 4121 3310 4176 est?
3349 4119 3484 4185 Sed,
3515 4135 3547 4174 o
3575 4119 3759 4183 homo,

2181 4219 2308 4282 loli,
2353 4218 2548 4287 inquit,
2591 4229 2848 4284 separare
2888 4228 3049 4282 quem
3087 4212 3208 4266 volo
3251 4210 3523 4281 copulare.
3563 4207 3762 4263 Parum

2181 4318 2266 4364 est
2293 4308 2418 4377 quia
2447 4307 2589 4361 ﬁlius
2616 4305 2852 4359 hominis
2876 4303 3174 4357 descendit.
3206 4301 3454 4356 Christus
3493 4300 3635 4356 enim
3675 4300 3767 4354 de-

2183 4399 2430 4463 scendit;
2468 4396 2716 4466 idemque
2766 4394 2910 4448 ﬁlius
2955 4394 3048 4463 qui
3095 4393 3265 4447 Filius
3293 4391 3386 4445 Dei
3413 4400 3514 4446 est.
3548 4389 3658 4446 Sed
3685 4398 3770 4446 est

2185 4491 2239 4545 in
2274 4490 2412 4545 ccelo
2437 4488 2529 4558 qui
2553 4487 2790 4542 ambulat
2812 4487 2866 4541 in
2893 4496 3060 4541 terra.
3090 4485 3147 4539 In
3174 4484 3312 4540 caelo
3333 4491 3472 4548 erat,
3500 4483 3625 4552 quia
3647 4483 3768 4537 ubi-

496 4575 696 4632 Filium
740 4567 838 4631 Dei
883 4578 1198 4644 credamus,
1241 4586 1296 4634 et
1339 4587 1510 4633 totum
1553 4595 1762 4645 verum,
1815 4589 1870 4636 et
1907 4590 2078 4636 totum
2103 4599 2157 4664 D
2184 4600 2287 4654 que
2312 4591 2398 4638 est
2422 4581 2708 4646 Christus;
2749 4580 2998 4650 idemque
3020 4578 3267 4634 Christus
3295 4586 3350 4632 et
3377 4576 3543 4632 Filius
3569 4573 3686 4641 Dei,
3710 4583 3767 4630 et

497 4669 799 4742 proprium,
826 4686 935 4726 non
962 4672 1199 4728 medium
1237 4673 1512 4744 proprium
1533 4713 1549 4740 ,
1587 4680 1644 4727 et
1679 4674 1917 4730 medium
1945 4675 2077 4730 ado-

497 4763 731 4831 ptivum.

573 4843 764 4908 XXIV.
795 4849 854 4908 Si
884 4860 1066 4908 autem
1099 4855 1154 4907 in
1193 4853 1298 4908 hoc
1337 4854 1457 4910 loco
1497 4856 1750 4912 inusitato
1791 4873 1944 4913 more
1983 4873 2083 4929 ego

499 4939 666 4996 alicui
688 4939 835 5011 loqui
864 4942 1073 5008 videor,
1100 4943 1226 5013 quia
1259 4943 1380 4998 dico
1412 4953 1580 5000 totum
1617 4947 1901 5003 Dominum
1927 4966 1940 5015 ;
1981 4965 2080 5004 au-

499 5031 636 5096 diat,
664 5029 913 5101 quisquis
935 5030 1022 5085 ille
1035 5041 1140 5096 est,
1155 5033 1382 5088 similem
1404 5035 1529 5089 huic
1550 5039 1874 5092 sententiam
1888 5050 1912 5077 α
1930 5037 2086 5109 Sym-

501 5110 685 5178 machi
711 5138 864 5194 papa:
891 5123 958 5176 ad
980 5122 1324 5179 Anastasium
1346 5127 1760 5197 imperatorem:
1790 5149 1808 5182 ‹
1839 5129 2086 5187 Christus

501 5214 688 5286 itaque
708 5216 851 5272 Deus
878 5218 1148 5273 veraciter
1172 5228 1337 5286 totus,
1381 5230 1436 5277 et
1483 5230 1631 5278 totus
1657 5223 1818 5279 homo
1859 5232 1976 5288 est,
2008 5225 2088 5279 sic

505 5315 823 5378 conceptus,
853 5309 935 5364 sic
956 5309 1154 5377 editus,
1189 5312 1269 5368 sic
1294 5323 1647 5370 conversatus
1673 5315 1728 5369 in
1757 5315 1977 5381 saeculo,
2005 5317 2086 5371 sic

502 5409 716 5467 passus,
751 5399 832 5454 sic
867 5403 1008 5471 apud
1047 5401 1273 5472 inferos,
1308 5405 1388 5460 sic
1431 5408 1808 5474 resuscitatus,
1843 5408 1924 5462 sic
1961 5422 2084 5462 cum

505 5485 787 5556 discipulis
825 5503 1108 5561 apparens,
1141 5495 1225 5552 sic
1267 5494 1510 5553 elevatus
1534 5498 1592 5553 in
1623 5497 1843 5564 coelum,
1877 5499 1956 5554 sic
1993 5515 2086 5554 ex-

2182 4675 2326 4730 ﬁlius
2349 4674 2606 4729 hominis.
2648 4694 2666 4726 ι
2701 4674 2834 4729 Item
2868 4674 3060 4728 beatus
3087 4671 3418 4744 Augustinus
3437 4671 3542 4725 ait:
3578 4688 3596 4720 ι
3623 4670 3767 4724 Prae—

2184 4767 2489 4822 destinatus
2510 4775 2594 4821 est
2623 4782 2752 4837 ergo
2780 4763 2954 4827 Iesus,
2988 4774 3047 4818 ut
3069 4764 3159 4834 qui
3189 4763 3400 4817 futurus
3427 4769 3545 4816 erat
3571 4775 3763 4816 secun—

2185 4859 2310 4913 dum
2341 4873 2563 4913 carnem
2603 4857 2746 4912 ﬁlius
2783 4856 2969 4920 David,
2998 4862 3140 4908 esset
3169 4863 3347 4906 tamen
3379 4853 3431 4905 in
3459 4852 3653 4905 virtute
3679 4850 3736 4903 Fi
3763 4881 3765 4883 -

2185 4949 2290 5004 lius
2332 4949 2426 5004 Dei
2467 4948 2761 5004 secundum
2813 4945 3075 5015 Spiritum
3106 4942 3550 4998 sanctiﬁcationis
3575 4983 3590 5008 ,
3638 4940 3766 5010 quia

2187 5049 2456 5096 natusest
2485 5039 2551 5093 de
2579 5039 2783 5106 Spiritu
2804 5045 3014 5099 sancto,
3039 5042 3094 5089 et
3122 5048 3218 5102 per
3239 5031 3514 5101 Virginem
3543 5029 3764 5084 Mariam

2187 5129 2276 5184 illa
2305 5129 2421 5198 ipsa
2452 5127 2797 5182 ineﬁ‘ahiiiter
2826 5125 2970 5179 facta
2999 5123 3234 5178 hominis
3259 5137 3287 5175 a
3311 5123 3420 5177 Deo
3451 5122 3629 5176 Verbo
3649 5135 3768 5174 sus-

2186 5222 2362 5291 ceptio
2389 5219 2703 5290 singularis,
2733 5227 2792 5272 ut
2813 5215 2981 5270 Filius
3002 5214 3097 5269 Dei
3117 5223 3260 5268 esset
3273 5212 3414 5268 ﬁlius
3439 5211 3671 5268 hominis
3694 5209 3769 5264 si-

2187 5312 2318 5376 mul,
2352 5323 2407 5367 et
2429 5311 2572 5365 ﬁlius
2605 5309 2838 5365 hominis
2865 5315 3085 5379 propter
3123 5314 3431 5377 susceptum
3471 5303 3765 5366 hominem,

2185 5416 2243 5463 et
2262 5407 2428 5462 Filius
2455 5406 2550 5460 Dei
2575 5413 2798 5476 propter
2833 5403 3218 5473 suscipientem
3239 5400 3572 5473 unigenitum
3596 5397 3768 5454 Deum

2187 5499 2454 5553 veraciter
2478 5505 2532 5552 et
2552 5496 2769 5568 proprie
2795 5495 3013 5563 dicitur,
3039 5509 3110 5552 ne
3129 5509 3238 5550 non
3261 5493 3496 5558 trinitas,
3520 5491 3614 5549 sed
3635 5505 3772 5562 qua-

1854 5588 2128 5645 BALUZI]
2164 5587 2398 5645 NOTAE.

551 5745 558 5752 ι
580 5671 972 5753 {Agin-maelii
984 5695 1133 5753 papa
1149 5680 1246 5753 ,_in
1274 5679 1624 5753 apologetico
1646 5681 1715 5753 ad
1736 5681 2083 5753 Agnastasium

505 5735 909 5825 {inﬁtiatorem
940 5735 1230 5821 sed'paino
1253 5735 1633 5825 aliterl'egitnr
1659 5750 1747 5825 hic
1772 5735 1921 5825 locus
1943 5735 2084 5825 apud

510 5813 1111 5892 Symmachum,_quam
1133 5821 1273 5889 apud
1293 5813 1656 5892 Agohar'dum.
1689 5821 1794 5877 Pro
1827 5823 1911 5878 his
1937 5813 2084 5879 enim

507 5888 710 5952 verbis,
744 5888 884 5959 Ergo
915 5888 1003 5944 ille
1041 5901 1118 5944 est
1146 5888 1421 5958 minimis,
1459 5902 1588 5959 etc.,
1613 5909 1732 5962 quae
1767 5894 2084 5964 Agohardus

2192 5683 2376 5744 habet,
2409 5681 2487 5752 sic
2536 5679 2734 5752 legitur
2777 5681 2834 5737 in
2861 5675 3429 5752 epistolagymmachi
3455 5673 3646 5752 {Ergo
3665 5672 3772 5752 alte

2193 5763 2267 5809 est
2294 5743 2539 5826 minimus
2558 5793 2572 5826 ,
2590 5743 2688 5823 ’ᾆωὶ
2715 5753 2790 5806 sic
2831 5743 2992 5826 crEJit
3015 5752 3070 5826 in
3095 5743 3566 5826 Cﬁristam,écd_gt
3584 5743 3771 5826 hujus-

2193 5823 2336 5948 ’κρέξ
2359 5824 2411 5876 in
2439 5815 2710 5947 lChristum
2739 5821 2922 5889 credit,
2951 5821 3042 5893 qui
3091 5821 3147 5873 in
3193 5816 3453 5887 integrum
3503 5815 3768 5870 Christum

2191 5912 2277 5950 ere
2316 5905 2375 5960 ιε.
2405 5909 2434 5950 e
2461 5909 2509 5949 C.
