4048 6178
413 319 494 383 53

1573 315 1702 378 LIB.
1743 317 1903 377 ADV.
1941 317 2240 378 FELICEM
2282 319 2580 380 URGELL.

2909 249 2936 263 ’⁴
3448 259 3474 271 κ

3639 329 3710 387 54

419 437 655 498 ternitas
705 434 1049 493 Crederetur.
1097 427 1489 488 Praedestinata
1536 442 1621 490 est
1663 441 1869 489 naturae
1916 431 2021 488 ista
2049 431 2101 494 Α
2126 441 2262 501 stus,
2295 451 2507 507 unaque
2534 453 2785 509 persona.
2815 438 2951 508 Quis
2978 441 3123 497 enim
3167 439 3430 516 sacrilega
3456 441 3710 514 opinione

419 535 678 592 humana:
713 538 862 585 tanta
895 536 952 584 et
981 537 1093 582 tam
1120 526 1264 581 celsa
1307 533 1360 580 et
1401 541 1609 582 summa
1633 526 1930 592 subvectio,
1961 533 2022 581 ut

416 643 534 698 quo
562 621 905 682 attolleretur
929 619 1114 684 altius,
1144 633 1251 672 non
1282 617 1507 673 haberet
1531 633 1545 684 ;
1580 619 1721 673 sicut
1743 631 1841 688 pro
1863 617 2022 672 nobis

419 717 540 786 ipsa
574 714 828 770 divinitas
858 727 968 782 quo
1001 715 1173 778 usque
1213 722 1270 764 se
1300 708 1625 778 deponeret,
1657 719 1765 765 non
1796 709 2022 764 haberet

421 805 703 862 humilius.
739 823 758 856 ›
788 801 922 857 item
964 801 1160 856 beatus
1187 799 1522 870 Augustinus
1549 800 1662 872 (De
1690 795 1802 854 Civ.
1837 795 1955 864 Dei,
1980 795 2015 852 Ι.

420 913 476 960 ι,
507 913 554 950 c.
585 895 704 967 l5):
738 913 758 946 ε
809 892 874 948 Hi
919 897 1048 948 sunt
1096 889 1192 946 lilii
1237 891 1329 946 Dei
1377 889 1644 962 quotquot
1687 889 1891 962 Spiritu
1924 889 2020 946 Dei

419 995 682 1058 aguntur,
710 973 803 1041 sed
825 984 1024 1054 gratia,
1047 994 1156 1038 non
1181 991 1399 1037 natura.
1427 975 1630 1038 Unicus
1656 981 1799 1036 enim
1826 987 2019 1036 natura

417 1075 522 1139 Dei
547 1083 738 1149 Filius,
762 1090 987 1154 propter
1010 1095 1114 1134 nos
1135 1077 1511 1133 misericordia
1541 1076 1714 1131 factus
1741 1083 1826 1131 est
1849 1076 2024 1131 homi-

419 1177 512 1231 nis
539 1175 703 1242 lilius,
747 1181 807 1230 ut
846 1190 944 1229 nos
969 1181 1162 1228 natura
1202 1171 1298 1226 lilii
1325 1169 1597 1236 hominis,
1645 1169 1740 1225 lilii
1785 1169 1879 1226 Dei
1923 1185 2021 1240 per

421 1268 576 1324 illum
601 1268 780 1340 gratia
813 1263 1083 1320 iieremus.
1132 1262 1356 1318 Manens
1398 1263 1596 1332 quippe
1633 1259 1723 1317 ille
1765 1261 2020 1316 immuta-

421 1357 579 1424 bilis,
601 1369 856 1414 naturam
896 1365 1129 1411 nostram
1149 1398 1164 1422 ,
1198 1357 1252 1410 in
1278 1371 1383 1425 qua
1420 1371 1517 1410 nos
1545 1355 1866 1425 susciperet,
1898 1371 2018 1410 sus-

425 1451 585 1522 cepit
612 1467 641 1504 a
683 1449 847 1514 nobis,
873 1447 925 1502 et
948 1458 1102 1502 tenax
1132 1447 1431 1502 divinitatis
1453 1463 1584 1510 sum,
1630 1456 1829 1503 nostrae
1860 1447 2016 1502 infir—

2128 525 2367 590 indutus,
2399 542 2464 582 eo
2506 543 2680 600 usque
2721 529 2966 600 desipiat,
3005 531 3128 600 quis
3167 529 3222 588 in
3264 539 3376 588 tam
3419 531 3712 603 abruptum

2127 620 2333 674 erroris
2380 620 2693 676 barathrum
2742 621 3092 692 semetipsum
3135 622 3374 696 injiciat,
3422 627 3485 679 ut
3512 622 3709 680 Filium

2126 705 2220 765 Dei
2247 711 2364 767 sine
2393 727 2486 767 sua
2517 713 2734 785 propria
2769 729 2964 780 carne,
2992 729 3153 786 quam
3188 714 3243 770 in
3272 729 3444 771 sacrae
3469 713 3732 787 Virginis-

2125 809 2281 860 utero
2311 798 2564 860 ineffabili
2593 805 2868 862 societatis
2894 822 2994 877 per
3022 822 3080 860 se
3109 806 3359 862 mistione
3386 805 3460 861 ita
3490 807 3710 864 sibimet
3747 821 3752 828 '

2125 897 2400 963 adunavit,
2432 903 2491 951 ut
2520 904 2574 952 et
2596 897 2830 952 Verbum
2860 898 3045 963 homo,
3074 906 3127 950 et
3150 895 3313 951 homo
3341 896 3504 963 Deus,
3535 896 3710 951 idem-

2123 1001 2228 1054 que
2255 1001 2414 1052 unus,
2443 1001 2548 1040 non
2571 987 2792 1041 mutatis
2813 988 3101 1058 generibus
3121 993 3330 1041 naturae
3352 986 3525 1052 fleret,
3550 992 3710 1058 neget

2124 1075 2279 1136 hodie
2306 1081 2493 1135 sedere
2523 1082 2590 1136 ad
2618 1081 2897 1150 dexteram
2927 1079 3128 1147 Patris,
3159 1087 3552 1148 venturumque
3569 1077 3710 1147 judi-

2122 1187 2248 1229 care
2276 1175 2428 1228 vivos
2453 1181 2507 1228 et
2533 1180 2799 1238 mortuos,
2831 1188 2953 1227 cum
2985 1174 3162 1242 ipsum
3194 1171 3484 1227 Dominum
3505 1171 3708 1226 dixisse

2120 1277 2230 1320 non
2275 1266 2514 1331 nesciat,
2557 1264 2691 1319 Cum
2737 1263 2949 1318 venerit
2990 1262 3132 1317 illius
3176 1262 3412 1317 hominis
3450 1259 3502 1316 in
3535 1260 3706 1333 gloria

2119 1357 2301 1412 Patris
2330 1358 2456 1413 sui?
2495 1378 2514 1410 ›
2549 1357 2678 1412 Item
2704 1357 2857 1427 ipse:
2903 1375 2921 1408 ι
2952 1355 3085 1410 Nam
3119 1370 3242 1411 eum
3270 1353 3429 1410 Jesus
3453 1354 3705 1410 Christus

2119 1464 2225 1502 non
2257 1447 2417 1503 Verbi
2447 1448 2538 1504 sed
2568 1449 2748 1503 carnis
2787 1446 3064 1518 proprium
3110 1446 3181 1502 sit
3216 1461 3445 1511 nomen,
3479 1453 3535 1500 et
3562 1446 3704 1500 Deus

426 1542 640 1599 mitatis
664 1541 928 1612 particeps
966 1538 1146 1594 factus
1171 1543 1253 1594 est
1279 1556 1293 1605 ;
1331 1546 1390 1592 ut
1427 1553 1528 1593 nos
1557 1539 1611 1593 in
1640 1539 1836 1594 melius
1862 1553 2015 1594 com-
2116 1539 2394 1609 proprium
2428 1539 2590 1594 Verbi
2618 1553 2726 1593 non
2755 1538 2936 1594 carnis
2963 1543 3174 1592 constet
3202 1550 3322 1591 esse
3350 1535 3701 1599 vocabulum;

423 1633 656 1699 mutati,
689 1627 830 1702 quod
873 1641 1192 1702 peccatores
1231 1629 1594 1700 mortal‘esque
1640 1641 1856 1695 sumus,
1899 1627 2015 1697 ejus
2115 1635 2298 1684 tamen
2327 1637 2382 1685 et
2404 1630 2640 1685 Verbum
2664 1637 2886 1700 propter
2913 1643 3131 1684 carnem
3158 1641 3328 1692 suam,
3359 1627 3520 1681 homo
3545 1625 3705 1682 Jesus

419 1711 851 1780 immortalitatis
887 1733 943 1778 et
965 1721 1191 1793 justitim
1217 1722 1630 1792 participatione
1657 1722 1970 1776 amittamus
1995 1739 2009 1787 ;

2115 1719 2364 1775 Christus
2388 1736 2403 1786 ;
2445 1727 2500 1775 et
2527 1734 2655 1774 caro
2681 1725 2905 1790 propter
2924 1719 3158 1774 Verbum
3186 1717 3377 1782 Deum,
3405 1718 3550 1772 Deus
3574 1717 3705 1773 Ver-

414 1826 472 1872 et
501 1817 642 1886 quod
671 1817 725 1871 in
748 1824 942 1870 natura
965 1785 1154 1871 nostra
1175 1785 1374 1872 bonum
1398 1785 1547 1880 fecit,
1573 1813 1774 1883 impleti
1798 1785 2012 1870 summo
2039 1785 2089 1847 Β
2115 1811 2242 1867 bum
2267 1819 2370 1867 est.
2410 1831 2428 1864 ι
2459 1811 2596 1866 Item
2629 1785 2800 1882 ipse
2827 1829 2846 1860 ‹
2897 1810 3177 1864 Diversum
3214 1817 3298 1864 est
3340 1807 3554 1862 initium
3593 1821 3703 1862 non

416 1909 562 1963 bono
595 1908 648 1962 in
675 1909 793 1979 ejus
831 1916 1046 1962 natura:
1078 1908 1316 1963 bonitate
1352 1923 1650 1963 servemus.
1684 1907 1840 1962 Sicut
1866 1909 2012 1964 enim
2116 1903 2342 1970 habere,
2371 1911 2426 1958 et
2467 1919 2534 1959 ex
2579 1903 2735 1958 initio
2777 1903 3111 1969 subsistere;
3154 1903 3313 1967 mori,
3342 1909 3398 1957 et
3422 1901 3563 1956 mori
3591 1915 3704 1956 non

415 2016 517 2072 per
559 2017 724 2055 unum
774 1999 1054 2055 hominem
1095 2005 1404 2070 peccantem
1450 2001 1505 2054 in
1557 2002 1662 2056 hoc
1707 2009 1816 2054 tam
1850 2009 2013 2072 grave

413 2094 616 2149 malum
641 2089 982 2158 devenimus,
1014 2093 1086 2147 ita
1121 2109 1218 2164 per
1237 2110 1401 2148 unum
1432 2091 1706 2147 hominem
1736 2093 2012 2148 eumdem-

412 2200 523 2255 que
551 2181 720 2239 Deum
741 2179 1138 2252 justiIicanlem
1170 2183 1235 2237 ad
1263 2182 1394 2237 illud
1422 2182 1624 2237 bonum
1669 2189 1781 2238 tam
1814 2181 2011 2240 subtile

409 2275 719 2333 Venimus.»
741 2277 877 2332 Item
902 2275 1094 2331 beatus
1117 2275 1478 2346 Hieronymus
1505 2292 1516 2328 :
1545 2293 1562 2326 ‹
1595 2275 1860 2344 Propheta
1893 2277 1968 2330 ait
1992 2295 2005 2330 :

422 2355 583 2438 Virga
621 2379 718 2422 tua
751 2378 799 2421 et
841 2366 1056 2421 baculus
1104 2375 1225 2421 tuus
1269 2366 1383 2436 ipsa
1425 2384 1505 2420 me
1545 2365 1817 2420 consolata
1864 2376 2003 2420 sunt.

414 2445 600 2524 Virga,
630 2464 812 2511 mater
830 2464 917 2511 est
941 2453 1183 2522 Domini;
1216 2471 1279 2510 ex
1321 2471 1425 2526 qua
1456 2455 1680 2511 baculus
1709 2456 1834 2520 iste,
1864 2451 2008 2511 fesso

407 2535 521 2616 jam
549 2561 646 2616 per
682 2549 898 2599 :etatei'n
944 2544 1142 2601 mundo
1167 2545 1259 2615 qui
1289 2559 1413 2599 eum
1458 2543 1814 2608 sustentaret,
1852 2545 2004 2600 exiit.

409 2631 573 2692 Ilium
617 2651 749 2706 ergo
773 2619 829 2690 in
855 2635 1096 2706 Virginis
1123 2643 1336 2690 uterum
1365 2635 1680 2705 delapsum,
1727 2639 1789 2690 ut
1835 2643 2006 2691 totam

415 2727 811 2797 "redemptionis
840 2735 1038 2783 nostrze
1063 2727 1347 2782 historiam
1384 2735 1714 2794 retexamus,
1741 2735 1901 2799 partu
1931 2727 2008 2784 ef-

415 2809 605 2874 i‘usum
638 2817 905 2875 hominem
937 2834 998 2874 se
1025 2819 1336 2874 exhibuisse
1367 2834 1466 2890 pro
1497 2820 1744 2885 homine,
1774 2829 1828 2874 et
1850 2836 2006 2876 crea-

413 2920 597 2967 turam
627 2927 778 2967 suam
814 2926 874 2966 se
913 2910 979 2965 de
1017 2911 1273 2968 Creatore
1307 2911 1530 2976 fecisse,
1580 2899 1749 2966 illum
1775 2911 2005 2967 formam

409 3002 557 3059 servi
597 3002 899 3072 accepisse,
945 3002 1253 3056 exinanisse
1298 3017 1356 3056 se
1391 3003 1676 3072 potestatis
1704 3003 2002 3069 voluntate,

407 3110 520 3150 non
547 3103 740 3150 natura
765 3095 1006 3158 deitatis,
1036 3111 1134 3165 per
1157 3109 1321 3164 quam
1352 3110 1460 3149 non
1492 3103 1706 3164 poterat
1735 3111 1844 3150 non
1883 3111 2004 3151 esse

409 3187 552 3259 quod
574 3185 772 3253 fuerat,
791 3187 940 3242 illum
966 3187 1252 3243 maledicta
1275 3203 1373 3258 pro
1393 3188 1719 3244 salutaribus
1739 3189 2004 3244 meruisse

407 3281 706 3347 miraculis,
737 3280 886 3335 illum
919 3289 1100 3350 sputa,
1133 3280 1281 3334 illum
1313 3281 1539 3350 palmas,
1571 3281 1718 3335 illum
1744 3297 2001 3337 coronam

407 3373 686 3442 spineam,
728 3371 880 3426 illum
926 3377 1205 3441 postremo
1250 3385 1466 3426 crucem
1511 3386 1610 3440 pro
1647 3373 1804 3426 nobis
1839 3371 2003 3427 fuisse

405 3478 744 3534 perpessum,
773 3461 924 3516 illum
952 3460 1165 3515 inferna
1191 3472 1528 3531 penetrasse,
1559 3461 1708 3515 illum
1731 3461 1816 3516 die
1843 3462 2002 3518 tertia

408 3553 773 3608 resurrexisse
800 3553 854 3607 in
887 3551 940 3606 id
970 3567 1164 3621 corpus
1207 3553 1351 3622 quod
1379 3551 1526 3608 cruci
1557 3551 1734 3607 fuerat
1759 3552 1998 3620 allixum,

403 3641 559 3699 illum
587 3644 864 3699 hominem
902 3643 1073 3699 Deum
1117 3651 1240 3714 post
1272 3655 1502 3699 mortem
1523 3687 1536 3710 ,
1583 3647 1777 3701 mortis
1801 3649 2001 3702 cmlum

405 3735 630 3808 'petiisse
655 3737 939 3801 victorem,
972 3736 1160 3791 sedere
1184 3735 1251 3790 ad
1273 3736 1551 3790 dexteram
1572 3735 1685 3799 Dei,
1713 3745 1999 3794 venturum

2028 3145 2078 3211 α

2113 2006 2291 2066 posse.
2344 1995 2411 2049 Et
2466 2003 2648 2051 tamen
2696 1996 2838 2050 sicut
2885 1995 2986 2064 ipsi
3036 1994 3254 2050 Christo
3291 1994 3569 2064 proprium
3617 1998 3705 2047 est

2112 2093 2439 2155 utrumque,
2470 2088 2540 2140 ita
2571 2101 2676 2141 non
2723 2087 2845 2155 ipsi,
2890 2085 2985 2140 sed
3031 2085 3086 2138 in
3129 2085 3247 2154 ipso
3283 2091 3370 2140 est
3408 2092 3703 2153 utrumque

2112 2190 2418 2230 commune.
2457 2175 2515 2231 Si
2555 2177 2701 2230 enim
2727 2177 2971 2232 dicamus
2989 2175 3116 2246 quia
3147 2176 3251 2246 ipsi
3274 2184 3360 2232 est
3379 2189 3700 2242 commune,

2111 2281 2336 2324 necesse
2363 2275 2448 2324 est
2489 2276 2550 2324 ut
2589 2269 2838 2339 exigatur
2871 2282 2902 2324 a
2946 2269 3104 2323 nobis
3141 2267 3273 2322 dare
3315 2274 3370 2323 et
3415 2267 3701 2322 ostendere

2112 2359 2300 2426 alium,
2341 2376 2464 2415 cum
2496 2376 2603 2429 quo
2644 2361 2716 2415 sit
2762 2361 2812 2415 ei
2853 2361 2958 2416 hoc
3001 2359 3176 2431 ipsum
3204 2373 3529 2414 commune:
3579 2373 3702 2427 qua:

2109 2447 2462 2520 professionis
2510 2452 2808 2508 necessitas
2858 2453 2911 2507 in
2964 2451 3198 2507 Nestorii
3244 2453 3418 2523 vergit
3475 2449 3699 2521 impium

2111 2543 2325 2614 dogma.
2356 2544 2545 2600 Melius
2575 2545 2738 2615 igitur
2761 2554 2816 2600 et
2843 2545 3107 2601 eatholiee
3133 2547 3362 2601 dicimus
3389 2546 3442 2600 in
3478 2548 3610 2617 ipso.
3645 2553 3702 2601 et

2107 2648 2218 2687 non
2267 2634 2390 2704 ipsi,
2425 2649 2550 2688 esse
2593 2649 2916 2689 commune:
2955 2645 3010 2690 et
3039 2633 3231 2690 melius
3261 2637 3382 2705 ipsi,
3424 2644 3478 2689 et
3505 2651 3610 2691 non
3644 2638 3699 2693 in

2109 2725 2226 2795 ipso
2247 2767 2262 2790 ,
2287 2724 2518 2780 dicimus
2545 2726 2820 2796 proprium
2849 2742 2990 2782 esse.
3031 2727 3173 2799 Ergo
3209 2729 3486 2799 proprium
3513 2737 3597 2784 est
3623 2730 3701 2785 illi

2108 2817 2269 2883 mori,
2299 2815 2388 2887 qui
2421 2826 2640 2887 propter
2670 2827 2920 2873 naturam
2955 2819 3136 2887 Verbi,
3165 2821 3303 2876 mori
3350 2836 3459 2876 non
3499 2831 3696 2893 potest.

2106 2907 2240 2962 Item
2279 2917 2504 2978 propter
2542 2906 2808 2963 ineffabile
2850 2911 3171 2980 mysterium
3217 2910 3376 2965 unius
3421 2925 3695 2982 personae,

2107 3008 2464 3070 utrarumque
2489 3009 2809 3055 naturarum
2840 3002 3143 3056 communis
3181 3001 3236 3056 in
3271 3001 3389 3073 ipso
3425 3002 3526 3058 fuit
3554 3020 3697 3059 mor-

2109 3093 2293 3148 talitas
2323 3095 2504 3148 carnis
2527 3093 2690 3149 Verbi
2720 3102 2949 3158 naturae,
2974 3111 3093 3165 qua:
3119 3095 3255 3149 mori
3278 3111 3382 3150 non
3414 3097 3612 3167 potuit,
3644 3106 3699 3153 et

2110 3185 2413 3239 communis
2459 3184 2513 3238 in
2561 3185 2678 3254 ipso
2730 3193 2814 3240 est
2863 3185 3243 3240 immortalitas
3286 3187 3450 3242 Verbi
3487 3198 3699 3244 natura:

2108 3276 2312 3340 carnis,
2343 3291 2462 3346 qua:
2491 3277 2650 3330 morti
2687 3275 2990 3331 succubuit.
3024 3276 3164 3348 Ergo
3191 3277 3332 3330 sicut
3359 3277 3433 3331 illi
3478 3279 3616 3333 mori
3642 3287 3699 3334 et

2106 3385 2216 3423 non
2242 3369 2380 3424 mori
2402 3385 2468 3424 ex
2501 3370 2748 3439 utrisque
2771 3370 2980 3425 naturis
3001 3380 3083 3425 est
3107 3371 3415 3440 proprium;
3447 3371 3522 3424 ita
3550 3386 3698 3426 com-

2106 3475 2272 3515 mune
2297 3469 2380 3516 est
2409 3461 2461 3515 in
2489 3461 2606 3531 ipso
2633 3463 2880 3532 utrisque
2920 3463 3159 3526 naturis,
3199 3462 3342 3532 quod
3372 3461 3588 3516 illarum
3613 3471 3699 3516 est

2104 3554 2407 3623 proprium.
2449 3571 2468 3604 ι

2181 3644 2391 3698 XXVII.
2432 3643 2667 3700 Sanctus
2690 3645 2927 3700 Hilarius
2955 3645 3238 3701 confessor
3263 3663 3276 3699 :
3309 3664 3328 3696 α
3349 3645 3518 3700 Natus
3541 3660 3692 3717 ergo,

2105 3735 2302 3806 inquit,
2334 3737 2646 3808 unigenitus
2675 3737 2818 3792 Deus
2845 3753 2912 3793 ex
2943 3738 3164 3810 Virgine
3203 3740 3364 3793 homo
3402 3740 3695 3793 secundum

411 3839 508 3881 suo
534 3834 783 3898 tempore
812 3825 879 3881 ad
899 3825 1162 3896 judicium
1195 3826 1525 3892 faciendum,
1556 3827 1706 3882 illum
1738 3828 2000 3898 Spiritum
2101 3826 2497 3895 plenitudinem
2521 3835 2846 3896 temporum,
2881 3828 2933 3881 in
2959 3829 3311 3897 semetipsum
3337 3836 3696 3898 provectums

409 3913 503 3971 Dei
549 3932 647 3986 per
678 3925 994 3972 sanctorum
1023 3927 1244 3972 suorum
1291 3916 1533 3988 quotidie
1569 3933 1668 3971 ora
1711 3917 1996 3972 celebrari.

411 4005 536 4063 Haec
565 4009 859 4078 cogitasse,
905 4009 1110 4064 vixisse
1157 4016 1274 4074 est;
1321 4008 1441 4063 htec
1469 4007 1774 4071 meditatio,
1814 4015 2001 4077 partus

405 4107 490 4154 est
531 4100 768 4166 animm;
811 4102 866 4155 in
911 4097 1030 4156 haec
1060 4100 1231 4156 relabi
1260 4099 1346 4153 vel
1373 4113 1688 4163 recurrere,
1735 4108 1857 4153 cum
1887 4094 1996 4156 Do-

406 4190 557 4244 mino
571 4188 727 4262 iungi
753 4198 856 4257 est,
899 4200 954 4247 et
979 4207 1099 4248 cum
1129 4191 1274 4262 ipso,
1302 4201 1403 4262 per
1432 4190 1550 4246 haec
1576 4183 1848 4247 humiliari
1875 4199 1963 4248 est
1981 4234 1994 4254 .

410 4294 532 4334 eum
557 4281 675 4351 ipso
702 4279 816 4353 pati
845 4287 966 4348 est,
1006 4297 1129 4338 cum
1151 4283 1270 4354 ipso
1303 4283 1444 4338 mori
1471 4289 1587 4349 est,
1615 4293 1738 4339 eum
1765 4283 1884 4355 ipso
1915 4290 2001 4339 est

403 4371 573 4427 etiam
596 4373 874 4430 suscitari.
916 4391 934 4426 ι

479 4461 669 4521 XXVI.
701 4478 725 4506 ι
748 4463 950 4521 Beatus
974 4481 1188 4537 quoque
1207 4463 1440 4538 Vigilius
1465 4483 1478 4520 :
1515 4479 1535 4517 ι
1566 4465 1677 4522 Nos
1700 4478 1889 4534 unum,
1911 4467 1997 4523 in-

405 4555 836 4626 ‘quit,Christum
862 4557 1219 4628 eumdemque
1232 4559 1326 4614 Dei
1353 4555 1573 4625 Filium,
1589 4568 1644 4615 et
1664 4561 1900 4616 hominis
1925 4561 1995 4616 ti-

2105 3915 2160 3968 in
2189 3915 2357 3968 Deum
2397 3916 2670 3968 hominem
2693 3955 2707 3979 ,
2747 3917 2894 3969 hunc
2920 3925 3019 3985 per
3044 3917 3227 3970 omnia
3250 3918 3547 3989 evangelici
3573 3932 3692 3973 ser-

2103 4004 2282 4058 monis
2310 4004 2530 4058 modum
2574 4005 2748 4058 tenuit
2773 4045 2788 4071 ,
2838 4013 2900 4059 ut
2926 4019 2986 4060 se
3012 4003 3106 4060 Dei
3136 4007 3331 4062 Filium
3361 4009 3508 4064 credi
3539 4009 3696 4065 doce-

2103 4101 2206 4158 ret,
2234 4097 2291 4148 et
2313 4093 2550 4148 hominis
2591 4093 2759 4150 illium
2785 4096 3072 4166 praedicari
3103 4098 3448 4165 admoneret;
3483 4099 3692 4156 locutus

2101 4193 2158 4241 et
2177 4199 2372 4256 gerens
2393 4185 2557 4242 homo
2582 4186 2837 4243 universa
2862 4202 2984 4258 qua:
3010 4189 3104 4245 Dei
3128 4199 3254 4245 sunt
3276 4191 3520 4266 loquens,
3537 4193 3691 4248 dein-

2100 4275 2170 4332 de
2205 4284 2263 4330 et
2290 4289 2488 4348 gerens
2516 4275 2660 4331 Deus
2698 4279 2955 4332 universa
2989 4294 3111 4350 qua:
3149 4280 3384 4338 hominis
3418 4292 3580 4337 sunt:
3617 4283 3692 4338 ita

2101 4374 2286 4424 tamen
2331 4376 2392 4422 ut
2435 4368 2553 4437 ipso
2579 4367 2674 4423 illo
2697 4367 2983 4438 utriusque
3021 4385 3219 4440 genere
3253 4373 3520 4435 sermonis
3547 4389 3690 4427 nun-

2100 4475 2266 4531 quam
2295 4460 2400 4515 nisi
2430 4473 2557 4515 cum
2599 4460 2999 4530 signiﬁcatione
3036 4471 3095 4517 et
3133 4463 3368 4519 hominis
3397 4465 3609 4520 locutus
3636 4473 3693 4521 et

2103 4553 2198 4606 Dei
2225 4551 2317 4606 sit.
2349 4570 2368 4604 ι
2412 4551 2551 4605 Ecce
2593 4560 2781 4621 aperte
2827 4551 3018 4606 beatus
3074 4550 3308 4606 Hilarius
3345 4552 3478 4609 dicit
3506 4551 3692 4608 Domi-

407 4647 566 4715 Iium,
598 4663 705 4704 non
733 4650 868 4705 duos
893 4649 1234 4721 proﬁtemur,
1259 4661 1315 4706 et
1335 4651 1412 4705 ita
1441 4652 1675 4707 Verbum
1703 4653 1845 4708 intra
1874 4653 1998 4708 Vir-
2099 4662 2230 4701 num
2258 4652 2505 4700 nostrum
2537 4641 2728 4698 Iesum
2751 4641 3030 4698 Christum
3059 4642 3348 4698 docentem
3375 4644 3432 4698 in
3462 4660 3691 4716 synago-

413 4739 554 4807 ginis
576 4741 718 4795 uteri
751 4751 961 4796 secreta
991 4743 1172 4796 carnis
1215 4741 1321 4796 sibi
1372 4740 1525 4795 initia
1571 4743 1878 4798 consevisse
1897 4783 1910 4808 ,
1942 4741 1996 4798 id
2095 4737 2182 4809 ‘gis
2210 4743 2268 4791 et
2297 4734 2497 4804 ubique
2544 4733 2688 4788 hunc
2717 4732 2939 4787 modum
2969 4734 3236 4788 sermonis
3267 4749 3365 4805 per
3401 4736 3581 4790 omnia
3613 4745 3690 4792 te-

412 4825 513 4896 est,
537 4833 664 4887 vere
692 4831 1032 4888 incarnatum
1063 4833 1264 4900 fuisse,
1299 4841 1360 4887 ut
1387 4841 1568 4890 tamen
1610 4836 1776 4891 Verbi
1803 4845 1997 4893 namra

410 4937 515 4975 non
539 4930 839 4976 mutaretur
864 4922 918 4976 in
945 4933 1164 4978 carnem
1192 4940 1206 4989 ;
1247 4924 1488 4993 itemque
1526 4925 1706 4981 carnis
1743 4936 1994 4981 naturam

407 5010 483 5064 ita
505 5027 603 5081 per
627 5013 974 5083 suscipientis
998 5012 1432 5068 eommistionem
1457 5012 1512 5068 in
1549 5013 1706 5070 Verbi
1735 5018 1996 5071 transisse

411 5115 717 5173 personam,
749 5110 809 5158 ut
835 5117 943 5159 non
967 5111 1151 5160 tamen
1176 5102 1342 5159 fuerit
1368 5103 1424 5158 in
1448 5103 1626 5160 Verbo
1649 5115 1992 5177 consumpta.

412 5190 588 5247 Manet
612 5194 757 5249 enim
784 5204 1035 5266 utraque,
1067 5196 1120 5250 id
1148 5203 1251 5260 est,
1276 5193 1437 5250 Verbi
1462 5196 1748 5265 carnisque
1767 5205 1992 5268 natura;

411 5292 467 5340 et
485 5300 552 5342 ex
573 5285 661 5344 his
683 5285 896 5343 duabus
914 5286 1182 5358 hodieque
1208 5285 1552 5343 manentibus
1570 5301 1710 5344 unus
1730 5298 1814 5346 est
1835 5290 1992 5347 Chri-

2099 4829 2306 4892 nuisse,
2337 4835 2475 4882 utse
2495 4827 2588 4882 Dei
2615 4825 2812 4882 Filium
2844 4826 2993 4882 credi
3017 4827 3268 4892 doceret,
3305 4836 3362 4883 et
3392 4829 3576 4898 utique
3599 4844 3689 4883 ve-

2098 4929 2220 4975 rum
2246 4939 2258 4974 :
2288 4921 2432 4990 quod
2458 4921 2505 4974 si
2531 4931 2751 4984 verum,
2784 4927 2840 4976 et
2866 4920 3144 4990 proprium
3177 4938 3189 4974 :
3216 4919 3451 4989 alioquin
3470 4961 3484 4983 ,
3518 4933 3686 4990 quare

2099 5030 2166 5069 ex
2198 5013 2288 5068 illo
2315 5021 2557 5083 tempore
2585 5029 2692 5067 non
2727 5022 2855 5069 sunt
2890 5015 3097 5068 inventi
3137 5021 3371 5084 quatuor
3396 5013 3541 5068 modi
3571 5015 3688 5086 qui-

2100 5110 2202 5164 bus
2249 5106 2582 5172 crederetur,
2633 5105 2842 5162 duobus
2878 5107 3130 5162 videlicet
3154 5104 3335 5170 Patri,
3383 5112 3438 5159 et
3475 5106 3686 5164 duobus

2100 5199 2300 5254 matri?
2324 5193 2524 5252 Beatus
2558 5205 2741 5251 autem
2771 5197 2800 5238 b
2830 5196 3090 5253 Proculus
3128 5193 3685 5269 Constantinopolita-

2100 5305 2205 5347 nus
2233 5289 2520 5361 episcopus
2548 5327 2563 5354 ,
2611 5301 2736 5342 cum
2777 5293 3074 5357 exponeret
3117 5285 3284 5342 verba
3321 5286 3561 5360 Apostoli
3588 5287 3680 5345 ubi

1755 5404 2032 5465 BALUZII
2069 5404 2304 5465 NOTIE.

483 5527 509 5557 ι
549 5516 744 5592 Beatus
774 5514 1018 5592 Vigilius.
1055 5514 1384 5592 Thapsensis
1408 5518 1464 5574 in
1485 5516 1670 5592 Africa
1689 5520 1991 5592 episcopus.

410 5587 694 5643 Assentior
722 5583 870 5644 enim
899 5588 1091 5644 lubens
1110 5583 1476 5644 eruditissimo
1499 5590 1617 5644 viro
1640 5583 1802 5647 Petro
1831 5583 1998 5646 Fran-

409 5659 560 5732 eiseo
582 5657 1538 5732 Chililetiogpresbygtero‘eﬁoeietate
1577 5659 1741 5732 Iesu,
1759 5663 1852 5732 qui
1882 5663 1997 5718 edi-

413 5728 486 5782 tis
514 5743 688 5798 nuper
716 5745 780 5785 ac
808 5727 1098 5784 vindicatis
1142 5727 1317 5799 Vigilii
1353 5728 1578 5798 hujusce
1605 5727 1994 5788 lucubrationi-

409 5796 542 5864 bus,
576 5799 816 5856 ostendit
859 5815 986 5856 eum
1027 5798 1548 5869 fuisse-episcopum
1593 5801 1994 5869 Thapsensem,

526 5838 542 5864 ,
576 5817 816 5856 oswnutt
859 5817 986 5856 eum
1027 5817 1548 5869 ruisse-episcopum
1594 5817 1995 5870 't'napsensem,

2236 5521 2430 5577 civitas
2455 5527 2576 5593 erat
2596 5516 2795 5593 Africa}
2816 5515 2878 5593 i_n_
2909 5516 3189 5593 provincia
3218 5516 3521 5593 Byzaeena.
3551 5521 3685 5579 Vide

2145 5593 2451 5673 irmondum
2479 5591 2531 5645 in
2549 5589 2700 5673 notis
2720 5587 2796 5671 ad.
2816 5586 3170 5672 Theodulfum
3196 5586 3322 5673 pag.
3335 5591 3460 5673 277:

2171 5663 2198 5702 δ
2239 5661 2512 5731 Proculus
2545 5658 2655 5713 CP.
2712 5659 3019 5731 episcopus,
3051 5660 3104 5714 in
3125 5658 3356 5731 epistola
3385 5661 3453 5716 ad
3489 5659 3682 5717 Arme-

2100 5733 2243 5795 nios,
2267 5745 2333 5785 ex
2371 5746 2475 5798 qua
2500 5729 2883 5801 huncquoque
2901 5729 3085 5801 locum
3124 5729 3306 5784 laudat
3340 5731 3598 5801 Alcuinus
3619 5731 3675 5786 in

2099 5801 2192 5856 lib.
2220 5817 2272 5855 IV
2303 5801 2561 5855 adversus
2579 5798 2832 5858 Felicem.
2869 5820 2888 5853 ι
2930 5799 3008 5856 De
3029 5816 3133 5870 qua
3163 5801 3454 5866 sententia,
3473 5800 3672 5870 inquit,
