4048 6178
321 230 392 293 55

1309 236 1366 288 S.
1407 231 1756 288 AGOBABDI
1774 308 1776 310 _
1793 226 2100 285 EPISCOPI
2138 226 2627 286 LUGDUNENSIS

3485 234 3600 318 ’.ιθ

323 351 560 424 loquitur
603 353 670 408 de
706 352 907 408 Judmis
936 351 1114 423 (Rom.
1152 367 1229 416 ix,
1258 351 1312 422 5)
1353 351 1580 406 dicens:
1620 369 1638 402 ι
1669 349 1907 416 Quorum
1933 350 1988 410 Α
2011 348 2183 404 sibilis
2225 347 2483 419 Splendor
2513 347 2712 412 Patris,
2764 347 2946 405 lumen
2993 365 3058 405 ex
3099 349 3325 419 lumine,
3371 355 3607 411 consub-

323 441 536 509 Patres,
567 460 633 497 ea:
657 445 843 516 quibus
867 443 1105 497 Christus
1134 443 1419 497 secundum
1446 459 1657 498 carnem
1675 485 1689 510 ,
1714 445 1803 515 qui
1837 452 1910 498 est

321 549 482 604 super
509 535 688 588 omnia
732 533 874 588 Deus
911 532 1210 588 benedictus
1256 534 1311 586 in
1348 533 1575 599 saecula,
1621 535 1740 589 ait:
1787 534 1914 591 Haec

324 624 479 680 l‘auli
502 625 705 691 verba,
755 641 919 695 quam
963 626 1366 697 subreptionem
1407 627 1693 683 calumnia:
1725 644 1913 684 eorum

325 717 418 794 qui
447 731 614 786 prava
638 716 871 788 diligunt
895 717 1099 772 habere
1127 718 1378 783 mittunt!
1411 719 1558 773 Dixit
1577 719 1724 774 enim
1753 718 1914 774 Chri-

327 817 510 876 stum,
570 818 630 864 ut
675 811 931 866 ostendat
970 813 1226 882 quoniam
1283 813 1579 867 secundum
1628 814 1915 868 veritatem

326 899 472 956 Deus
498 900 675 956 factus
704 909 790 957 est
824 903 1005 957 homo.
1067 902 1209 957 Dicit
1244 919 1368 957 eum
1408 919 1472 957 ex
1494 903 1692 958 Judzcis
1722 919 1918 958 secun-

329 989 456 1044 dum
487 1006 706 1048 carnem
755 1000 816 1047 ut
863 993 1106 1049 insinuet
1142 995 1268 1064 quia
1313 1010 1419 1048 non
1459 1011 1527 1048 ex
1558 995 1650 1047 illo
1675 1001 1918 1063 tempore

326 1098 437 1156 quo
480 1093 565 1140 est
606 1086 921 1142 incarnatus
966 1088 1216 1140 exsistat.
1266 1085 1414 1140 Dixit
1446 1102 1568 1141 eum
1604 1086 1696 1156 qui
1729 1095 1832 1152 est,
1858 1095 1920 1142 ut

335 1188 457 1232 Cum
490 1175 607 1230 sine
638 1176 793 1228 initio
815 1175 1072 1230 declaret.
1115 1174 1264 1229 Dixit
1291 1190 1415 1230 eum
1439 1192 1604 1247 super
1632 1177 1837 1242 omnia,
1861 1185 1922 1232 ut

331 1267 499 1321 totius
565 1275 832 1322 creatura:
887 1268 1176 1323 Dominum
1231 1269 1507 1340 praedicet.
1598 1270 1745 1325 Dixit
1794 1287 1920 1326 eum

332 1356 527 1423 Deum,
557 1374 624 1412 ne
652 1359 998 1428 passionibus
1029 1361 1322 1432 habituque
1361 1363 1593 1418 traducti
1629 1364 1922 1420 intemera-

333 1461 444 1505 tam
473 1451 587 1520 ejus
618 1453 914 1508 audeamus
941 1469 1140 1525 negare
1167 1456 1550 1512 substantiam.
1589 1457 1736 1513 Dixit
1757 1460 1923 1515 bene-

333 1545 538 1601 dictum
563 1589 576 1612 ,
609 1553 669 1600 ut
707 1547 996 1602 adoremus
1033 1563 1157 1602 eum
1187 1556 1444 1618 tanquam
1491 1551 1922 1622 omnipotentem

333 1637 671 1708 suppliciter,
703 1652 805 1693 nec
823 1647 883 1693 ut
909 1653 1234 1694 conservum
1264 1641 1554 1697 calumniis
1578 1652 1916 1714 appetamus.

2015 440 2285 498 stantialis
2323 440 2504 507 Patri,
2545 440 2843 496 consimilis
2869 441 2956 506 ei,
3005 443 3226 512 aequalis
3265 461 3363 515 per
3391 448 3600 513 omnia,

2016 536 2302 592 invisibilis
2348 544 2410 590 ut
2452 534 2643 600 Pater,
2694 534 3021 598 immenSus,
3074 537 3603 609 incircumscriptus,

2015 633 2379 702 omnipotens,
2409 647 2602 687 creans
2623 630 2806 686 omnia
2824 647 2948 686 cum
2974 631 3136 708 Patre
3157 642 3213 689 et
3242 633 3452 704 Spiritu
3483 650 3609 690 san-

2017 732 2128 789 cto,
2158 723 2352 790 factor,
2380 722 2663 779 vivificans
2691 739 2827 794 quos
2849 721 2995 788 vult,
3029 722 3172 777 sicut
3205 730 3261 778 et
3291 724 3472 790 Pater,
3506 726 3607 780 eli-

2017 829 2152 886 gens
2171 829 2295 868 cum
2323 816 2484 870 Patre
2521 830 2659 884 quos
2695 814 2837 880 vult,
2877 813 3273 884 praadestinans
3299 831 3421 870 cum
3449 816 3610 873 Patre

2020 920 2157 975 quos
2177 905 2415 975 praescit,
2444 905 2812 970 sanctificans,
2836 904 3119 971 deificans,
3142 905 3453 977 glorificans
3473 924 3610 977 quos

2019 996 2156 1062 vult,
2183 1004 2242 1052 et
2265 996 2474 1066 reliqua
2496 997 2584 1051 his
2609 997 2806 1052 similia
2832 997 3088 1068 plurima.
3124 998 3452 1054 Accedentia
3481 1016 3611 1058 vero

2021 1085 2097 1141 illi
2127 1093 2255 1142 sunt
2274 1127 2288 1152 ,
2336 1087 2533 1151 homo,
2565 1085 2779 1151 infans,
2809 1101 2966 1155 puer,
3000 1086 3348 1153 adolescens,
3371 1087 3609 1156 juvenis,

2022 1179 2276 1234 minister
2315 1178 2472 1250 legis,
2511 1193 2702 1233 servus
2741 1177 2944 1242 Patris,
2987 1177 3166 1233 minor
3203 1178 3387 1245 Patre,
3431 1178 3612 1248 subje-

2022 1279 2142 1327 ctus
2162 1312 2177 1338 ,
2224 1270 2397 1326 frater
2436 1269 2735 1326 electorum
2754 1310 2769 1334 ,
2797 1269 3070 1339 particeps
3094 1284 3312 1335 eorum,
3343 1273 3605 1340 cobaeres,

2019 1364 2357 1435 propinquus
2378 1361 2617 1428 illorum,
2643 1360 3275 1427 conformis,consimilis
3287 1378 3384 1432 per
3407 1367 3609 1432 omnia,

2023 1462 2252 1526 excepto
2299 1463 2526 1525 peccato
2553 1495 2568 1519 ,
2618 1453 2886 1509 mediator
2930 1454 3026 1508 Dei
3080 1463 3134 1508 et
3159 1455 3459 1519 hominum,
3487 1472 3614 1527 pro—

2021 1548 2182 1616 pheta
2203 1585 2217 1612 ,
2267 1545 2633 1617 evangelista,
2665 1544 2971 1615 apostolus,
3011 1547 3265 1601 sacerdos
3289 1587 3304 1612 ,
3345 1548 3612 1617 pontifex.

2024 1636 2151 1692 Hac
2176 1638 2377 1702 omnia,
2414 1646 2470 1693 et
2495 1636 2584 1692 bis
2605 1636 2802 1691 similia
2833 1637 3143 1691 accedentia
3167 1644 3295 1692 sunt
3317 1637 3392 1692 illi
3421 1653 3616 1694 secun-

334 1727 485 1783 Dix’it
511 1744 634 1783 eum
663 1729 717 1783 in
743 1730 970 1796 saecula,
1001 1740 1061 1785 ut
1087 1731 1421 1788 demonstret
1449 1735 1594 1805 quod
1624 1736 1671 1790 is
1699 1737 1791 1804 qui
1821 1752 1920 1792 nos
1950 1718 1997 1778 Β
2025 1729 2154 1784 dum
2185 1728 2651 1798 dispensationem
2675 1727 2856 1783 carnis
2877 1767 2894 1793 ,
2923 1743 3032 1782 non
3062 1729 3280 1799 propria
3316 1729 3616 1786 secundum

334 1822 503 1876 verbo
533 1823 758 1886 creavit,
792 1838 890 1892 pro
920 1839 1018 1878 sua
1044 1823 1327 1879 divinitate
1347 1823 1461 1896 jugi
1499 1841 1529 1879 a
1560 1826 1716 1882 nobis
1751 1827 1923 1882 hono-

335 1927 397 1966 re
424 1911 746 1968 celebretur.
766 1912 1038 1968 Habentes
1070 1915 1254 1984 itaque
1277 1915 1554 1971 Christum
1574 1925 1630 1971 et
1649 1918 1922 1972 exsisten-

340 2011 470 2066 tem,
495 2011 549 2057 et
579 1991 746 2058 Deum
764 2046 778 2069 ,
811 2012 866 2059 et
891 2004 1237 2060 benedictum
1267 2007 1322 2060 in
1349 2006 1544 2062 stecula
1562 2049 1575 2072 ,
1599 2023 1926 2063 veneremur

329 2110 464 2158 [eum
496 2096 665 2151 Deum
699 2105 756 2151 et
793 2097 1109 2162 Dominum,
1159 2097 1405 2152 dicentes
1443 2099 1803 2154 assertoribus
1832 2116 1928 2155 ex-

336 2195 581 2243 terorum
631 2188 943 2258 dogmatum
968 2229 981 2253 ,
1035 2187 1091 2243 Si
1135 2187 1257 2259 quis
1297 2189 1548 2258 spiritum
1583 2187 1786 2245 Christi
1818 2205 1926 2245 non

335 2280 522 2360 habet,
552 2281 640 2335 hic
666 2296 773 2334 non
804 2289 888 2336 est
909 2281 1042 2352 ejus.
1075 2301 1091 2333 ι

411 2371 648 2426 XXVIII.
706 2372 906 2427 lterum
954 2373 1252 2444 interrogat
1292 2372 1443 2428 Felix
1478 2373 1703 2428 dicens:
1742 2392 1759 2424 ι
1789 2373 1929 2441 Quid

340 2461 522 2518 differt
557 2465 700 2518 inter
740 2465 961 2534 propria
1003 2465 1381 2536 naturaliaque
1418 2467 1637 2521 nomina
1675 2467 1927 2522 divinita-

341 2554 412 2608 tis
442 2554 496 2608 in
525 2570 630 2608 uno
670 2553 807 2608 Filio
846 2555 981 2619 Dei,
1027 2564 1190 2626 atque
1218 2558 1532 2612 accedentia
1577 2558 1930 2612 humanitatis

339 2640 501 2711 ejus?
546 2662 564 2692 ι
609 2641 1035 2715 Respondetque
1093 2643 1458 2717 subjungcns:
1500 2664 1518 2697 ‹
1565 2645 1679 2701 Ηοε
1728 2644 1928 2712 differt,

340 2737 486 2808 quod
517 2737 574 2791 in
618 2737 906 2793 divinitate
944 2738 1088 2794 sicut
1118 2755 1278 2795 verus
1315 2748 1402 2795 est
1425 2741 1594 2795 Filius
1628 2741 1749 2806 Dei,
1777 2742 1850 2796 ita
1879 2749 1933 2797 et

342 2845 508 2885 verus
534 2829 698 2885 Deus.
739 2829 799 2885 ln
827 2831 1167 2888 humanitate
1191 2847 1323 2887 vero
1355 2833 1496 2887 sicut
1526 2848 1690 2888 verus
1727 2843 1813 2889 est
1839 2835 1934 2890 ho-

343 2934 454 2985 mo,
487 2919 560 2974 ita
588 2934 749 2974 verus
767 2927 854 2974 est
874 2919 1044 2976 Filius
1068 2922 1325 2976 hominis.
1354 2943 1371 2972 ι
1417 2921 1641 2978 Videtur
1664 2925 1798 2978 mihi
1825 2925 1933 2979 Fam

344 3011 418 3065 lix
447 3026 565 3066 rem
592 3011 647 3064 in
676 3012 779 3066 hoc
807 3011 926 3066 loco
962 3011 1158 3068 fecisse
1187 3013 1555 3069 ridiculosam.
1601 3013 1930 3072 Difl‘erentiis

345 3117 581 3171 namque
619 3104 900 3158 nominum
942 3097 1302 3176 interrogavit
1325 3107 1628 3163 divinitatis
1662 3117 1718 3164 et
1741 3109 1933 3164 huma—
1959 3074 2003 3136 Ο

346 3195 566 3260 uitatis,
612 3202 667 3250 ct
701 3197 985 3265 respondit
1011 3199 1114 3253 hoc
1140 3199 1363 3255 differre
1400 3201 1544 3270 quod
1571 3202 1626 3256 in
1653 3203 1934 3258 divinitate

343 3301 509 3342 verus
533 3288 606 3342 sit
630 3288 771 3343 Deus
796 3329 809 3350 ,
859 3298 915 3343 et
950 3291 1004 3344 in
1031 3291 1368 3348 humanitate
1397 3310 1557 3350 verus
1591 3295 1772 3350 homo.
1819 3294 1933 3350 Hoc

347 3393 455 3432 non
485 3386 568 3434 est
592 3378 896 3436 differentia
937 3383 1214 3438 nominum
1243 3425 1257 3449 ,
1307 3385 1401 3439 sed
1439 3388 1622 3456 potius
1661 3387 1934 3458 separatio

347 3472 797 3528 substantiarum.
839 3473 976 3529 Nam
1006 3477 1088 3542 si,
1136 3484 1197 3531 ut
1240 3479 1346 3543 ait,
1398 3479 1699 3536 divinitatis
1736 3496 1934 3537 nomen

347 3572 435 3619 est
456 3564 622 3630 Deus,
647 3574 702 3620 et
726 3568 1082 3624 humanitatis
1111 3570 1293 3635 homo,
1324 3571 1508 3626 debuit
1533 3574 1723 3644 utique
1753 3575 1935 3632 dicere

347 3655 480 3724 quid
506 3653 720 3710 differat
743 3657 888 3712 inter
913 3667 1204 3730 utrumque
1232 3676 1431 3717 nomen
1448 3703 1462 3728 ,
1495 3663 1548 3718 id
1574 3672 1688 3729 est,
1715 3665 1858 3720 Deus
1881 3674 1936 3721 et

349 3750 542 3815 homo;
574 3758 628 3804 et
651 3758 713 3805 ut
732 3751 788 3806 in
819 3753 1174 3823 sequentibus
1195 3754 1292 3819 ait,
1323 3755 1379 3808 in
1407 3756 1679 3812 divinitate
1705 3759 1938 3828 unigeni-

349 3850 455 3906 tus,
481 3843 536 3896 in
558 3842 886 3897 humanitate
917 3844 1308 3915 primogenitus,
1359 3846 1544 3902 debuit
1581 3855 1730 3904 certe
1755 3849 1936 3906 dicere

346 3932 477 4002 quid
509 3932 721 3988 differat
745 3936 888 3989 inter
911 3935 1246 4007 unigenitum
1275 3945 1330 3992 et
1352 3939 1789 4012 primogenitum.
1824 3941 1936 3998 Sed

347 4039 614 4093 ponamus
667 4026 836 4096 ipsius
878 4027 1073 4084 Felicis
1115 4031 1283 4086 verba
1321 4048 1443 4103 qua:
1480 4038 1845 4106 prosequitur,
1877 4047 1937 4092 ut

349 4133 417 4173 cx
445 4118 578 4189 ipsis
600 4118 772 4176 lector
798 4131 1093 4192 cognoscat
1129 4127 1400 4194 quomodo
1433 4130 1736 4197 separando
1763 4130 1939 4184 nomi-

349 4225 444 4276 na,
471 4211 664 4266 dividit
690 4213 1026 4269 substantias
1051 4233 1063 4268 :
1096 4233 1116 4266 ι
1143 4215 1202 4270 In
1230 4217 1344 4282 illa,
1384 4219 1580 4289 inquit,
1607 4219 1748 4276 Deus
1776 4237 1939 4292 super

350 4302 565 4370 omnia,
599 4303 653 4357 in
691 4304 795 4360 ista
831 4320 962 4361 vero
999 4307 1163 4363 homo
1197 4294 1341 4365 intra
1381 4314 1593 4380 omnia;
1622 4321 1679 4370 et
1701 4321 1760 4368 ut
1789 4313 1940 4369 brevi

312 4440 314 4442 .
350 4396 672 4466 compendio
698 4397 934 4468 plurima
963 4400 1284 4456 concludam
1304 4443 1319 4468 ,
1351 4405 1406 4458 in
1432 4403 1541 4471 illa,
1572 4405 1625 4461 id
1661 4413 1743 4461 est
1772 4406 1826 4461 in
1853 4421 1942 4462 es-

350 4487 524 4542 sentia
569 4488 901 4558 divinitatis,
943 4492 1114 4557 Deus,
1149 4493 1444 4562 Dominus,
1471 4496 1648 4553 Patris
1675 4499 1935 4566 Verbum,

349 4576 532 4637 Patris
559 4583 788 4650 veritas,
819 4586 1110 4656 sapientia,
1153 4586 1345 4654 virtus,
1378 4589 1556 4661 imago
1582 4589 1783 4656 Patris,
1810 4591 1944 4646 invi-

2022 1827 2350 1892 potestalem
2382 1818 2620 1874 deitatis.
2653 1837 2671 1870 ι

2026 1943 2037 1967 ε
2096 1909 2286 1964 XXIX.
2331 1910 2509 1975 Ecce,
2556 1919 2617 1963 ut
2659 1909 2820 1966 lectio
2868 1910 2986 1980 ipsa
3042 1910 3418 1975 demonstrat,
3463 1909 3617 1966 Felix

2025 2010 2211 2075 aperte
2238 2011 2470 2058 testatur
2497 2003 2615 2057 haec
2655 2003 2882 2058 nomina
2922 2003 3224 2059 secundum
3261 2001 3618 2073 dispensatio-

2027 2113 2152 2154 nem
2194 2099 2397 2165 carnis,
2430 2114 2537 2154 non
2559 2115 2684 2156 esse
2716 2100 2935 2170 propria
2966 2099 3263 2155 secundum
3293 2107 3618 2168 potestatem

2028 2190 2268 2245 deitatis.
2306 2189 2364 2245 Si
2399 2206 2527 2245 caro
2563 2191 2679 2261 ipsa
2707 2191 2928 2261 propria
2967 2190 3187 2254 dicitur,
3226 2199 3281 2245 et
3307 2197 3391 2244 est
3421 2189 3617 2255 Verbi;

2029 2297 2197 2353 quare
2225 2283 2408 2338 carnis
2428 2283 2649 2338 nomina
2677 2298 2785 2338 non
2826 2294 2988 2337 erunt
3021 2282 3240 2352 propria
3277 2281 3329 2335 ei
3363 2281 3515 2350 cujus
3538 2288 3623 2335 est

2029 2391 2161 2431 caro
2190 2375 2304 2446 ipsa
2333 2376 2588 2446 propria?
2641 2376 2711 2432 Ut
2743 2376 2876 2432 mihi
2904 2376 3149 2440 videtur,
3178 2374 3439 2430 intellexit
3472 2373 3623 2429 Felix

2030 2468 2172 2538 quod
2200 2469 2302 2523 ista
2342 2469 2583 2534 nomina,
2633 2469 2687 2523 id
2708 2477 2822 2533 est,
2855 2469 3035 2532 homo,
3064 2466 3272 2530 infans,
3312 2481 3463 2536 puer,
3493 2481 3624 2536 apo-

2033 2557 2202 2613 stolus
2241 2566 2298 2613 et
2333 2557 2576 2628 pontifex
2598 2599 2612 2622 ,
2650 2573 2756 2612 non
2787 2567 2972 2613 essent
2996 2557 3208 2612 Domini
3231 2565 3286 2611 et
3325 2555 3624 2612 Salvatoris

2031 2649 2203 2703 nostri
2232 2689 2248 2714 ,
2299 2648 2407 2702 nisi
2452 2649 2868 2703 incarnaretur:
2899 2647 3043 2716 quod
3086 2647 3274 2716 utique
3308 2659 3495 2700 verum
3518 2651 3620 2699 est.

2032 2739 2149 2795 Non
2174 2748 2353 2794 tamen
2397 2738 2663 2794 intellexit
2689 2738 2835 2808 quod
2863 2744 3152 2807 postquam
3182 2736 3497 2790 incarnatus
3521 2741 3624 2800 est,

2032 2831 2250 2900 propria
2289 2829 2433 2885 facta
2486 2830 2596 2884 sint
2638 2828 2766 2893 Dei,
2821 2827 2948 2897 quia
2991 2827 3133 2882 Deus
3169 2827 3283 2896 ipse
3321 2825 3499 2880 factus
3544 2831 3630 2880 est

2035 2924 2170 2988 haec,
2197 2920 2250 2977 id
2279 2930 2361 2977 est
2380 2962 2395 2986 ,
2436 2921 2580 2974 Deus
2609 2921 2847 2975 Verbum
2877 2918 3051 2972 factus
3079 2925 3164 2972 est
3197 2917 3390 2980 homo,
3422 2915 3626 2980 infans,

2036 3022 2091 3068 et
2115 3029 2286 3084 puer:
2328 3013 2441 3082 ipse
2487 3012 2664 3066 factus
2709 3019 2794 3066 est
2839 3009 3147 3080 apostolus,
3198 3009 3313 3079 ipse
3341 3007 3513 3062 factus
3541 3014 3630 3062 est

2035 3104 2300 3176 pontifex.
2345 3103 2452 3158 Sed
2480 3104 2639 3174 quia,
2680 3112 2739 3158 ut
2777 3103 2918 3165 dixi,
2960 3104 3097 3158 bene
3129 3103 3304 3172 potuit
3331 3102 3509 3156 dicere
3533 3100 3629 3156 Fe-

2035 3199 2110 3253 lix
2139 3198 2281 3268 quod
2310 3199 2427 3268 ipsa
2458 3198 2678 3252 nomina
2708 3213 2816 3251 non
2849 3197 2959 3252 sint
2989 3197 3042 3250 in
3069 3195 3297 3250 Domino
3327 3211 3394 3248 ex
3433 3200 3630 3248 natura

2036 3289 2372 3355 divinitatis,
2414 3289 2508 3343 sed
2542 3303 2608 3342 ex
2641 3287 3025 3352 humanitatis;
3051 3301 3158 3340 non
3191 3293 3368 3340 tamen
3391 3285 3528 3340 bene
3553 3283 3632 3338 di-

2035 3387 2117 3442 xit
2145 3385 2292 3456 quod
2326 3401 2433 3441 non
2474 3385 2583 3440 sint
2611 3385 2860 3455 propria;
2895 3383 3022 3452 quia
3057 3381 3274 3451 propria
3304 3379 3442 3434 facta
3479 3383 3625 3442 sunt,

2034 3487 2264 3550 pmpter
2291 3492 2514 3532 carnem
2536 3477 2810 3546 propriam
2837 3489 2998 3544 quam
3027 3473 3340 3542 assumpsit.

2105 3569 2276 3626 XXX.
2315 3569 2425 3624 Nos
2472 3577 2686 3632 tamen,
2729 3583 2891 3637 quam
2937 3565 3202 3620 cautelam
3234 3578 3379 3618 same
3413 3562 3537 3616 fidei
3573 3561 3629 3617 in

2035 3666 2141 3721 hac
2170 3678 2229 3718 re
2258 3670 2445 3716 tenere
2477 3659 2771 3723 debemus,
2805 3674 2873 3712 ex
2911 3657 3092 3712 verbis
3125 3656 3347 3709 Patrum
3377 3652 3633 3708 ostenda-

2036 3773 2177 3813 mus.
2214 3755 2413 3811 Beatus
2447 3755 2628 3824 itaque
2656 3753 2886 3823 Vigilius
2912 3752 3197 3822 episcopus
3219 3763 3243 3790 δ
3269 3750 3324 3803 in
3350 3763 3630 3820 expugna-

2040 3851 2189 3907 tione
2223 3846 2625 3918 Acephalorum
2656 3844 3036 3899 haereticorum
3067 3842 3146 3897 sic
3187 3841 3324 3895 dixit
3355 3858 3368 3893 :
3424 3857 3442 3890 ι
3477 3837 3633 3893 Sicut

2040 3941 2117 3998 illi
2157 3940 2295 3996 mori
2338 3948 2393 3993 et
2436 3952 2544 3992 non
2591 3936 2731 3991 mori
2778 3951 2844 3990 ex
2881 3934 3129 4002 utrisque
3164 3932 3371 3986 naturis
3401 3939 3483 3985 est
3510 3944 3633 4000 pro-

2037 4038 2255 4109 prium,
2308 4035 2385 4089 ita
2427 4046 2713 4089 commune
2761 4038 2845 4086 est
2893 4029 2949 4083 in
2981 4028 3096 4098 ipso
3135 4026 3380 4094 utrisque
3422 4022 3632 4079 naturis

2047 4128 2192 4199 quod
2235 4125 2450 4182 illarum
2500 4133 2586 4179 est
2612 4123 2913 4194 proprium.
2955 4121 3041 4186 Et,
3091 4129 3152 4175 ut
3185 4119 3417 4188 exempli
3461 4117 3632 4189 gratia

2045 4217 2296 4284 dixerim,
2348 4215 2631 4288 proprium
2660 4213 2795 4269 mihi
2823 4220 2910 4269 est
2937 4220 3124 4267 notam
3148 4211 3335 4266 livoris
3374 4209 3634 4279 cujusque

2041 4311 2288 4369 verberis
2309 4317 2525 4383 gestare
2560 4308 2615 4362 in
2643 4322 2872 4377 corpore
2898 4321 3020 4361 meo
3052 4322 3152 4376 per
3178 4313 3426 4360 naturam
3453 4301 3635 4358 carnis

1963 4443 2019 4503 Β
2043 4420 2209 4470 meae;
2253 4411 2310 4459 et
2345 4400 2626 4474 proprium
2675 4398 2809 4453 mihi
2848 4405 2935 4453 est
2978 4397 3121 4452 hanc
3167 4395 3414 4452 eamdem
3449 4403 3636 4448 notam

2046 4511 2155 4553 non
2185 4502 2398 4568 gestare
2419 4493 2475 4548 in
2499 4491 2692 4562 spiritu
2717 4505 2840 4545 meo
2860 4503 2959 4560 per
2980 4497 3230 4543 naturam
3256 4488 3450 4542 anima:
3476 4500 3632 4542 meae.

2007 4633 2010 4636 .
2049 4590 2218 4654 ltem,
2259 4586 2540 4658 proprium
2567 4582 2701 4638 mihi
2739 4589 2824 4638 est
2841 4581 3059 4654 plagam
3085 4580 3268 4646 verbi,
3299 4581 3353 4636 td
3379 4587 3491 4645 est,
3522 4592 3638 4633 ser-

1706 4683 1981 4742 BALUZII
2017 4679 2253 4739 NOTAE.

347 4770 567 4861 beatus
593 4771 818 4861 Proslus
841 4859 846 4861 _
866 4773 1522 4861 constantinopoli‘tanus.
1549 4780 1836 4861 episcopus
1883 4778 1939 4832 in

350 4843 578 4917 epistola
603 4843 672 4899 ad
692 4843 980 4917 Armenios
1008 4847 1083 4900 ita
1119 4847 1196 4901 ait
1229 4843 1255 4900 ἐ
1307 4843 1599 4917 Apostolus
1639 4843 1774 4903 dixit
1821 4865 1941 4903 eum

397 4915 644 4981 hristum,
676 4924 731 4970 ut
765 4915 1004 4986 ostendat
1029 4918 1155 4986 quia
1184 4915 1471 4972 secundum
1499 4921 1765 4973 veritatem
1795 4919 1940 4973 Deus

352 4984 535 5058 factus
548 4996 622 5058 est
651 4986 824 5058 homo.
851 4985 999 5040 Dixit
1029 4984 1146 5040 eum
1172 4989 1260 5058 qui
1297 4997 1392 5051 est,
1421 4999 1478 5042 ut
1500 5006 1618 5043 eum
1653 4991 1766 5043 sine
1790 4990 1941 5043 initio

296 5075 308 5093 ν
352 5070 464 5108 esse
499 5055 745 5112 declaret.
786 5057 934 5111 Dixit
979 5074 1096 5111 eum
1120 5055 1276 5124 super
1305 5060 1503 5124 omnia,
1529 5070 1587 5114 ut
1611 5062 1770 5114 totius
1799 5076 1942 5113 crea-

353 5132 492 5200 tura:
517 5125 788 5182 dominum
838 5128 1105 5200 praedicet.
1152 5125 1301 5183 Dixit
1336 5146 1455 5183 eum
1507 5131 1856 5200 benedictum,
1888 5143 1944 5183 ut

356 5194 636 5250 adoremus
661 5215 779 5252 eum
803 5194 1057 5272 tanquam
1082 5201 1486 5269 omnipotentem
1522 5198 1805 5272 φυκίδων,
1842 5216 1934 5254 nec

356 5274 413 5341 ut
451 5281 754 5341 conservum
782 5270 1062 5325 calumniis
1089 5280 1411 5341 appetamus.
1449 5290 1469 5322 ›
1498 5271 1766 5325 (Ῐωιενιιῐη
1797 5271 1938 5325 banc

355 5334 532 5412 Procli
556 5336 631 5412 _a_d
673 5335 958 5412 Armenios
1005 5334 1290 5412 epistolam
1340 5342 1660 5411 approbavit
1703 5341 1941 5412 Jgannes

353 5406 729 5478 Antiochenus
753 5423 876 5463 cum
899 5406 1162 5468 Orientali
1184 5406 1442 5478 Concilid,
1460 5421 1519 5466 ut
1545 5413 1706 5468 docet
1728 5410 1944 5466 Facun-

358 5479 459 5533 dus
487 5477 542 5553 in
579 5477 716 5553 l_ibro
740 5494 793 5553 ﬁt
827 5495 926 5548 pro
969 5482 1283 5539 defensione
1334 5477 1497 5539 trium
1547 5481 1938 5553 Capitulorum,

358 5565 479 5625 cap.
507 5549 558 5613 l,
583 5548 721 5625 5,_et
740 5547 978 5625 lib§vm,
1003 5569 1121 5625 cap.
1150 5555 1175 5607 1
1206 5573 1217 5606 :
1249 5556 1342 5625 qui
1372 5563 1428 5610 et
1455 5556 1510 5610 in
1532 5547 1721 5620 libfu,
1741 5567 1862 5622 cap.
1883 5552 1940 5617 ‘2,

358 5619 518 5711 dpcet
544 5635 613 5676 ex
631 5619 942 5711 gustiniano
967 5619 1214 5711 canitiem
1237 5619 1416 5711 Procli
1447 5625 1729 5711 epistolam
1757 5619 1944 5711 siisce-

359 5699 509 5763 ptam
524 5690 1009 5764 confirmatamque
1023 5709 1054 5749 a
1067 5690 1496 5754 Chalcedonensi
1509 5697 1738 5756 concilio
1755 5695 1943 5751 fuisse.

2049 4774 2312 4832 Eamdem
2328 4769 2615 4844 epistolam
2635 4769 2822 4844 laud_at
2841 4781 3053 4844 rursum
3076 4763 3334 4844 Alcuinus
3360 4761 3415 4816 in
3435 4760 3573 4842 libro
3595 4777 3637 4844 ει

2049 4847 2312 4900 adversus
2341 4833 2607 4906 Felicem,
2637 4847 2694 4896 et
2736 4836 3065 4893 Theodulfus
3101 4833 3507 4890 Aurelianensis
3534 4833 3636 4889 sub

2048 4917 2212 4972 ﬁnem
2240 4914 2364 4968 libri
2400 4913 2475 4967 De
2515 4911 2721 4982 Spiritu
2747 4917 2956 4982 sancto.

2008 4989 2009 4992 ’
2051 4971 2054 4972 ν
2121 4998 2148 5026 ι
2186 4984 2256 5038 In
2286 5000 2514 5054 expugn.
2537 4971 2950 5054 dcephafor._,_id_
2974 4985 3079 5054 est,
3100 4977 3166 5054 _i_n
3193 4976 3403 5054 libro_v
3446 4971 3638 5054 advel:-

2049 5071 2143 5112 sus
2171 5042 2549 5125 Eutycbefem,
2574 5042 2714 5125 cap._
2730 5042 2891 5125 8,ubi
2919 5047 3162 5125 defendit
3187 5045 3450 5125 synodum
3478 5042 3639 5125 Chal-

2050 5113 2430 5197 cedonetisem.
2457 5113 2718 5197 Acephali
2743 5113 3047 5197 e'nim,_:evo
3073 5113 3362 5197 Iustiniani
3385 5113 3634 5197 augusti,

2045 5197 2244 5252 infensi
2268 5196 2418 5250 fuere
2447 5183 2681 5250 decretis
2717 5183 2933 5247 concilii
2981 5183 3638 5245 Chalcedonensiszce-

2045 5268 2192 5339 phali
2225 5273 2404 5339 autem
2441 5265 2604 5339 iidem
2643 5277 2775 5339 cum
2820 5260 3194 5339 Eutychianis,
3218 5267 3282 5339 ut_
3329 5257 3513 5339 docet'
3541 5254 3641 5308 Fa-

2047 5325 2256 5394 cundus
2277 5334 2687 5408 Hermianensis
2713 5325 2770 5386 iri
2796 5325 3028 5408 epistola
3037 5346 3168 5408 quae
3193 5345 3223 5384 a
3251 5330 3448 5408 domno
3492 5325 3640 5380 Luca

2047 5409 2316 5464 Dacberio
2341 5407 2484 5460 edita
2512 5413 2614 5460 est.
2630 5404 2952 5471 Quanquam
2974 5402 3051 5456 illi
3076 5417 3182 5456 non
3204 5402 3426 5454 omnino
3447 5410 3642 5471 seque-

2047 5481 2248 5550 bantur
2265 5479 2466 5550 dogma
2495 5468 3094 5550 Eutyclietis',_ideoque
3136 5468 3642 5550 Segnieutychianos

2048 5559 2207 5605 vocat
2229 5541 2371 5604 idem
2399 5541 2685 5600 Facundos
2714 5544 2768 5598 in
2801 5543 2939 5598 libro
2966 5561 2982 5598 ι
3007 5541 3112 5612 pro
3136 5541 3450 5612 defensione
3475 5541 3642 5592 trium

2048 5619 2418 5689 Capitulorum
2441 5615 2646 5689 cap_.__5,
2675 5622 2730 5670 et
2758 5613 2850 5669 lib.
2884 5629 2960 5689 tv,
2983 5609 3189 5689 cap._'5.
3222 5611 3355 5689 Vide
3390 5609 3639 5665 Sirmon‘

2007 5710 2010 5711 '
2048 5680 2176 5746 dum
2201 5691 2254 5746 in
2275 5689 2416 5745 notis
2441 5680 2525 5744 ad'
2538 5680 2733 5746 librum
2758 5680 3068 5745 secundum
3089 5680 3348 5737 Facundi.
