4048 6178
2843 226 2851 233 ε
2887 220 2918 230 α

271 292 340 348 57
549 293 552 295 ’
1430 290 1559 346 LIB.
1601 292 1759 351 ADV.
1803 293 2103 353 FELICEM
2140 295 2440 356 URGELL.
3489 319 3560 376 δε

271 387 494 466 mortem
544 403 746 461 durum
771 409 992 476 gestare
1035 402 1090 457 in
1132 409 1313 459 mente
1350 420 1472 462 mea
1506 423 1606 477 per
1626 417 1875 464 naturam
1902 415 1954 475 Α
1979 411 2099 465 est?
2125 409 2303 464 Etiam
2324 425 2468 466 nunc
2497 423 2676 468 sermo
2703 412 2792 469 hic
2819 427 2851 469 a
2886 413 3042 474 nobis
3063 420 3426 480 examinetur.
3467 425 3560 482 Si-

273 499 470 555 anima':
494 513 666 563 meae,
711 503 769 552 et
788 494 1072 566 proprium
1101 495 1235 550 mihi
1265 505 1351 552 est
1385 500 1630 553 eamdem
1657 499 1871 570 plagam

272 607 384 649 non
431 599 659 663 portare
701 589 761 645 in
809 602 1043 658 corpore
1090 603 1212 644 meo
1258 603 1359 659 per
1401 599 1648 645 naturam
1689 592 1870 648 carnis

272 699 430 739 meas.
470 683 690 738 Etcum
727 681 800 735 sit
831 679 970 734 mihi
1004 687 1298 749 utrumque
1320 681 1633 751 proprium;
1665 691 1722 738 et
1745 698 1869 738 cor-

274 776 414 846 pori,
447 765 728 830 et'animae
767 786 936 837 mete,
969 777 1259 841 utrumque
1295 771 1558 838 alienum;
1595 775 1723 843 quia
1765 789 1870 830 nec

275 882 471 938 corpus
494 866 692 921 durum
717 864 970 918 laetumve
992 877 1299 919 sermonem
1319 863 1586 936 intelligit,
1615 880 1716 920 nec
1752 865 1869 920 ani-

274 974 357 1013 ma
397 957 596 1028 ﬂagelli
632 956 865 1010 vulnere
895 955 1124 1010 livescit.
1167 954 1466 1026 Utrumque
1505 965 1690 1013 tamen
1721 972 1868 1012 com-

272 1065 439 1103 mune
478 1056 562 1102 est
600 1048 658 1102 in
702 1045 1030 1116 semetipso,
1057 1052 1113 1100 et
1144 1046 1340 1102 animae
1368 1056 1423 1101 et
1451 1048 1665 1118 corpori
1694 1063 1816 1103 meo
1847 1067 1860 1102 :

272 1140 400 1209 quia
427 1154 527 1194 nec
549 1138 728 1192 anima
759 1144 915 1192 extra
950 1151 1146 1207 corpus
1165 1176 1181 1202 ,
1231 1153 1262 1190 a
1291 1152 1398 1207 quo
1423 1138 1473 1192 ei
1508 1138 1708 1194 sentire
1732 1153 1862 1208 pro--

272 1229 685 1294 uriumd‘uerat,
717 1229 910 1293 sentit;
951 1243 1054 1283 nec
1093 1242 1292 1297 corpus
1330 1227 1469 1282 citra
1509 1229 1702 1284 animae
1731 1245 1863 1284 con-

269 1319 503 1373 sortium
539 1317 820 1388 plagarum
858 1316 1060 1371 indicia
1099 1317 1352 1387 gestavit.
1393 1317 1548 1385 Quod
1575 1334 1706 1389 ergo
1728 1334 1859 1388 pro-

265 1411 453 1482 prium
498 1409 641 1464 mihi
682 1410 737 1463 in
772 1408 989 1478 singulis
1008 1449 1022 1472 ,
1075 1415 1130 1463 et
1154 1407 1391 1464 alienum
1419 1417 1503 1464 est
1533 1409 1777 1480 singulis,
1807 1409 1861 1464 id

267 1515 572 1555 commune
598 1507 676 1554 est
703 1499 750 1553 in
773 1513 859 1553 me
887 1499 1007 1569 ipso
1029 1498 1276 1569 singulis,
1315 1499 1458 1568 quod
1478 1500 1757 1569 proprium
1779 1507 1862 1554 est

264 1592 522 1662 singulis.
561 1591 626 1644 Et
664 1600 839 1644 tamen
882 1604 983 1660 ego
1013 1590 1128 1660 ipse
1171 1605 1312 1646 unus
1340 1606 1458 1645 sum
1507 1591 1562 1645 in
1588 1592 1856 1662 utrisque,

265 1685 318 1738 in
367 1699 458 1739 me
499 1684 617 1754 ipso
665 1685 1078 1750 communibus;
1127 1694 1184 1739 et
1209 1699 1310 1754 ego
1337 1685 1452 1754 ipse
1483 1701 1625 1741 unus
1661 1703 1780 1742 sum
1802 1687 1857 1742 in
1906 1684 1909 1686 ’

265 1777 492 1848 singulis
537 1777 788 1832 mihimet
824 1777 930 1846 ipsi
967 1775 1218 1848 propriis.
1277 1776 1406 1845 Quae
1443 1793 1567 1833 cum
1606 1779 1682 1834 ita
1725 1780 1852 1847 sint,
1883 1804 1932 1865 Β

264 1867 430 1922 series
451 1867 612 1922 nobis
655 1867 962 1922 divinarum
996 1867 1364 1937 percurrenda
1407 1876 1491 1924 est
1528 1868 1851 1938 litterarum,

261 1969 316 2016 et
349 1962 584 2031 plurima
615 1961 922 2016 testimonia
965 1960 1340 2032 congreganda
1359 2001 1374 2026 ,
1417 1961 1616 2032 quibus
1636 1963 1854 2019 demon-

263 2062 466 2109 stretur
493 2068 660 2123 quam
687 2053 760 2108 sit
783 2053 1009 2122 impium
1032 2059 1089 2107 et
1113 2052 1455 2123 sacrilegum,
1483 2066 1548 2106 ea
1571 2068 1690 2123 quae
1726 2061 1854 2116 sunt

261 2147 477 2218 propria
523 2146 710 2201 carnis
753 2144 994 2210 Christi,
1045 2143 1112 2199 ad
1139 2152 1390 2199 naturam
1418 2145 1582 2200 Verbi
1609 2146 1853 2217 pr0prie-

262 2246 370 2292 tate
398 2236 639 2303 referre,
670 2243 729 2292 et
767 2251 890 2306 qua:
931 2242 1056 2291 sunt
1080 2235 1298 2306 propria
1327 2232 1490 2290 Verbi
1515 2237 1853 2306 proprietate

261 2338 467 2383 naturae
512 2327 697 2383 carnis
738 2327 1016 2382 ascribere
1057 2345 1070 2380 :
1114 2334 1170 2382 et
1200 2341 1362 2397 quam
1389 2327 1461 2381 sit
1499 2327 1850 2384 nihilominus

265 2421 517 2490 impium,
546 2436 613 2475 ea
662 2435 788 2490 quae
819 2427 947 2474 sunt
983 2420 1194 2490 propria
1223 2421 1402 2476 carnis
1438 2436 1538 2491 per
1584 2423 1850 2493 exceptio-

261 2528 379 2566 nem
405 2512 762 2583 proprietatis
790 2510 1028 2566 alienare
1047 2527 1078 2565 a
1114 2512 1312 2578 Verbo,
1341 2520 1398 2566 et
1423 2527 1544 2583 quae
1572 2520 1698 2568 sunt
1722 2529 1850 2584 pro-

256 2603 371 2673 pria
395 2602 591 2669 Verbi,
622 2603 813 2658 eadem
830 2601 1164 2672 exceptionis
1186 2602 1303 2674 lege
1321 2602 1562 2659 alienare
1585 2619 1616 2658 a
1645 2620 1842 2672 carne;

258 2709 376 2749 cum
405 2694 489 2748 sit
519 2694 606 2749 eis
635 2692 692 2747 in
717 2692 926 2748 Christo
952 2700 1242 2764 utrumque
1272 2708 1580 2762 commune,
1605 2703 1662 2751 et
1683 2694 1842 2752 Chri-

253 2793 373 2838 stus
398 2784 481 2838 sit
511 2791 812 2854 utrumque.
845 2803 864 2836 ι

319 2894 526 2950 XXXI.
564 2893 713 2950 Felix
756 2897 812 2951 in
859 2895 974 2952 sola
1002 2895 1341 2953 humanitate
1385 2896 1517 2953 dicit
1552 2896 1842 2953 Dominum

253 2984 560 3055 apostolum
609 2993 664 3039 et
705 2985 1018 3054 pontiﬁcem
1056 2985 1244 3042 fuisse.
1309 2987 1505 3043 Beatus
1531 2997 1709 3042 autem
1733 2987 1840 3059 Cy-

253 3080 420 3150 ryllus
449 3089 645 3135 contra
693 3081 797 3136 hoc
842 3081 918 3135 ita
962 3082 1156 3148 docet,
1207 3081 1394 3138 dicens
1435 3100 1448 3136 :
1501 3100 1519 3133 ι
1549 3081 1840 3152 Scriptura:

1976 499 2190 570 quidem
2215 540 2228 565 ,
2271 500 2412 554 sicut
2453 510 2508 557 et
2551 517 2738 573 sapere
2780 513 2837 561 et
2869 507 3049 564 dicere
3075 511 3178 583 ipsi
3201 525 3556 585 praesumunt,

1975 593 2139 648 homo
2174 602 2481 664 assumptus
2523 611 2555 649 a
2597 597 2709 652 Deo
2751 607 2835 654 est
2859 641 2873 666 ,
2913 605 3182 671 quomodo
3224 624 3428 680 pauper
3474 621 3560 669 est

1973 681 2151 738 factus
2174 684 2263 754 qui
2300 693 2608 756 assumptus
2633 696 2747 755 est,
2801 699 2857 745 et
2881 692 3023 747 ultra
3050 703 3302 752 naturam
3325 699 3559 771 dignita-

1972 774 2116 830 tibus
2145 775 2468 833 declaratus.
2529 778 2873 839 Gloriﬁcatus
2909 794 2992 841 est
3029 789 3202 857 enim;
3255 801 3349 848 aut
3371 795 3417 848 si
3444 811 3556 852 non

1970 873 2053 920 est
2083 867 2187 921 hoc
2242 883 2430 924 verum
2457 909 2472 934 ,
2534 871 2881 944 derogabitur
2931 877 2998 932 ab
3053 880 3134 933 eis
3191 884 3553 952 assumptioni

1969 963 2227 1027 tanquam
2267 961 2572 1031 deportanti
2618 963 2686 1018 ad
2735 965 3000 1025 minorem
3050 980 3283 1042 partem,
3315 984 3371 1030 et
3399 978 3552 1034 inho-

1966 1049 2259 1104 nestiorem
2306 1067 2617 1110 mensuram
2658 1057 3030 1117 humanitatis.
3091 1063 3198 1122 Sed
3245 1068 3319 1122 ita
3364 1084 3552 1141 sapere

1966 1138 2243 1197 dissonum
2288 1151 2390 1198 est.
2424 1145 2567 1218 Ergo
2608 1163 2716 1204 non
2752 1159 2839 1205 est
2866 1167 3069 1223 pauper
3115 1156 3322 1226 factus,
3352 1138 3442 1232 qui
3465 1179 3550 1218 as-

1966 1241 2212 1303 sumptus
2252 1243 2355 1290 est.
2407 1237 2599 1293 Restat
2639 1240 2782 1295 enim
2814 1243 3015 1312 dicere,
3035 1247 3160 1317 quia
3186 1248 3364 1307 factus
3391 1255 3550 1308 estin

1963 1332 2288 1394 paupertate
2314 1337 2525 1394 nostra,
2580 1331 2673 1401 qui
2718 1333 2868 1391 dives
2911 1345 2992 1392 est
3025 1347 3284 1410 tanquam
3333 1344 3492 1401 Deus.
3525 1367 3544 1400 ι

1963 1414 2032 1468 Ει
2067 1415 2305 1472 iterum:
2359 1438 2377 1470 ε
2401 1420 2756 1492 Respicienda
2802 1426 2982 1496 itaque
3023 1440 3149 1486 sunt
3187 1449 3294 1489 non
3335 1435 3548 1492 illorum

1961 1503 2324 1574 multiloquia,
2343 1507 2437 1563 sed
2457 1519 2606 1564 recta
2629 1519 2683 1566 et
2707 1512 3050 1570 immaculata
3069 1518 3198 1575 ﬁdes
3224 1524 3545 1594 evangelicae

1961 1600 2124 1663 atque
2147 1597 2456 1665 apostolica:
2485 1602 2802 1658 sanctionis.
2845 1605 2989 1661 Deus
3015 1616 3098 1663 est
3134 1610 3190 1664 in
3219 1627 3382 1667 carne
3410 1623 3464 1668 et
3492 1615 3544 1670 in

1960 1684 2240 1754 sanguine,
2265 1687 2727 1761 humanitatisque
2750 1710 3060 1752 mensuram
3085 1716 3183 1769 per
3207 1717 3271 1756 ea
3295 1719 3418 1773 qua,
3443 1705 3543 1761 hu-

1960 1789 2122 1830 mana
2153 1786 2280 1832 sunt
2308 1783 2702 1850 cognoscimus.
2747 1787 2908 1841 Millia
2947 1789 3173 1845 millium
3209 1795 3352 1848 enim
3391 1812 3529 1869 ange

1960 1864 2133 1920 lorum
2175 1877 2485 1924 sanctorum
2532 1873 2843 1930 ministrant
2871 1877 2953 1943 ei,
2987 1886 3041 1934 et
3079 1897 3291 1937 sacram
3319 1884 3434 1954 ejus
3463 1864 3533 1944 se

1960 1957 2081 2012 dem
2131 1958 2486 2017 circumstant
2533 1966 2826 2034 seraphim.
2892 1968 3028 2034 Quia
3077 1987 3206 2027 vero
3248 1972 3421 2030 factus
3460 1989 3541 2032 est

1957 2050 2140 2117 homo,
2157 2053 2566 2125 appellatusque
2589 2071 2831 2113 summus
2847 2061 3118 2126 sacerdos,
3147 2078 3253 2117 non
3283 2072 3538 2136 tanquam

1956 2142 2146 2212 majori
2177 2145 2287 2200 Deo
2321 2145 2556 2203 offerens
2598 2149 2924 2205 sacriﬁcium
2946 2193 2959 2215 ,
3000 2155 3096 2208 sed
3125 2153 3339 2210 sibimet
3368 2164 3423 2211 et
3449 2157 3524 2212 Pa

1956 2235 2058 2302 tri,
2101 2237 2226 2292 ﬁdei
2261 2247 2460 2294 nostrae
2493 2241 2799 2312 negotiatus
2837 2243 3251 2303 confessionem.
3284 2267 3303 2301 ι
3352 2250 3419 2304 Et
3443 2251 3549 2307 ite—

1957 2342 2080 2382 rum
2109 2347 2121 2382 :
2161 2346 2181 2380 ι
2209 2329 2424 2387 Intuere
2458 2332 2728 2402 siquidem
2768 2350 2892 2390 eum
2925 2337 3292 2395 immolantem
3321 2342 3537 2411 quidem

1954 2418 2251 2472 secundum
2316 2421 2710 2477 humanitatem
2739 2464 2753 2489 ,
2818 2425 3146 2482 assidentem
3215 2443 3343 2483 vero
3399 2431 3535 2485 sicut

1952 2507 2145 2564 Deum.
2183 2510 2323 2576 Quid
2351 2513 2494 2567 enim
2530 2514 2608 2567 ait
2633 2516 2824 2570 beatus
2846 2516 3082 2572 Paulus?
3111 2518 3294 2573 Talem
3322 2519 3533 2590 pontiﬁ-

1950 2615 2070 2656 cem
2106 2601 2369 2656 habemus
2387 2641 2404 2668 ,
2436 2604 2528 2672 qui
2556 2605 2708 2659 sedet
2734 2605 2788 2659 in
2815 2607 3035 2662 dextera
3070 2609 3213 2663 sedis
3235 2607 3534 2677 majestatis

1950 2687 2005 2742 in
2032 2688 2283 2744 excelsis.
2345 2688 2592 2746 Scientes
2632 2691 2799 2762 igitur
2837 2694 2965 2763 quia
3011 2711 3134 2750 cum
3181 2696 3326 2751 Deus
3367 2704 3534 2752 esset.

1949 2779 2124 2834 factus
2149 2788 2233 2836 est
2261 2781 2444 2848 homo,
2491 2790 2576 2838 est
2611 2791 2794 2838 autem
2828 2801 2969 2840 unus
3007 2795 3170 2856 atque
3207 2786 3346 2842 idem
3371 2787 3535 2855 ﬁlius,

1950 2873 2051 2944 ipsi
2079 2874 2260 2930 omnia
2293 2875 2582 2932 tribuimus
2612 2885 2872 2949 tanquam
2897 2879 3014 2946 uni,
3045 2889 3100 2935 et
3121 2881 3535 2952 dispensationis

1947 2979 2054 3018 non
2094 2963 2732 3035 ignoravimus,modos,
2779 2984 3032 3024 sensuum
3069 2969 3322 3024 virtutem
3366 2971 3535 3026 artiﬁ-

1947 3055 2094 3110 ciose
2122 3064 2284 3127 atque
2322 3057 2617 3126 prudenter
2645 3059 2699 3113 in
2739 3058 2856 3129 ejus
2896 3076 3111 3133 semper
3152 3071 3534 3138 convertentes

252 3147 487 3240 namque
531 3171 795 3226 divinitus
819 3171 1098 3242 inspiratzn
1125 3173 1294 3228 Deum
1323 3171 1478 3227 nobis
1515 3172 1840 3227 inhumana-
1869 3159 1913 3221 C
1945 3147 2326 3203 Obed‘em'am'
2363 3169 2381 3202 ’

255 3271 366 3316 tum
389 3263 687 3332 praedicant
709 3263 1063 3329 Emmanuel,
1085 3265 1576 3334 participatumque
1599 3277 1764 3318 carne
1788 3269 1844 3317 et

256 3353 514 3423 sanguine
539 3353 786 3422 proxime
823 3353 981 3407 nobis
1006 3353 1102 3408 Dei
1131 3362 1186 3407 et
1214 3352 1392 3408 Patris
1417 3351 1685 3407 aﬁirmant
1709 3352 1842 3406 Ver-

254 3439 377 3494 bum
405 3438 632 3503 faetum,
662 3439 768 3494 hoc
801 3447 916 3505 est,
952 3440 1248 3504 hominem,
1278 3455 1384 3494 non
1405 3454 1502 3508 per
1529 3438 1839 3493 conversio-

255 3545 395 3594 nem,
424 3544 522 3584 seu
548 3531 926 3594 mutationem,
961 3531 1055 3585 sed
1081 3530 1284 3584 virtute
1314 3528 1572 3585 ineffabili
1595 3529 1836 3584 unitatis.

255 3619 481 3691 ideoque
515 3607 576 3676 et
618 3638 783 3677 unum
849 3623 1076 3677 dicimus
1119 3622 1406 3678 Dominum
1453 3621 1637 3679 Jesum
1682 3621 1840 3676 Chri-

256 3724 414 3779 stum,
442 3730 718 3784 unamque
743 3714 925 3780 ﬁdem,
971 3723 1024 3770 et
1055 3730 1223 3770 unum
1264 3723 1515 3770 sanctum
1546 3714 1834 3785 baptisma.

256 3803 353 3871 Qui
382 3816 566 3860 autem
594 3821 626 3859 a
653 3805 1000 3877 dogmatibus
1022 3806 1100 3872 sic
1129 3806 1293 3862 rectis
1319 3805 1602 3872 recedunt,
1633 3815 1688 3860 et
1713 3821 1840 3862 con—

257 3905 334 3952 tra
357 3913 542 3953 sacras
579 3897 790 3953 litteras
826 3899 1022 3953 durum
1050 3907 1214 3970 atque
1254 3898 1542 3970 superbum
1580 3897 1840 3966 objiciunt

255 4001 490 4051 sensum,
519 3989 700 4043 ethoc
726 3988 901 4043 solum
926 3989 1069 4059 quod
1098 3989 1238 4045 bene
1257 4003 1316 4044 se
1340 3989 1541 4044 habere
1568 3987 1836 4042 arbitran-

255 4087 337 4132 tur
374 4081 711 4150 inspiciunt,
762 4082 1041 4138 hominem
1086 4098 1219 4138 vero
1263 4087 1600 4152 assumptum
1646 4096 1677 4135 a
1723 4080 1836 4136 Deo

256 4169 424 4226 Verbo
454 4173 681 4239 dicunt,
727 4175 1023 4228 secundum
1054 4174 1182 4228 illud
1211 4182 1342 4244 puto
1373 4175 1514 4243 quod
1548 4189 1648 4244 per
1667 4187 1835 4228 unum

251 4272 559 4319 sanctorum
591 4265 794 4321 dictum
823 4274 907 4322 est
927 4268 1316 4337 prophetarum
1347 4285 1360 4320 :
1390 4265 1507 4320 Non
1535 4281 1686 4320 eram
1710 4280 1836 4336 pro-

248 4356 406 4424 pheta
431 4398 448 4420 ,
501 4371 677 4426 neque
719 4341 866 4412 ﬁlius
893 4359 1169 4427 propheta:
1189 4398 1204 4423 ,
1245 4358 1339 4412 sed
1371 4372 1543 4427 caupo
1568 4371 1716 4412 eram
1737 4354 1834 4410 fri-

245 4459 380 4498 cans
404 4445 696 4510 sicamina,
725 4454 782 4500 et
801 4448 1090 4517 assumpsit
1117 4462 1205 4502 me
1232 4461 1299 4503 ex
1332 4446 1543 4502 ovibus.
1595 4447 1666 4501 Et
1691 4447 1832 4502 sicut

241 4536 316 4589 ait
352 4537 548 4590 beatus
591 4507 762 4593 David
789 4578 804 4602 ,
851 4507 1152 4608 Suscipiena
1200 4546 1500 4592 mansuetos
1549 4536 1824 4590 Dominus.
1852 4507 1906 4567 D

238 4625 344 4680 Per
389 4628 638 4682 habitum
683 4629 882 4700 quippe
939 4639 993 4685 et
1038 4629 1465 4685 familiaritatem
1510 4629 1826 4698 spiritalem,

238 4727 504 4787 tanquam
552 4720 608 4772 in
646 4720 924 4774 voluntate
970 4728 1026 4774 et
1065 4721 1238 4791 gratia
1279 4727 1335 4774 et
1378 4718 1826 4785 sanctiﬁcatione,

234 4811 377 4863 sicut
406 4818 467 4863 et
496 4825 598 4862 nos
635 4810 738 4880 ipsi
772 4811 1109 4866 adhaerentes
1137 4810 1394 4874 Domino,
1433 4824 1574 4863 unus
1608 4808 1831 4878 spiritus

231 4916 445 4966 sumus,
491 4905 791 4958 secundum
833 4904 976 4973 quod
1023 4905 1284 4974 scriptum
1312 4909 1415 4958 est.
1472 4901 1581 4958 Sed
1617 4916 1722 4956 non
1748 4909 1832 4958 est

227 4991 340 5045 hoc
363 4992 655 5048 humanari
702 4993 988 5049 Dominum
1015 5035 1029 5059 ,
1075 4994 1168 5050 sed
1193 5007 1368 5062 neque
1396 4991 1644 5062 proxime
1677 4991 1832 5046 nobis

226 5096 400 5135 carne
447 5093 508 5136 et
542 5085 806 5154 sanguine
832 5084 1158 5155 participare
1179 5125 1194 5148 ,
1238 5084 1333 5139 sed
1357 5083 1528 5153 magis
1551 5082 1829 5152 proprium

222 5171 410 5226 facere
454 5175 734 5230 hominem
759 5217 773 5240 ,
817 5183 874 5230 et
917 5191 1026 5230 non
1075 5175 1372 5230 secundum
1410 5174 1578 5229 alium
1610 5171 1828 5228 modum

219 5278 387 5330 quem
435 5265 546 5319 dici
596 5267 796 5334 poterit
838 5267 1131 5336 prophetas
1173 5274 1230 5320 et
1279 5265 1554 5335 apostolos
1595 5271 1652 5318 et
1692 5263 1828 5319 alios

218 5365 449 5412 sanctos
502 5372 713 5414 omnes.
770 5358 1004 5415 Putasne
1040 5367 1261 5415 sanctus
1303 5357 1502 5413 Paulus
1537 5356 1829 5412 seducebat

215 5447 606 5504 sanctiﬁcatos
630 5466 731 5520 per
760 5451 920 5506 ﬁdem
946 5450 1288 5521 apertissime
1321 5448 1509 5504 dicens
1540 5447 1605 5502 de
1637 5445 1825 5516 unige-

213 5540 352 5602 nito,
387 5539 524 5608 quia
555 5554 682 5594 cum
725 5547 872 5596 esset
897 5539 1065 5605 dives,
1113 5552 1319 5608 pauper
1357 5547 1441 5592 est
1482 5537 1658 5591 factus
1697 5549 1825 5606 pro-

211 5639 338 5698 pter
371 5646 481 5685 nos
501 5632 526 5684 ?
563 5630 741 5687 Absit.
783 5631 924 5687 Vere
955 5645 1190 5698 namque
1212 5629 1343 5683 dicit
1372 5629 1593 5684 omnino
1623 5627 1822 5683 verita-

213 5718 284 5772 tis
308 5735 534 5790 praeco,
580 5721 673 5790 qui
706 5729 793 5778 est
816 5719 988 5776 dives.
1026 5719 1095 5774 Et
1121 5718 1390 5789 quomodo
1417 5732 1621 5790 pauper
1643 5716 1821 5773 factus

2014 3257 2230 3312 XXXII.
2291 3258 2443 3314 Felix
2505 3261 2607 3317 soli
2653 3262 2921 3319 divinitati
2975 3265 3163 3322 tribuit
3206 3267 3529 3325 viviﬁcatio-

1943 3363 2066 3402 nem
2087 3389 2101 3413 ,
2131 3349 2320 3405 dicens
2351 3349 2638 3408 Dominum
2667 3355 2963 3410 secundum
2992 3357 3332 3413 divinitatem
3357 3359 3533 3414 viviﬁ-

1943 3450 2158 3496 cantem
2200 3457 2337 3512 quos
2378 3445 2525 3511 vult;
2568 3452 2623 3500 et
2661 3463 2769 3500 non
2818 3450 3111 3505 recordans
3155 3452 3299 3522 quod
3326 3460 3380 3507 et
3400 3468 3528 3509 caro

1943 3530 2295 3588 viviﬁcatoris
2325 3533 2522 3600 Verbi,
2570 3535 2898 3591 viviﬁcatrix
2927 3540 3197 3596 credenda
3225 3549 3309 3596 est
3327 3582 3342 3607 ,
3370 3543 3532 3598 beato

1941 3618 2144 3690 Cyrillo
2174 3623 2400 3678 docente
2427 3623 2501 3678 ita
2537 3641 2550 3678 :
2589 3642 2609 3675 ι
2635 3625 2921 3696 Proprium
2948 3643 3078 3701 ergo
3105 3645 3302 3701 corpus
3328 3631 3530 3687 factum

1941 3711 2170 3768 dicimus
2200 3714 2394 3780 Verbi,
2439 3723 2496 3770 et
2526 3731 2637 3770 non
2661 3718 2898 3774 hominis
2927 3720 3154 3792 alicujus
3179 3737 3443 3788 seorsum,
3473 3731 3530 3778 et

1939 3807 2176 3876 separati
2221 3808 2448 3864 alterius
2485 3810 2623 3864 citra
2663 3825 2786 3866 eum
2814 3815 2907 3882 qui
2939 3815 3259 3885 intelligitur
3279 3816 3528 3874 Christus

1937 3904 1994 3951 et
2012 3897 2199 3954 Filius.
2244 3899 2398 3954 Sicut
2441 3909 2620 3955 autem
2642 3903 2920 3973 pr0prium
2978 3914 3223 3961 nostrum
3272 3909 3527 3966 uniuscu-

1929 3984 2127 4057 jusque
2153 3989 2352 4044 dicitur
2377 4004 2574 4060 corpus
2603 4007 2848 4048 seorsum
2880 3993 2997 4065 ejus
3027 3997 3179 4068 cujus
3221 4009 3338 4068 est,
3379 4013 3434 4058 et
3470 4004 3525 4060 in

1937 4093 2045 4132 uno
2089 4077 2304 4134 Christo
2354 4079 2762 4154 intelligendum
2795 4086 3008 4156 utique,
3025 4089 3291 4146 exsistens
3323 4093 3526 4150 nostris

1935 4171 2251 4240 corporibus
2288 4182 2578 4244 cognatum
2619 4175 2734 4232 sive
2773 4180 3249 4238 consubstantiale.
3299 4183 3524 4242 Factum

1935 4259 2078 4316 enim
2101 4275 2167 4315 ex
2197 4261 2422 4318 muliere
2448 4264 2729 4334 proprium
2756 4264 2874 4335 ejus
2897 4308 2912 4334 ,
2959 4269 3040 4323 sic
3075 4279 3135 4325 ut
3177 4272 3284 4326 dixi
3329 4273 3525 4331 intelli-

1933 4351 2079 4422 gitur
2103 4359 2158 4406 et
2187 4352 2402 4407 dicitur.
2463 4353 2731 4421 Quoniam
2765 4371 2892 4412 vero
2932 4359 3227 4414 secundum
3270 4370 3523 4421 naturam

1933 4453 2018 4500 est
2060 4460 2129 4500 ex
2158 4444 2270 4500 Deo
2311 4445 2474 4500 Patre
2519 4447 2788 4512 Verbum,
2839 4449 3248 4506 viviﬁcatricem
3287 4455 3523 4511 ostendit

1932 4550 2088 4590 suam
2133 4549 2403 4600 carnem;
2433 4534 2637 4590 idcirco
2681 4535 2825 4591 facta
2869 4546 2953 4594 est
2997 4540 3150 4595 nobis
3193 4541 3519 4601 benedictio.

1934 4625 2228 4682 Viviﬁcans
2254 4625 2487 4695 denique
2515 4625 2730 4680 dicebat
2767 4626 3017 4683 Christus
3042 4643 3057 4682 :
3080 4629 3255 4685 Amen
3284 4631 3404 4687 dico
3426 4649 3520 4689 vo-

1932 4718 2052 4773 bis:
2083 4717 2196 4788 Ego
2239 4734 2354 4772 sum
2394 4718 2546 4788 panis
2592 4719 2737 4774 vivus
2770 4721 2862 4792 qui
2906 4720 2971 4776 de
2999 4721 3124 4778 caelo
3158 4722 3434 4790 descendi,
3466 4733 3521 4782 et

1932 4809 2101 4864 vitam
2140 4810 2261 4864 dedi
2293 4810 2515 4865 mundo.
2558 4810 2626 4865 Et
2661 4827 2851 4868 rursus
2885 4831 2897 4869 :
2941 4811 3108 4871 Panis
3140 4823 3321 4872 autem
3359 4833 3519 4888 quem

1932 4915 2034 4972 ego
2059 4901 2278 4965 dedero,
2309 4917 2433 4955 caro
2464 4918 2581 4956 mea
2606 4912 2683 4958 est
2707 4921 2803 4975 pro
2829 4907 3011 4961 mundi
3037 4909 3162 4963 vita.
3187 4908 3256 4963 Et
3281 4910 3472 4965 iterum
3501 4929 3514 4966 :

1940 4989 2043 5055 Qui
2066 4991 2350 5044 manducat
2378 5008 2548 5046 meam
2577 5009 2818 5062 carnem,
2869 5006 2918 5051 et
2959 4997 3082 5052 bibit
3110 5015 3280 5054 meum
3304 5001 3512 5070 sangui-

1935 5095 2071 5143 nem,
2113 5079 2167 5133 in
2190 5095 2272 5133 me
2300 5088 2492 5145 manet,
2524 5089 2572 5134 et
2600 5098 2693 5152 ego
2722 5083 2777 5136 in
2804 5101 2884 5138 eo.
2915 5105 2934 5137 ι
2968 5085 3101 5141 Item
3124 5087 3316 5141 beatus
3343 5085 3518 5158 Cyril-

1932 5171 2065 5228 lus:
2119 5190 2137 5224 ι
2166 5171 2256 5228 Uti
2301 5186 2370 5227 ne
2410 5173 2596 5228 videar
2640 5191 2742 5248 ego
2778 5177 2925 5233 solus
2969 5179 3129 5234 Verbi
3173 5193 3367 5248 corpus
3392 5197 3517 5252 pro-

1931 5261 2109 5331 prium
2165 5263 2478 5329 nominare,
2529 5265 2691 5319 etiam
2740 5276 3050 5323 sanctorum
3095 5268 3318 5325 Patrum
3369 5275 3514 5334 volui

1929 5367 2132 5422 ponere
2165 5355 2470 5410 testimonia
2500 5397 2514 5422 ,
2543 5364 2604 5411 ut
2645 5358 2820 5412 sciant
2853 5359 3148 5416 adversarii
3177 5363 3303 5432 quia
3334 5365 3514 5423 inani-

1931 5451 2014 5498 ter
2037 5459 2136 5500 nos
2174 5445 2468 5500 inclamant
2509 5456 2797 5516 sequentes
2836 5447 3037 5518 ubique
3075 5450 3291 5509 illorum
3329 5470 3510 5513 voces.

1927 5536 2020 5591 Ait
2041 5537 2244 5608 [itaque
2287 5537 2689 5595 famosissimus
2727 5547 2914 5596 noster
2942 5540 3104 5598 Pater
3135 5553 3191 5600 et
3227 5547 3514 5618 episcopus

1925 5628 2255 5685 Athanasius
2293 5629 2348 5685 in
2375 5630 2513 5685 libro
2557 5629 2624 5685 de
2670 5639 2861 5688 sancta
2891 5631 3158 5695 Trinitate
3196 5654 3209 5690 :
3248 5636 3316 5690 Et
3346 5653 3511 5708 appa-

1928 5722 2080 5778 rebat
2126 5723 2250 5793 quia
2294 5735 2402 5778 non
2447 5728 2568 5777 erat
2603 5723 2918 5794 phantasia,
2968 5728 3062 5784 sed
3106 5743 3230 5784 vere
3270 5729 3506 5785 habebat
