4048 6178
454 422 532 492 ss
798 442 805 449 ·
1386 446 1391 449 ~
1424 420 1488 475 s.
1529 412 1881 474 AGOBARDI
1920 406 2229 467 EPlSCOPl
2268 407 2756 467 LUGDUNENSIS
3657 408 3729 466 σο

462 546 677 613 corpus.
715 522 955 594 uocabat
993 522 1135 589 eiii'n’t
1183 514 1457 587 Citristuni
1503 528 1815 589 induentem
1854 527 2043 580 huma-
2070 519 2124 579 Α
2147 531 2340 577 cuncta
2370 522 2573 578 Christi
2604 521 2847 577 Ecclesia
2871 522 3138 580 catholica
3177 526 3364 582 credit
3404 533 3462 583 et
3504 529 3732 587 coalito.

462 632 591 691 n’am
636 634 855 687 carnem
878 668 894 695 ,
938 624 1077 681 hanc
1116 638 1238 681 cum
1276 623 1511 694 pr0priis
1549 619 1889 706 passiohibus
1929 616 2045 686 ejus

465 723 613 780 indui
639 730 838 788 totam;
886 726 945 775 ut
980 710 1119 774 sicut
1153 726 1319 772 tutam
1348 714 1625 787 propritim
1665 716 1780 783 ejus
1817 711 2045 767 dicimus

465 824 585 868 esse
608 822 826 882 corpus,
854 810 927 865 ita
954 808 1009 864 et
1036 807 1278 879 corporis
1306 805 1586 877 passiones
1612 805 1843 875 proprias
1869 802 2045 857 solum

464 900 584 973 ejus
605 899 873 965 dicantur,
910 898 1034 953 licet
1057 912 1164 951 non
1186 895 1563 966 contingerent
1588 891 1885 947 secundum
1909 889 2047 945 divi-

467 991 697 1049 nitatem
726 988 862 1058 ejus.
896 1004 915 1041 ι

536 1088 773 1159 XXXI“.
829 1086 1133 1169 interrogat
1176 1090 1329 1150 Felix
1387 1102 1575 1149 dicens
1614 1094 1628 1147 Ξ
1681 1086 2048 1147 iRecurr'tint

464 1195 684 1269 prepria
705 1193 921 1248 nomina
944 1189 1011 1246 ad
1040 1172 1363 1254 accidentia,
1395 1186 1488 1243 seti
1512 1186 1807 1241 accidentia
1830 1170 1895 1239 ad
1919 1184 2047 1255 pru-

465 1289 607 1361 pria,
639 1303 707 1342 an
754 1272 897 1340 non?
929 1305 947 1337 ι
976 1282 1287 1353 Respondet
1314 1300 1326 1335 :
1366 1300 1385 1332 ι
1421 1272 1742 1335 Rec'urrunt.
1770 1300 1789 1332 ι
1818 1276 2049 1335 interro-

468 1390 559 1452 gat
586 1398 597 1431 :
638 1397 655 1430 ι
686 1380 804 1444 Quo
837 1364 1060 1433 ordine?
1090 1395 1108 1428 ι
1140 1368 1487 1445 Respondet:
1520 1393 1537 1424 ι
1561 1374 1788 1445 Propter
1811 1372 2048 1444 singula-

468 1471 685 1525 ritatem
714 1482 978 1540 personas,
1022 1468 1075 1522 in
1103 1481 1208 1537 qua
1237 1465 1489 1520 divinitas
1513 1460 1636 1520 Filii
1666 1462 1761 1520 Dei
1796 1481 1918 1520 cum
1940 1465 2044 1520 hu-

466 1558 731 1618 manitate
778 1576 875 1615 sua
914 1572 1232 1614 communes
1273 1552 1473 1613 habent
1524 1557 1798 1622 actiones;
1843 1574 1948 1627 qua
1979 1572 2047 1612 cx

468 1667 635 1708 causa
682 1648 971 1721 aliquando
1012 1664 1077 1703 ea
1121 1663 1241 1719 quas
1269 1646 1451 1703 divina
1489 1654 1614 1703 sunt
1644 1644 1954 1703 referuntur
1981 1645 2047 1702 ad

467 1740 725 1803 humana,
767 1742 821 1793 et
860 1752 923 1792 ea
970 1752 1091 1807 quae
1131 1736 1367 1791 humana
1398 1734 1557 1800 ﬁunt,
1590 1733 1856 1790 interdum
1880 1733 2049 1789 ascri-

2147 622 2253 669 tur.
2289 616 2390 683 Qui
2419 630 2540 672 esse
2565 624 2933 687 promeretur,
2974 632 3103 672 vere
3129 627 3185 674 et
3211 621 3431 693 proprie
3456 637 3579 680 esse
3610 642 3728 683 cai-

2143 712 2260 782 pit:
2289 712 2438 782 quia,
2471 720 2532 767 ut
2550 710 2665 779 jam
2695 722 2858 783 supra
2891 709 3099 766 dictum
3126 716 3231 778 est,
3264 732 3329 771 ea:
3358 733 3463 787 quo
3488 723 3598 774 τάδε
3629 736 3732 775 ca.

2143 801 2239 871 pit,
2284 812 2388 856 non
2433 801 2580 855 aliud
2621 802 2770 871 capit
2813 816 2925 855 esse
2959 816 3120 871 quam
3160 802 3260 858 Dei
3298 802 3496 869 Filius,
3542 818 3590 862 et
3631 809 3730 863 hoc

2145 894 2352 947 unicus.
2385 895 2488 962 Qui
2519 894 2702 951 autem
2744 894 3083 965 appellantur
3111 903 3168 949 et
3190 904 3592 967 nuncupantur,
3620 901 3731 971 spi-

2145 984 2309 1039 ritum
2339 985 2645 1054 adoptionis
2666 990 3013 1054 acceperunt,
3034 995 3097 1041 ut
3120 986 3217 1042 illii
3241 987 3337 1044 Dei
3366 994 3726 1047 vocarentur:

2147 1075 2274 1147 quia
2301 1082 2369 1131 ex
2394 1084 2501 1146 quo
2540 1086 2661 1131 esse
2704 1082 2985 1147 coeperunt
3028 1093 3152 1133 esse
3196 1078 3293 1134 ﬁlii
3338 1079 3454 1145 Dei,
3497 1082 3590 1137 sed
3635 1082 3729 1136 ﬁlii

2145 1164 2348 1220 Adam:
2398 1163 2493 1219 ﬁlii
2540 1164 2653 1231 iraa,
2696 1172 2751 1220 et
2790 1164 2886 1219 ﬁlii
2928 1164 3090 1235 hujus
3135 1168 3353 1235 saeculi;
3387 1178 3443 1224 et
3475 1170 3602 1225 dum
3626 1170 3731 1224 ista

2147 1264 2350 1321 essent,
2373 1258 2637 1328 przevenit
2659 1270 2754 1311 eos
2782 1257 3154 1314 misericordia
3189 1259 3287 1315 Dei
3324 1268 3614 1332 antequam
3655 1260 3731 1316 illi

2147 1350 2255 1405 uil‘a
2306 1349 2449 1405 bona
2492 1348 2632 1403 velle
2676 1354 2772 1402 aut
2817 1348 3021 1417 eligere
3064 1358 3313 1419 possent:
3353 1359 3410 1407 et
3452 1352 3596 1407 sicut
3635 1368 3734 1408 eos

2146 1439 2421 1512 praescivit
2460 1445 2515 1494 et
2555 1438 2959 1508 praedestinavit
3000 1440 3127 1494 ante
3170 1439 3356 1496 mundi
3396 1444 3736 1498 cOnstitutio-

2149 1544 2296 1596 nem,
2326 1540 2381 1587 et
2415 1532 2628 1587 vocavit
2669 1538 2914 1601 tempore
2957 1531 3269 1599 constituto,
3316 1547 3382 1588 ac
3414 1533 3736 1603 iustiﬁcavit

2148 1636 2247 1694 per
2268 1622 2613 1692 adoptionem
2641 1629 2697 1677 et
2723 1620 3147 1692 redemptionem
3187 1621 3513 1688 animarum,
3538 1622 3735 1679 deinde

2150 1714 2555 1786 gioriﬁcaturus
2592 1721 2678 1769 est
2714 1724 2816 1784 per
2857 1712 3198 1785 adoptionem
3222 1722 3277 1769 et
3304 1713 3736 1794 rgiemptionem

466 1829 671 1886 buntur
695 1829 762 1883 ad
788 1803 1068 1893 divina,et
1091 1828 1195 1882 hoc
1224 1826 1414 1881 ordine
1442 1820 1727 1897 aliquando
1754 1810 1849 1880 Dei
1877 1824 2048 1880 Filius

2160 1816 2441 1877 scirporum
2473 1806 2528 1860 in
2555 1805 2747 1859 ultima
2782 1804 3198 1860 resurrectione.
3233 1803 3360 1859 ilaae
3384 1804 3522 1859 ﬁunt
3546 1804 3600 1859 in
3629 1803 3738 1859 illis

471 1920 529 1977 in
555 1919 789 1975 hominis
824 1919 933 1974 min
960 1887 1101 1973 illius
1130 1918 1367 1973 hominis
1404 1887 1658 1988 appellari
1697 1916 1966 1988 dignatur,
1997 1926 2051 1972 et
2078 1887 2126 1948 Β
2152 1901 2244 1971 qui
2273 1908 2371 1971 per
2395 1900 2625 1970 statim
2659 1900 2967 1970 adoptionis
3004 1899 3098 1953 ﬁlii
3130 1898 3439 1955 επῑείυυιιιτ
3464 1906 3519 1956 ει
3551 1902 3738 1973 appel-

469 2011 704 2067 bominis
733 2009 874 2065 ﬁlius
918 2011 973 2066 in
1014 2002 1108 2065 Dei
1136 2009 1272 2065 Filio
1297 2009 1464 2063 Filius
1501 2007 1598 2063 Dei
1636 2016 1996 2077 nuncupatur.
2027 2026 2047 2060 ι

469 2086 571 2158 Hic
609 2102 873 2158 admoneo
918 2098 1175 2157 lectorem
1219 2108 1280 2155 ut
1324 2100 1487 2155 istum
1527 2080 1726 2154 Felicis
1773 2098 2051 2153 recursum

469 2191 752 2247 nominum
796 2190 1042 2247 conferat
1090 2206 1212 2246 cum
1258 2189 1519 2245 relatione
1553 2178 1808 2253 Nestorii,
1841 2196 1897 2245 et
1931 2204 2055 2261 per-

468 2278 673 2355 pendat
705 2299 772 2339 ne
803 2283 944 2339 forte
966 2282 1160 2340 similia
1196 2283 1322 2339 sint.
1360 2278 1513 2365 Sicut
1532 2282 1673 2338 enim
1705 2299 1864 2355 supra
1897 2280 2050 2356 (Ca'p.

472 2376 527 2451 7)
567 2373 847 2447 posuimus
868 2364 1031 2432 verba
1056 2374 1313 2441 Nestorii,
1350 2374 1483 2430 dicit
1514 2374 1600 2431 ille
1627 2393 1639 2428 :
1680 2394 1698 2426 ‹
1731 2372 1883 2430 Sicut
1910 2375 2054 2429 inse-

472 2470 772 2543 parabilem
814 2486 844 2524 a
890 2468 1070 2524 divina
1097 2458 1286 2523 natura
1311 2468 1515 2524 habens
1548 2464 1943 2539 copulationem
1971 2481 2055 2521 rc—

471 2559 676 2616 latione
718 2544 815 2615 Dei
844 2550 899 2614 et
922 2558 1273 2631 intelligentia
1319 2559 1466 2615 omni
1505 2567 1756 2615 creatura
1787 2561 2056 2618 adoratio—

470 2666 595 2706 nem
627 2648 946 2723 exhibente;
974 2660 1028 2706 et
1056 2666 1229 2721 neque
1257 2649 1391 2705 duos
1422 2648 1561 2704 ﬁlios
1588 2648 1815 2705 dicimus
1835 2692 1850 2716 ,
1878 2667 2055 2723 neque

471 2742 607 2797 duos
644 2736 922 2798 Domitios.
954 2762 973 2795 ι
1039 2742 1107 2797 Ει
1145 2746 1269 2812 post
1316 2740 1494 2811 aliqua
1538 2742 1736 2796 iterum
1776 2741 2057 2800 Nestorius

472 2832 658 2911 aitzri
692 2832 801 2889 Sed
843 2833 990 2889 solus
1030 2834 1366 2911 praecipuum
1413 2830 1619 2887 habens
1667 2833 1771 2889 huc
1813 2833 1957 2903 quod
1987 2834 2055 2889 ad

473 2906 570 2979 Dei
603 2906 764 2980 Verbi
811 2908 1206 2994 copulationem
1234 2965 1248 2989 ,
1296 2922 1583 2995 adoptione
1608 2933 1661 2978 et
1688 2918 2056 2980 dominatione

472 3014 841 3087 participans,
888 3013 1138 3070 auferens
1177 3012 1394 3085 quidem
1438 3030 1652 3069 omnem
1696 3014 2056 3084 suspicionem

474 3094 753 3165 dualitatis
782 3108 1017 3165 ﬁliorum
1046 3119 1099 3165 et
1129 3092 1469 3165 dominorum
1487 3150 1502 3176 ,
1531 3108 1769 3179 prrestito
1798 3124 1927 3165 vero
1960 3124 2057 3164 no-

473 3200 561 3256 bis
606 3202 657 3255 in
698 3202 1038 3271 copulatione
1068 3202 1132 3256 ad
1160 3201 1327 3255 Deum
1360 3200 1617 3266 Verbum,
1646 3215 1861 3255 omnem
1892 3200 2057 3256 liabe-

476 3288 563 3347 i-et
590 3291 760 3362 ipsius
790 3292 949 3347 iidem
978 3298 1034 3347 et
1068 3290 1474 3363 intelligentiam
1522 3300 1579 3347 et
1620 3291 1882 3346 theoriam
1904 3334 1917 3358 ,
1955 3306 2057 3362 pro

479 3374 676 3455 quibus
716 3388 774 3440 'et
816 3370 1183 3440 aderationem
1234 3398 1333 3456 pro
1376 3383 1637 3440 relatione
1672 3382 1768 3439 Dei
1804 3380 1872 3439 ab
1911 3384 2058 3440 omni

477 3474 717 3545 suséepit
750 3482 1020 3530 creatura.
1052 3472 1091 3527 ὃ.
1125 3462 1265 3530 Ecce
1288 3473 1570 3530 Nestorius
1608 3473 1738 3529 dicit
1771 3471 2058 3529 Dominu‘ni

476 3564 742 3621 relatione
779 3554 875 3620 Dei
914 3558 1181 3621 tbe0riam
1210 3565 1543 3636 suscepisse,
1576 3564 1628 3619 id
1658 3562 1772 3633 est,
1804 3562 2058 3621 deitatem

474 3656 533 3710 ‘et
561 3648 949 3709 adorationem.
990 3652 1139 3709 Felix
1180 3666 1312 3710 vero
1352 3650 1486 3709 dicit
1523 3654 1805 3710 recurrere
1842 3656 2060 3710 nomina

475 3738 701 3817 propter
742 3740 1007 3816 unitatem
1045 3750 1292 3814 personae
1316 3787 1330 3812 ,
1382 3744 1435 3800 'et
1477 3748 1764 3815 propterea
1802 3746 2060 3817 appellari

478 3828 575 3891 Dei
602 3832 795 3890 Filium
821 3832 1057 3919 hominis
1080 3832 1267 3902 ﬁlium,
1288 3842 1345 3892 et
1379 3836 1614 3893 hominis
1650 3837 1820 3894 ﬁlium
1852 3838 1947 3895 Dei
1974 3834 2062 3895 Fi-

474 3918 609 3983 lium
658 3930 978 3999 nuncupari.
1036 3918 1265 3984 Videtur
1306 3944 1540 4002 namque
1580 3930 1711 3987 milii
1759 3932 1884 4004 quia
1936 3930 2064 3988 licet

476 4022 763 4091 utriusque
786 4061 801 4087 ,
848 4012 1085 4077 Nestorii
1112 4018 1364 4078 videlicet
1387 4031 1547 4094 atque
1574 4020 1792 4092 Felicis,
1843 4028 1982 4081 nota
2010 4020 2064 4083 et

480 4111 738 4167 inusitata
773 4118 935 4182 atque
961 4109 1182 4168 confusa
1214 4114 1323 4168 sint
1351 4110 1545 4179 verba,
1589 4128 1730 4170 unus
1760 4124 1939 4172 tamen
1974 4128 2065 4171 eo-

482 4216 606 4260 rum
636 4213 729 4259 aut
754 4203 948 4261 similis
971 4190 1024 4260 i'n
1052 4198 1158 4261 li'oc
1198 4204 1317 4261 loco
1352 4200 1436 4261 est
1464 4218 1672 4262 sensus.
1716 4206 1917 4264 Deinde
1942 4206 2065 4263 dili-

483 4300 674 4367 genter
728 4294 1180 4351 considerandum
1222 4298 1307 4351 'est
1351 4286 1456 4351 li'oc
1506 4294 1651 4367 quod
1685 4294 1836 4353 Felix
1886 4296 2060 4354 dixit:

488 4386 509 4438 δ
538 4384 842 4458 Aliquando
862 4384 957 4442 Dei
984 4380 1151 4443 Filius
1194 4387 1247 4443 in
1271 4386 1509 4444 hominis
1530 4388 1638 4443 lilio
1663 4372 1807 4445 illius
1832 4388 2068 4445 hominis

484 4476 742 4551 appellari
761 4464 1033 4552 dignatur.
1048 4500 1067 4533 ι
1086 4480 1221 4549 Quid
1241 4488 1326 4536 est
1341 4479 1475 4537 hoc?
1489 4478 1739 4552 Nunquid
1756 4464 2065 4553 aliquando,

2153 1993 2334 2047 lantur
2374 1992 2490 2057 Dei;
2539 2004 2640 2062 per
2681 1988 2835 2045 illum
2883 1991 2975 2061 qui
3014 1997 3139 2045 ante
3173 1990 3369 2046 stecuia
3416 1991 3741 2046 naturaliter

2152 2090 2347 2149 natus,
2398 2089 2453 2139 et
2496 2084 2551 2139 in
2592 2082 2788 2139 saeculo
2826 2082 3147 2137 naturaliter
3188 2082 3361 2138 iactus
3407 2090 3494 2139 est
3544 2084 3740 2140 unicus

2152 2174 2323 2230 Filius
2348 2173 2464 2238 Dei,
2504 2173 2596 2245 qui
2620 2173 2894 2229 nascendo
2936 2181 3019 2227 est
3049 2172 3219 2229 Filius
3246 2172 3365 2240 Dei,
3411 2190 3522 2230 non
3571 2189 3738 2230 rena-

2152 2264 2373 2329 scentia,
2406 2263 2492 2319 cui
2522 2272 2719 2319 nomen
2748 2262 2843 2318 ﬁlii
2868 2264 3149 2335 generatio
3175 2264 3340 2330 dedit,
3374 2279 3482 2320 non
3511 2280 3740 2336 regene-

2154 2355 2315 2421 ratio,
2344 2356 2437 2426 qui
2469 2364 2535 2411 ex
2578 2354 2668 2410 illa
2709 2354 3010 2410 substantia
3040 2368 3145 2425 qua
3166 2369 3288 2411 esse
3315 2356 3497 2427 erepit,
3531 2370 3599 2413 ex
3627 2372 3743 2428 quo

2153 2456 2273 2503 eSse
2297 2448 2483 2517 cmpit,
2515 2458 2624 2504 nun
2652 2446 2942 2516 aliquando
2966 2454 3309 2516 nuncupatur
3332 2444 3505 2502 Filius
3529 2446 3745 2525 Delius

2152 2537 2304 2593 Felix
2331 2537 2466 2601 vult,
2495 2537 2592 2592 sed
2619 2550 2835 2607 semper
2857 2544 2960 2601 est,
2988 2544 3049 2590 ut
3070 2535 3325 2592 catholici
3371 2536 3615 2592 credunt.
3655 2536 3743 2593 ita

2154 2638 2276 2693 nos,
2314 2628 2460 2682 sicut
2501 2628 2695 2683 beatus
2728 2626 3091 2699 Hieronymus
3120 2628 3215 2691 ait,
3241 2625 3410 2681 Deum
3435 2628 3746 2684 hominem-

2154 2728 2261 2789 que
2288 2714 2596 2789 iungentes,
2637 2725 2693 2773 et
2716 2718 2886 2773 ﬁlium
2910 2717 3148 2775 hominis
3179 2718 3236 2773 in
3271 2716 3421 2784 Jesu,
3463 2727 3518 2774 et
3540 2718 3745 2775 Filium

2154 2809 2252 2864 Dri
2293 2818 2541 2864 tenemus
2567 2811 2622 2863 in
2653 2808 2893 2865 Christo.
2935 2808 3035 2865 Hic
3074 2811 3341 2880 sapientia
3382 2818 3641 2877 vertetur,
3679 2819 3747 2866 ut

2154 2900 2509 2973 Apocalypsis
2560 2885 2666 2956 ait:
2718 2900 2819 2957 ilic
2860 2902 3139 2972 promissa:
3178 2901 3407 2959 antidoti
3448 2905 3744 2975 aperienda

2155 2997 2350 3052 virtus.
2384 2996 2488 3052 ilic
2527 2995 2948 3051 Manichaeorum
2981 2996 3154 3062 virus,
3202 3003 3467 3054 terrestre
3515 3012 3748 3068 germen

2155 3088 2510 3156 Arianorum,
2534 3086 2739 3155 divino,
2763 3088 2811 3143 si
2854 3087 2961 3143 dici
2992 3087 3076 3143 ias
3111 3094 3215 3154 est,
3247 3088 3455 3144 semine
3484 3105 3749 3162 superan-

2160 3181 2288 3236 dum
2310 3189 2415 3237 est.

2230 3272 2448 3331 XXXV.
2509 3273 2838 3329 Memoratur
2890 3272 3022 3328 item
3075 3250 3231 3329 Felix
3275 3272 3406 3328 dicti
3454 3272 3748 3341 Dominici,

2159 3379 2269 3436 quo
2294 3366 2372 3420 ait
2398 3384 2412 3419 :
2443 3364 2614 3420 Nemo
2639 3365 2872 3419 ascendit
2906 3365 2964 3418 in
2996 3362 3181 3419 caelum
3214 3364 3316 3419 nisi
3356 3364 3448 3436 qui
3482 3363 3752 3419 descendit

2158 3460 2223 3515 de
2251 3458 2401 3524 caelo,
2448 3456 2595 3527 ﬁlius
2640 3457 2869 3512 hominis
2897 3456 2991 3528 qui
3019 3465 3093 3511 est
3121 3457 3178 3510 iu
3201 3455 3347 3510 caelo.
3376 3455 3446 3510 Et
3472 3456 3757 3527 subiungit

2160 3551 2388 3606 dicens:
2428 3548 2630 3603 iCerte
2677 3548 2894 3617 quando
2946 3547 3063 3602 hac
3110 3546 3452 3617 loquebatur,
3506 3548 3753 3605 nondum

2159 3642 2451 3697 eratﬁlius
2486 3642 2724 3697 hominis
2763 3641 2817 3695 in
2859 3640 2998 3695 coelo
3040 3654 3139 3711 per
3180 3647 3433 3695 naturam
3475 3640 3531 3695 in
3577 3642 3755 3696 susci-

2158 3733 2341 3806 piente
2369 3748 2448 3799 se,
2501 3733 2606 3788 hoc
2649 3740 2756 3798 est,
2806 3732 2864 3787 in
2899 3730 3037 3786 Filio
3074 3731 3189 3786 Dei.
3216 3746 3236 3783 ι
3275 3730 3383 3813 Sed
3403 3732 3530 3801 quia
3561 3747 3662 3805 ego
3692 3733 3754 3789 in

2156 3828 2277 3882 haec
2303 3825 2471 3880 Verba
2509 3825 2795 3879 advertere
2834 3830 2940 3879 non
2974 3834 3199 3892 possum
3241 3820 3371 3892 quid
3418 3822 3603 3878 dicere
3647 3838 3752 3879 vo-

2161 3917 2343 3983 luerit,
2373 3925 2466 3971 aut
2498 3915 2628 3985 quid
2655 3914 2909 3979 senserit,
2944 3914 3050 3969 ista
3078 3913 3383 3970 indiscussa
3415 3914 3749 3985 praetermit-

2162 4010 2348 4075 tenda,
2378 4016 2434 4065 et
2455 4007 2524 4063 ad
2549 4006 2656 4061 alia
2679 4005 2797 4076 ejus
2818 4003 3207 4060 transeundum
3228 4012 3345 4071 est;
3368 4005 3599 4060 maxime
3619 4004 3752 4075 quia

2161 4102 2423 4173 praedicta
2462 4099 2734 4156 dominica
2775 4097 2941 4153 verba
2985 4095 3231 4168 exposita
3260 4096 3442 4153 verbis
3468 4095 3616 4152 beati
3638 4095 3756 4151 Au-

2161 4192 2366 4265 gustini
2388 4202 2556 4261 supra
2585 4188 2885 4259 posuimus.

2235 4296 2478 4357 XXXVI.
2514 4297 2650 4355 item
2675 4297 2826 4353 Felix
2853 4315 2868 4351 :
2898 4296 3118 4363 tCerte,
3168 4295 3265 4363 ait;
3312 4295 3577 4353 catholica
3614 4295 3760 4353 ﬁdes

2166 4390 2340 4450 credit
2365 4389 2509 4462 quod
2533 4392 2638 4445 n‘dn
2662 4387 2916 4459 proprius
2944 4382 3041 4443 Dei
3061 4386 3252 4452 Filius,
3281 4386 3375 4458 qui
3399 4386 3465 4441 de
3491 4386 3756 4443 substan-

2167 4486 2241 4541 tia
2284 4478 2465 4540 Patris
2506 4481 2720 4554 genitus
2748 4486 2853 4546 est,
2896 4484 2952 4534 et
2980 4489 3081 4550 per
3124 4478 3305 4534 omnia
3347 4477 3496 4532 Patri
3530 4476 3756 4543 similis,

484 4578 661 4625 etnon
674 4566 921 4658 semper?
941 4564 1192 4658 Nunquid
1213 4571 1468 4647 appellari
1489 4583 1541 4627 et
1562 4574 1666 4627 non
1686 4572 1839 4629 esse?
1863 4572 2064 4629 Deinde
2088 4598 2143 4658 Ι)
2166 4572 2268 4648 pro
2294 4574 2449 4631 nobis
2474 4573 2708 4628 traditus
2734 4571 2825 4637 sit,
2855 4566 2951 4626 sed
2978 4564 3144 4625 homo
3169 4572 3478 4658 assumptus
3503 4568 3575 4624 ab
3606 4581 3696 4624 eo.
3728 4589 3751 4623 ι

484 4659 583 4726 ait,
634 4678 652 4711 ι
681 4657 747 4714 Et
767 4658 1003 4716 hominis
1033 4644 1171 4716 illius
1207 4660 1261 4716 in
1290 4644 1386 4717 Dei
1426 4661 1562 4716 Filio
1600 4658 1773 4717 Filius
1801 4661 1896 4717 Dei
1930 4674 2066 4717 nun-

486 4748 737 4822 cupatur.
770 4754 788 4803 i
823 4740 1075 4821 Nunquid
1111 4754 1453 4823 nuncupatur
1486 4750 1691 4807 tantum
1712 4796 1725 4819 ,
1754 4762 1808 4808 et
1829 4752 1936 4808 nun
1960 4753 2067 4809 est?

558 4828 798 4897 XXXIV.
836 4832 947 4895 Sed
980 4841 1110 4910 quia
1150 4840 1264 4896 scio
1301 4840 1495 4896 horum
1538 4843 1830 4897 verborum
1877 4859 2068 4915 quant-

489 4932 616 4991 dam
659 4930 1066 4988 similitudinem
1107 4944 1229 4988 esse
1266 4930 1320 4986 in
1364 4930 1521 4987 dictis
1545 4932 1690 4988 beati
1734 4932 2064 5007 Hieronymi,

489 5045 610 5099 qua:
632 5026 735 5084 i‘ste
756 5027 809 5082 in
830 5025 1000 5098 prima
1026 5038 1122 5080 sua
1144 5025 1485 5081 contentione
1503 5041 1672 5097 pravo
1694 5040 1852 5082 sensu
1876 5026 2071 5083 elicrre

492 5120 717 5187 solebat,
773 5118 1075 5183 videamus,
1122 5117 1168 5173 si
1209 5118 1276 5173 ab
1305 5114 1396 5173 illo
1422 5119 1577 5175 istius
1603 5122 1795 5175 sensus
1822 5127 1878 5175 et
1903 5120 2070 5175 verba

491 5224 601 5265 non
653 5204 1125 5289 discrepantnAlt
1178 5222 1412 5277 namque
1466 5208 1658 5265 beatus
1712 5209 2072 5283 Hieronymus

495 5297 652 5371 (Vide
696 5301 965 5373 integrum
1003 5298 1182 5358 locum
1223 5298 1536 5371 Hieronymi
1582 5290 1722 5355 intra
1763 5316 1883 5372 cap.
1936 5301 2067 5376 39):

501 5406 520 5440 ι
542 5388 641 5446 Hic
675 5389 816 5446 illius
849 5392 1083 5448 hominis
1118 5406 1214 5464 per
1250 5386 1342 5444 Dei
1376 5388 1594 5456 Filium,
1624 5384 1719 5446 Dei
1754 5406 1876 5447 esse
1904 5390 2073 5448 Filius

495 5478 554 5538 in
582 5480 679 5536 Dei
707 5478 843 5537 Filio
866 5486 1227 5552 promeretur.
1263 5480 1283 5536 δ
1321 5480 1462 5537 Ecce
1490 5482 1684 5536 beatus
1715 5479 2075 5553 Hieronymus

496 5570 629 5629 dicit
655 5578 765 5627 esse
781 5572 1126 5644 proni'eretur.
1162 5570 1316 5631 Fuli'x
1360 5568 1493 5629 dicit
1530 5568 1826 5644 appellatur
1857 5566 1913 5626 et
1940 5584 2076 5626 nun-

496 5674 737 5736 cupatur.
781 5663 941 5719 Certe
965 5665 1192 5721 multum
1220 5666 1398 5723 diﬂ'ert
1425 5666 1567 5721 inter
1588 5680 1698 5720 esse
1729 5668 2072 5735 premeretur,

497 5766 553 5813 et
577 5757 889 5829 appellatur,
916 5764 1012 5811 aut
1039 5770 1389 5828 nuncupatur.
1434 5756 1631 5825 Filius,
1668 5755 1862 5826 inquit,
1909 5755 2079 5810 homi-

498 5850 581 5905 m's
605 5851 662 5905 in
683 5850 782 5907 Dei
801 5848 945 5904 Filio
965 5848 1138 5903 Filius
1159 5850 1258 5905 Dei
1276 5867 1387 5906 esse
1424 5859 1768 5921 promeretur.
1808 5849 1969 5906 Certe
1999 5850 2080 5907 sic

2168 4666 2295 4726 Haec
2330 4665 2503 4722 Felix.
2542 4664 2652 4720 Nos
2682 4671 2865 4719 autem
2896 4659 3166 4718 dicimus:
3193 4657 3370 4727 Absit,
3402 4659 3563 4726 absit,
3593 4668 3654 4715 ut
3676 4661 3758 4718 ita

2168 4760 2437 4819 catholica
2478 4758 2613 4815 ﬁdes
2656 4757 2859 4821 credat,
2903 4764 3025 4825 quas
3060 4754 3179 4810 sine
3228 4752 3632 4810 intermissione
3656 4754 3759 4811 de-

2170 4844 2372 4916 cantat,
2397 4847 2619 4904 dicens:
2656 4844 2824 4900 Credo
2864 4845 2921 4897 in
2958 4843 3126 4897 Deum
3167 4840 3383 4896 Patrem
3425 4843 3761 4913 omnipoteii.

2169 4952 2293 5009 tem,
2333 4950 2381 4995 et
2402 4936 2665 4994 inlesum
2694 4934 2961 4991 Christum
2997 4930 3200 4987 Filium
3235 4933 3349 5003 ejus
3390 4934 3610 4989 unicum
3644 4933 3765 4989 Do-

2172 5034 2372 5087 minum
2407 5039 2667 5093 nostrum,
2713 5036 2897 5081 natum
2942 5024 3006 5079 de
3046 5022 3251 5095 Spiritu
3289 5031 3470 5078 sancto
3498 5033 3547 5078 et
3578 5023 3763 5081 Maria

2171 5125 2389 5195 virgine,
2440 5122 2654 5195 passum
2701 5118 2797 5174 sub
2850 5115 3043 5171 Pontio
3093 5114 3295 5181 Pilato,
3345 5115 3657 5185 ancilium
3713 5127 3765 5171 et

2142 5213 2451 5290 .sepultum.
2497 5211 2576 5267 ita
2622 5210 2768 5266 enim
2792 5207 3063 5265 catholica
3086 5207 3221 5262 iidcs
3246 5206 3439 5273 credit,
3470 5206 3613 5277 quod
3642 5206 3767 5275 ipse

2172 5304 2266 5377 qui
2287 5304 2454 5360 Filius
2492 5301 2591 5358 Dei
2631 5300 2811 5356 Patris
2849 5297 3242 5370 omnipotentis
3267 5305 3375 5365 est,
3406 5305 3466 5354 et
3488 5304 3650 5352 natus
3675 5308 3770 5354 est

2174 5394 2241 5452 de
2274 5393 2485 5466 Spiritu
2515 5398 2706 5449 sancto
2742 5400 2798 5445 et
2833 5391 3076 5463 Virgine,
3103 5390 3221 5460 ipse
3247 5390 3323 5445 sit
3346 5402 3446 5460 pro
3466 5387 3626 5443 nobis
3647 5396 3770 5444 tra-

2174 5486 2340 5555 ditus,
2370 5487 2485 5559 ipse
2516 5484 2726 5557 passus,
2775 5480 2893 5553 ipse
2931 5482 3243 5547 cruciﬁxus,
3285 5485 3534 5536 mortuus
3577 5485 3635 5535 et
3676 5494 3768 5536 ae-

2173 5576 2378 5649 pultus,
2408 5577 2630 5649 ipseque
2656 5574 3041 5639 resurrexerit,
3066 5571 3373 5629 ascenderit
3395 5570 3465 5626 ad
3488 5568 3679 5636 celos,
3708 5580 3772 5627 et

2177 5667 2363 5723 sedeat
2404 5682 2550 5722 nunc
2590 5663 2658 5721 ad
2683 5666 2965 5721 dexteram
3006 5663 3208 5729 Patris,
3249 5671 3308 5718 et
3332 5663 3481 5730 inde,
3514 5661 3619 5719 hoc
3653 5673 3768 5727 est,

2177 5758 2245 5815 de
2274 5758 2497 5814 dextera
2527 5758 2727 5823 Patris,
2760 5765 3024 5813 venturus
3048 5756 3119 5810 sit
3161 5754 3228 5809 ad
3258 5752 3580 5821 iudicandos
3608 5756 3772 5813 vivos

2177 5857 2233 5905 et
2259 5860 2521 5907 mortuos.
2571 5850 2678 5906 Sed
2700 5850 2845 5920 quia,
2895 5858 2957 5909 ut
2995 5846 3245 5917 superius
3277 5847 3421 5918 (cap.
3461 5847 3554 5921 25)
3581 5849 3774 5907 verbis
