4048 6178
296 357 368 412 63
1271 349 1334 405 S.
1366 341 1716 406 AGOBARDI
1756 339 2066 401 EPISCOPI
2098 344 2587 406 LUGDUNENSIS
2833 366 2836 371 '
3501 358 3572 416 64

299 483 407 538 que
449 471 632 538 caput.
673 463 792 520 Non
831 462 976 519 enim
1018 462 1085 517 ad
1122 475 1182 517 se
1237 460 1438 517 dicitur
1478 466 1662 530 caput,
1694 454 1789 512 sed
1817 453 1885 509 ad
1911 457 1962 515 A
1989 475 2121 531 ergo
2138 476 2244 517 non
2263 463 2468 527 omnia,
2487 463 2583 519 sed
2600 463 2799 536 aliqua,
2817 465 2960 522 sicut
2987 466 3042 523 in
3063 469 3318 528 omnibus
3345 488 3454 529 non
3477 473 3572 530 ali-

299 574 515 628 corpus.
547 556 655 612 Sed
678 565 858 610 tamen
889 554 1082 610 modus
1118 561 1176 609 et
1207 553 1467 610 discretio
1513 550 1743 606 tenenda
1772 557 1876 614 est,

302 650 536 722 qualiter
555 649 809 702 dicantur
846 662 955 700 una
995 662 1251 717 persona.
1284 645 1474 716 Neque
1500 644 1648 700 enim
1689 640 1882 696 eodem

303 742 464 796 modo
495 756 602 809 quo
630 741 687 794 in
711 738 849 794 Filio
893 739 990 794 Dei
1017 739 1275 805 Verbum,
1325 745 1381 793 et
1421 751 1664 801 carnem,
1715 748 1883 788 unam

301 831 573 886 credimus
619 831 838 885 omnino
865 845 988 886 esse
1015 845 1327 901 personam,
1386 844 1496 884 non
1536 825 1885 896 coniunctam

300 939 368 977 ex
389 923 594 978 duabus
637 924 909 994 personis,
951 924 1046 978 sed
1069 937 1134 978 ex
1163 923 1374 978 duabus
1403 921 1755 985 substantiis;
1794 935 1886 975 eo-

305 1015 426 1069 dem
474 1015 639 1070 etiam
694 1016 857 1070 modo
904 1015 1200 1070 creduntur
1244 1013 1494 1068 Christus
1541 1020 1597 1067 et
1642 1011 1884 1065 Ecclesia

303 1119 410 1160 una
447 1121 569 1162 esse
600 1121 852 1176 persona,
880 1121 1001 1175 qua:
1029 1103 1320 1171 conjuncta
1348 1110 1432 1156 est
1458 1116 1525 1155 ex
1558 1099 1743 1154 multis
1762 1115 1887 1170 per-

303 1199 474 1263 sonis,
529 1213 648 1266 quae
695 1199 875 1251 unitas
925 1210 1192 1265 personae,
1241 1195 1296 1248 id
1343 1203 1449 1260 est,
1480 1193 1682 1250 Christi
1723 1204 1888 1266 atque

303 1288 579 1352 Ecclesiae,
613 1288 668 1340 in
695 1287 888 1356 spiritu
924 1285 1111 1355 utique
1137 1293 1242 1350 est,
1279 1301 1388 1340 non
1418 1286 1472 1340 in
1508 1302 1754 1357 corpore.
1795 1285 1887 1342 Sic

303 1379 449 1434 enim
476 1379 633 1434 docet
659 1379 942 1449 diligenter
968 1377 1278 1448 Apostolus,
1329 1379 1514 1435 dicens
1538 1397 1550 1433 :
1583 1380 1753 1434 Nemo
1787 1397 1886 1450 po-

303 1478 398 1524 test
428 1470 618 1535 dicere,
667 1470 923 1525 Dominus
971 1468 1150 1535 Jesus,
1196 1471 1302 1524 nisi
1338 1472 1394 1525 in
1437 1470 1637 1542 Spiritu
1683 1482 1884 1527 sancto.

304 1566 596 1620 Divisiones
625 1582 742 1620 vero
761 1565 1049 1636 gratiarum
1066 1565 1264 1630 insunt,
1288 1565 1425 1618 idem
1445 1572 1619 1618 autem
1636 1563 1884 1634 Spiritus.

303 1656 374 1710 Et
407 1657 683 1711 divisiones
711 1657 1156 1710 ministrationum
1193 1665 1335 1720 sunt,
1381 1654 1519 1709 idem
1559 1664 1734 1709 autem
1779 1655 1889 1709 Do-

306 1747 500 1801 minus.
553 1746 621 1800 Et
663 1747 940 1800 divisiones
993 1747 1354 1816 operationum
1401 1754 1542 1812 sunt,
1595 1748 1732 1800 idem
1770 1763 1886 1800 vero

305 1839 474 1901 Deus,
503 1840 592 1908 qui
619 1847 862 1908 operatur
889 1838 1064 1892 omnia
1089 1839 1144 1891 in
1167 1836 1424 1892 omnibus.
1455 1835 1746 1910 Unicuique
1788 1855 1888 1892 au-
1915 1814 1963 1874 Β

307 1943 409 1987 tem
456 1933 616 1986 datur
664 1931 1015 2000 manifestatio
1065 1929 1296 2000 Spiritus
1334 1931 1402 1984 ad
1443 1929 1743 1985 utilitatem.
1786 1930 1892 1985 Alii

305 2024 513 2095 quidem
545 2024 704 2078 datur
737 2040 828 2094 per
862 2023 1119 2094 Spiritum
1155 2040 1324 2077 sermo
1351 2024 1645 2094 sapientia',
1671 2022 1765 2076 alii
1794 2039 1892 2076 au-

308 2127 411 2172 tem
447 2133 617 2171 sermo
643 2117 874 2170 scientia:
911 2115 1195 2170 secundum
1228 2115 1465 2170 eumdem
1507 2114 1784 2184 Spiritum,
1819 2114 1894 2168 al-

306 2208 406 2260 teri
427 2206 557 2274 ﬁdes
587 2207 641 2259 in
667 2206 846 2259 eodem
883 2204 1110 2276 Spiritu,
1154 2204 1249 2258 alii
1291 2206 1464 2276 gratia
1505 2207 1792 2260 sanitatum
1837 2207 1892 2260 in

306 2313 412 2350 uno
456 2294 678 2366 Spiritu,
718 2294 814 2348 alii
859 2293 1092 2364 operatio
1137 2294 1407 2356 virtutum,
1458 2292 1552 2347 alii
1596 2294 1890 2364 prophetia,

313 2386 409 2441 alii
451 2388 696 2442 discretio
732 2387 1035 2458 spirituum,
1079 2386 1174 2440 alii
1214 2403 1404 2457 genera
1444 2386 1767 2457 linguarum,
1798 2387 1892 2441 alii

306 2479 665 2550 interpretatio
694 2496 1013 2534 sermonum.
1057 2478 1188 2533 IIwc
1221 2489 1394 2532 autem
1439 2480 1615 2533 omnia
1646 2488 1894 2550 operatur
1929 2502 1936 2509 ·

309 2587 448 2624 unus
505 2580 660 2641 atque
715 2569 854 2624 idem
903 2569 1152 2640 Spiritus,
1189 2569 1425 2624 dividens
1471 2569 1693 2639 singulis
1739 2579 1893 2638 prout

306 2660 436 2714 vult.
471 2659 617 2726 Sicut
645 2661 781 2715 enim
813 2677 1000 2730 corpus
1045 2677 1210 2714 unum
1253 2669 1347 2726 est,
1385 2671 1432 2715 et
1467 2661 1700 2716 membra
1740 2661 1893 2716 habet

307 2753 511 2818 multa,
571 2754 747 2806 omnia
798 2762 973 2806 autem
1032 2753 1260 2806 membra
1321 2754 1553 2824 corporis
1611 2769 1732 2808 cum
1785 2754 1891 2808 sint

307 2841 498 2907 multa,
524 2858 685 2896 unum
709 2858 896 2912 corpus
930 2850 1086 2905 sunt;
1125 2841 1199 2894 ita
1221 2850 1269 2894 et
1296 2840 1553 2897 Christus.
1596 2843 1805 2898 Etenim
1838 2847 1894 2898 in

310 2948 415 2985 uno
457 2931 657 3002 Spiritu
706 2947 881 2985 omnes
941 2947 1034 2984 nos
1080 2930 1134 2984 in
1190 2947 1353 2985 unum
1405 2948 1593 3002 corpus
1641 2932 1894 3002 baptizati

308 3039 511 3088 sumus,
536 3023 640 3076 sive
664 3022 864 3087 Judtci,
905 3023 1010 3077 sive
1035 3020 1288 3086 Gentiles,
1332 3023 1438 3076 sive
1472 3024 1626 3088 servi,
1680 3024 1782 3078 sive
1827 3023 1893 3077 li-

311 3118 442 3184 beri,
463 3129 511 3174 et
538 3136 711 3174 omnes
735 3136 838 3173 uno
865 3117 1064 3188 Spiritu
1097 3119 1262 3188 potati
1291 3135 1490 3172 sumus.
1526 3117 1664 3171 Nam
1693 3127 1742 3172 et
1769 3135 1888 3172 cor-

1987 567 2113 622 qua,
2128 555 2221 608 sed
2237 554 2437 610 omnia.
2454 554 2678 611 Divinus
2701 555 2925 629 [Dividit
2936 558 2982 631 ?]
3000 558 3236 631 Spiritus
3256 565 3482 635 gratias,
3495 566 3573 623 di-

1984 644 2120 699 vidit
2148 644 2410 702 Dominus
2445 647 2894 714 ministrationes,
2921 651 3112 707 dividit
3132 653 3274 711 Deus
3300 658 3572 726 operatio-

1987 750 2103 789 nes.
2122 733 2324 792 Sancta
2347 737 2604 806 Trinitas,
2620 756 2762 796 unus
2783 740 3036 798 videlicet
3053 741 3215 811 Deus,
3239 748 3332 816 qui
3349 757 3406 805 et
3426 764 3572 808 nunc

1985 835 2244 896 cperatur
2267 829 2447 884 omnia
2474 830 2530 885 in
2554 833 2826 898 omnibus,
2854 840 2911 887 et
2935 831 2991 888 in
3021 832 3203 890 futuro
3243 839 3348 894 erit
3386 842 3571 897 omnia

1988 917 2044 971 in
2064 917 2334 982 omnibus,
2369 928 2423 974 et
2448 920 2503 974 in
2529 921 2778 992 singulis.
2815 921 2922 979 Sed
2954 923 3081 994 quia
3107 927 3288 981 omnia
3322 943 3420 997 per
3451 944 3570 985 me-

1987 1007 2253 1064 diatorem
2283 1009 2379 1064 Dei
2402 1019 2458 1066 et
2477 1010 2757 1068 hominum
2786 1013 2942 1081 ﬁunt,
2980 1017 3073 1086 qui
3099 1025 3186 1072 est
3211 1018 3399 1088 utique
3427 1019 3571 1077 Deus

1987 1110 2045 1156 et
2066 1103 2260 1168 homo;
2316 1103 2437 1158 ideo
2479 1103 2676 1158 dicitur
2701 1114 2861 1162 etest
2885 1107 3001 1178 ipse
3025 1108 3294 1164 mediator
3320 1109 3572 1168 Christus

1989 1201 2151 1263 caput
2207 1193 2483 1250 Ecclesiae.
2538 1194 2722 1250 Omnis
2763 1197 2861 1250 viri
2903 1208 3058 1268 caput
3097 1198 3338 1256 Christus
3363 1211 3458 1269 est,
3493 1203 3573 1259 ait

1988 1282 2298 1354 Apostolus,
2327 1284 2526 1354 (omnis
2547 1285 2756 1340 scilicet
2775 1285 2876 1340 viri
2909 1301 2977 1341 ex
3007 1289 3204 1357 quibus
3226 1299 3438 1348 constat
3455 1307 3570 1348 om-

1987 1374 2074 1430 nis
2113 1374 2378 1446 Ecclesia)
2420 1385 2577 1445 caput
2605 1393 2722 1431 vero
2758 1375 2954 1432 Christi
2984 1377 3128 1434 Deus
3163 1379 3216 1451 (Ι
3240 1378 3362 1436 Cor.
3386 1399 3464 1448 xi,
3487 1383 3565 1456 3).

1990 1466 2103 1523 Hoc
2130 1468 2311 1539 itaque
2335 1469 2495 1526 modo
2534 1484 2635 1524 nos
2672 1468 2951 1526 Christum
2985 1479 3041 1525 et
3076 1471 3375 1528 Ecclesiam
3407 1488 3572 1530 unam

1990 1557 2257 1615 fateamur
2285 1575 2408 1616 esse
2433 1575 2740 1630 personam.
2768 1559 2919 1616 Felix
2947 1570 3150 1628 autem,
3182 1563 3307 1634 quia
3337 1565 3572 1635 quadam

1989 1650 2258 1708 indecenti
2283 1652 2490 1708 ratione
2513 1652 2707 1708 referri
2730 1652 2860 1708 dicit
2880 1653 2948 1707 ad
2968 1668 3166 1724 corpus
3191 1669 3256 1711 ea
3277 1671 3397 1726 quae
3423 1658 3574 1728 capi-

1991 1741 2062 1795 tis
2099 1749 2248 1807 sunt,
2291 1741 2614 1797 conﬁrmare
2655 1742 2846 1797 nititur
2888 1744 3031 1814 quod
3061 1759 3126 1799 ea
3153 1760 3274 1813 qum
3296 1760 3326 1799 a
3357 1744 3574 1803 Christo

1991 1831 2189 1902 accipit
2221 1831 2487 1897 Ecclesia,
2530 1831 2620 1886 illa
2659 1831 2766 1888 sint
2811 1849 2931 1903 quae
2970 1833 3172 1890 Christi
3198 1849 3319 1890 esse
3354 1837 3574 1904 astruit,

1992 1921 2171 1986 idest,
2199 1923 2394 1993 gratia,
2443 1922 2684 1993 adoptio,
2735 1923 2949 1990 electio,
2994 1931 3050 1978 et
3081 1935 3300 1981 caetera.
3347 1925 3576 1997 Propter

1991 2016 2134 2085 quod
2155 2024 2212 2069 ct
2237 2015 2548 2071 testimonio
2576 2016 2873 2086 apostolico
2906 2017 3193 2072 conﬁrmat
3221 2026 3277 2073 et
3305 2019 3578 2074 concludit

1993 2106 2180 2161 dicens
2206 2125 2217 2159 :
2246 2106 2351 2172 Qui
2395 2106 2545 2176 elegit
2597 2123 2690 2161 nos
2721 2109 2777 2162 in
2810 2108 2924 2177 ipso
2951 2119 3072 2163 ante
3098 2111 3279 2163 mundi
3325 2112 3578 2166 constitu-

1992 2197 2206 2263 tionem,
2235 2199 2326 2268 qui
2350 2198 2740 2268 prredestinavit
2777 2215 2869 2254 nos
2899 2199 2954 2254 in
2984 2201 3313 2270 adoptionem
3339 2201 3577 2270 ﬁliorum

1992 2304 2086 2358 per
2121 2287 2303 2342 Iesum
2359 2287 2623 2343 Christum
2682 2289 2738 2342 in
2784 2289 2896 2360 ipso
2943 2289 3160 2362 (Ephes.
3205 2307 3244 2356 ι,
3282 2291 3360 2361 4).
3410 2291 3579 2359 Quasi

1993 2378 2286 2447 Apostolus
2341 2378 2549 2434 diceret
2594 2394 2608 2433 :
2658 2379 2800 2434 Deus
2857 2397 2912 2434 in
2969 2378 3186 2436 Christo
3233 2385 3334 2438 nes
3379 2381 3576 2454 elegit,

1994 2470 2212 2540 quando
2249 2468 2400 2524 illum
2436 2469 2630 2541 elegit;
2667 2469 2722 2525 in
2753 2471 2869 2540 ipso
2905 2486 3004 2526 nos
3036 2487 3136 2542 per
3167 2472 3343 2542 ipsum
3367 2475 3576 2544 praide-

1995 2561 2216 2616 stinavit
2235 2561 2292 2615 in
2311 2561 2654 2631 adoptionem
2677 2561 2930 2628 ﬁliorum,
2957 2565 3172 2633 quando
3199 2571 3254 2618 et
3275 2563 3420 2618 illum
3444 2579 3578 2634 pras-

1995 2651 2289 2706 destinavit
2331 2651 2387 2706 in
2437 2652 2782 2722 adoptionem
2826 2651 2940 2716 ﬁlii,
2999 2661 3060 2708 ut
3093 2662 3239 2709 esset
3283 2655 3576 2711 secundum

1995 2745 2392 2800 humanitatem
2449 2744 2734 2814 adoptivus
2791 2744 2952 2801 ﬁlius.
3017 2745 3166 2800 Talis
3213 2748 3434 2803 omnino
3479 2748 3578 2806 fuit

1996 2848 2189 2890 sensus
2214 2835 2441 2900 Felicis;
2489 2843 2546 2890 et
2565 2845 2856 2906 propterea
2881 2835 2910 2875 ιι
2934 2835 3000 2890 de
3045 2836 3256 2891 unitate
3299 2836 3500 2893 Christi
3526 2847 3580 2895 et

1996 2923 2250 2981 Ecclesia:
2293 2926 2542 2996 loquens,
2584 2941 2650 2981 ea
2680 2941 2800 2996 quae
2830 2925 3023 2997 capitis
3061 2935 3189 2981 sunt
3234 2926 3423 2984 referri
3444 2929 3579 2984 dixit

1995 3015 2065 3069 ad
2087 3031 2316 3085 corpus;
2345 3017 2410 3071 de
2433 3016 2630 3086 quibus
2647 3015 2760 3086 jam
2783 3031 2945 3086 supra
2972 3015 3300 3071 sullicienter
3321 3017 3579 3084 diximus,

1994 3119 2233 3177 congrua
2264 3104 2619 3178 adjungentes
2643 3106 2867 3161 Patrum
2900 3106 3228 3170 testimonia,
3252 3122 3372 3176 qum
3401 3117 3578 3163 osten-

309 3226 408 3280 pus
430 3181 546 3263 non
581 3219 655 3263 est
694 3225 856 3262 unum
901 3181 1210 3272 membrum,
1237 3206 1328 3261 sed
1357 3206 1522 3260 multa
1553 3206 1604 3279 (I
1636 3206 1758 3261 Cor.
1791 3224 1888 3274 xu,
1919 3181 1964 3246 (ἶ
1996 3198 2190 3253 derent
2210 3205 2398 3252 mutuo
2418 3197 2576 3251 aliter
2599 3197 3028 3268 intelligendum,
3051 3195 3358 3266 ubicunque
3381 3198 3580 3268 gratia,

313 3299 489 3371 5-H).
516 3300 654 3354 Ecce
694 3299 985 3370 Apostolus
1026 3299 1305 3353 evidenter
1342 3299 1579 3353 ostendit
1624 3300 1894 3369 quomodo

313 3393 605 3449 credantur
637 3392 886 3447 Christus
911 3401 966 3446 et
995 3391 1234 3446 Ecclesia
1266 3406 1373 3446 una
1399 3407 1662 3460 persona;
1713 3392 1897 3448 videli-

229 3523 253 3530 --
313 3492 420 3550 cet,
466 3485 592 3552 quia
634 3497 742 3537 uno
785 3482 989 3552 Spiritu
1030 3483 1223 3552 potati,
1262 3482 1318 3536 in
1349 3497 1457 3536 uno
1489 3481 1691 3553 Spiritu
1713 3483 1892 3552 bapti-

281 3579 442 3642 ‘zati,
470 3593 637 3631 unum
665 3591 861 3646 corpus
899 3576 1075 3633 ctfecti
1115 3592 1214 3647 per
1256 3575 1520 3647 Spiritum
1561 3577 1763 3632 Christi
1805 3592 1892 3633 se-

311 3668 547 3723 cundum
587 3667 855 3732 eumdem,
899 3668 1036 3723 etin
1073 3668 1262 3722 eodem
1298 3667 1353 3722 in
1399 3683 1508 3723 uno
1541 3667 1746 3738 Spiritu
1785 3669 1896 3723 sin-

313 3760 453 3832 gulis
499 3760 809 3815 hominibus
849 3759 1077 3815 diversa:
1101 3759 1290 3830 gratia:
1316 3760 1541 3824 dantur;
1572 3759 1646 3813 ita
1669 3766 1727 3812 ut
1754 3775 1896 3816 unus

313 3868 382 3907 ex
404 3867 632 3922 corpore
654 3853 834 3916 homo,
861 3867 966 3907 non
989 3867 1178 3906 omnes
1199 3851 1402 3922 gratias
1425 3851 1681 3916 habeant,
1706 3866 1894 3908 omnes

313 3949 774 4012 ministrationes,
813 3961 1002 4002 omnes
1043 3948 1393 4018 operationes
1429 3946 1636 4002 infusas
1680 3947 1735 4002 in
1775 3963 1895 4004 cor-

311 4055 444 4110 pore
467 4053 565 4108 per
598 4052 763 4092 unum
795 4045 958 4106 caput
985 4037 1282 4093 Christum.
1325 4037 1554 4108 Propter
1590 4039 1734 4108 quod
1763 4039 1895 4095 dicit

313 4129 370 4184 in
398 4127 504 4182 alio
533 4127 651 4182 loco
678 4145 690 4179 :
723 4125 784 4181 Si
814 4127 930 4196 quis
951 4135 1124 4180 autem
1149 4125 1404 4197 Spiritum
1433 4125 1629 4182 Christi
1665 4144 1770 4183 non
1799 4129 1895 4183 ha-

315 4222 416 4286 bet,
445 4221 528 4273 hic
555 4236 660 4273 non
688 4227 761 4273 est
785 4219 920 4290 ejus.
963 4217 1021 4273 Si
1057 4229 1230 4273 autem
1269 4217 1510 4274 Christus
1537 4221 1593 4272 in
1625 4221 1764 4274 vobis
1795 4231 1892 4286 est,

315 4329 502 4383 corpus
527 4311 738 4382 quidem
769 4320 1032 4365 mortuum
1065 4320 1138 4365 est
1167 4320 1378 4381 propter
1403 4320 1690 4381 peccatum,
1721 4312 1894 4383 Spiri-

313 4415 397 4459 tus
417 4421 536 4459 vero
566 4404 685 4458 vivit
717 4413 925 4475 propter
937 4403 1396 4474 justiﬁcationem.
1432 4405 1572 4460 Ecce
1595 4420 1692 4474 per
1717 4405 1893 4477 Spiri-

312 4505 427 4552 tum
452 4497 652 4553 Christi
675 4496 940 4552 ellicimur
987 4496 1103 4566 ejus
1150 4496 1413 4551 membra.
1464 4496 1653 4552 Elfecti
1711 4504 1892 4552 autem

310 4591 553 4646 membra
599 4589 735 4660 ejus,
787 4591 1036 4647 Christus
1085 4591 1138 4647 in
1183 4592 1342 4647 nobis
1380 4601 1485 4650 est.
1515 4601 1572 4646 et
1599 4593 1702 4646 hoc
1731 4591 1892 4646 modo

309 4695 335 4724 ι
365 4693 526 4755 caput
567 4692 650 4739 est
686 4692 953 4749 nostrum,
994 4682 1045 4738 id
1087 4691 1173 4739 est
1208 4683 1483 4748 Ecclesize,
1515 4683 1608 4752 qui
1635 4676 1892 4752 Operatur

308 4777 490 4832 omnia
531 4791 640 4831 non
681 4775 736 4829 in
774 4773 1023 4845 singulis,
1063 4775 1158 4830 sed
1183 4774 1237 4829 in
1267 4775 1538 4830 omnibus.
1578 4773 1633 4828 lu
1663 4774 1890 4846 singulis

1918 4543 1970 4603 D

1995 3290 2210 3355 electio,
2248 3289 2677 3359 praedestinatio,
2719 3288 3040 3359 assumptio,
3071 3288 3153 3342 vel
3184 3289 3400 3360 adoptio
3426 3296 3578 3345 sonat

1995 3383 2050 3439 in
2080 3382 2239 3438 dictis
2261 3389 2575 3437 sanctorum
2595 3381 2838 3436 Patrum.

2065 3491 2352 3548 XXXVIII.
2392 3491 2545 3559 Quod
2578 3500 2636 3546 ut
2674 3491 2888 3547 facilius
2921 3507 3066 3548 nunc
3099 3493 3295 3547 iterum
3333 3495 3582 3551 ostenda-

1994 3601 2144 3650 mus,
2186 3585 2429 3640 dicamus
2464 3583 2697 3654 exempli
2735 3599 2923 3639 causa.
2965 3584 3119 3654 Legit
3146 3584 3298 3642 Felix
3334 3585 3388 3640 iu
3423 3587 3582 3642 beato

1993 3675 2297 3746 Augustino
2331 3693 2344 3729 :
2405 3674 2630 3730 Verbum
2665 3676 2764 3730 Dei
2801 3677 2974 3748 gratia
3012 3679 3239 3748 suscepit
3274 3678 3584 3745 hominem;

1997 3767 2093 3822 sed
2123 3783 2234 3822 non
2263 3767 2402 3822 bene
2431 3767 2582 3822 novit
2613 3767 2924 3831 discernere
2951 3765 3104 3835 cujus
3132 3767 3203 3822 sit
3232 3768 3336 3822 ista
3367 3768 3546 3838 gratia
3565 3807 3584 3836 ,

1999 3873 2029 3912 a
2069 3871 2177 3928 quo
2199 3898 2214 3922 ,
2251 3865 2346 3911 aut
2383 3857 2471 3912 cui
2507 3857 2758 3928 largitur.
2795 3855 3048 3927 Largitur
3085 3857 3272 3928 utique
3311 3872 3342 3912 a
3374 3857 3513 3921 Deo,
3551 3872 3586 3913 a

1997 3953 2178 4008 Verbo
2210 3951 2306 4006 Dei
2337 3960 2546 4006 naturae
2573 3951 2824 4006 humana:
2843 3991 2859 4016 ,
2896 3958 2957 4004 ut
2984 3950 3310 4020 suscipiatur
3338 3950 3393 4004 in
3421 3949 3581 4018 Filio,

1995 4053 2056 4098 ut
2084 4045 2156 4100 sit
2184 4060 2306 4100 cum
2337 4045 2448 4100 ﬁlio
2476 4061 2616 4100 unus
2644 4043 2835 4109 Filius,
2867 4051 2923 4098 et
2950 4043 3251 4098 habeamus
3281 4058 3379 4099 nos
3406 4044 3458 4097 in
3491 4043 3586 4101 illo

1994 4137 2267 4207 primitias
2305 4139 2623 4193 substantiae
2656 4144 2890 4201 nostrae,
2928 4136 3019 4205 qui
3063 4143 3146 4190 est
3179 4150 3342 4191 verus
3377 4134 3582 4200 Filius,

1999 4237 2056 4285 et
2086 4231 2339 4300 prOprius
2363 4229 2555 4284 Filius.
2593 4228 2710 4284 Non
2739 4227 2885 4282 enim
2912 4226 3108 4282 merito
3136 4227 3494 4282 humanitatis
3518 4225 3586 4281 il-

1996 4319 2102 4374 lius
2146 4326 2412 4389 suscepta:
2456 4327 2584 4374 sunt
2626 4319 2680 4372 in
2725 4333 2956 4388 persona
3005 4316 3168 4372 Verbi
3215 4317 3342 4387 ipsa:
3382 4325 3585 4373 nostra!

1994 4410 2251 4481 primitiae
2271 4451 2284 4474 ,
2325 4409 2418 4465 sed
2447 4409 2823 4464 misericordia
2853 4416 2908 4464 et
2933 4409 3105 4479 gratia
3132 4409 3248 4479 ejus
3271 4423 3371 4479 pro
3395 4417 3586 4466 nostra

1997 4503 2390 4574 redemptione.
2433 4501 2501 4556 Et
2539 4502 2654 4556 haec
2681 4508 2766 4556 est
2795 4500 2967 4572 gratia
2999 4499 3090 4556 illa
3121 4515 3285 4570 quam
3311 4515 3587 4556 commen-

1999 4592 2092 4647 dat
2126 4592 2430 4647 eatholicus
2465 4593 2673 4647 doctor.
2709 4590 2861 4645 Felix
2897 4598 3078 4645 autem
3133 4605 3240 4644 non
3296 4589 3372 4644 ita
3420 4590 3579 4644 intel-

2000 4683 2160 4750 lexit;
2190 4683 2285 4739 sed
2304 4683 2516 4753 putavit
2537 4697 2569 4738 e
2587 4682 2861 4738 contrario
2883 4682 3026 4738 hanc
3067 4681 3299 4754 gratiam
3345 4697 3377 4736 a
3419 4680 3584 4738 Patre

1998 4774 2137 4831 Filio
2174 4774 2427 4846 largitam
2455 4815 2470 4840 ,
2509 4782 2570 4830 ut
2607 4775 2926 4845 dignaretur
2959 4787 3086 4828 eum
3123 4787 3191 4829 ex
3229 4772 3585 4828 humanitatis

1648 4885 1922 4942 BALUle
1958 4885 2192 4944 NOTAE.

313 5023 332 5057 ι
381 5003 550 5058 Porro
598 4999 874 5056 Christum
932 5004 988 5052 et
1039 4996 1356 5060 Ecclesiam,
1385 5013 1550 5053 unam
1602 5014 1891 5068 personam

307 5089 426 5131 esse
445 5090 555 5128 non
575 5072 866 5128 nescimus.
892 5068 959 5123 Et
987 5069 1106 5124 ideo
1134 5083 1253 5137 qua:
1282 5069 1538 5124 Ecclesiae
1572 5078 1716 5136 sunt,
1735 5071 1894 5126 Chri-

307 5145 379 5200 sti
406 5151 563 5209 sunt;
611 5151 665 5196 et
689 5158 809 5212 qua!
846 5139 1103 5212 Ecclesiae
1148 5138 1472 5212 olferuntur,
1494 5138 1711 5196 Christo
1759 5141 1891 5197 oll‘e-

307 5222 502 5271 runtur
518 5221 644 5284 ;_77et
687 5208 808 5283 qua:
843 5213 917 5284 ab
968 5210 1218 5284 Ecclesia
1239 5208 1355 5278 ejus
1383 5210 1674 5284 tolluntur,
1705 5213 1894 5284 procul

309 5284 473 5341 dubio
522 5281 738 5339 Christo
784 5283 1064 5338 tolluntur.
1129 5301 1147 5334 ›
1199 5281 1330 5336 Item
1363 5282 1545 5350 capite
1567 5281 1671 5336 505
1703 5281 1722 5337 Ξ
1753 5301 1772 5335 ‹
1826 5285 1897 5339 Et

309 5355 436 5426 quia
474 5351 756 5426 Christum
807 5361 864 5426 et
904 5353 1205 5410 Ecclesiam
1249 5367 1412 5406 unam
1429 5367 1738 5426 _per_sonam
1773 5370 1896 5410 esse

308 5423 576 5481 veraciter
633 5423 994 5495 agnoscimus,
1041 5438 1376 5495 quaecunque
1429 5423 1684 5495 Ecclesiae
1732 5433 1890 5490 sunt,

308 5495 509 5553 Christi
531 5499 672 5564 sunt.
699 5511 717 5544 ι
737 5491 1015 5558 Quomodo
1037 5491 1217 5552 autem
1239 5491 1354 5549 haec
1383 5493 1729 5564 intelligenda
1761 5496 1891 5562 sint,

311 5573 497 5636 aperte
524 5561 762 5636 explicat
781 5573 1168 5636 isanctusgpapa
1197 5565 1490 5636 Gregorius
1529 5561 1582 5618 in
1613 5565 1752 5622 libro
1776 5581 1895 5636 ﬁxux

365 5631 681 5695 eranum—in
694 5631 830 5708 30b,
861 5649 978 5708 cap.
1007 5631 1067 5690 fl
1099 5631 1191 5692 ubi
1234 5631 1348 5692 haec
1370 5635 1621 5708 leguntur
1647 5651 1662 5690 :
1701 5653 1720 5687 ‹
1755 5635 1892 5704 Quia

312 5708 589 5770 Christum
608 5713 664 5762 et
694 5703 1013 5777 Ecclesiam,
1039 5721 1205 5777 unam
1237 5721 1356 5762 esse
1384 5703 1672 5777 personam
1702 5703 1895 5764 crebro

314 5794 426 5852 jam
453 5778 708 5844 diximus,
740 5775 890 5833 illum
917 5775 1168 5832 videlicet
1215 5775 1664 5850 hujus’corporis
1711 5788 1895 5850 caput,

2000 5002 2349 5075 hanc_autem
2375 5001 2517 5057 illius
2545 5003 2741 5075 capitis
2766 5019 2985 5074 corpus,
3005 5011 3113 5060 etc.
3146 5023 3164 5058 ι

2073 5084 2099 5111 ιι
2140 5071 2310 5143 Caput
2333 5082 2408 5146 est
2436 5071 2689 5146 nostrum.
2723 5074 2781 5129 In
2814 5071 2917 5140 m's,
2949 5078 3029 5130 sic
3056 5075 3275 5146 legitur,
3306 5084 3464 5146 caput
3506 5086 3586 5134 est

2001 5141 2140 5216 Xpm
2171 5160 2188 5197 :
2214 5141 2358 5216 quod
2390 5144 2464 5216 ita
2490 5143 2594 5215 legi
2641 5145 2836 5216 debet,
2855 5155 3010 5216 caput
3051 5141 3136 5216 est
3165 5141 3451 5216 Christum,
3474 5164 3583 5216 quo

2001 5214 2161 5287 modo
2190 5215 2353 5287 etiam
2383 5214 2587 5287 editum
2616 5223 2700 5287 est
2727 5231 2758 5270 a
2789 5214 3058 5272 Masscno.
3105 5214 3212 5287 Sed
3249 5217 3365 5287 ipse
3396 5217 3452 5271 in
3479 5214 3582 5273 Er-

2002 5285 2139 5340 ratis
2164 5284 2444 5356 admronuit
2471 5284 2794 5356 legiidehere
2821 5295 3078 5341 nostrum.
3115 5286 3182 5341 Et
3224 5284 3354 5343 sane
3398 5302 3586 5345 neces-

2003 5356 2146 5428 saria
2176 5363 2259 5410 est
2282 5355 2386 5410 ista
2411 5355 2736 5411 emendatio.
2777 5357 2962 5428 Itaque
3000 5358 3080 5413 sic
3103 5357 3190 5412 edi
3217 5358 3415 5415 debere
3440 5359 3587 5416 arbi-

2002 5427 2129 5480 trati
2154 5441 2358 5480 sumus.

2073 5496 2215 5570 bque
2242 5498 2441 5570 unitate
2470 5496 2685 5570 Christi.
2710 5497 2993 5554 Massonus
3019 5498 3205 5570 edidit,
3229 5508 3279 5554 et
3311 5507 3588 5570 propterea

1999 5568 2066 5623 de
2089 5568 2360 5622 divinitate
2383 5567 2597 5633 Christi,
2627 5577 2753 5634 etc.,
2794 5569 2942 5625 nullo
2983 5569 3272 5624 admodum
3307 5567 3488 5626 sensu.
3527 5570 3586 5626 In

2001 5655 2103 5694 ms.
2146 5637 2366 5710 legitur,
2389 5648 2438 5710 et
2466 5649 2738 5710 propterea
2787 5641 3057 5710 divinitate
3101 5639 3322 5706 Christi,
3361 5650 3492 5706 etc.,
3517 5657 3586 5696 ex

2001 5725 2110 5779 quo
2134 5705 2233 5764 nos
2261 5705 2537 5782 eﬁ‘ecjm'us
2562 5705 2629 5765 de
2654 5711 2876 5767 unitate.
2902 5709 2994 5768 Sic
3016 5710 3164 5767 enim
3197 5705 3438 5782 postulat
3458 5705 3586 5768 sen-

1945 5838 1949 5844 _
2005 5777 2117 5848 sus,
2144 5788 2206 5835 ut
2232 5777 2579 5836 manifestum
2604 5788 2706 5838 est.
