4040 6182
430 449 505 512 αδ
1573 461 1699 517 LIB.
1738 459 1898 516 ADV.
1939 459 2239 518 FELICEM
2275 461 2575 520 URGELL.
3635 465 3708 530 66

426 566 782 638 susceptione
817 569 993 640 gratia
1028 569 1135 627 sibi
1180 571 1440 644 adoptare
1488 575 1543 629 in
1589 574 1779 631 ﬁlium.
1828 575 1895 630 Et
1930 577 2020 631 hic
2046 579 2100 640 Α
2123 590 2248 630 cum
2277 575 2438 632 Patre
2482 578 2650 633 fuisse
2695 593 2817 634 esse
2861 581 3191 637 credendum
3235 589 3356 651 est;
3387 585 3482 641 sed
3510 586 3706 655 homo,

426 670 588 716 error
613 660 927 716 necessario
955 661 1208 734 exigebat
1244 665 1312 720 ab
1341 665 1434 720 illo
1462 673 1522 719 ut
1551 681 1717 720 unum
1749 681 1780 720 e
1807 666 2018 722 duobus

428 746 591 802 malis
622 747 960 816 incurreret,
988 749 1041 806 id
1068 759 1182 820 est,
1211 761 1270 807 ut
1297 761 1391 808 aut
1414 755 1550 810 duos
1577 754 1718 811 ﬁlios
1745 756 2014 822 crederet,

427 853 599 894 unum
625 839 904 897 hominem
923 883 939 909 ,
970 852 1026 898 et
1053 844 1283 900 alterum
1314 847 1481 902 Deum
1503 888 1519 913 ,
1558 857 1651 903 aut
1688 865 1811 906 cum
1850 865 2017 904 unum

353 982 363 990 .
426 929 600 988 ﬁlium
625 933 836 989 diceret
853 974 870 1001 ,
903 936 1110 993 duobus
1137 953 1263 994 eum
1289 939 1465 997 modis
1490 955 1612 998 esse
1636 941 1809 996 ﬁlium
1839 940 2019 996 Patris

425 1023 804 1091 conﬁteretur,
827 1041 1018 1082 verum
1043 1029 1250 1086 scilicet
1271 1041 1327 1087 et
1355 1048 1465 1088 non
1488 1047 1679 1087 verum
1697 1073 1710 1097 ,
1736 1033 2018 1102 preprium

427 1125 483 1172 et
519 1117 865 1188 adoptivum,
906 1131 1099 1176 natura
1127 1133 1182 1178 et
1215 1126 1424 1196 gratia,
1455 1141 1577 1196 qua:
1615 1126 1721 1181 duo
1747 1126 1888 1180 mala
1921 1126 2018 1181 ad-

424 1215 714 1262 vertuntur
745 1208 802 1263 in
850 1209 1047 1269 litteris
1094 1211 1212 1281 ejus
1241 1233 1253 1269 :
1303 1231 1424 1285 quae
1453 1218 1642 1288 utique
1675 1233 1783 1272 non
1822 1217 2017 1272 adver-

426 1304 692 1365 terentur,
725 1300 831 1354 nisi
861 1299 954 1354 illa
983 1302 1276 1372 aliquando
1302 1307 1368 1361 ad
1398 1307 1591 1372 istum,
1628 1308 1917 1378 aliquando
1947 1309 2016 1363 ad

424 1390 584 1446 illum
615 1407 710 1447 cor
741 1393 1059 1460 inclinaret,
1107 1397 1478 1454 occultissimo
1515 1399 1612 1454 Dei
1645 1399 1850 1470 judicio
1888 1414 2015 1469 per—

423 1484 699 1540 mittente.
730 1485 796 1540 Et
821 1486 948 1557 quia
977 1501 1133 1544 error
1156 1490 1449 1544 terminum
1478 1491 1681 1546 habere
1707 1491 1916 1556 nescit,
1946 1491 2015 1546 ad

423 1576 536 1633 hoc
563 1578 840 1636 devolutus
866 1589 980 1648 est,
1012 1590 1074 1638 ut
1099 1583 1242 1639 sicut
1269 1601 1395 1641 eum
1431 1586 1568 1642 dixit
1613 1586 1761 1641 Patri
1800 1587 2012 1642 duobus

423 1667 602 1725 modis
625 1669 826 1726 Filium
849 1686 997 1738 esse,
1029 1673 1106 1728 ita
1137 1675 1343 1731 diceret
1373 1685 1430 1732 et
1453 1685 1699 1732 sanetam
1729 1677 1825 1732 Dei
1856 1677 2012 1748 geni-

421 1757 616 1815 tricem
653 1760 812 1818 aliter
845 1763 1096 1834 genuisse
1134 1765 1331 1831 Deum,
1384 1776 1439 1822 et
1485 1767 1646 1825 aliter
1696 1768 2009 1835 hominem,

423 1850 582 1918 quasi
610 1860 766 1907 extra
795 1850 964 1908 Deum
995 1855 1273 1911 hominem
1310 1858 1578 1928 genuerit.

2122 681 2285 736 quem
2314 668 2367 722 in
2397 670 2632 739 gratiam
2676 670 2864 726 salutis
2905 671 3048 729 Deus
3077 674 3313 730 Verbum
3359 687 3706 748 susceperat,

2123 759 2348 813 audivit.
2381 761 2481 816 Hic
2511 762 2652 818 ﬁlius
2683 763 2918 821 hominis
2945 781 3045 835 per
3075 767 3171 822 Dei
3201 768 3395 825 Filium
3416 811 3431 836 ,
3464 771 3559 826 Dei
3587 786 3709 827 esse

2121 848 2292 904 Filius
2315 851 2369 906 in
2395 852 2490 907 Dei
2517 851 2656 908 Filio
2677 862 3020 924 promeretur
3044 875 3056 910 :
3087 873 3188 913 nec
3214 859 3432 929 adoptio
3457 876 3488 914 a
3516 869 3709 916 natura

2122 939 2445 1012 seiungitur,
2477 944 2571 999 sed
2601 953 2792 1000 natura
2821 962 2947 1001 cum
2988 947 3276 1018 adoptione
3319 953 3703 1024 conjungitur:

2123 1031 2380 1099 quoniam
2431 1049 2554 1087 cum
2596 1035 2835 1090 Verbum
2881 1053 3008 1093 caro
3053 1038 3255 1094 factum
3300 1050 3414 1108 est,
3457 1059 3565 1098 non
3607 1059 3706 1114 per

2123 1129 2457 1191 assumptam
2505 1124 2748 1179 decrevit
2786 1138 3114 1198 assumptor,
3167 1133 3260 1186 sed
3301 1133 3355 1186 in
3395 1145 3706 1192 assumente

2121 1213 2296 1265 crevit
2339 1215 2655 1284 assumptio.
2703 1216 2980 1273 Creaturie
3018 1220 3161 1274 enim
3187 1231 3403 1290 poterat
3430 1240 3529 1294 per
3553 1240 3705 1280 crea-

2121 1309 2296 1357 torem
2328 1305 2657 1362 inﬁrmitatis
2697 1310 2998 1365 substantia
3037 1317 3394 1382 commutari,
3439 1319 3704 1374 creatoris

2119 1402 2301 1450 autem
2334 1396 2388 1450 in
2421 1407 2726 1454 creaturam
2764 1417 2870 1456 non
2907 1413 3116 1472 poterat
3155 1409 3478 1464 aeternitatis
3505 1420 3702 1466 natura

2117 1485 2379 1540 converti.
2414 1487 2481 1541 Et
2509 1489 2629 1544 ideo
2660 1506 2784 1546 cum
2818 1492 3013 1548 dicitur
3039 1513 3050 1548 :
3087 1494 3250 1551 Prior
3277 1499 3432 1554 homo
3461 1501 3526 1555 de
3559 1511 3702 1556 terra

2117 1583 2383 1641 terrenus,
2435 1581 2697 1635 secundus
2743 1599 2770 1636 e
2817 1583 2943 1638 caelo
3001 1586 3260 1654 caelestis;
3311 1606 3416 1646 non
3455 1596 3704 1664 corporis

2115 1670 2345 1724 materia
2375 1682 2682 1742 separatur,
2715 1676 2811 1730 sed
2842 1676 3012 1732 forma
3045 1679 3264 1747 vitalis;
3296 1698 3399 1738 nec
3439 1700 3567 1740 caro
3598 1687 3700 1740 tol-

2116 1757 2266 1828 litur,
2297 1762 2391 1818 sed
2421 1767 2604 1820 carnis
2634 1777 2916 1838 susceptor
2941 1773 3266 1839 ostenditur,
3299 1774 3408 1839 ille,
3439 1777 3692 1846 inquam,

2117 1854 2209 1923 qui
2259 1855 2315 1909 in
2366 1857 2659 1929 Evangelio
2697 1863 2773 1916 ait
2819 1881 2832 1916 :
2883 1865 2992 1920 Vos
3031 1865 3098 1921 de
3139 1866 3487 1925 inferioribus
3527 1872 3692 1938 estis,

495 1942 736 1998 ΧΧΧΙΧ,
775 1943 931 2016 Legi;
967 1947 1132 2002 etiam
1167 1948 1318 2003 Felix
1348 1950 1404 2004 in
1434 1960 1748 2006 sanctorum
1784 1951 2005 2006 patrum
2035 1935 2083 1995 B
2111 1958 2212 2017 ego
2238 1947 2306 2003 de
2336 1951 2709 2019 superioribus
2750 1969 2890 2008 sum.
2933 1956 3010 2011 De
3052 1961 3420 2028 superioribus
3446 1964 3557 2028 ait,
3587 1935 3698 2020 non

419 2029 770 2107 Hieronymi,
811 2035 1129 2108 Augustini,
1167 2040 1474 2107 Ambrosii,
1516 2041 1738 2109 Hilarii,
1775 2052 1830 2099 et
1867 2044 2012 2099 Aviti

417 2121 611 2192 libris,
663 2142 788 2181 cum
830 2129 896 2184 de
942 2130 1314 2188 incarnatione
1364 2133 1666 2191 Salvatoris
1713 2145 2007 2206 tractaret,

415 2211 792 2272 intromissum
823 2232 1020 2276 nomen
1057 2222 1396 2293 adoptionis,
1438 2225 1534 2282 sed
1576 2226 1734 2296 juxta
1787 2229 2010 2284 modum

324 2307 326 2309 ’
414 2305 807 2379 assumptionis
833 2312 917 2366 vel
946 2315 1306 2384 susceptionis
1332 2319 1401 2372 ab
1443 2319 1524 2374 eis
1568 2320 1800 2389 positum
1821 2361 1835 2386 ,
1865 2322 2008 2391 quod

411 2395 511 2452 ille
545 2397 654 2453 alio
692 2407 750 2454 et
784 2414 814 2456 e
849 2405 1127 2458 contrario
1167 2405 1349 2461 hausit
1379 2421 1562 2464 sensu.
1599 2411 1676 2466 De
1713 2427 1820 2482 qua
1855 2429 1918 2469 re
1946 2421 2008 2468 ut

409 2501 483 2543 ea
517 2504 641 2559 quae
669 2492 933 2549 sentimus
953 2535 966 2559 ,
997 2498 1386 2566 congruentius
1425 2500 1802 2570 proferamus;
1830 2520 2003 2575 pona-

409 2593 537 2635 mus
575 2579 812 2650 aliquam
841 2597 910 2638 ex
945 2582 1053 2640 illis
1082 2587 1408 2642 sententiam
1440 2597 1550 2644 tam
1579 2590 1912 2661 plenariam,
1945 2603 2005 2650 ut

409 2671 508 2727 ubi
537 2672 756 2742 adoptio
781 2674 1001 2743 dicitur,
1035 2677 1269 2748 qualiter
1294 2681 1607 2751 accipienda
1636 2685 1738 2751 sit,
1768 2701 1835 2741 ex
1862 2700 2002 2756 prm-

410 2764 630 2820 cedenti
667 2775 724 2821 et
761 2767 1113 2838 subsequenti
1154 2772 1402 2828 sensibus
1438 2775 1741 2847 colligatur.
1781 2777 1874 2832 Ait
1903 2779 2006 2833 ita-

408 2869 524 2926 que
546 2857 734 2913 beatus
747 2857 1111 2932 Hieronymus
1135 2862 1191 2918 in
1217 2879 1315 2920 suo
1341 2866 1491 2921 brevi
1518 2875 1574 2921 et
1600 2866 2002 2938 elegantissimo

412 2953 653 3003 tractatu
680 2950 748 3006 de
783 2951 1136 3009 similitudine
1163 2956 1344 3012 carnis
1373 2959 1585 3026 peccati
1614 2968 1803 3016 contra
1831 2960 2002 3017 Mani-

409 3039 592 3097 chaeos
617 3059 630 3096 :
661 3060 681 3094 ‹
708 3041 954 3115 Denique
976 3045 1083 3102 hoc
1106 3047 1395 3103 conﬁrmat
1421 3051 1700 3120 proposita
1729 3052 1846 3123 ipsa
1876 3068 2002 3110 sen-

407 3131 610 3198 tentia,
664 3149 784 3204 quae
833 3135 1067 3206 primum
1116 3126 1392 3195 Adam'in
1440 3143 1679 3198 animam
1723 3145 1997 3202 viventem

406 3216 615 3279 factum
649 3239 772 3280 esse
807 3234 1060 3295 testatur,
1095 3231 1453 3287 novissimum
1489 3233 1544 3288 in
1583 3235 1777 3306 spiritu
1817 3236 1996 3292 viviﬁ-

407 3325 646 3373 cantem.
687 3318 829 3376 Ecce
865 3336 962 3377 cur
992 3331 1104 3378 tam
1133 3333 1259 3395 post
1286 3325 1598 3384 innumeros
1628 3345 1800 3386 annos
1829 3339 1884 3387 et
1913 3331 1998 3387 in-

406 3412 800 3480 comprehensa
826 3414 1096 3471 curricula
1126 3417 1449 3474 saaculorum
1478 3420 1547 3476 ab
1571 3423 1824 3479 omnibus
1850 3439 1997 3482 mor-

404 3500 636 3569 talibus,
669 3519 701 3558 a
729 3504 927 3575 quibus
952 3515 1013 3561 ut
1038 3508 1131 3578 qui
1159 3511 1453 3566 secundum
1481 3527 1700 3568 carnem
1729 3523 1887 3570 natus
1914 3524 1997 3573 est

403 3603 710 3664 separatur,
743 3598 889 3668 quod
919 3599 1010 3655 ille
1039 3602 1250 3671 primus
1276 3604 1490 3671 vivens,
1537 3607 1628 3663 hic
1668 3609 1996 3668 novissimus

407 3682 734 3750 viviﬁcans;
778 3687 868 3743 ille
902 3690 1006 3744 sibi
1044 3691 1172 3747 data
1207 3694 1296 3748 vix
1335 3697 1648 3764 possidens,
1694 3699 1785 3756 hic
1820 3701 1996 3772 possi-

404 3774 580 3831 denda
609 3778 945 3836 condonans.
979 3781 1134 3849 Quod
1163 3793 1221 3840 et
1248 3785 1538 3844 Psalmista
1570 3788 1780 3847 duobus
1819 3794 1995 3849 versi-

403 3865 544 3922 culis
574 3870 920 3938 explanavit,
961 3873 1146 3930 dicens
1174 3894 1186 3930 :
1221 3875 1363 3943 Quid
1400 3889 1475 3933 est
1510 3881 1664 3934 homo
1700 3883 1840 3952 quod
1880 3901 1991 3938 me-

402 3971 526 4010 mor
570 3975 622 4013 es
672 3961 815 4031 ejus,
866 3975 957 4017 aut
1005 3965 1150 4034 ﬁlius
1198 3968 1460 4034 hominis,
1509 3973 1760 4041 quoniam
1810 3975 1992 4029 visitas

393 4051 524 4103 eum
552 4051 578 4103 .9
600 4049 770 4108 Homo
787 4095 802 4120 ,
827 4054 1003 4111 Adam
1030 4058 1378 4127 accipiendus
1405 4068 1490 4114 est
1515 4077 1530 4127 ;
1561 4060 1703 4116 ﬁlius
1733 4064 1987 4129 hominis,

402 4137 664 4198 Dominus
685 4143 1066 4218 intelligendus
1090 4156 1176 4204 est
1203 4168 1216 4202 :
1244 4150 1337 4220 qui
1367 4151 1420 4205 in
1449 4154 1768 4208 memoriam
1791 4157 1991 4213 veteris

401 4231 678 4301 visitatur,
709 4245 766 4291 et
793 4237 848 4292 in
874 4238 1113 4296 defuncti
1145 4242 1520 4299 recordatione
1558 4245 1751 4316 Spiritu
1787 4247 1991 4303 saluta-

400 4318 568 4379 tionis
616 4326 910 4396 impletur:
963 4331 1106 4400 quod
1146 4333 1263 4402 ipsa
1311 4334 1475 4389 verba
1525 4337 1877 4407 exprimunt:
1930 4348 1992 4394 ut

401 4427 519 4470 rem
553 4417 771 4487 planam
808 4421 992 4477 videre
1021 4439 1127 4478 non
1155 4425 1353 4480 mirum
1381 4427 1482 4492 sit,
1516 4428 1644 4482 dum
1684 4438 1739 4483 et
1781 4429 1987 4486 homini

401 4509 667 4563 memoria
697 4509 1065 4584 conjungitur,
1104 4525 1159 4570 et
1195 4515 1306 4571 ﬁlio
1341 4517 1576 4573 hominis
1613 4520 1855 4576 visitatio
1898 4537 1989 4579 co-

383 4593 636 4666 pulatur.
673 4601 753 4656 llli
789 4605 1003 4660 mortali
1039 4606 1168 4676 quid
1205 4607 1349 4662 aliud
1392 4617 1607 4680 poterat
1649 4626 1935 4681 superesse
1959 4615 1984 4668 ?
2008 4640 2062 4700 Β

397 4685 528 4743 huic
560 4690 859 4748 viviﬁcanti
883 4695 1011 4764 quid
1038 4695 1183 4752 aliud
1215 4699 1499 4767 oportebat
1543 4698 1798 4756 infundi?
1844 4702 1982 4758 Nam

407 4777 677 4838 defunctis
707 4787 968 4841 memoria
995 4788 1240 4855 debetur,
1271 4789 1508 4846 visitatio
1551 4792 1857 4849 viventibus
1886 4809 1984 4850 ex-

400 4871 662 4932 hibetur:
715 4880 860 4949 quod
903 4891 1196 4953 utrumque
1232 4883 1288 4939 in
1329 4884 1557 4939 Domino
1596 4901 1695 4956 per
1733 4887 1986 4943 incarna-

398 4967 602 5023 tionem
629 4981 848 5027 constat
878 4974 1158 5045 impletum
1175 5016 1190 5041 ,
1214 4991 1336 5030 cum
1367 4978 1436 5031 ob
1463 4977 1627 5045 primi
1658 4993 1985 5036 commemo-

396 5059 667 5116 rationem
696 5065 1022 5122 novissimus
1050 5067 1324 5133 visitatur,
1357 5076 1414 5123 et
1437 5084 1537 5139 per
1579 5070 1858 5126 novissimi
1898 5073 1982 5128 vi-

395 5146 707 5207 sitationem
740 5155 981 5213 salvatur
1004 5166 1058 5213 et
1083 5159 1312 5228 primus.
1345 5159 1480 5215 Huic
1509 5176 1700 5218 sensus
1729 5179 1985 5235 germana

396 5248 483 5296 est
508 5242 598 5298 illa
623 5249 935 5304 sententia:
967 5247 1182 5306 Primus
1225 5252 1379 5306 homo
1420 5253 1485 5308 de
1525 5263 1666 5308 terra
1707 5264 1982 5324 terrenus,

395 5336 655 5391 secundus
681 5355 710 5392 e
735 5339 860 5394 caelo
889 5340 1126 5398 caelestis.
1156 5342 1288 5411 Quis
1315 5352 1398 5400 est
1421 5345 1523 5400 iste
1551 5346 1824 5402 cmlestis?
1855 5347 1984 5403 Sine

395 5423 561 5482 dubio
592 5429 684 5485 ille
712 5433 805 5502 qui
836 5446 960 5488 eum
989 5451 1150 5506 quem
1181 5439 1431 5508 gestabat
1458 5438 1513 5493 in
1543 5439 1873 5509 baptismate
1903 5441 1983 5497 fe-

395 5515 472 5570 cit
498 5520 688 5575 audire
717 5524 861 5591 quod
891 5535 1016 5581 ante
1043 5527 1219 5596 ipsum
1260 5528 1439 5585 nullus
1480 5529 1771 5587 audierat:
1805 5530 1980 5589 Filius

367 5605 542 5661 ‘meus
577 5625 631 5663 es
675 5620 767 5678 tu,
806 5629 899 5683 ego
942 5614 1097 5668 hodie
1138 5617 1293 5686 genui
1324 5627 1392 5670 te.
1425 5617 1493 5672 Et
1521 5619 1755 5688 qualiter
1785 5621 1983 5677 dicitur

390 5697 580 5767 hodie,
635 5702 680 5756 si
732 5703 784 5758 in
831 5701 1100 5786 principio
1147 5707 1418 5776 Verbum,
1466 5720 1514 5765 et
1566 5709 1794 5768 Verbum
1839 5714 1980 5784 apud

390 5787 596 5859 Deum,
644 5804 692 5848 et
738 5787 880 5852 Deus"
923 5805 1049 5853 crat‘
1091 5798 1364 5855 Verbum?
1408 5803 1532 5872 quia
1573 5819 1682 5859 non
1724 5813 1809 5860 est
1835 5805 1981 5860 istud

391 5878 633 5941 Verbum
661 5888 807 5960 quod
833 5905 1046 5962 semper
1075 5891 1128 5948 in
1160 5889 1356 5962 Patre,
1387 5900 1442 5949 et
1468 5895 1611 5966 apud
1639 5894 1894 5972 Patrem,
1924 5902 1981 5955 et

2114 2037 2303 2107 utique
2361 2040 2570 2096 siderea
2624 2060 2817 2109 carne,
2872 2048 2965 2102 sed
3021 2050 3220 2106 virtute
3273 2054 3470 2109 divina.
3503 2077 3522 2108 ›
3557 2057 3698 2114 Ecce

2112 2127 2306 2184 beatus
2345 2129 2736 2204 Hieronymus,
2766 2146 3055 2208 postquam
3083 2141 3248 2208 dixit,
3288 2163 3305 2194 α
3336 2145 3446 2202 Nec
3473 2148 3691 2218 adoptio

2111 2215 2412 2290 seiungitur
2440 2237 2470 2276 a
2499 2233 2688 2280 natura
2710 2267 2725 2293 ,
2757 2229 2850 2283 sed
2879 2239 3070 2286 natura
3101 2249 3224 2289 cum
3255 2237 3540 2308 adoptione
3569 2257 3697 2297 con-

2105 2307 2372 2380 jungitur,
2401 2333 2420 2366 ι
2465 2324 2527 2369 ut
2574 2319 2885 2376 ostenderet
2925 2339 3044 2392 quae
3090 2335 3233 2381 esset
3282 2307 3396 2384 huic
3443 2331 3692 2403 adoptio,

2109 2399 2360 2469 adjunxit
2386 2423 2398 2458 :
2431 2429 2448 2456 ι
2479 2405 2746 2474 Quoniam
2773 2428 2894 2467 cum
2922 2415 3160 2472 Verbum
3186 2435 3316 2476 caro
3343 2399 3693 2494 factum-est,

2108 2507 2216 2547 non
2245 2509 2346 2564 per
2372 2508 2705 2570 assumptam
2737 2503 2980 2559 decrevit
3011 2519 3335 2579 assumptor,
3381 2513 3476 2567 sed
3513 2514 3568 2568 in
3609 2530 3696 2571 as-

2109 2593 2359 2638 sumente
2388 2588 2562 2641 crevit
2602 2594 2920 2661 assumptio.
2949 2616 2968 2647 ι
3025 2598 3176 2678 Quod
3219 2617 3380 2671 supra
3423 2605 3560 2658 dixit
3599 2606 3696 2660 ad-

2107 2674 2268 2743 optio,
2293 2676 2397 2731 hoc
2413 2677 2640 2735 inferius
2666 2683 2895 2752 subjecit
2920 2674 3242 2760 assumptio;
3268 2701 3323 2748 et
3348 2709 3508 2764 quam
3525 2712 3689 2767 supra

2106 2763 2321 2821 dixerat
2348 2778 2598 2823 naturam
2616 2812 2630 2836 ,
2661 2773 2973 2842 explanavit
3000 2779 3280 2837 subdendo
3309 2763 3689 2857 assumptorem

2106 2862 2163 2910 et
2191 2868 2564 2914 assumentem.
2595 2860 2742 2917 Nihil
2769 2880 2900 2937 ergo
2943 2867 3090 2925 aliud
3129 2871 3219 2927 hic
3259 2873 3527 2944 signiﬁcat
3561 2879 3690 2933 ado-

2103 2947 2219 3018 ptio
2253 2963 2416 3019 quam
2446 2953 2592 3021 quod
2627 2958 2963 3027 assumptio;
2997 2970 3051 3015 et
3077 2962 3208 3017 nihil
3236 2967 3457 3022 omnino
3485 2969 3690 3041 aliquid

2103 3038 2212 3094 tale
2243 3040 2334 3096 hic
2362 3043 2699 3100 demonstrat
2731 3055 2840 3103 tota
2872 3051 3018 3106 beati
3047 3051 3359 3127 Hieronymi
3389 3038 3686 3131 sententia,

2102 3145 2202 3202 per
2238 3134 2382 3201 quod
2421 3137 2689 3205 suspicari
2727 3141 3003 3210 possimus
3040 3144 3117 3198 ita
3158 3161 3281 3202 eum
3323 3152 3591 3222 sensisse,
3635 3166 3694 3213 ut

2104 3222 2393 3281 Dominum
2436 3238 2681 3286 nostrum
2720 3232 2908 3290 Jesum
2946 3236 3222 3296 Christum
3264 3248 3561 3305 secundum
3590 3252 3690 3307 liu-

2101 3320 2419 3378 manitatem
2449 3323 2545 3378 Dei
2583 3325 2760 3384 Patris
2797 3330 3108 3402 adoptivum
3148 3335 3322 3392 ﬁlium
3356 3342 3689 3400 credendum

2101 3413 2342 3470 doceret.
2391 3414 2530 3484 Quia
2577 3434 2700 3473 cum
2748 3420 2882 3477 dicit
2926 3423 3172 3494 adoptio,
3221 3437 3276 3483 et
3316 3441 3508 3487 natura
3537 3452 3689 3492 assu-

2100 3519 2276 3571 mens,
2307 3514 2362 3560 et
2406 3511 2726 3580 assumptio,
2760 3525 3056 3586 assumpta,
3090 3525 3146 3572 et
3183 3533 3480 3594 assumptor
3499 3543 3519 3592 ;
3549 3528 3688 3585 nihil

2097 3592 2294 3651 horum
2344 3598 2412 3653 ad
2459 3598 2677 3656 Patrem
2724 3603 2919 3660 referri
2955 3606 3188 3675 videtur,
3232 3613 3325 3667 sed
3363 3592 3438 3670 vde
3477 3615 3688 3676 duobus

2099 3691 2314 3744 tantum
2343 3691 2695 3760 substantiis,
2729 3710 2796 3750 ex
2824 3697 3023 3767 quibus
3052 3711 3266 3757 constat
3307 3720 3412 3760 una
3451 3722 3685 3777 persona

2099 3779 2246 3835 unici
2287 3789 2343 3836 et
2384 3783 2500 3839 veri
2543 3784 2664 3839 Filii
2709 3785 2841 3853 Dei,
2873 3793 3095 3845 tractari
3126 3796 3491 3864 cognoscitur.
3529 3800 3596 3855 Et
3625 3811 3686 3858 ut

2093 3871 2308 3940 plenius
2335 3875 2579 3930 dicamus
2605 3879 2749 3946 quod
2774 3881 3037 3936 sentimus
3053 3923 3068 3948 ,
3097 3885 3351 3954 adoptata
3377 3901 3461 3944 est
3487 3901 3684 3950 natura

2094 3960 2334 4016 humana
2357 4004 2372 4030 ,
2405 3965 2460 4018 id
2487 3972 2602 4031 est,
2636 3978 2888 4038 suscepta
2916 3971 3001 4026 vel
3043 3985 3320 4047 assumpta
3359 3979 3413 4034 in
3455 3997 3683 4051 persona

2094 4048 2218 4106 Filii
2249 4068 2280 4106 a
2308 4053 2486 4122 Filio;
2519 4066 2578 4113 ut
2606 4073 2730 4114 cum
2764 4061 2877 4132 ipse
2902 4074 3046 4120 esset
3073 4066 3262 4140 Filius,
3296 4088 3402 4128 non
3431 4048 3558 4144 alio,
3588 4080 3684 4135 sed

2093 4157 2160 4200 eo
2188 4148 2349 4202 modo
2376 4163 2485 4218 quo
2515 4161 2634 4207 erat
2659 4162 2717 4209 et
2754 4164 2881 4212 ante
2923 4157 3130 4216 Filius:
3176 4172 3232 4218 et
3269 4164 3372 4222 hoc
3412 4177 3497 4224 est
3535 4171 3680 4242 quod

2092 4237 2309 4308 dicitur,
2354 4260 2372 4293 ‹
2401 4242 2517 4299 Non
2542 4262 2642 4317 per
2677 4262 3010 4322 assumptam
3055 4257 3300 4316 decrevit
3345 4237 3673 4340 assumptor,

2091 4330 2186 4385 sed
2214 4331 2268 4384 in
2298 4345 2610 4392 assumente
2639 4341 2809 4395 crevit
2835 4347 3154 4416 assumptio.
3187 4369 3205 4401 ι

2163 4419 2274 4475 XL.
2307 4422 2467 4478 Juxta
2491 4427 2656 4496 igitur
2678 4431 2823 4488 hunc
2845 4436 3060 4491 modum
3090 4449 3146 4493 et
3172 4449 3400 4498 caeteros
3431 4447 3679 4507 doctores

2090 4510 2291 4568 dixisse
2332 4523 2388 4569 et
2432 4518 2700 4587 sensisse,
2750 4523 3058 4595 ubicunque
3104 4543 3299 4585 nomen
3347 4543 3403 4589 et
3447 4539 3673 4596 verbum

2089 4605 2392 4674 adeptionis
2433 4607 2485 4660 in
2528 4607 2652 4664 ﬁdei
2686 4611 3031 4682 dogmatibus
3071 4617 3443 4689 inseruerunt,
3496 4630 3673 4684 credi-

2090 4712 2230 4752 mus.
2264 4699 2406 4754 Dicit
2435 4701 2617 4770 itaque
2645 4703 2835 4760 beatus
2860 4706 3100 4766 Hilarius
3129 4712 3279 4783 (Lib.
3314 4731 3352 4770 n
3382 4717 3446 4772 de
3477 4719 3668 4780 Trinit.

2089 4791 2209 4846 sub.
2240 4791 2379 4864 ﬁn.)
2409 4812 2421 4848 :
2453 4813 2470 4846 ‹
2499 4794 2648 4852 Parit
2680 4798 2869 4871 Virgo,
2903 4813 3094 4871 partus
3131 4822 3161 4860 a
3190 4806 3302 4864 Deo
3342 4819 3444 4867 est.
3488 4812 3671 4872 Infans

2086 4882 2268 4953 vagit,
2297 4883 2578 4941 laudantes
2605 4886 2796 4960 Angeli
2840 4893 3152 4950 audiuntur.
3200 4898 3371 4955 Panni
3413 4904 3667 4974 sordent,

2085 4973 2230 5029 Deus
2259 4975 2534 5031 adoratur.
2567 4976 2646 5032 lta
2675 4983 2958 5050 potestatis
2985 4985 3219 5056 dignitas
3243 5004 3349 5042 non
3378 4973 3669 5062 amittitur,

2085 5064 2214 5120 dum
2261 5067 2441 5120 carnis
2487 5067 2765 5126 humilitas
2799 5072 3110 5142 adoptatur.
3140 5096 3159 5128 ›
3199 5076 3306 5130 Sed
3333 5079 3520 5135 statim
3550 5094 3674 5153 post

2084 5155 2363 5223 paululum
2409 5158 2682 5229 subjungit
2726 5162 2913 5219 dicens
2959 5179 3083 5219 eum
3127 5166 3183 5219 in
3232 5168 3415 5225 carnis
3456 5187 3671 5230 assum-

2085 5242 2280 5318 ptione
2310 5249 2621 5316 hominem,
2673 5253 2841 5309 Deum
2881 5271 3011 5310 vero
3049 5257 3104 5310 in
3147 5257 3315 5327 gestis
3352 5261 3516 5319 rebus
3553 5267 3669 5321 exi-

2085 5348 2249 5396 stere.
2276 5340 2444 5397 Paulo
2470 5359 2707 5415 namque
2733 5348 2983 5418 superius
3009 5346 3184 5402 dixit:
3214 5367 3232 5400 ι
3253 5349 3535 5412 Postremo
3562 5373 3669 5414 una

2085 5447 2210 5488 cum
2238 5431 2440 5490 Iudaeis
2468 5435 2776 5492 irascantur
2804 5437 2968 5492 iidem
3011 5437 3288 5509 haeretici,
3331 5447 3475 5516 quod
3515 5447 3673 5506 Chri-

2087 5533 2202 5581 stus
2225 5525 2326 5582 sibi
2355 5528 2634 5598 proprium
2657 5527 2876 5582 Patrem
2901 5528 3186 5600 conﬁtens,
3209 5533 3381 5592 Deum
3406 5541 3667 5612 aequalem

2086 5632 2144 5673 se
2172 5617 2365 5673 fecerit
2388 5619 2538 5684 Deo;
2572 5628 2626 5673 et
2652 5634 2774 5675 una.
2791 5635 2913 5676 cum
2952 5622 3038 5679 his
3078 5626 3328 5696 audiant,
3358 5629 3454 5687 Vel
3485 5636 3669 5704 operi-

2083 5710 2186 5767 bus
2212 5711 2417 5766 credite
2443 5709 2606 5777 meis,
2633 5709 2760 5781 quia
2789 5725 2888 5784 ego
2914 5712 2972 5768 in
2997 5713 3192 5784 Patre,
3223 5727 3279 5774 et
3308 5719 3470 5777 Pater
3497 5723 3552 5778 in
3583 5739 3670 5780 me

2085 5811 2189 5859 est.
2224 5801 2401 5857 Unum
2440 5799 2604 5870 igitur
2641 5809 2725 5857 est
2762 5801 2864 5858 hoc
2902 5803 3180 5862 immobile
3221 5808 3668 5883 fundamentum,

2083 5907 2196 5952 una
2222 5893 2340 5950 haec
2368 5890 2500 5950 felix
2536 5892 2663 5952 ﬁdei
2707 5903 2864 5968 petra
2883 5936 2899 5969 ,
2931 5895 3078 5958 Petri
3107 5913 3240 5958 voce
3269 5900 3517 5961 confessa
3538 5944 3555 5976 ,
3587 5903 3668 5966 Tu
