4040 6182
387 241 465 300 75
1535 255 1626 309 DE
1666 253 2074 308 lNSOLENTlA
2111 251 2528 310 JUDEORUM.
3604 256 3674 308 7!.

394 353 726 413 Christiana:
752 371 875 410 cum
901 358 981 411 eis
1031 359 1452 424 sabbatisarent,
1493 371 1548 416 et
1574 378 1643 418 ne
1669 364 1857 418 diebus
1883 365 1987 418 Do-
2012 395 2064 453 Α
2091 371 2330 418 matures
2351 371 2425 427 et,
2458 371 2515 424 ut
2550 363 2622 415 ita
2651 361 2846 427 dicam,
2894 361 3273 419 maledictores
3304 380 3424 420 esse
3460 364 3674 422 Iudaeos

399 449 616 504 minicis
637 456 1020 518 operarentur,
1055 464 1124 504 ne
1166 451 1355 506 diebus
1377 450 1815 523 Quadragesimze
1862 469 1983 508 cum

398 546 481 599 eis
509 544 867 616 pranderent,
922 552 975 598 et
998 547 1323 599 mercenarii
1355 561 1540 601 eorum
1577 547 1766 600 iisdem
1801 545 1990 600 diebus

399 651 600 692 carnes
621 635 1034 699 manducarent,
1068 649 1137 690 ne
1167 636 1391 704 quilibet
1424 635 1763 691 Christianus
1796 651 1991 690 carnes

402 743 434 780 a
456 726 659 782 Judaeis
689 723 997 780 immolatas
1029 734 1084 779 et
1112 739 1138 766 α
1169 725 1481 796 deglubatas
1509 734 1732 791 emeret,
1789 734 1845 781 et
1873 725 1992 780 aliis

401 818 728 875 Christianis
763 818 1043 883 venderet,
1093 833 1162 872 ne
1185 818 1365 871 vinum
1386 818 1600 872 illorum
1625 816 1896 882 biberent,
1938 824 1993 867 et

403 912 509 966 alia
534 910 863 979 hujusmodi.
916 909 1010 964 Est
1028 909 1172 964 enim
1191 908 1499 964 Iudaeorum
1523 925 1672 974 usus,
1694 917 1756 962 ut
1775 907 1990 978 quando

404 1004 649 1072 quolibet
698 1017 863 1072 pecus
893 1001 959 1054 ad
986 1016 1136 1056 esum
1160 1010 1422 1067 mactant,
1452 1011 1513 1055 ut
1537 1000 1821 1055 subactum
1849 1001 1988 1054 idem

403 1108 572 1162 pecus
619 1092 792 1145 tribus
822 1090 1172 1145 incisionibus
1210 1107 1320 1146 non
1345 1090 1508 1145 fuerit
1550 1089 1888 1161 jugulatum;
1945 1090 1990 1142 si

405 1184 609 1254 apertis
630 1181 924 1236 interaneis
940 1179 1091 1248 jecur
1107 1181 1291 1235 laesum
1307 1182 1634 1252 apparuerit,
1651 1181 1696 1235 si
1716 1179 1899 1250 pulmo
1923 1179 1996 1232 la-

405 1273 507 1329 teri
533 1272 845 1336 adhaeserit,
867 1271 951 1327 vel
973 1287 1098 1326 eum
1121 1271 1412 1326 insuﬂlatio
1427 1271 1822 1340 penetraverit,
1851 1271 1894 1325 si
1922 1269 1992 1323 fel

405 1365 686 1418 inventum
733 1378 840 1417 non
876 1361 1059 1423 fuerit,
1109 1371 1164 1416 et
1187 1363 1290 1416 alia
1316 1361 1660 1430 hujusmodi;
1716 1363 1831 1417 luec
1871 1371 1992 1418 tan-

404 1470 575 1525 quam
599 1453 868 1508 immunda
899 1469 928 1508 a
955 1452 1155 1508 ludatis
1173 1456 1478 1524 repudiata,
1510 1455 1834 1510 Christianis
1863 1472 1991 1510 ven-

410 1548 632 1612 duntur,
683 1555 736 1600 et
757 1545 1040 1600 insultario
1065 1546 1326 1601 vocabulo
1350 1546 1657 1602 Christiana
1683 1563 1881 1617 pecora
1906 1564 1994 1616 ap-

407 1638 698 1708 pellantur.

2090 455 2307 510 Domini
2334 456 2429 511 Dei
2460 454 2663 510 Christi
2703 464 2756 510 et
2798 454 3034 510 ﬁdelium
3072 454 3188 522 ejus
3215 454 3672 522 Christianorum,

2090 564 2197 603 non
2237 549 2494 603 debemus
2517 549 2596 602 eis
2617 546 2874 618 conjungi
2923 549 3334 617 participatione
3353 548 3600 603 ciborum
3619 556 3676 602 et

2089 649 2330 706 potuum,
2381 637 2538 706 juxta
2570 639 2788 692 modum
2837 639 3099 692 duntaxat
3129 653 3158 691 a
3183 635 3386 693 sanctis
3418 638 3675 693 Patribus

2092 738 2148 782 et
2187 729 2450 797 exemplis
2479 729 2663 782 datum
2691 737 2744 781 et
2773 728 2953 782 verbis
2979 738 3324 797 praeceptum.
3384 727 3674 793 Caeterum,

2091 822 2219 889 quia
2241 822 2384 875 inter
2411 837 2509 875 nos
2533 822 2738 883 vivunt,
2784 829 2838 874 et
2878 821 3094 889 maligni
3124 822 3205 875 eis
3233 838 3352 875 esse
3386 838 3492 876 non
3514 821 3678 876 debe-

2093 931 2234 980 mus,
2266 929 2368 968 nec
2408 914 2534 968 vitae
2562 923 2655 968 aut
2698 914 2919 968 sanitati
2949 913 3032 966 vel
3059 913 3083 952 ι¹
3110 914 3315 967 divitiis
3338 928 3677 974 eorumcon-

2094 1007 2278 1070 trarii;
2327 1005 2679 1060 observemus
2718 1006 2935 1060 modum
2979 1005 3048 1060 ab
3075 1005 3314 1060 Ecclesia
3343 1006 3674 1069 ordinatum,

2094 1112 2202 1150 non
2229 1097 2415 1166 utique
2439 1097 2752 1160 obscurum,
2779 1096 2872 1150 sed
2893 1097 3180 1152 manifeste
3204 1099 3527 1168 expositum,
3544 1113 3678 1167 qua-

2087 1189 2218 1243 liter
2242 1205 2370 1260 erga
2409 1203 2505 1244 eos
2529 1189 2674 1243 cauti
2701 1188 2784 1242 vel
2809 1183 3030 1242 humani
3059 1204 3178 1244 esse
3199 1190 3507 1246 debeamus.

2167 1280 2229 1333 V.
2273 1278 2420 1344 llaec,
2441 1277 2934 1348 piissimedomine,
2967 1278 3034 1334 de
3068 1278 3254 1334 multis
3275 1293 3447 1348 pauca
3471 1280 3582 1334 dixi
3611 1280 3677 1334 de

2093 1366 2655 1440 pertidialudaeorum,
2681 1369 2747 1422 de
2763 1368 3130 1425 admonitione
3145 1379 3352 1435 nostra,
3377 1371 3442 1425 de
3459 1370 3678 1426 laesione

2094 1459 2538 1522 Christianitatis,
2565 1474 2685 1528 quae
2715 1458 2771 1512 iit
2807 1474 2904 1527 per
2941 1458 3178 1516 fautores
3197 1461 3529 1528 Iudaeorum,
3578 1477 3675 1516 ne-

2095 1549 2273 1602 sciens
2320 1555 2499 1600 utrum
2539 1548 2821 1615 pervenire
2848 1549 3019 1618 possit
3045 1551 3116 1603 ad
3142 1559 3378 1606 vestram
3407 1551 3673 1606 notitiam.

2098 1638 2299 1692 Tamen
2323 1652 2667 1707 summopere
2690 1652 2914 1693 necesse
2926 1647 3010 1693 est
3033 1640 3241 1694 utsciat
3263 1642 3506 1709 piissima
3531 1642 3679 1698 solli-

479 1728 566 1782 lV'.
605 1729 681 1784 De
710 1731 836 1785 vino
861 1745 1009 1796 vero,
1047 1731 1188 1800 quod
1213 1741 1267 1785 et
1298 1733 1399 1802 ipsi
1443 1733 1780 1787 immundum
1817 1731 1992 1787 faten-
2023 1743 2069 1800 Β
2097 1730 2281 1785 citudo
2335 1738 2535 1793 vestra,
2573 1731 2843 1797 quomodo
2884 1740 3114 1786 nocetur
3142 1733 3277 1788 tides
3311 1733 3618 1792 Christiana
3646 1751 3678 1788 a

412 1829 516 1882 tur,
541 1828 595 1874 et
620 1836 727 1874 non
749 1836 812 1874 eo
859 1828 1088 1875 utuntur
1117 1822 1222 1876 nisi
1261 1822 1330 1878 ad
1357 1824 1693 1878 vendendum
1723 1822 1990 1877 Christia-

411 1912 510 1972 nis,
568 1911 613 1966 si
638 1911 929 1983 contigerit
969 1922 1030 1967 ut
1063 1911 1116 1966 in
1148 1921 1352 1968 terram
1379 1913 1579 1968 defluat
1609 1913 1850 1983 quolibet
1876 1913 1994 1968 loco

406 2001 534 2058 licet
562 2003 798 2068 sordido,
836 2003 1160 2058 festinantes
1180 2004 1441 2058 hauriunt
1470 2004 1666 2058 iterum
1715 2004 1780 2058 de
1826 2012 1991 2066 terra,

408 2103 460 2147 ct
489 2095 557 2150 ad
577 2094 1006 2149 conservandum
1033 2095 1086 2148 in
1109 2111 1234 2150 vasa
1255 2095 1560 2148 remittunt.
1603 2088 1845 2159 Qualiter
1867 2107 1996 2146 vero

405 2194 460 2239 et
494 2184 596 2238 alia
627 2185 978 2254 improbanda
1006 2186 1150 2239 circa
1183 2185 1312 2239 illud
1338 2192 1522 2254 agant,
1563 2198 1672 2237 non
1719 2181 1894 2236 solum
1927 2182 1995 2235 de

404 2275 868 2340 Christianis,sed
893 2285 949 2330 et
975 2277 1042 2330 de
1061 2275 1259 2330 Judaeis
1285 2276 1439 2330 multi
1468 2287 1593 2330 sunt
1617 2283 1805 2329 testes.
1839 2273 1995 2340 Quod

402 2377 592 2421 autem
640 2368 927 2420 Dominum
951 2374 1193 2420 nostrum
1225 2365 1412 2420 Iesum
1450 2365 1723 2420 Christum
1751 2373 1806 2420 et
1833 2364 1995 2419 Chri-

405 2456 621 2509 stianos
649 2458 703 2508 in
727 2455 977 2509 omnibus
993 2454 1331 2508 orationibus
1347 2454 1459 2508 suis
1473 2454 1572 2506 sub
1593 2452 1992 2506 Nazarcnorum

408 2545 630 2600 nomine
658 2535 900 2614 quotidie
935 2544 1279 2608 maledicant,
1311 2560 1417 2598 non
1454 2545 1627 2600 solum
1655 2545 1846 2599 beatus
1872 2543 1997 2598 Hie-

409 2653 688 2708 ronymus,
737 2638 827 2706 qui
869 2653 929 2692 se
963 2638 1154 2692 scribit
1178 2637 1394 2693 novisse
1435 2638 1554 2692 illos
1579 2639 1911 2694 intrinsecus
1939 2648 1995 2692 et

410 2727 462 2782 in
490 2733 637 2790 cute,
675 2727 832 2781 testis
861 2736 963 2790 est,
1015 2728 1110 2782 sed
1147 2736 1203 2782 et
1253 2728 1321 2782 dc
1348 2729 1480 2798 ipsis
1520 2727 1723 2783 Judaeis
1748 2728 1992 2799 plerique

409 2823 696 2870 testantur.
755 2816 812 2869 ln
857 2817 960 2871 hac
988 2831 1049 2870 re
1073 2831 1294 2872 sumens
1322 2817 1568 2892 exempli
1586 2817 1838 2889 gratiam,
1879 2818 1993 2872 dixi

419 2905 740 2962 Christianis
774 2906 880 2962 hoc
910 2907 1070 2962 modo
1097 2925 1110 2959 :
1167 2909 1196 2948 δ
1225 2907 1284 2964 Si
1328 2910 1522 2978 aliquis
1553 2911 1714 2966 homo
1738 2921 1760 2950 ο
1791 2911 1990 2966 seniori

409 3013 509 3052 suo
538 2998 619 3051 vel
665 2998 1090 3058 dominotidelis
1129 3008 1185 3055 et
1214 3010 1424 3056 amator
1462 3002 1682 3067 existat,
1725 3013 1781 3057 et
1805 3019 1989 3072 quem-

2096 1817 2296 1873 Judaeis
2316 1818 2369 1871 in
2400 1819 2689 1888 aliquibus.
2740 1820 2874 1874 Dum
2902 1821 3046 1876 enim
3075 1823 3396 1892 gloriantur,
3411 1826 3678 1880 mentien-

2100 1918 2181 1963 tes
2222 1909 2559 1979 simplicibus
2597 1910 2940 1977 Christianis,
2995 1914 3138 1981 quod
3174 1913 3326 1967 ehari
3373 1915 3484 1970 sint
3523 1917 3678 1972 vobis

2103 2010 2126 2036 ε
2141 2007 2362 2068 propter
2387 2001 2754 2068 patriarchas;
2787 2003 2929 2071 quod
2960 2003 3350 2058 honorabiliter
3375 2006 3680 2076 ingredian-

2098 2098 2186 2145 tur
2217 2092 2268 2145 in
2292 2104 2584 2162 conspectu
2611 2105 2816 2161 vestro,
2845 2106 2900 2150 et
2919 2099 3296 2168 egrediantur;
3337 2101 3479 2170 quod
3501 2101 3678 2156 excel-

2098 2181 2411 2237 lentissima:
2443 2183 2684 2254 personae
2713 2188 2931 2256 cupiant
2981 2203 3167 2243 eorum
3210 2191 3490 2248 orationes
3506 2201 3564 2247 et
3587 2193 3681 2248 be-

2098 2272 2460 2337 nedictiones,
2507 2283 2563 2328 et
2613 2274 2886 2330 fateantur
2938 2278 3097 2333 talem
3124 2294 3183 2334 se
3229 2279 3365 2352 legis
3399 2291 3676 2340 auctorem

2097 2362 2300 2417 habere
2321 2362 2477 2428 velle,
2506 2365 2718 2433 qualem
2744 2367 2847 2436 ipsi
2869 2368 3097 2436 habent;
3139 2369 3267 2424 dum
3295 2371 3482 2426 dicunt
3503 2375 3681 2431 consi-

2096 2452 2316 2508 liatores
2331 2462 2543 2509 vestros
2556 2466 2855 2512 commotos
2877 2459 3164 2516 adversum
3178 2477 3277 2518 nos
3292 2477 3478 2518 eorum
3491 2479 3650 2520 causa
3662 2506 3678 2530 ,

2095 2561 2161 2598 co
2201 2545 2341 2613 quod
2371 2547 2750 2615 prohibeamus
2774 2549 3114 2608 Christianos
3142 2553 3331 2608 vinum
3377 2571 3565 2611 eorum
3601 2558 3680 2612 bi-

2098 2636 2256 2699 bere;
2310 2636 2437 2689 dum
2468 2637 2570 2690 hoc
2594 2635 2862 2692 aﬂirmare
2889 2641 3144 2706 nitentes,
3172 2643 3436 2712 plurimas
3459 2650 3667 2716 argenti

2097 2725 2266 2780 libras
2291 2727 2361 2781 ob
2389 2726 2719 2795 emptionem
2743 2728 2853 2781 vini
2876 2743 2936 2784 se
2950 2728 3019 2783 ab
3034 2730 3113 2785 eis
3140 2733 3414 2802 accepisse
3435 2733 3675 2802 jactant;

2095 2824 2151 2872 et
2174 2818 2416 2873 decursis
2462 2819 2760 2874 canonibus
2785 2835 2892 2876 non
2933 2820 3162 2877 inveniri
3191 2839 3363 2894 quare
3387 2823 3678 2882 Christiani

2097 2911 2334 2967 debeant
2377 2912 2649 2967 abstinere
2675 2928 2706 2966 a
2755 2914 2894 2970 cibis
2921 2929 3111 2970 eorum
3147 2924 3203 2971 et
3250 2919 3496 2986 potibus;
3549 2921 3678 2975 dum

2097 3004 2392 3060 ostendunt
2413 3015 2680 3074 prtecepta
2705 3021 2770 3061 ex
2796 3008 3016 3062 nomine
3055 3019 3259 3074 vestro,
3288 3011 3468 3066 aureis
3489 3012 3681 3083 sigillis

409 3091 554 3159 piam
577 3091 853 3144 hominum
886 3091 1118 3146 senserit
1145 3092 1221 3146 illi
1243 3108 1362 3147 esse
1387 3093 1686 3157 inimicum,
1719 3093 1989 3148 detracto-
2021 3099 2064 3160 C
2098 3097 2401 3167 signata,et
2428 3096 2761 3149 continentia
2784 3097 2968 3161 verba,
2995 3107 3055 3151 ut
3079 3107 3354 3168 putamus,
3383 3116 3489 3156 non
3519 3117 3674 3161 vera:

409 3196 545 3245 rem,
587 3181 1029 3247 conviciatorem,
1076 3191 1129 3238 et
1149 3185 1621 3249 comminatorem,
1663 3201 1771 3239 non
1799 3185 1913 3240 vult
1939 3187 1986 3240 ei

407 3285 526 3326 esse
550 3273 773 3336 amicus,
820 3288 920 3327 nec
956 3273 1138 3329 socius
1164 3290 1382 3338 mensas,
1410 3291 1512 3330 nec
1541 3276 1816 3345 particeps
1841 3277 1990 3331 cibo-

411 3379 548 3416 rum.
589 3363 740 3430 Quod
775 3363 820 3417 si
859 3364 1044 3430 fuerit,
1072 3367 1253 3422 ethoc
1278 3367 1458 3421 senior
1496 3368 1665 3437 ipsius
1699 3369 1786 3423 vel
1816 3369 1989 3423 domi-

409 3469 510 3507 nus
537 3453 974 3522 deprehenderit,
1022 3471 1122 3510 nec
1150 3455 1361 3510 fidelem
1381 3456 1484 3511 sibi
1513 3471 1637 3512 eum
1659 3474 1781 3513 esse
1805 3459 1989 3513 existi-

407 3553 537 3597 mat.
599 3544 662 3596 Et
691 3544 810 3598 ideo
836 3559 960 3598 cum
988 3545 1174 3614 procul
1201 3546 1364 3601 dubio
1393 3547 1705 3601 noverimus
1738 3547 1988 3617 blasphe-

2093 3188 2218 3242 dum
2246 3185 2542 3241 ostendunt
2572 3195 2752 3241 vestes
2781 3187 3093 3253 muliebres,
3125 3189 3282 3258 quasi
3310 3190 3680 3262 aeonsangui-

2092 3279 2210 3333 neis
2231 3280 2427 3332 vestris
2453 3277 2537 3331 vel
2561 3279 2821 3334 matronis
2836 3279 3197 3348 palatinorum
3211 3282 3474 3336 uxoribus
3486 3297 3677 3337 eorum

2090 3370 2358 3434 directas;
2387 3369 2513 3424 dum
2539 3379 2817 3438 exponunt
2843 3371 3069 3440 gloriam
3100 3383 3386 3443 parentum
3423 3390 3674 3436 suorum;

2093 3458 2218 3512 dum
2237 3459 2316 3514 eis
2342 3468 2533 3514 contra
2571 3459 2742 3530 legem
2765 3461 3097 3528 permittitur
3130 3463 3150 3501 ί
3184 3480 3355 3519 novas
3378 3480 3678 3536 synagogas

2095 3561 2410 3614 exstruere;
2467 3550 2533 3604 ad
2588 3551 2691 3605 hoc
2737 3552 3073 3620 pervenitur,
3127 3555 3394 3610 utdicant
3437 3557 3675 3626 imperiti

1751 3659 2026 3715 BALUle
2065 3660 2294 3716 ΝΟΤᾸΞ.

405 3759 770 3828 impedimento
811 3766 903 3810 aut
937 3757 1057 3828 neci
1095 3755 1260 3828 foret,
1304 3764 1364 3808 ut
1395 3755 1554 3810 tradit
1584 3761 1772 3809 auctor
1807 3755 1987 3808 Anna-

408 3825 538 3881 lium
565 3828 622 3882 S.
652 3828 856 3883 Bertini
884 3827 952 3881 ad
975 3842 1062 3879 an.
1096 3825 1220 3881 84⁵1.

479 3910 505 3937 ει
548 3897 880 3964 Deglubatas.
910 3896 988 3950 lta
1021 3904 1176 3950 vetus
1203 3896 1400 3960 codex;
1431 3909 1532 3963 pro
1566 3909 1674 3964 quo
1708 3893 1988 3948 Massonus

403 3967 574 4022 edidit
601 3967 870 4020 delibatus.

478 4038 505 4077 ι’
547 4036 610 4092 Si
631 4036 816 4107 aliquis
837 4038 1008 4107 homo.
1034 4035 1416 4107 Fragmentum
1439 4042 1523 4089 est
1540 4033 1805 4107 orationis
1824 4047 1985 4104 quam

402 4108 443 4159 Α
486 4102 725 4161 οὺεπᾶιιέ
747 4106 822 4160 Lu
862 4106 990 4160 duni
1019 4102 1209 4161 habuit
1235 4105 1524 4158 adversum
1552 4102 1784 4169 Iudaeos,
1818 4102 1987 4174 usque

403 4123 484 4229 adI
500 4177 592 4229 illa
620 4177 806 4229 verba.
827 4123 1051 4229 ἰωνιαηὶ
1079 4193 1188 4229 esse
1211 4174 1506 4228 debeamus.

403 4174 469 4229 ad
500 4177 592 4230 illa
620 4177 806 4241 verba,
833 4174 1051 4229 humani
1079 4193 1188 4229 esse
1211 4174 1506 4228 debeamus.

476 4257 497 4285 ε
537 4246 747 4301 Seniori
764 4286 778 4310 ,
811 4246 865 4300 id
891 4253 1001 4309 est,
1034 4245 1273 4309 domino,
1310 4245 1599 4299 vernacula
1627 4243 1806 4314 lingua
1827 4287 1842 4311 ,
1872 4243 1984 4299 Sei-

437 4333 584 4370 neur.
618 4315 753 4370 Vide
778 4315 925 4386 ﬂier.
958 4315 1203 4386 Bignonii
1231 4323 1387 4386 notas
1415 4314 1484 4368 ad
1510 4314 1826 4386 Marculfum
1857 4331 1977 4386 pag.

473 4387 527 4450 3,
553 4386 686 4451 458;
712 4393 767 4439 et
790 4372 1284 4440 Davidislilondelli
1309 4385 1752 4440 Dissertationem
1777 4372 1982 4454 deque
2009 4372 2060 4430 D

399 4455 571 4525 plebis
593 4456 649 4508 in
673 4455 937 4524 regimine
963 4455 1351 4525 ecclesiastico,
1383 4470 1502 4525 pag.
1529 4455 1618 4510 49.

471 4523 498 4563 ἀ
537 4521 762 4578 Divitiis“
791 4542 995 4589 eorum,
1039 4526 1094 4579 id
1141 4533 1244 4588 est,
1291 4521 1618 4579 Iudaeorum.
1667 4524 1792 4580 Haec
1842 4525 1982 4580 fama

402 4609 624 4664 semper.
641 4595 897 4649 comitata
923 4603 1009 4664 est
1039 4593 1271 4659 Judaaos,
1294 4609 1362 4648 ex
1389 4609 1498 4663 quo
1522 4593 1812 4664 Christiani
1843 4612 1983 4664 pra:-

401 4663 582 4720 valere
602 4673 904 4734 ceperunt.
929 4663 1307 4734 Namiadnotat
1325 4665 1486 4717 etiam
1507 4663 1760 4734 Albertus
1784 4663 1982 4720 Krant-

403 4735 519 4789 zius
547 4735 641 4787 lib.
670 4733 768 4788 vni
799 4733 1024 4804 Metrop.
1055 4733 1352 4804 Salisburg.
1378 4749 1478 4801 cap
1504 4733 1595 4797 25,
1625 4749 1985 4804 eosisummas

401 4805 602 4874 ubique
634 4801 1166 4874 opescompa'rasse:
1194 4801 1350 4857 Anno
1379 4804 1540 4874 1098,
1571 4819 1692 4874 cum
1719 4803 1886 4859 Judaei
1917 4823 1981 4872 ex

400 4873 654 4929 Bobemia
673 4873 738 4927 in
762 4873 1042 4928 Poloniam
1067 4883 1122 4929 et
1140 4873 1470 4928 Pannoniam
1491 4873 1709 4928 divitias
1727 4890 1854 4929 suas
1877 4875 1982 4930 fur-

403 4944 499 4997 tim
527 4943 832 5009 auferrent,
872 4943 1096 5012 ejusque
1130 4943 1268 5010 fuga:
1302 4958 1486 4997 rumor
1522 4943 1589 4996 ad
1624 4944 1815 4999 ducem
1850 4945 1981 5000 Bre-

403 5013 625 5067 cislaum
651 5015 1023 5082 pervenisset,
1052 5015 1141 5067 ille
1172 5013 1393 5068 retineri
1425 5028 1519 5083 eos
1537 5013 1728 5083 jussit,
1763 5016 1982 5069 thesau-

404 5099 600 5154 rosque
641 5101 832 5139 eorum
879 5083 1330 5154 applicariﬁsco.
1367 5082 1548 5154 _Addit’
1589 5099 1718 5139 vero
1761 5084 1985 5140 Cosmas

402 5151 710 5225 Pragensis,
753 5155 846 5224 qui
897 5151 1016 5225 haec
1056 5151 1221 5225 tradit
1249 5171 1260 5206 :
1284 5171 1316 5225 _c
1354 5152 1398 5208 Ο
1435 5162 1696 5225 quantum
1744 5157 1984 5225 pecuniae

403 5221 617 5278 miseris
641 5221 841 5280 Judaéis
861 5232 947 5280 est
965 5222 1056 5278 illa
1076 5221 1164 5278 die
1181 5221 1482 5278 sublatum]
1507 5224 1618 5279 Nec
1635 5240 1702 5279 ex
1724 5221 1984 5282 succensa

405 5292 563 5362 Troja
595 5303 805 5349 tantum
833 5294 1142 5350 divitiarum
1178 5293 1234 5347 in
1264 5293 1500 5348 Euboico
1534 5293 1714 5350 littore
1739 5294 1841 5350 fuit
1876 5297 1984 5352 col-

403 5363 590 5435 latum.
626 5384 644 5414 ι
674 5363 826 5420 Unde
850 5373 904 5419 et
928 5371 1088 5418 aetate
1106 5378 1322 5435 quoque
1340 5371 1547 5428 nostra,
1572 5365 1785 5435 quoties
1805 5368 1983 5423 dicere

401 5433 650 5504 volumus
689 5435 996 5504 quempiam
1043 5432 1163 5489 esse
1200 5432 1656 5504 valde_divitem,
1682 5435 1758 5490 ita
1805 5437 1984 5493 dicere

403 5502 661 5567 solemus,
714 5502 868 5559 Dives
892 5513 968 5558 est
1004 5521 1066 5558 ac
1107 5519 1242 5557 unus
1286 5519 1313 5556 e
1355 5502 1580 5569 Judcis,
1629 5503 1680 5558 Il
1723 5517 1800 5561 est
1845 5509 1985 5562 riche

401 5589 601 5644 qoncme
637 5590 709 5627 un
749 5574 899 5643 Juif;
943 5585 1103 5642 atque
1146 5574 1198 5644 id
1226 5573 1442 5644 quidem
1468 5575 1675 5632 obtinet
1701 5577 1865 5633 etiam
1893 5579 1983 5635 ubi

402 5641 570 5699 Judaei
601 5645 711 5700 noti
743 5641 852 5699 non
878 5653 1002 5700 sunt
1021 5641 1131 5698 nisi
1156 5643 1223 5697 de
1245 5641 1481 5698 nomine.

844 5737 1118 5798 PATROL.
1164 5735 1324 5803 CIV.

2173 3769 2195 3794 θ
2236 3753 2460 3827 Propter
2483 3759 2831 3827 patriarchas.
2860 3758 3224 3812 Abrahamum
3266 3760 3543 3826 videlicet,
3577 3763 3672 3819 Ja-

2094 3826 2289 3894 cobum
2307 3867 2321 3889 ,
2349 3826 2409 3880 et
2440 3826 2666 3884 caeteros
2691 3829 2900 3882 Veteris
2927 3827 3258 3882 Testamenti
3286 3829 3497 3894 Patres,
3527 3842 3580 3887 et
3605 3836 3677 3890 ob

2096 3893 2541 3971 hoc,_J_uda_eorum
2557 3896 3118 3971 patriarchas._Neque
3135 3898 3277 3950 enim
3300 3893 3676 3971 intelligendus

2095 3973 2179 4018 est
2219 3964 2500 4038 hic_locu_s
2538 3964 2605 4020 de
2642 3966 2969 4038 patriarchis
3011 3964 3317 4038 Iudaeorum
3356 3984 3454 4038 per
3471 3964 3674 4030 'varias

2093 4033 2400 4105 provincias
2449 4033 2850 4091 distractorum.
2895 4036 2974 4090 llli
3022 4037 3165 4090 enim
3211 4033 3486 4095 desierant
3532 4059 3674 4098 anno

2088 4103 2193 4230 329
2225 4113 2283 4159 ut
2322 4103 2836 4248 Mgrtgasobservavit
2871 4108 2928 4161 in
2958 4107 3097 4162 libro
3124 4108 3299 4178 primo
3337 4110 3403 4164 de
3437 4111 3668 4170 Concor—

2128 4192 2196 4239 ¹²ν
2223 4191 2342 4248 ςὲΡο
2411 4218 2425 4243 υ
2545 4218 2558 4231 ·
2801 4246 2815 4248 μ
2875 4247 2884 4248 ,

2128 4192 2196 4239 Ia,
2223 4191 2342 4243 cap.
2369 4191 2425 4243 ό,
2453 4191 2480 4243 9
2505 4191 2558 4231 ο.

2165 4195 2196 4325 ξ’
2223 4191 2425 4325 $33133,
2442 4191 2754 4325 Egzagogas.
2795 4246 3111 4318 Indignatur
3151 4250 3487 4321 Agobardus,
3526 4257 3672 4325 quod

2085 4315 2283 4389 Judaeis
2309 4325 2420 4370 tum
2461 4315 2662 4389 liceret
2674 4334 2842 4374 novas
2867 4315 3164 4389 synagogas
3186 4315 3487 4389 exstruere,
3523 4315 3672 4380 velut

2087 4388 2140 4441 in
2181 4389 2565 4458 contumeliam
2606 4388 2928 4444 Christiana:
2973 4388 3266 4458 religionis.
3315 4392 3370 4444 id
3415 4407 3545 4448 vero
3593 4397 3671 4449 ait

2086 4471 2208 4512 esse
2237 4457 2645 4528 contralegem.
2671 4459 2752 4528 _Ea
2779 4467 2959 4512 autem
2987 4457 3167 4513 exstat
3191 4460 3244 4513 in
3275 4459 3472 4515 Codice
3495 4463 3670 4519 Theo-

2087 4528 2312 4601 dosiano
2339 4525 2530 4601 _l.__85,'
2547 4528 2631 4601 tit.
2663 4526 2736 4580 De
2741 4529 2846 4601 liis
2875 4528 2966 4601 qui
2993 4529 3430 4601 supergreligio’ne
3455 4543 3668 4601 conten—

2087 4597 2240 4661 dunt,
2260 4595 2353 4650 ubi
2379 4595 2645 4652 Honorius
2663 4605 2720 4650 et
2740 4595 3076 4651 Theodosius
3096 4598 3208 4651 AA.
3232 4595 3310 4654 sic
3330 4596 3628 4657 decernunt
3653 4623 3666 4656 :

2089 4667 2220 4738 Quae
2257 4681 2425 4736 nuper
2453 4668 2518 4722 de
2545 4666 2750 4721 Iudaeis
2772 4675 2823 4738 et
2850 4668 3130 4738 synagogis
3159 4684 3339 4722 eorum
3362 4672 3665 4736 statuimus,

2086 4737 2242 4804 ﬁrma
2269 4748 2608 4810 permaneant
2635 4751 2653 4788 :
2683 4737 2877 4791 scilicet
2901 4747 2958 4789 ut
2984 4753 3077 4790 nec
3101 4754 3260 4793 novas
3288 4756 3520 4810 unquam
3543 4757 3670 4810 syn-

2087 4822 2280 4875 agogas
2330 4808 2701 4878 permittuntur
2736 4816 3018 4878 exstruere,
3077 4824 3170 4862 nec
3212 4808 3528 4878 auferendus
3567 4808 3670 4866 Sibi

2085 4885 2274 4930 veteres
2307 4877 2702 4949 pertimescant.
2729 4877 2898 4946 Hujus
2936 4877 3068 4948 legis
3093 4877 3296 4934 mentio
3323 4889 3501 4934 exstat
3526 4883 3668 4949 apud
3717 4899 3729 4912 '

2085 4898 2274 4930 veteres
2307 4898 2690 4949 pertimescam.
2729 4898 2898 4946 Hujus
2937 4898 3068 4948 tegis
3093 4898 3296 4934 mentio
3323 4898 3501 4934 exsmt
3526 4899 3555 4936 a
3595 4898 3666 4936 ua

2085 4954 2332 5019 sanctum
2351 4946 2666 5019 Gregorium
2691 4948 2787 5003 lib.
2804 4965 2908 5019 vn»,
2935 4949 3121 5019 indict.
3140 4949 3195 5012 2,
3212 4951 3370 5019 epist.
3387 4949 3454 5003 5:
3479 4966 3500 5000 ε
3529 4898 3666 5016 (ἐξῄει

2085 5017 2256 5090 sicut,
2283 5019 2496 5090 inquit,
2530 5017 2712 5088 legalis
2735 5017 2979 5072 diﬂim‘tio
3007 5017 3219 5074 Judaaos
3242 5017 3405 5090 novas
3435 5035 3543 5074 non
3574 5035 3669 5090 pa-

2085 5087 2220 5161 titur
2249 5087 2458 5159 erigere
2498 5102 2814 5161 synagogas,
2845 5090 2922 5161 ita
2952 5103 3178 5161 quoque
3192 5103 3284 5161 eos
3313 5089 3430 5161 sine
3459 5087 3670 5161 inquie-

2087 5156 2272 5230 tudine
2294 5156 2512 5230 veteres
2530 5156 2733 5230 haberé
2753 5156 3038 5230 permittit.
3073 5156 3092 5208 ό
3120 5158 3372 5230 Ejusdem
3399 5156 3671 5230 legis—me-

2085 5227 2244 5281 minit
2288 5229 2484 5284 iterum
2523 5230 2578 5284 in
2617 5227 2843 5298 epistola
2879 5228 2947 5283 58
2983 5227 3224 5298 ejusdem
3254 5227 3396 5282 libri.
3433 5227 3516 5285 Ad
3546 5247 3666 5286 eam

2085 5313 2302 5369 quoque
2320 5299 2496 5370 legem
2527 5295 2828 5370 respesisse
2854 5298 3070 5370 videtur
3093 5295 3398 5354 Alexander
3423 5299 3506 5363 lll,
3540 5302 3668 5356 dum

2087 5367 2488 5444 btec‘scrjbéret
2514 5387 2526 5423 :
2561 5388 2579 5420 ι
2605 5367 2822 5444 Judaaos
2847 5367 2913 5420 de
2939 5380 3077 5444 novo
3100 5377 3415 5444 construere
3437 5387 3671 5444 synago-

2086 5454 2201 5508 gas,
2233 5433 2323 5494 ubi
2348 5455 2441 5494 eas
2468 5456 2573 5509 non
2605 5437 2936 5509 habuerunt2
2963 5437 3076 5509 pati
3113 5452 3221 5492 non
3249 5440 3431 5495 debes.
3464 5433 3668 5498 Verum

2087 5505 2132 5564 si
2186 5510 2420 5579 antiquae
2468 5506 2804 5570 corruerint,
2855 5505 2948 5579 vel
2967 5505 3197 5564 ruinam
3247 5510 3556 5579 minantur,
3609 5520 3672 5566 ut

2088 5578 2416 5648 resediiicent
2435 5579 2640 5648 poteris
2667 5578 3043 5648 aequanimiter
3071 5579 3323 5646 tolerare,
3351 5597 3458 5637 non
3488 5590 3670 5638 autem

2090 5647 2586 5718 mediexaltent,
2619 5655 2711 5702 aut
2751 5647 3036 5717 ampliores
3076 5659 3168 5705 aut
3203 5653 3550 5719 pretiosiores
3589 5652 3670 5709 fa-

3195 5744 3233 5802 3
