4048 6178
347 280 421 337 ’19
1348 268 1405 325 S.
1447 267 1796 325 AGOBABDI
1833 264 2143 322 EPISCOPI
2181 259 2669 321 LUGDUNENSIS
3567 257 3639 314 80

346 400 466 448 stus
489 386 875 459 paciﬁcaturus
897 382 1079 439 omnia
1113 397 1213 452 per
1248 381 1564 453 sanguinem
1592 380 1771 435 crucis
1800 394 1934 444 sua),
1965 384 2017 440 Α
2040 386 2270 433 mortem
2308 378 2512 439 subire.
2554 391 2623 432 ne
2652 374 3083 431 dissimulatione
3125 375 3209 431 sui
3251 375 3642 445 praevaricato-

344 481 599 536 venditus
627 487 711 535 est
746 493 777 532 a
808 475 945 531 falso
966 474 1248 545 discipulo,
1275 481 1331 530 et
1364 487 1389 515 α
1420 482 1765 544 comparatus
1790 488 1820 527 a
1849 487 1942 528 ve—

346 573 424 628 ris
447 568 885 642 persecutoribus
911 566 982 623 ad
1025 565 1356 622 illudendum
1388 573 1445 621 et
1490 560 1936 635 eruciligendum,

346 664 419 719 ita
458 674 606 718 nunc
632 664 980 727 comparetur
1007 656 1076 710 ab
1124 656 1306 725 impiis
1335 652 1535 710 Iudaeis
1564 656 1798 724 quodam
1826 667 1942 708 mo-

349 754 418 808 do
473 753 544 807 ad
576 750 995 822 vituperandum
1042 748 1295 805 licentius
1338 754 1394 803 et
1436 744 1940 818 blasphemandum)

349 842 640 898 scribimus
668 848 876 897 tantum
903 854 1075 910 pauca
1103 837 1172 892 de
1200 837 1463 907 exemplis
1490 844 1546 892 et
1588 837 1806 891 statutis
1833 836 1938 889 Pa-

350 947 521 1002 trum,
548 949 615 989 ac
640 934 834 990 deinde
857 934 925 989 de
950 932 1102 988 Actis
1144 930 1480 1001 apdstolieis,
1509 931 1624 985 sive
1669 929 1736 983 de
1766 929 1942 983 Evan-

350 1025 505 1097 geliis
533 1032 589 1081 et
637 1024 851 1081 Veteris
897 1022 1228 1078 Testamenti
1274 1020 1590 1090 Scripturis,
1628 1018 1694 1072 ad
1740 1019 1941 1073 conﬁr-

350 1116 605 1170 mandam
653 1114 799 1185 piam
841 1111 1249 1185 gubernationis
1292 1108 1627 1180 vigilantiam
1676 1108 1940 1164 bonorum

353 1212 653 1274 pastorum.

422 1295 485 1349 ll.
522 1294 721 1349 Beatus
750 1291 1029 1349 confessor
1052 1291 1291 1348 Hilarius
1314 1290 1405 1365 (de
1429 1307 1538 1362 quo
1563 1299 1783 1346 sanctus
1808 1289 1940 1345 Hie-

341 1399 612 1455 ronymus
635 1383 713 1438 ita
736 1382 979 1454 loquitur
1002 1382 1057 1437 in
1082 1382 1311 1451 epistola
1335 1379 1404 1436 ad
1424 1381 1631 1436 Laetam
1653 1379 1721 1435 de
1744 1380 1943 1434 instru-

351 1475 534 1529 ctions
558 1472 775 1529 dicens:
812 1490 832 1523 α
867 1470 1124 1543 Cypriani
1158 1470 1416 1542 opuscula
1445 1484 1660 1542 semper
1687 1471 1743 1525 in
1777 1485 1940 1524 manu

348 1572 551 1619 teneat.
579 1561 862 1617 Athanasii
892 1560 1149 1633 epistolas
1175 1569 1231 1617 et
1259 1560 1452 1616 Hilarii
1478 1562 1650 1617 libros
1678 1559 1941 1617 indﬂ‘enso

344 1660 537 1709 currat
563 1652 719 1722 pede.
751 1651 971 1707 Illorum
998 1652 1333 1717 tractatibus,
1383 1650 1597 1706 illorum
1640 1651 1942 1706 delectetur

349 1744 604 1815 ingeniis,
643 1743 700 1798 in
727 1757 957 1813 quorum
988 1741 1141 1797 libris
1180 1742 1356 1813 pietas
1392 1741 1514 1797 fidei
1562 1755 1669 1796 non
1697 1740 1934 1796 vacillat.
1967 1727 2014 1784 Β

349 1835 590 1890 Caeteros
607 1835 688 1891 sic
708 1834 873 1905 legat,
892 1842 953 1888 ut
980 1833 1152 1904 magis
1173 1832 1380 1903 iudicet
1398 1847 1559 1902 quam
1587 1838 1846 1901 sequatur
1867 1830 1935 1902 ι),

351 1940 457 1994 qua
486 1923 698 1980 cautela
724 1923 1034 1980 Judreorum
1063 1937 1279 1992 semper
1296 1929 1352 1976 et
1375 1921 1754 1978 haereticorum
1794 1921 1944 1975 devi-

354 2017 551 2072 taverit
574 2015 801 2086 profana
839 2015 1132 2080 consortia,
1162 2014 1191 2053 b
1229 2013 1350 2069 Vita
1394 2012 1512 2084 ejus
1559 2012 1761 2081 scripta
1808 2010 1943 2066 fate-

354 2114 488 2169 tur;
540 2104 687 2173 quod
723 2104 797 2158 ita
849 2103 1058 2158 scilicet
1100 2101 1407 2172 huiusmodi
1458 2102 1640 2156 hostes
1686 2098 1942 2154 Ecclesia:

350 2195 515 2250 fuerit
550 2202 886 2261 exsecratus,
916 2203 978 2249 ut
1005 2209 1113 2249 non
1140 2193 1315 2249 solum
1363 2194 1691 2258 convivium,
1736 2193 1831 2247 sed
1874 2208 1944 2247 ne

347 2284 605 2340 salutatio
630 2284 849 2354 quidem
882 2284 934 2340 ei
978 2284 1253 2339 exstiterit
1289 2299 1413 2338 cum
1458 2284 1545 2339 his
1587 2286 1943 2354 praetereunti

353 2376 677 2430 communis.
726 2375 805 2430 De
853 2383 1042 2431 sancto
1071 2390 1287 2445 quoque
1314 2374 1603 2430 Ambrosio
1650 2375 1787 2430 Vita:
1829 2372 1946 2443 ejus

332 2480 511 2521 sacra
548 2473 736 2520 narrat
761 2464 1011 2531 historia,
1048 2464 1194 2537 quod
1221 2473 1277 2519 et
1315 2465 1407 2519 hic
1438 2464 1679 2520 inserere
1724 2465 1945 2536 dignum

353 2566 457 2621 est,
488 2568 542 2614 et
589 2556 915 2613 Christianis
954 2557 1228 2612 mentibus
1264 2557 1406 2612 seire
1450 2555 1798 2627 religiosum:
1826 2575 1846 2607 ι
1885 2555 1946 2611 ιιι

335 2697 345 2711 ,
352 2647 620 2715 partibus,
653 2645 848 2716 inquit,
879 2644 1118 2700 Orientis
1143 2646 1197 2699 in
1220 2645 1453 2715 quodam
1489 2643 1711 2701 castello
1733 2659 1764 2700 a
1791 2645 1947 2700 Chri-

336 2739 548 2795 stianis
573 2737 708 2793 viris
734 2752 1007 2813 synagoga
1034 2734 1340 2792 Iudaeorum
1365 2744 1420 2792 et
1445 2747 1467 2775 θ
1514 2736 1669 2792 lucus
1699 2737 1944 2794 Valenti-

357 2834 640 2888 nianorum
673 2829 923 2885 incendio
947 2837 1295 2884 concremata
1316 2837 1461 2894 sunt,
1488 2838 1778 2900 propterea
1801 2832 1947 2901 quod

354 2923 525 2979 Judaei
555 2921 641 2977 vel
689 2920 1051 3012 Valentiniani
1099 2920 1424 2978 insultarent
1467 2921 1750 2977 monachis
1789 2921 1946 2978 Chri-

344 3015 567 3071 stianis.
596 3012 1096 3069 Valentinianorum
1125 3013 1272 3069 enim
1309 3013 1545 3069 hmreses
1570 3013 1791 3084 triginta
1817 3014 1944 3069 deos

358 3108 562 3163 colunt.
614 3103 721 3161 Sed
745 3104 815 3159 de.
849 3104 1153 3175 huiusmodi
1204 3102 1346 3159 facto
1389 3118 1574 3160 comes
1611 3080 1849 3160 O—t‘ientis
1877 3106 1945 3160 ad
1972 3080 2016 3142 Ο

355 3197 739 3268 imperatorem
761 3192 1077 3249 relationem
1100 3194 1317 3259 direxit,
1344 3195 1469 3264 quia
1494 3195 1791 3263 imperator
1807 3211 1945 3265 pra:-

358 3295 578 3357 ceperat
612 3293 672 3340 ut
702 3300 974 3356 synagoga
1019 3286 1088 3341 ab
1123 3286 1377 3357 episcopo
1404 3285 1785 3342 aedificaretur.
1837 3286 1945 3342 Sed

357 3380 518 3450 hujus
551 3380 806 3450 praecepti
832 3386 989 3435 tenor
1017 3395 1142 3434 cum
1184 3379 1253 3433 ad
1283 3395 1445 3436 aures
1487 3382 1826 3450 pervenisset
1854 3397 1948 3437 ve-

360 3469 620 3527 nerabilis
646 3469 750 3524 viri
776 3469 1049 3525 Ambrosii
1083 3470 1345 3541 episc0pi,
1377 3471 1576 3526 direxit
1614 3472 1682 3526 ad
1712 3472 1946 3543 imp;ra-

360 3571 536 3616 torem
564 3559 843 3631 epistolam
874 3557 1021 3633 (quia
1044 3560 1159 3631 ipse
1184 3561 1240 3616 in
1262 3569 1504 3632 tempore
1531 3576 1821 3617 excurrere
1841 3578 1947 3617 non

358 3648 598 3723 poterat)
622 3664 728 3718 qua
766 3649 914 3704 illum
951 3658 1277 3717 commonet,
1302 3659 1362 3706 ut
1387 3653 1441 3707 id
1464 3653 1607 3722 quod
1645 3653 1714 3708 ab
1757 3655 1947 3709 eodem

354 3752 625 3800 statutum
656 3743 834 3801 fuerat
860 3753 1225 3809 revocaretur,
1273 3746 1588 3815 servarique
1633 3747 1735 3802 sibi
1763 3748 1947 3803 deberi

368 3837 439 3892 ab
480 3851 553 3892 eo
604 3835 975 3892 audientiam:
1033 3836 1124 3905 qui
1180 3834 1226 3890 si
1274 3834 1468 3906 dignus
1520 3850 1627 3890 non
1672 3845 1820 3892 esset
1857 3838 1951 3908 qui

364 3925 436 3980 ab
470 3940 537 3981 eo
562 3925 863 3989 audiretur,
892 3923 1086 3994 dignus
1111 3925 1276 3980 etiam
1305 3939 1413 3979 non
1440 3933 1584 3980 esset
1611 3926 1701 3995 qui
1726 3943 1826 3998 pro
1856 3927 1949 3983 illo

364 4013 664 4079 audiretur,
695 4012 782 4068 vel
808 4013 897 4068 cui
933 4028 1122 4084 preces
1158 4029 1284 4068 suas
1309 4021 1403 4068 aut
1425 4014 1512 4069 cui
1536 4030 1633 4070 sua
1659 4024 1781 4070 vota
1806 4033 1950 4073 com-

359 4107 627 4162 mitteret.
672 4105 931 4161 Paratum
982 4106 1145 4160 etiam
1190 4119 1249 4159 se
1276 4118 1397 4160 esse
1440 4120 1539 4175 pro
1590 4104 1681 4160 tali
1731 4109 1948 4178 negotio

2044 486 2159 526 rem
2186 468 2393 525 faceret
2442 470 2849 539 imperatorem,
2898 468 2989 537 qui
3038 477 3151 523 tam
3199 466 3398 537 iniusta
3442 476 3638 524 contra

2039 561 2336 618 Ecclesiam
2359 561 2725 633 praecepisset.
2749 561 2946 616 Postea
2970 577 3102 617 vero
3122 578 3247 617 cum
3272 562 3639 619 Mediolanum

2041 659 2353 725 revertitur,
2378 658 2556 727 posito
2580 657 2914 726 imperatore
2943 655 2997 709 in
3043 656 3310 721 Ecclesia,
3354 658 3422 711 de
3445 657 3638 710 eadem

2046 764 2214 803 causa
2257 746 2514 806 tractavit
2542 748 2594 801 in
2642 745 2878 818 pepulo:
2930 746 2984 799 in
3014 760 3122 813 quo
3167 745 3425 801 Tractatu
3467 745 3641 800 intro-

2043 841 2198 895 duxit
2229 840 2443 895 Domini
2474 854 2761 909 personam
2779 837 3054 907 loquentis
3079 836 3318 907 (Sozom.
3350 833 3490 891 Hist.
3522 834 3643 890 Tri-

2039 939 2181 1000 part.
2221 929 2258 981 Ι.
2286 944 2383 993 vn,
2415 944 2467 983 c.
2496 930 2529 984 8
2553 946 2568 994 ;
2602 928 2639 994 l,
2674 945 2749 994 ix,
2779 943 2829 984 c.
2856 927 2978 999 '50):
3000 927 3115 998 Ego
3144 933 3198 981 te
3221 941 3285 980 ex
3315 926 3504 981 ultimo
3533 925 3641 980 lm-

2040 1028 2349 1091 peratorem
2375 1017 2497 1083 feci,
2533 1033 2632 1087 ego
2659 1019 2754 1073 tibi
2784 1018 3083 1073 exercitum
3131 1016 3337 1070 inimici
3363 1017 3439 1070 tui
3463 1016 3636 1070 tradi-

2040 1110 2115 1174 di,
2146 1125 2248 1182 ego
2268 1110 2451 1180 copias
2485 1122 2623 1178 quas
2676 1108 2762 1163 ille
2806 1110 3093 1164 adversum
3136 1118 3189 1162 te
3233 1108 3501 1162 exercitui
3532 1122 3634 1162 suo

2039 1209 2445 1271 praeparaverat
2470 1199 2615 1265 dedi,
2649 1213 2751 1268 ego
2784 1198 3062 1252 inimicum
3112 1207 3265 1252 tuum
3296 1199 3348 1252 in
3397 1206 3637 1268 potesta-

2044 1303 2154 1349 tem
2180 1301 2331 1348 tuam
2361 1291 2567 1363 redegi,
2620 1306 2718 1361 ego
2748 1293 2814 1347 de
2842 1292 3049 1346 semine
3097 1298 3192 1346 tuo
3232 1307 3395 1362 supra
3442 1291 3638 1346 solium

2041 1385 2193 1456 regni
2219 1383 2499 1449 constitui,
2529 1398 2629 1452 ego
2668 1391 2724 1438 te
2765 1383 3099 1452 triumphare
3120 1384 3240 1438 sine
3280 1384 3462 1438 labore
3501 1383 3637 1444 feci;

2041 1480 2096 1528 et
2127 1481 2185 1527 tu
2222 1472 2292 1527 de
2322 1487 2410 1527 me
2465 1472 2704 1527 inimicis
2746 1472 2883 1526 meis
2921 1470 3090 1526 donas
3144 1471 3495 1541 triumphos?
3538 1471 3639 1526 Cui

2042 1561 2392 1616 descendenti
2420 1560 2619 1615 exedra
2665 1560 2967 1629 Imperator
2992 1560 3103 1614 ait:
3150 1558 3347 1614 Contra
3387 1572 3486 1613 nos
3513 1573 3640 1628 pro-

2040 1652 2269 1722 posuisti
2298 1652 2481 1717 hodie,
2516 1652 2789 1722 episcope.
2817 1650 2891 1705 At
2914 1650 3003 1706 ille
3030 1651 3381 1720 respondens,
3406 1651 3503 1714 ait,
3526 1666 3638 1705 non

2042 1757 2101 1797 se
2125 1749 2312 1796 contra
2341 1742 2540 1812 ipsum,
2571 1742 2665 1797 sed
2704 1757 2804 1811 pro
2850 1741 2965 1811 ipso
2994 1739 3161 1795 fuisse
3193 1740 3455 1795 locutum.
3487 1740 3641 1793 Tune

2042 1833 2380 1903 imperator:
2417 1832 2644 1897 Revera,
2693 1831 2894 1902 inquit,
2940 1832 3076 1886 dura
3122 1846 3483 1902 prmeeperam
3513 1846 3642 1886 con-

2044 1932 2129 1978 tra
2158 1924 2475 1994 episc0pnm
2504 1925 2572 1979 de
2609 1939 2881 1996 synagoga
2907 1924 3229 1994 reparanda.
3262 1923 3318 1977 ln
3346 1925 3641 1979 monachos

2043 2030 2174 2069 vero
2200 2014 2585 2069 vindicandum
2613 2030 2733 2070 esse
2764 2030 2792 2069 a
2834 2014 3143 2080 comitibus,
3191 2014 3283 2084 qui
3312 2013 3367 2067 in
3399 2020 3641 2086 tempore

2044 2106 2290 2171 aderant,
2322 2106 2621 2161 dicebatur.
2665 2106 2873 2173 Quibus
2912 2107 3237 2176 episeopus:
3281 2104 3393 2176 Ego
3418 2105 3639 2175 quidem

2043 2213 2167 2252 cum
2191 2197 2518 2266 lmperatore
2540 2213 2684 2252 nunc
2713 2213 2833 2268 ago.
2860 2197 3153 2251 Vobiscum
3175 2209 3305 2251 vero
3330 2196 3459 2250 mihi
3483 2195 3642 2249 aliter

2044 2289 2331 2360 agendum.
2377 2289 2557 2358 Atque
2605 2289 2683 2343 ita
2736 2288 2991 2352 obtinuit,
3039 2295 3100 2341 ut
3148 2285 3241 2340 illa
3268 2301 3390 2356 quae
3435 2294 3641 2341 statuta

2046 2382 2284 2449 fuerant,
2315 2390 2721 2455 revocarentur.
2765 2380 2876 2435 Nec
2906 2379 3058 2450 prius
3086 2378 3155 2434 ad
3183 2378 3356 2434 altare
3383 2379 3642 2434 accedere

2044 2475 2237 2539 voluit,
2268 2475 2374 2530 nisi
2423 2472 2529 2529 ﬁde
2563 2489 2661 2528 sua
2708 2472 3008 2542 Imperator
3051 2470 3200 2524 illum
3248 2484 3409 2540 agere
3442 2469 3644 2524 debere

2047 2575 2364 2623 testaretur.
2393 2565 2494 2622 Cui
2539 2565 2826 2635 episcopus
2851 2579 2865 2617 :
2916 2563 3060 2635 Ergo
3087 2575 3189 2631 ago
3217 2561 3323 2616 ﬁde
3352 2567 3467 2615 tua.
3508 2559 3643 2623 Bes-

2048 2660 2241 2731 pondit
2265 2658 2608 2735 Imperator:
2648 2657 2763 2727 Age
2786 2656 2891 2712 ﬁde
2916 2670 3058 2711 mea.
3088 2654 3205 2722 Qua
3233 2655 3520 2724 sponsione
3544 2654 3646 2708 ite-

2046 2758 2188 2817 rata,
2209 2749 2322 2820 jam
2342 2763 2569 2805 securus
2592 2747 2805 2819 peregit
2827 2746 3083 2802 sacerdos
3106 2736 3287 2802 divina
3315 2745 3594 2817 mysteria.
3619 2764 3639 2795 ι

2046 2840 2189 2897 Ecce
2210 2840 2329 2894 duae
2353 2839 2606 2893 maxima:
2649 2836 3019 2892 Ecclesiarum
3049 2836 3144 2892 Dei
3171 2835 3458 2901 columnae,
3489 2835 3634 2890 Hila-

2045 2932 2163 2988 rius
2187 2930 2456 2995 videlicet,
2486 2938 2538 2986 el
2562 2928 2903 2983 Ambrosius.
2929 2927 3080 2982 Alter
3100 2942 3167 2981 ex
3190 2926 3277 2981 his
3298 2941 3398 2981 suo
3425 2939 3525 2979 nos
3546 2924 3644 2979 do-

2048 3034 2134 3080 cet
2166 3023 2415 3093 exemplo
2444 3037 2550 3076 non
2583 3036 2614 3075 a
2640 3020 2776 3076 cibis
2813 3018 3171 3083 solummodo,
3202 3033 3390 3075 verum
3422 3016 3589 3072 etiam
3613 3031 3644 3070 a

2051 3112 2381 3166 salutatione
2421 3108 2752 3170 Judmorum,
2782 3122 2902 3176 qum
2935 3106 3002 3160 ab
3029 3105 3282 3160 omnibus
3310 3105 3365 3163 in
3413 3103 3646 3159 invicem

2051 3201 2414 3258 communiter
2437 3199 2748 3263 exhibetur,
2777 3197 3085 3266 diligentius
3123 3193 3398 3250 abstinere
3423 3192 3644 3248 debere.

2049 3292 2203 3349 Alter
2231 3307 2376 3355 vero,
2405 3305 2508 3362 pro
2532 3305 2597 3344 eo
2642 3288 2785 3358 quod
2817 3295 3007 3343 exusta
3035 3301 3067 3340 a
3114 3284 3441 3340 Christianis
3480 3297 3645 3354 syna-

2055 3400 2190 3455 goga
2219 3382 2552 3446 Iudaeorum,
2581 3380 2767 3435 labore
2792 3379 3028 3459 episcopi
3057 3377 3125 3433 ab
3150 3376 3479 3447 lmpcratore
3492 3375 3647 3442 jussa

2052 3474 2231 3530 fuerat
2271 3472 2594 3537 restaurari,
2639 3470 2802 3526 morti
2846 3485 2904 3525 se
2938 3468 3135 3524 offerre
3167 3483 3275 3522 non
3314 3467 3547 3533 dubitat,
3591 3474 3651 3521 et

2052 3569 2223 3641 (quod
2254 3569 2372 3623 leve
2413 3566 2645 3622 forsitan
2670 3573 2975 3635 putaretur,
3008 3565 3052 3619 si
3097 3563 3259 3619 hodie
3287 3563 3647 3635 contingeret)

2048 3663 2136 3716 vir
2168 3668 2390 3716 sanctus
2423 3661 2478 3715 in
2508 3667 2720 3714 tantum
2768 3656 3051 3713 exhorruit
3078 3665 3135 3712 et
3158 3656 3500 3711 abominatus
3541 3664 3644 3719 est,

2048 3760 2109 3807 ut
2135 3761 2365 3825 mortem
2391 3767 2492 3822 pro
2516 3752 2609 3806 tali
2641 3752 2861 3821 negotio
2904 3757 3211 3820 susceptam
3250 3746 3498 3819 martyrii
3529 3746 3650 3804 loco

2047 3857 2156 3897 non
2192 3842 2466 3897 dubitaret
2499 3842 2602 3897 sibi
2651 3856 2773 3897 esse
2819 3856 3115 3896 cessuram.
3163 3839 3649 3895 Przevaricatorcm

2051 3934 2217 3989 etiam
2241 3933 2499 3988 indicavit
2523 3941 2632 3986 tam
2663 3930 2861 4001 iniusta
2900 3940 3089 3987 contra
3131 3929 3431 3986 Ecclesiam
3455 3930 3652 4009 praecl:-

2053 4026 2290 4095 pientem
2318 4042 2331 4089 ;
2359 4032 2414 4079 et
2438 4025 2545 4081 nisi
2584 4024 2687 4080 sibi
2728 4024 2906 4080 locum
2956 4024 3246 4079 audientiae
3291 4033 3646 4087 reservasset,

2053 4112 2080 4152 ει
2113 4113 2331 4168 solitam
2376 4129 2478 4184 pro
2525 4129 2592 4168 eo
2635 4114 3079 4170 intercessionem
3107 4128 3167 4169 se
3210 4114 3649 4170 intermissurum

1716 4193 1989 4254 BALUZII
2027 4200 2260 4259 NOTAE.

439 4298 465 4326 ι
498 4282 877 4355 Campantus,
903 4284 954 4338 id
984 4292 1348 4355 est,emptus.

2129 4290 2157 4331 «ι
2188 4290 2530 4366 Solita_m_p_ra
2567 4308 2627 4347 eo
2651 4293 3095 4366 intercessionem,
3135 4293 3188 4350 id
3214 4303 3318 4361 est,
3346 4310 3447 4365 pro
3483 4295 3650 4366 itnpe-

438 4357 474 4434 ιζ
514 4353 643 4434 Viro
668 4354 783 4425 ejus
810 4354 1066 4434 nimirum
1092 4353 1280 4408 Hilarii
1303 4353 1661 4434 Pictaviensis
1675 4358 1951 4434 episcopi.
1980 4371 2033 4430 1)
2060 4370 2264 4434 ratore.
2340 4353 2803 4434 Solebant_enim
2848 4353 3110 4434 principis
3164 4353 3366 4434 nomen
3412 4353 3650 4422 recitare

368 4426 476 4482 Sed
512 4425 631 4482 hzec
666 4440 774 4479 non
801 4433 1018 4480 exstant
1053 4425 1107 4478 in
1148 4439 1214 4479 ea
1248 4438 1369 4494 qua:
1406 4425 1691 4481 Fortunati
1724 4425 1954 4483 nomine

360 4494 529 4551 hodie
566 4494 967 4551 circumfertur.
1007 4494 1196 4563 Itaque
1239 4502 1354 4549 tum
1395 4496 1503 4550 alia
1542 4497 1717 4552 sancti
1762 4497 1953 4553 Hilarii

367 4566 478 4621 vita
508 4564 782 4620 terebatur
814 4564 1062 4620 manibus
1090 4564 1387 4619 hominum.

444 4646 467 4674 ο
498 4633 671 4689 Lucus
705 4633 1124 4705 Valentinianag
1163 4633 1437 4705 Integrum
1475 4635 1619 4690 hunc
1663 4637 1844 4692 locum
1884 4654 1953 4693 ex

366 4706 491 4761 Vita
525 4705 700 4773 sancti
723 4703 997 4760 Ambrosii
1032 4719 1062 4757 a
1088 4703 1314 4758 Paulino
1358 4705 1562 4773 scripta
1600 4707 1786 4761 retulit
1812 4707 1954 4773 Ago-

364 4773 589 4832 bardus.
634 4771 929 4829 Rhabanus
953 4788 1100 4832 vero.
1131 4787 1254 4827 cum
1279 4771 1545 4829 scriberet
1572 4776 1834 4833 adversus
1862 4771 1955 4832 Iu—

366 4844 540 4918 daeos,
585 4842 721 4899 satis
744 4843 951 4918 habuit
997 4841 1205 4897 referre
1243 4843 1310 4897 de
1348 4844 1602 4899 incendio
1629 4856 1951 4918 synagogas,

369 4914 599 4984 ideoque
628 4912 836 4984 omisit
881 4926 1216 4984 qumcunque
1267 4925 1561 4984 narrantur
1611 4912 1688 4971 de
1731 4912 1954 4974 incenso

366 4982 868 5039 Valentinianorum
907 4983 1050 5036 fano.

369 5054 509 5108 stola
530 5053 608 5109 ‘29
641 5061 909 5122 memorat
948 5059 1279 5122 postremum
1327 5053 1459 5108 illud
1493 5054 1802 5112 incendium
1824 5098 1839 5119 ,
1879 5053 1954 5111 ad

370 5123 759 5191 imperatorem
796 5121 1156 5179 Theodosium
1204 5124 1466 5179 scribens.
1524 5144 1543 5177 ι
1578 5126 1955 5183 Vindieabitur

370 5190 572 5262 etiam,
614 5192 816 5262 inquit,
872 5190 1366 5249 Valentinianorum
1416 5193 1601 5250 fanum
1637 5197 1955 5252 incensum?

355 5261 511 5328 Quid
558 5271 640 5316 est
686 5261 830 5317 enim
883 5264 987 5321 nisi
1035 5262 1242 5329 fanum,
1289 5262 1344 5318 in
1383 5279 1492 5329 quo
1533 5273 1617 5321 est
1655 5276 1954 5322 conventus

368 5330 704 5406 gentilium?
735 5330 905 5406 Licet‘
920 5333 1159 5388 Gentiles
1187 5330 1472 5406 duodecim
1501 5335 1632 5391 deos
1658 5336 1950 5406 appellent,

369 5402 461 5474 isti
512 5400 727 5474 triginta
774 5410 828 5454 et
850 5401 1010 5474 eduos
1046 5418 1220 5474 conas
1266 5404 1466 5470 colant,
1508 5420 1645 5473 quos
1682 5400 1955 5474 appellant

376 5472 522 5524 deos.
558 5490 575 5521 ι
613 5471 684 5523 De
712 5470 815 5524 hoc
847 5471 1346 5529 Valentinianorum
1371 5470 1559 5529 errore
1589 5470 1955 5530 vide'Tertul-

375 5539 591 5612 lianum_
634 5539 707 5612 in,
737 5539 874 5595 libro
915 5540 1518 5612 DeAPrzescriptionibus
1560 5543 1952 5600 Harreticorum

525 5609 594 5666 53
622 5611 713 5681 qui
741 5619 794 5667 et
819 5610 1149 5683 peculiarem
1184 5609 1446 5670 adversus
1485 5629 1579 5670 eos
1609 5615 1805 5672 librum
1839 5616 1953 5672 edi-

1150 4997 1236 5035 am
1287 4983 1697 5058 et__Ambrosius
1743 4988 1958 5058 iii-epi-

2058 4432 2203 4516 itlter
2246 4432 2527 4514 mysteria.
2581 4431 2969 4516 #Tertullia‘nu‘s
3018 4431 3243 4516 cap-‘30
3277 4433 3643 4516 Apologetici:

2063 4500 2201 4556 «Nos
2220 4500 2364 4556 enim
2394 4516 2494 4571 pro
2506 4500 2697 4572 salute
2724 4500 3113 4572 imperatorum
3133 4504 3303 4559 Deum
3328 4500 3649 4561 invocamus

2055 4580 2337 4645 aeternum.
2367 4568 2409 4645 ρ’
2433 4568 2618 4645 Infra:
2659 4590 2677 4622 α
2711 4568 2943 4645 Oramus
2976 4588 3075 4645 pro
3110 4573 3363 4645 omnibus
3404 4576 3645 4645 impera-

2055 4641 2286 4714 toribus,
2330 4642 2497 4696 vitam
2547 4642 2653 4697 illis
2698 4641 2993 4714 prolixam,
3032 4643 3318 4711 imperium
3365 4641 3643 4714 securum,

2055 4711 2273 4782 domum
2322 4719 2516 4777 tutam,
2560 4712 2832 4782 exercitus
2883 4712 3070 4777 fortes,
3110 4721 3360 4768 senatum
3407 4711 3647 4782 ﬁdelem,

2092 4781 2311 4856 epulum
2357 4783 2607 4856 prebum,
2657 4781 2846 4838 orbem
2895 4783 3159 4856 quietem,
3206 4791 3263 4856 et
3309 4781 3647 4856 quaecunque

2095 4850 2292 4905 ominis
2330 4850 2387 4906 et
2406 4850 2635 4907 Caesaris
2661 4861 2784 4906 vota
2812 4850 2957 4908 sunt.
2996 4873 3015 4905 ι
3048 4851 3115 4906 Εῑ
3138 4851 3300 4922 paulo
3328 4850 3470 4922 post,
3498 4850 3647 4910 istud

2199 4929 2383 4989 cptum
2421 4936 2543 4976 esse
2572 4922 2897 4977 Christianis
2939 4923 3096 4977 docet
3135 4922 3461 4978 auctoritate
3498 4923 3646 4980 beati

2136 4991 2205 5062 uti
2244 4991 2297 5043 in
2324 4990 2563 5059 Epistola
2597 4992 2773 5060 prima
2810 4993 2878 5047 ad
2907 4991 3268 5047 Timotheum.
3307 4991 3492 5062 Neque
3529 5003 3644 5049 tum

2058 5060 2343 5133 videbatur
2383 5062 2755 5133 necessarium
2796 5070 2863 5133 ut
2894 5077 3089 5116 nomen
3131 5060 3477 5133 imperatoris
3503 5064 3648 5118 inter

2056 5130 2308 5203 mysteria
2337 5130 2870 5203 proferrettlr,gqu_od
2894 5133 2989 5203 uni
3014 5130 3225 5187 tantum
3252 5143 3469 5203 pareret
3495 5134 3646 5188 orbis

2055 5200 2363 5272 universus.
2391 5200 2676 5272 adhucque
2705 5199 2759 5254 in
2783 5200 3027 5256 Ecclesia
3054 5199 3430 5272 perseveraret
3456 5211 3645 5258 sancta

2055 5268 2149 5323 illa
2193 5276 2441 5343 veterum
2473 5268 2908 5343 Christianorum
2961 5268 3297 5342 simplicitas.
3345 5272 3415 5327 At
3456 5282 3647 5343 postea

2055 5353 2221 5411 quam
2252 5338 2419 5411 dividi
2440 5339 2604 5411 orbis
2623 5340 2808 5411 coepit,
2833 5355 3041 5411 proque
3068 5338 3393 5398 innocentia
3431 5338 3488 5398 e't
3516 5343 3648 5397 sim-

2055 5408 2297 5483 plicitate
2322 5407 2472 5483 fraus
2495 5417 2551 5462 et
2574 5407 2996 5483 dolus_irrepere
3019 5420 3301 5483 cmperunt
3325 5413 3471 5468 inter
3494 5411 3650 5467 Chri-

2056 5476 2284 5540 Stianos,
2327 5476 2660 5548 dubiumque
2683 5479 2783 5565 _ob'
2801 5476 2895 5536 eas
2935 5476 3128 5565 causas
3168 5497 3287 5536 esse
3329 5483 3502 5564 potuit
3545 5497 3651 5565 pro

2056 5562 2290 5616 quonam
2336 5550 2763 5623 rege_sacerdos
2808 5559 3012 5616 oraret,
3054 5553 3100 5605 si
3137 5550 3347 5623 nomen
3388 5550 3649 5623 principis

2058 5624 2355 5690 taceretur,
2379 5619 2667 5690 verbisque
2698 5629 2904 5676 tantum
2936 5621 3276 5690 generalibus
3303 5619 3407 5690 pro
3433 5638 3496 5677 eo
3526 5619 3650 5676 ora-

2060 5695 2146 5744 ret
2189 5687 2461 5755 Ecclesia;
2505 5687 2616 5744 tum
2658 5707 2789 5747 vero
2848 5687 3214 5747 necessarium
3257 5687 3433 5746 visum
3471 5700 3556 5748 est
3589 5700 3649 5747 ut
