4048 6178
362 278 435 336 83
1341 277 1400 334 S.
1442 273 1792 332 AGOBARDI
1829 269 2141 328 EPISCOPI
2179 267 2662 326 LUGDUNENSIS
3572 267 3647 334 εξ
3676 298 3697 331 θ.

360 396 708 446 statuerunt:
745 409 763 442 ι
806 388 865 448 Si
922 387 1219 462 superioris
1267 387 1374 443 loci
1422 386 1654 443 clericus
1704 382 1947 443 haeretici
1975 380 2251 445 Aludaais
2277 395 2309 434 a
2337 393 2492 435 creua
2541 376 2755 433 Domini
2782 390 2954 445 usque
2977 374 3153 445 prima
3184 372 3412 443 Pascha,
3451 391 3645 434 secun-

362 480 732 551 cujuscunque
756 479 1001 537 convivio
1029 476 1359 542 interfuerit,
1387 477 1512 532 anni
1551 476 1730 546 spatio
1755 487 1945 545 pacem

360 586 471 627 non
500 572 735 626 habeat:
766 571 911 641 quod
937 570 1182 641 iuniores
1203 569 1386 625 clerici
1414 570 1459 624 si
1480 566 1942 639 prtesumpserint,

361 663 713 733 vapulabunt.
740 662 786 717 A
811 660 1121 719 Judmorum
1147 678 1276 718 vero
1299 663 1561 719 conviviis
1584 662 1750 717 etiam
1776 660 1947 714 laicos

363 755 676 810 constitutio
715 763 900 812 nostra
944 756 1257 826 prohibuit;
1306 769 1408 810 nec
1437 768 1557 809 cum
1599 752 1709 807 ullo
1746 749 1947 806 clerico

360 854 550 902 nostro
573 861 766 916 panem
789 848 1053 909 comedet,
1085 847 1332 918 quisquis
1358 846 1666 901 Iudaeorum
1697 842 1946 900 convivio

360 938 525 993 fuerit
570 939 901 1007 inquinatus.
935 957 953 990 ι
1006 936 1074 992 Et
1120 939 1174 992 in
1225 936 1571 993 conclusione
1617 942 1946 989 statutorum

361 1045 607 1094 suorum,
632 1027 822 1084 conﬁsi
848 1029 913 1084 de
944 1029 1231 1099 przesentia
1252 1027 1487 1089 Domini,
1521 1026 1661 1079 sicut
1689 1026 1803 1094 ipse
1827 1025 1903 1079 ait
1926 1041 1942 1078 :

367 1139 386 1171 ‹
428 1119 525 1174 Ubi
550 1121 655 1174 duo
680 1119 757 1175 vel
793 1130 897 1172 tres
929 1117 1230 1188 congregati
1267 1116 1464 1187 fuerint
1501 1117 1555 1169 in
1582 1115 1790 1169 nomine
1808 1130 1941 1178 meo,

359 1210 433 1265 ibi
458 1227 575 1265 sum
606 1227 697 1281 ego
743 1210 799 1263 in
845 1209 1018 1263 medio
1060 1224 1262 1273 eorum,
1293 1208 1369 1262 ita
1418 1214 1758 1262 sanxerunt:
1798 1205 1945 1273 Quo-

359 1305 506 1357 circa
530 1302 646 1356 hmo
675 1315 797 1372 quze
842 1314 1075 1370 superna
1118 1298 1471 1368 inspiratione
1502 1297 1773 1353 communi
1818 1313 1946 1353 con-

358 1410 518 1449 sensu
551 1392 887 1463 placuerunt,
919 1392 963 1446 si
1006 1392 1129 1462 quis
1156 1399 1467 1446 sanctorum
1492 1390 1816 1455 antistitum,
1852 1389 1944 1460 qui

358 1493 561 1539 statuta
609 1482 894 1554 praesentia
949 1482 1433 1553 subscriptionibus
1478 1481 1711 1552 propriis
1763 1480 1945 1535 tinua-

359 1582 574 1640 verunt,
601 1588 809 1628 necnon
852 1580 907 1628 et
949 1588 1084 1643 quos
1132 1586 1320 1627 eorum
1358 1571 1504 1628 Deus
1548 1586 1669 1626 esse
1711 1569 1945 1625 voluerit

359 1680 724 1730 successores,
758 1664 957 1720 reiecta
986 1664 1295 1735 integritate
1335 1663 1730 1719 observationis
1753 1676 1942 1717 exces-

359 1756 510 1819 serit,
539 1768 690 1809 reum
716 1770 773 1809 se
819 1730 1126 1809 divinitatis
1139 1754 1344 1823 pariter
1382 1761 1438 1807 et
1464 1752 1822 1807 fraternitatis
1856 1750 1945 1820 ju-
1971 1730 2019 1789 Β

359 1847 499 1900 dicio
525 1846 765 1901 futurum
793 1858 916 1901 esse
939 1853 1250 1916 cognoscat.
1282 1865 1300 1896 ι

431 1936 494 1991 ν.
529 1935 760 1990 Sanctus
788 1933 1058 1990 Ctesarius
1094 1928 1349 1990 Ecclesiae
1377 1932 1709 1990 Arelatensis
1736 1933 1947 2001 episco—

357 2044 481 2099 pus,
505 2028 660 2098 cujus
684 2026 865 2081 meriti
891 2035 947 2081 et
970 2026 1228 2081 doctrinae
1253 2024 1436 2089 fuerit,
1468 2023 1635 2079 multa
1667 2022 1783 2092 ejus
1811 2038 1950 2093 pra:-

358 2118 504 2173 clara
530 2116 865 2171 monimenta
889 2116 1189 2185 designant.
1219 2113 1319 2170 llic
1345 2130 1468 2170 cum
1498 2126 1524 2154 ι
1550 2113 1770 2184 triginta
1792 2113 1950 2182 quin-

357 2222 464 2277 que
500 2205 769 2276 episcopis
823 2213 879 2259 et
911 2205 1132 2260 vicariis
1177 2205 1554 2275 episcoporum
1602 2201 1949 2273 congregatis

359 2297 416 2351 in
445 2312 612 2351 unum
644 2296 697 2351 in
725 2296 946 2351 nomine
993 2295 1225 2360 Domini,
1258 2310 1357 2365 pro
1394 2293 1706 2351 defensione
1730 2299 1786 2348 et
1820 2306 1950 2348 con—

358 2386 668 2442 ﬁrmatione
692 2386 973 2442 catholicae
1020 2385 1281 2446 veritatis,
1334 2385 1474 2438 inter
1518 2390 1713 2438 caetera
1760 2381 1950 2437 statuit

356 2478 434 2531 ita
462 2495 475 2530 :
507 2493 529 2529 ι
572 2474 775 2532 omnes
794 2475 1052 2546 deinceps
1077 2474 1283 2537 clerici,
1320 2474 1435 2529 sive
1458 2472 1599 2535 laici,
1638 2470 1947 2527 Iudaeorum

356 2566 604 2622 convivia
630 2566 856 2631 evitent,
902 2572 956 2621 et
985 2580 1084 2619 nec
1108 2579 1202 2620 eos
1230 2563 1298 2618 ad
1326 2563 1632 2619 convivium
1658 2561 1779 2631 quis
1805 2561 1951 2616 acci-

353 2659 507 2731 piat:
537 2658 664 2729 quia
688 2673 814 2714 cum
840 2657 981 2728 apud
1022 2654 1362 2711 Christianos
1387 2653 1525 2709 cibis
1568 2651 1949 2708 communibus

357 2763 468 2806 non
494 2757 740 2816 utantur,
772 2750 1052 2820 indignum
1082 2756 1166 2803 est
1199 2755 1361 2816 atque
1403 2746 1729 2816 sacrilegum
1756 2758 1947 2799 eorum

358 2839 510 2895 cibos
538 2854 569 2895 a
598 2838 927 2896 Christianis
950 2838 1107 2899 sumi,
1138 2852 1262 2892 cum
1289 2853 1352 2891 ea
1393 2851 1515 2907 quae
1540 2835 1799 2905 Apostolo
1823 2849 1948 2905 per-

355 2931 607 2987 mittente
628 2946 730 2987 nos
754 2930 1040 2993 sumimus,
1072 2929 1139 2984 ab
1172 2928 1279 2983 illis
1310 2927 1621 2996 iudicentur
1647 2926 1944 2991 immunda,

2049 475 2177 531 dum
2200 486 2223 513 ε
2246 472 2484 530 edictum
2504 473 2662 528 bonae
2682 468 3077 525 recordationis
3100 468 3285 524 domui
3306 466 3642 526 Childebertt

2048 564 2214 636 regis,
2240 577 2338 634 per
2354 562 2565 632 plateas
2585 566 2682 615 aut
2705 556 2885 614 forum
2904 556 3063 627 quasi
3082 556 3449 613 insultationis
3476 572 3642 613 causa

2047 654 2431 712 deambulandi
2479 652 2697 708 licentia
2732 648 3050 719 denegetur,
3094 655 3154 704 et
3193 655 3257 703 ut
3284 649 3643 705 reverentiam

2048 747 2260 803 cunctis
2281 745 2659 802 sacerdotibus
2683 740 2898 799 Domini
2924 738 3013 795 vel
3053 737 3271 794 clericis
3297 739 3641 809 impendant,

2046 853 2149 892 nec
2175 844 2301 891 ante
2329 834 2642 891 sacerdotes
2673 845 2991 891 consessum
3026 828 3133 884 nisi
3174 829 3413 884 ordinati
3442 830 3647 885 habere

2046 934 2401 999 prmsumant.
2431 926 2584 993 Quod
2609 927 2657 981 si
2687 925 2871 982 facere
2896 922 3131 978 fortasse
3158 921 3643 991 praesumpserint;

2049 1032 2079 1072 a
2114 1017 2391 1088 iudicibus
2417 1016 2683 1082 locorum,
2723 1023 2887 1087 prout
2927 1027 3161 1084 persona
3207 1010 3392 1077 fuerit,
3425 1012 3651 1067 distrin-

2047 1118 2260 1178 gantur.
2291 1109 2362 1165 Et
2388 1118 2450 1164 ut
2473 1109 2657 1164 nullus
2676 1108 3023 1164 Christianus
3046 1103 3358 1161 Iudaeorum
3385 1105 3649 1161 conviviis

2045 1202 2373 1273 participem
2417 1208 2736 1271 praesumat.
2790 1198 2948 1265 Quod
2991 1197 3038 1253 si
3090 1195 3273 1252 facere
3316 1195 3643 1267 quicunque,

2046 1292 2190 1361 quod
2213 1290 2364 1346 nefas
2390 1298 2475 1346 est
2498 1290 2628 1356 dici,
2659 1289 2891 1344 clericus
2937 1294 3029 1343 aut
3057 1285 3336 1342 saecularis
3372 1301 3638 1356 ιιι-τεθυω-

2043 1380 2233 1449 pserit,
2262 1380 2332 1434 ab
2365 1380 2609 1435 omnium
2650 1378 3088 1433 Christianorum
3134 1376 3412 1432 consortio
3441 1390 3502 1431 se
3538 1390 3636 1430 no—

2045 1470 2185 1524 verit
2203 1470 2582 1534 coercendum,
2605 1468 2853 1538 quisquis
2872 1480 3065 1522 eorum
3087 1465 3463 1536 impietatibus
3481 1462 3647 1518 fuerit

2046 1560 2376 1631 inquinatus.
2406 1562 2474 1615 Et
2500 1561 2631 1616 licet
2651 1560 2785 1630 quid
2812 1560 2880 1615 de
2899 1557 3226 1614 Christianis
3248 1558 3341 1627 qui
3366 1565 3461 1613 aut
3482 1556 3647 1627 capti~

2043 1654 2228 1709 vitatis
2250 1653 2494 1717 incursu,
2524 1660 2620 1706 aut
2644 1652 3061 1721 quibuscunque
3084 1647 3385 1713 fraudibus,
3430 1644 3647 1703 Iudaeo-

2048 1765 2167 1805 rum
2196 1749 2419 1806 servitio
2444 1747 2811 1818 implicantur,
2854 1746 3048 1800 debeat
3071 1742 3374 1806 observari,
3414 1757 3522 1796 non
3551 1755 3644 1796 so-

2047 1840 2161 1895 lum
2193 1840 2494 1904 canonicis,
2543 1838 2639 1895 sed
2671 1845 2730 1893 et
2772 1836 2952 1907 legum
2988 1833 3270 1891 beneﬁciis
3312 1831 3643 1901 jampridem

2048 1930 2217 1988 fuerit
2244 1931 2597 1986 constitutum
2625 1946 2640 1982 :
2664 1937 2845 1983 tamen
2870 1927 2998 1997 quia
3023 1940 3167 1981 nunc
3189 1926 3262 1980 ita
3287 1924 3647 1994 quorumdam

2048 2020 2271 2093 querela
2324 2029 2510 2077 exorta
2558 2027 2664 2084 est,
2704 2018 2968 2089 quosdam
3015 2014 3229 2070 Iudaeos
3256 2028 3358 2084 per
3402 2013 3649 2068 civitates

2050 2121 2143 2167 aut
2169 2110 2466 2179 municipia
2494 2109 2855 2165 consistentes
2883 2107 2939 2161 in
2966 2112 3173 2160 tantam
3220 2103 3564 2159 insolentiam
3591 2111 3646 2157 et

2047 2202 2377 2272 proterviam
2406 2200 2740 2270 prorupisse,
2772 2206 2833 2253 ut
2854 2212 2958 2253 nec
2996 2196 3360 2253 reclamantes
3383 2193 3646 2250 Christia-

2048 2309 2148 2349 nos
2175 2293 2338 2348 liceat
2362 2292 2431 2346 ad
2454 2292 2692 2363 pretium
2738 2291 2804 2345 de
2834 2303 3024 2344 eorum
3051 2301 3211 2358 posse
3256 2286 3516 2342 servitute
3549 2285 3646 2341 ab-

2049 2383 2223 2449 solvi;
2250 2383 2458 2440 idcirco
2482 2381 2741 2453 praesenti
2762 2379 3012 2444 concilio,
3044 2379 3155 2433 Deo
3183 2386 3428 2444 auctore,
3459 2376 3637 2433 sanci—

2049 2494 2194 2545 mus,
2228 2485 2291 2533 ut
2316 2476 2495 2533 nullus
2544 2475 2888 2531 Christianus
2926 2472 3116 2529 Iudaeo
3160 2473 3415 2542 deinceps
3448 2472 3645 2528 debeat

2049 2571 2357 2635 deservire;
2396 2567 2494 2625 sed
2523 2568 2664 2624 datis
2698 2582 2799 2639 pro
2825 2565 3069 2635 quolibet
3090 2564 3236 2620 bono
3275 2562 3540 2633 mancipio
3561 2576 3641 2616 xu

2048 2658 2254 2725 solidis,
2305 2660 2483 2729 ipsum
2535 2656 2862 2727 mancipium
2914 2655 3223 2725 quicunque
3271 2651 3638 2714 Christianus,

2048 2767 2143 2808 seu
2169 2752 2239 2807 ad
2265 2749 2679 2821 ingenuitatem.
2704 2763 2800 2803 seu
2826 2747 2895 2802 ad
2917 2746 3220 2810 servitium,
3247 2743 3520 2799 licentiam
3549 2741 3642 2796 ha-

2046 2841 2174 2898 beat
2198 2840 2515 2897 redimendi.
2555 2838 2691 2905 Quia
2713 2836 2868 2893 nefas
2896 2845 2984 2893 est
3008 2845 3070 2891 ut
3091 2849 3230 2905 quos
3253 2833 3507 2890 Christus
3530 2832 3640 2889 Do-

2048 2934 2229 2990 minus
2257 2930 2536 3004 sanguinis
2557 2929 2642 2985 sui
2669 2927 2931 2984 eliusione
2949 2926 3198 2990 redemit,
3223 2932 3638 3011 persecuturum

356 3036 423 3077 ac
460 3022 541 3078 sic
565 3020 851 3076 inferiores
902 3019 1164 3089 incipiant
1195 3032 1316 3073 esse
1344 3016 1615 3081 catholici,
1645 3031 1809 3086 quam
1852 3012 1948 3070 Ju—
1973 3062 2018 3125 Ο
2049 3024 2284 3081 vinculis
2326 3029 2686 3094 permaneant
2730 3021 2958 3077 ίιιιιειίιί,
3011 3019 3167 3088 Quod
3202 3018 3249 3074 si
3295 3016 3642 3087 acquiescere

353 3110 476 3175 daei,
507 3111 555 3165 si
577 3124 679 3165 nos
702 3109 788 3163 his
823 3124 945 3178 qua:
972 3108 1041 3161 ab
1078 3104 1182 3162 illis
1212 3116 1555 3177 apponuntur
1583 3113 1822 3170 utamur,
1865 3103 1941 3159 illi

350 3212 485 3255 vero
505 3214 536 3253 a
565 3198 722 3253 nobis
747 3195 925 3252 oblata
949 3204 1315 3251 contemnant.
1351 3216 1370 3250 ι

426 3288 515 3346 Ἦ.
551 3287 773 3345 Priscus
797 3287 1053 3343 Ecclesia:
1081 3286 1460 3358 Lugdunensis
1504 3291 1813 3362 episcopus,
1841 3293 1946 3349 Ar-

351 3378 553 3433 temius
600 3375 903 3441 Senonieae,
954 3374 1246 3431 Remedius
1289 3374 1566 3443 Bituricae,
1613 3386 1673 3434 et
1721 3388 1944 3438 sanctus

356 3470 602 3542 Siagrius
628 3466 933 3524 Eduorum
957 3467 1262 3538 episcopus,
1291 3483 1415 3523 cum
1439 3471 1651 3526 caeteris
1670 3471 1940 3543 pluribus,

351 3569 555 3617 statuta
600 3558 970 3616 ecclesiastica
1016 3567 1358 3623 renovantes,
1397 3557 1425 3598 1³
1455 3558 1530 3613 ita
1574 3559 1938 3618 definierunt:

358 3674 377 3705 ο
401 3652 660 3709 Νθιιιάειιὶ
678 3651 1006 3708 Christianis
1027 3650 1465 3722 populisjudices
1487 3652 1835 3723 deputentur,
1850 3666 1946 3712 aut

350 3742 601 3797 telonarii
650 3756 772 3796 esse
816 3742 1221 3812 permittuntur,
1276 3756 1374 3811 per
1425 3741 1568 3811 quod
1622 3742 1727 3797 illis
1777 3744 1942 3815 (quod

352 3829 496 3886 Deus
526 3827 757 3900 avertat)
794 3826 1087 3883 Christiani
1114 3827 1400 3883 videantur
1429 3843 1550 3884 esse
1587 3829 1837 3899 subjecti.
1873 3833 1942 3889 Ut

2050 3115 2137 3170 his
2155 3129 2278 3185 qua;
2300 3113 2593 3169 statuimus
2612 3110 2925 3183 quicunque
2941 3108 3160 3165 ludatis
3181 3106 3449 3173 noluerit;
3470 3120 3644 3175 quan-

2047 3204 2141 3259 diu
2171 3205 2239 3261 ad
2270 3205 2562 3275 pecuniam
2584 3204 2933 3260 constitutam
2954 3201 3143 3257 venire
3165 3198 3461 3264 distuleris,
3482 3197 3643 3264 liceat

2049 3294 2321 3365 mancipio
2364 3293 2468 3365 ipsi
2515 3309 2639 3349 cum
2687 3291 3015 3348 Christianis
3057 3290 3365 3360 ubicunque
3408 3288 3642 3344 voluerit

2049 3383 2314 3440 habitare.
2344 3383 2478 3439 illud
2500 3383 2670 3439 etiam
2711 3380 3020 3452 specialiter
3059 3379 3386 3452 sancientes,
3422 3378 3567 3448 quod
3591 3377 3643 3433 si

2049 3475 2174 3544 quis
2219 3471 2440 3530 ludens
2481 3450 2858 3529 Christianum
2905 3471 3236 3541 mancipium
3281 3469 3353 3525 ad
3374 3450 3642 3524 terrorem

2047 3562 2332 3619 Judaicum
2359 3562 2641 3619 convictus
2667 3560 2831 3617 fuerit
2855 3560 3215 3632 persuasisse,
3255 3566 3314 3615 et
3336 3558 3453 3629 ipso
3481 3572 3640 3613 man-

2046 3655 2189 3725 cipio
2213 3662 2420 3719 careat,
2449 3660 2506 3708 et
2529 3652 2689 3724 legali
2718 3652 3062 3709 damnatione
3084 3650 3369 3722 plectatur.
3403 3669 3423 3702 ι

2119 3745 2230 3801 Vll.
2255 3744 2283 3785 ά
2318 3744 2553 3799 Sanctus
2594 3743 2779 3814 Lupus
2798 3757 2922 3798 cum
2951 3742 3073 3798 aliis
3091 3741 3282 3812 viginti
3308 3748 3364 3795 et
3406 3747 3642 3809 quatuor

2045 3836 2333 3908 episcopis,
2376 3835 2461 3891 vel
2487 3836 2708 3891 vicariis
2735 3836 3132 3905 episcoporum,
3163 3833 3415 3889 similiter
3456 3833 3509 3887 in
3543 3847 3640 3887 no-

1712 3950 1986 4010 BALUZlI
2026 3954 2235 4011 NOTAE
2247 3994 2260 4009 .

350 4041 603 4113 Bhabani
636 4043 1004 4113 pervenisset,
1026 4052 1219 4113 Aatque
1255 4043 1329 4113 illi
1378 4043 1501 4097 data
1536 4052 1683 4098 esset
1721 4047 1936 4101 occasio

292 4122 301 4129 ‘
350 4111 967 4168 scribendi‘adversum
1017 4111 1248 4178 Iudaeos,
1301 4112 1730 4167 lucubrationem
1784 4130 1937 4169 suam

350 4180 609 4236 delibavit
635 4197 717 4253 _ex
752 4183 976 4252 epistola
1016 4182 1105 4238 illa
1136 4182 1411 4253 synodica.
1453 4180 1545 4236 Sic
1572 4182 1718 4253 enim
1753 4184 1941 4238 existi-

351 4265 588 4306 mamus.
619 4250 862 4307 Certe'et
881 4250 1292 4309 observationes
1319 4260 1375 4306 et
1408 4252 1762 4307 auctoritates
1791 4265 1940 4309 vetc-

351 4333 476 4393 rum
511 4322 726 4377 easdem
763 4323 992 4393 profert,
1026 4331 1083 4378 et
1110 4323 1299 4377 iisdem
1335 4330 1395 4375 ut
1421 4322 1712 4392 plurimum
1737 4325 1939 4389 verbis,

2042 4056 2199 4103 vetus
2238 4055 2357 4103 erat
2388 4046 2650 4102 memoria
2678 4044 2821 4099 illius
2854 4043 3092 4109 concilii,
3124 4051 3183 4098 ut
3224 4057 3330 4097 non
3358 4043 3518 4097 etiam
3552 4059 3640 4097 su-

2042 4134 2262 4188 peresse
2292 4116 2569 4188 potuerint
2602 4116 2783 4188 quiAin
2817 4129 2884 4169 eo
2915 4113 3499 4188 praesentesfuissent.
3531 4112 3639 4188 ita-

2045 4182 2152 4257 que
2183 4182 2400 4242 videtur
2428 4186 2556 4257 hinc
2596 4182 2738 4250 elici,
2770 4199 2878 4239 non
2916 4182 3044 4238 ante
3072 4183 3356 4257 vimlegis
3382 4182 3639 4257 habuisse

2047 4252 2287 4313 canones
2333 4255 2719 4318 conciliorum,
2761 4269 2926 4325 quam
2975 4268 3009 4325 a
3041 4252 3298 4325 principe
3326 4252 3636 4325 confirmati

2049 4328 2300 4384 fuissent.
2341 4325 2470 4381 liceo
2496 4332 2678 4379 autem
2703 4322 3059 4379 conﬁrmatio
3087 4323 3251 4378 flebat
3272 4337 3371 4393 per
3397 4322 3637 4378 edictum

351 4391 567 4481 quibus.
605 4368 831 4481 utuntur
872 4368 1112 4481 episcopi
1164 4393 1232 4449 ad
1276 4368 1659 4461 imperatorem
1710 4368 1945 4450 Ludovi:
1969 4368 2023 4426 Β
2047 4368 2595 4481 publicu'tnfﬁtiqui‘a
2619 4368 2919 4476 promptior
2947 4368 3047 4448 est
3067 4368 3344 4481 esset:qu
3368 4368 3638 4474 constiti-1:

353 4475 480 4516 cum
510 4461 662 4518 Pium
692 4461 1013 4520 scribentes.

426 4528 723 4655 gTriginta
766 4536 993 4657 ιὲιιίηᾳιιε
1025 4533 1303 4658 ειὲεοορὶξ,
1334 4533 1387 4587 in
1413 4534 1942 4616 synodoﬁgathensi

464 4608 540 4656 ita
587 4618 731 4658 anno
808 4602 877 4658 06
923 4605 1026 4658 sub
1111 4618 1304 4658 περι-ιο
1340 4602 1663 4658 Arelatensi.
1714 4605 1789 4658 De
1837 4622 1942 4658 oua

348 4599 540 4675 habita
577 4599 731 4659 'anno
754 4599 877 4675 A506
905 4599 1026 4661 'sub
1054 4599 1304 4675 Caesarie
1340 4599 1789 4675 Arelatensi._'De
1837 4622 1942 4675 qua

350 4670 573 4754 synodo.
588 4688 688 4728 nos
716 4672 964 4742 pluribus
1002 4689 1222 4754 agemus
1270 4674 1514 4754 in_notis
1560 4674 1628 4754 ad
1662 4670 1942 4754 Ruricium

348 4739 830 4808 Lemovicensem;
870 4739 1263 4813 nonnullasque
1303 4744 1711 4798 observationes
1755 4744 1943 4801 affere-

348 4825 497 4893 ξιιιιεε
536 4827 657 4883 qua:
694 4813 942 4893 fortassis
984 4814 1357 4893 indignaeuno‘n
1401 4822 1562 4893 erunt
1603 4815 1939 4893 eruditorum

351 4881 635 4939 hominum
665 4884 999 4939 curiositate.
1033 4881 1165 4938 Vide
1191 4882 1510 4939 Rhabanum
1551 4884 1603 4938 in
1635 4884 1774 4940 libro
1813 4902 1942 4941 con-

349 4960 437 5024 tra
460 4951 678 5024 Judaeos
694 4969 825 5024 cap.
854 4954 943 5009 56.

422 5021 452 5061 δ
484 5022 571 5076 Ita
600 5021 915 5095 deﬁnierunt
935 5066 949 5087 ,
993 5023 1047 5077 in
1084 5025 1292 5094 synodo
1323 5023 1703 5095 Martisconensi
1739 5025 1934 5095 prima,

350 5107 473 5173 quae
498 5108 640 5150 anno
780 5096 978 5176 habita
1007 5092 1574 5176 est,‘pra3sid_e_Prisco
1595 5092 1938 5176 lsugfl’uncnsi

351 5162 1142 5290 ίνὲδθέίέἳέιιῗιξιδθοῗξῖῗιῗὲἲέἰῗ
1168 5163 1395 5288 ἱπῗὲιὶιῗῧ
1412 5165 1939 5290 ξέέἲὲῗῗῗοὶᾎξῗλυι-

349 5299 543 5386 Patres
561 5304 1434 5386 synodi.Matiscimensis‘utantur
1457 5306 1579 5386 lege
1606 5299 1937 5386 Childebcrti

349 5370 646 5452 adversum
675 5370 907 5452 Judzeos,
957 5390 1080 5452 cum
1116 5374 1472 5452 potior__apud
1517 5370 1809 5452 illos__csse
1846 5376 1940 5452 d_e—

348 5440 535 5511 buisse
556 5439 806 5511 videatur
829 5439 1133 5500 auctoritas
1160 5439 1382 5500 concilii
1416 5460 1477 5499 Ill
1503 5443 1931 5511 Aurelianensis,

350 5510 406 5585 in
438 5526 545 5585 quo
575 5509 704 5585 illud
729 5510 904 5585 ipsum
923 5521 1191 5585 statutum
1222 5523 1308 5570 est
1332 5515 1473 5585 quod
1507 5514 1684 5585 edicto
1719 5509 1936 5585 Childe4

350 5580 494 5636 berti
530 5580 675 5653 regis
703 5580 1102 5653 continebatur.
1132 5584 1265 5639 Nam
1296 5580 1557 5641 canoncm
1583 5583 1937 5639 Aurelianen-

354 5666 469 5709 sem
496 5667 564 5709 ne
592 5651 755 5710 verbo
784 5651 1002 5724 quidem
1032 5655 1332 5710 nominant.
1368 5655 1434 5710 Et
1462 5664 1638 5709 tamen
1670 5670 1775 5711 non
1801 5655 1934 5712 adeo

2044 4463 2251 4523 fionum
2300 4463 2705 4548 principalium,
2755 4464 3026 4586 prmoipue
3073 4464 3213 4545 apud
3237 4463 3635 4546 “magistratus,

2044 4554 2273 4586 mmmm
2300 4553 2446 4586 cum
2481 4549 2772 4586 commissa
2806 4542 2890 4586 est
2931 4549 3091 4586 eitum
3129 4542 3289 4586 mllio
3317 4541 3372 4586 et
3408 4546 3635 4586 exsecu-

2041 4554 2275 4621 quorum
2300 4553 2446 4621 curm
2481 4541 2772 4621 commissa
2806 4542 2890 4589 est
2915 4541 3091 4605 legum
3129 4541 3289 4587 tuitio
3317 4541 3638 4621 et‘ex‘secu-

2043 4603 2141 4674 tio,
2186 4609 2308 4663 ideo
2349 4607 2542 4663 Patres
2571 4603 3015 4669 Matisconenses,
3068 4619 3175 4674 quo
3211 4603 3636 4674 magistratuum

2042 4671 2282 4735 favorem
2330 4678 2433 4732 sibi
2472 4676 2802 4740 concilient,
2868 4671 3163 4729 decernere
3207 4688 3267 4729 se
3307 4671 3637 4742 profitentur

2035 4748 2190 4817 juxta
2213 4748 2447 4804 edictum
2476 4745 2807 4817 Childeberti
2837 4745 2999 4817 regis,
3030 4751 3208 4817 atque
3216 4742 3432 4797 interim
3457 4758 3520 4817 ea
3537 4757 3631 4796 ra-

2042 4813 2187 4874 tione
2233 4817 2437 4888 factum
2488 4816 2750 4888 principis
2790 4813 3119 4888 approbant.
3169 4813 3437 4888 Caeterum
3481 4813 3634 4888 hunc
3690 4860 3709 4870 -

2040 4888 2256 4945 concilii
2278 4881 2688 4943 Aurelianensis
2723 4881 2989 4954 canonem
3020 4884 3293 4954 describet
3327 4881 3466 4937 infra
3493 4883 3639 4954 Ago-

2038 4958 2243 5028 bardus
2282 4959 2335 5012 in
2362 4959 2540 5028 capite
2569 4955 2799 5028 septimo
2826 4952 2985 5028 hujus
3020 4953 3163 5028 libri.

2108 5028 2136 5067 ἀ
2186 5024 2689 5098 Sanctus—Lupus,
2739 5025 3111 5098 Lugdunensis
3159 5024 3510 5098 episcopusL
3538 5024 3635 5093 qui

2040 5098 2271 5153 concilio
2297 5093 2679 5151 Aurelianensi‘
2724 5111 2784 5149 ut
2826 5093 3051 5163 ‘prmfuit
3100 5093 3242 5148 anno
3286 5093 3412 5163 558.
3469 5093 3636 5149 Errat

2038 5169 2183 5222 enim
2212 5167 2523 5231 Rhabanus,
2564 5180 2689 5221 cum
2717 5162 3283 5235 hunciexAgobardo
3315 5162 3496 5219 locum
3530 5165 3629 5218 de—

2039 5237 2316 5317 scribens,
2366 5237 2576 5317 Lupum
2600 5306 2612 5317 .
2639 5236 2788 5316 illum
2813 5234 2917 5317 .ait
2974 5232 3635 5317 fuissen'xricass‘enorum

2038 5304 2501 5377 episcopum.ASic
2527 5306 2670 5377 enim
2702 5306 2779 5358 ait
2812 5305 2878 5377 in
2899 5304 3075 5377 capite
3105 5306 3173 5361 58
3188 5304 3312 5359 libri
3342 5306 3634 5377 adversum

2037 5373 2251 5432 Judmos
2282 5394 2294 5428 :
2328 5396 2346 5428 ‹
2375 5375 2609 5432 Sanctus
2629 5375 2813 5443 Lupus
2836 5373 3285 5430 Tricassenorum
3320 5374 3631 5444 episcopus,

2038 5455 2093 5501 et
2117 5462 2239 5501 cum
2273 5462 2339 5501 eo
2372 5447 2463 5501 alii
2501 5446 2572 5500 24
2604 5445 2865 5515 episcopi,
2891 5446 2975 5499 vel
3002 5445 3190 5500 vicarii
3225 5444 3630 5513 episcOporum,

2038 5526 2142 5571 etc.
2180 5536 2227 5589 »μ
2271 5515 2408 5571 Nam
2457 5503 2653 5587 Lupus'
2679 5503 3012 5589 Tricassium
3039 5503 3336 5589 episcopus
3379 5503 3633 5589 mortuus

2037 5595 2155 5641 erat
2178 5585 2269 5642 diu
2296 5596 2420 5642 ante
2447 5583 2608 5657 quam
2636 5585 2874 5659 synodus
2906 5585 2995 5639 illa
3021 5583 3431 5641 Aurelianensis
3462 5583 3635 5638 liabe~

2040 5664 2209 5713 l'Cllll‘.
