  <div class='ocr_page' id='page_1' title='image "/cluster/home/n/w/nwhite01/storage/ocr_20150623/104/hvd.32044052819794/048.png"; bbox 0 0 4040 6182; ppageno 0'>
   <div class='ocr_carea' id='block_1_1' title="bbox 400 257 3693 321">
    <p class='ocr_par' dir='ltr' id='par_1_1' title="bbox 400 257 3693 321">
     <span class='ocr_line' id='line_1_1' title="bbox 400 257 3693 321; baseline -0.003 -4"><span class='ocrx_word' id='word_1_1' title='bbox 400 262 478 317; x_wconf 74' lang='lat'><strong>8’5</strong></span> <span class='ocrx_word' id='word_1_2' title='bbox 1481 260 1567 321; x_wconf 76' lang='lat' dir='ltr'><strong>DE</strong></span> <span class='ocrx_word' id='word_1_3' title='bbox 1604 258 1911 316; x_wconf 74' lang='lat' dir='ltr'><strong>JUDAICIS</strong></span> <span class='ocrx_word' id='word_1_4' title='bbox 1948 257 2637 316; x_wconf 72' lang='lat' dir='ltr'><strong>SUPERSTITIONIBUS.</strong></span> <span class='ocrx_word' id='word_1_5' title='bbox 3606 267 3693 320; x_wconf 59' lang='grc' dir='ltr'><strong>εδ.</strong></span> 
     </span>
    </p>
   </div>
   <div class='ocr_carea' id='block_1_2' title="bbox 404 371 3674 450">
    <p class='ocr_par' dir='ltr' id='par_1_2' title="bbox 404 371 3674 450">
     <span class='ocr_line' id='line_1_2' title="bbox 404 371 3674 450; baseline 0 -19"><span class='ocrx_word' id='word_1_6' title='bbox 404 379 556 432; x_wconf 73' lang='lat' dir='ltr'><strong>niine</strong></span> <span class='ocrx_word' id='word_1_7' title='bbox 602 372 820 430; x_wconf 75' lang='lat' dir='ltr'><strong>Domini</strong></span> <span class='ocrx_word' id='word_1_8' title='bbox 870 374 1038 430; x_wconf 78' lang='lat' dir='ltr'><strong>nostri</strong></span> <span class='ocrx_word' id='word_1_9' title='bbox 1080 372 1208 429; x_wconf 84' lang='lat' dir='ltr'><strong>Jesu</strong></span> <span class='ocrx_word' id='word_1_10' title='bbox 1265 374 1469 429; x_wconf 84' lang='lat' dir='ltr'><strong>Christi</strong></span> <span class='ocrx_word' id='word_1_11' title='bbox 1515 374 1852 444; x_wconf 79' lang='lat' dir='ltr'><strong>congregatis</strong></span> <span class='ocrx_word' id='word_1_12' title='bbox 1894 387 1992 443; x_wconf 89' lang='lat' dir='ltr'><strong>pro</strong></span> <span class='ocrx_word' id='word_1_13' title='bbox 2019 391 2071 450; x_wconf 68' lang='grc' dir='ltr'><strong>Α</strong></span> <span class='ocrx_word' id='word_1_14' title='bbox 2095 371 2216 440; x_wconf 87' lang='lat' dir='ltr'><strong>quis</strong></span> <span class='ocrx_word' id='word_1_15' title='bbox 2246 371 2377 428; x_wconf 87' lang='lat' dir='ltr'><strong>dicit</strong></span> <span class='ocrx_word' id='word_1_16' title='bbox 2395 371 2712 428; x_wconf 81' lang='lat' dir='ltr'><strong>Corinthum</strong></span> <span class='ocrx_word' id='word_1_17' title='bbox 2735 372 3044 428; x_wconf 69' lang='lat' dir='ltr'><strong>htereticum</strong></span> <span class='ocrx_word' id='word_1_18' title='bbox 3075 371 3258 440; x_wconf 78' lang='lat' dir='ltr'><strong>fuisse,</strong></span> <span class='ocrx_word' id='word_1_19' title='bbox 3286 391 3390 433; x_wconf 89' lang='lat' dir='ltr'><strong>non</strong></span> <span class='ocrx_word' id='word_1_20' title='bbox 3411 375 3674 447; x_wconf 71' lang='lat' dir='ltr'><strong>Judannn,</strong></span> 
     </span>
    </p>
   </div>
   <div class='ocr_carea' id='block_1_3' title="bbox 404 463 1993 536">
    <p class='ocr_par' dir='ltr' id='par_1_3' title="bbox 404 463 1993 536">
     <span class='ocr_line' id='line_1_3' title="bbox 404 463 1993 536; baseline -0.003 -13"><span class='ocrx_word' id='word_1_21' title='bbox 404 471 591 523; x_wconf 80' lang='lat' dir='ltr'><strong>causis</strong></span> <span class='ocrx_word' id='word_1_22' title='bbox 616 466 863 536; x_wconf 75' lang='lat' dir='ltr'><strong>corporis</strong></span> <span class='ocrx_word' id='word_1_23' title='bbox 897 463 1038 535; x_wconf 84' lang='lat' dir='ltr'><strong>ejus,</strong></span> <span class='ocrx_word' id='word_1_24' title='bbox 1064 468 1209 535; x_wconf 85' lang='lat' dir='ltr'><strong>quod</strong></span> <span class='ocrx_word' id='word_1_25' title='bbox 1231 475 1314 522; x_wconf 90' lang='lat' dir='ltr'><strong>est</strong></span> <span class='ocrx_word' id='word_1_26' title='bbox 1351 467 1614 531; x_wconf 76' lang='lat' dir='ltr'><strong>Ecclesia,</strong></span> <span class='ocrx_word' id='word_1_27' title='bbox 1645 467 1786 521; x_wconf 86' lang='lat' dir='ltr'><strong>inter</strong></span> <span class='ocrx_word' id='word_1_28' title='bbox 1825 464 1993 519; x_wconf 88' lang='lat' dir='ltr'><strong>multa</strong></span> 
     </span>
    </p>
   </div>
   <div class='ocr_carea' id='block_1_4' title="bbox 406 555 1993 626">
    <p class='ocr_par' dir='ltr' id='par_1_4' title="bbox 406 555 1993 626">
     <span class='ocr_line' id='line_1_4' title="bbox 406 555 1993 626; baseline -0.001 -14"><span class='ocrx_word' id='word_1_29' title='bbox 406 555 527 613; x_wconf 68' lang='lat' dir='ltr'><strong>haec</strong></span> <span class='ocrx_word' id='word_1_30' title='bbox 555 558 723 612; x_wconf 75' lang='lat' dir='ltr'><strong>etiam</strong></span> <span class='ocrx_word' id='word_1_31' title='bbox 759 557 988 612; x_wconf 89' lang='lat' dir='ltr'><strong>statuit:</strong></span> <span class='ocrx_word' id='word_1_32' title='bbox 1021 575 1039 607; x_wconf 88' lang='grc'><strong>‹</strong></span> <span class='ocrx_word' id='word_1_33' title='bbox 1077 557 1215 623; x_wconf 81' lang='lat' dir='ltr'><strong>Quia</strong></span> <span class='ocrx_word' id='word_1_34' title='bbox 1259 557 1370 612; x_wconf 90' lang='lat' dir='ltr'><strong>Deo</strong></span> <span class='ocrx_word' id='word_1_35' title='bbox 1405 557 1635 626; x_wconf 80' lang='lat' dir='ltr'><strong>propitio</strong></span> <span class='ocrx_word' id='word_1_36' title='bbox 1669 556 1768 610; x_wconf 88' lang='lat' dir='ltr'><strong>sub</strong></span> <span class='ocrx_word' id='word_1_37' title='bbox 1803 556 1993 611; x_wconf 84' lang='lat' dir='ltr'><strong>catho-</strong></span> 
     </span>
    </p>
   </div>
   <div class='ocr_carea' id='block_1_5' title="bbox 404 645 1995 718">
    <p class='ocr_par' dir='ltr' id='par_1_5' title="bbox 404 645 1995 718">
     <span class='ocr_line' id='line_1_5' title="bbox 404 645 1995 718; baseline 0.001 -19"><span class='ocrx_word' id='word_1_38' title='bbox 404 647 638 702; x_wconf 78' lang='lat' dir='ltr'><strong>licorum</strong></span> <span class='ocrx_word' id='word_1_39' title='bbox 668 663 855 718; x_wconf 83' lang='lat' dir='ltr'><strong>regum</strong></span> <span class='ocrx_word' id='word_1_40' title='bbox 897 646 1265 703; x_wconf 86' lang='lat' dir='ltr'><strong>dominatione</strong></span> <span class='ocrx_word' id='word_1_41' title='bbox 1301 648 1667 711; x_wconf 72' lang='lat' dir='ltr'><strong>consistimus,</strong></span> <span class='ocrx_word' id='word_1_42' title='bbox 1695 662 1727 700; x_wconf 87' lang='lat' dir='ltr'><strong>a</strong></span> <span class='ocrx_word' id='word_1_43' title='bbox 1751 645 1838 701; x_wconf 86' lang='lat' dir='ltr'><strong>die</strong></span> <span class='ocrx_word' id='word_1_44' title='bbox 1871 645 1995 700; x_wconf 73' lang='lat' dir='ltr'><strong>Cte-</strong></span> 
     </span>
    </p>
   </div>
   <div class='ocr_carea' id='block_1_6' title="bbox 406 733 1996 804">
    <p class='ocr_par' dir='ltr' id='par_1_6' title="bbox 406 733 1996 804">
     <span class='ocr_line' id='line_1_6' title="bbox 406 733 1996 804; baseline -0.001 -15"><span class='ocrx_word' id='word_1_45' title='bbox 406 754 495 791; x_wconf 75' lang='lat' dir='ltr'><strong>nac</strong></span> <span class='ocrx_word' id='word_1_46' title='bbox 524 735 737 791; x_wconf 82' lang='lat' dir='ltr'><strong>Domini</strong></span> <span class='ocrx_word' id='word_1_47' title='bbox 762 750 935 804; x_wconf 85' lang='lat' dir='ltr'><strong>usque</strong></span> <span class='ocrx_word' id='word_1_48' title='bbox 970 736 1022 789; x_wconf 89' lang='lat' dir='ltr'><strong>in</strong></span> <span class='ocrx_word' id='word_1_49' title='bbox 1054 735 1287 790; x_wconf 75' lang='lat' dir='ltr'><strong>secunda</strong></span> <span class='ocrx_word' id='word_1_50' title='bbox 1315 735 1524 791; x_wconf 83' lang='lat' dir='ltr'><strong>sabbati</strong></span> <span class='ocrx_word' id='word_1_51' title='bbox 1552 734 1609 789; x_wconf 85' lang='lat' dir='ltr'><strong>in</strong></span> <span class='ocrx_word' id='word_1_52' title='bbox 1635 734 1865 798; x_wconf 82' lang='lat' dir='ltr'><strong>Pascha,</strong></span> <span class='ocrx_word' id='word_1_53' title='bbox 1893 733 1996 787; x_wconf 91' lang='lat' dir='ltr'><strong>hoc</strong></span> 
     </span>
    </p>
   </div>
   <div class='ocr_carea' id='block_1_7' title="bbox 404 822 1997 895">
    <p class='ocr_par' dir='ltr' id='par_1_7' title="bbox 404 822 1997 895">
     <span class='ocr_line' id='line_1_7' title="bbox 404 822 1997 895; baseline -0.001 -17"><span class='ocrx_word' id='word_1_54' title='bbox 404 838 513 889; x_wconf 71' lang='lat' dir='ltr'><strong>est,</strong></span> <span class='ocrx_word' id='word_1_55' title='bbox 546 827 664 895; x_wconf 86' lang='lat' dir='ltr'><strong>ipso</strong></span> <span class='ocrx_word' id='word_1_56' title='bbox 688 825 1000 895; x_wconf 86' lang='lat' dir='ltr'><strong>quatriduo,</strong></span> <span class='ocrx_word' id='word_1_57' title='bbox 1027 826 1317 894; x_wconf 74' lang='lat' dir='ltr'><strong>procedere</strong></span> <span class='ocrx_word' id='word_1_58' title='bbox 1343 825 1484 877; x_wconf 91' lang='lat' dir='ltr'><strong>inter</strong></span> <span class='ocrx_word' id='word_1_59' title='bbox 1514 822 1871 887; x_wconf 88' lang='lat' dir='ltr'><strong>Christianos,</strong></span> <span class='ocrx_word' id='word_1_60' title='bbox 1904 837 1997 876; x_wconf 86' lang='lat' dir='ltr'><strong>ne—</strong></span> 
     </span>
    </p>
   </div>
   <div class='ocr_carea' id='block_1_8' title="bbox 402 913 1997 985">
    <p class='ocr_par' dir='ltr' id='par_1_8' title="bbox 402 913 1997 985">
     <span class='ocr_line' id='line_1_8' title="bbox 402 913 1997 985; baseline 0.001 -19"><span class='ocrx_word' id='word_1_61' title='bbox 402 933 513 983; x_wconf 77' lang='lat' dir='ltr'><strong>que</strong></span> <span class='ocrx_word' id='word_1_62' title='bbox 535 915 822 970; x_wconf 74' lang='lat' dir='ltr'><strong>catholicis</strong></span> <span class='ocrx_word' id='word_1_63' title='bbox 841 914 1053 985; x_wconf 75' lang='lat' dir='ltr'><strong>populis</strong></span> <span class='ocrx_word' id='word_1_64' title='bbox 1082 929 1141 970; x_wconf 85' lang='lat' dir='ltr'><strong>se</strong></span> <span class='ocrx_word' id='word_1_65' title='bbox 1166 913 1273 970; x_wconf 82' lang='lat' dir='ltr'><strong>ullo</strong></span> <span class='ocrx_word' id='word_1_66' title='bbox 1298 914 1438 979; x_wconf 87' lang='lat' dir='ltr'><strong>loco,</strong></span> <span class='ocrx_word' id='word_1_67' title='bbox 1468 913 1553 967; x_wconf 86' lang='lat' dir='ltr'><strong>vel</strong></span> <span class='ocrx_word' id='word_1_68' title='bbox 1574 926 1894 983; x_wconf 81' lang='lat' dir='ltr'><strong>quacunque</strong></span> <span class='ocrx_word' id='word_1_69' title='bbox 1913 926 1997 967; x_wconf 86' lang='lat' dir='ltr'><strong>oc-</strong></span> 
     </span>
    </p>
   </div>
   <div class='ocr_carea' id='block_1_9' title="bbox 403 1007 1322 1075">
    <p class='ocr_par' dir='ltr' id='par_1_9' title="bbox 403 1007 1322 1075">
     <span class='ocr_line' id='line_1_9' title="bbox 403 1007 1322 1075; baseline -0.003 -14"><span class='ocrx_word' id='word_1_70' title='bbox 653 1007 885 1063; x_wconf 82' lang='lat' dir='ltr'><strong>miscere</strong></span> <span class='ocrx_word' id='word_1_71' title='bbox 914 1013 1265 1075; x_wconf 69' lang='lat' dir='ltr'><strong>prtesumant.</strong></span> <span class='ocrx_word' id='word_1_72' title='bbox 1303 1025 1322 1058; x_wconf 75' lang='grc' dir='ltr'><strong><em>ι</em></strong></span> 
     </span>
    </p>
   </div>
   <div class='ocr_carea' id='block_1_10' title="bbox 480 1094 1995 1169">
    <p class='ocr_par' dir='ltr' id='par_1_10' title="bbox 480 1094 1995 1169">
     <span class='ocr_line' id='line_1_10' title="bbox 480 1094 1995 1169; baseline -0.004 -17"><span class='ocrx_word' id='word_1_73' title='bbox 480 1097 612 1152; x_wconf 69' lang='lat' dir='ltr'><strong>Vill.</strong></span> <span class='ocrx_word' id='word_1_74' title='bbox 641 1098 698 1151; x_wconf 75' lang='lat' dir='ltr'><strong>tu</strong></span> <span class='ocrx_word' id='word_1_75' title='bbox 724 1098 953 1158; x_wconf 68' lang='lat' dir='ltr'><strong>concilio</strong></span> <span class='ocrx_word' id='word_1_76' title='bbox 973 1095 1276 1152; x_wconf 81' lang='lat' dir='ltr'><strong>Laodiceno</strong></span> <span class='ocrx_word' id='word_1_77' title='bbox 1297 1094 1486 1169; x_wconf 85' lang='lat' dir='ltr'><strong>(Capp.</strong></span> <span class='ocrx_word' id='word_1_78' title='bbox 1511 1095 1602 1160; x_wconf 82' lang='lat'><strong>57,</strong></span> <span class='ocrx_word' id='word_1_79' title='bbox 1621 1094 1710 1164; x_wconf 81' lang='lat'><strong>58)</strong></span> <span class='ocrx_word' id='word_1_80' title='bbox 1734 1101 1995 1149; x_wconf 82' lang='lat' dir='ltr'><strong>statutum</strong></span> 
     </span>
    </p>
   </div>
   <div class='ocr_carea' id='block_1_11' title="bbox 402 1182 1996 1255">
    <p class='ocr_par' dir='ltr' id='par_1_11' title="bbox 402 1182 1996 1255">
     <span class='ocr_line' id='line_1_11' title="bbox 402 1182 1996 1255; baseline -0.001 -17"><span class='ocrx_word' id='word_1_81' title='bbox 402 1199 492 1241; x_wconf 80' lang='lat' dir='ltr'><strong>est</strong></span> <span class='ocrx_word' id='word_1_82' title='bbox 516 1205 535 1238; x_wconf 76' lang='grc' dir='ltr'>ί</span> <span class='ocrx_word' id='word_1_83' title='bbox 578 1188 721 1255; x_wconf 82' lang='lat' dir='ltr'><strong>quod</strong></span> <span class='ocrx_word' id='word_1_84' title='bbox 763 1202 869 1241; x_wconf 83' lang='lat' dir='ltr'><strong>non</strong></span> <span class='ocrx_word' id='word_1_85' title='bbox 900 1192 1152 1254; x_wconf 74' lang='lat' dir='ltr'><strong>oporteat</strong></span> <span class='ocrx_word' id='word_1_86' title='bbox 1175 1200 1211 1238; x_wconf 88' lang='lat' dir='ltr'><strong>a</strong></span> <span class='ocrx_word' id='word_1_87' title='bbox 1236 1183 1461 1249; x_wconf 61' lang='lat' dir='ltr'><strong>ludatis,</strong></span> <span class='ocrx_word' id='word_1_88' title='bbox 1490 1183 1573 1236; x_wconf 87' lang='lat' dir='ltr'><strong>vel</strong></span> <span class='ocrx_word' id='word_1_89' title='bbox 1608 1182 1901 1246; x_wconf 67' lang='lat' dir='ltr'><strong>bmreticis,</strong></span> <span class='ocrx_word' id='word_1_90' title='bbox 1931 1196 1996 1237; x_wconf 87' lang='lat' dir='ltr'><strong>ea</strong></span> 
     </span>
    </p>
   </div>
   <div class='ocr_carea' id='block_1_12' title="bbox 404 1275 1995 1345">
    <p class='ocr_par' dir='ltr' id='par_1_12' title="bbox 404 1275 1995 1345">
     <span class='ocr_line' id='line_1_12' title="bbox 404 1275 1995 1345; baseline -0.001 -16"><span class='ocrx_word' id='word_1_91' title='bbox 404 1294 528 1344; x_wconf 52' lang='lat' dir='ltr'><strong>quae</strong></span> <span class='ocrx_word' id='word_1_92' title='bbox 569 1278 861 1333; x_wconf 84' lang='lat' dir='ltr'><strong>mittuntur</strong></span> <span class='ocrx_word' id='word_1_93' title='bbox 903 1291 1127 1331; x_wconf 88' lang='lat' dir='ltr'><strong>munera</strong></span> <span class='ocrx_word' id='word_1_94' title='bbox 1157 1275 1352 1332; x_wconf 80' lang='lat' dir='ltr'><strong>festiva</strong></span> <span class='ocrx_word' id='word_1_95' title='bbox 1383 1275 1677 1345; x_wconf 81' lang='lat' dir='ltr'><strong>suscipere,</strong></span> <span class='ocrx_word' id='word_1_96' title='bbox 1727 1288 1830 1329; x_wconf 89' lang='lat' dir='ltr'><strong>nec</strong></span> <span class='ocrx_word' id='word_1_97' title='bbox 1872 1288 1995 1328; x_wconf 89' lang='lat' dir='ltr'><strong>cum</strong></span> 
     </span>
    </p>
   </div>
   <div class='ocr_carea' id='block_1_13' title="bbox 401 1366 1995 1436">
    <p class='ocr_par' dir='ltr' id='par_1_13' title="bbox 401 1366 1995 1436">
     <span class='ocr_line' id='line_1_13' title="bbox 401 1366 1995 1436; baseline -0.001 -17"><span class='ocrx_word' id='word_1_98' title='bbox 401 1368 488 1420; x_wconf 72' lang='lat' dir='ltr'><strong>tis</strong></span> <span class='ocrx_word' id='word_1_99' title='bbox 530 1367 670 1422; x_wconf 72' lang='lat' dir='ltr'><strong>festa</strong></span> <span class='ocrx_word' id='word_1_100' title='bbox 701 1367 999 1431; x_wconf 77' lang='lat' dir='ltr'><strong>celebrare,</strong></span> <span class='ocrx_word' id='word_1_101' title='bbox 1046 1366 1270 1436; x_wconf 87' lang='lat' dir='ltr'><strong>etquod</strong></span> <span class='ocrx_word' id='word_1_102' title='bbox 1318 1382 1425 1420; x_wconf 90' lang='lat' dir='ltr'><strong>non</strong></span> <span class='ocrx_word' id='word_1_103' title='bbox 1461 1374 1710 1435; x_wconf 80' lang='lat' dir='ltr'><strong>oporteat</strong></span> <span class='ocrx_word' id='word_1_104' title='bbox 1749 1380 1995 1435; x_wconf 85' lang='lat' dir='ltr'><strong>azymam</strong></span> 
     </span>
    </p>
   </div>
   <div class='ocr_carea' id='block_1_14' title="bbox 404 1457 1997 1528">
    <p class='ocr_par' dir='ltr' id='par_1_14' title="bbox 404 1457 1997 1528">
     <span class='ocr_line' id='line_1_14' title="bbox 404 1457 1997 1528; baseline -0.001 -18"><span class='ocrx_word' id='word_1_105' title='bbox 404 1476 435 1510; x_wconf 85' lang='lat' dir='ltr'><strong>a</strong></span> <span class='ocrx_word' id='word_1_106' title='bbox 484 1457 688 1514; x_wconf 67' lang='lat' dir='ltr'><strong>Judzis</strong></span> <span class='ocrx_word' id='word_1_107' title='bbox 741 1459 1008 1528; x_wconf 89' lang='lat' dir='ltr'><strong>accipere,</strong></span> <span class='ocrx_word' id='word_1_108' title='bbox 1062 1467 1119 1513; x_wconf 91' lang='lat' dir='ltr'><strong>et</strong></span> <span class='ocrx_word' id='word_1_109' title='bbox 1171 1457 1576 1513; x_wconf 82' lang='lat' dir='ltr'><strong>communicare</strong></span> <span class='ocrx_word' id='word_1_110' title='bbox 1629 1457 1997 1526; x_wconf 85' lang='lat' dir='ltr'><strong>impietatibus</strong></span> 
     </span>
    </p>
   </div>
   <div class='ocr_carea' id='block_1_15' title="bbox 401 1546 1991 1619">
    <p class='ocr_par' dir='ltr' id='par_1_15' title="bbox 401 1546 1991 1619">
     <span class='ocr_line' id='line_1_15' title="bbox 401 1546 1991 1619; baseline 0.001 -18"><span class='ocrx_word' id='word_1_111' title='bbox 401 1563 621 1603; x_wconf 74' lang='lat' dir='ltr'><strong>eorum.</strong></span> <span class='ocrx_word' id='word_1_112' title='bbox 649 1568 667 1601; x_wconf 75' lang='grc' dir='ltr'><strong><em>ι</em></strong></span> <span class='ocrx_word' id='word_1_113' title='bbox 694 1550 761 1607; x_wconf 86' lang='lat' dir='ltr'><strong>Et</strong></span> <span class='ocrx_word' id='word_1_114' title='bbox 785 1550 840 1603; x_wconf 91' lang='lat' dir='ltr'><strong>in</strong></span> <span class='ocrx_word' id='word_1_115' title='bbox 859 1549 968 1604; x_wconf 73' lang='lat' dir='ltr'><strong>alio</strong></span> <span class='ocrx_word' id='word_1_116' title='bbox 990 1548 1221 1605; x_wconf 87' lang='lat' dir='ltr'><strong>concilio</strong></span> <span class='ocrx_word' id='word_1_117' title='bbox 1248 1547 1433 1619; x_wconf 81' lang='lat' dir='ltr'><strong>(Cone.</strong></span> <span class='ocrx_word' id='word_1_118' title='bbox 1465 1546 1646 1602; x_wconf 84' lang='lat' dir='ltr'><strong>Aurel.</strong></span> <span class='ocrx_word' id='word_1_119' title='bbox 1679 1564 1717 1613; x_wconf 87' lang='grc' dir='ltr'><strong>ι,</strong></span> <span class='ocrx_word' id='word_1_120' title='bbox 1744 1563 1868 1618; x_wconf 88' lang='lat' dir='ltr'><strong>cap.</strong></span> <span class='ocrx_word' id='word_1_121' title='bbox 1898 1548 1991 1611; x_wconf 82' lang='lat' dir='ltr'><strong>l9;</strong></span> 
     </span>
    </p>
   </div>
   <div class='ocr_carea' id='block_1_16' title="bbox 404 1635 1993 1711">
    <p class='ocr_par' dir='ltr' id='par_1_16' title="bbox 404 1635 1993 1711">
     <span class='ocr_line' id='line_1_16' title="bbox 404 1635 1993 1711; baseline -0.001 -19"><span class='ocrx_word' id='word_1_122' title='bbox 404 1640 630 1693; x_wconf 65' lang='lat' dir='ltr'><strong>Arcem.</strong></span> <span class='ocrx_word' id='word_1_123' title='bbox 680 1656 718 1702; x_wconf 85' lang='grc' dir='ltr'><strong>ι,</strong></span> <span class='ocrx_word' id='word_1_124' title='bbox 747 1656 867 1709; x_wconf 85' lang='lat' dir='ltr'><strong>cap.</strong></span> <span class='ocrx_word' id='word_1_125' title='bbox 908 1638 962 1711; x_wconf 86' lang='lat'><strong>6)</strong></span> <span class='ocrx_word' id='word_1_126' title='bbox 996 1658 1010 1693; x_wconf 86' lang='lat'>:</span> <span class='ocrx_word' id='word_1_127' title='bbox 1058 1658 1077 1691; x_wconf 68' lang='grc' dir='ltr'>ε</span> <span class='ocrx_word' id='word_1_128' title='bbox 1112 1638 1182 1695; x_wconf 90' lang='lat' dir='ltr'><strong>Ut</strong></span> <span class='ocrx_word' id='word_1_129' title='bbox 1211 1638 1255 1695; x_wconf 88' lang='lat' dir='ltr'><strong>si</strong></span> <span class='ocrx_word' id='word_1_130' title='bbox 1286 1638 1410 1709; x_wconf 87' lang='lat' dir='ltr'><strong>quis</strong></span> <span class='ocrx_word' id='word_1_131' title='bbox 1452 1635 1693 1692; x_wconf 73' lang='lat' dir='ltr'><strong>Judaicae</strong></span> <span class='ocrx_word' id='word_1_132' title='bbox 1739 1636 1993 1709; x_wconf 76' lang='lat' dir='ltr'><strong>pravitati</strong></span> 
     </span>
    </p>
   </div>
   <div class='ocr_carea' id='block_1_17' title="bbox 2095 462 3677 533">
    <p class='ocr_par' dir='ltr' id='par_1_17' title="bbox 2095 462 3677 533">
     <span class='ocr_line' id='line_1_17' title="bbox 2095 462 3677 533; baseline 0.005 -19"><span class='ocrx_word' id='word_1_133' title='bbox 2095 462 2306 517; x_wconf 76' lang='lat' dir='ltr'><strong>noverit</strong></span> <span class='ocrx_word' id='word_1_134' title='bbox 2350 466 2682 533; x_wconf 89' lang='lat' dir='ltr'><strong>temporibus</strong></span> <span class='ocrx_word' id='word_1_135' title='bbox 2723 464 3086 533; x_wconf 84' lang='lat' dir='ltr'><strong>apostolorum</strong></span> <span class='ocrx_word' id='word_1_136' title='bbox 3120 481 3224 519; x_wconf 90' lang='lat' dir='ltr'><strong>non</strong></span> <span class='ocrx_word' id='word_1_137' title='bbox 3264 464 3430 522; x_wconf 86' lang='lat' dir='ltr'><strong>fuisse</strong></span> <span class='ocrx_word' id='word_1_138' title='bbox 3467 466 3677 522; x_wconf 68' lang='lat' dir='ltr'><strong>liiereti-</strong></span> 
     </span>
    </p>
   </div>
   <div class='ocr_carea' id='block_1_18' title="bbox 2094 551 3679 612">
    <p class='ocr_par' dir='ltr' id='par_1_18' title="bbox 2094 551 3679 612">
     <span class='ocr_line' id='line_1_18' title="bbox 2094 551 3679 612; baseline 0.003 -5"><span class='ocrx_word' id='word_1_139' title='bbox 2094 566 2184 608; x_wconf 88' lang='lat' dir='ltr'><strong>cos</strong></span> <span class='ocrx_word' id='word_1_140' title='bbox 2213 553 2316 607; x_wconf 82' lang='lat' dir='ltr'><strong>nisi</strong></span> <span class='ocrx_word' id='word_1_141' title='bbox 2343 569 2409 607; x_wconf 78' lang='lat' dir='ltr'><strong>ex</strong></span> <span class='ocrx_word' id='word_1_142' title='bbox 2438 551 2638 609; x_wconf 65' lang='lat' dir='ltr'><strong>Iudaeis</strong></span> <span class='ocrx_word' id='word_1_143' title='bbox 2662 564 2716 608; x_wconf 92' lang='lat' dir='ltr'><strong>et</strong></span> <span class='ocrx_word' id='word_1_144' title='bbox 2742 554 3118 609; x_wconf 86' lang='lat' dir='ltr'><strong>Samaritanis.</strong></span> <span class='ocrx_word' id='word_1_145' title='bbox 3177 554 3328 611; x_wconf 79' lang='lat' dir='ltr'><strong>Sicut</strong></span> <span class='ocrx_word' id='word_1_146' title='bbox 3356 556 3574 611; x_wconf 82' lang='lat' dir='ltr'><strong>fuerunt</strong></span> <span class='ocrx_word' id='word_1_147' title='bbox 3596 557 3679 612; x_wconf 89' lang='lat' dir='ltr'><strong>Si-</strong></span> 
     </span>
    </p>
   </div>
   <div class='ocr_carea' id='block_1_19' title="bbox 2094 628 3679 706">
    <p class='ocr_par' dir='ltr' id='par_1_19' title="bbox 2094 628 3679 706">
     <span class='ocr_line' id='line_1_19' title="bbox 2094 628 3679 706; baseline 0.004 -13"><span class='ocrx_word' id='word_1_148' title='bbox 2094 656 2218 693; x_wconf 91' lang='lat' dir='ltr'><strong>mon</strong></span> <span class='ocrx_word' id='word_1_149' title='bbox 2246 651 2300 694; x_wconf 89' lang='lat' dir='ltr'><strong>et</strong></span> <span class='ocrx_word' id='word_1_150' title='bbox 2329 640 2637 706; x_wconf 80' lang='lat' dir='ltr'><strong>Menander,</strong></span> <span class='ocrx_word' id='word_1_151' title='bbox 2672 641 2876 697; x_wconf 88' lang='lat' dir='ltr'><strong>llebion</strong></span> <span class='ocrx_word' id='word_1_152' title='bbox 2904 652 2957 696; x_wconf 89' lang='lat' dir='ltr'><strong>et</strong></span> <span class='ocrx_word' id='word_1_153' title='bbox 2982 643 3252 698; x_wconf 75' lang='lat' dir='ltr'><strong>Nicolaus.</strong></span> <span class='ocrx_word' id='word_1_154' title='bbox 3296 642 3402 699; x_wconf 90' lang='lat' dir='ltr'><strong>Sed</strong></span> <span class='ocrx_word' id='word_1_155' title='bbox 3431 660 3493 698; x_wconf 81' lang='lat' dir='ltr'><strong>ex</strong></span> <span class='ocrx_word' id='word_1_156' title='bbox 3529 628 3679 699; x_wconf 55' lang='lat' dir='ltr'><strong>erro;</strong></span> 
     </span>
    </p>
   </div>
   <div class='ocr_carea' id='block_1_20' title="bbox 2096 731 3678 803">
    <p class='ocr_par' dir='ltr' id='par_1_20' title="bbox 2096 731 3678 803">
     <span class='ocr_line' id='line_1_20' title="bbox 2096 731 3678 803; baseline 0.005 -20"><span class='ocrx_word' id='word_1_157' title='bbox 2096 731 2245 785; x_wconf 89' lang='lat' dir='ltr'><strong>ribus</strong></span> <span class='ocrx_word' id='word_1_158' title='bbox 2288 731 2583 801; x_wconf 81' lang='lat' dir='ltr'><strong>supradicti</strong></span> <span class='ocrx_word' id='word_1_159' title='bbox 2610 731 2851 786; x_wconf 84' lang='lat' dir='ltr'><strong>Corinthi</strong></span> <span class='ocrx_word' id='word_1_160' title='bbox 2886 740 3172 803; x_wconf 83' lang='lat' dir='ltr'><strong>cognoscat</strong></span> <span class='ocrx_word' id='word_1_161' title='bbox 3197 735 3340 802; x_wconf 87' lang='lat' dir='ltr'><strong>quod</strong></span> <span class='ocrx_word' id='word_1_162' title='bbox 3361 735 3541 788; x_wconf 86' lang='lat' dir='ltr'><strong>omnia</strong></span> <span class='ocrx_word' id='word_1_163' title='bbox 3572 734 3678 791; x_wconf 88' lang='lat' dir='ltr'><strong>sint</strong></span> 
     </span>
    </p>
   </div>
   <div class='ocr_carea' id='block_1_21' title="bbox 2093 817 3673 892">
    <p class='ocr_par' dir='ltr' id='par_1_21' title="bbox 2093 817 3673 892">
     <span class='ocr_line' id='line_1_21' title="bbox 2093 817 3673 892; baseline 0.002 -20"><span class='ocrx_word' id='word_1_164' title='bbox 2093 817 2316 875; x_wconf 73' lang='lat' dir='ltr'><strong>Iudaica</strong></span> <span class='ocrx_word' id='word_1_165' title='bbox 2354 836 2473 891; x_wconf 76' lang='lat' dir='ltr'><strong>qua:</strong></span> <span class='ocrx_word' id='word_1_166' title='bbox 2510 822 2806 876; x_wconf 86' lang='lat' dir='ltr'><strong>astruebat.</strong></span> <span class='ocrx_word' id='word_1_167' title='bbox 2859 822 3013 892; x_wconf 74' lang='lat' dir='ltr'><strong>(Vide</strong></span> <span class='ocrx_word' id='word_1_168' title='bbox 3053 822 3313 892; x_wconf 79' lang='lat' dir='ltr'><strong>Epiphan.</strong></span> <span class='ocrx_word' id='word_1_169' title='bbox 3337 864 3353 889; x_wconf 90' lang='lat'><strong>,</strong></span> <span class='ocrx_word' id='word_1_170' title='bbox 3389 823 3428 876; x_wconf 85' lang='grc' dir='ltr'><strong>ι.</strong></span> <span class='ocrx_word' id='word_1_171' title='bbox 3470 841 3507 889; x_wconf 86' lang='grc' dir='ltr'><strong>ι,</strong></span> <span class='ocrx_word' id='word_1_172' title='bbox 3545 825 3673 877; x_wconf 70' lang='lat' dir='ltr'><strong>liter.</strong></span> 
     </span>
    </p>
   </div>
   <div class='ocr_carea' id='block_1_22' title="bbox 2094 910 3675 985">
    <p class='ocr_par' dir='ltr' id='par_1_22' title="bbox 2094 910 3675 985">
     <span class='ocr_line' id='line_1_22' title="bbox 2094 910 3675 985; baseline 0.004 -22"><span class='ocrx_word' id='word_1_173' title='bbox 2094 927 2281 975; x_wconf 77' lang='lat' dir='ltr'><strong>xxvur,</strong></span> <span class='ocrx_word' id='word_1_174' title='bbox 2323 920 2377 966; x_wconf 89' lang='lat' dir='ltr'><strong>et</strong></span> <span class='ocrx_word' id='word_1_175' title='bbox 2412 911 2577 977; x_wconf 88' lang='lat' dir='ltr'><strong>lren.,</strong></span> <span class='ocrx_word' id='word_1_176' title='bbox 2614 911 2650 965; x_wconf 89' lang='grc' dir='ltr'><strong>ι.</strong></span> <span class='ocrx_word' id='word_1_177' title='bbox 2693 928 2731 978; x_wconf 90' lang='lat' dir='ltr'><strong>l,</strong></span> <span class='ocrx_word' id='word_1_178' title='bbox 2772 929 2821 967; x_wconf 94' lang='lat' dir='ltr'><strong>c.</strong></span> <span class='ocrx_word' id='word_1_179' title='bbox 2862 910 2977 985; x_wconf 70' lang='lat'><strong>25.)</strong></span> <span class='ocrx_word' id='word_1_180' title='bbox 3018 912 3353 968; x_wconf 64' lang='lat' dir='ltr'><strong>Priedicabat</strong></span> <span class='ocrx_word' id='word_1_181' title='bbox 3390 914 3675 969; x_wconf 89' lang='lat' dir='ltr'><strong>Dominum</strong></span> 
     </span>
    </p>
   </div>
   <div class='ocr_carea' id='block_1_23' title="bbox 2096 1002 3674 1075">
    <p class='ocr_par' dir='ltr' id='par_1_23' title="bbox 2096 1002 3674 1075">
     <span class='ocr_line' id='line_1_23' title="bbox 2096 1002 3674 1075; baseline 0.003 -18"><span class='ocrx_word' id='word_1_182' title='bbox 2096 1015 2339 1059; x_wconf 88' lang='lat' dir='ltr'><strong>nostrum</strong></span> <span class='ocrx_word' id='word_1_183' title='bbox 2387 1002 2570 1059; x_wconf 84' lang='lat' dir='ltr'><strong>Jesum</strong></span> <span class='ocrx_word' id='word_1_184' title='bbox 2621 1003 2897 1060; x_wconf 86' lang='lat' dir='ltr'><strong>Christum</strong></span> <span class='ocrx_word' id='word_1_185' title='bbox 2941 1021 3137 1075; x_wconf 89' lang='lat' dir='ltr'><strong>purum</strong></span> <span class='ocrx_word' id='word_1_186' title='bbox 3176 1004 3341 1060; x_wconf 82' lang='lat' dir='ltr'><strong>fuisse</strong></span> <span class='ocrx_word' id='word_1_187' title='bbox 3380 1006 3674 1072; x_wconf 81' lang='lat' dir='ltr'><strong>hominem,</strong></span> 
     </span>
    </p>
   </div>
   <div class='ocr_carea' id='block_1_24' title="bbox 2096 1095 3679 1167">
    <p class='ocr_par' dir='ltr' id='par_1_24' title="bbox 2096 1095 3679 1167">
     <span class='ocr_line' id='line_1_24' title="bbox 2096 1095 3679 1167; baseline 0.001 -19"><span class='ocrx_word' id='word_1_188' title='bbox 2096 1110 2197 1149; x_wconf 89' lang='lat' dir='ltr'><strong>nec</strong></span> <span class='ocrx_word' id='word_1_189' title='bbox 2236 1095 2616 1162; x_wconf 86' lang='lat' dir='ltr'><strong>resurrexisse,</strong></span> <span class='ocrx_word' id='word_1_190' title='bbox 2659 1102 2714 1149; x_wconf 90' lang='lat' dir='ltr'><strong>et</strong></span> <span class='ocrx_word' id='word_1_191' title='bbox 2750 1095 3062 1149; x_wconf 87' lang='lat' dir='ltr'><strong>circumcidi</strong></span> <span class='ocrx_word' id='word_1_192' title='bbox 3107 1104 3378 1167; x_wconf 85' lang='lat' dir='ltr'><strong>oportere.</strong></span> <span class='ocrx_word' id='word_1_193' title='bbox 3426 1095 3556 1150; x_wconf 89' lang='lat' dir='ltr'><strong>Post</strong></span> <span class='ocrx_word' id='word_1_194' title='bbox 3594 1110 3679 1149; x_wconf 89' lang='lat' dir='ltr'><strong>re-</strong></span> 
     </span>
    </p>
   </div>
   <div class='ocr_carea' id='block_1_25' title="bbox 2095 1184 3680 1243">
    <p class='ocr_par' dir='ltr' id='par_1_25' title="bbox 2095 1184 3680 1243">
     <span class='ocr_line' id='line_1_25' title="bbox 2095 1184 3680 1243; baseline 0 -3"><span class='ocrx_word' id='word_1_195' title='bbox 2095 1186 2484 1241; x_wconf 86' lang='lat' dir='ltr'><strong>surrectionem</strong></span> <span class='ocrx_word' id='word_1_196' title='bbox 2544 1188 2759 1242; x_wconf 90' lang='lat' dir='ltr'><strong>dicebat</strong></span> <span class='ocrx_word' id='word_1_197' title='bbox 2808 1195 3084 1243; x_wconf 87' lang='lat' dir='ltr'><strong>terrenum</strong></span> <span class='ocrx_word' id='word_1_198' title='bbox 3132 1184 3373 1239; x_wconf 78' lang='lat' dir='ltr'><strong>futurum</strong></span> <span class='ocrx_word' id='word_1_199' title='bbox 3431 1201 3549 1240; x_wconf 87' lang='lat' dir='ltr'><strong>esse</strong></span> <span class='ocrx_word' id='word_1_200' title='bbox 3594 1201 3680 1240; x_wconf 87' lang='lat' dir='ltr'><strong>re-</strong></span> 
     </span>
    </p>
   </div>
   <div class='ocr_carea' id='block_1_26' title="bbox 2095 1273 3681 1346">
    <p class='ocr_par' dir='ltr' id='par_1_26' title="bbox 2095 1273 3681 1346">
     <span class='ocr_line' id='line_1_26' title="bbox 2095 1273 3681 1346; baseline 0.001 -17"><span class='ocrx_word' id='word_1_201' title='bbox 2095 1291 2260 1346; x_wconf 89' lang='lat' dir='ltr'><strong>gnum</strong></span> <span class='ocrx_word' id='word_1_202' title='bbox 2298 1273 2497 1330; x_wconf 87' lang='lat' dir='ltr'><strong>Christi</strong></span> <span class='ocrx_word' id='word_1_203' title='bbox 2547 1276 2601 1330; x_wconf 89' lang='lat' dir='ltr'><strong>in</strong></span> <span class='ocrx_word' id='word_1_204' title='bbox 2655 1275 3010 1340; x_wconf 81' lang='lat' dir='ltr'><strong>Hierusalem,</strong></span> <span class='ocrx_word' id='word_1_205' title='bbox 3057 1282 3111 1328; x_wconf 89' lang='lat' dir='ltr'><strong>et</strong></span> <span class='ocrx_word' id='word_1_206' title='bbox 3149 1275 3397 1329; x_wconf 90' lang='lat' dir='ltr'><strong>homines</strong></span> <span class='ocrx_word' id='word_1_207' title='bbox 3449 1275 3505 1329; x_wconf 92' lang='lat' dir='ltr'><strong>in</strong></span> <span class='ocrx_word' id='word_1_208' title='bbox 3559 1291 3681 1330; x_wconf 87' lang='lat' dir='ltr'><strong>car-</strong></span> 
     </span>
    </p>
   </div>
   <div class='ocr_carea' id='block_1_27' title="bbox 2095 1366 3680 1440">
    <p class='ocr_par' dir='ltr' id='par_1_27' title="bbox 2095 1366 3680 1440">
     <span class='ocr_line' id='line_1_27' title="bbox 2095 1366 3680 1440; baseline -0.002 -16"><span class='ocrx_word' id='word_1_209' title='bbox 2095 1384 2164 1424; x_wconf 91' lang='lat' dir='ltr'><strong>ne</strong></span> <span class='ocrx_word' id='word_1_210' title='bbox 2207 1370 2403 1425; x_wconf 86' lang='lat' dir='ltr'><strong>iterum</strong></span> <span class='ocrx_word' id='word_1_211' title='bbox 2438 1368 2891 1440; x_wconf 88' lang='lat' dir='ltr'><strong>concupiscentiis</strong></span> <span class='ocrx_word' id='word_1_212' title='bbox 2929 1377 2984 1423; x_wconf 89' lang='lat' dir='ltr'><strong>et</strong></span> <span class='ocrx_word' id='word_1_213' title='bbox 3016 1367 3164 1422; x_wconf 80' lang='lat' dir='ltr'><strong>vitiis</strong></span> <span class='ocrx_word' id='word_1_214' title='bbox 3204 1366 3499 1435; x_wconf 91' lang='lat' dir='ltr'><strong>subjectam</strong></span> <span class='ocrx_word' id='word_1_215' title='bbox 3549 1383 3680 1422; x_wconf 89' lang='lat' dir='ltr'><strong>con-</strong></span> 
     </span>
    </p>
   </div>
   <div class='ocr_carea' id='block_1_28' title="bbox 2094 1456 3679 1531">
    <p class='ocr_par' dir='ltr' id='par_1_28' title="bbox 2094 1456 3679 1531">
     <span class='ocr_line' id='line_1_28' title="bbox 2094 1456 3679 1531; baseline -0.001 -18"><span class='ocrx_word' id='word_1_216' title='bbox 2094 1461 2456 1515; x_wconf 78' lang='lat' dir='ltr'><strong>versationem</strong></span> <span class='ocrx_word' id='word_1_217' title='bbox 2505 1460 2788 1514; x_wconf 90' lang='lat' dir='ltr'><strong>habituros</strong></span> <span class='ocrx_word' id='word_1_218' title='bbox 2837 1458 2904 1531; x_wconf 85' lang='lat' dir='ltr'><strong>ad</strong></span> <span class='ocrx_word' id='word_1_219' title='bbox 2949 1457 3149 1529; x_wconf 79' lang='lat' dir='ltr'><strong>legales</strong></span> <span class='ocrx_word' id='word_1_220' title='bbox 3195 1456 3515 1512; x_wconf 80' lang='lat' dir='ltr'><strong>festivitates</strong></span> <span class='ocrx_word' id='word_1_221' title='bbox 3559 1474 3679 1511; x_wconf 88' lang='lat' dir='ltr'><strong>rur-</strong></span> 
     </span>
    </p>
   </div>
   <div class='ocr_carea' id='block_1_29' title="bbox 2095 1548 3678 1619">
    <p class='ocr_par' dir='ltr' id='par_1_29' title="bbox 2095 1548 3678 1619">
     <span class='ocr_line' id='line_1_29' title="bbox 2095 1548 3678 1619; baseline 0 -15"><span class='ocrx_word' id='word_1_222' title='bbox 2095 1566 2213 1604; x_wconf 88' lang='lat' dir='ltr'><strong>sum</strong></span> <span class='ocrx_word' id='word_1_223' title='bbox 2269 1550 2662 1617; x_wconf 80' lang='lat' dir='ltr'><strong>celebrandas,</strong></span> <span class='ocrx_word' id='word_1_224' title='bbox 2709 1559 2765 1606; x_wconf 88' lang='lat' dir='ltr'><strong>et</strong></span> <span class='ocrx_word' id='word_1_225' title='bbox 2812 1551 3018 1604; x_wconf 87' lang='lat' dir='ltr'><strong>hostias</strong></span> <span class='ocrx_word' id='word_1_226' title='bbox 3068 1548 3313 1604; x_wconf 85' lang='lat' dir='ltr'><strong>carnales</strong></span> <span class='ocrx_word' id='word_1_227' title='bbox 3360 1550 3550 1605; x_wconf 90' lang='lat' dir='ltr'><strong>iterum</strong></span> <span class='ocrx_word' id='word_1_228' title='bbox 3589 1550 3678 1619; x_wconf 91' lang='lat' dir='ltr'><strong>ju-</strong></span> 
     </span>
    </p>
   </div>
   <div class='ocr_carea' id='block_1_30' title="bbox 2095 1641 3680 1712">
    <p class='ocr_par' dir='ltr' id='par_1_30' title="bbox 2095 1641 3680 1712">
     <span class='ocr_line' id='line_1_30' title="bbox 2095 1641 3680 1712; baseline 0.001 -17"><span class='ocrx_word' id='word_1_229' title='bbox 2095 1641 2373 1712; x_wconf 85' lang='lat' dir='ltr'><strong>gulandas.</strong></span> <span class='ocrx_word' id='word_1_230' title='bbox 2415 1642 2521 1697; x_wconf 85' lang='lat' dir='ltr'><strong>Sed</strong></span> <span class='ocrx_word' id='word_1_231' title='bbox 2558 1650 2612 1696; x_wconf 88' lang='lat' dir='ltr'><strong>et</strong></span> <span class='ocrx_word' id='word_1_232' title='bbox 2649 1658 2712 1697; x_wconf 78' lang='lat' dir='ltr'><strong>ex</strong></span> <span class='ocrx_word' id='word_1_233' title='bbox 2751 1641 3134 1711; x_wconf 89' lang='lat' dir='ltr'><strong>suprascriptis</strong></span> <span class='ocrx_word' id='word_1_234' title='bbox 3172 1642 3389 1696; x_wconf 87' lang='lat' dir='ltr'><strong>statutis</strong></span> <span class='ocrx_word' id='word_1_235' title='bbox 3432 1641 3680 1696; x_wconf 78' lang='lat' dir='ltr'><strong>advertat</strong></span> 
     </span>
    </p>
   </div>
   <div class='ocr_carea' id='block_1_31' title="bbox 402 1723 3673 1798">
    <p class='ocr_par' dir='ltr' id='par_1_31' title="bbox 402 1723 3673 1798">
     <span class='ocr_line' id='line_1_31' title="bbox 402 1723 3673 1798; baseline -0.002 -5"><span class='ocrx_word' id='word_1_236' title='bbox 402 1725 571 1798; x_wconf 72' lang='lat' dir='ltr'><strong>iugali</strong></span> <span class='ocrx_word' id='word_1_237' title='bbox 609 1728 867 1783; x_wconf 79' lang='lat' dir='ltr'><strong>SOCietate</strong></span> <span class='ocrx_word' id='word_1_238' title='bbox 910 1727 1273 1798; x_wconf 84' lang='lat' dir='ltr'><strong>conjungitur,</strong></span> <span class='ocrx_word' id='word_1_239' title='bbox 1305 1726 1359 1783; x_wconf 88' lang='lat' dir='ltr'><strong>id</strong></span> <span class='ocrx_word' id='word_1_240' title='bbox 1389 1732 1491 1789; x_wconf 89' lang='lat' dir='ltr'><strong>est,</strong></span> <span class='ocrx_word' id='word_1_241' title='bbox 1541 1724 1654 1779; x_wconf 88' lang='lat' dir='ltr'><strong>sive</strong></span> <span class='ocrx_word' id='word_1_242' title='bbox 1683 1723 1994 1779; x_wconf 87' lang='lat' dir='ltr'><strong>Christiano</strong></span> <span class='ocrx_word' id='word_1_243' title='bbox 2022 1731 2069 1792; x_wconf 91' lang='lat' dir='ltr'><strong>B</strong></span> <span class='ocrx_word' id='word_1_244' title='bbox 2097 1733 2265 1787; x_wconf 88' lang='lat' dir='ltr'><strong>multo</strong></span> <span class='ocrx_word' id='word_1_245' title='bbox 2294 1732 2663 1789; x_wconf 84' lang='lat' dir='ltr'><strong>detestabilius</strong></span> <span class='ocrx_word' id='word_1_246' title='bbox 2696 1732 3024 1787; x_wconf 81' lang='lat' dir='ltr'><strong>exsecranda</strong></span> <span class='ocrx_word' id='word_1_247' title='bbox 3060 1740 3114 1785; x_wconf 85' lang='lat' dir='ltr'><strong>et</strong></span> <span class='ocrx_word' id='word_1_248' title='bbox 3148 1731 3366 1786; x_wconf 88' lang='lat' dir='ltr'><strong>vitanda</strong></span> <span class='ocrx_word' id='word_1_249' title='bbox 3400 1732 3673 1787; x_wconf 88' lang='lat' dir='ltr'><strong>consortia</strong></span> 
     </span>
    </p>
   </div>
   <div class='ocr_carea' id='block_1_32' title="bbox 400 1814 1997 1885">
    <p class='ocr_par' dir='ltr' id='par_1_32' title="bbox 400 1814 1997 1885">
     <span class='ocr_line' id='line_1_32' title="bbox 400 1814 1997 1885; baseline -0.002 -14"><span class='ocrx_word' id='word_1_250' title='bbox 400 1817 614 1885; x_wconf 69' lang='lat' dir='ltr'><strong>Judata,</strong></span> <span class='ocrx_word' id='word_1_251' title='bbox 654 1819 768 1874; x_wconf 83' lang='lat' dir='ltr'><strong>sive</strong></span> <span class='ocrx_word' id='word_1_252' title='bbox 811 1818 997 1873; x_wconf 70' lang='lat' dir='ltr'><strong>Iudaeo</strong></span> <span class='ocrx_word' id='word_1_253' title='bbox 1042 1816 1349 1873; x_wconf 89' lang='lat' dir='ltr'><strong>Christiana</strong></span> <span class='ocrx_word' id='word_1_254' title='bbox 1402 1815 1597 1870; x_wconf 88' lang='lat' dir='ltr'><strong>mulier</strong></span> <span class='ocrx_word' id='word_1_255' title='bbox 1634 1814 1841 1869; x_wconf 88' lang='lat' dir='ltr'><strong>carnali</strong></span> <span class='ocrx_word' id='word_1_256' title='bbox 1867 1830 1997 1869; x_wconf 90' lang='lat' dir='ltr'><strong>con-</strong></span> 
     </span>
    </p>
   </div>
   <div class='ocr_carea' id='block_1_33' title="bbox 405 1903 1998 1980">
    <p class='ocr_par' dir='ltr' id='par_1_33' title="bbox 405 1903 1998 1980">
     <span class='ocr_line' id='line_1_33' title="bbox 405 1903 1998 1980; baseline -0.004 -15"><span class='ocrx_word' id='word_1_257' title='bbox 405 1912 579 1965; x_wconf 85' lang='lat' dir='ltr'><strong>sortio</strong></span> <span class='ocrx_word' id='word_1_258' title='bbox 600 1912 889 1967; x_wconf 78' lang='lat' dir='ltr'><strong>misceatur</strong></span> <span class='ocrx_word' id='word_1_259' title='bbox 912 1927 929 1977; x_wconf 89' lang='lat'><strong>;</strong></span> <span class='ocrx_word' id='word_1_260' title='bbox 954 1910 1259 1980; x_wconf 86' lang='lat' dir='ltr'><strong>quicunque</strong></span> <span class='ocrx_word' id='word_1_261' title='bbox 1282 1909 1476 1964; x_wconf 90' lang='lat' dir='ltr'><strong>horum</strong></span> <span class='ocrx_word' id='word_1_262' title='bbox 1501 1914 1708 1962; x_wconf 89' lang='lat' dir='ltr'><strong>tantum</strong></span> <span class='ocrx_word' id='word_1_263' title='bbox 1731 1903 1883 1960; x_wconf 80' lang='lat' dir='ltr'><strong>nefas</strong></span> <span class='ocrx_word' id='word_1_264' title='bbox 1904 1905 1998 1959; x_wconf 86' lang='lat' dir='ltr'><strong>ad-</strong></span> 
     </span>
    </p>
   </div>
   <div class='ocr_carea' id='block_1_34' title="bbox 402 1995 2038 2068">
    <p class='ocr_par' dir='ltr' id='par_1_34' title="bbox 402 1995 2038 2068">
     <span class='ocr_line' id='line_1_34' title="bbox 402 1995 2038 2068; baseline -0.004 -13"><span class='ocrx_word' id='word_1_265' title='bbox 402 2002 620 2058; x_wconf 87' lang='lat' dir='ltr'><strong>misisse</strong></span> <span class='ocrx_word' id='word_1_266' title='bbox 643 2010 957 2068; x_wconf 81' lang='lat' dir='ltr'><strong>noscnntur,</strong></span> <span class='ocrx_word' id='word_1_267' title='bbox 982 2016 1021 2055; x_wconf 80' lang='lat' dir='ltr'><strong>a</strong></span> <span class='ocrx_word' id='word_1_268' title='bbox 1045 2000 1351 2057; x_wconf 88' lang='lat' dir='ltr'><strong>Christiano</strong></span> <span class='ocrx_word' id='word_1_269' title='bbox 1375 2006 1524 2053; x_wconf 72' lang='lat' dir='ltr'><strong>ccetu</strong></span> <span class='ocrx_word' id='word_1_270' title='bbox 1550 1995 1996 2066; x_wconf 64' lang='lat' dir='ltr'><strong>nequeconvivio</strong></span> <span class='ocrx_word' id='word_1_271' title='bbox 2023 1998 2038 2013; x_wconf 85' lang='lat'><strong>&#39;</strong></span> 
     </span>
    </p>
   </div>
   <div class='ocr_carea' id='block_1_35' title="bbox 400 2090 1989 2162">
    <p class='ocr_par' dir='ltr' id='par_1_35' title="bbox 400 2090 1989 2162">
     <span class='ocr_line' id='line_1_35' title="bbox 400 2090 1989 2162; baseline -0.004 -15"><span class='ocrx_word' id='word_1_272' title='bbox 400 2102 462 2148; x_wconf 85' lang='lat' dir='ltr'><strong>et</strong></span> <span class='ocrx_word' id='word_1_273' title='bbox 489 2110 521 2148; x_wconf 88' lang='lat' dir='ltr'><strong>a</strong></span> <span class='ocrx_word' id='word_1_274' title='bbox 551 2094 928 2150; x_wconf 84' lang='lat' dir='ltr'><strong>communione</strong></span> <span class='ocrx_word' id='word_1_275' title='bbox 974 2092 1228 2149; x_wconf 77' lang='lat' dir='ltr'><strong>Ecclesiae</strong></span> <span class='ocrx_word' id='word_1_276' title='bbox 1270 2090 1517 2162; x_wconf 89' lang='lat' dir='ltr'><strong>protinus</strong></span> <span class='ocrx_word' id='word_1_277' title='bbox 1567 2097 1937 2161; x_wconf 83' lang='lat' dir='ltr'><strong>segregentur.</strong></span> <span class='ocrx_word' id='word_1_278' title='bbox 1969 2109 1989 2142; x_wconf 70' lang='grc' dir='ltr'><strong><em>ι</em></strong></span> 
     </span>
    </p>
   </div>
   <div class='ocr_carea' id='block_1_36' title="bbox 476 2182 1995 2257">
    <p class='ocr_par' dir='ltr' id='par_1_36' title="bbox 476 2182 1995 2257">
     <span class='ocr_line' id='line_1_36' title="bbox 476 2182 1995 2257; baseline -0.002 -17"><span class='ocrx_word' id='word_1_279' title='bbox 476 2186 567 2240; x_wconf 77' lang='lat' dir='ltr'><strong>rx.</strong></span> <span class='ocrx_word' id='word_1_280' title='bbox 613 2188 684 2241; x_wconf 87' lang='lat' dir='ltr'><strong>Et</strong></span> <span class='ocrx_word' id='word_1_281' title='bbox 714 2188 841 2257; x_wconf 89' lang='lat' dir='ltr'><strong>quia</strong></span> <span class='ocrx_word' id='word_1_282' title='bbox 869 2199 894 2227; x_wconf 73' lang='grc' dir='ltr'>ι</span> <span class='ocrx_word' id='word_1_283' title='bbox 925 2184 1291 2242; x_wconf 86' lang='lat' dir='ltr'><strong>ecclesiastica</strong></span> <span class='ocrx_word' id='word_1_284' title='bbox 1330 2191 1530 2239; x_wconf 85' lang='lat' dir='ltr'><strong>statuta</strong></span> <span class='ocrx_word' id='word_1_285' title='bbox 1562 2198 1660 2255; x_wconf 90' lang='lat' dir='ltr'><strong>per</strong></span> <span class='ocrx_word' id='word_1_286' title='bbox 1699 2182 1995 2251; x_wconf 87' lang='lat' dir='ltr'><strong>aposlolica</strong></span> 
     </span>
    </p>
   </div>
   <div class='ocr_carea' id='block_1_37' title="bbox 403 2274 1994 2346">
    <p class='ocr_par' dir='ltr' id='par_1_37' title="bbox 403 2274 1994 2346">
     <span class='ocr_line' id='line_1_37' title="bbox 403 2274 1994 2346; baseline -0.004 -12"><span class='ocrx_word' id='word_1_287' title='bbox 403 2289 527 2336; x_wconf 87' lang='lat' dir='ltr'><strong>acta</strong></span> <span class='ocrx_word' id='word_1_288' title='bbox 558 2280 822 2336; x_wconf 86' lang='lat' dir='ltr'><strong>ﬁrmanda</strong></span> <span class='ocrx_word' id='word_1_289' title='bbox 853 2287 1008 2343; x_wconf 89' lang='lat' dir='ltr'><strong>sunt,</strong></span> <span class='ocrx_word' id='word_1_290' title='bbox 1039 2288 1094 2334; x_wconf 89' lang='lat' dir='ltr'><strong>et</strong></span> <span class='ocrx_word' id='word_1_291' title='bbox 1120 2278 1150 2318; x_wconf 69' lang='grc' dir='ltr'>δ</span> <span class='ocrx_word' id='word_1_292' title='bbox 1181 2293 1319 2332; x_wconf 85' lang='lat' dir='ltr'><strong>nova</strong></span> <span class='ocrx_word' id='word_1_293' title='bbox 1340 2292 1440 2346; x_wconf 85' lang='lat' dir='ltr'><strong>per</strong></span> <span class='ocrx_word' id='word_1_294' title='bbox 1463 2284 1646 2330; x_wconf 88' lang='lat' dir='ltr'><strong>vetera</strong></span> <span class='ocrx_word' id='word_1_295' title='bbox 1668 2315 1683 2340; x_wconf 88' lang='lat'><strong>,</strong></span> <span class='ocrx_word' id='word_1_296' title='bbox 1712 2274 1994 2329; x_wconf 88' lang='lat' dir='ltr'><strong>videamus</strong></span> 
     </span>
    </p>
   </div>
   <div class='ocr_carea' id='block_1_38' title="bbox 398 2365 1992 2443">
    <p class='ocr_par' dir='ltr' id='par_1_38' title="bbox 398 2365 1992 2443">
     <span class='ocr_line' id='line_1_38' title="bbox 398 2365 1992 2443; baseline -0.002 -18"><span class='ocrx_word' id='word_1_297' title='bbox 398 2374 536 2443; x_wconf 84' lang='lat' dir='ltr'><strong>quid</strong></span> <span class='ocrx_word' id='word_1_298' title='bbox 567 2373 635 2427; x_wconf 89' lang='lat' dir='ltr'><strong>de</strong></span> <span class='ocrx_word' id='word_1_299' title='bbox 660 2372 821 2427; x_wconf 76' lang='lat' dir='ltr'><strong>beato</strong></span> <span class='ocrx_word' id='word_1_300' title='bbox 863 2369 1091 2435; x_wconf 72' lang='lat' dir='ltr'><strong>Joanne,</strong></span> <span class='ocrx_word' id='word_1_301' title='bbox 1130 2384 1289 2438; x_wconf 83' lang='lat' dir='ltr'><strong>quem</strong></span> <span class='ocrx_word' id='word_1_302' title='bbox 1335 2368 1593 2437; x_wconf 79' lang='lat' dir='ltr'><strong>diligebat</strong></span> <span class='ocrx_word' id='word_1_303' title='bbox 1628 2367 1788 2422; x_wconf 67' lang='lat' dir='ltr'><strong>Iesus</strong></span> <span class='ocrx_word' id='word_1_304' title='bbox 1826 2365 1992 2435; x_wconf 88' lang='lat' dir='ltr'><strong>pluri—</strong></span> 
     </span>
    </p>
   </div>
   <div class='ocr_carea' id='block_1_39' title="bbox 400 2458 1992 2532">
    <p class='ocr_par' dir='ltr' id='par_1_39' title="bbox 400 2458 1992 2532">
     <span class='ocr_line' id='line_1_39' title="bbox 400 2458 1992 2532; baseline -0.004 -15"><span class='ocrx_word' id='word_1_305' title='bbox 400 2458 574 2526; x_wconf 86' lang='lat' dir='ltr'><strong>mum,</strong></span> <span class='ocrx_word' id='word_1_306' title='bbox 606 2461 852 2532; x_wconf 85' lang='lat' dir='ltr'><strong>apostolo</strong></span> <span class='ocrx_word' id='word_1_307' title='bbox 876 2468 928 2516; x_wconf 89' lang='lat' dir='ltr'><strong>et</strong></span> <span class='ocrx_word' id='word_1_308' title='bbox 958 2459 1308 2528; x_wconf 83' lang='lat' dir='ltr'><strong>evangelista,</strong></span> <span class='ocrx_word' id='word_1_309' title='bbox 1342 2458 1751 2527; x_wconf 89' lang='lat' dir='ltr'><strong>antiquissimus</strong></span> <span class='ocrx_word' id='word_1_310' title='bbox 1782 2467 1835 2512; x_wconf 90' lang='lat' dir='ltr'><strong>et</strong></span> <span class='ocrx_word' id='word_1_311' title='bbox 1862 2472 1992 2528; x_wconf 88' lang='lat' dir='ltr'><strong>apo-</strong></span> 
     </span>
    </p>
   </div>
   <div class='ocr_carea' id='block_1_40' title="bbox 401 2552 1992 2625">
    <p class='ocr_par' dir='ltr' id='par_1_40' title="bbox 401 2552 1992 2625">
     <span class='ocr_line' id='line_1_40' title="bbox 401 2552 1992 2625; baseline -0.001 -16"><span class='ocrx_word' id='word_1_312' title='bbox 401 2555 629 2610; x_wconf 78' lang='lat' dir='ltr'><strong>stolicus</strong></span> <span class='ocrx_word' id='word_1_313' title='bbox 652 2555 843 2610; x_wconf 88' lang='lat' dir='ltr'><strong>doctor</strong></span> <span class='ocrx_word' id='word_1_314' title='bbox 864 2569 929 2608; x_wconf 89' lang='lat' dir='ltr'><strong>ac</strong></span> <span class='ocrx_word' id='word_1_315' title='bbox 950 2562 1158 2625; x_wconf 85' lang='lat' dir='ltr'><strong>martyr</strong></span> <span class='ocrx_word' id='word_1_316' title='bbox 1180 2552 1378 2608; x_wconf 87' lang='lat' dir='ltr'><strong>Christi</strong></span> <span class='ocrx_word' id='word_1_317' title='bbox 1410 2560 1463 2608; x_wconf 89' lang='lat' dir='ltr'><strong>et</strong></span> <span class='ocrx_word' id='word_1_318' title='bbox 1498 2552 1750 2608; x_wconf 73' lang='lat' dir='ltr'><strong>Ecclesiae</strong></span> <span class='ocrx_word' id='word_1_319' title='bbox 1778 2552 1992 2625; x_wconf 85' lang='lat' dir='ltr'><strong>Lugdu-</strong></span> 
     </span>
    </p>
   </div>
   <div class='ocr_carea' id='block_1_41' title="bbox 400 2639 1985 2714">
    <p class='ocr_par' dir='ltr' id='par_1_41' title="bbox 400 2639 1985 2714">
     <span class='ocr_line' id='line_1_41' title="bbox 400 2639 1985 2714; baseline -0.003 -15"><span class='ocrx_word' id='word_1_320' title='bbox 400 2644 593 2700; x_wconf 81' lang='lat' dir='ltr'><strong>nensis</strong></span> <span class='ocrx_word' id='word_1_321' title='bbox 637 2642 922 2714; x_wconf 88' lang='lat' dir='ltr'><strong>episcopus</strong></span> <span class='ocrx_word' id='word_1_322' title='bbox 956 2642 1191 2697; x_wconf 75' lang='lat' dir='ltr'><strong>Irenzeus</strong></span> <span class='ocrx_word' id='word_1_323' title='bbox 1227 2642 1372 2697; x_wconf 85' lang='lat' dir='ltr'><strong>dicat</strong></span> <span class='ocrx_word' id='word_1_324' title='bbox 1409 2639 1531 2714; x_wconf 85' lang='lat' dir='ltr'><strong>(Ap.</strong></span> <span class='ocrx_word' id='word_1_325' title='bbox 1576 2641 1796 2708; x_wconf 85' lang='lat' dir='ltr'><strong>Euseb.,</strong></span> <span class='ocrx_word' id='word_1_326' title='bbox 1841 2641 1985 2696; x_wconf 77' lang='lat' dir='ltr'><strong>Hist.</strong></span> 
     </span>
    </p>
   </div>
   <div class='ocr_carea' id='block_1_42' title="bbox 398 2731 1987 2806">
    <p class='ocr_par' dir='ltr' id='par_1_42' title="bbox 398 2731 1987 2806">
     <span class='ocr_line' id='line_1_42' title="bbox 398 2731 1987 2806; baseline 0.001 -19"><span class='ocrx_word' id='word_1_327' title='bbox 398 2733 560 2799; x_wconf 78' lang='lat' dir='ltr'><strong>cccl.,</strong></span> <span class='ocrx_word' id='word_1_328' title='bbox 588 2732 623 2787; x_wconf 89' lang='lat' dir='ltr'><strong>l.</strong></span> <span class='ocrx_word' id='word_1_329' title='bbox 650 2749 724 2798; x_wconf 78' lang='grc' dir='ltr'><strong>ιν,</strong></span> <span class='ocrx_word' id='word_1_330' title='bbox 750 2750 800 2789; x_wconf 92' lang='lat' dir='ltr'><strong>c.</strong></span> <span class='ocrx_word' id='word_1_331' title='bbox 833 2732 917 2787; x_wconf 70' lang='lat' dir='ltr'><strong>ﬂ.</strong></span> <span class='ocrx_word' id='word_1_332' title='bbox 951 2732 1085 2789; x_wconf 75' lang='lat' dir='ltr'><strong>Vide</strong></span> <span class='ocrx_word' id='word_1_333' title='bbox 1113 2733 1309 2788; x_wconf 88' lang='lat' dir='ltr'><strong>Baron.</strong></span> <span class='ocrx_word' id='word_1_334' title='bbox 1337 2733 1405 2788; x_wconf 92' lang='lat' dir='ltr'><strong>ad</strong></span> <span class='ocrx_word' id='word_1_335' title='bbox 1433 2749 1523 2787; x_wconf 88' lang='lat' dir='ltr'><strong>an.</strong></span> <span class='ocrx_word' id='word_1_336' title='bbox 1554 2731 1666 2804; x_wconf 65' lang='lat'><strong>74).</strong></span> <span class='ocrx_word' id='word_1_337' title='bbox 1706 2733 1798 2788; x_wconf 83' lang='lat' dir='ltr'><strong>Ait</strong></span> <span class='ocrx_word' id='word_1_338' title='bbox 1822 2749 1987 2806; x_wconf 83' lang='lat' dir='ltr'><strong>ergo:</strong></span> 
     </span>
    </p>
   </div>
   <div class='ocr_carea' id='block_1_43' title="bbox 408 2823 1991 2896">
    <p class='ocr_par' dir='ltr' id='par_1_43' title="bbox 408 2823 1991 2896">
     <span class='ocr_line' id='line_1_43' title="bbox 408 2823 1991 2896; baseline 0.002 -20"><span class='ocrx_word' id='word_1_339' title='bbox 408 2844 431 2876; x_wconf 69' lang='grc' dir='ltr'><strong>ς</strong></span> <span class='ocrx_word' id='word_1_340' title='bbox 458 2824 526 2879; x_wconf 85' lang='lat' dir='ltr'><strong>Et</strong></span> <span class='ocrx_word' id='word_1_341' title='bbox 548 2825 872 2896; x_wconf 78' lang='lat' dir='ltr'><strong>Polycarpus</strong></span> <span class='ocrx_word' id='word_1_342' title='bbox 896 2840 1044 2890; x_wconf 90' lang='lat' dir='ltr'><strong>vero,</strong></span> <span class='ocrx_word' id='word_1_343' title='bbox 1073 2840 1178 2879; x_wconf 88' lang='lat' dir='ltr'><strong>non</strong></span> <span class='ocrx_word' id='word_1_344' title='bbox 1203 2824 1373 2881; x_wconf 90' lang='lat' dir='ltr'><strong>solum</strong></span> <span class='ocrx_word' id='word_1_345' title='bbox 1396 2823 1761 2894; x_wconf 87' lang='lat' dir='ltr'><strong>apostolorum</strong></span> <span class='ocrx_word' id='word_1_346' title='bbox 1786 2824 1840 2878; x_wconf 91' lang='lat' dir='ltr'><strong>in</strong></span> <span class='ocrx_word' id='word_1_347' title='bbox 1863 2840 1991 2879; x_wconf 90' lang='lat' dir='ltr'><strong>con-</strong></span> 
     </span>
    </p>
   </div>
   <div class='ocr_carea' id='block_1_44' title="bbox 405 2913 1991 2986">
    <p class='ocr_par' dir='ltr' id='par_1_44' title="bbox 405 2913 1991 2986">
     <span class='ocr_line' id='line_1_44' title="bbox 405 2913 1991 2986; baseline -0.002 -15"><span class='ocrx_word' id='word_1_348' title='bbox 405 2914 731 2986; x_wconf 80' lang='lat' dir='ltr'><strong>discipulatu</strong></span> <span class='ocrx_word' id='word_1_349' title='bbox 758 2915 1023 2981; x_wconf 85' lang='lat' dir='ltr'><strong>eruditus,</strong></span> <span class='ocrx_word' id='word_1_350' title='bbox 1055 2924 1109 2969; x_wconf 91' lang='lat' dir='ltr'><strong>et</strong></span> <span class='ocrx_word' id='word_1_351' title='bbox 1138 2922 1489 2969; x_wconf 84' lang='lat' dir='ltr'><strong>conversatus</strong></span> <span class='ocrx_word' id='word_1_352' title='bbox 1523 2930 1648 2969; x_wconf 92' lang='lat' dir='ltr'><strong>cum</strong></span> <span class='ocrx_word' id='word_1_353' title='bbox 1687 2913 1870 2968; x_wconf 89' lang='lat' dir='ltr'><strong>multis</strong></span> <span class='ocrx_word' id='word_1_354' title='bbox 1898 2915 1991 2985; x_wconf 89' lang='lat' dir='ltr'><strong>qui</strong></span> 
     </span>
    </p>
   </div>
   <div class='ocr_carea' id='block_1_45' title="bbox 402 3005 1991 3076">
    <p class='ocr_par' dir='ltr' id='par_1_45' title="bbox 402 3005 1991 3076">
     <span class='ocr_line' id='line_1_45' title="bbox 402 3005 1991 3076; baseline 0 -14"><span class='ocrx_word' id='word_1_355' title='bbox 402 3007 695 3062; x_wconf 85' lang='lat' dir='ltr'><strong>Dominum</strong></span> <span class='ocrx_word' id='word_1_356' title='bbox 734 3006 1006 3073; x_wconf 83' lang='lat' dir='ltr'><strong>viderunt,</strong></span> <span class='ocrx_word' id='word_1_357' title='bbox 1052 3006 1147 3064; x_wconf 91' lang='lat' dir='ltr'><strong>sed</strong></span> <span class='ocrx_word' id='word_1_358' title='bbox 1191 3014 1248 3060; x_wconf 90' lang='lat' dir='ltr'><strong>et</strong></span> <span class='ocrx_word' id='word_1_359' title='bbox 1292 3007 1361 3060; x_wconf 89' lang='lat' dir='ltr'><strong>ab</strong></span> <span class='ocrx_word' id='word_1_360' title='bbox 1403 3005 1661 3076; x_wconf 84' lang='lat' dir='ltr'><strong>apostolis</strong></span> <span class='ocrx_word' id='word_1_361' title='bbox 1698 3005 1991 3062; x_wconf 86' lang='lat' dir='ltr'><strong>collocatus</strong></span> 
     </span>
    </p>
   </div>
   <div class='ocr_carea' id='block_1_46' title="bbox 2095 1819 3676 1892">
    <p class='ocr_par' dir='ltr' id='par_1_46' title="bbox 2095 1819 3676 1892">
     <span class='ocr_line' id='line_1_46' title="bbox 2095 1819 3676 1892; baseline 0.001 -18"><span class='ocrx_word' id='word_1_362' title='bbox 2095 1819 2425 1888; x_wconf 62' lang='lat' dir='ltr'><strong>JudaBOrum,</strong></span> <span class='ocrx_word' id='word_1_363' title='bbox 2458 1838 2621 1892; x_wconf 89' lang='lat' dir='ltr'><strong>quam</strong></span> <span class='ocrx_word' id='word_1_364' title='bbox 2659 1831 2977 1876; x_wconf 65' lang='lat' dir='ltr'><strong>cancrorum</strong></span> <span class='ocrx_word' id='word_1_365' title='bbox 3016 1820 3411 1875; x_wconf 65' lang='lat' dir='ltr'><strong>hiereticorum.</strong></span> <span class='ocrx_word' id='word_1_366' title='bbox 3453 1819 3589 1887; x_wconf 85' lang='lat' dir='ltr'><strong>Quia</strong></span> <span class='ocrx_word' id='word_1_367' title='bbox 3630 1836 3676 1877; x_wconf 78' lang='grc' dir='ltr'><strong>ει</strong></span> 
     </span>
    </p>
   </div>
   <div class='ocr_carea' id='block_1_47' title="bbox 2096 1913 3672 1985">
    <p class='ocr_par' dir='ltr' id='par_1_47' title="bbox 2096 1913 3672 1985">
     <span class='ocr_line' id='line_1_47' title="bbox 2096 1913 3672 1985; baseline 0.001 -18"><span class='ocrx_word' id='word_1_368' title='bbox 2096 1928 2285 1969; x_wconf 91' lang='lat' dir='ltr'><strong>omnes</strong></span> <span class='ocrx_word' id='word_1_369' title='bbox 2320 1924 2603 1985; x_wconf 87' lang='lat' dir='ltr'><strong>propterea</strong></span> <span class='ocrx_word' id='word_1_370' title='bbox 2644 1914 2944 1969; x_wconf 88' lang='lat' dir='ltr'><strong>detestandi</strong></span> <span class='ocrx_word' id='word_1_371' title='bbox 2987 1920 3142 1978; x_wconf 86' lang='lat' dir='ltr'><strong>sunt,</strong></span> <span class='ocrx_word' id='word_1_372' title='bbox 3179 1913 3433 1983; x_wconf 87' lang='lat' dir='ltr'><strong>quoniam</strong></span> <span class='ocrx_word' id='word_1_373' title='bbox 3470 1913 3672 1968; x_wconf 91' lang='lat' dir='ltr'><strong>inimici</strong></span> 
     </span>
    </p>
   </div>
   <div class='ocr_carea' id='block_1_48' title="bbox 2095 2002 3677 2074">
    <p class='ocr_par' dir='ltr' id='par_1_48' title="bbox 2095 2002 3677 2074">
     <span class='ocr_line' id='line_1_48' title="bbox 2095 2002 3677 2074; baseline 0 -17"><span class='ocrx_word' id='word_1_374' title='bbox 2095 2004 2340 2060; x_wconf 86' lang='lat' dir='ltr'><strong>veritatis</strong></span> <span class='ocrx_word' id='word_1_375' title='bbox 2366 2005 2634 2070; x_wconf 74' lang='lat' dir='ltr'><strong>existunt;</strong></span> <span class='ocrx_word' id='word_1_376' title='bbox 2664 2005 2832 2059; x_wconf 88' lang='lat' dir='ltr'><strong>multo</strong></span> <span class='ocrx_word' id='word_1_377' title='bbox 2854 2004 2931 2059; x_wconf 88' lang='lat' dir='ltr'><strong>illi</strong></span> <span class='ocrx_word' id='word_1_378' title='bbox 2961 2005 3132 2074; x_wconf 84' lang='lat' dir='ltr'><strong>magis</strong></span> <span class='ocrx_word' id='word_1_379' title='bbox 3151 2004 3241 2074; x_wconf 89' lang='lat' dir='ltr'><strong>qui</strong></span> <span class='ocrx_word' id='word_1_380' title='bbox 3269 2002 3500 2071; x_wconf 89' lang='lat' dir='ltr'><strong>majores</strong></span> <span class='ocrx_word' id='word_1_381' title='bbox 3520 2018 3677 2058; x_wconf 77' lang='lat' dir='ltr'><strong>excr-</strong></span> 
     </span>
    </p>
   </div>
   <div class='ocr_carea' id='block_1_49' title="bbox 2096 2093 3672 2167">
    <p class='ocr_par' dir='ltr' id='par_1_49' title="bbox 2096 2093 3672 2167">
     <span class='ocr_line' id='line_1_49' title="bbox 2096 2093 3672 2167; baseline 0 -17"><span class='ocrx_word' id='word_1_382' title='bbox 2096 2103 2221 2150; x_wconf 89' lang='lat' dir='ltr'><strong>cent</strong></span> <span class='ocrx_word' id='word_1_383' title='bbox 2258 2096 2587 2151; x_wconf 88' lang='lat' dir='ltr'><strong>inimicitias.</strong></span> <span class='ocrx_word' id='word_1_384' title='bbox 2629 2095 2708 2150; x_wconf 65' lang='lat' dir='ltr'><strong>lie</strong></span> <span class='ocrx_word' id='word_1_385' title='bbox 2739 2094 2940 2150; x_wconf 90' lang='lat' dir='ltr'><strong>etenim</strong></span> <span class='ocrx_word' id='word_1_386' title='bbox 2983 2094 3139 2167; x_wconf 86' lang='lat' dir='ltr'><strong>(Aug.</strong></span> <span class='ocrx_word' id='word_1_387' title='bbox 3165 2096 3222 2149; x_wconf 78' lang='lat' dir='ltr'><strong>in</strong></span> <span class='ocrx_word' id='word_1_388' title='bbox 3247 2093 3438 2148; x_wconf 80' lang='lat' dir='ltr'><strong>Matth.</strong></span> <span class='ocrx_word' id='word_1_389' title='bbox 3468 2095 3505 2149; x_wconf 91' lang='lat' dir='ltr'><strong>l.</strong></span> <span class='ocrx_word' id='word_1_390' title='bbox 3543 2112 3584 2161; x_wconf 88' lang='grc' dir='ltr'><strong>ι,</strong></span> <span class='ocrx_word' id='word_1_391' title='bbox 3623 2112 3672 2150; x_wconf 92' lang='lat' dir='ltr'><strong>c.</strong></span> 
     </span>
    </p>
   </div>
   <div class='ocr_carea' id='block_1_50' title="bbox 2096 2186 3677 2258">
    <p class='ocr_par' dir='ltr' id='par_1_50' title="bbox 2096 2186 3677 2258">
     <span class='ocr_line' id='line_1_50' title="bbox 2096 2186 3677 2258; baseline -0.001 -15"><span class='ocrx_word' id='word_1_392' title='bbox 2096 2186 2184 2258; x_wconf 81' lang='grc' dir='ltr'><strong>Η)</strong></span> <span class='ocrx_word' id='word_1_393' title='bbox 2216 2202 2339 2242; x_wconf 89' lang='lat' dir='ltr'><strong>vera</strong></span> <span class='ocrx_word' id='word_1_394' title='bbox 2367 2189 2643 2258; x_wconf 89' lang='lat' dir='ltr'><strong>proprium</strong></span> <span class='ocrx_word' id='word_1_395' title='bbox 2661 2195 2745 2243; x_wconf 90' lang='lat' dir='ltr'><strong>est</strong></span> <span class='ocrx_word' id='word_1_396' title='bbox 2770 2188 3145 2243; x_wconf 77' lang='lat' dir='ltr'><strong>bzereticorum</strong></span> <span class='ocrx_word' id='word_1_397' title='bbox 3167 2188 3221 2242; x_wconf 90' lang='lat' dir='ltr'><strong>in</strong></span> <span class='ocrx_word' id='word_1_398' title='bbox 3243 2186 3510 2258; x_wconf 90' lang='lat' dir='ltr'><strong>aliquibus</strong></span> <span class='ocrx_word' id='word_1_399' title='bbox 3534 2198 3677 2242; x_wconf 89' lang='lat' dir='ltr'><strong>com-</strong></span> 
     </span>
    </p>
   </div>
   <div class='ocr_carea' id='block_1_51' title="bbox 2093 2273 3676 2345">
    <p class='ocr_par' dir='ltr' id='par_1_51' title="bbox 2093 2273 3676 2345">
     <span class='ocr_line' id='line_1_51' title="bbox 2093 2273 3676 2345; baseline 0 -15"><span class='ocrx_word' id='word_1_400' title='bbox 2093 2277 2331 2332; x_wconf 88' lang='lat' dir='ltr'><strong>munitcr</strong></span> <span class='ocrx_word' id='word_1_401' title='bbox 2354 2277 2557 2332; x_wconf 83' lang='lat' dir='ltr'><strong>sentire</strong></span> <span class='ocrx_word' id='word_1_402' title='bbox 2586 2293 2705 2332; x_wconf 91' lang='lat' dir='ltr'><strong>cum</strong></span> <span class='ocrx_word' id='word_1_403' title='bbox 2730 2275 2989 2342; x_wconf 86' lang='lat' dir='ltr'><strong>Ecclesia,</strong></span> <span class='ocrx_word' id='word_1_404' title='bbox 3015 2275 3069 2331; x_wconf 93' lang='lat' dir='ltr'><strong>in</strong></span> <span class='ocrx_word' id='word_1_405' title='bbox 3091 2273 3358 2345; x_wconf 82' lang='lat' dir='ltr'><strong>aliquibus</strong></span> <span class='ocrx_word' id='word_1_406' title='bbox 3389 2275 3676 2330; x_wconf 89' lang='lat' dir='ltr'><strong>dissentire</strong></span> 
     </span>
    </p>
   </div>
   <div class='ocr_carea' id='block_1_52' title="bbox 2094 2368 3675 2440">
    <p class='ocr_par' dir='ltr' id='par_1_52' title="bbox 2094 2368 3675 2440">
     <span class='ocr_line' id='line_1_52' title="bbox 2094 2368 3675 2440; baseline 0.001 -20"><span class='ocrx_word' id='word_1_407' title='bbox 2094 2368 2162 2420; x_wconf 89' lang='lat' dir='ltr'><strong>ab</strong></span> <span class='ocrx_word' id='word_1_408' title='bbox 2187 2383 2272 2433; x_wconf 89' lang='lat' dir='ltr'><strong>ea,</strong></span> <span class='ocrx_word' id='word_1_409' title='bbox 2306 2370 2409 2424; x_wconf 85' lang='lat' dir='ltr'><strong>hoc</strong></span> <span class='ocrx_word' id='word_1_410' title='bbox 2440 2377 2541 2435; x_wconf 80' lang='lat' dir='ltr'><strong>est,</strong></span> <span class='ocrx_word' id='word_1_411' title='bbox 2569 2384 2637 2424; x_wconf 76' lang='lat' dir='ltr'><strong>ex</strong></span> <span class='ocrx_word' id='word_1_412' title='bbox 2661 2378 2815 2440; x_wconf 87' lang='lat' dir='ltr'><strong>parte</strong></span> <span class='ocrx_word' id='word_1_413' title='bbox 2842 2369 3232 2439; x_wconf 86' lang='lat' dir='ltr'><strong>blasphemare,</strong></span> <span class='ocrx_word' id='word_1_414' title='bbox 3266 2385 3329 2423; x_wconf 78' lang='lat' dir='ltr'><strong>ex</strong></span> <span class='ocrx_word' id='word_1_415' title='bbox 3357 2376 3510 2438; x_wconf 88' lang='lat' dir='ltr'><strong>parte</strong></span> <span class='ocrx_word' id='word_1_416' title='bbox 3532 2369 3675 2423; x_wconf 86' lang='lat' dir='ltr'><strong>veri-</strong></span> 
     </span>
    </p>
   </div>
   <div class='ocr_carea' id='block_1_53' title="bbox 2093 2459 3673 2527">
    <p class='ocr_par' dir='ltr' id='par_1_53' title="bbox 2093 2459 3673 2527">
     <span class='ocr_line' id='line_1_53' title="bbox 2093 2459 3673 2527; baseline -0.001 -14"><span class='ocrx_word' id='word_1_417' title='bbox 2093 2461 2190 2514; x_wconf 88' lang='lat' dir='ltr'><strong>tati</strong></span> <span class='ocrx_word' id='word_1_418' title='bbox 2219 2476 2548 2527; x_wconf 85' lang='lat' dir='ltr'><strong>consonare;</strong></span> <span class='ocrx_word' id='word_1_419' title='bbox 2581 2459 2888 2517; x_wconf 64' lang='lat' dir='ltr'><strong>Iudaeorum</strong></span> <span class='ocrx_word' id='word_1_420' title='bbox 2913 2468 3090 2515; x_wconf 89' lang='lat' dir='ltr'><strong>autem</strong></span> <span class='ocrx_word' id='word_1_421' title='bbox 3114 2475 3179 2514; x_wconf 76' lang='lat' dir='ltr'><strong>ex</strong></span> <span class='ocrx_word' id='word_1_422' title='bbox 3206 2468 3318 2514; x_wconf 89' lang='lat' dir='ltr'><strong>toto</strong></span> <span class='ocrx_word' id='word_1_423' title='bbox 3341 2459 3577 2524; x_wconf 87' lang='lat' dir='ltr'><strong>mentiri,</strong></span> <span class='ocrx_word' id='word_1_424' title='bbox 3607 2474 3673 2514; x_wconf 84' lang='lat' dir='ltr'><strong>ex</strong></span> 
     </span>
    </p>
   </div>
   <div class='ocr_carea' id='block_1_54' title="bbox 2091 2548 3671 2623">
    <p class='ocr_par' dir='ltr' id='par_1_54' title="bbox 2091 2548 3671 2623">
     <span class='ocr_line' id='line_1_54' title="bbox 2091 2548 3671 2623; baseline -0.003 -16"><span class='ocrx_word' id='word_1_425' title='bbox 2091 2560 2205 2608; x_wconf 90' lang='lat' dir='ltr'><strong>toto</strong></span> <span class='ocrx_word' id='word_1_426' title='bbox 2234 2552 2609 2623; x_wconf 87' lang='lat' dir='ltr'><strong>blasphemare</strong></span> <span class='ocrx_word' id='word_1_427' title='bbox 2632 2552 2920 2607; x_wconf 88' lang='lat' dir='ltr'><strong>Dominum</strong></span> <span class='ocrx_word' id='word_1_428' title='bbox 2943 2559 2998 2605; x_wconf 89' lang='lat' dir='ltr'><strong>et</strong></span> <span class='ocrx_word' id='word_1_429' title='bbox 3028 2550 3194 2605; x_wconf 90' lang='lat' dir='ltr'><strong>Deum</strong></span> <span class='ocrx_word' id='word_1_430' title='bbox 3220 2558 3466 2604; x_wconf 90' lang='lat' dir='ltr'><strong>nostrum</strong></span> <span class='ocrx_word' id='word_1_431' title='bbox 3488 2548 3671 2603; x_wconf 74' lang='lat' dir='ltr'><strong>Iesum</strong></span> 
     </span>
    </p>
   </div>
   <div class='ocr_carea' id='block_1_55' title="bbox 2091 2640 3673 2711">
    <p class='ocr_par' dir='ltr' id='par_1_55' title="bbox 2091 2640 3673 2711">
     <span class='ocr_line' id='line_1_55' title="bbox 2091 2640 3673 2711; baseline -0.007 -11"><span class='ocrx_word' id='word_1_432' title='bbox 2091 2643 2365 2701; x_wconf 80' lang='lat' dir='ltr'><strong>Christum</strong></span> <span class='ocrx_word' id='word_1_433' title='bbox 2383 2651 2441 2698; x_wconf 83' lang='lat' dir='ltr'><strong>et</strong></span> <span class='ocrx_word' id='word_1_434' title='bbox 2462 2642 2758 2697; x_wconf 90' lang='lat' dir='ltr'><strong>Ecclesiam</strong></span> <span class='ocrx_word' id='word_1_435' title='bbox 2782 2641 2916 2711; x_wconf 89' lang='lat' dir='ltr'><strong>ejus,</strong></span> <span class='ocrx_word' id='word_1_436' title='bbox 2942 2648 2997 2694; x_wconf 89' lang='lat' dir='ltr'><strong>et</strong></span> <span class='ocrx_word' id='word_1_437' title='bbox 3016 2640 3148 2693; x_wconf 88' lang='lat' dir='ltr'><strong>nihil</strong></span> <span class='ocrx_word' id='word_1_438' title='bbox 3169 2640 3233 2693; x_wconf 89' lang='lat' dir='ltr'><strong>de</strong></span> <span class='ocrx_word' id='word_1_439' title='bbox 3256 2654 3321 2693; x_wconf 90' lang='lat' dir='ltr'><strong>eo</strong></span> <span class='ocrx_word' id='word_1_440' title='bbox 3342 2653 3529 2692; x_wconf 83' lang='lat' dir='ltr'><strong>verum</strong></span> <span class='ocrx_word' id='word_1_441' title='bbox 3556 2652 3673 2692; x_wconf 79' lang='lat' dir='ltr'><strong>cre-</strong></span> 
     </span>
    </p>
   </div>
   <div class='ocr_carea' id='block_1_56' title="bbox 2092 2731 3675 2805">
    <p class='ocr_par' dir='ltr' id='par_1_56' title="bbox 2092 2731 3675 2805">
     <span class='ocr_line' id='line_1_56' title="bbox 2092 2731 3675 2805; baseline -0.006 -14"><span class='ocrx_word' id='word_1_442' title='bbox 2092 2736 2220 2791; x_wconf 90' lang='lat' dir='ltr'><strong>dere</strong></span> <span class='ocrx_word' id='word_1_443' title='bbox 2253 2734 2357 2791; x_wconf 89' lang='lat' dir='ltr'><strong>nisi</strong></span> <span class='ocrx_word' id='word_1_444' title='bbox 2394 2741 2623 2790; x_wconf 89' lang='lat' dir='ltr'><strong>mortem</strong></span> <span class='ocrx_word' id='word_1_445' title='bbox 2649 2751 2662 2787; x_wconf 87' lang='lat'><strong>:</strong></span> <span class='ocrx_word' id='word_1_446' title='bbox 2685 2748 2992 2805; x_wconf 89' lang='lat' dir='ltr'><strong>quanquam</strong></span> <span class='ocrx_word' id='word_1_447' title='bbox 3024 2747 3125 2787; x_wconf 91' lang='lat' dir='ltr'><strong>nec</strong></span> <span class='ocrx_word' id='word_1_448' title='bbox 3159 2731 3214 2785; x_wconf 93' lang='lat' dir='ltr'><strong>in</strong></span> <span class='ocrx_word' id='word_1_449' title='bbox 3245 2744 3310 2785; x_wconf 90' lang='lat' dir='ltr'><strong>eo</strong></span> <span class='ocrx_word' id='word_1_450' title='bbox 3340 2743 3526 2783; x_wconf 89' lang='lat' dir='ltr'><strong>verum</strong></span> <span class='ocrx_word' id='word_1_451' title='bbox 3557 2740 3675 2783; x_wconf 88' lang='lat' dir='ltr'><strong>cre-</strong></span> 
     </span>
    </p>
   </div>
   <div class='ocr_carea' id='block_1_57' title="bbox 2093 2820 3675 2897">
    <p class='ocr_par' dir='ltr' id='par_1_57' title="bbox 2093 2820 3675 2897">
     <span class='ocr_line' id='line_1_57' title="bbox 2093 2820 3675 2897; baseline -0.005 -15"><span class='ocrx_word' id='word_1_452' title='bbox 2093 2827 2246 2893; x_wconf 88' lang='lat' dir='ltr'><strong>dant,</strong></span> <span class='ocrx_word' id='word_1_453' title='bbox 2288 2826 2541 2897; x_wconf 24' lang='lat' dir='ltr'><strong>eovquod</strong></span> <span class='ocrx_word' id='word_1_454' title='bbox 2582 2833 2813 2881; x_wconf 89' lang='lat' dir='ltr'><strong>mortem</strong></span> <span class='ocrx_word' id='word_1_455' title='bbox 2864 2823 2981 2894; x_wconf 87' lang='lat' dir='ltr'><strong>ejus</strong></span> <span class='ocrx_word' id='word_1_456' title='bbox 3030 2831 3347 2878; x_wconf 70' lang='lat' dir='ltr'><strong>czeterorum</strong></span> <span class='ocrx_word' id='word_1_457' title='bbox 3395 2820 3675 2876; x_wconf 88' lang='lat' dir='ltr'><strong>hominum</strong></span> 
     </span>
    </p>
   </div>
   <div class='ocr_carea' id='block_1_58' title="bbox 2092 2913 3675 2979">
    <p class='ocr_par' dir='ltr' id='par_1_58' title="bbox 2092 2913 3675 2979">
     <span class='ocr_line' id='line_1_58' title="bbox 2092 2913 3675 2979; baseline -0.004 -6"><span class='ocrx_word' id='word_1_458' title='bbox 2092 2918 2360 2974; x_wconf 88' lang='lat' dir='ltr'><strong>mortibus</strong></span> <span class='ocrx_word' id='word_1_459' title='bbox 2386 2917 2616 2973; x_wconf 88' lang='lat' dir='ltr'><strong>similem</strong></span> <span class='ocrx_word' id='word_1_460' title='bbox 2639 2917 2840 2976; x_wconf 87' lang='lat' dir='ltr'><strong>dicant,</strong></span> <span class='ocrx_word' id='word_1_461' title='bbox 2873 2916 2978 2970; x_wconf 91' lang='lat' dir='ltr'><strong>hoc</strong></span> <span class='ocrx_word' id='word_1_462' title='bbox 3008 2924 3110 2979; x_wconf 90' lang='lat' dir='ltr'><strong>est,</strong></span> <span class='ocrx_word' id='word_1_463' title='bbox 3137 2930 3202 2969; x_wconf 80' lang='lat' dir='ltr'><strong>ex</strong></span> <span class='ocrx_word' id='word_1_464' title='bbox 3231 2913 3553 2968; x_wconf 84' lang='lat' dir='ltr'><strong>necessitate</strong></span> <span class='ocrx_word' id='word_1_465' title='bbox 3577 2927 3675 2967; x_wconf 81' lang='lat' dir='ltr'><strong>na-</strong></span> 
     </span>
    </p>
   </div>
   <div class='ocr_carea' id='block_1_59' title="bbox 2094 3004 3675 3075">
    <p class='ocr_par' dir='ltr' id='par_1_59' title="bbox 2094 3004 3675 3075">
     <span class='ocr_line' id='line_1_59' title="bbox 2094 3004 3675 3075; baseline -0.004 -10"><span class='ocrx_word' id='word_1_466' title='bbox 2094 3018 2251 3075; x_wconf 70' lang='lat' dir='ltr'><strong>torte,</strong></span> <span class='ocrx_word' id='word_1_467' title='bbox 2288 3025 2395 3065; x_wconf 86' lang='lat' dir='ltr'><strong>non</strong></span> <span class='ocrx_word' id='word_1_468' title='bbox 2434 3023 2503 3063; x_wconf 76' lang='lat' dir='ltr'><strong>ex</strong></span> <span class='ocrx_word' id='word_1_469' title='bbox 2541 3008 2818 3063; x_wconf 87' lang='lat' dir='ltr'><strong>voluntate</strong></span> <span class='ocrx_word' id='word_1_470' title='bbox 2857 3005 3258 3061; x_wconf 69' lang='lat' dir='ltr'><strong>misericordiae.</strong></span> <span class='ocrx_word' id='word_1_471' title='bbox 3306 3004 3534 3074; x_wconf 85' lang='lat' dir='ltr'><strong>Propter</strong></span> <span class='ocrx_word' id='word_1_472' title='bbox 3571 3005 3675 3059; x_wconf 91' lang='lat' dir='ltr'><strong>hoc</strong></span> 
     </span>
    </p>
   </div>
   <div class='ocr_carea' id='block_1_60' title="bbox 403 3095 3675 3175">
    <p class='ocr_par' dir='ltr' id='par_1_60' title="bbox 403 3095 3675 3175">
     <span class='ocr_line' id='line_1_60' title="bbox 403 3095 3675 3175; baseline -0.004 -14"><span class='ocrx_word' id='word_1_473' title='bbox 403 3099 551 3156; x_wconf 74' lang='lat' dir='ltr'><strong>Asia:</strong></span> <span class='ocrx_word' id='word_1_474' title='bbox 572 3098 710 3168; x_wconf 83' lang='lat' dir='ltr'><strong>apud</strong></span> <span class='ocrx_word' id='word_1_475' title='bbox 734 3097 1145 3169; x_wconf 80' lang='lat' dir='ltr'><strong>Smyrnensium</strong></span> <span class='ocrx_word' id='word_1_476' title='bbox 1173 3095 1470 3152; x_wconf 83' lang='lat' dir='ltr'><strong>Ecclesiam</strong></span> <span class='ocrx_word' id='word_1_477' title='bbox 1500 3097 1800 3167; x_wconf 73' lang='lat' dir='ltr'><strong>episcopus,</strong></span> <span class='ocrx_word' id='word_1_478' title='bbox 1828 3111 1988 3167; x_wconf 82' lang='lat' dir='ltr'><strong>quem</strong></span> <span class='ocrx_word' id='word_1_479' title='bbox 2017 3112 2061 3175; x_wconf 76' lang='grc' dir='ltr'><strong>ρ</strong></span> <span class='ocrx_word' id='word_1_480' title='bbox 2093 3100 2419 3156; x_wconf 84' lang='lat' dir='ltr'><strong>maledicere</strong></span> <span class='ocrx_word' id='word_1_481' title='bbox 2445 3115 2539 3155; x_wconf 89' lang='lat' dir='ltr'><strong>eos</strong></span> <span class='ocrx_word' id='word_1_482' title='bbox 2565 3099 2853 3153; x_wconf 89' lang='lat' dir='ltr'><strong>Dominum</strong></span> <span class='ocrx_word' id='word_1_483' title='bbox 2881 3105 2935 3153; x_wconf 90' lang='lat' dir='ltr'><strong>ct</strong></span> <span class='ocrx_word' id='word_1_484' title='bbox 2960 3113 3155 3166; x_wconf 86' lang='lat' dir='ltr'><strong>corpus</strong></span> <span class='ocrx_word' id='word_1_485' title='bbox 3180 3097 3296 3168; x_wconf 85' lang='lat' dir='ltr'><strong>ejus</strong></span> <span class='ocrx_word' id='word_1_486' title='bbox 3333 3097 3386 3151; x_wconf 89' lang='lat' dir='ltr'><strong>in</strong></span> <span class='ocrx_word' id='word_1_487' title='bbox 3423 3096 3675 3150; x_wconf 88' lang='lat' dir='ltr'><strong>omnibus</strong></span> 
     </span>
    </p>
   </div>
   <div class='ocr_carea' id='block_1_61' title="bbox 400 3185 1991 3258">
    <p class='ocr_par' dir='ltr' id='par_1_61' title="bbox 400 3185 1991 3258">
     <span class='ocr_line' id='line_1_61' title="bbox 400 3185 1991 3258; baseline -0.002 -14"><span class='ocrx_word' id='word_1_488' title='bbox 400 3199 463 3244; x_wconf 85' lang='lat' dir='ltr'><strong>et</strong></span> <span class='ocrx_word' id='word_1_489' title='bbox 500 3202 598 3243; x_wconf 85' lang='lat' dir='ltr'><strong>nos</strong></span> <span class='ocrx_word' id='word_1_490' title='bbox 625 3188 857 3247; x_wconf 81' lang='lat' dir='ltr'><strong>vidimus</strong></span> <span class='ocrx_word' id='word_1_491' title='bbox 894 3189 950 3243; x_wconf 92' lang='lat' dir='ltr'><strong>in</strong></span> <span class='ocrx_word' id='word_1_492' title='bbox 984 3193 1160 3258; x_wconf 86' lang='lat' dir='ltr'><strong>prima</strong></span> <span class='ocrx_word' id='word_1_493' title='bbox 1202 3195 1385 3241; x_wconf 90' lang='lat' dir='ltr'><strong>nostra</strong></span> <span class='ocrx_word' id='word_1_494' title='bbox 1428 3194 1589 3241; x_wconf 71' lang='lat' dir='ltr'><strong>aztate</strong></span> <span class='ocrx_word' id='word_1_495' title='bbox 1632 3185 1746 3257; x_wconf 90' lang='lat' dir='ltr'><strong>(diu</strong></span> <span class='ocrx_word' id='word_1_496' title='bbox 1791 3188 1991 3241; x_wconf 90' lang='lat' dir='ltr'><strong>etenim</strong></span> 
     </span>
    </p>
   </div>
   <div class='ocr_carea' id='block_1_62' title="bbox 404 3276 1994 3349">
    <p class='ocr_par' dir='ltr' id='par_1_62' title="bbox 404 3276 1994 3349">
     <span class='ocr_line' id='line_1_62' title="bbox 404 3276 1994 3349; baseline -0.001 -16"><span class='ocrx_word' id='word_1_497' title='bbox 404 3279 624 3345; x_wconf 85' lang='lat' dir='ltr'><strong>mansit,</strong></span> <span class='ocrx_word' id='word_1_498' title='bbox 652 3287 706 3333; x_wconf 90' lang='lat' dir='ltr'><strong>et</strong></span> <span class='ocrx_word' id='word_1_499' title='bbox 735 3278 888 3334; x_wconf 87' lang='lat' dir='ltr'><strong>valde</strong></span> <span class='ocrx_word' id='word_1_500' title='bbox 915 3286 1192 3334; x_wconf 88' lang='lat' dir='ltr'><strong>senectute</strong></span> <span class='ocrx_word' id='word_1_501' title='bbox 1218 3293 1330 3347; x_wconf 76' lang='lat' dir='ltr'><strong>pra:</strong></span> <span class='ocrx_word' id='word_1_502' title='bbox 1358 3277 1568 3333; x_wconf 68' lang='lat' dir='ltr'><strong>caneris</strong></span> <span class='ocrx_word' id='word_1_503' title='bbox 1588 3276 1859 3349; x_wconf 69' lang='lat' dir='ltr'><strong>longmvus</strong></span> <span class='ocrx_word' id='word_1_504' title='bbox 1881 3277 1994 3348; x_wconf 89' lang='lat' dir='ltr'><strong>glo-</strong></span> 
     </span>
    </p>
   </div>
   <div class='ocr_carea' id='block_1_63' title="bbox 406 3369 1995 3442">
    <p class='ocr_par' dir='ltr' id='par_1_63' title="bbox 406 3369 1995 3442">
     <span class='ocr_line' id='line_1_63' title="bbox 406 3369 1995 3442; baseline 0.001 -17"><span class='ocrx_word' id='word_1_505' title='bbox 406 3371 553 3427; x_wconf 87' lang='lat' dir='ltr'><strong>riose</strong></span> <span class='ocrx_word' id='word_1_506' title='bbox 586 3379 641 3426; x_wconf 84' lang='lat' dir='ltr'><strong>ct</strong></span> <span class='ocrx_word' id='word_1_507' title='bbox 670 3370 971 3426; x_wconf 87' lang='lat' dir='ltr'><strong>luculenter</strong></span> <span class='ocrx_word' id='word_1_508' title='bbox 1008 3378 1233 3425; x_wconf 88' lang='lat' dir='ltr'><strong>testatus</strong></span> <span class='ocrx_word' id='word_1_509' title='bbox 1269 3370 1406 3424; x_wconf 90' lang='lat' dir='ltr'><strong>obiit</strong></span> <span class='ocrx_word' id='word_1_510' title='bbox 1438 3369 1605 3442; x_wconf 87' lang='lat' dir='ltr'><strong>vita),</strong></span> <span class='ocrx_word' id='word_1_511' title='bbox 1651 3370 1767 3426; x_wconf 65' lang='lat' dir='ltr'><strong>haec</strong></span> <span class='ocrx_word' id='word_1_512' title='bbox 1812 3371 1995 3427; x_wconf 87' lang='lat' dir='ltr'><strong>docuit</strong></span> 
     </span>
    </p>
   </div>
   <div class='ocr_carea' id='block_1_64' title="bbox 403 3459 1992 3532">
    <p class='ocr_par' dir='ltr' id='par_1_64' title="bbox 403 3459 1992 3532">
     <span class='ocr_line' id='line_1_64' title="bbox 403 3459 1992 3532; baseline 0.002 -17"><span class='ocrx_word' id='word_1_513' title='bbox 403 3476 624 3531; x_wconf 82' lang='lat' dir='ltr'><strong>semper</strong></span> <span class='ocrx_word' id='word_1_514' title='bbox 661 3476 781 3531; x_wconf 63' lang='lat' dir='ltr'><strong>quae</strong></span> <span class='ocrx_word' id='word_1_515' title='bbox 822 3461 887 3515; x_wconf 82' lang='lat' dir='ltr'><strong>ab</strong></span> <span class='ocrx_word' id='word_1_516' title='bbox 919 3460 1182 3531; x_wconf 49' lang='lat' dir='ltr'><strong>apostolis.</strong></span> <span class='ocrx_word' id='word_1_517' title='bbox 1223 3459 1429 3526; x_wconf 84' lang='lat' dir='ltr'><strong>didicit,</strong></span> <span class='ocrx_word' id='word_1_518' title='bbox 1479 3477 1601 3532; x_wconf 64' lang='lat' dir='ltr'><strong>quae</strong></span> <span class='ocrx_word' id='word_1_519' title='bbox 1645 3468 1700 3517; x_wconf 90' lang='lat' dir='ltr'><strong>et</strong></span> <span class='ocrx_word' id='word_1_520' title='bbox 1738 3462 1992 3518; x_wconf 63' lang='lat' dir='ltr'><strong>Ecclesiae</strong></span> 
     </span>
    </p>
   </div>
   <div class='ocr_carea' id='block_1_65' title="bbox 402 3550 1992 3623">
    <p class='ocr_par' dir='ltr' id='par_1_65' title="bbox 402 3550 1992 3623">
     <span class='ocr_line' id='line_1_65' title="bbox 402 3550 1992 3623; baseline 0.003 -18"><span class='ocrx_word' id='word_1_521' title='bbox 402 3550 648 3617; x_wconf 84' lang='lat' dir='ltr'><strong>tradidit,</strong></span> <span class='ocrx_word' id='word_1_522' title='bbox 678 3568 798 3623; x_wconf 68' lang='lat' dir='ltr'><strong>qua:</strong></span> <span class='ocrx_word' id='word_1_523' title='bbox 823 3562 879 3606; x_wconf 87' lang='lat' dir='ltr'><strong>et</strong></span> <span class='ocrx_word' id='word_1_524' title='bbox 905 3551 1015 3609; x_wconf 85' lang='lat' dir='ltr'><strong>sola</strong></span> <span class='ocrx_word' id='word_1_525' title='bbox 1045 3558 1171 3606; x_wconf 85' lang='lat' dir='ltr'><strong>sunt</strong></span> <span class='ocrx_word' id='word_1_526' title='bbox 1190 3567 1357 3617; x_wconf 87' lang='lat' dir='ltr'><strong>vera;</strong></span> <span class='ocrx_word' id='word_1_527' title='bbox 1383 3560 1438 3607; x_wconf 92' lang='lat' dir='ltr'><strong>et</strong></span> <span class='ocrx_word' id='word_1_528' title='bbox 1461 3553 1699 3623; x_wconf 87' lang='lat' dir='ltr'><strong>suntqui</strong></span> <span class='ocrx_word' id='word_1_529' title='bbox 1722 3553 1992 3610; x_wconf 87' lang='lat' dir='ltr'><strong>audierint</strong></span> 
     </span>
    </p>
   </div>
   <div class='ocr_carea' id='block_1_66' title="bbox 398 3638 1991 3714">
    <p class='ocr_par' dir='ltr' id='par_1_66' title="bbox 398 3638 1991 3714">
     <span class='ocr_line' id='line_1_66' title="bbox 398 3638 1991 3714; baseline 0 -15"><span class='ocrx_word' id='word_1_530' title='bbox 398 3659 532 3699; x_wconf 84' lang='lat' dir='ltr'><strong>eum</strong></span> <span class='ocrx_word' id='word_1_531' title='bbox 569 3645 712 3713; x_wconf 88' lang='lat' dir='ltr'><strong>quod</strong></span> <span class='ocrx_word' id='word_1_532' title='bbox 748 3641 984 3699; x_wconf 79' lang='lat' dir='ltr'><strong>Joannes</strong></span> <span class='ocrx_word' id='word_1_533' title='bbox 1024 3642 1235 3696; x_wconf 85' lang='lat' dir='ltr'><strong>Domini</strong></span> <span class='ocrx_word' id='word_1_534' title='bbox 1282 3642 1575 3713; x_wconf 82' lang='lat' dir='ltr'><strong>discipulus</strong></span> <span class='ocrx_word' id='word_1_535' title='bbox 1615 3638 1683 3699; x_wconf 84' lang='lat' dir='ltr'><strong>ad</strong></span> <span class='ocrx_word' id='word_1_536' title='bbox 1720 3644 1991 3714; x_wconf 85' lang='lat' dir='ltr'><strong>Ephesum</strong></span> 
     </span>
    </p>
   </div>
   <div class='ocr_carea' id='block_1_67' title="bbox 406 3732 1993 3803">
    <p class='ocr_par' dir='ltr' id='par_1_67' title="bbox 406 3732 1993 3803">
     <span class='ocr_line' id='line_1_67' title="bbox 406 3732 1993 3803; baseline 0.003 -16"><span class='ocrx_word' id='word_1_537' title='bbox 406 3733 538 3787; x_wconf 84' lang='lat' dir='ltr'><strong>dum</strong></span> <span class='ocrx_word' id='word_1_538' title='bbox 566 3742 817 3803; x_wconf 71' lang='lat' dir='ltr'><strong>pergeret</strong></span> <span class='ocrx_word' id='word_1_539' title='bbox 842 3733 1102 3799; x_wconf 85' lang='lat' dir='ltr'><strong>lavatum,</strong></span> <span class='ocrx_word' id='word_1_540' title='bbox 1129 3741 1190 3787; x_wconf 90' lang='lat' dir='ltr'><strong>ut</strong></span> <span class='ocrx_word' id='word_1_541' title='bbox 1216 3732 1348 3787; x_wconf 89' lang='lat' dir='ltr'><strong>vidit</strong></span> <span class='ocrx_word' id='word_1_542' title='bbox 1379 3735 1524 3788; x_wconf 90' lang='lat' dir='ltr'><strong>intus</strong></span> <span class='ocrx_word' id='word_1_543' title='bbox 1542 3733 1879 3801; x_wconf 83' lang='lat' dir='ltr'><strong>Corinthum,</strong></span> <span class='ocrx_word' id='word_1_544' title='bbox 1903 3751 1993 3791; x_wconf 76' lang='lat' dir='ltr'><strong>ex-</strong></span> 
     </span>
    </p>
   </div>
   <div class='ocr_carea' id='block_1_68' title="bbox 406 3823 1993 3893">
    <p class='ocr_par' dir='ltr' id='par_1_68' title="bbox 406 3823 1993 3893">
     <span class='ocr_line' id='line_1_68' title="bbox 406 3823 1993 3893; baseline 0 -15"><span class='ocrx_word' id='word_1_545' title='bbox 406 3825 579 3879; x_wconf 85' lang='lat' dir='ltr'><strong>silivit</strong></span> <span class='ocrx_word' id='word_1_546' title='bbox 599 3840 629 3879; x_wconf 89' lang='lat' dir='ltr'><strong>a</strong></span> <span class='ocrx_word' id='word_1_547' title='bbox 649 3824 839 3879; x_wconf 84' lang='lat' dir='ltr'><strong>balneo</strong></span> <span class='ocrx_word' id='word_1_548' title='bbox 872 3840 977 3879; x_wconf 90' lang='lat' dir='ltr'><strong>non</strong></span> <span class='ocrx_word' id='word_1_549' title='bbox 1005 3823 1165 3890; x_wconf 91' lang='lat' dir='ltr'><strong>lotus,</strong></span> <span class='ocrx_word' id='word_1_550' title='bbox 1195 3823 1380 3878; x_wconf 89' lang='lat' dir='ltr'><strong>dicens</strong></span> <span class='ocrx_word' id='word_1_551' title='bbox 1406 3823 1531 3893; x_wconf 90' lang='lat' dir='ltr'><strong>quia</strong></span> <span class='ocrx_word' id='word_1_552' title='bbox 1556 3824 1769 3879; x_wconf 88' lang='lat' dir='ltr'><strong>timeret</strong></span> <span class='ocrx_word' id='word_1_553' title='bbox 1793 3839 1861 3879; x_wconf 91' lang='lat' dir='ltr'><strong>ne</strong></span> <span class='ocrx_word' id='word_1_554' title='bbox 1884 3824 1993 3878; x_wconf 89' lang='lat' dir='ltr'><strong>bal-</strong></span> 
     </span>
    </p>
   </div>
   <div class='ocr_carea' id='block_1_69' title="bbox 409 3913 1988 3984">
    <p class='ocr_par' dir='ltr' id='par_1_69' title="bbox 409 3913 1988 3984">
     <span class='ocr_line' id='line_1_69' title="bbox 409 3913 1988 3984; baseline 0.001 -17"><span class='ocrx_word' id='word_1_555' title='bbox 409 3930 571 3968; x_wconf 87' lang='lat' dir='ltr'><strong>neum</strong></span> <span class='ocrx_word' id='word_1_556' title='bbox 606 3919 905 3979; x_wconf 79' lang='lat' dir='ltr'><strong>corrueret,</strong></span> <span class='ocrx_word' id='word_1_557' title='bbox 934 3914 1111 3984; x_wconf 90' lang='lat' dir='ltr'><strong>posito</strong></span> <span class='ocrx_word' id='word_1_558' title='bbox 1137 3914 1286 3968; x_wconf 83' lang='lat' dir='ltr'><strong>intus</strong></span> <span class='ocrx_word' id='word_1_559' title='bbox 1315 3913 1570 3968; x_wconf 89' lang='lat' dir='ltr'><strong>Cerintho</strong></span> <span class='ocrx_word' id='word_1_560' title='bbox 1609 3914 1855 3969; x_wconf 89' lang='lat' dir='ltr'><strong>veritatis</strong></span> <span class='ocrx_word' id='word_1_561' title='bbox 1882 3916 1988 3969; x_wconf 90' lang='lat' dir='ltr'><strong>ini-</strong></span> 
     </span>
    </p>
   </div>
   <div class='ocr_carea' id='block_1_70' title="bbox 408 4002 1991 4075">
    <p class='ocr_par' dir='ltr' id='par_1_70' title="bbox 408 4002 1991 4075">
     <span class='ocr_line' id='line_1_70' title="bbox 408 4002 1991 4075; baseline 0.001 -18"><span class='ocrx_word' id='word_1_562' title='bbox 408 4004 573 4059; x_wconf 80' lang='lat' dir='ltr'><strong>mico.</strong></span> <span class='ocrx_word' id='word_1_563' title='bbox 610 4004 677 4059; x_wconf 85' lang='lat' dir='ltr'><strong>Et</strong></span> <span class='ocrx_word' id='word_1_564' title='bbox 703 4004 816 4075; x_wconf 87' lang='lat' dir='ltr'><strong>ipse</strong></span> <span class='ocrx_word' id='word_1_565' title='bbox 834 4019 963 4059; x_wconf 85' lang='lat' dir='ltr'><strong>vero</strong></span> <span class='ocrx_word' id='word_1_566' title='bbox 995 4003 1323 4074; x_wconf 80' lang='lat' dir='ltr'><strong>Polycarpus</strong></span> <span class='ocrx_word' id='word_1_567' title='bbox 1349 4002 1606 4057; x_wconf 65' lang='grc' dir='ltr'><strong>Μαι-οἱοηί</strong></span> <span class='ocrx_word' id='word_1_568' title='bbox 1631 4005 1898 4073; x_wconf 87' lang='lat' dir='ltr'><strong>quondam</strong></span> <span class='ocrx_word' id='word_1_569' title='bbox 1937 4005 1991 4059; x_wconf 91' lang='lat' dir='ltr'><strong>in</strong></span> 
     </span>
    </p>
   </div>
   <div class='ocr_carea' id='block_1_71' title="bbox 408 4092 1993 4165">
    <p class='ocr_par' dir='ltr' id='par_1_71' title="bbox 408 4092 1993 4165">
     <span class='ocr_line' id='line_1_71' title="bbox 408 4092 1993 4165; baseline 0.004 -19"><span class='ocrx_word' id='word_1_570' title='bbox 408 4092 603 4149; x_wconf 80' lang='lat' dir='ltr'><strong>faciem</strong></span> <span class='ocrx_word' id='word_1_571' title='bbox 642 4094 746 4165; x_wconf 88' lang='lat' dir='ltr'><strong>ipsi</strong></span> <span class='ocrx_word' id='word_1_572' title='bbox 776 4094 1009 4151; x_wconf 87' lang='lat' dir='ltr'><strong>venienti</strong></span> <span class='ocrx_word' id='word_1_573' title='bbox 1039 4103 1094 4153; x_wconf 91' lang='lat' dir='ltr'><strong>et</strong></span> <span class='ocrx_word' id='word_1_574' title='bbox 1132 4093 1355 4160; x_wconf 88' lang='lat' dir='ltr'><strong>dicenti,</strong></span> <span class='ocrx_word' id='word_1_575' title='bbox 1384 4092 1660 4163; x_wconf 80' lang='lat' dir='ltr'><strong>Cognosce</strong></span> <span class='ocrx_word' id='word_1_576' title='bbox 1688 4108 1804 4158; x_wconf 91' lang='lat' dir='ltr'><strong>nos,</strong></span> <span class='ocrx_word' id='word_1_577' title='bbox 1834 4096 1883 4151; x_wconf 89' lang='lat' dir='ltr'><strong>ei</strong></span> <span class='ocrx_word' id='word_1_578' title='bbox 1907 4113 1993 4152; x_wconf 92' lang='lat' dir='ltr'><strong>re-</strong></span> 
     </span>
    </p>
   </div>
   <div class='ocr_carea' id='block_1_72' title="bbox 407 4182 1986 4257">
    <p class='ocr_par' dir='ltr' id='par_1_72' title="bbox 407 4182 1986 4257">
     <span class='ocr_line' id='line_1_72' title="bbox 407 4182 1986 4257; baseline 0.003 -17"><span class='ocrx_word' id='word_1_579' title='bbox 407 4186 647 4254; x_wconf 79' lang='lat' dir='ltr'><strong>spondit,</strong></span> <span class='ocrx_word' id='word_1_580' title='bbox 699 4185 1012 4257; x_wconf 81' lang='lat' dir='ltr'><strong>Cognosco,</strong></span> <span class='ocrx_word' id='word_1_581' title='bbox 1065 4201 1329 4257; x_wconf 76' lang='lat' dir='ltr'><strong>cognosco</strong></span> <span class='ocrx_word' id='word_1_582' title='bbox 1369 4182 1702 4256; x_wconf 88' lang='lat' dir='ltr'><strong>primitivum</strong></span> <span class='ocrx_word' id='word_1_583' title='bbox 1753 4186 1986 4245; x_wconf 66' lang='lat' dir='ltr'><strong>Satanm.</strong></span> 
     </span>
    </p>
   </div>
   <div class='ocr_carea' id='block_1_73' title="bbox 411 4275 1989 4349">
    <p class='ocr_par' dir='ltr' id='par_1_73' title="bbox 411 4275 1989 4349">
     <span class='ocr_line' id='line_1_73' title="bbox 411 4275 1989 4349; baseline 0.005 -22"><span class='ocrx_word' id='word_1_584' title='bbox 411 4275 646 4330; x_wconf 82' lang='lat' dir='ltr'><strong>Tantum</strong></span> <span class='ocrx_word' id='word_1_585' title='bbox 680 4276 904 4346; x_wconf 87' lang='lat' dir='ltr'><strong>apostoli</strong></span> <span class='ocrx_word' id='word_1_586' title='bbox 945 4284 1000 4331; x_wconf 89' lang='lat' dir='ltr'><strong>et</strong></span> <span class='ocrx_word' id='word_1_587' title='bbox 1039 4275 1285 4349; x_wconf 90' lang='lat' dir='ltr'><strong>discipuli</strong></span> <span class='ocrx_word' id='word_1_588' title='bbox 1324 4291 1512 4331; x_wconf 88' lang='lat' dir='ltr'><strong>eorum</strong></span> <span class='ocrx_word' id='word_1_589' title='bbox 1553 4276 1794 4332; x_wconf 89' lang='lat' dir='ltr'><strong>habuere</strong></span> <span class='ocrx_word' id='word_1_590' title='bbox 1833 4294 1989 4336; x_wconf 87' lang='lat' dir='ltr'><strong>reve-</strong></span> 
     </span>
    </p>
   </div>
   <div class='ocr_carea' id='block_1_74' title="bbox 413 4365 1989 4437">
    <p class='ocr_par' dir='ltr' id='par_1_74' title="bbox 413 4365 1989 4437">
     <span class='ocr_line' id='line_1_74' title="bbox 413 4365 1989 4437; baseline 0.003 -18"><span class='ocrx_word' id='word_1_591' title='bbox 413 4367 665 4433; x_wconf 85' lang='lat' dir='ltr'><strong>rentiam,</strong></span> <span class='ocrx_word' id='word_1_592' title='bbox 707 4377 768 4422; x_wconf 94' lang='lat' dir='ltr'><strong>ut</strong></span> <span class='ocrx_word' id='word_1_593' title='bbox 814 4383 883 4422; x_wconf 89' lang='lat' dir='ltr'><strong>ne</strong></span> <span class='ocrx_word' id='word_1_594' title='bbox 923 4367 1090 4422; x_wconf 88' lang='lat' dir='ltr'><strong>verbo</strong></span> <span class='ocrx_word' id='word_1_595' title='bbox 1120 4365 1334 4437; x_wconf 91' lang='lat' dir='ltr'><strong>quidem</strong></span> <span class='ocrx_word' id='word_1_596' title='bbox 1375 4366 1836 4422; x_wconf 87' lang='lat' dir='ltr'><strong>communicarent</strong></span> <span class='ocrx_word' id='word_1_597' title='bbox 1875 4370 1989 4423; x_wconf 83' lang='lat' dir='ltr'><strong>cui-</strong></span> 
     </span>
    </p>
   </div>
   <div class='ocr_carea' id='block_1_75' title="bbox 2093 3189 3674 3259">
    <p class='ocr_par' dir='ltr' id='par_1_75' title="bbox 2093 3189 3674 3259">
     <span class='ocr_line' id='line_1_75' title="bbox 2093 3189 3674 3259; baseline -0.004 -12"><span class='ocrx_word' id='word_1_598' title='bbox 2093 3191 2428 3247; x_wconf 89' lang='lat' dir='ltr'><strong>orationibus</strong></span> <span class='ocrx_word' id='word_1_599' title='bbox 2455 3191 2591 3255; x_wconf 90' lang='lat' dir='ltr'><strong>suis,</strong></span> <span class='ocrx_word' id='word_1_600' title='bbox 2618 3190 2760 3246; x_wconf 90' lang='lat' dir='ltr'><strong>sicut</strong></span> <span class='ocrx_word' id='word_1_601' title='bbox 2782 3199 2836 3244; x_wconf 90' lang='lat' dir='ltr'><strong>et</strong></span> <span class='ocrx_word' id='word_1_602' title='bbox 2868 3196 2993 3243; x_wconf 87' lang='lat' dir='ltr'><strong>ante</strong></span> <span class='ocrx_word' id='word_1_603' title='bbox 3026 3189 3402 3259; x_wconf 89' lang='lat' dir='ltr'><strong>prophetatum</strong></span> <span class='ocrx_word' id='word_1_604' title='bbox 3433 3194 3515 3242; x_wconf 89' lang='lat' dir='ltr'><strong>est</strong></span> <span class='ocrx_word' id='word_1_605' title='bbox 3544 3200 3674 3241; x_wconf 89' lang='lat' dir='ltr'><strong>voce</strong></span> 
     </span>
    </p>
   </div>
   <div class='ocr_carea' id='block_1_76' title="bbox 2092 3275 3675 3342">
    <p class='ocr_par' dir='ltr' id='par_1_76' title="bbox 2092 3275 3675 3342">
     <span class='ocr_line' id='line_1_76' title="bbox 2092 3275 3675 3342; baseline -0.004 -6"><span class='ocrx_word' id='word_1_606' title='bbox 2092 3281 2305 3336; x_wconf 86' lang='lat' dir='ltr'><strong>Domini</strong></span> <span class='ocrx_word' id='word_1_607' title='bbox 2349 3281 2576 3338; x_wconf 89' lang='lat' dir='ltr'><strong>dicentis</strong></span> <span class='ocrx_word' id='word_1_608' title='bbox 2614 3280 2681 3336; x_wconf 87' lang='lat' dir='ltr'><strong>ad</strong></span> <span class='ocrx_word' id='word_1_609' title='bbox 2722 3280 2980 3335; x_wconf 88' lang='lat' dir='ltr'><strong>Patrem:</strong></span> <span class='ocrx_word' id='word_1_610' title='bbox 3017 3277 3331 3332; x_wconf 76' lang='lat' dir='ltr'><strong>Maledicent</strong></span> <span class='ocrx_word' id='word_1_611' title='bbox 3378 3275 3480 3342; x_wconf 83' lang='lat' dir='ltr'><strong>illi,</strong></span> <span class='ocrx_word' id='word_1_612' title='bbox 3528 3286 3574 3330; x_wconf 82' lang='lat' dir='ltr'><strong>et</strong></span> <span class='ocrx_word' id='word_1_613' title='bbox 3617 3285 3675 3330; x_wconf 72' lang='grc' dir='ltr'><strong>ια</strong></span> 
     </span>
    </p>
   </div>
   <div class='ocr_carea' id='block_1_77' title="bbox 2093 3370 3671 3446">
    <p class='ocr_par' dir='ltr' id='par_1_77' title="bbox 2093 3370 3671 3446">
     <span class='ocr_line' id='line_1_77' title="bbox 2093 3370 3671 3446; baseline -0.003 -18"><span class='ocrx_word' id='word_1_614' title='bbox 2093 3375 2378 3431; x_wconf 76' lang='lat' dir='ltr'><strong>benedices.</strong></span> <span class='ocrx_word' id='word_1_615' title='bbox 2431 3374 2488 3430; x_wconf 91' lang='lat' dir='ltr'><strong>Si</strong></span> <span class='ocrx_word' id='word_1_616' title='bbox 2531 3390 2660 3446; x_wconf 82' lang='lat' dir='ltr'><strong>ergo</strong></span> <span class='ocrx_word' id='word_1_617' title='bbox 2696 3376 2879 3430; x_wconf 89' lang='lat' dir='ltr'><strong>hostes</strong></span> <span class='ocrx_word' id='word_1_618' title='bbox 2915 3373 3196 3429; x_wconf 69' lang='lat' dir='ltr'><strong>catholica:</strong></span> <span class='ocrx_word' id='word_1_619' title='bbox 3231 3370 3354 3427; x_wconf 90' lang='lat' dir='ltr'><strong>ﬁdei</strong></span> <span class='ocrx_word' id='word_1_620' title='bbox 3389 3378 3671 3441; x_wconf 85' lang='lat' dir='ltr'><strong>pr0pterea</strong></span> 
     </span>
    </p>
   </div>
   <div class='ocr_carea' id='block_1_78' title="bbox 2091 3461 3675 3533">
    <p class='ocr_par' dir='ltr' id='par_1_78' title="bbox 2091 3461 3675 3533">
     <span class='ocr_line' id='line_1_78' title="bbox 2091 3461 3675 3533; baseline -0.004 -14"><span class='ocrx_word' id='word_1_621' title='bbox 2091 3465 2410 3521; x_wconf 76' lang='lat' dir='ltr'><strong>exsecrandi</strong></span> <span class='ocrx_word' id='word_1_622' title='bbox 2438 3472 2563 3520; x_wconf 90' lang='lat' dir='ltr'><strong>sunt</strong></span> <span class='ocrx_word' id='word_1_623' title='bbox 2586 3473 2638 3519; x_wconf 86' lang='lat' dir='ltr'><strong>et</strong></span> <span class='ocrx_word' id='word_1_624' title='bbox 2665 3463 2908 3527; x_wconf 87' lang='lat' dir='ltr'><strong>cavendi,</strong></span> <span class='ocrx_word' id='word_1_625' title='bbox 2938 3462 3065 3533; x_wconf 91' lang='lat' dir='ltr'><strong>quia</strong></span> <span class='ocrx_word' id='word_1_626' title='bbox 3094 3461 3298 3516; x_wconf 89' lang='lat' dir='ltr'><strong>inimici</strong></span> <span class='ocrx_word' id='word_1_627' title='bbox 3326 3470 3451 3516; x_wconf 89' lang='lat' dir='ltr'><strong>sunt</strong></span> <span class='ocrx_word' id='word_1_628' title='bbox 3477 3461 3675 3514; x_wconf 85' lang='lat' dir='ltr'><strong>verita-</strong></span> 
     </span>
    </p>
   </div>
   <div class='ocr_carea' id='block_1_79' title="bbox 2094 3552 3673 3630">
    <p class='ocr_par' dir='ltr' id='par_1_79' title="bbox 2094 3552 3673 3630">
     <span class='ocr_line' id='line_1_79' title="bbox 2094 3552 3673 3630; baseline -0.004 -18"><span class='ocrx_word' id='word_1_629' title='bbox 2094 3558 2196 3626; x_wconf 86' lang='lat' dir='ltr'><strong>tis;</strong></span> <span class='ocrx_word' id='word_1_630' title='bbox 2223 3574 2386 3630; x_wconf 87' lang='lat' dir='ltr'><strong>super</strong></span> <span class='ocrx_word' id='word_1_631' title='bbox 2404 3573 2593 3614; x_wconf 87' lang='lat' dir='ltr'><strong>omnes</strong></span> <span class='ocrx_word' id='word_1_632' title='bbox 2614 3556 2874 3618; x_wconf 86' lang='lat' dir='ltr'><strong>inﬁdeles,</strong></span> <span class='ocrx_word' id='word_1_633' title='bbox 2906 3554 3234 3619; x_wconf 85' lang='lat' dir='ltr'><strong>incredulos,</strong></span> <span class='ocrx_word' id='word_1_634' title='bbox 3256 3553 3342 3608; x_wconf 89' lang='lat' dir='ltr'><strong>vel</strong></span> <span class='ocrx_word' id='word_1_635' title='bbox 3363 3552 3673 3617; x_wconf 84' lang='lat' dir='ltr'><strong>haereticos,</strong></span> 
     </span>
    </p>
   </div>
   <div class='ocr_carea' id='block_1_80' title="bbox 2092 3643 3674 3719">
    <p class='ocr_par' dir='ltr' id='par_1_80' title="bbox 2092 3643 3674 3719">
     <span class='ocr_line' id='line_1_80' title="bbox 2092 3643 3674 3719; baseline -0.005 -15"><span class='ocrx_word' id='word_1_636' title='bbox 2092 3649 2392 3705; x_wconf 83' lang='lat' dir='ltr'><strong>detestandi</strong></span> <span class='ocrx_word' id='word_1_637' title='bbox 2423 3656 2548 3705; x_wconf 87' lang='lat' dir='ltr'><strong>sunt</strong></span> <span class='ocrx_word' id='word_1_638' title='bbox 2575 3647 2745 3703; x_wconf 60' lang='lat' dir='ltr'><strong>Judaei</strong></span> <span class='ocrx_word' id='word_1_639' title='bbox 2764 3688 2779 3714; x_wconf 92' lang='lat'><strong>,</strong></span> <span class='ocrx_word' id='word_1_640' title='bbox 2809 3646 2936 3719; x_wconf 87' lang='lat' dir='ltr'><strong>quia</strong></span> <span class='ocrx_word' id='word_1_641' title='bbox 2965 3645 3164 3701; x_wconf 86' lang='lat' dir='ltr'><strong>nullum</strong></span> <span class='ocrx_word' id='word_1_642' title='bbox 3196 3659 3366 3714; x_wconf 84' lang='lat' dir='ltr'><strong>genus</strong></span> <span class='ocrx_word' id='word_1_643' title='bbox 3393 3643 3674 3698; x_wconf 89' lang='lat' dir='ltr'><strong>hominum</strong></span> 
     </span>
    </p>
   </div>
   <div class='ocr_carea' id='block_1_81' title="bbox 2092 3732 3676 3799">
    <p class='ocr_par' dir='ltr' id='par_1_81' title="bbox 2092 3732 3676 3799">
     <span class='ocr_line' id='line_1_81' title="bbox 2092 3732 3676 3799; baseline -0.005 -5"><span class='ocrx_word' id='word_1_644' title='bbox 2092 3741 2362 3794; x_wconf 89' lang='lat' dir='ltr'><strong>invenitur</strong></span> <span class='ocrx_word' id='word_1_645' title='bbox 2388 3740 2472 3795; x_wconf 90' lang='lat' dir='ltr'><strong>cui</strong></span> <span class='ocrx_word' id='word_1_646' title='bbox 2498 3740 2576 3794; x_wconf 89' lang='lat' dir='ltr'><strong>ita</strong></span> <span class='ocrx_word' id='word_1_647' title='bbox 2614 3738 2777 3794; x_wconf 89' lang='lat' dir='ltr'><strong>libeat</strong></span> <span class='ocrx_word' id='word_1_648' title='bbox 2808 3737 3129 3793; x_wconf 84' lang='lat' dir='ltr'><strong>maledicere</strong></span> <span class='ocrx_word' id='word_1_649' title='bbox 3163 3734 3469 3790; x_wconf 90' lang='lat' dir='ltr'><strong>Dominum.</strong></span> <span class='ocrx_word' id='word_1_650' title='bbox 3522 3732 3676 3799; x_wconf 76' lang='lat' dir='ltr'><strong>Quod</strong></span> 
     </span>
    </p>
   </div>
   <div class='ocr_carea' id='block_1_82' title="bbox 2093 3823 3671 3895">
    <p class='ocr_par' dir='ltr' id='par_1_82' title="bbox 2093 3823 3671 3895">
     <span class='ocr_line' id='line_1_82' title="bbox 2093 3823 3671 3895; baseline -0.004 -11"><span class='ocrx_word' id='word_1_651' title='bbox 2093 3832 2248 3886; x_wconf 90' lang='lat' dir='ltr'><strong>nobis</strong></span> <span class='ocrx_word' id='word_1_652' title='bbox 2271 3846 2378 3885; x_wconf 89' lang='lat' dir='ltr'><strong>non</strong></span> <span class='ocrx_word' id='word_1_653' title='bbox 2407 3830 2631 3884; x_wconf 87' lang='lat' dir='ltr'><strong>minime</strong></span> <span class='ocrx_word' id='word_1_654' title='bbox 2657 3838 2844 3883; x_wconf 90' lang='lat' dir='ltr'><strong>notum</strong></span> <span class='ocrx_word' id='word_1_655' title='bbox 2871 3835 2973 3892; x_wconf 91' lang='lat' dir='ltr'><strong>est,</strong></span> <span class='ocrx_word' id='word_1_656' title='bbox 2996 3826 3090 3895; x_wconf 90' lang='lat' dir='ltr'><strong>qui</strong></span> <span class='ocrx_word' id='word_1_657' title='bbox 3115 3823 3354 3894; x_wconf 89' lang='lat' dir='ltr'><strong>quoditie</strong></span> <span class='ocrx_word' id='word_1_658' title='bbox 3383 3836 3521 3891; x_wconf 88' lang='lat' dir='ltr'><strong>pene</strong></span> <span class='ocrx_word' id='word_1_659' title='bbox 3548 3840 3671 3878; x_wconf 90' lang='lat' dir='ltr'><strong>cum</strong></span> 
     </span>
    </p>
   </div>
   <div class='ocr_carea' id='block_1_83' title="bbox 2093 3914 3575 3989">
    <p class='ocr_par' dir='ltr' id='par_1_83' title="bbox 2093 3914 3575 3989">
     <span class='ocr_line' id='line_1_83' title="bbox 2093 3914 3575 3989; baseline -0.003 -15"><span class='ocrx_word' id='word_1_660' title='bbox 2093 3921 2175 3974; x_wconf 90' lang='lat' dir='ltr'><strong>eis</strong></span> <span class='ocrx_word' id='word_1_661' title='bbox 2200 3919 2498 3988; x_wconf 85' lang='lat' dir='ltr'><strong>loquentes,</strong></span> <span class='ocrx_word' id='word_1_662' title='bbox 2528 3918 2782 3989; x_wconf 84' lang='lat' dir='ltr'><strong>mysteria</strong></span> <span class='ocrx_word' id='word_1_663' title='bbox 2809 3917 3016 3971; x_wconf 83' lang='lat' dir='ltr'><strong>erroris</strong></span> <span class='ocrx_word' id='word_1_664' title='bbox 3040 3916 3280 3986; x_wconf 88' lang='lat' dir='ltr'><strong>ipsorum</strong></span> <span class='ocrx_word' id='word_1_665' title='bbox 3306 3914 3575 3970; x_wconf 88' lang='lat' dir='ltr'><strong>audimus.</strong></span> 
     </span>
    </p>
   </div>
   <div class='ocr_carea' id='block_1_84' title="bbox 2163 4007 3668 4079">
    <p class='ocr_par' dir='ltr' id='par_1_84' title="bbox 2163 4007 3668 4079">
     <span class='ocr_line' id='line_1_84' title="bbox 2163 4007 3668 4079; baseline -0.003 -15"><span class='ocrx_word' id='word_1_666' title='bbox 2163 4009 2231 4064; x_wconf 78' lang='grc' dir='ltr'>Χ.</span> <span class='ocrx_word' id='word_1_667' title='bbox 2271 4008 2469 4063; x_wconf 85' lang='lat' dir='ltr'><strong>Dicunt</strong></span> <span class='ocrx_word' id='word_1_668' title='bbox 2504 4009 2734 4079; x_wconf 89' lang='lat' dir='ltr'><strong>denique</strong></span> <span class='ocrx_word' id='word_1_669' title='bbox 2771 4007 2940 4063; x_wconf 91' lang='lat' dir='ltr'><strong>Deum</strong></span> <span class='ocrx_word' id='word_1_670' title='bbox 2984 4021 3139 4062; x_wconf 90' lang='lat' dir='ltr'><strong>suum</strong></span> <span class='ocrx_word' id='word_1_671' title='bbox 3177 4020 3298 4061; x_wconf 85' lang='lat' dir='ltr'><strong>esse</strong></span> <span class='ocrx_word' id='word_1_672' title='bbox 3327 4020 3668 4076; x_wconf 82' lang='lat' dir='ltr'><strong>corporeum,</strong></span> 
     </span>
    </p>
   </div>
   <div class='ocr_carea' id='block_1_85' title="bbox 2093 4098 3676 4172">
    <p class='ocr_par' dir='ltr' id='par_1_85' title="bbox 2093 4098 3676 4172">
     <span class='ocr_line' id='line_1_85' title="bbox 2093 4098 3676 4172; baseline -0.003 -15"><span class='ocrx_word' id='word_1_673' title='bbox 2093 4109 2151 4157; x_wconf 90' lang='lat' dir='ltr'><strong>et</strong></span> <span class='ocrx_word' id='word_1_674' title='bbox 2179 4100 2456 4172; x_wconf 86' lang='lat' dir='ltr'><strong>corporeis</strong></span> <span class='ocrx_word' id='word_1_675' title='bbox 2483 4100 2812 4156; x_wconf 88' lang='lat' dir='ltr'><strong>liniamentis</strong></span> <span class='ocrx_word' id='word_1_676' title='bbox 2838 4116 2936 4171; x_wconf 90' lang='lat' dir='ltr'><strong>per</strong></span> <span class='ocrx_word' id='word_1_677' title='bbox 2968 4104 3206 4155; x_wconf 88' lang='lat' dir='ltr'><strong>membra</strong></span> <span class='ocrx_word' id='word_1_678' title='bbox 3244 4098 3555 4155; x_wconf 86' lang='lat' dir='ltr'><strong>distinctum</strong></span> <span class='ocrx_word' id='word_1_679' title='bbox 3575 4138 3590 4163; x_wconf 95' lang='lat'><strong>,</strong></span> <span class='ocrx_word' id='word_1_680' title='bbox 3619 4105 3676 4153; x_wconf 85' lang='lat' dir='ltr'><strong>et</strong></span> 
     </span>
    </p>
   </div>
   <div class='ocr_carea' id='block_1_86' title="bbox 2093 4187 3670 4261">
    <p class='ocr_par' dir='ltr' id='par_1_86' title="bbox 2093 4187 3670 4261">
     <span class='ocr_line' id='line_1_86' title="bbox 2093 4187 3670 4261; baseline -0.001 -17"><span class='ocrx_word' id='word_1_681' title='bbox 2093 4189 2197 4244; x_wconf 90' lang='lat' dir='ltr'><strong>alia</strong></span> <span class='ocrx_word' id='word_1_682' title='bbox 2225 4189 2441 4260; x_wconf 92' lang='lat' dir='ltr'><strong>quidem</strong></span> <span class='ocrx_word' id='word_1_683' title='bbox 2467 4199 2623 4261; x_wconf 87' lang='lat' dir='ltr'><strong>parte</strong></span> <span class='ocrx_word' id='word_1_684' title='bbox 2650 4189 2800 4245; x_wconf 89' lang='lat' dir='ltr'><strong>illum</strong></span> <span class='ocrx_word' id='word_1_685' title='bbox 2841 4191 3030 4246; x_wconf 84' lang='lat' dir='ltr'><strong>audire</strong></span> <span class='ocrx_word' id='word_1_686' title='bbox 3067 4196 3127 4244; x_wconf 91' lang='lat' dir='ltr'><strong>ut</strong></span> <span class='ocrx_word' id='word_1_687' title='bbox 3158 4204 3280 4255; x_wconf 90' lang='lat' dir='ltr'><strong>nos,</strong></span> <span class='ocrx_word' id='word_1_688' title='bbox 3317 4187 3422 4242; x_wconf 87' lang='lat' dir='ltr'><strong>alia</strong></span> <span class='ocrx_word' id='word_1_689' title='bbox 3463 4187 3670 4250; x_wconf 83' lang='lat' dir='ltr'><strong>videre,</strong></span> 
     </span>
    </p>
   </div>
   <div class='ocr_carea' id='block_1_87' title="bbox 2094 4276 3675 4351">
    <p class='ocr_par' dir='ltr' id='par_1_87' title="bbox 2094 4276 3675 4351">
     <span class='ocr_line' id='line_1_87' title="bbox 2094 4276 3675 4351; baseline -0.002 -19"><span class='ocrx_word' id='word_1_690' title='bbox 2094 4279 2198 4334; x_wconf 87' lang='lat' dir='ltr'><strong>alia</strong></span> <span class='ocrx_word' id='word_1_691' title='bbox 2226 4294 2355 4334; x_wconf 89' lang='lat' dir='ltr'><strong>vero</strong></span> <span class='ocrx_word' id='word_1_692' title='bbox 2376 4277 2544 4350; x_wconf 91' lang='lat' dir='ltr'><strong>loqui,</strong></span> <span class='ocrx_word' id='word_1_693' title='bbox 2567 4278 2653 4334; x_wconf 90' lang='lat' dir='ltr'><strong>vel</strong></span> <span class='ocrx_word' id='word_1_694' title='bbox 2686 4279 2830 4334; x_wconf 91' lang='lat' dir='ltr'><strong>aliud</strong></span> <span class='ocrx_word' id='word_1_695' title='bbox 2858 4279 2987 4351; x_wconf 89' lang='lat' dir='ltr'><strong>quid</strong></span> <span class='ocrx_word' id='word_1_696' title='bbox 3012 4293 3212 4346; x_wconf 83' lang='lat' dir='ltr'><strong>agere;</strong></span> <span class='ocrx_word' id='word_1_697' title='bbox 3238 4292 3304 4332; x_wconf 87' lang='lat' dir='ltr'><strong>ac</strong></span> <span class='ocrx_word' id='word_1_698' title='bbox 3327 4291 3425 4346; x_wconf 89' lang='lat' dir='ltr'><strong>per</strong></span> <span class='ocrx_word' id='word_1_699' title='bbox 3447 4276 3551 4331; x_wconf 88' lang='lat' dir='ltr'><strong>hoc</strong></span> <span class='ocrx_word' id='word_1_700' title='bbox 3572 4276 3675 4330; x_wconf 82' lang='lat' dir='ltr'><strong>hu-</strong></span> 
     </span>
    </p>
   </div>
   <div class='ocr_carea' id='block_1_88' title="bbox 2094 4366 3685 4440">
    <p class='ocr_par' dir='ltr' id='par_1_88' title="bbox 2094 4366 3685 4440">
     <span class='ocr_line' id='line_1_88' title="bbox 2094 4366 3685 4440; baseline -0.002 -18"><span class='ocrx_word' id='word_1_701' title='bbox 2094 4385 2313 4424; x_wconf 90' lang='lat' dir='ltr'><strong>manum</strong></span> <span class='ocrx_word' id='word_1_702' title='bbox 2355 4384 2550 4438; x_wconf 88' lang='lat' dir='ltr'><strong>corpus</strong></span> <span class='ocrx_word' id='word_1_703' title='bbox 2596 4368 2664 4424; x_wconf 89' lang='lat' dir='ltr'><strong>ad</strong></span> <span class='ocrx_word' id='word_1_704' title='bbox 2708 4369 2997 4440; x_wconf 78' lang='lat' dir='ltr'><strong>imaginem</strong></span> <span class='ocrx_word' id='word_1_705' title='bbox 3041 4367 3137 4422; x_wconf 79' lang='lat' dir='ltr'><strong>Dei</strong></span> <span class='ocrx_word' id='word_1_706' title='bbox 3178 4366 3401 4430; x_wconf 79' lang='lat' dir='ltr'><strong>factum,</strong></span> <span class='ocrx_word' id='word_1_707' title='bbox 3446 4371 3685 4434; x_wconf 74' lang='lat' dir='ltr'><strong>excepto</strong></span> 
     </span>
    </p>
   </div>
   <div class='ocr_carea' id='block_1_89' title="bbox 412 4456 3674 4533">
    <p class='ocr_par' dir='ltr' id='par_1_89' title="bbox 412 4456 3674 4533">
     <span class='ocr_line' id='line_1_89' title="bbox 412 4456 3674 4533; baseline -0.001 -22"><span class='ocrx_word' id='word_1_708' title='bbox 412 4474 577 4528; x_wconf 84' lang='lat' dir='ltr'><strong>quam</strong></span> <span class='ocrx_word' id='word_1_709' title='bbox 607 4460 940 4515; x_wconf 80' lang='lat' dir='ltr'><strong>iucaraxanti</strong></span> <span class='ocrx_word' id='word_1_710' title='bbox 966 4458 1267 4515; x_wconf 85' lang='lat' dir='ltr'><strong>veritatem.</strong></span> <span class='ocrx_word' id='word_1_711' title='bbox 1294 4477 1313 4510; x_wconf 73' lang='grc' dir='ltr'><strong><em>ι</em></strong></span> <span class='ocrx_word' id='word_1_712' title='bbox 1356 4457 1438 4513; x_wconf 85' lang='lat' dir='ltr'><strong>Ad</strong></span> <span class='ocrx_word' id='word_1_713' title='bbox 1471 4457 1589 4512; x_wconf 62' lang='lat' dir='ltr'><strong>haec</strong></span> <span class='ocrx_word' id='word_1_714' title='bbox 1626 4458 1669 4512; x_wconf 89' lang='lat' dir='ltr'><strong>si</strong></span> <span class='ocrx_word' id='word_1_715' title='bbox 1706 4458 1844 4513; x_wconf 81' lang='lat' dir='ltr'><strong>forte</strong></span> <span class='ocrx_word' id='word_1_716' title='bbox 1882 4460 1981 4514; x_wconf 89' lang='lat' dir='ltr'><strong>ali-</strong></span> <span class='ocrx_word' id='word_1_717' title='bbox 2010 4456 2064 4514; x_wconf 90' lang='lat' dir='ltr'><strong>D</strong></span> <span class='ocrx_word' id='word_1_718' title='bbox 2088 4461 2232 4533; x_wconf 84' lang='lat' dir='ltr'><strong>quod</strong></span> <span class='ocrx_word' id='word_1_719' title='bbox 2266 4460 2354 4516; x_wconf 84' lang='lat' dir='ltr'><strong>ille</strong></span> <span class='ocrx_word' id='word_1_720' title='bbox 2387 4460 2583 4531; x_wconf 80' lang='lat' dir='ltr'><strong>digitos</strong></span> <span class='ocrx_word' id='word_1_721' title='bbox 2618 4475 2874 4514; x_wconf 87' lang='lat' dir='ltr'><strong>manuum</strong></span> <span class='ocrx_word' id='word_1_722' title='bbox 2908 4459 3103 4515; x_wconf 86' lang='lat' dir='ltr'><strong>habeat</strong></span> <span class='ocrx_word' id='word_1_723' title='bbox 3133 4457 3453 4513; x_wconf 79' lang='lat' dir='ltr'><strong>inﬂexibiles</strong></span> <span class='ocrx_word' id='word_1_724' title='bbox 3492 4471 3557 4511; x_wconf 89' lang='lat' dir='ltr'><strong>ac</strong></span> <span class='ocrx_word' id='word_1_725' title='bbox 3597 4456 3674 4509; x_wconf 81' lang='lat' dir='ltr'><strong>ri-</strong></span> 
     </span>
    </p>
   </div>
   <div class='ocr_carea' id='block_1_90' title="bbox 1754 4575 2288 4633">
    <p class='ocr_par' dir='ltr' id='par_1_90' title="bbox 1754 4575 2288 4633">
     <span class='ocr_line' id='line_1_90' title="bbox 1754 4575 2288 4633; baseline 0.009 -5"><span class='ocrx_word' id='word_1_726' title='bbox 1754 4575 2024 4633; x_wconf 79' lang='lat' dir='ltr'><strong>BALUZII</strong></span> <span class='ocrx_word' id='word_1_727' title='bbox 2062 4576 2288 4633; x_wconf 64' lang='lat' dir='ltr'><strong>NOTE.</strong></span> 
     </span>
    </p>
   </div>
   <div class='ocr_carea' id='block_1_91' title="bbox 484 4688 1988 4758">
    <p class='ocr_par' dir='ltr' id='par_1_91' title="bbox 484 4688 1988 4758">
     <span class='ocr_line' id='line_1_91' title="bbox 484 4688 1988 4758; baseline -0.001 -15"><span class='ocrx_word' id='word_1_728' title='bbox 484 4701 512 4730; x_wconf 81' lang='grc' dir='ltr'>ι</span> <span class='ocrx_word' id='word_1_729' title='bbox 539 4688 906 4744; x_wconf 78' lang='lat' dir='ltr'><strong>Ecclesiastica</strong></span> <span class='ocrx_word' id='word_1_730' title='bbox 934 4696 1154 4744; x_wconf 75' lang='lat' dir='ltr'><strong>statuta.</strong></span> <span class='ocrx_word' id='word_1_731' title='bbox 1180 4689 1349 4745; x_wconf 81' lang='lat' dir='ltr'><strong>Recte</strong></span> <span class='ocrx_word' id='word_1_732' title='bbox 1392 4689 1686 4746; x_wconf 83' lang='lat' dir='ltr'><strong>admonent</strong></span> <span class='ocrx_word' id='word_1_733' title='bbox 1728 4689 1988 4758; x_wconf 85' lang='lat' dir='ltr'><strong>episcopi,</strong></span> 
     </span>
    </p>
   </div>
   <div class='ocr_carea' id='block_1_92' title="bbox 408 4758 1992 4830">
    <p class='ocr_par' dir='ltr' id='par_1_92' title="bbox 408 4758 1992 4830">
     <span class='ocr_line' id='line_1_92' title="bbox 408 4758 1992 4830; baseline -0.003 -13"><span class='ocrx_word' id='word_1_734' title='bbox 408 4759 781 4817; x_wconf 80' lang='lat' dir='ltr'><strong>ecclesiastica</strong></span> <span class='ocrx_word' id='word_1_735' title='bbox 814 4768 1017 4830; x_wconf 85' lang='lat' dir='ltr'><strong>statuta</strong></span> <span class='ocrx_word' id='word_1_736' title='bbox 1059 4774 1178 4830; x_wconf 81' lang='lat' dir='ltr'><strong>esse</strong></span> <span class='ocrx_word' id='word_1_737' title='bbox 1203 4758 1467 4830; x_wconf 88' lang='lat' dir='ltr'><strong>ﬁrmanda</strong></span> <span class='ocrx_word' id='word_1_738' title='bbox 1498 4775 1595 4830; x_wconf 88' lang='lat' dir='ltr'><strong>per</strong></span> <span class='ocrx_word' id='word_1_739' title='bbox 1632 4766 1749 4813; x_wconf 85' lang='lat' dir='ltr'><strong>acta</strong></span> <span class='ocrx_word' id='word_1_740' title='bbox 1777 4768 1992 4830; x_wconf 44' lang='lat' dir='ltr'><strong>apostof</strong></span> 
     </span>
    </p>
   </div>
   <div class='ocr_carea' id='block_1_93' title="bbox 413 4828 1991 4901">
    <p class='ocr_par' dir='ltr' id='par_1_93' title="bbox 413 4828 1991 4901">
     <span class='ocr_line' id='line_1_93' title="bbox 413 4828 1991 4901; baseline -0.003 -14"><span class='ocrx_word' id='word_1_741' title='bbox 413 4833 543 4893; x_wconf 88' lang='lat' dir='ltr'><strong>lica,</strong></span> <span class='ocrx_word' id='word_1_742' title='bbox 588 4831 641 4885; x_wconf 87' lang='lat' dir='ltr'><strong>id</strong></span> <span class='ocrx_word' id='word_1_743' title='bbox 671 4839 773 4901; x_wconf 89' lang='lat' dir='ltr'><strong>est,</strong></span> <span class='ocrx_word' id='word_1_744' title='bbox 808 4829 1021 4901; x_wconf 80' lang='lat' dir='ltr'><strong>regulas</strong></span> <span class='ocrx_word' id='word_1_745' title='bbox 1057 4829 1454 4883; x_wconf 89' lang='lat' dir='ltr'><strong>ecclesiasticas</strong></span> <span class='ocrx_word' id='word_1_746' title='bbox 1498 4828 1613 4901; x_wconf 77' lang='lat' dir='ltr'><strong>non</strong></span> <span class='ocrx_word' id='word_1_747' title='bbox 1632 4843 1789 4901; x_wconf 85' lang='lat' dir='ltr'><strong>posse</strong></span> <span class='ocrx_word' id='word_1_748' title='bbox 1816 4828 1991 4901; x_wconf 66' lang='lat' dir='ltr'><strong>videri</strong></span> 
     </span>
    </p>
   </div>
   <div class='ocr_carea' id='block_1_94' title="bbox 412 4897 1992 4969">
    <p class='ocr_par' dir='ltr' id='par_1_94' title="bbox 412 4897 1992 4969">
     <span class='ocr_line' id='line_1_94' title="bbox 412 4897 1992 4969; baseline -0.002 -14"><span class='ocrx_word' id='word_1_749' title='bbox 412 4916 618 4969; x_wconf 73' lang='lat' dir='ltr'><strong>aequas,</strong></span> <span class='ocrx_word' id='word_1_750' title='bbox 646 4900 747 4954; x_wconf 88' lang='lat' dir='ltr'><strong>nisi</strong></span> <span class='ocrx_word' id='word_1_751' title='bbox 778 4897 988 4953; x_wconf 74' lang='lat' dir='ltr'><strong>constet</strong></span> <span class='ocrx_word' id='word_1_752' title='bbox 1022 4913 1114 4954; x_wconf 89' lang='lat' dir='ltr'><strong>eas</strong></span> <span class='ocrx_word' id='word_1_753' title='bbox 1145 4913 1438 4968; x_wconf 87' lang='lat' dir='ltr'><strong>congruere</strong></span> <span class='ocrx_word' id='word_1_754' title='bbox 1478 4898 1774 4969; x_wconf 81' lang='lat' dir='ltr'><strong>traditioni.</strong></span> <span class='ocrx_word' id='word_1_755' title='bbox 1815 4897 1992 4963; x_wconf 82' lang='lat' dir='ltr'><strong>Quare</strong></span> 
     </span>
    </p>
   </div>
   <div class='ocr_carea' id='block_1_95' title="bbox 413 4967 1993 5039">
    <p class='ocr_par' dir='ltr' id='par_1_95' title="bbox 413 4967 1993 5039">
     <span class='ocr_line' id='line_1_95' title="bbox 413 4967 1993 5039; baseline -0.003 -15"><span class='ocrx_word' id='word_1_756' title='bbox 413 4967 523 5025; x_wconf 73' lang='lat' dir='ltr'><strong>non</strong></span> <span class='ocrx_word' id='word_1_757' title='bbox 573 4969 766 5038; x_wconf 87' lang='lat' dir='ltr'><strong>injuria</strong></span> <span class='ocrx_word' id='word_1_758' title='bbox 841 4970 1155 5023; x_wconf 79' lang='lat' dir='ltr'><strong>adnotatum</strong></span> <span class='ocrx_word' id='word_1_759' title='bbox 1212 4967 1295 5022; x_wconf 77' lang='lat' dir='ltr'><strong>est</strong></span> <span class='ocrx_word' id='word_1_760' title='bbox 1337 4969 1409 5039; x_wconf 80' lang='lat' dir='ltr'><strong>ab</strong></span> <span class='ocrx_word' id='word_1_761' title='bbox 1450 4969 1655 5039; x_wconf 89' lang='lat' dir='ltr'><strong>optimo</strong></span> <span class='ocrx_word' id='word_1_762' title='bbox 1704 4967 1993 5039; x_wconf 68' lang='lat' dir='ltr'><strong>Mtecenate</strong></span> 
     </span>
    </p>
   </div>
   <div class='ocr_carea' id='block_1_96' title="bbox 414 5036 1993 5106">
    <p class='ocr_par' dir='ltr' id='par_1_96' title="bbox 414 5036 1993 5106">
     <span class='ocr_line' id='line_1_96' title="bbox 414 5036 1993 5106; baseline -0.001 -11"><span class='ocrx_word' id='word_1_763' title='bbox 414 5055 538 5095; x_wconf 90' lang='lat' dir='ltr'><strong>meo</strong></span> <span class='ocrx_word' id='word_1_764' title='bbox 568 5036 637 5093; x_wconf 37' lang='lat' dir='ltr'><strong>in‘</strong></span> <span class='ocrx_word' id='word_1_765' title='bbox 667 5040 805 5094; x_wconf 88' lang='lat' dir='ltr'><strong>libro</strong></span> <span class='ocrx_word' id='word_1_766' title='bbox 832 5055 866 5094; x_wconf 88' lang='lat' dir='ltr'><strong>v</strong></span> <span class='ocrx_word' id='word_1_767' title='bbox 891 5042 957 5093; x_wconf 89' lang='lat' dir='ltr'><strong>de</strong></span> <span class='ocrx_word' id='word_1_768' title='bbox 983 5039 1283 5094; x_wconf 89' lang='lat' dir='ltr'><strong>Concordia</strong></span> <span class='ocrx_word' id='word_1_769' title='bbox 1329 5036 1632 5093; x_wconf 78' lang='lat' dir='ltr'><strong>Sacerdotii</strong></span> <span class='ocrx_word' id='word_1_770' title='bbox 1681 5046 1736 5092; x_wconf 89' lang='lat' dir='ltr'><strong>et</strong></span> <span class='ocrx_word' id='word_1_771' title='bbox 1779 5037 1993 5106; x_wconf 90' lang='lat' dir='ltr'><strong>imperii</strong></span> 
     </span>
    </p>
   </div>
   <div class='ocr_carea' id='block_1_97' title="bbox 382 5107 1991 5182">
    <p class='ocr_par' dir='ltr' id='par_1_97' title="bbox 382 5107 1991 5182">
     <span class='ocr_line' id='line_1_97' title="bbox 382 5107 1991 5182; baseline -0.003 -18"><span class='ocrx_word' id='word_1_772' title='bbox 382 5108 391 5114; x_wconf 59' lang='grc'><strong>“</strong></span> <span class='ocrx_word' id='word_1_773' title='bbox 415 5126 532 5182; x_wconf 82' lang='lat' dir='ltr'><strong>cap.</strong></span> <span class='ocrx_word' id='word_1_774' title='bbox 566 5111 616 5173; x_wconf 90' lang='lat'><strong>9,</strong></span> <span class='ocrx_word' id='word_1_775' title='bbox 646 5107 1283 5182; x_wconf 16' lang='lat' dir='ltr'><strong>§5,A_quzecunquegolim</strong></span> <span class='ocrx_word' id='word_1_776' title='bbox 1315 5110 1453 5182; x_wconf 80' lang='lat' dir='ltr'><strong>apud</strong></span> <span class='ocrx_word' id='word_1_777' title='bbox 1483 5108 1717 5182; x_wconf 82' lang='lat' dir='ltr'><strong>synodos</strong></span> <span class='ocrx_word' id='word_1_778' title='bbox 1748 5109 1991 5182; x_wconf 73' lang='lat' dir='ltr'><strong>profere-</strong></span> 
     </span>
    </p>
   </div>
   <div class='ocr_carea' id='block_1_98' title="bbox 416 5175 1993 5248">
    <p class='ocr_par' dir='ltr' id='par_1_98' title="bbox 416 5175 1993 5248">
     <span class='ocr_line' id='line_1_98' title="bbox 416 5175 1993 5248; baseline -0.001 -15"><span class='ocrx_word' id='word_1_779' title='bbox 416 5175 735 5247; x_wconf 63' lang='lat' dir='ltr'><strong>ba&#39;ntur,&#39;ah</strong></span> <span class='ocrx_word' id='word_1_780' title='bbox 764 5175 833 5233; x_wconf 76' lang='lat' dir='ltr'><strong>iis</strong></span> <span class='ocrx_word' id='word_1_781' title='bbox 858 5194 964 5234; x_wconf 86' lang='lat' dir='ltr'><strong>non</strong></span> <span class='ocrx_word' id='word_1_782' title='bbox 995 5175 1329 5248; x_wconf 76' lang='lat' dir='ltr'><strong>simpliciter,</strong></span> <span class='ocrx_word' id='word_1_783' title='bbox 1348 5175 1451 5232; x_wconf 63' lang='lat' dir='ltr'><strong>sed</strong></span> <span class='ocrx_word' id='word_1_784' title='bbox 1481 5175 1606 5232; x_wconf 80' lang='lat' dir='ltr'><strong>cum</strong></span> <span class='ocrx_word' id='word_1_785' title='bbox 1645 5175 1993 5246; x_wconf 81' lang='lat' dir='ltr'><strong>inquisitione</strong></span> 
     </span>
    </p>
   </div>
   <div class='ocr_carea' id='block_1_99' title="bbox 415 5248 1997 5332">
    <p class='ocr_par' dir='ltr' id='par_1_99' title="bbox 415 5248 1997 5332">
     <span class='ocr_line' id='line_1_99' title="bbox 415 5248 1997 5332; baseline -0.003 -29"><span class='ocrx_word' id='word_1_786' title='bbox 415 5250 704 5332; x_wconf 79' lang='lat' dir='ltr'><strong>approbari</strong></span> <span class='ocrx_word' id='word_1_787' title='bbox 741 5249 932 5332; x_wconf 41' lang='lat' dir='ltr'><strong>s_olita&#39;;</strong></span> <span class='ocrx_word' id='word_1_788' title='bbox 980 5264 1173 5332; x_wconf 67' lang='lat' dir='ltr'><strong>Itng</strong></span> <span class='ocrx_word' id='word_1_789' title='bbox 1198 5248 1244 5301; x_wconf 88' lang='lat' dir='ltr'><strong>si</strong></span> <span class='ocrx_word' id='word_1_790' title='bbox 1282 5254 1640 5332; x_wconf 70' lang='lat' dir='ltr'><strong>congruerent</strong></span> <span class='ocrx_word' id='word_1_791' title='bbox 1666 5262 1787 5332; x_wconf 76' lang='lat' dir='ltr'><strong>cum</strong></span> <span class='ocrx_word' id='word_1_792' title='bbox 1830 5260 1997 5332; x_wconf 80' lang='lat' dir='ltr'><strong>expo-</strong></span> 
     </span>
    </p>
   </div>
   <div class='ocr_carea' id='block_1_100' title="bbox 416 5317 1996 5395">
    <p class='ocr_par' dir='ltr' id='par_1_100' title="bbox 416 5317 1996 5395">
     <span class='ocr_line' id='line_1_100' title="bbox 416 5317 1996 5395; baseline -0.003 -22"><span class='ocrx_word' id='word_1_793' title='bbox 416 5317 613 5395; x_wconf 63' lang='lat' dir='ltr'><strong>sitione</strong></span> <span class='ocrx_word' id='word_1_794' title='bbox 649 5330 711 5395; x_wconf 71' lang='lat' dir='ltr'><strong>et</strong></span> <span class='ocrx_word' id='word_1_795' title='bbox 738 5320 983 5374; x_wconf 88' lang='lat' dir='ltr'><strong>doctrina</strong></span> <span class='ocrx_word' id='word_1_796' title='bbox 1018 5317 1501 5395; x_wconf 61' lang='lat' dir='ltr'><strong>Ifatrtnn._Quare,_</strong></span> <span class='ocrx_word' id='word_1_797' title='bbox 1531 5318 1768 5395; x_wconf 48' lang='lat' dir='ltr'><strong>quidem</strong></span> <span class='ocrx_word' id='word_1_798' title='bbox 1808 5325 1996 5395; x_wconf 74' lang='lat' dir='ltr'><strong>auctor</strong></span> 
     </span>
    </p>
   </div>
   <div class='ocr_carea' id='block_1_101' title="bbox 420 5385 1994 5460">
    <p class='ocr_par' dir='ltr' id='par_1_101' title="bbox 420 5385 1994 5460">
     <span class='ocr_line' id='line_1_101' title="bbox 420 5385 1994 5460; baseline -0.001 -19"><span class='ocrx_word' id='word_1_799' title='bbox 420 5385 497 5443; x_wconf 73' lang='lat' dir='ltr'><strong>ait</strong></span> <span class='ocrx_word' id='word_1_800' title='bbox 519 5389 772 5460; x_wconf 84' lang='lat' dir='ltr'><strong>incapite</strong></span> <span class='ocrx_word' id='word_1_801' title='bbox 793 5396 986 5460; x_wconf 84' lang='lat' dir='ltr'><strong>octavo</strong></span> <span class='ocrx_word' id='word_1_802' title='bbox 1010 5386 1247 5457; x_wconf 77' lang='lat' dir='ltr'><strong>ejusdem</strong></span> <span class='ocrx_word' id='word_1_803' title='bbox 1275 5388 1417 5452; x_wconf 88' lang='lat' dir='ltr'><strong>libri,</strong></span> <span class='ocrx_word' id='word_1_804' title='bbox 1447 5388 1576 5460; x_wconf 82' lang='lat' dir='ltr'><strong>illud</strong></span> <span class='ocrx_word' id='word_1_805' title='bbox 1591 5386 1728 5460; x_wconf 22' lang='lat' dir='ltr'><strong>Aolim</strong></span> <span class='ocrx_word' id='word_1_806' title='bbox 1754 5385 1912 5460; x_wconf 77' lang='lat' dir='ltr'><strong>anxie</strong></span> <span class='ocrx_word' id='word_1_807' title='bbox 1939 5386 1994 5460; x_wconf 79' lang='lat' dir='ltr'><strong>in</strong></span> 
     </span>
    </p>
   </div>
   <div class='ocr_carea' id='block_1_102' title="bbox 419 5455 1996 5530">
    <p class='ocr_par' dir='ltr' id='par_1_102' title="bbox 419 5455 1996 5530">
     <span class='ocr_line' id='line_1_102' title="bbox 419 5455 1996 5530; baseline -0.003 -16"><span class='ocrx_word' id='word_1_808' title='bbox 419 5458 640 5530; x_wconf 76' lang='lat' dir='ltr'><strong>synodis</strong></span> <span class='ocrx_word' id='word_1_809' title='bbox 662 5455 1088 5530; x_wconf 72' lang='lat' dir='ltr'><strong>disquirehatnr,</strong></span> <span class='ocrx_word' id='word_1_810' title='bbox 1113 5471 1190 5530; x_wconf 59' lang='lat' dir='ltr'><strong>gn</strong></span> <span class='ocrx_word' id='word_1_811' title='bbox 1212 5471 1369 5530; x_wconf 75' lang='lat' dir='ltr'><strong>nova</strong></span> <span class='ocrx_word' id='word_1_812' title='bbox 1397 5457 1695 5527; x_wconf 84' lang='lat' dir='ltr'><strong>cujuspiam</strong></span> <span class='ocrx_word' id='word_1_813' title='bbox 1710 5455 1996 5530; x_wconf 77' lang='lat' dir='ltr'><strong>pontiﬁcis</strong></span> 
     </span>
    </p>
   </div>
   <div class='ocr_carea' id='block_1_103' title="bbox 468 5526 1995 5598">
    <p class='ocr_par' dir='ltr' id='par_1_103' title="bbox 468 5526 1995 5598">
     <span class='ocr_line' id='line_1_103' title="bbox 468 5526 1995 5598; baseline -0.001 -16"><span class='ocrx_word' id='word_1_814' title='bbox 468 5529 647 5583; x_wconf 88' lang='lat' dir='ltr'><strong>omani</strong></span> <span class='ocrx_word' id='word_1_815' title='bbox 683 5526 912 5598; x_wconf 72' lang='lat' dir='ltr'><strong>epistola</strong></span> <span class='ocrx_word' id='word_1_816' title='bbox 953 5544 1075 5584; x_wconf 89' lang='lat' dir='ltr'><strong>cum</strong></span> <span class='ocrx_word' id='word_1_817' title='bbox 1107 5526 1404 5598; x_wconf 85' lang='lat' dir='ltr'><strong>Scripturis</strong></span> <span class='ocrx_word' id='word_1_818' title='bbox 1438 5526 1494 5581; x_wconf 85' lang='lat' dir='ltr'><strong>et</strong></span> <span class='ocrx_word' id='word_1_819' title='bbox 1515 5527 1829 5598; x_wconf 3' lang='lat' dir='ltr'><strong>(canonibus</strong></span> <span class='ocrx_word' id='word_1_820' title='bbox 1866 5539 1995 5581; x_wconf 87' lang='lat' dir='ltr'><strong>con-</strong></span> 
     </span>
    </p>
   </div>
   <div class='ocr_carea' id='block_1_104' title="bbox 421 5596 1993 5667">
    <p class='ocr_par' dir='ltr' id='par_1_104' title="bbox 421 5596 1993 5667">
     <span class='ocr_line' id='line_1_104' title="bbox 421 5596 1993 5667; baseline -0.004 -14"><span class='ocrx_word' id='word_1_821' title='bbox 421 5607 669 5667; x_wconf 82' lang='lat' dir='ltr'><strong>grueret;</strong></span> <span class='ocrx_word' id='word_1_822' title='bbox 708 5596 770 5653; x_wconf 67' lang='lat' dir='ltr'><strong>fit</strong></span> <span class='ocrx_word' id='word_1_823' title='bbox 804 5599 879 5653; x_wconf 80' lang='lat' dir='ltr'><strong>ita</strong></span> <span class='ocrx_word' id='word_1_824' title='bbox 904 5599 1119 5653; x_wconf 85' lang='lat' dir='ltr'><strong>demum</strong></span> <span class='ocrx_word' id='word_1_825' title='bbox 1160 5596 1480 5667; x_wconf 79' lang='lat' dir='ltr'><strong>auctoritate</strong></span> <span class='ocrx_word' id='word_1_826' title='bbox 1506 5596 1656 5667; x_wconf 80' lang='lat' dir='ltr'><strong>illius</strong></span> <span class='ocrx_word' id='word_1_827' title='bbox 1676 5610 1864 5667; x_wconf 81' lang='lat' dir='ltr'><strong>omnes</strong></span> <span class='ocrx_word' id='word_1_828' title='bbox 1910 5603 1993 5667; x_wconf 74' lang='lat' dir='ltr'><strong>te-</strong></span> 
     </span>
    </p>
   </div>
   <div class='ocr_carea' id='block_1_105' title="bbox 423 5664 2000 5741">
    <p class='ocr_par' dir='ltr' id='par_1_105' title="bbox 423 5664 2000 5741">
     <span class='ocr_line' id='line_1_105' title="bbox 423 5664 2000 5741; baseline -0.003 -19"><span class='ocrx_word' id='word_1_829' title='bbox 423 5664 703 5736; x_wconf 81' lang='lat' dir='ltr'><strong>nerentur,</strong></span> <span class='ocrx_word' id='word_1_830' title='bbox 731 5677 893 5741; x_wconf 86' lang='lat' dir='ltr'><strong>atque</strong></span> <span class='ocrx_word' id='word_1_831' title='bbox 918 5669 1123 5725; x_wconf 89' lang='lat' dir='ltr'><strong>duobus</strong></span> <span class='ocrx_word' id='word_1_832' title='bbox 1153 5666 1314 5721; x_wconf 86' lang='lat' dir='ltr'><strong>veluti</strong></span> <span class='ocrx_word' id='word_1_833' title='bbox 1342 5665 1566 5723; x_wconf 86' lang='lat' dir='ltr'><strong>vinculis</strong></span> <span class='ocrx_word' id='word_1_834' title='bbox 1592 5665 1647 5720; x_wconf 92' lang='lat' dir='ltr'><strong>in</strong></span> <span class='ocrx_word' id='word_1_835' title='bbox 1678 5664 1782 5721; x_wconf 86' lang='lat' dir='ltr'><strong>ﬁde</strong></span> <span class='ocrx_word' id='word_1_836' title='bbox 1806 5664 2000 5721; x_wconf 58' lang='lat' dir='ltr'><strong>contirb</strong></span> 
     </span>
    </p>
   </div>
   <div class='ocr_carea' id='block_1_106' title="bbox 2093 4682 3693 4757">
    <p class='ocr_par' dir='ltr' id='par_1_106' title="bbox 2093 4682 3693 4757">
     <span class='ocr_line' id='line_1_106' title="bbox 2093 4682 3693 4757; baseline -0.007 -11"><span class='ocrx_word' id='word_1_837' title='bbox 2093 4692 2226 4746; x_wconf 87' lang='lat' dir='ltr'><strong>mati</strong></span> <span class='ocrx_word' id='word_1_838' title='bbox 2272 4701 2479 4757; x_wconf 82' lang='lat' dir='ltr'><strong>essent,</strong></span> <span class='ocrx_word' id='word_1_839' title='bbox 2519 4689 2831 4747; x_wconf 68' lang='lat' dir='ltr'><strong>deﬁnitione</strong></span> <span class='ocrx_word' id='word_1_840' title='bbox 2874 4686 3160 4756; x_wconf 67' lang='lat' dir='ltr'><strong>pontiﬁcis,</strong></span> <span class='ocrx_word' id='word_1_841' title='bbox 3208 4692 3265 4740; x_wconf 90' lang='lat' dir='ltr'><strong>et</strong></span> <span class='ocrx_word' id='word_1_842' title='bbox 3306 4682 3693 4751; x_wconf 65' lang='lat' dir='ltr'><strong>declarations,</strong></span> 
     </span>
    </p>
   </div>
   <div class='ocr_carea' id='block_1_107' title="bbox 2094 4756 3756 4831">
    <p class='ocr_par' dir='ltr' id='par_1_107' title="bbox 2094 4756 3756 4831">
     <span class='ocr_line' id='line_1_107' title="bbox 2094 4756 3756 4831; baseline -0.004 -16"><span class='ocrx_word' id='word_1_843' title='bbox 2094 4763 2284 4831; x_wconf 88' lang='lat' dir='ltr'><strong>synodi</strong></span> <span class='ocrx_word' id='word_1_844' title='bbox 2312 4781 2325 4816; x_wconf 90' lang='lat'>:</span> <span class='ocrx_word' id='word_1_845' title='bbox 2349 4756 2494 4817; x_wconf 90' lang='lat' dir='ltr'><strong>hunc</strong></span> <span class='ocrx_word' id='word_1_846' title='bbox 2517 4775 2638 4831; x_wconf 83' lang='lat' dir='ltr'><strong>esse</strong></span> <span class='ocrx_word' id='word_1_847' title='bbox 2665 4758 2925 4831; x_wconf 76' lang='lat' dir='ltr'><strong>Marciani</strong></span> <span class='ocrx_word' id='word_1_848' title='bbox 2946 4756 3084 4827; x_wconf 83' lang='lat' dir='ltr'><strong>Aug.</strong></span> <span class='ocrx_word' id='word_1_849' title='bbox 3119 4769 3509 4831; x_wconf 89' lang='lat' dir='ltr'><strong>s_ensum,_cu_m</strong></span> <span class='ocrx_word' id='word_1_850' title='bbox 3535 4757 3670 4831; x_wconf 87' lang='lat' dir='ltr'><strong>s_cri-</strong></span> <span class='ocrx_word' id='word_1_851' title='bbox 3751 4821 3756 4825; x_wconf 25' lang='grc' dir='ltr'><strong><em>η</em></strong></span> 
     </span>
    </p>
   </div>
   <div class='ocr_carea' id='block_1_108' title="bbox 2092 4824 3699 4900">
    <p class='ocr_par' dir='ltr' id='par_1_108' title="bbox 2092 4824 3699 4900">
     <span class='ocr_line' id='line_1_108' title="bbox 2092 4824 3699 4900; baseline -0.004 -14"><span class='ocrx_word' id='word_1_852' title='bbox 2092 4824 2211 4900; x_wconf 69' lang='lat' dir='ltr'><strong>psit,</strong></span> <span class='ocrx_word' id='word_1_853' title='bbox 2226 4831 2312 4886; x_wconf 90' lang='lat' dir='ltr'><strong>illa</strong></span> <span class='ocrx_word' id='word_1_854' title='bbox 2338 4847 2457 4900; x_wconf 65' lang='lat' dir='ltr'><strong>quae</strong></span> <span class='ocrx_word' id='word_1_855' title='bbox 2486 4847 2515 4884; x_wconf 89' lang='lat' dir='ltr'><strong>a</strong></span> <span class='ocrx_word' id='word_1_856' title='bbox 2539 4830 2718 4885; x_wconf 87' lang='lat' dir='ltr'><strong>Leone</strong></span> <span class='ocrx_word' id='word_1_857' title='bbox 2740 4828 2761 4882; x_wconf 88' lang='grc' dir='ltr'>ι</span> <span class='ocrx_word' id='word_1_858' title='bbox 2788 4843 2926 4898; x_wconf 90' lang='lat' dir='ltr'><strong>papa</strong></span> <span class='ocrx_word' id='word_1_859' title='bbox 2955 4824 3249 4900; x_wconf 76' lang='lat' dir='ltr'><strong>secundum</strong></span> <span class='ocrx_word' id='word_1_860' title='bbox 3274 4824 3671 4900; x_wconf 81' lang='lat' dir='ltr'><strong>ecclesiasticos</strong></span> <span class='ocrx_word' id='word_1_861' title='bbox 3694 4866 3699 4871; x_wconf 67' lang='grc' dir='ltr'><em>ι</em></span> 
     </span>
    </p>
   </div>
   <div class='ocr_carea' id='block_1_109' title="bbox 2094 4896 3504 4970">
    <p class='ocr_par' dir='ltr' id='par_1_109' title="bbox 2094 4896 3504 4970">
     <span class='ocr_line' id='line_1_109' title="bbox 2094 4896 3504 4970; baseline -0.007 -14"><span class='ocrx_word' id='word_1_862' title='bbox 2094 4896 2331 4956; x_wconf 75' lang='lat' dir='ltr'><strong>canones</strong></span> <span class='ocrx_word' id='word_1_863' title='bbox 2355 4896 2734 4965; x_wconf 73' lang='lat' dir='ltr'><strong>deﬁnirentur,</strong></span> <span class='ocrx_word' id='word_1_864' title='bbox 2753 4896 2803 4970; x_wconf 24' lang='lat' dir='ltr'><strong>a7</strong></span> <span class='ocrx_word' id='word_1_865' title='bbox 2820 4900 3024 4970; x_wconf 82' lang='lat' dir='ltr'><strong>synodo</strong></span> <span class='ocrx_word' id='word_1_866' title='bbox 3052 4897 3382 4970; x_wconf 70' lang='lat' dir='ltr'><strong>declaratum</strong></span> <span class='ocrx_word' id='word_1_867' title='bbox 3418 4896 3504 4948; x_wconf 85' lang='lat' dir='ltr'><strong>iri.</strong></span> 
     </span>
    </p>
   </div>
   <div class='ocr_carea' id='block_1_110' title="bbox 2165 4965 3675 5039">
    <p class='ocr_par' dir='ltr' id='par_1_110' title="bbox 2165 4965 3675 5039">
     <span class='ocr_line' id='line_1_110' title="bbox 2165 4965 3675 5039; baseline -0.003 -14"><span class='ocrx_word' id='word_1_868' title='bbox 2165 4972 2194 5011; x_wconf 70' lang='grc' dir='ltr'><strong>ιι</strong></span> <span class='ocrx_word' id='word_1_869' title='bbox 2218 4971 2369 5025; x_wconf 77' lang='lat' dir='ltr'><strong>Noua</strong></span> <span class='ocrx_word' id='word_1_870' title='bbox 2389 4986 2484 5039; x_wconf 84' lang='lat' dir='ltr'><strong>per</strong></span> <span class='ocrx_word' id='word_1_871' title='bbox 2502 4978 2689 5039; x_wconf 72' lang='lat' dir='ltr'><strong>vetera.</strong></span> <span class='ocrx_word' id='word_1_872' title='bbox 2720 4965 2864 5024; x_wconf 74' lang='lat' dir='ltr'><strong>Nam</strong></span> <span class='ocrx_word' id='word_1_873' title='bbox 2890 4987 2910 5020; x_wconf 73' lang='grc' dir='ltr'>ι</span> <span class='ocrx_word' id='word_1_874' title='bbox 2938 4983 3087 5039; x_wconf 77' lang='lat' dir='ltr'><strong>cum,</strong></span> <span class='ocrx_word' id='word_1_875' title='bbox 3116 4975 3175 5021; x_wconf 91' lang='lat' dir='ltr'><strong>ut</strong></span> <span class='ocrx_word' id='word_1_876' title='bbox 3191 4966 3309 5039; x_wconf 83' lang='lat' dir='ltr'><strong>illic</strong></span> <span class='ocrx_word' id='word_1_877' title='bbox 3332 4965 3509 5039; x_wconf 73' lang='lat' dir='ltr'><strong>Mat-ca</strong></span> <span class='ocrx_word' id='word_1_878' title='bbox 3540 4967 3675 5039; x_wconf 75' lang='lat' dir='ltr'><strong>seri-</strong></span> 
     </span>
    </p>
   </div>
   <div class='ocr_carea' id='block_1_111' title="bbox 2094 5032 3670 5103">
    <p class='ocr_par' dir='ltr' id='par_1_111' title="bbox 2094 5032 3670 5103">
     <span class='ocr_line' id='line_1_111' title="bbox 2094 5032 3670 5103; baseline -0.005 -7"><span class='ocrx_word' id='word_1_879' title='bbox 2094 5041 2193 5103; x_wconf 89' lang='lat' dir='ltr'><strong>bit,</strong></span> <span class='ocrx_word' id='word_1_880' title='bbox 2218 5032 2399 5096; x_wconf 69' lang='lat' dir='ltr'><strong>semel&#39;</strong></span> <span class='ocrx_word' id='word_1_881' title='bbox 2418 5039 2629 5093; x_wconf 72' lang='lat' dir='ltr'><strong>tradita:</strong></span> <span class='ocrx_word' id='word_1_882' title='bbox 2654 5038 2778 5094; x_wconf 87' lang='lat' dir='ltr'><strong>ﬁdei</strong></span> <span class='ocrx_word' id='word_1_883' title='bbox 2808 5036 3119 5093; x_wconf 68' lang='lat' dir='ltr'><strong>haerendum</strong></span> <span class='ocrx_word' id='word_1_884' title='bbox 3159 5037 3247 5101; x_wconf 91' lang='lat' dir='ltr'><strong>sit,</strong></span> <span class='ocrx_word' id='word_1_885' title='bbox 3278 5043 3340 5089; x_wconf 92' lang='lat' dir='ltr'><strong>ut</strong></span> <span class='ocrx_word' id='word_1_886' title='bbox 3372 5034 3536 5103; x_wconf 82' lang='lat' dir='ltr'><strong>docet</strong></span> <span class='ocrx_word' id='word_1_887' title='bbox 3569 5032 3670 5088; x_wconf 88' lang='lat' dir='ltr'><strong>Ju-</strong></span> 
     </span>
    </p>
   </div>
   <div class='ocr_carea' id='block_1_112' title="bbox 2098 5102 3671 5180">
    <p class='ocr_par' dir='ltr' id='par_1_112' title="bbox 2098 5102 3671 5180">
     <span class='ocr_line' id='line_1_112' title="bbox 2098 5102 3671 5180; baseline -0.004 -16"><span class='ocrx_word' id='word_1_888' title='bbox 2098 5102 2194 5165; x_wconf 88' lang='lat' dir='ltr'><strong>das</strong></span> <span class='ocrx_word' id='word_1_889' title='bbox 2237 5108 2529 5180; x_wconf 88' lang='lat' dir='ltr'><strong>apostolus,</strong></span> <span class='ocrx_word' id='word_1_890' title='bbox 2575 5108 2702 5164; x_wconf 92' lang='lat' dir='ltr'><strong>hinc</strong></span> <span class='ocrx_word' id='word_1_891' title='bbox 2746 5108 2989 5180; x_wconf 85' lang='lat' dir='ltr'><strong>sequitur</strong></span> <span class='ocrx_word' id='word_1_892' title='bbox 3033 5122 3153 5161; x_wconf 90' lang='lat' dir='ltr'><strong>eam</strong></span> <span class='ocrx_word' id='word_1_893' title='bbox 3196 5118 3316 5158; x_wconf 89' lang='lat' dir='ltr'><strong>esse</strong></span> <span class='ocrx_word' id='word_1_894' title='bbox 3357 5102 3479 5156; x_wconf 85' lang='lat' dir='ltr'><strong>ﬁdei</strong></span> <span class='ocrx_word' id='word_1_895' title='bbox 3510 5102 3671 5158; x_wconf 82' lang='lat' dir='ltr'><strong>Chri-</strong></span> 
     </span>
    </p>
   </div>
   <div class='ocr_carea' id='block_1_113' title="bbox 2098 5179 3671 5253">
    <p class='ocr_par' dir='ltr' id='par_1_113' title="bbox 2098 5179 3671 5253">
     <span class='ocr_line' id='line_1_113' title="bbox 2098 5179 3671 5253; baseline -0.005 -19"><span class='ocrx_word' id='word_1_896' title='bbox 2098 5179 2289 5235; x_wconf 84' lang='lat' dir='ltr'><strong>stianae</strong></span> <span class='ocrx_word' id='word_1_897' title='bbox 2333 5179 2627 5253; x_wconf 80' lang='lat' dir='ltr'><strong>rationem,</strong></span> <span class='ocrx_word' id='word_1_898' title='bbox 2670 5187 2732 5232; x_wconf 90' lang='lat' dir='ltr'><strong>ut</strong></span> <span class='ocrx_word' id='word_1_899' title='bbox 2769 5179 3287 5253; x_wconf 76' lang='lat' dir='ltr'><strong>vet_era&#39;_eruantur,</strong></span> <span class='ocrx_word' id='word_1_900' title='bbox 3333 5188 3440 5227; x_wconf 87' lang='lat' dir='ltr'><strong>non</strong></span> <span class='ocrx_word' id='word_1_901' title='bbox 3473 5181 3671 5253; x_wconf 62' lang='lat' dir='ltr'><strong>autem</strong></span> 
     </span>
    </p>
   </div>
   <div class='ocr_carea' id='block_1_114' title="bbox 2097 5243 3673 5318">
    <p class='ocr_par' dir='ltr' id='par_1_114' title="bbox 2097 5243 3673 5318">
     <span class='ocr_line' id='line_1_114' title="bbox 2097 5243 3673 5318; baseline -0.004 -13"><span class='ocrx_word' id='word_1_902' title='bbox 2097 5265 2235 5305; x_wconf 86' lang='lat' dir='ltr'><strong>nova</strong></span> <span class='ocrx_word' id='word_1_903' title='bbox 2263 5250 2593 5313; x_wconf 88' lang='lat' dir='ltr'><strong>condantur;</strong></span> <span class='ocrx_word' id='word_1_904' title='bbox 2615 5243 3081 5318; x_wconf 69' lang='lat' dir='ltr'><strong>quemadmodum</strong></span> <span class='ocrx_word' id='word_1_905' title='bbox 3111 5251 3262 5318; x_wconf 71' lang='lat' dir='ltr'><strong>recte</strong></span> <span class='ocrx_word' id='word_1_906' title='bbox 3304 5243 3514 5318; x_wconf 69' lang='lat' dir='ltr'><strong>monuit</strong></span> <span class='ocrx_word' id='word_1_907' title='bbox 3542 5243 3673 5318; x_wconf 48' lang='lat' dir='ltr'><strong>Vin:-</strong></span> 
     </span>
    </p>
   </div>
   <div class='ocr_carea' id='block_1_115' title="bbox 2100 5312 3673 5385">
    <p class='ocr_par' dir='ltr' id='par_1_115' title="bbox 2100 5312 3673 5385">
     <span class='ocr_line' id='line_1_115' title="bbox 2100 5312 3673 5385; baseline -0.003 -11"><span class='ocrx_word' id='word_1_908' title='bbox 2100 5321 2309 5375; x_wconf 89' lang='lat' dir='ltr'><strong>eentius</strong></span> <span class='ocrx_word' id='word_1_909' title='bbox 2332 5312 2700 5374; x_wconf 56' lang='lat' dir='ltr'><strong>Lirinensisf»</strong></span> <span class='ocrx_word' id='word_1_910' title='bbox 2762 5318 2855 5372; x_wconf 87' lang='lat' dir='ltr'><strong>Sic</strong></span> <span class='ocrx_word' id='word_1_911' title='bbox 2881 5314 3136 5371; x_wconf 87' lang='lat' dir='ltr'><strong>Claudius</strong></span> <span class='ocrx_word' id='word_1_912' title='bbox 3164 5312 3506 5385; x_wconf 49' lang='lat' dir='ltr'><strong>imminebat</strong></span> <span class='ocrx_word' id='word_1_913' title='bbox 3529 5314 3673 5385; x_wconf 83' lang='lat' dir='ltr'><strong>apud</strong></span> 
     </span>
    </p>
   </div>
   <div class='ocr_carea' id='block_1_116' title="bbox 2100 5382 3674 5453">
    <p class='ocr_par' dir='ltr' id='par_1_116' title="bbox 2100 5382 3674 5453">
     <span class='ocr_line' id='line_1_116' title="bbox 2100 5382 3674 5453; baseline -0.005 -8"><span class='ocrx_word' id='word_1_914' title='bbox 2100 5390 2346 5445; x_wconf 84' lang='lat' dir='ltr'><strong>Tacitum</strong></span> <span class='ocrx_word' id='word_1_915' title='bbox 2394 5390 2449 5443; x_wconf 91' lang='lat' dir='ltr'><strong>in</strong></span> <span class='ocrx_word' id='word_1_916' title='bbox 2480 5389 2619 5444; x_wconf 89' lang='lat' dir='ltr'><strong>libro</strong></span> <span class='ocrx_word' id='word_1_917' title='bbox 2654 5404 2710 5441; x_wconf 81' lang='lat' dir='ltr'><strong>xl</strong></span> <span class='ocrx_word' id='word_1_918' title='bbox 2740 5385 3066 5441; x_wconf 83' lang='lat' dir='ltr'><strong>Annalium:</strong></span> <span class='ocrx_word' id='word_1_919' title='bbox 3097 5401 3118 5435; x_wconf 71' lang='grc' dir='ltr'>ι</span> <span class='ocrx_word' id='word_1_920' title='bbox 3157 5382 3349 5453; x_wconf 84' lang='lat' dir='ltr'><strong>Omnia</strong></span> <span class='ocrx_word' id='word_1_921' title='bbox 3375 5382 3436 5453; x_wconf 70' lang='grc' dir='ltr'><strong>Ρ.</strong></span> <span class='ocrx_word' id='word_1_922' title='bbox 3461 5382 3522 5439; x_wconf 87' lang='lat' dir='ltr'><strong>C.</strong></span> <span class='ocrx_word' id='word_1_923' title='bbox 3552 5382 3674 5453; x_wconf 71' lang='lat' dir='ltr'><strong>qua:</strong></span> 
     </span>
    </p>
   </div>
   <div class='ocr_carea' id='block_1_117' title="bbox 2100 5452 3669 5519">
    <p class='ocr_par' dir='ltr' id='par_1_117' title="bbox 2100 5452 3669 5519">
     <span class='ocr_line' id='line_1_117' title="bbox 2100 5452 3669 5519; baseline -0.005 -4"><span class='ocrx_word' id='word_1_924' title='bbox 2100 5476 2243 5515; x_wconf 87' lang='lat' dir='ltr'><strong>nunc</strong></span> <span class='ocrx_word' id='word_1_925' title='bbox 2271 5459 2637 5514; x_wconf 86' lang='lat' dir='ltr'><strong>vetustissima</strong></span> <span class='ocrx_word' id='word_1_926' title='bbox 2672 5458 2982 5519; x_wconf 90' lang='lat' dir='ltr'><strong>creduntur,</strong></span> <span class='ocrx_word' id='word_1_927' title='bbox 3010 5467 3148 5509; x_wconf 88' lang='lat' dir='ltr'><strong>nova</strong></span> <span class='ocrx_word' id='word_1_928' title='bbox 3173 5452 3344 5510; x_wconf 80' lang='lat' dir='ltr'><strong>fuere.</strong></span> <span class='ocrx_word' id='word_1_929' title='bbox 3391 5452 3669 5509; x_wconf 81' lang='lat' dir='ltr'><strong>invetera-</strong></span> 
     </span>
    </p>
   </div>
   <div class='ocr_carea' id='block_1_118' title="bbox 2100 5524 3679 5600">
    <p class='ocr_par' dir='ltr' id='par_1_118' title="bbox 2100 5524 3679 5600">
     <span class='ocr_line' id='line_1_118' title="bbox 2100 5524 3679 5600; baseline -0.004 -15"><span class='ocrx_word' id='word_1_930' title='bbox 2100 5538 2215 5585; x_wconf 88' lang='lat' dir='ltr'><strong>scet</strong></span> <span class='ocrx_word' id='word_1_931' title='bbox 2250 5532 2354 5585; x_wconf 88' lang='lat' dir='ltr'><strong>hoc</strong></span> <span class='ocrx_word' id='word_1_932' title='bbox 2386 5543 2598 5600; x_wconf 87' lang='lat' dir='ltr'><strong>quoque</strong></span> <span class='ocrx_word' id='word_1_933' title='bbox 2611 5544 2634 5600; x_wconf 89' lang='lat'><strong>_;</strong></span> <span class='ocrx_word' id='word_1_934' title='bbox 2679 5535 2734 5581; x_wconf 91' lang='lat' dir='ltr'><strong>et</strong></span> <span class='ocrx_word' id='word_1_935' title='bbox 2761 5524 2907 5596; x_wconf 88' lang='lat' dir='ltr'><strong>quod</strong></span> <span class='ocrx_word' id='word_1_936' title='bbox 2935 5524 3095 5581; x_wconf 85' lang='lat' dir='ltr'><strong>hodie</strong></span> <span class='ocrx_word' id='word_1_937' title='bbox 3129 5524 3390 5596; x_wconf 82' lang='lat' dir='ltr'><strong>exemplis</strong></span> <span class='ocrx_word' id='word_1_938' title='bbox 3435 5531 3679 5593; x_wconf 75' lang='lat' dir='ltr'><strong>tuemur,</strong></span> 
     </span>
    </p>
   </div>
   <div class='ocr_carea' id='block_1_119' title="bbox 2101 5598 2724 5669">
    <p class='ocr_par' dir='ltr' id='par_1_119' title="bbox 2101 5598 2724 5669">
     <span class='ocr_line' id='line_1_119' title="bbox 2101 5598 2724 5669; baseline -0.011 -15"><span class='ocrx_word' id='word_1_939' title='bbox 2101 5601 2244 5658; x_wconf 86' lang='lat' dir='ltr'><strong>inter</strong></span> <span class='ocrx_word' id='word_1_940' title='bbox 2270 5598 2514 5669; x_wconf 77' lang='lat' dir='ltr'><strong>exempla</strong></span> <span class='ocrx_word' id='word_1_941' title='bbox 2546 5598 2669 5653; x_wconf 87' lang='lat' dir='ltr'><strong>erit.</strong></span> <span class='ocrx_word' id='word_1_942' title='bbox 2705 5615 2724 5647; x_wconf 73' lang='grc' dir='ltr'><strong><em>ι</em></strong></span> 
     </span>
    </p>
   </div>
  </div>
