4040 6182
341 306 412 362 87
1320 296 1378 352 S.
1418 293 1770 354 AGOBARDI
1809 292 2119 350 EPlSCOPl
2159 291 2645 349 LUGDUNENSIS
3557 289 3632 344 88

341 427 554 492 gentes,
599 426 660 474 ut
705 425 831 489 pote
869 405 961 488 qui
1001 416 1076 470 nil
1111 415 1360 470 manibus
1401 423 1676 488 operetur.
1725 414 1928 469 Sedere
1956 415 2007 474 Α
2033 428 2137 481 quc
2167 412 2220 465 in
2255 412 2364 466 ullo
2390 412 2498 467 alio
2522 390 2795 468 invenitur
2825 414 2962 470 loco.
3017 411 3084 466 Et
3121 411 3195 466 ob
3231 412 3374 464 hanc
3407 423 3632 464 causam

339 520 524 569 autem
551 525 703 568 more
735 512 936 566 terreni
962 510 1192 581 alicujus
1231 510 1375 581 regis
1416 511 1472 564 in
1515 509 1673 574 solio,
1712 507 1858 577 quod
1898 522 1929 560 a

338 612 576 673 quatuor
617 599 1035 658 circumferatur
1076 600 1288 666 bestiis,
1335 608 1392 656 et
1437 615 1634 672 magno
1685 599 1931 668 quamvis

339 698 543 765 palatio
567 695 854 752 contineri.
900 693 1151 765 Cogitare
1178 693 1342 748 etiam
1365 693 1517 747 illum
1545 691 1709 746 multa
1745 705 1933 759 super-

338 787 448 844 ﬂua
485 794 542 842 ct
581 800 748 851 vana;
786 799 905 854 quae
942 784 1067 852 quia
1113 783 1182 838 ad
1214 782 1468 838 effectum
1510 790 1707 836 cuncta
1748 780 1936 835 venire

337 884 636 949 nequeant,
665 881 951 931 vertantur
985 875 1040 928 in
1075 873 1367 928 daemones.
1416 871 1522 928 Sed
1560 880 1616 926 et
1651 872 1933 925 innumera

338 970 562 1027 infanda
589 969 656 1024 de
682 967 815 1033 Deo,
842 974 903 1021 ut
937 966 1193 1028 diximus,
1234 979 1333 1020 suo
1371 963 1688 1032 praedicant,
1727 977 1791 1016 ac
1828 959 1934 1014 tale

341 1060 529 1117 colunt
555 1059 925 1122 simulacrum,
967 1056 1112 1127 quod
1147 1056 1247 1125 ipsi
1287 1055 1392 1110 sibi
1436 1055 1492 1109 in
1530 1053 1776 1108 cordium
1815 1067 1937 1107 suo-

338 1167 464 1207 rum
492 1147 785 1207 simulacra
809 1149 1083 1203 ﬁnxerunt
1123 1153 1179 1201 et
1213 1153 1541 1210 statuerunt,
1580 1159 1688 1198 non
1722 1159 1934 1209 verum,

340 1241 805 1300 inconvertibilem
834 1248 998 1311 atque
1021 1238 1412 1294 immutabilem
1443 1237 1633 1301 Deum,
1659 1251 1819 1306 quem
1839 1251 1935 1304 pe-

341 1333 490 1388 nitus
513 1333 782 1405 ignorant.
815 1331 1054 1386 Litteras
1077 1345 1293 1400 quoque
1310 1329 1586 1399 alphabeti
1607 1328 1688 1383 sui
1710 1328 1938 1383 credunt

341 1425 577 1480 existere
604 1423 982 1492 sempiternas,
1014 1429 1070 1475 et
1097 1429 1223 1474 ante
1258 1418 1444 1473 mundi
1483 1418 1808 1488 principium
1839 1419 1940 1470 im-

341 1522 586 1584 petrasse
610 1512 823 1568 diversa
864 1509 1186 1575 ministeria,
1231 1508 1426 1580 quibus
1465 1524 1557 1563 eas
1597 1516 1847 1578 oporteat
1885 1508 1940 1562 in

343 1603 543 1661 saeculo
568 1600 879 1674 praesidere.
924 1601 1123 1672 Legem
1155 1616 1283 1656 vero
1313 1599 1602 1655 Mosaicam
1633 1599 1818 1654 multis
1845 1613 1941 1663 an-

343 1709 539 1749 norum
570 1692 855 1747 curriculis
882 1700 1008 1746 ante
1032 1692 1293 1746 mundum
1320 1689 1486 1745 fuisse
1510 1691 1788 1760 scriptam.
1827 1688 1937 1744 Nec

2032 503 2288 573 praecipio
2314 511 2372 556 ut
2394 503 2635 558 adoretis
2661 520 2804 559 eum.
2855 503 3007 572 Quod
3034 503 3126 571 qui
3163 501 3346 557 facere
3370 499 3630 565 noluerit,

2032 602 2244 662 partem
2281 610 2432 649 suam
2473 595 2528 648 in
2573 593 2786 650 inferno
2827 595 3067 650 futuram
3102 609 3222 649 esse
3266 601 3578 662 cognoscat.
3605 613 3629 643 »ι
3683 658 3691 666 μ

2033 687 2178 743 Haec
2214 697 2394 744 autem
2435 689 2616 743 omnia
2665 689 2785 744 ideo
2827 689 3072 744 seniores
3109 701 3300 742 eorum
3350 687 3632 741 conﬁnxe-

2036 791 2184 848 runt,
2219 791 2276 836 et
2309 783 2408 851 ipsi
2439 783 2604 836 stulta
2632 782 3000 838 obstinatione
3027 781 3294 844 lectitant,
3336 788 3398 833 ut
3430 779 3632 834 talibus

2035 872 2358 927 commentis
2389 881 2500 926 tota
2531 880 2588 927 et
2615 873 2833 927 virtutis
2865 881 2920 927 et
2953 871 3222 941 passionis
3254 870 3458 926 Christi
3485 869 3633 924 veri-

2037 967 2462 1027 tas'evacuetur,
2494 970 2550 1017 et
2568 970 2628 1017 ut
2653 963 2900 1018 adoratio
2921 978 3028 1017 non
3055 963 3106 1016 ei
3133 971 3192 1016 ut
3223 963 3334 1018 Deo
3363 963 3633 1016 veraciter

2037 1052 2283 1106 exhiberi
2311 1050 2528 1117 debeat,
2553 1053 2646 1106 sed
2675 1053 2832 1108 Pilati
2867 1061 3075 1107 tantum
3102 1052 3219 1122 lege
3241 1052 3317 1106 illi
3343 1053 3516 1107 delata
3537 1055 3630 1106 sit.

2041 1151 2149 1206 Sed
2182 1159 2238 1205 et
2271 1150 2491 1205 Petrum
2520 1165 2860 1220 nequaquam
2895 1165 2994 1220 per
3019 1149 3294 1220 angelum,
3335 1149 3631 1204 secundum

2039 1244 2199 1299 ﬁdem
2250 1250 2512 1305 nostram,
2559 1241 2625 1295 de
2669 1256 2889 1296 carcere
2932 1241 3206 1305 eductum,
3259 1242 3356 1295 sed
3401 1239 3634 1295 Herodis

2041 1332 2444 1395 misericordia,
2497 1331 2638 1400 apud
2682 1345 2843 1401 quem
2881 1330 3173 1400 plurimum
3215 1329 3330 1399 ejus
3369 1330 3633 1400 sapientia

2039 1423 2205 1478 fuerit
2231 1422 2571 1478 conlaudata.
2617 1421 2857 1490 Denique
2878 1429 2934 1476 et
2953 1420 3295 1476 Christianos
3319 1421 3459 1476 idola
3488 1435 3636 1475 asse-

2041 1527 2169 1572 runt
2211 1517 2460 1582 adorare,
2503 1525 2558 1568 et
2596 1516 2827 1568 virtutes
2863 1529 2984 1583 quae
3014 1513 3156 1582 apud
3184 1529 3286 1569 nos
3321 1521 3633 1568 sanctorum

2041 1607 2521 1663 intercessionibus
2566 1607 2918 1668 obtinentur,
2963 1620 2994 1658 a
3039 1603 3250 1658 diabolo
3293 1603 3413 1658 ﬁeri
3455 1604 3635 1658 dicere

2044 1715 2150 1754 non
2175 1698 2590 1752 exhorrescunt.
2635 1696 2740 1749 Pro
2771 1696 2968 1766 quibus
3009 1696 3260 1750 omnibus
3295 1710 3508 1750 summo
3541 1708 3636 1749 eos

344 1802 452 1842 non
479 1784 750 1839 aﬂirmant
777 1784 960 1855 plures
988 1798 1107 1838 esse
1137 1792 1326 1846 terras,
1367 1783 1520 1852 plura
1551 1780 1785 1846 inferna.
1819 1781 1938 1852 plu-
1965 1766 2013 1824 Β
2041 1789 2165 1846 odio
2194 1791 2543 1860 dignissimos
2571 1804 2692 1844 esse
2717 1789 2838 1858 quis
2861 1788 3136 1859 ambigat?
3171 1789 3328 1843 sicuti
3368 1796 3421 1842 et
3453 1788 3639 1843 odien—

344 1890 544 1947 resque
573 1876 775 1931 ecclos:
803 1891 1031 1944 quorum
1056 1891 1244 1938 unum,
1285 1874 1426 1943 quod
1461 1874 1562 1944 ipsi
1599 1881 1794 1928 vocant
1831 1871 1938 1926 Ra-

346 1967 450 2022 cha
486 1966 647 2052 [pip-1
679 1961 902 2026 Rakiah,
929 1963 1378 2036 ﬁrmamentum],
1416 1965 1470 2019 id
1499 1972 1602 2029 est,
1630 1963 1938 2017 firmamen-

346 2066 484 2122 tum,
516 2055 688 2111 molas
725 2053 821 2109 Dei
856 2063 1159 2110 sustentare
1199 2063 1468 2119 asserunt,
1505 2053 1703 2123 quibus
1742 2069 1938 2106 manna

346 2149 666 2204 sumendum
699 2147 904 2216 angelis
934 2147 1165 2202 molatur
1195 2147 1248 2201 in
1283 2161 1485 2201 escam.
1537 2145 1780 2200 Alterum
1810 2159 1940 2198 vero

348 2237 621 2308 appellant
643 2236 908 2301 Araboth,
938 2237 992 2290 in
1021 2252 1128 2306 quo
1150 2237 1436 2290 Dominum
1465 2243 1714 2290 astruunt
1741 2234 1940 2289 reside-

347 2345 430 2396 re,
461 2331 646 2386 ethoc
667 2345 788 2385 esse
813 2330 867 2384 in
895 2328 1112 2384 Psalmo
1138 2329 1436 2384 secundum
1460 2327 1580 2383 illos
1607 2345 1617 2380 :
1645 2326 1756 2381 Iter
1783 2327 1941 2396 facite

347 2423 396 2475 ei
428 2421 519 2492 qui
551 2418 828 2475 cabatlicat
856 2437 1013 2490 super
1045 2419 1276 2473 Αναὺοιή
1308 2417 1482 2490 (Psat.
1518 2434 1688 2481 van,
1715 2416 1792 2486 5).
1835 2415 1941 2470 Ha-

344 2515 478 2570 bere
500 2514 668 2569 Deum
693 2521 984 2581 propterea
1013 2519 1218 2582 septem
1242 2512 1422 2576 tubas,
1445 2525 1674 2580 quarum
1697 2524 1801 2564 una
1823 2509 1943 2562 mil-

347 2607 401 2662 le
431 2607 481 2662 ei
508 2604 707 2660 cubitis
733 2605 1005 2658 metiatur.
1052 2603 1117 2658 Et
1142 2603 1270 2675 quid
1293 2603 1489 2674 plura?
1532 2602 1688 2657 Nulla
1729 2601 1944 2657 Veteris

347 2695 681 2752 Testamenti
707 2695 924 2766 pagina,
955 2694 1098 2748 nulla
1128 2696 1399 2749 sententia
1424 2704 1528 2759 est,
1561 2694 1629 2748 de
1662 2709 1769 2763 qua
1796 2693 1883 2748 vel
1911 2708 1942 2746 a

349 2788 647 2860 majoribus
693 2788 806 2842 suis
846 2803 951 2842 non
995 2787 1232 2841 habeant
1275 2787 1507 2841 conﬁcta
1542 2795 1596 2842 et
1635 2786 1943 2855 conscripta

350 2877 654 2940 mendacia,
686 2877 771 2930 vel
808 2876 908 2946 ipsi
936 2891 1107 2946 usque
1142 2878 1303 2932 hodie
1335 2893 1473 2933 nova
1509 2892 1721 2946 semper
1757 2889 1944 2945 super-

349 2967 572 3024 stitione
600 2966 930 3038 confingant,
962 2976 1016 3020 et
1042 2968 1357 3039 interrogati
1385 2967 1709 3037 respondere
1734 2982 1943 3037 praesu-

352 3067 522 3114 mant.
570 3058 702 3113 Nam
730 3067 779 3112 et
809 3059 863 3113 in
892 3059 1154 3114 doctrinis
1190 3057 1452 3128 majorum
1479 3075 1701 3115 suorum
1736 3061 1941 3128 legunt,

351 3149 536 3205 Jesum
565 3150 820 3220 juvenem
848 3150 1135 3218 quemdam
1165 3149 1332 3205 fuisse
1359 3151 1500 3219 apud
1535 3165 1630 3205 eos
1658 3149 1948 3206 honorabi-

353 3241 482 3304 lem,
513 3251 567 3295 et
588 3242 902 3312 magisterio
921 3243 1177 3313 Baptista:
1199 3243 1423 3299 Joannis
1445 3244 1733 3306 eruditum,
1760 3257 1950 3314 quam-

353 3334 537 3404 plures
568 3335 822 3389 habuisse
852 3334 1164 3404 discipulos,
1197 3351 1427 3404 quorum
1458 3336 1550 3390 uni
1587 3343 1810 3405 propter
1854 3335 1951 3388 du-

353 3425 541 3480 ritiam
587 3431 643 3480 et
682 3426 1052 3481 bebitudinem
1091 3442 1302 3490 sensus,
1327 3426 1523 3496 Cephte
1563 3427 1614 3480 id
1651 3435 1735 3481 est
1776 3425 1951 3481 Petra:

355 3534 552 3574 nomen
591 3519 928 3588 imposuerit.
978 3518 1044 3572 Et
1083 3523 1207 3574 eum
1237 3527 1642 3588 exspectaretur
1685 3535 1713 3573 a
1754 3519 1951 3589 populo

355 3611 426 3664 ad
465 3610 606 3664 diem
648 3609 866 3675 festum,
909 3610 1172 3678 quosdam
1207 3610 1256 3664 ei
1297 3613 1363 3666 de
1406 3610 1588 3666 schola
1627 3626 1724 3664 sua
1753 3625 1952 3681 pueros

353 3703 678 3765 occurrisse,
712 3702 804 3772 qui
836 3702 911 3756 illi
949 3717 1014 3756 ex
1048 3702 1253 3757 honore
1281 3711 1334 3756 et
1367 3701 1669 3757 reverentia
1707 3701 1952 3771 magistri

354 3796 713 3858 cantaverint,
743 3793 959 3850 Osanna
980 3795 1094 3864 [ilio
1120 3795 1308 3849 David.
1358 3795 1438 3851 Ad
1465 3805 1767 3850 extremum
1799 3809 1950 3859 vero,

353 3899 577 3960 propter
604 3889 759 3958 plura
786 3889 1063 3943 mendacia
1087 3897 1420 3953 accusatum,
1448 3887 1648 3942 Tiberii
1666 3885 1870 3955 judicio
1899 3887 1952 3940 in

358 3994 638 4036 carcerem
665 3988 961 4042 retrusam,
994 3994 1059 4032 eo
1088 3980 1229 4047 quod
1254 3978 1362 4033 ﬁlia
1386 3978 1556 4046 ipsius
1575 3962 1708 4049 '(cui,
1735 3978 1852 4032 sine
1875 3977 1954 4031 vi-

359 4085 442 4133 ro,
469 4069 691 4124 masculi
715 4077 927 4138 partum
945 4069 1287 4141 promiserat)
1306 4069 1496 4138 lapidis
1517 4077 1835 4135 conceptum
1865 4067 1951 4121 in-

362 4158 566 4212 tulerit.
585 4157 711 4212 lnde
736 4159 922 4220 etiam,
950 4156 1114 4210 veluti
1141 4172 1357 4227 magum
1382 4155 1772 4219 detestabilem,
1802 4155 1952 4209 furca

361 4260 719 4317 suspensum;
749 4247 838 4301 ubi
871 4256 925 4300 et
951 4255 1103 4316 petra
1151 4248 1207 4300 in
1236 4247 1409 4317 capite
1435 4261 1756 4317 percussum
1792 4254 1954 4316 atque

359 4339 469 4393 hoc
496 4337 655 4392 modo
686 4336 945 4402 occisum,
971 4335 1125 4404 juxta
1150 4338 1438 4406 quemdam
1464 4337 1840 4408 aquaeductum
1871 4352 1954 4391 se-

2041 1885 2139 1948 dos
2176 1883 2294 1938 illos
2331 1883 2670 1938 demonstrat
2698 1881 2989 1952 scriptura,
3029 1895 3148 1951 quae
3177 1881 3304 1936 dicit
3330 1878 3484 1947 juxta
3527 1878 3635 1934 He-

2041 1976 2280 2030 braicam
2320 1974 2572 2028 videlicet
2609 1973 2894 2028 veritatem
2925 1990 2938 2025 :
2972 1970 3076 2036 Qui
3110 1971 3480 2024 contradicunt
3522 1969 3636 2033 tibi,

2040 2065 2288 2120 scelerate
2309 2064 2432 2119 elati
2445 2074 2567 2119 sunt
2590 2063 2788 2134 frustra
2811 2063 3102 2117 adversarii
3126 2063 3202 2115 tui
3225 2058 3399 2132 (Psal.
3427 2076 3636 2122 Lxxxn,

2041 2157 2119 2227 5).
2176 2155 2366 2209 Nonne
2400 2165 2449 2210 et
2488 2155 2718 2208 odientes
2748 2164 2817 2218 te,
2858 2153 3102 2218 Domine,
3136 2152 3317 2206 adici?
3355 2150 3422 2205 Et
3456 2160 3639 2204 contra

2045 2248 2375 2304 adversarios
2403 2257 2518 2301 tuos
2539 2246 2811 2300 distabui?
2850 2245 3092 2316 Perfecto
3115 2245 3235 2298 odio
3259 2243 3470 2297 oderam
3495 2241 3636 2299 illos.

2041 2341 2243 2395 inimici
2272 2339 2402 2408 facti
2427 2349 2546 2394 sunt
2577 2335 2705 2393 mihi
2737 2338 2909 2410 (Psal.
2940 2354 3201 2401 cxxxvm,
3235 2337 3325 2402 2i,
3358 2335 3470 2406 2‘2).
3521 2335 3640 2402 Quo

2044 2432 2158 2488 zelo
2188 2432 2284 2487 Dei
2321 2430 2538 2487 fervens
2566 2431 2756 2485 beatus
2797 2429 3156 2500 Hieronymus
3180 2429 3232 2483 in
3261 2429 3492 2498 quodam
3522 2426 3642 2481 loco

2043 2528 2125 2583 sic
2149 2528 2215 2582 de
2252 2525 2382 2596 ipsis
2411 2525 2489 2579 ait
2519 2543 2531 2577 :
2568 2542 2586 2574 ι
2617 2523 2676 2578 Si
2705 2524 2921 2593 expedit
2944 2523 3121 2577 odisse
3155 2521 3402 2575 homines
3426 2529 3480 2574 et
3509 2533 3639 2588 gen-

2045 2631 2155 2676 tem
2185 2621 2418 2689 aliquam
2459 2618 2737 2681 detestari,
2777 2617 2914 2672 miro
2951 2617 3074 2670 odio
3103 2629 3328 2669 aversor
3367 2611 3638 2668 concisio-

2047 2729 2191 2770 nem.
2245 2711 2428 2781 lisque
2455 2711 2617 2766 hodie
2643 2711 2789 2764 enim
2811 2715 3207 2778 persequuntur
3238 2703 3523 2760 Dominum
3545 2716 3642 2755 no-

2045 2815 2221 2861 strum
2253 2802 2438 2857 Jesum
2468 2801 2744 2858 Christum
2770 2801 2822 2854 in
2855 2798 3141 2870 synagogis
3165 2795 3402 2851 Satanaz.
3431 2813 3449 2845 ι
3488 2793 3644 2847 ltem—

2046 2909 2152 2966 que
2178 2893 2308 2949 alibi
2341 2892 2533 2965 (Epist.
2568 2891 2692 2958 151,
2726 2900 2909 2962 φιαιεῑ.
2951 2890 3036 2960 10)
3071 2907 3083 2942 :
3121 2907 3138 2938 ‹
3165 2889 3413 2956 Quanta,
3447 2884 3640 2956 inquit,

2049 2986 2371 3042 traditiones
2392 2984 2812 3046 Pharisaeorum,
2839 2996 2976 3051 quas
3000 2980 3159 3035 hodie
3185 2976 3524 3033 deuteroscis
3550 2988 3646 3029 vo-

2048 3084 2196 3142 cant,
2234 3086 2288 3130 et
2313 3090 2476 3146 quam
2511 3073 2680 3128 aniles
2710 3073 2821 3127 sint
2848 3071 3064 3138 fabulae,
3101 3069 3378 3126 revolvere
3409 3079 3640 3136 nequeo.

2052 3168 2315 3237 Pleraque
2338 3177 2447 3221 tam
2479 3166 2655 3236 turpia
2678 3173 2820 3228 sunt,
2861 3172 2923 3218 ut
2948 3164 3265 3219 erubescam
3290 3161 3491 3216 dicere.
3548 3159 3643 3213 Di-

2051 3278 2171 3316 cam
2201 3267 2379 3315 autem
2407 3274 2574 3314 unum
2601 3259 2657 3313 in
2689 3257 2978 3328 ignominia
3004 3255 3180 3325 gentis
3207 3254 3459 3309 inimicae.
3495 3251 3642 3306 Prae—

2052 3354 2257 3423 positos
2278 3353 2481 3407 habent
2499 3350 2788 3420 synagogis
2809 3347 3257 3416 sapientissimos,
3283 3358 3527 3415 quosque
3548 3340 3646 3397 foe-

2051 3445 2122 3499 do
2153 3444 2306 3515 operi
2335 3441 2630 3512 delegatos,
2661 3450 2721 3496 ut
2747 3441 3067 3510 sanguinem
3100 3439 3327 3508 virginis
3356 3439 3470 3492 sive
3497 3451 3648 3491 men-

2053 3544 2293 3600 stt-natae,
2325 3533 2587 3589 mundum
2615 3531 2701 3586 vel
2728 3531 3082 3594 immundum,
3111 3529 3154 3582 si
3182 3527 3354 3582 oculis
3380 3527 3651 3581 discerne-

2055 3642 2113 3681 re
2142 3641 2247 3680 non
2274 3623 2583 3694 potuerint,
2615 3630 2774 3694 gustu
2815 3622 3065 3690 probent.
3107 3619 3409 3685 Prieterea,
3451 3617 3650 3688 quibus

2045 3715 2258 3784 jussum
2285 3724 2370 3769 est
2394 3722 2456 3768 ut
2481 3713 2670 3768 diebus
2695 3711 3045 3766 sabbatorum
3069 3711 3254 3765 sedeat
3275 3708 3649 3778 unusquisque

2055 3807 2108 3860 in
2140 3804 2300 3860 domo
2329 3819 2450 3869 sua,
2479 3811 2532 3859 et
2557 3819 2665 3858 non
2687 3801 3018 3873 egrediatur,
3045 3815 3148 3855 nec
3169 3799 3408 3854 ambulet
3432 3799 3499 3853 de
3527 3797 3647 3853 loco

2055 3898 2109 3952 in
2145 3912 2253 3967 quo
2279 3896 2523 3961 habitat;
2554 3895 2599 3950 si
2628 3896 2845 3964 quando
2873 3907 2936 3948 ea
2959 3892 3115 3965 juxta
3141 3892 3382 3959 litteram
3422 3891 3647 3962 coeperi-

2055 4005 2176 4045 mus
2200 3997 2413 4046 arctare
2436 3997 2496 4043 ut
2515 4006 2622 4044 non
2645 3987 2940 4052 ambulent,
2964 4003 3068 4042 non
3088 3985 3328 4056 jaceant,
3348 4000 3455 4063 non
3480 3992 3644 4048 stent,

2055 4081 2150 4136 sed
2183 4089 2393 4135 tantum
2422 4080 2668 4144 sedeant,
2701 4078 2746 4133 si
2776 4077 2942 4132 velint
2969 4084 3236 4148 praecepta
3268 4087 3519 4138 servare;
3562 4085 3649 4126 so-

2055 4170 2168 4226 lent
2199 4172 2531 4240 respondere
2564 4180 2620 4226 et
2649 4171 2854 4234 dicere,
2881 4181 2907 4210 α
2936 4168 3054 4224 llab
3083 4167 3318 4223 Achibas
3343 4175 3400 4222 et
3427 4165 3648 4220 Simeon

2055 4273 2112 4320 et
2148 4265 2176 4305 δ
2210 4264 2366 4320 Hillel
2401 4262 2643 4334 magistri
2680 4262 2852 4317 nostri
2887 4261 3229 4316 tradiderunt
3257 4259 3416 4314 nobis
3451 4266 3512 4312 ut
3545 4257 3651 4313 duo

2057 4357 2224 4410 millia
2251 4356 2416 4426 pedes
2445 4355 2784 4409 ambulemus
2806 4353 2861 4408 in
2890 4353 3137 4416 sabbato,
3171 4360 3225 4406 et
3247 4359 3442 4406 caetera
3465 4346 3652 4416 hujus-

359 4430 591 4502 pultum,
617 4437 673 4485 ct
695 4429 880 4485 Iudaeo
909 4429 1121 4486 cuidam
1159 4430 1226 4484 ad
1268 4431 1567 4486 custodiam
1607 4430 1945 4485 commenda-

2056 4449 2221 4512 modi,
2239 4448 2512 4504 doctrinas
2534 4445 2814 4500 hominum
2834 4443 3183 4515 praeferentes
3205 4443 3462 4498 doctrina:
3483 4439 3600 4495 Dei.
3627 4459 3646 4492 ι

361 4530 520 4588 tum;
565 4530 726 4576 noctu
767 4537 899 4578 vero
943 4523 1120 4577 subita
1177 4523 1553 4593 aquaaductum
1605 4523 1955 4579 inundatione

361 4612 650 4676 sublatum,
695 4613 852 4667 Pilati
895 4613 1049 4682 jussu
1097 4629 1196 4684 per
1241 4615 1522 4670 duodecim
1567 4614 1721 4669 lunas
1763 4615 1957 4684 quaesi-

363 4709 499 4768 tum,
538 4719 638 4758 nec
669 4719 838 4773 usque
869 4705 1167 4760 inventum.
1215 4705 1368 4760 Tunc
1390 4704 1622 4758 Pilatum
1650 4704 1957 4773 huiusmodi

364 4795 434 4849 ad
458 4810 553 4850 eos
572 4797 944 4867 promulgasse
964 4799 1135 4868 legem
1163 4817 1173 4850 :
1207 4816 1225 4849 ι
1258 4796 1603 4854 Manifestum
1628 4808 1733 4865 est,
1760 4801 1954 4870 inquit,

360 4885 732 4940 resurrexisse
771 4886 920 4940 illum
963 4889 1105 4940 sicut
1144 4889 1490 4956 promiserat,
1530 4889 1621 4960 qui
1662 4899 1713 4944 et
1755 4907 1782 4945 a
1807 4893 1957 4949 vobis

361 4990 463 5044 per
489 4975 748 5031 invidiam
776 4985 1090 5046 peremptus
1111 4986 1214 5040 est,
1239 4987 1293 5032 et
1322 4994 1497 5048 neque
1527 4981 1581 5035 in
1613 4983 1837 5048 tumulo,
1865 5001 1958 5038 ne-

2130 4541 2218 4594 Xl.
2261 4537 2395 4594 Cum
2443 4539 2608 4610 igitur
2645 4545 2724 4591 tot
2755 4537 3027 4606 tantisque
3063 4533 3418 4590 immunditiis
3452 4539 3508 4587 et
3530 4545 3654 4585 scn-

2059 4646 2216 4686 suum
2239 4638 2294 4685 et
2321 4644 2546 4699 Operum
2577 4628 2907 4698 polluantur,
2939 4625 3194 4696 impletur
3227 4639 3452 4694 prorsus
3487 4621 3541 4676 in
3571 4620 3654 4675 eis

2059 4737 2239 4778 sermo
2275 4722 2457 4794 Αεεωί
2486 4722 2780 4792 prophetae,
2810 4735 2918 4790 quo
2950 4718 3299 4788 praecipiente
3332 4715 3436 4770 sibi
3468 4713 3654 4768 Domi-

2062 4827 2132 4866 no
2162 4812 2236 4865 ita
2273 4811 2572 4881 interrogat
2601 4810 2909 4866 sacerdotes
2939 4825 2951 4861 :
2987 4807 3043 4860 Si
3071 4807 3294 4879 tetigerit
3333 4803 3567 4876 pollutus
3597 4803 3653 4856 in

2066 4906 2245 4958 anima
2274 4921 2338 4958 ea:
2369 4904 2604 4959 omnibus
2629 4904 2730 4968 his,
2758 4917 2953 4973 panem
2985 4899 3256 4966 videlicet,
3289 4906 3382 4953 aut
3406 4897 3654 4967 pulmen-

2067 5003 2199 5061 tum,
2227 5005 2320 5051 aut
2345 4997 2550 5060 vinum,
2581 5005 2675 5050 aut
2696 4995 2898 5059 oleum,
2930 5001 3023 5048 aut
3049 5005 3266 5048 omnem
3289 4991 3492 5055 cibum,
3518 5005 3651 5043 iiun-

1726 5093 2002 5155 BALUZII
2036 5101 2268 5158 NOTAE.

437 5193 468 5252 ε
501 5181 614 5235 Rab
638 5182 880 5238 ΑεΙιίὑαε.
907 5180 967 5236 ln
993 5182 1179 5238 codice
1219 5183 1367 5250 regio
1396 5183 1660 5252 scriptum
1683 5193 1766 5239 est
1787 5185 1958 5240 Bara-

367 5251 565 5324 cfribas,
591 5267 690 5321 pro
712 5268 820 5323 quo
843 5252 1124 5324 Massonus
1154 5253 1324 5324 edidit
1343 5251 1653 5324 Barac/aias.
1681 5253 1788 5309 Sed
1815 5258 1956 5324 apud

367 5319 779 5391 llieronjmum,
802 5323 956 5391 cujus
975 5333 1059 5379 est
1079 5324 1170 5379 hic
1188 5323 1356 5385 locus.
1387 5323 1581 5391 legitur
1605 5323 1719 5377 Rab
1741 5319 1950 5380 Akil'ias.

370 5389 477 5442 Pro
501 5405 610 5459 quo
637 5408 756 5465 nos,
793 5389 879 5447 ne
907 5395 1229 5465 scripturam
1271 5389 1466 5465 vetusti
1506 5393 1708 5446 codicis
1740 5393 1957 5450 desere-

369 5475 573 5521 remus,
611 5461 876 5516 edidimus
907 5461 1290 5518 Rab'Ac/ribas.
1347 5463 1411 5515 Et
1456 5462 1751 5530 irrepserat
1799 5479 1956 5520 error

368 5546 436 5585 ex
477 5532 896 5600 transpositione
933 5533 1258 5588 litterarum.

444 5601 469 5638 ιι
495 5599 683 5672 Hillel.
728 5603 820 5655 Vir
849 5601 950 5657 fuit
985 5606 1162 5672 magni
1204 5604 1456 5663 nominis,
1500 5619 1530 5656 ο
1572 5603 1724 5670 cujus
1767 5603 1947 5658 schola

369 5671 690 5744 prodierunt
728 5673 1035 5744 octuaginta
1073 5671 1175 5726 viri
1216 5677 1392 5744 magni
1433 5689 1444 5726 :
1498 5689 1724 5744 quorum
1759 5674 1951 5728 clario-

374 5691 690 5740 promcrunt
728 5691 1035 5741 oetuaglnta
1073 5691 1175 5726 V'Il‘l
1216 5691 1392 5744 magni
1433 5691 1444 5726 ζ
1498 5691 1724 5727 (ΙΙΟΙΊΙΠΙ
1759 5691 1950 5728 Clario-

374 5756 482 5811 res,
527 5751 583 5799 ut
609 5741 988 5800 Gencbrardus
1026 5745 1269 5809 adnotat,
1310 5745 1461 5801 fuere
1501 5691 1768 5800 Jonatban
1806 5745 1950 5801 ﬁlius

2065 5192 2234 5257 Uziel,
2259 5201 2314 5246 et
2345 5191 2564 5248 Simeon
2585 5191 2789 5255 Justus,
2819 5191 2912 5260 qui
2932 5188 3212 5260 Christum
3243 5187 3388 5244 ulnis
3418 5185 3649 5260 excepit.

2061 5263 2172 5318 llos
2219 5256 2400 5316 autem
2423 5262 2504 5317 vel
2555 5278 2625 5316 ex
2659 5277 2727 5316 eo
2771 5256 2981 5315 constat
3021 5258 3192 5314 fuisse
3239 5256 3651 5329 magnos_v_i_ro_s,

2059 5336 2203 5402 quod
2223 5332 2472 5388 Johanan
2499 5333 2610 5386 Ben
2633 5331 2855 5396 Zachei,
2885 5332 2979 5402 qui
3005 5325 3396 5401 discipulorum
3409 5325 3653 5402 _ll_illelis

2059 5395 2316 5456 minimus
2356 5403 2458 5457 fuit
2491 5402 2814 5467 eruditione,
2844 5395 3163 5458 universum
3190 5410 3368 5456 tamen
3399 5395 3655 5467 Cabbalm

2058 5481 2115 5526 et
2140 5472 2547 5542 Scripturarum
2582 5466 2810 5542 corpus,
2847 5481 3072 5529 cunctas
3098 5473 3264 5527 etiam
3294 5466 3654 5542 philosophiae

2057 5552 2241 5610 partes
2264 5539 2631 5599 exactissime
2668 5539 2926 5609 tenuisse,
2975 5560 3040 5599 ac
3088 5539 3309 5600 scholze’
3335 5539 3654 5596 Scribarum

2059 5621 2115 5666 et
2142 5612 2539 5685 Pharismorum
2562 5631 2756 5685 magna
2787 5631 2909 5669 cum
2957 5613 3113 5669 laude
3137 5611 3429 5685 praefuisse
3449 5622 3651 5685 memo-

2061 5691 2231 5738 ratur.
2265 5683 2420 5740 Hillel
2450 5699 2615 5754 porro
2639 5680 2773 5740 vixit
2810 5684 2966 5739 annis
2994 5680 3214 5740 centum
3244 5689 3299 5737 et
3323 5680 3537 5753 viginti.
