4048 6178
343 278 419 336 89
1441 279 1532 337 DE
1571 280 1877 340 JUDAICIS
1917 284 2603 352 SUPERS'I‘ITIONIBUS‘.
3575 314 3650 370 90

344 393 480 465 quid
503 392 1000 448 “nominabitur?
1039 390 1109 446 Et
1146 393 1522 462 responderunt
1560 396 1879 461 sacerdotes,
1903 406 1953 449 et
1981 400 2034 456 A
2059 402 2151 462 tio.
2189 413 2315 460 tunc
2347 407 2502 462 nobis
2541 408 2596 462 in
2635 407 2960 477 adiutorium
2998 414 3169 481 ﬁeret,
3209 431 3345 472 cum'
3373 421 3514 478 hanc
3556 425 3644 481 illa

345 487 602 540 dixerunt
632 499 653 536 :
682 482 1167 538 Contaminabitur.
1227 484 1291 538 Et
1331 487 1594 554 respondit
1639 487 1862 556 Aggteus
1906 498 1954 540 et

346 577 486 630 dixit
511 592 530 630 :
553 575 649 631 Sic
681 574 908 646 populus
941 575 1064 640 iste,
1106 584 1156 629 et
1190 577 1266 628 sic
1305 592 1429 644 gens
1456 577 1558 630 ista
1600 587 1722 630 ante
1766 576 1955 645 faciem

346 684 547 732 meum,
577 667 710 720 dicit
747 665 1034 731 Dominus,
1061 675 1111 720 et
1140 666 1213 719 sic
1243 681 1393 720 omne
1417 682 1546 736 opus
1572 683 1822 720 manuum
1862 683 1955 721 eo-

349 775 474 812 nim
503 757 706 830 (Aggci
731 774 795 823 ιι,
826 757 905 829 4).
951 757 1106 824 Quod
1136 766 1318 812 autem
1346 759 1539 812 horum
1558 760 1801 813 omnium
1827 773 1956 814 cau-

348 865 414 904 sa
439 850 586 903 inter
612 847 864 903 carnales
891 847 1170 902 Israelitas
1213 854 1270 902 et
1295 847 1568 916 spiritales
1611 847 1826 904 Iudaeos
1854 863 1953 904 ne-

347 940 597 996 cessario
636 940 960 996 divisionem
996 939 1116 994 ﬁeri
1146 948 1382 1009 oportet,
1425 941 1652 1011 mystice
1696 941 1956 996 Dominus

350 1045 454 1100 per
478 1029 802 1084 Zachariam
831 1030 1150 1099 prophetam
1184 1029 1430 1099 designat
1458 1031 1644 1085 dicens
1671 1049 1684 1084 :
1710 1030 1778 1085 Et
1815 1049 1956 1101 prte-

352 1122 462 1174 cidi
493 1122 691 1192 virgam
717 1138 890 1175 meam
919 1121 1224 1186 secundum,
1265 1138 1384 1192 qut:
1417 1121 1714 1193 appellatur
1745 1123 1956 1192 funicu-

352 1214 462 1276 lus,
488 1222 546 1267 ut
567 1213 904 1268 dissolverem
921 1214 1319 1283 gemanitatem
1337 1215 1474 1268 inter
1491 1214 1690 1268 ludam
1711 1225 1760 1269 et
1782 1215 1952 1269 Israel

353 1302 549 1371 (lock.
591 1320 670 1371 xi,
703 1303 812 1375 14).
845 1303 1003 1370 Nam,
1028 1303 1186 1373 juxta
1215 1304 1553 1375 Apostolum,
1586 1322 1860 1376 quae-pars
1886 1307 1953 1374 ﬁ-

352 1395 460 1447 deli
487 1411 613 1448 cum
641 1394 884 1462 inﬁdele?
913 1412 1034 1465 qua:
1061 1396 1284 1450 societas
1310 1395 1416 1450 luci
1439 1397 1509 1450 ad
1533 1397 1768 1451 tenebras
1787 1399 1812 1450 .9
1833 1414 1951 1468 quae

350 1485 638 1538 conventio
667 1482 854 1539 Christi
882 1486 952 1538 ad
975 1484 1150 1539 Belial
1173 1487 1198 1538 ?
1229 1484 1286 1539 In
1314 1499 1423 1555 quo
1451 1485 1840 1540 advertendum
1867 1496 1951 1540 est

352 1580 488 1648 quia
527 1578 670 1633 sicut
690 1577 932 1632 inﬁdeles
955 1585 1148 1648 sponte
1169 1585 1578 1648 sequestrantur
1603 1579 1673 1633 ab
1693 1578 1922 1633 ecclesia

353 1672 491 1727 stica
519 1671 923 1734 communione,
953 1678 1016 1724 ut
1032 1671 1086 1724 in
1100 1669 1262 1725 nullis
1289 1669 1457 1724 vel-int
1481 1670 1758 1742 mysteriis
1779 1669 1950 1740 parti-

357 1766 540 1834 cipare
564 1764 832 1828 ﬁdelibus,
863 1765 937 1817 ita
963 1771 1019 1817 et
1047 1762 1233 1818 ﬁdeles
1266 1763 1458 1818 devote
1489 1777 1742 1833 separare
1772 1777 1832 1817 se
1855 1762 1950 1816 de—

355 1857 482 1912 bent
517 1865 573 1910 et
601 1856 854 1911 convictu
899 1863 954 1910 et
992 1855 1255 1910 societate
1291 1852 1616 1919 inﬁdelium;
1659 1861 1714 1908 et
1741 1853 1786 1907 si
1815 1852 1950 1906 locis

355 1949 583 2004 necdum
617 1947 819 2009 valent,
852 1943 1026 2002 donec
1049 1957 1291 2015 tempore
1327 1953 1386 1998 ut
1411 1952 1466 2000 et
1495 1944 1630 1999 locis
1666 1957 1950 2014 segregen-

355 2051 462 2106 tur,
502 2041 647 2104 sicut
683 2039 825 2093 idem
861 2037 1068 2097 ﬁdeles,
1100 2037 1244 2106 quod
1283 2045 1366 2090 est
1402 2035 1658 2097 Ecclesia,
1688 2036 1756 2090 ad
1778 2036 1948 2090 Deum

355 2135 592 2189 clamant
618 2133 866 2187 dicentes
892 2150 904 2184 :
928 2131 1124 2185 Judlca
1151 2148 1249 2197 me,
1280 2130 1446 2193 Deus,
1473 2130 1708 2184 discerne
1733 2146 1948 2184 causam

353 2241 521 2279 meam
541 2223 609 2277 de
635 2232 788 2294 gente
808 2239 913 2277 non
933 2231 1154 2285 sancta;
1181 2222 1325 2292 quod
1346 2230 1475 2276 tunc
1499 2221 1741 2291 perfecte
1765 2221 1951 2291 imple-

353 2317 520 2380 bitur,
551 2314 770 2386 quando
790 2313 885 2369 ﬁet
909 2313 1039 2367 illud
1063 2314 1205 2382 quod
1229 2312 1465 2368 Joannes
1488 2313 1731 2382 Baptista
1762 2314 1948 2369 Domi-

354 2425 482 2463 num
503 2407 752 2478 prmdicit
778 2421 901 2472 esse
925 2405 1214 2470 facturum,
1241 2406 1319 2461 sic
1340 2405 1568 2476 loquens
1592 2423 1605 2459 :
1630 2404 1800 2476 Cujus
1825 2423 1950 2460 ven-

352 2502 602 2556 tilabrum
629 2502 686 2555 in
711 2517 872 2554 manu
895 2515 1013 2563 sua,
1041 2508 1087 2553 et
1112 2498 1477 2570 permundabit
1497 2514 1677 2552 aream
1699 2514 1874 2562 suam,
1897 2505 1948 2551 et

353 2591 690 2663 congregabit
724 2590 954 2644 triticum
974 2590 1030 2643 in
1066 2590 1330 2651 horreum,
1369 2588 1551 2659 paleas
1587 2597 1763 2642 autem
1799 2605 1946 2642 com-

355 2685 502 2737 δια-ει
534 2683 650 2752 igni
670 2679 1093 2750 inesstinguibili.
1135 2679 1274 2735 Ante
1294 2681 1601 2751 passionem
1625 2680 1769 2735 enim
1791 2695 1945 2734 suam

352 2775 629 2829 Dominus
645 2771 829 2827 nolens
842 2771 1017 2826 adhuc
1030 2786 1246 2827 sumere
1259 2786 1454 2840 panem
1467 2770 1701 2824 ﬁliorum
1719 2768 1787 2824 de
1803 2785 1951 2824 men—

351 2880 435 2928 sa,
479 2871 536 2918 et
577 2863 787 2917 mittere
815 2861 1064 2927 canibus,
1110 2861 1292 2916 aiebat
1327 2860 1643 2932 discipulis:
1673 2859 1796 2914 Non
1829 2877 1948 2915 sum

352 2958 570 3020 missus,
604 2955 707 3010 nisi
742 2955 810 3008 ad
844 2971 961 3010 oves
986 2971 1105 3024 quce
1135 2956 1397 3024 perierant
1434 2954 1622 3008 domus
1651 2953 1842 3009 Israel.
1880 2955 1949 3009 Et

354 3047 569 3103 mulieri
595 3046 916 3102 Chananteai
945 3045 1268 3114 loquebatur
1293 3064 1305 3099 :
1332 3057 1359 3086 ι
1387 3043 1514 3100 Sine
1542 3044 1690 3115 prius
1713 3046 1947 3100 saturari

351 3140 512 3207 ﬁlios.
551 3138 633 3193 Ac
661 3138 707 3192 si
734 3137 938 3193 diceret
966 3154 981 3190 :
1013 3136 1286 3192 Olferatur
1311 3137 1544 3207 primum
1574 3137 1730 3206 panis
1751 3137 1845 3206 qui
1879 3138 1947 3193 de

353 3229 493 3284 caelo
525 3227 828 3294 descendit,
870 3227 994 3282 ﬁliis
1023 3229 1115 3297 qui
1154 3227 1429 3282 nutriendi
1469 3237 1596 3282 sunt
1631 3229 1698 3282 ad
1734 3228 1944 3294 vitam;

354 3321 568 3391 illisque
599 3320 914 3389 assumptis,
947 3320 1128 3375 caeteri
1157 3320 1250 3391 qui
1274 3321 1637 3376 remanserint
1656 3320 1945 3388 fastidiosi,

354 3429 477 3468 cum
503 3413 778 3467 dixerint:
803 3411 983 3466 Durus
1017 3420 1090 3466 est
1115 3412 1198 3466 hic
1235 3428 1404 3466 sermo
1426 3425 1445 3464 :
1466 3411 1597 3478 Quis
1631 3421 1796 3482 potest
1826 3429 1947 3467 eum

355 3505 541 3559 audire
561 3505 587 3557 ?
614 3502 890 3568 Quomodo
921 3511 1087 3574 potest
1111 3503 1204 3556 hic
1227 3501 1355 3556 dare
1381 3502 1527 3556 nobis
1553 3519 1765 3557 carnem
1792 3519 1946 3556 suam

355 3597 425 3648 ad
455 3593 931 3649 manducandum?
957 3599 1235 3648 transeant
1268 3592 1500 3646 ministri
1529 3607 1730 3648 mensae
1765 3592 1948 3647 Domi-

356 3687 490 3742 aica:
513 3686 582 3740 ad
610 3700 775 3740 canes
802 3685 1124 3750 esurientes,
1155 3684 1206 3739 id
1231 3691 1339 3748 est,
1379 3683 1609 3753 apostoli
1637 3685 1704 3738 ad
1733 3690 1944 3754 gentes,

358 3778 496 3833 sicut
523 3779 680 3833 beata
708 3778 877 3832 Maria
905 3778 1002 3832 Dei
1024 3777 1256 3847 genitrix
1287 3777 1489 3846 repleta
1519 3775 1724 3845 Spiritu
1755 3784 1945 3830 sancto

356 3869 680 3938 pradixerat
704 3887 716 3922 :
742 3868 1048 3923 Esurientes
1080 3867 1308 3938 implevit
1345 3868 1517 3932 bonis,
1556 3876 1606 3921 et
1641 3868 1827 3921 divites
1869 3867 1948 3921 di-

356 3961 495 4014 misit
515 3962 700 4015 inanes
729 3959 882 4031 (Luc.
925 3976 964 4025 ι,
995 3958 1105 4030 55).
1146 3960 1215 4014 Et
1246 3958 1417 4014 multo
1451 3965 1575 4011 ante
1607 3957 1760 4010 Anna
1796 3957 1947 4027 geni-

358 4051 462 4105 trix
495 4050 806 4106 Samuelis:
833 4049 1035 4121 Repleti
1076 4051 1241 4120 prius,
1275 4066 1371 4120 pro
1394 4049 1617 4120 panibus
1652 4065 1708 4102 se
1738 4047 1944 4102 locave-

357 4151 496 4205 runt,
535 4151 586 4195 et
616 4141 847 4212 famelici
881 4143 1107 4195 saturati
1140 4151 1281 4195 sunt.
1319 4141 1389 4194 Et
1420 4140 1563 4194 inter
1595 4140 1697 4204 llas
1737 4139 1944 4197 medius

354 4232 612 4301 propheta
643 4231 810 4286 Isaias
849 4232 924 4285 ait
951 4249 964 4284 :
998 4229 1133 4284 Ecce
1168 4230 1469 4284 dominator
1501 4229 1760 4283 Dominus
1795 4243 1944 4282 exer-

355 4323 549 4374 citum
578 4321 782 4391 auferet
806 4321 871 4376 ab
916 4319 1250 4375 Hierusalem
1275 4329 1324 4374 et
1351 4320 1416 4374 ab
1441 4319 1587 4374 Juda
1611 4334 1762 4373 omne
1783 4317 1944 4372 robur

351 4413 502 4480 panis
535 4411 676 4482 (Isa.
707 4429 793 4477 ιιι,
823 4412 896 4484 ι).

417 4503 534 4558 XII.
573 4504 725 4570 Quod
753 4505 846 4558 tali
870 4504 1060 4559 ordine
1083 4505 1250 4575 coepit
1266 4505 1500 4574 impleri.
1539 4507 1686 4562 Dixit
1709 4509 1942 4578 primum

352 4595 611 4650 Dominus
651 4595 1097 4665 prmdicatoribus
1135 4595 1294 4650 suis:
1333 4594 1400 4650 In
1444 4598 1556 4651 vias
1601 4599 1831 4668 gentium
1878 4616 1942 4655 ne

348 4687 603 4750 abieritis,
625 4694 678 4739 et
700 4687 756 4739 in
776 4685 1010 4740 civitates
1035 4684 1493 4740 Samaritanorum
1516 4704 1580 4741 ne
1599 4689 1939 4744 intraveritis.

347 4775 688 4828 Ascensurus
721 4787 854 4827 vero
890 4773 958 4827 ad
997 4773 1162 4829 cmlos
1196 4775 1274 4829 ait
1307 4794 1320 4828 :
1355 4772 1554 4830 Euntes
1595 4777 1650 4830 in
1685 4778 1938 4833 mundum

351 4867 669 4933 universum,
698 4867 982 4937 prtedicate
1006 4866 1346 4938 Evangelium
1377 4869 1516 4922 omni
1548 4873 1822 4925 creatum.
1865 4871 1936 4927 Ut

351 4958 553 5014 scilicet
578 4960 730 5030 prius
750 4975 780 5014 a
803 4958 989 5015 Iudaea
1023 4960 1391 5028 apostolorum
1427 4962 1638 5032 repulsa
1670 4965 1933 5032 praedica-

2057 499 2123 552 ad
2149 499 2510 556 damnationis
2539 518 2650 557 suae
2681 506 3048 561 testimonium
3073 511 3304 578 superba
3336 514 3642 584 repulisset.

2055 589 2297 659 Cumque
2324 591 2428 646 hoc
2465 593 2675 663 impleri
2715 597 2988 664 cmpisset,
3018 607 3076 654 et
3095 599 3210 667 jam
3235 609 3447 673 tempus
3481 607 3646 664 adve-

2055 682 2225 737 nisset
2250 690 2311 736 ut
2334 683 2688 753 implerentur
2713 689 3011 757 prOpbetim
3034 691 3100 746 de
3128 699 3496 764 assumptione
3516 713 3646 768 gen-

2056 773 2190 826 tium
2209 783 2264 828 et
2283 775 2590 844 repulsione
2609 774 2938 844 Iudaeorum,
2962 782 3378 848 praedicantibus
3400 786 3570 842 Paulo
3589 798 3646 844 et

2055 862 2320 930 Barnaba,
2361 872 2416 919 et
2453 869 2904 925 concurrentibus
2941 871 3128 927 audire
3157 874 3380 930 verbum
3406 878 3651 944 Domini,

2053 955 2198 1011 sicut
2219 957 2482 1026 scriptum
2506 967 2588 1014 est
2616 960 2670 1012 in
2697 960 2924 1017 Actibus
2949 963 3322 1034 apostolorum
3347 985 3360 1020 :
3400 965 3648 1023 Videntes-

2053 1046 2234 1100 turbas
2268 1047 2469 1112 Judaei,
2501 1050 2681 1119 repleti
2714 1063 2836 1106 sunt
2865 1052 3000 1120 zelo,
3033 1065 3080 1109 et
3109 1057 3533 1113 contradicebant
3561 1060 3643 1114 Itis

2052 1155 2172 1207 qua!
2199 1156 2231 1192 a
2265 1136 2440 1193 Paulo
2473 1140 2802 1206 dicebantur,
2840 1142 3273 1213 blasphemantes.
3331 1147 3477 1201 Tunc
3517 1165 3644 1203 con-

2052 1236 2256 1281 stanter
2279 1226 2484 1284 Paulus
2514 1239 2562 1284 et
2586 1231 2860 1287 Barnabas
2881 1233 3128 1289 dixeram
3149 1250 3167 1287 :
3197 1235 3351 1292 Vobis
3377 1241 3644 1307 oportebat

2049 1319 2278 1386 primum
2311 1317 2454 1389 loqui
2485 1321 2692 1374 verbum
2723 1321 2842 1376 Dei.
2884 1321 2989 1378 Sed
3017 1326 3266 1395 quoniam
3303 1327 3550 1396 repellitis
3579 1329 3646 1382 il-

2051 1408 2164 1473 lud,
2187 1417 2234 1462 et
2254 1408 2495 1480 indignos
2515 1427 2603 1464 vos
2614 1411 2870 1480 judicatis
2892 1421 3102 1468 (sternte
3124 1415 3262 1480 vitm,
3296 1433 3410 1469 ecce
3429 1433 3644 1470 conver-

2052 1500 2214 1552 timur
2242 1500 2312 1553 ad
2340 1509 2536 1570 gentes.
2579 1498 2668 1554 Sic
2703 1501 2838 1555 enim
2874 1505 3117 1573 prcecepit
3158 1505 3303 1559 nobis
3339 1505 3598 1562 Dominus
3623 1522 3644 1561 :

2052 1588 2218 1646 Ροεκί
2239 1602 2288 1646 te
2315 1593 2369 1646 in
2395 1593 2569 1648 lumen
2595 1594 2851 1663 gentibus,
2880 1603 2937 1648 ut
2967 1595 3038 1650 sis
3057 1596 3114 1650 in
3137 1595 3360 1650 salutem
3389 1615 3549 1668 usque
3569 1599 3640 1652 ad

2051 1692 2339 1738 extremum
2354 1694 2528 1739 teme.
2565 1685 2846 1741 Audientes
2869 1697 3042 1742 autem
3063 1697 3258 1759 gentes,
3281 1691 3474 1760 gavisa:
3493 1700 3642 1754 sunt,

2053 1784 2103 1828 et
2122 1773 2488 1844 gloriﬁcabant
2522 1777 2731 1832 verbum
2761 1778 3012 1844 Domini;
3039 1788 3086 1832 et
3114 1780 3450 1835 crediderunt
3487 1791 3633 1852 quot-

2049 1874 2176 1933 quot
2197 1877 2346 1919 erant
2367 1869 2710 1938 preeordinati
2739 1869 2808 1922 ad
2833 1871 2988 1924 vitam
3013 1880 3284 1925 (sternam.
3317 1871 3642 1929 Dissemina—

2052 1957 2208 2011 batur
2230 1967 2406 2012 autem
2434 1959 2645 2014 verbum
2668 1960 2878 2015 Domini
2907 1978 3000 2032 per
3034 1963 3328 2017 universam
3355 1965 3634 2048 regionem.

2049 2048 2228 2103 Judaei
2257 2058 2432 2104 autem
2463 2052 2854 2105 concitaverunt
2881 2053 3122 2108 mulieres
3165 2053 3435 2124 religiosas
3471 2063 3517 2109 et
3545 2055 3640 2109 lto-

2051 2150 2246 2204 aestas,
2272 2149 2320 2193 et
2346 2141 2542 2211 primos
2578 2141 2828 2207 civitatis,
2853 2152 2899 2196 et
2931 2145 3287 2199 excitaverunt
3320 2146 3639 2216 persecutio-

2051 2249 2167 2286 nem
2195 2233 2249 2286 in
2289 2229 2522 2288 Paulum
2555 2243 2604 2289 et
2627 2235 2954 2302 Barnabam,
2991 2247 3038 2290 et
3067 2237 3327 2308 ejecerunt
3355 2255 3443 2294 eos
3475 2239 3540 2293 de
3574 2240 3640 2308 fi-

2029 2325 2204 2379 'nibus
2227 2326 2358 2380 suis.
2395 2327 2462 2380 At
2485 2327 2566 2380 illi
2594 2344 2813 2383 excusso
2839 2329 3047 2399 pulvere
3066 2331 3257 2401 pedum
3281 2333 3336 2386 in
3360 2348 3468 2399 eos,
3492 2349 3637 2387 vene-

2049 2424 2172 2468 runt
2195 2413 2454 2469 Iconium.
2500 2415 2758 2484 Discipuli
2782 2434 2986 2489 quoque
3011 2419 3343 2489 replebantur
3367 2420 3562 2491 gaudio
3587 2428 3637 2474 et

2049 2501 2251 2572 Spiritu
2295 2513 2495 2558 sancto.
2553 2504 2686 2560 Item
2720 2506 2773 2559 in
2821 2507 3012 2560 eodem
3045 2506 3509 2572 librozInstabat,
3550 2507 3636 2563 in-

2048 2593 2188 2662 quit,
2222 2593 2374 2648 verbo
2410 2593 2635 2660 Paulus,
2665 2595 2954 2663 testiﬁcans
2982 2595 3188 2650 Juda'is
3223 2614 3332 2652 esse
3368 2595 3638 2651 Christum

2047 2681 2250 2737 Jesum.
2291 2679 2782 2739 Contradicentibus
2820 2693 2995 2739 autem
3032 2686 3108 2740 eis
3141 2695 3191 2740 et
3229 2685 3636 2757 blasphemanti—

2048 2774 2167 2840 bus,
2207 2774 2472 2830 excutiens
2509 2774 2811 2828 vestimenta
2843 2791 2943 2828 sua
2979 2775 3113 2830 dixit
3149 2776 3218 2829 ad
3255 2793 3342 2830 eos
3363 2789 3380 2826 :
3405 2775 3636 2847 Sanguis

2048 2875 2214 2920 vester
2237 2882 2395 2937 super
2425 2874 2580 2936 caput
2616 2875 2868 2932 vestrum,
2907 2867 3134 2922 mundus
3173 2884 3290 2939 ego,
3325 2884 3389 2922 ea:
3426 2867 3524 2922 hoc
3561 2868 3634 2922 ad

2047 2966 2222 3026 gentes
2259 2957 2468 3012 vadum.
2507 2957 2580 3012 Et
2614 2957 2846 3028 migrans
2882 2957 3027 3023 inde,
3068 2957 3282 3014 intravit
3322 2959 3379 3013 in
3420 2957 3636 3012 domum

2049 3047 2329 3118 cujusdam
2371 3049 2579 3104 nomine
2618 3049 2648 3090 ι’
2687 3048 2794 3102 Titi
2823 3048 2988 3103 Iusti.
3041 3047 3173 3103 Item
3217 3047 3330 3102 ibi:
3355 3046 3631 3117 Ingressus

2051 3153 2226 3197 autem
2251 3156 2572 3211 synagogam
2595 3137 2821 3204 Paulus,
2849 3154 2967 3192 cum
2994 3137 3191 3208 ﬁducia
3218 3136 3528 3208 loquebatur
3545 3152 3640 3206 per

2050 3245 2155 3290 tres
2194 3249 2393 3288 menses
2422 3233 2697 3301 disputans
2722 3238 2769 3284 et
2795 3229 3023 3284 suadens
3063 3229 3126 3283 de
3156 3245 3313 3299 regno
3341 3226 3460 3282 Dei.
3499 3225 3634 3282 Cum

2050 3335 2225 3380 autem
2253 3323 2472 3395 quidam
2498 3322 2895 3387 indurarentur,
2924 3330 2973 3376 et
3004 3338 3109 3376 non
3145 3320 3431 3386 crederent,
3471 3317 3634 3374 male-

2048 3417 2278 3471 dicentes
2297 3414 2435 3468 viam
2459 3412 2672 3466 Domini
2693 3428 2872 3466 coram
2893 3411 3249 3476 multitudine,
3279 3409 3548 3466 discedens
3569 3410 3635 3466 ab

2046 3507 2144 3571 eis,
2172 3503 2457 3575 sqregavit
2484 3500 2789 3572 discipulos.
2831 3501 2890 3556 In
2915 3502 3112 3570 quibus
3140 3500 3321 3556 verbis
3344 3499 3634 3556 subtilissi-

2046 3613 2136 3654 me
2159 3597 2496 3669 pensandum
2521 3601 2608 3651 est
2631 3594 2758 3664 quia
2780 3594 2922 3650 sicut
2945 3594 3205 3664 paulatim
3231 3592 3512 3648 crescebat
3539 3609 3636 3647 nu-

2047 3705 2232 3744 merus
2251 3688 2488 3744 ﬁdelium
2509 3702 2577 3743 ex
2593 3686 2862 3757 gentibus,
2885 3691 2940 3741 et
2965 3685 3216 3740 duriores
3242 3682 3442 3739 ﬁebant
3460 3680 3631 3736 Judai

2046 3782 2308 3836 adversus
2326 3780 2551 3834 verbum
2583 3777 2814 3841 Domini,
2838 3776 3263 3844 desinebantque
3282 3773 3527 3839 credere,
3553 3775 3638 3829 sic

2045 3871 2306 3941 paulatim
2333 3876 2549 3924 ostensa
2578 3875 2664 3922 est
2695 3874 2752 3920 et
2788 3862 3088 3934 segregatio
3115 3863 3532 3932 praedicatorum
3560 3863 3630 3919 ab

2045 3962 2144 4017 eis.
2181 3959 2318 4014 Nam
2349 3966 2405 4014 et
2438 3956 2763 4011 vestimenta
2783 3969 2882 4009 sua
2904 3961 2960 4007 et
2986 3954 3182 4023 pedum
3221 3951 3498 4022 pulverem
3537 3966 3633 4006 ex-

2046 4060 2334 4111 cusserunt
2366 4052 2423 4106 in
2461 4065 2590 4115 eos;
2632 4047 2992 4117 adimpleutes
3023 4053 3353 4117 praeceptum
3394 4044 3630 4111 Domini,

2045 4145 2138 4216 qui
2164 4142 2456 4213 discipulos
2479 4140 2559 4213 ad
2585 4138 2988 4211 praedicandum
3013 4138 3252 4203 mittens,
3283 4136 3398 4190 ait:
3426 4135 3497 4190 Et
3517 4136 3633 4207 qui-

2043 4253 2246 4308 cunque
2286 4252 2394 4290 non
2426 4232 2675 4304 receperit
2713 4248 2828 4297 vos,
2867 4247 2960 4285 nec
2997 4230 3224 4285 audierit
3251 4245 3513 4284 sermones
3543 4245 3630 4284 ve-

2043 4340 2220 4395 stros;
2259 4334 2504 4382 exeuntes
2543 4324 2687 4394 foras
2723 4323 2789 4377 de
2821 4322 2979 4377 domo
3016 4320 3096 4376 vel
3133 4322 3370 4384 civitate,
3407 4320 3633 4374 excutite
3746 4322 3751 4327 '

1963 4431 2016 4492 1)
2041 4422 2302 4496 pulverem
2328 4419 2394 4473 de
2421 4417 2636 4489 pedibus
2663 4417 2865 4471 vestris.
2908 4416 3072 4470 Amen
3097 4413 3214 4466 dico
3242 4413 3406 4477 vobis,
3433 4411 3627 4466 tolera-

2043 4514 2207 4569 bilius
2235 4511 2334 4566 erit
2369 4519 2524 4562 terra:
2575 4504 2924 4561 Sodomorum
2969 4513 3018 4557 et
3061 4499 3522 4556 Gomorrlttcorum
3571 4500 3626 4552 in

2041 4605 2127 4659 die
2148 4599 2365 4672 judicii,
2394 4613 2554 4668 quam
2588 4595 2669 4649 illi
2709 4594 2925 4648 civitati.
2959 4592 3245 4647 Pulverem
3277 4604 3409 4645 vero
3435 4589 3502 4643 de
3533 4603 3630 4658 pe-

2043 4695 2200 4751 dibus
2221 4691 2484 4761 jubeutur
2507 4694 2766 4744 excutere
2791 4685 2844 4740 in
2883 4683 3249 4739 testimonium
3281 4679 3482 4736 laboris
3515 4681 3624 4745 sui,

2041 4787 2185 4859 quod
2211 4781 2438 4855 ingressi
2461 4789 2587 4836 sunt
2606 4779 2898 4840 civitatem,
2921 4784 2978 4831 et
2995 4774 3306 4846 praedicatio
3330 4770 3621 4843 apostolica

2042 4879 2110 4933 ad
2146 4877 2266 4932 illos
2299 4886 2468 4942 usque
2505 4869 2833 4940 pervenerit.
2875 4866 3000 4923 Sive
3043 4866 3316 4922 excutitur
3356 4863 3531 4934 pulvis
3566 4869 3624 4916 ut

2042 4972 2176 5028 nihil
2201 4971 2270 5025 ab
2296 4969 2377 5024 eis
2407 4946 2694 5035 accipiant,
2724 4979 2791 5018 ne
2812 4963 2879 5018 ad
2907 4963 3109 5017 victum
3134 4960 3350 5031 quidem
3376 4971 3626 5012 necessa-

1708 5094 1980 5153 BALUZII
2017 5095 2249 5153 NOTJE.

419 5185 596 5258 {Sine
622 5188 773 5258 prius
810 5187 1047 5242 saturari
1069 5187 1230 5258 ﬁlios.
1264 5186 1438 5241 Verba
1460 5185 1670 5258 Christi
1706 5196 1832 5241 sunt
1867 5188 1935 5242 ad

351 5256 632 5313 mulierem
656 5258 1045 5314 Cbananaeam.
1089 5257 1204 5311 Hoc
1232 5265 1413 5311 autem
1455 5257 1600 5310 inter
1623 5265 1817 5312 ctetera
1847 5274 1936 5311 ar-

350 5336 599 5398 genucula
633 5344 768 5384 usus
801 5336 890 5383 est
923 5327 1018 5398 illo
1042 5329 1134 5396 qui
1169 5335 1399 5381 exeunte
1434 5335 1711 5398 postremo
1737 5328 1934 5383 saeculo

348 5397 525 5454 theses
560 5399 746 5455 emisit
807 5401 862 5452 in
896 5397 1194 5468 publicum,
1232 5407 1291 5451 ut
1317 5397 1632 5452 ostenderet
1681 5397 1935 5452 mulieres

349 5485 450 5523 non
493 5485 613 5524 esse
653 5471 926 5525 homines.
959 5468 1112 5535 Quod
1152 5469 1272 5522 ideo
1313 5469 1487 5521 visum
1528 5474 1616 5520 est
1652 5468 1932 5530 adnotare,

349 5547 404 5612 ut
437 5540 698 5612 intelligat
733 5540 914 5594 lector
939 5553 1044 5594 non
1075 5550 1190 5592 tum
1229 5538 1460 5612 primum
1485 5536 1743 5612 agitatam
1768 5537 1935 5612 fuisse

347 5607 482 5664 hanc
516 5606 913 5680 qumstionem,
953 5623 1127 5678 neque
1162 5608 1326 5662 animi
1367 5607 1804 5680 tantumkgratia,
1837 5606 1931 5680 sed

348 5682 484 5736 serio
521 5677 864 5754 propositam
907 5681 973 5734 ab
1010 5677 1263 5750 episcopo
1306 5677 1538 5746 quodam
1568 5677 1844 5735 Gallicauo
1876 5678 1928 5732 in

2041 5189 2248 5261 synodo
2292 5185 2673 5261 Matisconensi
2719 5199 2861 5240 anno
2893 5182 3095 5261 ἓξὲξ-ιιι-
3119 5177 3413 5261 Gregorius
3451 5178 3623 5234 'I'uro—

2039 5248 2224 5329 nensis
2249 5266 2437 5329 narrat
2463 5255 2557 5329 lib.
2581 5271 2702 5329 vn},
2741 5269 2864 5329 cap.
2891 5253 2960 5307 20
2984 5248 3618 5329 IlistoriteFrancorum.

2111 5331 2137 5370 δ
2173 5328 2276 5382 Titi
2294 5325 2457 5381 Iusti.
2493 5325 2606 5380 Vox
2630 5324 2774 5378 Iusti
2795 5319 2903 5378 non
2933 5328 3113 5378 exstat
3143 5319 3413 5380 incedicc
3437 5335 3623 5374 manu-

2037 5399 2260 5468 scripto.
2288 5398 2419 5451 Eam
2439 5403 2644 5468 _ta_men
2676 5394 2840 5468 habet
2868 5389 3340 5468 Editio__Masson_i,_
3365 5405 3484 5468 qua:
3511 5389 3618 5443 Titi

2037 5460 2258 5533 nomen,
2276 5468 2418 5538 quod
2439 5466 2670 5538 habetur
2692 5465 2745 5517 in
2768 5461 3167 5538 vetericodice,
3183 5460 3386 5538 omisit.
3407 5460 3621 5538 Inrum-

2035 5555 2143 5608 que
2166 5529 2695 5608 autemgvocabulum
2721 5540 2908 5608 exstat
2933 5532 3036 5608 hoc
3061 5531 3178 5586 loco
3208 5531 3262 5585 in
3303 5529 3452 5584 Actis
3481 5529 3620 5598 Apo-

2039 5602 2322 5664 stolorum.
2355 5606 2538 5675 Itaque
2567 5602 2890 5658 retinuimus
2923 5603 2990 5659 ob
3014 5618 3132 5660 eam
3170 5617 3386 5656 causam
3416 5608 3622 5660 utrum-

2042 5695 2166 5748 que.
