4040 6182
366 339 468 394 91Δ

1334 333 1393 388 s.
1434 331 1782 387 AGOBARD]
1824 327 2128 384 muscum
2171 327 2655 385 LLIGDlj-NENSIS
3577 292 3662 395 π.

370 454 530 516 rium,
565 451 658 521 qui
683 448 1036 520 Evangelium
1068 447 1390 517 spreverint.
1433 445 1525 500 Sic
1545 445 1690 500 enim
1721 460 1752 498 a
1778 443 1958 498 docto-
1983 447 2035 502 Α
2064 442 2228 494 rimos
2254 455 2320 493 ex
2345 441 2445 494 loci
2483 441 2630 494 illius
2656 441 2847 494 incolis
2873 441 3074 495 Christi
3131 441 3254 496 ﬁdei
3297 445 3612 517 subjugalos
3631 487 3645 513 ,

369 544 520 596 ribus
565 543 851 611 exponitur
896 539 1144 594 excussio
1191 537 1466 606 pulveris,
1519 552 1626 590 non
1677 535 1848 590 solum
1899 534 1951 587 in

371 633 680 703 Evangelio,
709 633 799 686 ubi
832 631 1162 701 pnecipitur,
1200 629 1292 683 sed
1323 637 1380 682 et
1407 630 1461 682 in
1484 628 1708 683 Actibus
1735 635 1951 695 aposto-

369 721 568 785 lorum,
595 723 683 775 uhi
709 721 1008 791 perﬁcitur.

442 812 572 865 Xlll.
615 812 682 865 Et
703 813 826 865 inde
851 820 936 865 est
955 811 1097 880 quod
1129 811 1182 863 in
1203 811 1396 880 primis
1417 809 1639 878 quidem
1667 849 1682 872 ,
1737 807 1956 876 quando

369 904 636 973 segregati
672 910 799 955 sunt
826 902 880 954 in
908 915 1043 970 opus
1085 901 1280 954 Paulus
1309 907 1361 952 et
1391 899 1683 956 Barnabas,
1715 912 1814 965 per
1846 897 1957 950 sin-

367 993 520 1061 gnlas
547 992 794 1044 civitates
821 990 1072 1060 leguntur
1112 989 1343 1042 intrasse
1387 1001 1688 1056 synagogas
1738 982 1954 1038 Iudaeo-

367 1101 510 1147 rum,
544 1093 600 1137 et
628 1083 868 1137 sabbatis
909 1082 1217 1150 disputasse
1256 1081 1322 1132 de
1351 1093 1518 1148 regno
1546 1077 1680 1140 Dei,
1729 1076 1781 1129 id
1835 1084 1952 1138 est,

365 1175 583 1243 quando
613 1173 853 1227 collecta;
890 1170 1095 1224 ﬁebant
1122 1168 1451 1222 Judaeorum.
1505 1168 1562 1221 ln
1591 1166 1829 1221 secunda
1867 1181 1959 1219 au-

366 1277 474 1320 tem
525 1263 941 1319 circumcisione
976 1258 1104 1332 [F.,
1162 1257 1564 1329 circumitione]
1600 1273 1696 1326 per
1743 1255 1976 1326 singula-

365 1360 561 1413 iterum
596 1357 715 1412 loca
741 1355 941 1410 Paulus
971 1362 1026 1408 et
1063 1352 1205 1407 Silas
1233 1351 1486 1422 leguntur
1506 1349 1747 1419 suscepti
1774 1364 1898 1403 esse
1925 1363 1956 1402 a

361 1449 642 1510 fratribus,
671 1456 726 1501 et
768 1445 1038 1500 mansisse
1060 1442 1200 1511 apud
1231 1440 1444 1494 fratres.
1483 1438 1637 1494 Unde
1674 1449 1729 1494 et
1768 1455 1959 1494 ascen-

363 1540 618 1594 dentibus
670 1537 835 1591 Paulo
881 1545 940 1590 et
971 1535 1136 1590 sociis
1195 1532 1311 1600 ejus
1350 1530 1724 1594 Hierusalem,
1780 1531 1960 1584 ierunt

362 1644 486 1682 cum
509 1630 588 1682 eis
609 1628 775 1696 aliqui
801 1642 868 1680 ex
890 1625 1172 1694 discipulis
1203 1640 1231 1676 a
1263 1623 1535 1686 Caesarea,
1567 1634 1593 1661 ι
1626 1621 1957 1676 deducentes

362 1735 569 1782 secum,
603 1728 663 1772 nt
714 1719 1143 1786 bospitarentur,
1181 1715 1494 1768 Mnasonem
1536 1713 1825 1781 quemdam
1853 1709 1957 1782 Cy-

2055 545 2118 583 ac
2150 528 2341 582 salutis
2369 545 2480 583 suae
2526 528 2777 582 nuntium
2807 528 3109 583 innumeris
3138 531 3436 588 hortm'ibus
3464 551 3649 604 prose—

2053 629 2228 674 cutos.
2263 620 2328 672 Et
2356 621 2470 673 haec
2497 619 2719 687 quidem
2769 621 2837 673 ab
2863 621 3108 689 apostolo
3139 619 3305 676 Paulo
3330 623 3406 677 ita
3433 637 3661 683 constat

2053 724 2176 764 esse
2200 718 2438 764 servata.

2125 800 2242 854 XV.
2285 800 2343 854 Si
2371 800 2494 868 quis
2525 816 2656 854 vero
2711 809 2766 854 et
2799 801 3063 870 principis
3088 805 3457 871 apostolorum
3501 808 3650 864 Petri

2055 899 2204 958 gesta
2227 890 2560 954 consideret,
2587 891 2790 944 videbit
2817 892 2984 945 etiam
3007 892 3312 962 ingressum
3339 897 3516 966 ipsum
3554 901 3654 953 ali-

2055 979 2274 1048 quando
2303 980 2368 1032 ad
2399 981 2737 1047 Cornelium,
2759 990 2815 1036 et
2835 998 2930 1038 eos
2949 984 3042 1051 qui
3070 1000 3193 1038 cum
3239 986 3356 1055 ipso
3385 991 3614 1045 aderant
3634 1033 3651 1054 ,

2057 1085 2164 1123 non
2197 1069 2348 1139 prius
2375 1071 2516 1138 apud
2562 1071 2681 1125 illos
2707 1073 2977 1128 mansisse
3011 1083 3100 1127 aut
3132 1077 3408 1146 accepisse
3432 1079 3614 1132 cibum
3637 1119 3650 1143 ,

2055 1175 2220 1228 quam
2249 1168 2438 1214 sancto
2467 1159 2676 1230 Spiritu
2725 1163 2938 1230 repleti,
2967 1172 3024 1218 et
3064 1165 3121 1219 in
3169 1165 3374 1221 Christi
3433 1170 3655 1224 nomine

2056 1250 2342 1320 baptizati,
2373 1249 2613 1305 ﬁdelium
2635 1252 2782 1320 digni
2807 1253 3003 1308 ﬁerent
3021 1256 3274 1310 convictu
3303 1267 3358 1312 et
3373 1261 3650 1314 societate.

2059 1340 2244 1395 Sedet
2269 1342 2411 1409 apud
2455 1339 2686 1411 Joppen,
2719 1343 2774 1397 in
2806 1343 2966 1399 domo
3016 1345 3190 1401 ﬁdelis
3242 1347 3521 1416 cujusdam
3561 1350 3651 1404 Si.—

2057 1433 2236 1486 monis
2264 1433 2872 1503 coriariihospitatum,
2926 1439 3262 1494 esurientem
3292 1451 3510 1510 gusttre
3562 1459 3656 1496 vo-

2057 1522 2245 1587 luisse,
2269 1523 2360 1577 ubi
2390 1531 2446 1577 et
2477 1539 2574 1579 vas
2597 1524 2823 1579 linteum
2848 1526 3066 1594 plenum
3097 1529 3332 1585 diversis
3359 1533 3654 1588 animanti-

2055 1613 2158 1668 bus
2184 1614 2397 1669 cmlitus
2418 1615 2696 1684 delapsum
2740 1617 2890 1680 vidit,
2923 1618 3065 1674 facta
3091 1622 3156 1674 ad
3185 1637 3245 1676 sc
3279 1639 3448 1678 voce:
3486 1625 3646 1690 Quod

2057 1703 2202 1758 Deus
2231 1706 2523 1769 mandavit,
2552 1715 2609 1760 ta
2642 1724 2706 1761 ne
2755 1725 3027 1762 commune
3055 1711 3275 1765 dixeris.
3323 1713 3436 1769 Hoc
3471 1726 3654 1770 autem

361 1810 540 1880 prium
563 1810 844 1878 antiquum
871 1807 1215 1876 discipulum.
1249 1806 1315 1858 Et
1355 1820 1479 1858 cum
1513 1804 1790 1859 venissent
1833 1803 1956 1858 llie-
1982 1791 2028 1849 Β
2056 1811 2156 1864 Per
2184 1806 2268 1851 ιθι*
2295 1795 2500 1852 malim
2529 1813 2652 1853 θδεθ
2687 1807 2969 1864 mnam?»
2993 1808 3051 1853 ιιι
3082 1816 3177 1869 Per
3231 1802 3392 1858 ﬁdem
3448 1815 3661 1862 δίηται-υ.

361 1901 711 1970 rosolymam,
735 1907 1068 1968 exceperunt
1093 1914 1187 1952 eos
1218 1896 1431 1950 fratres.

429 1989 568 2044 XIV.
611 1991 784 2059 Atque
836 1989 995 2042 istius
1056 1987 1254 2056 regulae
1323 1986 1719 2040 districtionem
1765 1992 1957 2066 servat

359 2081 558 2150 ubique
589 2081 695 2134 V'as
725 2080 1029 2143 electionis,
1067 2090 1122 2133 et
1152 2080 1411 2149 magister
1438 2077 1678 2147 gentium
1705 2076 1904 2130 Paulus
1935 2094 1948 2129 :

357 2175 501 2243 quod
529 2172 772 2241 diligenti
800 2171 997 2239 cuique
1050 2169 1259 2232 lectori,
1302 2167 1385 2221 vel
1417 2167 1650 2220 auditori
1682 2165 1839 2218 facile
1869 2173 1956 2220 est

359 2280 424 2318 ex
457 2265 588 2332 ipsis
618 2263 785 2332 gestis
810 2260 925 2328 ejus
965 2273 1280 2331 agnoscere.
1314 2258 1558 2326 Denique
1587 2265 1642 2310 et
1671 2257 1725 2310 in
1757 2255 1956 2325 Philip-

360 2357 446 2426 pis
471 2371 596 2412 cum
625 2355 967 2424 pratdicaret,
1001 2368 1106 2408 nec
1142 2353 1195 2406 in
1232 2352 1452 2406 domum
1482 2349 1662 2419 Lydia:
1688 2363 1955 2418 purpura-

359 2449 475 2512 rire,
515 2447 642 2501 licet
662 2446 892 2501 colentis
915 2444 1106 2510 Deum,
1138 2443 1397 2498 introisse
1433 2441 1651 2510 legitur,
1678 2447 1770 2493 aut
1795 2454 1952 2494 man-

359 2539 520 2602 sisse,
553 2537 702 2606 prius
722 2551 887 2606 quam
914 2551 1036 2590 eum
1063 2535 1210 2589 omni
1259 2535 1420 2588 domo
1443 2548 1540 2587 sua
1593 2533 1647 2586 in
1676 2531 1954 2586 Christum

357 2630 588 2685 credens
608 2629 980 2699 baptizaretur
1004 2646 1016 2680 :
1060 2641 1162 2681 nec
1191 2627 1248 2680 in
1279 2626 1424 2680 illius
1445 2624 1702 2679 similiter
1730 2625 1953 2678 domum

357 2721 447 2790 qui
475 2730 658 2774 custos
685 2727 804 2773 erat
825 2719 1068 2773 carceris
1116 2719 1395 2786 ingressus
1421 2724 1528 2780 est,
1560 2723 1657 2768 aut
1700 2712 1953 2767 humani-

358 2814 487 2868 tatis
516 2813 631 2880 ejus
655 2812 933 2880 obsequiis
956 2825 1087 2864 usus
1115 2817 1201 2863 est
1219 2849 1232 2872 ,
1281 2809 1456 2862 donec
1475 2807 1644 2862 etiam
1683 2805 1803 2875 ipse
1823 2820 1951 2860 cre-

359 2903 498 2958 dens
522 2903 772 2966 Domino,
795 2916 920 2956 cum
951 2901 1096 2954 omni
1126 2900 1288 2953 domo
1300 2914 1398 2953 sua
1411 2898 1737 2968 baptizatus,
1758 2897 1958 2966 dignus

358 2993 515 3048 fleret
542 2999 752 3046 tantum
805 2991 1109 3060 apostolum
1155 2991 1361 3044 habere
1379 2988 1690 3043 convivam.
1736 2985 1843 3042 Sed
1894 2999 1952 3043 et

356 3100 481 3139 cum
507 3084 746 3138 venisset
769 3081 996 3153 Tyrum,
1015 3097 1120 3136 non
1151 3081 1256 3135 nisi
1287 3095 1410 3135 cum
1437 3079 1718 3148 discipulis
1739 3086 1948 3149 septem

2058 1887 2363 1953 Trinitatis,
2387 1896 2708 1942 cunctarum
2731 1888 2976 1959 gentium
2997 1889 3174 1943 futura
3201 1893 3486 1947 mundatio
3514 1911 3654 1963 prte-

2056 1977 2404 2047 signaretur,
2460 1979 2619 2033 sicuti
2664 1978 2986 2049 jampridem
3039 1983 3297 2050 apostolis
3334 2000 3365 2038 a
3423 1985 3657 2044 Domino

2055 2077 2386 2139 pneceptum
2413 2069 2612 2135 fuerat,
2642 2077 2703 2123 ut
2723 2078 2918 2125 euntes
2944 2071 3206 2126 docerent
3228 2089 3420 2128 onmes
3443 2086 3652 2145 gentes,

2055 2158 2398 2228 baptizantes
2424 2175 2519 2215 eos
2571 2161 2624 2215 in
2656 2161 2878 2219 nomine
2925 2163 3122 2228 Patris,
3160 2173 3215 2218 et
3244 2165 3391 2232 Filii,
3423 2175 3479 2222 et
3530 2168 3653 2238 Spi-

2055 2251 2193 2305 ritus
2238 2251 2434 2306 sancti.
2463 2251 2621 2306 Tales
2641 2267 2774 2323 ergo
2799 2252 2918 2324 jam
2951 2261 3111 2308 erant
3160 2263 3215 2309 et
3259 2257 3485 2326 gentiles
3539 2258 3614 2312 illi
3634 2299 3650 2322 ,

2053 2342 2363 2408 credentes,
2393 2343 2654 2413 baptizati
2704 2354 2760 2398 et
2816 2345 3092 2408 mundati;
3138 2360 3260 2398 cum
3305 2347 3535 2415 quibus,
3583 2362 3655 2402 ne

2055 2434 2557 2489 scandalizareutur
2611 2433 2667 2489 bi
2695 2434 2789 2504 qui
2844 2449 2913 2489 ex
2941 2433 3363 2490 circumcisione
3409 2437 3654 2492 credide-

2055 2535 2197 2587 rant,
2227 2525 2333 2580 illis
2358 2526 2675 2590 absentibus
2714 2525 2930 2590 edebat,
2959 2527 3316 2594 praesentibus
3341 2529 3504 2584 edere
3541 2529 3655 2584 dis-

2054 2613 2364 2670 simulabat.
2399 2614 2504 2671 Ubi
2528 2623 2584 2670 et
2607 2614 2741 2669 illud
2782 2613 3018 2670 ﬁdeliter
3060 2617 3519 2673 considerandum
3569 2627 3658 2673 est

2053 2707 2197 2776 quod
2227 2707 2274 2760 si
2306 2706 2428 2761 talis
2453 2721 2517 2762 ac
2549 2714 2734 2761 tantus
2754 2707 3063 2777 apostolus,
3107 2723 3178 2762 ne
3204 2706 3420 2763 Iudaeos
3468 2707 3654 2764 ﬁdeles

2055 2796 2476 2876 scandalizaret,
2507 2797 2600 2866 qui
2622 2797 2800 2852 adhuc
2819 2797 3131 2852 carnalibus
3159 2797 3294 2869 legis
3319 2799 3653 2853 observatio-

2051 2891 2212 2946 nibus
2261 2891 2586 2958 utebantur,
2635 2907 2666 2946 ι
2707 2893 2990 2963 gentilium
3039 2893 3277 2949 ﬁdelium
3309 2910 3366 2950 se
3404 2896 3652 2952 convivio

2052 2984 2425 3050 subtrahebat,
2455 3000 2524 3040 ne
2547 2994 2737 3040 contra
2766 3002 2996 3051 morem,
3037 2988 3248 3044 scilicet
3299 2987 3604 3043 Judarorum
3632 3029 3649 3053 ,

2052 3079 2331 3132 videretur
2359 3091 2544 3146 agere,
2573 3091 2695 3132 cum
2723 3078 2974 3148 gentibus
2993 3080 3367 3144 convivando;
3398 3095 3506 3150 quo
3534 3089 3649 3135 stu-

358 3176 620 3230 scribitur
647 3142 914 3228 mansi-sse
941 3142 1152 3228 diebus.
1188 3171 1451 3226 Similiter
1496 3142 1678 3224 autem
1703 3178 1761 3224 et
1801 3142 1949 3238 apud
1975 3142 2024 3208 δ
2057 3169 2146 3225 dio
2173 3142 2467 3224 Christiani
2497 3183 2694 3223 nunca
2712 3142 2965 3224 convictu
3016 3185 3077 3224 se
3103 3171 3306 3225 debent
3327 3142 3653 3230 subtrahere

357 3264 663 3320 Cmsaream
694 3263 746 3316 in
770 3261 930 3318 domo
950 3262 1181 3331 Philippi
1203 3261 1573 3332 evangelista,
1611 3260 1700 3315 cui
1721 3269 1954 3329 quatuor

355 3363 514 3411 erant
542 3355 665 3408 ﬁlim
695 3354 936 3426 virgines
963 3354 1356 3424 prophetantes
1380 3393 1395 3418 ,
1440 3353 1681 3422 hospitio
1734 3351 1954 3407 functus

355 3461 484 3502 esse
529 3452 885 3507 memoratur,
909 3443 997 3497 ubi
1028 3452 1085 3498 et
1111 3459 1211 3513 per
1262 3443 1604 3512 aliquantum
1655 3441 1956 3510 temporis,

355 3556 482 3596 cum
512 3541 761 3596 custodia
789 3542 1130 3596 detineretur
1153 3579 1168 3604 ,
1219 3539 1303 3595 sui
1333 3538 1410 3593 illi
1450 3535 1828 3592 tantummodo
1881 3534 1955 3588 le-

355 3641 562 3702 guntur
587 3633 946 3687 ministrasse.
973 3631 1128 3702 Apud
1151 3631 1406 3685 Sidonem
1447 3643 1663 3700 quoque
1718 3627 1956 3682 humane

357 3729 624 3777 tractatus
654 3737 684 3776 a
713 3722 857 3778 Julio
889 3723 1236 3787 centurione,
1263 3723 1330 3776 ad
1354 3721 1560 3776 amicos
1581 3721 1954 3776 tantummodo

356 3813 594 3867 refertur
619 3814 727 3869 isse
747 3856 761 3880 ,
787 3815 880 3884 qui
913 3823 1074 3869 erant
1100 3815 1290 3884 utique
1320 3813 1531 3878 ﬁdeles,
1559 3820 1618 3867 et
1655 3811 1739 3867 sui
1765 3826 1956 3866 curam

353 3903 551 3974 egisse.
584 3903 822 3975 Itemque
835 3921 958 3960 cum
980 3905 1221 3960 venisset
1246 3904 1506 3970 Puteolis,
1527 3904 1717 3960 diebus
1743 3911 1954 3974 septem

357 3998 498 4066 apud
532 3997 731 4053 fratres
782 4001 1052 4055 mansisse
1103 3999 1443 4069 perhibetur.
1496 3997 1554 4052 lu
1604 3997 1720 4068 ipsa
1770 4005 1955 4053 autem

361 4091 531 4144 Roma
579 4090 802 4162 biennio
840 4092 892 4144 in
923 4107 1021 4146 suo
1069 4092 1349 4156 habitasse
1399 4091 1688 4146 conducta.
1742 4090 1850 4144 Sed
1899 4098 1958 4145 et

361 4195 579 4247 semper
602 4188 708 4232 tam
742 4181 842 4248 ipsi
871 4196 1030 4248 quam
1061 4180 1149 4234 his
1183 4182 1274 4249 qui
1305 4195 1492 4234 secum
1523 4187 1714 4242 erant,
1765 4193 1958 4233 neces-

363 4269 507 4321 saria
530 4283 757 4338 qumque
781 4271 896 4324 suis
924 4287 983 4323 se
1010 4270 1214 4323 fatetur
1243 4269 1492 4322 manibus
1522 4269 1858 4323 ministrare.
1888 4269 1957 4323 Et

358 4374 482 4412 cum
520 4359 657 4426 apud
690 4359 824 4413 alios
852 4361 1025 4429 prima
1055 4360 1204 4414 verbi
1226 4360 1318 4413 Dei
1347 4361 1559 4430 jaceret
1578 4358 1952 4423 fundamenta,

361 4450 430 4503 ab
457 4450 712 4504 Ecclesiis
743 4450 981 4506 ﬁdelium
1007 4451 1288 4506 invenitur
1332 4451 1609 4521 accepisse
1661 4451 1950 4521 stipendia.

361 4540 682 4596 Necessaria
709 4556 856 4607 vero,
887 4558 1006 4612 qum
1035 4542 1138 4612 ipsi
1168 4551 1224 4597 et
1260 4543 1376 4597 suis
1403 4559 1431 4596 a
1466 4551 1623 4612 patre
1652 4542 1826 4597 Publii
1849 4557 1954 4597 ca:-

362 4631 600 4698 terisque
628 4631 972 4687 Mitilinensis
1003 4632 1193 4687 insulae
1219 4633 1519 4690 cultoribus
1548 4634 1798 4703 imposita
1828 4649 1954 4688 nar-

362 4726 575 4783 rantur,
621 4722 743 4790 quis
773 4738 881 4776 non
927 4722 1109 4778 videat
1146 4738 1490 4792 nequaquam
1519 4724 1589 4777 ab
1624 4722 1952 4788 inﬁdelibus,

358 4812 453 4865 sed
481 4828 508 4864 a
540 4812 805 4877 ﬁdelibus,
837 4814 1003 4869 fuisse
1025 4816 1314 4885 suscepta?
1357 4813 1492 4868 Nam
1528 4824 1580 4868 et
1606 4822 1816 4884 patrem
1843 4814 1952 4868 Pu-

361 4903 454 4958 blii
481 4902 732 4967 salvavit,
761 4912 818 4958 et
845 4912 1024 4959 tantas
1075 4908 1215 4975 apud
1245 4906 1492 4988 eamdem
1547 4906 1779 4960 insulam
1810 4906 1956 4960 inﬁr-

361 4997 612 5050 mitatum
641 4997 950 5052 curationes
979 4999 1246 5066 exercuit,
1271 5000 1566 5055 utdubium
1598 5015 1706 5076 non
1737 4999 1809 5054 sit
1836 4999 1952 5070 plu-

2056 3260 2356 3316 inﬁdelium
2370 3257 2700 3325 Iudaeorum,
2718 3275 2788 3314 ne
2813 3260 3064 3330 exemplo
3083 3259 3242 3328 hujus
3272 3261 3478 3316 illicitae
3497 3277 3651 3316 com-

2055 3352 2331 3407 munionis
2346 3352 2718 3408 scandalizent
2745 3352 2924 3433 socios
2941 3360 3002 3407 et
3028 3353 3320 3422 participes
3329 3352 3654 3408 Christiana:

2056 3443 2357 3514 religionis,
2387 3442 2590 3514 talique
2618 3442 2764 3499 facto
2808 3443 2891 3498 vel
2929 3441 3172 3499 Judaicis
3222 3444 3512 3499 videantur
3560 3460 3654 3500 su-

2053 3535 2464 3605 perstitionibus
2495 3533 2702 3600 favere,
2727 3535 2814 3590 vel
2843 3535 3217 3591 ecclesiastica
3253 3537 3654 3596 convincantur

2057 3635 2260 3682 statuta
2289 3626 2628 3682 dissolvere?

2127 3717 2265 3772 XVI.
2310 3717 2420 3773 Sed
2435 3725 2491 3773 et
2515 3718 2542 3758 δ
2564 3718 2620 3772 in
2643 3718 2796 3773 libris
2807 3717 3105 3775 Clementis
3124 3719 3382 3776 Ecclesia:
3395 3719 3655 3777 Romamn

2054 3809 2324 3880 pontiﬁcis
2352 3809 2703 3866 inveniatur
2723 3809 2903 3879 aliqua
2927 3825 2960 3864 a
3007 3818 3478 3881 supramemorato
3503 3811 3655 3881 Apo-

2055 3901 2196 3957 stnlo
2221 3901 2287 3955 de
2311 3900 2472 3971 hujus
2498 3901 2574 3956 rei
2595 3901 2976 3956 observatione
3004 3901 3172 3968 dicta,
3203 3916 3324 3972 quae
3355 3902 3411 3956 in
3436 3903 3528 3958 bis
3571 3902 3656 3957 in-

2055 4009 2239 4049 serere
2295 4009 2403 4048 non
2452 3994 2812 4063 incongruum
2851 3995 3308 4071 existimavimus.
3360 3997 3496 4053 Nam
3527 3997 3654 4053 licet

2057 4084 2223 4139 iidem
2249 4084 2373 4139 libri
2394 4082 2712 4154 iudicentur
2737 4086 3052 4156 apocryphi,
3085 4087 3342 4158 pleraque
3369 4096 3554 4144 tamen
3580 4102 3650 4143 ex

2056 4175 2142 4230 his
2175 4176 2485 4230 testimonia
2511 4175 2864 4233 inveniuntur
2919 4194 2952 4232 a
3001 4178 3314 4235 doctoribus
3367 4187 3650 4250 usurpata.

2057 4264 2357 4319 introducit
2376 4280 2507 4334 ergo
2529 4266 2808 4331 Clemens,
2831 4271 3210 4326 cum'necdum
3231 4279 3378 4325 esset
3400 4269 3654 4341 baptismi

2057 4355 2227 4425 gratia
2257 4355 2596 4424 puriﬁcatus,
2627 4363 2684 4409 et
2703 4355 2774 4410 ob
2793 4356 2898 4411 hoc
2924 4373 2955 4412 a
2983 4374 3172 4414 mensa
3202 4359 3346 4414 Petri
3395 4375 3521 4414 cum
3549 4374 3654 4414 ca:-

2059 4445 2189 4499 teris
2215 4445 2482 4499 similibus
2503 4456 2894 4516 sequestratus,
2917 4449 3170 4504 eumdem
3207 4449 3522 4519 Apostolum
3568 4448 3652 4504 lo-

2059 4547 2314 4609 quentem
2340 4539 2442 4594 sibi
2465 4540 2550 4594 his
2579 4540 2792 4595 verbis:
2830 4559 2848 4592 ι
2883 4540 3001 4596 Non
3035 4558 3135 4611 pro
3161 4542 3432 4612 superbia,
3463 4557 3498 4597 ο
3539 4541 3656 4597 Cle-

2060 4649 2235 4696 mens,
2261 4633 2566 4687 oonvivium
2597 4648 2703 4687 non
2725 4648 2826 4705 ago
2859 4649 2983 4689 cum
3011 4635 3098 4688 his
3119 4635 3212 4703 qui
3238 4635 3476 4688 nondum
3502 4634 3653 4702 puri-

2063 4722 2205 4776 ﬁcati
2233 4731 2377 4777 sunt.
2409 4722 2516 4778 Sed
2530 4738 2723 4778 vereor
2739 4739 2808 4778 ne
2833 4721 2973 4779 forte
2995 4724 3127 4778 mihi
3155 4723 3375 4794 quidem
3401 4738 3654 4786 noceam,

2062 4814 2195 4883 ipsis
2221 4822 2399 4868 autem
2425 4813 2558 4868 nihil
2581 4814 2806 4882 prosim.
2839 4833 2858 4866 ι
2905 4815 2974 4869 Et
3021 4815 3181 4885 paulo
3237 4823 3398 4884 post:
3431 4832 3452 4865 ι
3485 4813 3657 4868 Nemo

2061 4917 2191 4974 ergo
2211 4911 2451 4959 vestrum
2479 4905 2852 4970 contristetur,
2875 4905 2973 4971 ait,
3004 4922 3036 4959 a
3081 4906 3333 4961 convivio
3362 4913 3549 4960 nostro
3575 4920 3659 4960 se-

2057 5005 2300 5067 paratus.
2328 4997 2506 5052 Parvo
2539 4999 2686 5053 enim
2724 5007 2967 5067 tempore
2997 5006 3375 5067 sequestratur
3425 4997 3517 5068 qui
3547 4998 3658 5051 cito

1713 5110 1990 5168 BALUZII
2030 5109 2268 5167 NOTAE.

433 5233 456 5259 ι
494 5219 814 5277 Deducentes
851 5239 1045 5277 secum.
1097 5224 1154 5278 In
1211 5225 1332 5279 cod.
1384 5240 1488 5279 ms.
1539 5225 1628 5279 hic
1680 5223 1831 5278 locus
1877 5225 1954 5278 ita

363 5290 561 5364 legitur
585 5310 598 5344 :
624 5292 946 5364 Qeducenles
968 5294 1109 5364 apud
1137 5295 1525 5364 hospitari-enim
1543 5293 1816 5358 Iasonem,
1843 5303 1950 5349 etc.

364 5360 472 5413 I‘ro
495 5375 599 5427 quo
629 5361 912 5419 Massonus
941 5360 1148 5420 edidit:
1178 5360 1502 5418 Dedin-entes
1527 5380 1722 5425 secum,
1758 5373 1815 5417 ut
1855 5365 1955 5417 Ito-

361 5430 686 5503 spitarentur
717 5431 888 5503 Mnus.
935 5435 1041 5489 Sed
1087 5436 1142 5488 in
1189 5435 1340 5488 Actis
1386 5433 1791 5502 Apostolorum,
1830 5448 1952 5503 cap.

365 5514 481 5562 ut,
508 5500 741 5574 legitur:
772 5501 1096 5559 Adducentes
1121 5520 1317 5569 secum,
1367 5500 1507 5574 apud
1537 5519 1690 5574 quem
1724 5500 1956 5573 hospitu-

367 5580 563 5644 renlur,
599 5569 927 5644 Macronem.
957 5574 1143 5644 Itaque
1181 5569 1439 5631 Actorum
1471 5569 1797 5644 auctoritate
1820 5569 1960 5644 cono

367 5639 644 5715 stituimus
695 5640 982 5715 lectionem
1025 5639 1145 5715 q'uze
1196 5662 1340 5701 nunc
1385 5653 1565 5702 exstat
1615 5643 1670 5697 in
1717 5643 1956 5700 editione

366 5725 590 5784 operum
619 5710 908 5783 Agobardi.

2132 5223 2160 5262 ι)
2182 5222 2253 5276 In
2274 5221 2421 5295 libris
2444 5219 2748 5295 Clementis,
2779 5222 3036 5295 nimirum
3064 5221 3121 5276 in
3147 5219 3256 5295 ﬁne
3281 5220 3404 5295 libri
3431 5219 3654 5295 secundi

2059 5293 2533 5363 Recognitionum.
2555 5292 2634 5363 Et
2661 5291 3008 5348 manifestum
3040 5299 3126 5346 est
3143 5291 3499 5363 existimasse
3520 5290 3658 5360 Ago-

2057 5361 2287 5443 bardum
2343 5363 2486 5443 hanc
2531 5361 2832 5443 Clementis
2884 5362 3319 5443 lucubrationem
3362 5377 3486 5416 esse
3533 5376 3658 5443 apo-

2056 5434 2336 5584 sset?
2357 5431 3658 5584 .t‘;aa‘;:{i';:a.:tzruamea:

2059 5569 2244 5630 incute
2269 5574 2554 5644 scriptum,
2586 5573 2716 5644 illud
2748 5573 3086 5644 ipsumopus
3127 5574 3202 5628 sit
3239 5572 3384 5641 quod
3419 5572 3522 5644 sub
3550 5569 3656 5644 lle:

2063 5639 2437 5767 coquitionuin
2481 5643 2640 5725 titulo
2690 5639 3093 5726 nuncquojjue
3131 5639 3313 5698 exstat
3353 5661 3365 5696 :
3411 5643 3465 5698 id
3510 5639 3656 5712 quod

2072 5715 2144 5770 Bc
2169 5715 2399 5769 larmino
2429 5722 2595 5770 etiam
2631 5713 2910 5784 probabile
2938 5729 3113 5771 visum
3149 5723 3253 5769 est.
