4040 6182
294 298 365 357 93
1366 289 1457 347 DE
1490 285 1799 346 JUDAICIS
1839 282 2525 345 SUPERSTITIONIBUS.
3516 281 3589 340 Μ

290 412 534 474 voluerit
550 407 843 481 baptizari,
869 405 1043 462 multo
1069 413 1251 461 autem
1282 406 1373 475 qui
1396 406 1624 460 tardius.
1640 403 1718 459 “Et
1767 403 1890 458 ideo
1918 402 1969 461 Α
1992 398 2194 455 Iudaeis
2217 400 2437 468 quidem
2479 396 2793 464 incredulis,
2824 397 2969 454 inter
3011 411 3149 468 quos
3190 395 3547 454 morabantur
3572 438 3591 464 ,

291 510 351 564 in
378 502 537 562 vobis
562 507 651 557 est
698 498 919 569 quando
959 496 1143 553 velitis
1191 496 1261 553 ad
1313 505 1557 553 nostram
1600 493 1893 550 convenire

291 608 565 659 mensam,
587 598 769 648 etnon
790 589 847 643 in
871 588 1053 651 nobis,
1085 588 1286 658 quibus
1313 587 1640 657 permissum
1660 592 1767 638 nan
1809 589 1895 638 est

290 704 515 749 sumere
541 702 667 744 cum
694 685 878 755 aliquo
899 681 1082 738 cibum
1101 724 1115 749 ,
1145 682 1251 738 nisi
1275 681 1429 752 prius
1462 679 1625 734 fuerit
1655 676 1895 749 baptiza-

292 793 403 840 tus.
434 801 455 837 ι
497 778 625 836 Hinc
663 777 731 833 de
770 775 991 845 scriptis
1014 773 1309 830 Clementis
1332 771 1641 828 necessario
1661 786 1694 826 a
1734 769 1895 825 nobis

289 876 511 950 prolata
539 872 672 938 sint,
699 869 1011 926 volentibus
1050 867 1327 923 evidenter
1353 865 1641 921 ostendere
1668 863 1738 919 ab
1765 877 1895 933 apo-

293 970 453 1026 stolis
480 967 739 1023 traditam
769 963 933 1032 hujus
975 962 1055 1017 rei
1093 960 1528 1030 antiquissimam
1557 955 1897 1014 observatio-

291 1076 442 1116 nem.
472 1058 614 1115 Vera
637 1055 785 1111 enim
811 1060 867 1110 et
891 1054 994 1108 ista
1016 1052 1262 1107 ducenda
1312 1058 1460 1114 sunt,
1489 1057 1544 1103 et
1565 1062 1633 1104 eo
1659 1047 1897 1103 maxime

294 1167 407 1225 quo
421 1152 490 1206 ab
502 1148 813 1222 apostolicis
827 1145 1038 1201 actibus
1059 1143 1115 1199 in
1137 1142 1283 1198 nullo
1295 1142 1454 1197 viden
1461 1149 1548 1196 tur
1560 1140 1891 1209 discrepare.

370 1240 535 1297 XVII.
575 1239 659 1294 An
691 1235 914 1309 putandi
937 1243 1067 1291 sunt
1087 1233 1246 1289 electi
1272 1230 1475 1288 Christi
1516 1228 1896 1301 apostolicum

295 1331 500 1387 Iudaeis
524 1328 830 1386 inﬁdelibus
857 1339 1205 1383 communem
1228 1324 1435 1378 habere
1470 1321 1709 1377 voluisse
1744 1335 1898 1374 men-

295 1435 441 1483 sam,
470 1428 564 1475 aut
582 1417 822 1490 potuisse
844 1432 968 1473 cum
999 1414 1081 1470 eis
1105 1421 1317 1486 gratum
1340 1410 1651 1467 convivium
1672 1408 1892 1473 ducere,

294 1510 365 1567 de
391 1510 589 1582 quibus
611 1509 876 1581 magister
907 1505 1149 1576 gentium
1173 1502 1373 1558 Paulus
1407 1496 1900 1556 Thessalonicensi-

294 1604 403 1658 bus
432 1603 510 1656 ita
531 1600 803 1670 loquitur:
843 1595 946 1651 Vos
973 1596 1113 1651 enim
1136 1596 1426 1650 imitatores
1459 1592 1588 1661 facti
1616 1590 1759 1650 estis,
1786 1588 1898 1657 fra-

295 1703 430 1756 tres,
462 1689 821 1744 Ecclesiarum
853 1686 952 1741 Dei
974 1702 1092 1757 qua:
1141 1694 1264 1739 sunt
1294 1685 1347 1738 in
1375 1681 1571 1736 Judtea
1610 1680 1667 1732 in
1688 1675 1897 1731 Christo

1996 505 2171 559 neque
2196 491 2469 559 expetisse
2495 489 2700 557 aliquid
2731 503 2906 559 neque
2935 485 3213 558 accepisse
3241 485 3587 553 referuntur,

1996 580 2063 635 ab
2093 580 2179 635 his
2214 593 2345 634 vero
2370 578 2465 647 qui
2489 594 2553 633 ex
2583 578 2835 649 gentibus
2863 579 2934 632 ad
2976 577 3137 634 ﬁdem
3171 576 3378 634 Christi
3426 593 3592 632 vene-

1996 678 2143 737 rant,
2168 684 2343 726 neeos
2362 668 2620 735 ministri,
2643 669 2948 725 oblationes
2967 668 3204 724 ﬁdelium
3227 669 3588 739 pertulerunt.

1994 761 2117 818 Jam
2141 762 2287 817 enim
2317 769 2531 830 tempus
2559 759 2802 815 instabat
2824 768 2887 814 ut
2906 761 3181 816 diceretur
3209 760 3457 816 ﬁdelibus
3476 768 3591 816 oln-

1996 853 2176 920 nibus,
2205 853 2272 908 de
2292 852 2549 908 omnibus
2576 851 2813 907 inimicis
2838 851 2961 907 ﬁdei
3004 851 3368 907 Christianae:
3394 852 3456 907 Si
3476 855 3603 924 quis

1994 943 2133 997 venit
2163 941 2234 995 ad
2261 957 2355 995 vos
2377 950 2427 995 et
2447 942 2584 995 hanc
2617 941 2913 995 doctrinam
2937 958 3040 995 non
3064 942 3244 1010 «ﬁert,
3270 941 3430 995 nolite
3457 944 3593 995 reci-

1995 1043 2117 1097 pere
2139 1043 2258 1080 eum
2289 1027 2347 1079 in
2366 1026 2600 1090 domum,
2626 1035 2675 1078 et
2700 1024 2805 1079 Ave
2825 1024 2908 1077 illi
2929 1024 3091 1078 nolite
3119 1025 3310 1079 dicere.
3329 1024 3434 1091 Qui
3452 1028 3599 1079 enim

1997 1117 2123 1173 dicit
2140 1116 2229 1171 illi
2247 1114 2373 1182 Ave,
2404 1116 2753 1173 communicat
2781 1116 3027 1185 operibus
3056 1116 3173 1186 ejus
3198 1116 3465 1187 malignis.
3495 1117 3594 1172 Se—

1999 1208 2237 1264 cundum
2261 1222 2426 1277 quam
2447 1207 2796 1272 sententiam,
2830 1206 2874 1261 si
2903 1206 2950 1260 is
2976 1207 3068 1276 qui
3095 1208 3202 1262 Ave
3224 1208 3300 1261 illi
3341 1208 3479 1265 dicit
3502 1211 3603 1278 qui

1996 1313 2030 1354 a
2049 1298 2295 1355 doctrina
2321 1296 2615 1368 apostolica
2641 1297 2860 1352 exsistit
2877 1296 3115 1364 alienus,
3133 1299 3501 1354 communicat
3525 1300 3599 1355 ab

1997 1389 2252 1460 operibus
2299 1386 2419 1457 ejus
2475 1387 2767 1457 malignis,
2823 1395 3028 1457 quanto
3075 1388 3309 1458 amplius
3355 1387 3607 1445 Judaictn

1998 1478 2364 1536 communicat
2419 1477 2778 1549 malignitati,
2835 1478 2929 1547 qui
2984 1493 3109 1536 cum
3172 1479 3263 1535 bis
3312 1494 3599 1537 commune

1998 1570 2163 1625 etiam
2181 1569 2491 1626 convivium
2517 1569 2792 1624 celebrat?

2072 1660 2212 1716 XIX.
2253 1661 2323 1715 Et
2348 1661 2544 1721 adhuc,
2570 1670 2629 1714 ut
2648 1660 2717 1714 ab
2742 1659 3601 1728 inquinationibusluereticorum

293 1746 462 1845 Iesu;
491 1779 615 1851 quia
662 1778 845 1833 eadem
895 1746 1041 1848 passi
1084 1775 1207 1829 estis
1250 1784 1299 1828 et
1328 1790 1416 1827 vos
1460 1789 1493 1826 a
1522 1765 1899 1825 contribulibus
1928 1752 1976 1811 Β
2002 1755 2090 1811 νει
2121 1753 2429 1810 lumborum
2481 1752 2777 1810 ChPiSliani
2833 1752 3028 1808 ﬁerem
3054 1754 3350 1818 εεδυιίοτθεν
3381 1746 3609 1811 3300M-

295 1875 506 1938 restris,
531 1873 667 1927 sicut
701 1881 748 1926 et
777 1871 879 1940 ipsi
910 1888 941 1924 a
976 1866 1205 1933 Iudaeis,
1234 1865 1325 1938 qui
1370 1874 1418 1919 et
1448 1862 1734 1918 Dominum
1758 1858 1900 1913 occi-

294 1967 493 2020 derunt
514 1963 722 2028 Iesum,
748 1974 797 2017 et
852 1962 1155 2032 prophetas,
1184 1968 1232 2014 et
1264 1974 1358 2012 nos
1393 1953 1653 2026 persecuti
1681 1960 1823 2013 sunt,
1852 1957 1902 2003 et

292 2058 414 2113 Deo
441 2074 546 2111 non
575 2056 805 2127 placent,
832 2065 880 2109 et
903 2053 1147 2108 omnibus
1177 2049 1478 2106 hominibus
1522 2047 1901 2110 adversantur,

293 2148 629 2220 prohibentes
662 2164 756 2202 nos
802 2145 1040 2218 gentibus
1068 2142 1213 2215 loqui
1238 2159 1302 2198 ne
1322 2138 1483 2196 salvae
1510 2138 1669 2208 fiant,
1703 2144 1761 2191 ut
1798 2135 1902 2188 im-

290 2238 476 2310 pleant
510 2247 725 2309 peccata
738 2254 836 2292 sua
851 2251 1075 2305 semper,
1090 2234 1319 2305 pervenit
1336 2240 1512 2286 autem
1525 2229 1609 2283 ira
1624 2227 1724 2282 Dei
1747 2242 1907 2297 super

298 2328 427 2384 illos
450 2347 617 2402 usque
637 2331 692 2383 in
714 2330 896 2399 ﬁnem.
922 2326 1058 2383 Cum
1081 2326 1281 2382 talibus
1301 2340 1432 2396 ergo
1453 2323 1611 2397 (quos
1630 2321 1905 2378 occisores

297 2421 429 2477 Jcsu
460 2428 519 2476 et
546 2419 955 2491 prophetarum,
974 2422 1356 2488 persecutores
1379 2413 1764 2484 apostolorum,
1792 2409 1905 2467 Deo

304 2531 418 2570 non
451 2506 1344 2585 placentes,omnibusbominibus
1374 2506 1747 2568 adversantes,
1774 2517 1902 2572 pec-

301 2612 431 2660 cata
448 2619 546 2659 sua
562 2600 1077 2674 semperimplentes
1090 2608 1141 2655 et
1157 2598 1257 2654 sub
1279 2596 1357 2652 ira
1372 2595 1467 2652 Dei
1485 2609 1656 2666 usque
1668 2594 1723 2649 in
1741 2593 1904 2647 ﬁnem

300 2694 488 2769 saeculi
511 2689 933 2766 gementes,Vas
952 2689 1233 2746 electionis
1269 2684 1523 2759 appellat)
1549 2684 1635 2740 vel
1672 2680 1905 2754 apostoli

304 2788 566 2845 credendi
597 2795 723 2843 sunt
752 2798 778 2826 α
804 2799 1094 2841 commune
1135 2782 1391 2838 habuisse
1430 2778 1739 2836 convivium
1764 2818 1780 2843 ,
1820 2773 1907 2831 vel

301 2876 552 2933 ﬁdelium
583 2876 811 2947 quisque
840 2871 971 2930 illud
992 2871 1155 2929 debet
1180 2870 1420 2926 retinere
1442 2863 1818 2925 consortium?

376 2963 564 3021 XVIII.
602 2963 807 3019 Verum
828 2960 1085 3033 quoniam
1099 2958 1471 3016 Ecclesiarum
1490 2971 1613 3027 qua:
1638 2954 1694 3009 in
1720 2952 1907 3009 Iudaea

296 3064 466 3114 erant
487 3055 539 3110 iu
567 3053 805 3119 Christo,
842 3052 896 3108 id
921 3059 1028 3119 est,
1048 3065 1241 3106 eorum
1267 3049 1361 3120 qui
1385 3062 1455 3104 ex
1493 3044 1697 3102 Iudaeis
1723 3042 1905 3100 credi-

296 3150 530 3213 derant,
548 3144 678 3202 fecit
693 3142 985 3216 Apostolus
1012 3141 1375 3207 mentionem;
1421 3137 1717 3193 videndum
1740 3135 1905 3191 etiam

302 3241 377 3295 de
414 3237 546 3302 illis,
574 3245 760 3292 utrum
795 3243 852 3290 et
877 3234 979 3306 ipsi
1014 3234 1135 3290 haec
1159 3233 1306 3288 inter
1330 3245 1459 3287 suos
1482 3228 1647 3301 positi
1693 3226 1904 3284 contri-

300 3313 462 3386 Inlles
487 3329 860 3385 observarent.
911 3324 979 3380 Et
1017 3322 1179 3381 facile
1228 3322 1334 3378 hoc
1383 3336 1449 3377 ex
1502 3319 1687 3375 verbis
1726 3317 1904 3373 sancti

300 3423 470 3478 Lucae
484 3436 776 3492 possumus
795 3433 1123 3491 agnoscere;
1173 3416 1369 3488 quibus
1393 3415 1469 3470 ait
1498 3433 1511 3469 :
1541 3411 1902 3468 Multitudinis

299 3523 484 3568 autem
510 3511 835 3567 credentium
869 3519 983 3565 erat
1028 3525 1120 3563 cor
1146 3517 1195 3563 et
1220 3507 1397 3562 anima
1426 3522 1535 3560 una
1559 3546 1575 3570 ,
1624 3520 1719 3559 nec
1756 3503 1904 3575 quis-

296 3620 465 3675 quam
492 3603 681 3657 horum
701 3600 905 3674 aliquid
932 3616 1091 3656 suum
1112 3598 1335 3663 dicebat,
1357 3597 1448 3652 sed
1479 3605 1632 3652 erant
1656 3595 1762 3651 illis
1787 3612 1901 3651 om-

300 3694 396 3747 nia
421 3694 740 3748 communia.
770 3691 839 3747 Et
864 3690 1026 3763 paulo
1050 3699 1174 3760 post
1200 3706 1213 3743 :
1248 3686 1536 3758 Quotquot,
1560 3687 1756 3757 inquit,
1782 3704 1905 3758 pos-

298 3798 534 3837 sessores
554 3781 831 3835 domorum
859 3789 954 3834 aut
1001 3795 1275 3851 agrorum,
1304 3777 1578 3832 uendentes
1610 3777 1903 3847 aﬂ‘erebant

300 3874 475 3944 pretia
500 3889 679 3927 eorum
704 3889 822 3944 qute
843 3871 1155 3936 vendebant,
1186 3880 1236 3924 et
1282 3870 1540 3941 ponebant
1571 3878 1695 3923 ante
1743 3867 1901 3939 pedes

301 3965 682 4038 apostolorum.
712 3964 1056 4019 Dividebatur
1082 3972 1260 4017 autem
1309 3959 1553 4031 singulis,
1583 3968 1742 4031 prout
1786 3960 1902 4012 cui-

300 4074 406 4128 que
445 4073 576 4127 opus
603 4064 735 4110 erat.
760 4054 829 4109 Et
854 4061 978 4125 post
1007 4053 1187 4123 aliqua
1216 4065 1437 4106 rursum
1484 4050 1592 4104 ait:
1627 4045 1698 4101 Et
1748 4055 1900 4102 erant

296 4165 481 4204 omnes
530 4148 854 4202 unanimiter
889 4146 944 4200 in
982 4146 1188 4217 porticu
1215 4141 1538 4198 Salomonis.
1574 4138 1907 4195 Cteterorum

228 4310 235 4315 υ
297 4248 479 4293 autem
509 4254 660 4292 nemo
689 4236 915 4291 audebat
960 4253 1015 4290 se
1041 4235 1355 4304 conjungere
1382 4230 1513 4296 illis,
1536 4230 1627 4286 sed
1685 4229 1898 4301 magni-

295 4329 497 4400 ﬁcabat
535 4346 622 4383 eos
656 4328 901 4399 populus.
953 4326 1140 4396 Neque
1186 4326 1354 4397 igitur
1381 4335 1728 4379 communem
1772 4334 1899 4376 cum

296 4424 382 4480 eis
410 4410 684 4478 ducebant
712 4420 937 4483 victum,
972 4434 1094 4474 cum
1123 4417 1323 4487 quibus
1373 4430 1479 4471 non
1512 4413 1787 4469 habebant
1830 4423 1901 4466 ne

297 4527 591 4569 commune
625 4510 845 4582 quidem
901 4509 1256 4565 habitationis
1300 4507 1657 4564 consortium.
1706 4502 1901 4560 Omnia

296 4621 433 4661 vero
454 4619 573 4674 quae
623 4603 757 4674 ipsis
804 4610 962 4658 erant
991 4600 1304 4657 communia
1331 4640 1347 4667 ,
1389 4614 1497 4655 non
1542 4598 1904 4665 undecunque

296 4695 551 4767 quzesita,
581 4693 677 4748 sed
715 4709 781 4749 ex
810 4691 925 4746 sola
982 4690 1217 4746 ﬁdelium
1267 4688 1483 4744 fuerant
1519 4685 1826 4744 conlatione
1848 4690 1906 4739 et

295 4785 576 4842 oblatione
611 4790 881 4854 suscepta.
916 4781 1025 4837 Sed
1075 4781 1215 4836 etin
1283 4782 1521 4834 maxima
1579 4778 1903 4833 necessitate

296 4880 466 4936 famis
490 4894 612 4950 qua:
651 4878 681 4919 δ
720 4878 821 4933 sub
846 4876 1074 4932 Claudio
1115 4878 1258 4932 facta
1288 4890 1411 4931 esse
1457 4882 1822 4938 memoratur,
1870 4887 1902 4926 a

2004 1854 2093 1903 tur
2134 1846 2249 1901 imo
2274 1852 2331 1900 et
2358 1859 2575 1915 semper
2627 1844 2828 1900 dicitur
2881 1845 3005 1900 eis:
3036 1844 3384 1910 Charissimi,
3442 1847 3607 1901 nolite

2003 1938 2147 1993 omni
2170 1937 2384 2009 spiritui
2420 1926 2653 2001 credere,
2686 1936 2780 1991 sed
2819 1936 3034 2006 probate
3073 1937 3355 2007 spiritussi
3397 1953 3464 1992 ea:
3490 1936 3607 1992 Deo

2003 2028 2141 2093 sint;
2162 2028 2414 2099 quoniam
2441 2026 2597 2081 multi
2621 2025 3082 2097 pseudoprophette.
3108 2027 3343 2081 exierunt
3366 2027 3421 2083 in
3448 2043 3605 2083 mua-

2003 2119 2150 2174 dunt.
2181 2118 2251 2173 In
2275 2118 2372 2173 hoc
2398 2118 2729 2189 cognoscitur
2756 2116 2990 2189 Spiritus
3016 2118 3135 2173 Dei.
3165 2117 3349 2173 Omnis
3385 2119 3609 2189 spiritus

2002 2209 2093 2281 qui
2124 2207 2404 2277 conﬁtetur
2425 2207 2610 2262 Iesum
2658 2205 2928 2262 Christum
2967 2208 3021 2262 in
3068 2224 3227 2262 carne
3260 2209 3461 2263 venisse
3483 2249 3501 2271 ,
3539 2226 3609 2267 σω

2003 2302 2117 2358 Deo
2141 2312 2250 2368 est;
2298 2312 2347 2357 et
2375 2300 2543 2357 omnis
2584 2301 2801 2371 spiritus
2853 2301 2946 2371 qui
2986 2299 3137 2356 solvit
3161 2299 3347 2355 Iesum
3384 2317 3450 2355 ea:
3492 2301 3608 2356 Deo

2006 2409 2111 2448 non
2140 2401 2259 2454 est;
2294 2400 2344 2446 et
2367 2391 2452 2445 hic
2497 2401 2573 2446 est
2614 2390 2986 2446 Anticltristus.
3019 2389 3260 2460 Itemque
3313 2390 3428 2447 ibi:
3468 2390 3607 2456 Quis

2005 2483 2143 2537 enim
2166 2490 2243 2538 est
2265 2481 2514 2547 mendax,
2545 2480 2649 2536 nisi
2668 2482 2719 2537 is
2733 2483 2826 2553 qui
2851 2491 3006 2552 negat
3042 2482 3293 2552 quoniam
3320 2482 3479 2537 Jesus
3499 2498 3605 2537 non
3673 2490 3680 2497 ‘

2005 2581 2082 2626 est
2101 2568 2384 2628 Christus?
2417 2570 2524 2625 Hic
2547 2579 2622 2626 est
2665 2571 3038 2634 Antichristus,
3069 2572 3160 2641 qui
3204 2582 3358 2641 negat
3388 2570 3608 2631 Patrem

2006 2671 2055 2717 et
2084 2658 2309 2715 Filium.
2358 2659 2545 2715 Omnis
2568 2660 2659 2731 qui
2690 2669 2842 2730 negat
2882 2659 2933 2714 F
2936 2660 3112 2727 ilium,
3141 2677 3233 2716 nec
3259 2658 3477 2716 Patrem
3510 2661 3606 2716 ha-

2007 2751 2122 2818 bet;
2163 2752 2255 2822 qui
2284 2751 2568 2821 conﬁtetur
2601 2750 2836 2817 Filium,
2865 2761 2915 2806 et
2939 2751 3154 2807 Patrem
3174 2752 3346 2808 habet.
3377 2753 3456 2809 Ex
3485 2754 3610 2824 qui-

2005 2842 2111 2899 bus
2138 2842 2320 2900 verbis
2339 2842 2747 2899 evidentissime
2773 2842 3087 2899 declaratur
3111 2858 3220 2899 non
3246 2844 3423 2900 solum
3450 2860 3613 2905 mens

2009 2935 2175 2992 «iaces
2200 2935 2296 2991 sed
2319 2941 2377 2990 et
2397 2934 2767 2991 Antichristos
2807 2949 2929 2992 esse
2954 2933 3188 3001 ludens,
3220 2936 3313 3006 qui
3334 2951 3460 2993 cum
3506 2951 3608 2993 ne-

2008 3035 2138 3099 gent
2170 3027 2392 3093 Filium,
2422 3024 2626 3082 frustra
2645 3025 2975 3082 conﬁtentur
2997 3025 3247 3093 Patrem;
3283 3043 3393 3084 non
3419 3035 3609 3083 mitem

1932 3104 1981 3168 C
2010 3116 2336 3174 conﬁtenws
2363 3116 2593 3182 Filium,
2641 3130 2745 3174 nec
2785 3115 3005 3173 Patrem
3041 3116 3245 3173 habere
3287 3126 3609 3185 merentur;

2008 3225 2174 3282 stipes
2227 3210 2411 3267 omnia
2458 3225 2591 3266 vero
2612 3208 2817 3274 Iesum,
2850 3211 2945 3282 qui
2972 3224 3040 3266 ex
3076 3210 3248 3266 laris
3283 3211 3497 3284 virgine
3522 3228 3611 3268 or-
3702 3280 3708 3289 ,

2007 3307 2101 3357 tus
2125 3308 2232 3368 est,
2257 3298 2536 3357 Christum
2561 3314 2682 3357 esse
2720 3310 2981 3373 negantes
2999 3341 3016 3367 ,
3043 3299 3367 3357 Antichristi
3412 3301 3516 3359 sibi
3544 3310 3609 3359 et

2006 3408 2206 3450 nomen
2240 3393 2450 3465 pariter
2475 3402 2532 3450 et
2565 3392 2841 3464 eloquium
2887 3394 3255 3450 vindicarunt.
3292 3393 3429 3450 Nam
3476 3394 3611 3465 quid

2004 3485 2152 3543 aliud
2174 3486 2547 3544 Antichristus
2569 3487 2815 3542 dicturus
2854 3493 2967 3551 est,
3014 3486 3116 3543 nisi
3146 3484 3334 3541 Iesum
3386 3486 3610 3557 quidem

2005 3594 2114 3636 non
2135 3577 2305 3636 fuisse
2327 3577 2628 3645 Christum,
2651 3593 2715 3635 se
2734 3585 2918 3634 autem
2947 3592 3071 3634 esse
3113 3577 3259 3647 quod
3297 3576 3387 3633 ille
3438 3578 3609 3633 velati

2003 3672 2146 3730 falso
2171 3673 2413 3729 creditus
2437 3672 2635 3728 fuerit?
2664 3672 2723 3727 In
2755 3672 2863 3728 hoc
2894 3686 3028 3743 ergo
3073 3671 3190 3727 solo
3213 3669 3612 3740 blasphemiam

2003 3762 2313 3819 intimorum
2341 3769 2565 3832 superat
2589 3760 2963 3818 Antichristus
2980 3800 2997 3825 ,
3044 3760 3191 3828 quod
3219 3772 3280 3814 se
3324 3760 3612 3828 praesumit

2005 3872 2321 3927 nuncupare
2345 3856 2644 3913 Christum.
2672 3854 2731 3908 In
2770 3854 2875 3909 hoc
2903 3862 3087 3906 autem
3103 3850 3275 3906 Judaei
3299 3849 3601 3919 nequitiam

2004 3946 2342 4017 tequiparant
2374 3944 2729 4008 Antichristi,
2754 3941 2901 4013 quod
2924 3940 3113 3997 losum
3158 3955 3361 4011 negare
3408 3940 3615 3997 eadem

2005 4037 2174 4093 fuisse
2210 4034 2510 4093 Christum.
2563 4033 2626 4090 In
2681 4042 2891 4089 tantum
2937 4032 3105 4101 igitur
3147 4030 3502 4097 Antichristi,
3553 4029 3610 4087 in

2004 4120 2269 4202 quantum
2292 4126 2644 4199 blasphemia:
2673 4127 2913 4197 ipsorum
2936 4124 3289 4195 blasphemiis
3307 4129 3612 4180 consonant

2002 4224 2344 4281 Antichristi.
2368 4222 2502 4291 Quis
2522 4229 2704 4277 autem
2725 4235 2851 4276 cum
2870 4219 3211 4277 Antichristo
3236 4233 3481 4275 mensam
3508 4217 3608 4274 ha-

2002 4316 2130 4372 beat
2146 4319 2582 4376 communem,et
2603 4311 2819 4367 Christo
2841 4326 2901 4366 se
2921 4319 3130 4366 asserat
3155 4324 3378 4365 servare
3406 4309 3608 4364 ﬁdem?

2002 4407 2114 4491 Qut
2150 4407 2273 4477 quis
2298 4420 2408 4461 non
2449 4403 2685 4459 libenter
2714 4418 2903 4458 eorum
2958 4401 3133 4471 fugiat
3187 4400 3569 4455 necessitatem
3590 4437 3609 4463 ,

2006 4489 2144 4570 quos
2160 4510 2323 4552 suum
2350 4493 2534 4550 videat
2557 4492 2936 4562 blasphemare
2966 4489 3340 4545 Salvatorem?
3368 4496 3427 4544 et
3481 4489 3607 4556 qni-

2004 4592 2110 4647 bus
2130 4589 2307 4658 ipsum
2338 4583 2658 4641 terribiliter
2686 4582 2873 4638 audiat
2901 4581 3314 4637 denuntiantem
3342 4596 3355 4631 :
3400 4576 3488 4631 Va:
3510 4577 3607 4630 tibi

2006 4678 2309 4744 Corosaim,
2330 4693 2409 4732 va:
2437 4675 2533 4732 tibi
2561 4672 2888 4736 Bethsaida;
2935 4672 3061 4743 quia
3087 4670 3132 4725 si
3157 4670 3217 4723 in
3246 4668 3384 4739 Tyro
3413 4677 3462 4723 et
3509 4666 3603 4722 Si-

2004 4770 2141 4827 done
2169 4769 2326 4841 factte
2371 4775 2538 4823 essent
2564 4767 2781 4822 virtutes
2820 4778 2939 4834 qute
2984 4762 3140 4832 facta
3178 4770 3301 4815 sunt
3330 4759 3387 4814 in
3430 4758 3606 4823 vobis,

2005 4866 2133 4921 olim
2166 4865 2224 4919 in
2247 4864 2419 4917 cinere
2446 4871 2495 4916 et
2516 4859 2572 4914 in
2608 4858 2780 4913 cilicio
2814 4855 3172 4929 paenitentiam
3217 4854 3463 4926 egissent.
3509 4847 3614 4906 γε.

1669 4963 1945 5022 BALUZII
1981 4957 2218 5018 NOTAE.

376 5077 404 5106 ι
437 5064 722 5120 Commune
751 5065 995 5119 habuisse
1024 5065 1331 5120 convivium.
1367 5061 1446 5117 Ita
1485 5059 1664 5114 visum
1693 5065 1780 5113 est
1811 5057 1899 5114 edi

298 5136 508 5192 debere
550 5150 652 5206 pro
676 5150 742 5206 eo
765 5135 907 5206 quod
924 5204 935 5206 Α
953 5135 1121 5190 editio
1151 5135 1384 5206 Massoni
1419 5132 1599 5206 habet
1626 5127 1903 5206 commune

297 5208 503 5261 cavisse
546 5198 855 5261 convivium.
892 5204 1027 5260 Nam
1068 5207 1126 5260 in
1165 5199 1359 5261 codice
1403 5219 1505 5258 ms.
1555 5200 1638 5257 sic
1671 5198 1904 5254 omnino

299 5277 571 5359 scriptum
596 5282 702 5341 est,
730 5275 811 5330 vel
849 5275 1072 5357 apostoli
1107 5274 1379 5358 credendis
1421 5286 1696 5354 commune
1728 5268 1904 5322 anisse

298 5343 597 5471 {anatinam
624 5360 644 5398 :
675 5361 745 5401 ex
789 5343 898 5416 qua
945 5346 1243 5417 scriptione
1284 5343 1675 5402 constituimus
1714 5352 1905 5395 veram

325 5434 390 5471 cc
476 5431 622 5471 netu.
1079 5442 1085 5455 -

325 5427 600 5473 cntionem
609 5456 622 5470 .
1079 5442 1085 5455 -

380 5489 408 5528 ιι
436 5486 546 5542 Sub
574 5485 821 5541 Claudio.
848 5485 1019 5556 Hujus
1047 5486 1206 5541 famis
1248 5484 1499 5556 meminit
1534 5481 1808 5556 Eusebius
1844 5479 1901 5535 in

302 5559 450 5614 libro
475 5573 515 5613 ιι
551 5555 692 5614 Hist.
734 5551 1058 5628 Eccl.,_'cap.
1089 5558 1145 5623 8,
1179 5565 1247 5628 et
1262 5558 1319 5610 in
1344 5554 1636 5619 Chronico,
1667 5551 1757 5628 ubi
1778 5565 1902 5628 eam

302 5628 609 5698 contigisse
652 5629 751 5693 ait,
802 5635 861 5681 ut
894 5620 1144 5683 'Bar'onio
1202 5627 1639 5698 visum,__quarto
1687 5620 1904 5698 imperii

303 5690 523 5755 Claudii
550 5690 782 5771 Augusti
821 5713 981 5753 anno.
1027 5699 1225 5754 Verum
1272 5696 1327 5751 in
1374 5690 1644 5751 Chronico
1687 5690 1906 5749 Eusebii

2005 5050 2142 5110 nihil
2174 5050 2244 5106 de
2280 5060 2426 5102 anno
2448 5060 2557 5116 quo
2593 5044 2766 5100 fames
2794 5045 2885 5116 illa
2902 5042 3163 5116 contigit.
3197 5040 3287 5095 Ait
3315 5039 3461 5116 enim
3496 5046 3611 5116 tan-

2008 5109 2146 5186 tum,
2177 5109 2637 5189 quemadmodum
2672 5125 2729 5172 et
2770 5116 2824 5171 in
2872 5109 3136 5189 Ilistoria,
3165 5126 3285 5189 eam
3314 5109 3613 5189 contigisse

2008 5193 2111 5250 sub
2128 5180 2376 5271 Claudio.
2399 5187 2580 5255 Quare
2597 5202 2886 5270 perperam
2906 5186 3011 5241 hoc
3026 5184 3149 5238 loco
3171 5180 3467 5237 Eusebium
3488 5196 3611 5236 cor-

2011 5263 2140 5312 riait
2173 5262 2474 5312 Baronms:
2519 5273 2614 5312 aut
2642 5272 2765 5312 eam
2809 5257 3011 5312 famem
3044 5259 3267 5307 revocat
3304 5250 3373 5305 ad
3410 5265 3611 5307 secun~

2010 5263 2140 5336 rigit
2173 5262 2474 5319 Beronius;
2519 5262 2614 5327 qui
2642 5272 2765 5313 eam
2809 5262 3011 5312 famem
3044 5262 3267 5307 revocat
3304 5262 3373 5305 ad
3410 5265 3609 5307 secun~

2011 5335 2140 5389 dum
2166 5328 2380 5388 Claudii
2405 5342 2628 5391 annum,
2660 5327 2986 5384 auctoritate
3012 5321 3202 5377 Dionis
3230 5320 3426 5391 Cassii.
3456 5320 3609 5376 lose-

2050 5407 2152 5460 hus
2221 5409 2405 5457 tamen
2475 5390 2733 5470 Scaliger»
2783 5398 2838 5470 in
2897 5390 3477 5470 Aniluadversionibus
3538 5393 3609 5449 ad

2038 5473 2324 5531 ihronicon
2370 5470 2592 5526 Eusebii
2625 5463 2932 5523 'existimat
2973 5479 3096 5521 eam
3153 5463 3404 5521 evenisse
3459 5478 3608 5519 anno

2011 5543 2197 5601 mundi
2226 5541 2390 5607 2061,
2421 5542 2527 5597 hoc
2554 5546 2661 5603 est,
2688 5552 2834 5593 anno
2877 5535 3068 5606 quinto
3109 5535 3412 5607 imperante
3453 5532 3612 5607 Clan-

2013 5616 2197 5741 diolos
2160 5604 2420 5695 Nostrum
2449 5626 2554 5666 non
2598 5616 2683 5665 est
2725 5604 3054 5679 componere
3101 5604 3243 5663 hanc
3280 5605 3434 5662 litem
3458 5604 3608 5661 inter

2014 5698 2108 5743 tan
2221 5698 2389 5739 νποε.
2976 5716 2977 5719 η
3354 5716 3395 5727 ..
3598 5720 3603 5723 ,
