4048 6178
448 292 520 349 95
1434 295 1492 354 S.
1531 294 1883 352 AGOBARDI
1925 290 2233 349 EPISCOPI
2276 292 2756 352 LUGDUNENSIS
3651 297 3728 355 96

446 418 751 469 rumtarnen
792 413 910 469 dico
946 413 1110 478 vobis,
1142 411 1278 482 Tyro
1307 421 1355 466 et
1398 411 1586 467 Sidoni
1625 409 1888 465 remissius
1940 408 2040 462 erit
2068 409 2119 467 Λ
2148 406 2449 470 tristantes,
2475 414 2532 460 et
2558 405 2676 460 illos
2701 404 3063 472 laetiﬁcautcs,
3094 407 3527 478 patriarcharum
3556 426 3725 467 causa

443 518 603 571 quam
638 504 779 559 vobis
806 506 863 558 in
903 504 988 559 die
1014 503 1232 574 judicii.
1284 502 1353 557 Et
1384 503 1440 557 in
1477 501 1873 573 Capharnaum,
1903 516 2037 554 nun-

443 591 570 661 quid
600 611 764 665 usque
792 596 847 649 in
876 595 1061 649 calum
1089 594 1443 651 exaltaberis?
1490 609 1651 664 usque
1674 594 1729 646 in
1774 592 2037 661 infernum

447 683 750 740 descendas.
785 684 923 751 Quia
945 686 993 741 si
1017 688 1071 740 in
1098 685 1338 741 Sodomis
1378 687 1535 756 factm
1558 685 1779 755 fuissent
1822 685 2040 738 virtutes

448 789 569 842 quae
607 775 767 844 facta
795 786 914 832 sunt
948 778 1002 832 in
1028 787 1098 843 te,
1123 777 1257 847 forte
1278 779 1592 833 mansissent
1612 793 1775 847 usque
1807 776 1878 831 ad
1901 776 2038 831 hanc

450 865 612 919 diem.
646 863 1011 922 Verumtamen
1036 869 1156 923 dico
1177 869 1342 934 vobis,
1361 871 1488 939 quia
1510 878 1663 922 terra!
1690 864 2038 921 Sodomorum

453 956 726 1012 remissius
770 958 869 1012 erit
894 958 948 1012 in
972 959 1058 1013 die
1083 959 1277 1029 judicii
1305 997 1322 1023 ,
1362 974 1523 1028 quam
1552 956 1648 1011 tibi
1695 954 1911 1026 (Matth.
1948 970 2034 1017 xi,

450 1047 542 1115 at.
567 1049 679 1123 ες).

529 1161 646 1216 XX.
685 1162 968 1218 Corozaim
990 1175 1241 1232 namque,
1266 1169 1321 1217 et
1343 1159 1629 1214 Bethsaida
1647 1199 1662 1225 ,
1718 1165 1775 1214 et
1801 1157 2042 1230 Caphar-

348 1246 355 1254 '
452 1263 643 1315 naum,
679 1252 843 1306 urbes
864 1251 1120 1317 Galilaeae,
1153 1252 1359 1307 ideirco
1382 1266 1414 1305 a
1437 1250 1719 1306 Salvatore
1771 1249 2040 1321 plangun-

452 1345 560 1402 tur,
594 1339 736 1408 quod
750 1348 871 1408 post
888 1348 1035 1395 tanta
1052 1342 1222 1412 signa,
1249 1349 1412 1411 atque
1436 1340 1686 1405 virtutes,
1698 1353 1807 1395 non
1830 1340 2043 1411 egerint

451 1430 845 1497 pcenitentiam.
864 1433 1231 1489 Prmt‘eruntur
1253 1440 1433 1489 autem
1455 1433 1536 1489 eis
1561 1432 1739 1504 Tyrus
1764 1439 1821 1487 et
1846 1430 2036 1497 Sidon,

450 1522 592 1589 quod
619 1525 922 1580 naturalem
953 1533 1163 1580 tantum
1194 1525 1367 1597 legem
1392 1524 1750 1589 calcaverint,
1767 1523 1887 1579 istae
1908 1538 2040 1578 vero

452 1618 575 1680 post
601 1615 1088 1683 transgressionem
1126 1614 1386 1671 naturalis
1441 1614 1577 1685 legis
1621 1614 1786 1668 urbes
1810 1611 2038 1667 idolola-

453 1701 571 1755 triae
594 1710 649 1757 et
666 1705 816 1759 vitiis
844 1705 1054 1760 deditae.
1071 1705 1139 1760 Et
1160 1703 1521 1776 praeferuntur
1543 1702 1834 1773 ideo,quod
1860 1702 2034 1774 Tyrus

449 1800 504 1847 et
536 1793 701 1850 Sidon
729 1804 783 1850 et
820 1797 1074 1865 scriptae,
1121 1796 1285 1851 etiam
1312 1795 1467 1866 signa
1522 1810 1643 1865 qua:
1672 1794 1813 1864 apud
1839 1807 1933 1848 eas
1960 1791 2036 1847 la-

450 1898 539 1945 eta
569 1896 717 1951 sunt,
764 1887 914 1956 parvi
946 1886 1238 1941 duxerunt.
1288 1886 1357 1941 Et
1393 1886 1519 1955 quia
1567 1898 1776 1949 revera,
1814 1884 1940 1939 licet
1983 1892 2040 1939 et

450 1994 558 2033 non
591 1978 777 2032 audire
806 1978 1089 2032 veritatem
1116 1984 1172 2032 et
1200 1976 1436 2031 auditam
1465 1985 1818 2031 contemnere
1852 1974 2038 2044 perni-

450 2069 661 2123 ciosum
686 2067 778 2132 sit,
811 2067 980 2121 multo
1024 2076 1204 2121 tamen
1244 2074 1301 2122 et
1344 2064 1839 2136 incomparabiliter
1882 2060 2037 2133 pejus

450 2167 533 2215 est
558 2159 800 2214 auditam
828 2168 883 2213 et
910 2159 1180 2230 cognitam
1200 2165 1570 2221 contemnere,
1586 2164 1643 2210 et
1666 2162 2036 2225 contemptam

449 2249 701 2321 persequi
747 2249 970 2319 insuper
1000 2289 1015 2314 ,
1065 2256 1123 2302 et
1164 2247 1565 2318 blasphemare.
1618 2244 1774 2313 Quod
1806 2245 2039 2315 apertis-

450 2339 584 2393 sime
605 2339 794 2393 beatus
823 2337 1018 2393 Petrus
1039 2338 1298 2403 ostendit,
1320 2337 1388 2392 de
1415 2336 1617 2392 talibus
1646 2337 1833 2392 dicens
1859 2352 1874 2389 :
1924 2334 2038 2390 He-

449 2432 551 2486 lius
588 2432 761 2501 fuerat
788 2430 896 2485 illis
931 2447 1036 2485 non
1057 2445 1366 2501 cognoscere
1393 2430 1533 2484 viam
1561 2429 1825 2498 justitim,
1877 2443 2036 2498 quam

449 2533 560 2589 post
586 2523 930 2593 cognitionem
953 2530 1237 2577 retrorsum
1262 2520 1476 2590 reﬂecti.
1505 2520 1619 2575 Hoc
1652 2529 1836 2575 autem
1867 2520 2039 2574 multo

449 2611 627 2667 adhuc
647 2610 952 2666 evidentius
998 2612 1403 2666 demonstratur
1457 2610 1639 2664 verbis
1688 2609 1902 2665 Domini
1940 2624 2042 2679 per

449 2701 756 2772 parabolam
809 2701 890 2757 sic
944 2701 1261 2772 loquentis:
1304 2698 1438 2754 Cum
1474 2700 1780 2754 immundus
1822 2699 2039 2769 spiritus

448 2791 631 2846 scierit
655 2791 721 2844 ab
744 2792 974 2855 nomine,
1002 2788 1237 2844 ambulat
1264 2805 1357 2859 per
1396 2788 1512 2843 loca
1546 2788 1701 2842 arida
1729 2830 1744 2854 ,
1800 2804 2040 2861 quarens

450 2881 698 2951 requiem,
718 2889 769 2933 et
804 2896 909 2933 non
941 2880 1153 2933 iiwenit.
1190 2879 1335 2932 Tunc
1371 2879 1530 2933 dicit:
1567 2877 1821 2932 Revertar
1843 2880 1898 2932 in
1945 2878 2041 2932 do-

450 2986 593 3023 mum
611 2986 804 3036 meum,
836 2969 974 3023 unde
994 2968 1153 3024 exiri.
1182 2968 1252 3023 Et
1274 2969 1479 3023 veniens
1512 2968 1705 3022 inuenit
1748 2977 2037 3033 vacantem,

447 3062 620 3131 scopis
662 3060 973 3115 mandatam
1003 3068 1052 3114 et
1086 3068 1347 3114 ornatam.
1383 3058 1426 3112 Τ
1428 3074 1530 3112 unc
1572 3058 1715 3113 vadit
1736 3069 1791 3112 et
1816 3060 2049 3112 assmit.

449 3163 641 3223 septem
658 3152 791 3207 alios
811 3153 1026 3223 spiritus
1051 3153 1323 3224 nequiores
1348 3167 1422 3218 se,
1447 3162 1495 3206 et
1520 3152 1774 3206 intrantes
1797 3151 2035 3206 habitant

450 3244 540 3307 ibi,
563 3255 612 3297 et
640 3245 775 3313 ﬁunt
793 3244 1072 3299 nouissima
1119 3245 1346 3299 hominis
1370 3242 1514 3298 illius
1535 3246 1719 3315 pejora
1736 3244 2000 3316 prioribus
2019 3259 2038 3296 :

451 3334 527 3387 sic
552 3334 651 3388 erit
678 3344 727 3388 et
757 3337 1082 3405 generationi
1110 3336 1233 3389 huic
1281 3337 1538 3406 pessimae.
1589 3335 1669 3390 Ex
1690 3350 1801 3405 quo
1826 3337 2041 3407 perspi-

452 3440 616 3480 cuum
644 3438 724 3481 est
752 3427 1090 3482 humandum
1138 3427 1456 3483 idololatriae
1488 3428 1737 3498 spiritum
1766 3431 1834 3484 de
1876 3430 2042 3485 corde

453 3519 723 3587 quoiidam
752 3519 932 3589 populi
966 3519 1198 3584 Judaici,
1230 3535 1352 3575 eisin
1376 3522 1429 3575 ei
1456 3520 1545 3575 lex
1565 3523 1686 3575 data
1710 3531 1794 3576 est
1813 3562 1827 3587 ,
1862 3538 2044 3578 reces-

453 3606 591 3661 sisse
614 3614 670 3659 et
698 3608 1003 3663 ambulasse
1034 3624 1159 3663 eum
1193 3609 1285 3663 diu
1327 3624 1425 3680 per
1467 3609 1584 3665 loca
1622 3611 1773 3665 arida
1800 3651 1816 3676 ,
1877 3612 2040 3667 corda

453 3698 706 3754 videlicet
728 3702 1009 3771 gentilium
1037 3701 1388 3766 infructuosa,
1420 3703 1659 3772 atquein
1688 3705 1774 3759 his
1794 3720 2042 3761 securam

453 3790 556 3846 sibi
588 3792 823 3849 voluisse
849 3792 1029 3850 facere
1057 3797 1415 3851 mansionem.
1449 3796 1557 3853 Sed
1590 3806 1647 3853 et
1670 3798 1797 3854 inde
1836 3799 1894 3853 in
1940 3800 2039 3855 ad-

457 3891 622 3939 ventu
646 3882 871 3957 Christi,
901 3887 1115 3943 cunctis
1158 3888 1210 3943 in
1238 3903 1364 3943 eum
1413 3889 1762 3946 credentibus
1812 3892 2048 3949 nationi-
2076 3910 2089 3923 ·

451 3973 574 4039 bus,
596 3978 904 4046 expulsum,
927 3978 995 4033 ad
1016 3979 1301 4048 pristinam
1326 3979 1542 4035 domum
1564 3995 2044 4053 reversum,quam

455 4064 664 4121 invenit
700 4067 812 4122 Deo
856 4068 1075 4138 quidem
1105 4085 1355 4136 vacuam,
1393 4071 1703 4129 carnalibus
1726 4090 1858 4132 vero
1912 4077 2046 4147 legis

451 4160 923 4216 observationibus
947 4172 1217 4229 ornatam,
1240 4179 1271 4218 a
1305 4165 1635 4221 Pharisaicis
1665 4169 2048 4226 traditionibus

453 4251 618 4305 veluti
644 4254 977 4307 mandatam.
1011 4254 1080 4309 Et
1103 4256 1230 4323 quia
1262 4256 1398 4310 vidit
1425 4271 1547 4310 eam
1588 4257 1674 4311 sui
1711 4258 2049 4315 habitatione

452 4338 844 4413 dignissimam,
872 4354 1079 4417 septem
1105 4346 1239 4402 alios
1276 4347 1564 4416 nequiores
1590 4362 1650 4404 se
1707 4349 1931 4419 spiritus
1955 4362 2047 4406 as-

453 4434 713 4504 sumpsit;
759 4442 817 4491 et
849 4451 972 4492 cum
1001 4437 1089 4493 his
1118 4437 1308 4492 intima
1338 4437 1508 4506 ipsius
1532 4446 1840 4508 penetrans,
1867 4441 2122 4521 ηονίδδι)

452 4523 591 4577 sima
614 4520 731 4591 ejus
763 4523 948 4595 pejora
979 4525 1108 4582 fecit
1130 4526 1421 4597 prioribus.
1459 4527 1646 4596 Maiori
1678 4529 1876 4600 quippe
1895 4546 2042 4587 nunc

452 4613 646 4669 domus
687 4614 775 4669 illa
802 4616 973 4685 plebis
996 4615 1235 4672 Judaicaa
1290 4617 1598 4673 damonum
1625 4633 1850 4675 numero
1877 4622 2053 4690 possi-v

452 4705 639 4770 detur,
685 4706 1066 4777 blasphemans
1113 4709 1170 4763 in
1220 4710 1507 4780 synagogis
1563 4710 1676 4764 suis
1723 4710 2037 4782 Christum,

452 4812 617 4865 quam
650 4798 707 4853 in
744 4798 982 4869 Egypto
1029 4815 1282 4870 possessa
1333 4801 1512 4856 fuerat
1566 4810 1692 4857 ante
1724 4802 1858 4874 legis
1900 4806 2043 4860 noti-

453 4888 608 4942 tiam.

524 5004 665 5061 XXI.
699 5005 925 5062 Frustra
955 5008 1118 5079 igitur
1144 5006 1385 5066 fautores
1416 5008 1746 5077 Judaeorum,
1783 5025 1883 5065 nos
1908 5025 2037 5066 con-

2138 495 2483 549 honorandos
2507 510 2602 550 eos
2629 504 2851 565 putant,
2888 505 2945 551 et
2966 495 3290 555 Christianis
3314 499 3494 556 dicere
3522 505 3724 558 audent

2137 586 2423 653 meliores;
2464 602 2587 643 cum
2635 587 2877 659 legamus
2922 589 3088 644 etiam
3125 592 3433 662 Agarenos,
3459 594 3551 662 qui
3580 609 3726 651 nunc

2138 684 2395 746 corrupto
2415 675 2678 732 vocabulo
2702 687 2728 716 α
2757 675 3019 732 Saraceni
3043 687 3327 746 vocantur,
3348 679 3726 737 Amalacbitas

2138 781 2352 835 quoque
2371 805 2387 831 ,
2424 774 2481 820 et
2522 765 2842 821 Madianitas
2864 806 2879 830 ,
2936 776 3099 837 atque
3130 767 3321 835 Afros,
3350 785 3420 826 ex
3446 768 3725 827 Abraham

2139 870 2307 925 genus
2327 866 2526 913 ducere
2547 898 2561 922 ,
2614 858 2842 929 ideoque
2871 874 2972 914 nec
2998 872 3093 914 eos
3129 860 3416 931 quisquam
3440 863 3525 918 vel
3551 866 3727 923 hono-

2140 944 2339 999 randos
2378 946 2461 1000 vel
2498 946 2750 1003 meliores
2789 946 3115 1005 Christianis
3154 950 3346 1005 debeat
3382 954 3729 1010 existimare.

2139 1031 2257 1087 Non
2281 1033 2454 1089 solum
2486 1046 2668 1090 autem
2693 1034 2863 1092 Julian
2903 1038 3155 1094 meliores
3186 1039 3343 1095 nobis
3370 1056 3489 1097 esse
3526 1056 3730 1113 neque-

2138 1129 2254 1187 unt,
2286 1123 2383 1178 sed
2406 1132 2463 1178 et
2481 1124 2586 1188 his,
2620 1140 2757 1194 quas
2785 1141 2947 1196 supra
2977 1128 3418 1183 enumeravimus
3438 1170 3454 1196 ,
3497 1132 3729 1187 nationi-

2137 1211 2240 1266 bus
2265 1211 2476 1281 pejores
2498 1213 2846 1291 inveniuntur
2869 1232 2883 1268 :
2908 1214 3035 1285 quia
3061 1215 3164 1270 illa:
3182 1216 3401 1287 quidem
3428 1233 3529 1274 nec
3552 1218 3726 1291 legem

2139 1311 2504 1374 acceperunt,
2553 1305 2645 1361 isti
2687 1287 2819 1361 vlero
2854 1315 2985 1377 post
3022 1307 3203 1363 datam
3230 1308 3333 1364 sibi
3353 1308 3558 1382 legem,
3605 1287 3734 1381 post

2138 1392 2336 1449 missos
2359 1395 2429 1449 ad
2453 1410 2511 1449 se
2533 1396 2846 1465 prophetas,
2873 1397 3039 1451 etiam
3066 1396 3164 1453 Dei
3192 1397 3363 1453 ﬁlium
3389 1400 3725 1456 occiderunt.

2139 1480 2199 1537 Si
2232 1496 2384 1548 vero,
2406 1483 2561 1555 juxta
2585 1484 2925 1555 Apostolum,
2953 1503 3059 1541 non
3081 1488 3173 1558 qui
3196 1487 3297 1557 ﬁlii
3332 1491 3526 1557 carnis,
3549 1490 3602 1543 hi
3626 1489 3727 1550 ﬁlii

2136 1582 2260 1627 sunt
2291 1572 2410 1638 Dei,
2437 1574 2528 1628 sed
2553 1575 2645 1647 qui
2679 1575 2781 1645 ﬁlii
2813 1577 3193 1647 promissionis,
3227 1579 3282 1632 hi
3311 1580 3644 1633 wstintantur
3673 1581 3730 1634 in

2136 1662 2367 1727 semine;
2410 1678 2542 1732 ergo
2580 1662 2770 1731 Judazi,
2803 1674 3063 1735 quantum
3109 1683 3142 1722 a
3186 1669 3454 1738 promisso
3493 1668 3730 1723 Abrahae

2060 1753 2108 1811 B
2138 1751 2343 1816 semine
2362 1792 2377 1817 ,
2412 1753 2467 1807 id
2496 1765 2611 1819 est,
2661 1754 2909 1822 Christo,
2948 1756 3187 1812 existunt
3217 1757 3403 1825 alieni,
3434 1767 3644 1814 tantum
3674 1765 3731 1815 et

2138 1838 2372 1894 ﬁliorum
2411 1840 2504 1896 Dei
2535 1842 2706 1914 gloria
2732 1844 3032 1914 probantur
3067 1846 3306 1917 indigni;
3337 1862 3438 1902 nec
3470 1847 3731 1902 Hierusa-

2134 1930 2240 1985 lem
2281 1931 2554 1988 caelestem
2604 1943 2831 1989 matrem
2858 1936 3033 1990 sortiti
3059 1944 3218 2001 sunt,
3268 1936 3362 1991 sed
3384 1935 3726 1992 Hierusalem

2136 2023 2415 2079 terrestris
2451 2033 2507 2079 et
2531 2023 2678 2095 Agar
2708 2025 2948 2093 ancillze,
2997 2042 3118 2098 quae
3141 2027 3195 2081 in
3223 2028 3537 2082 servitutem
3564 2044 3727 2099 gene-

2137 2121 2242 2178 rat,
2269 2111 2363 2167 lilii
2395 2125 2795 2171 remanserunt.

2209 2204 2371 2259 XXII.
2414 2205 2522 2262 Sed
2576 2207 2707 2278 quid
2746 2206 2880 2262 dicit
2927 2206 3248 2280 Scriptura?
3295 2208 3445 2279 Ejice
3476 2208 3727 2263 ancillam

2137 2306 2188 2351 et
2225 2282 2394 2366 ﬁliuni
2437 2299 2575 2369 ejus.
2645 2299 2769 2354 Non
2795 2300 2933 2353 enim
2978 2300 3146 2354 hwres
3189 2300 3286 2354 erit
3329 2299 3473 2369 ﬁlius
3521 2298 3734 2354 ancilla!

2138 2406 2257 2443 cum
2280 2389 2394 2459 ﬁlio
2419 2389 2616 2446 liberm.
2660 2390 2928 2462 Expulsus
2952 2406 3081 2464 ergo
3116 2399 3201 2447 est
3237 2391 3302 2446 de
3322 2398 3547 2462 paterna
3570 2392 3733 2446 domo

2137 2478 2396 2536 Judaicus
2415 2481 2643 2552 populus
2664 2524 2678 2548 ,
2709 2491 2871 2554 atque
2905 2484 2971 2538 ab
2999 2484 3315 2539 haereditate
3344 2482 3575 2538 ﬁliorum
3621 2484 3724 2540 Ec-

2142 2574 2353 2641 clesim,
2398 2591 2519 2645 qua:
2552 2592 2652 2647 per
2690 2576 2966 2632 Christum
2992 2577 3163 2633 libera
3192 2577 3381 2633 cﬁ‘ecta
3409 2587 3511 2643 est,
3540 2595 3729 2649 segre-

2139 2670 2319 2733 gatus.
2379 2662 2511 2718 Nam
2553 2665 2694 2727 sicut
2723 2665 2988 2722 Dominus
3007 2667 3103 2733 ait,
3133 2651 3308 2722 servus
3337 2683 3440 2723 non
3465 2677 3637 2722 manet
3666 2669 3726 2722 in

2142 2754 2298 2809 domo
2343 2756 2397 2810 in
2436 2766 2711 2823 aeternum,
2756 2759 2900 2830 ﬁlius
2936 2771 3109 2815 manet
3150 2761 3205 2815 in
3230 2772 3502 2816 a'ternum.
3545 2760 3734 2817 Omnis

2141 2857 2319 2902 autem
2348 2849 2437 2921 qui
2464 2848 2592 2920 facit
2623 2860 2907 2921 peccatum,
2945 2868 3124 2906 servus
3146 2861 3219 2905 est
3242 2853 3476 2923 peccati;
3506 2868 3606 2909 nec
3633 2867 3735 2922 po-

2140 2946 2250 2995 test
2292 2955 2325 2994 a
2360 2939 2491 3012 jugo
2533 2943 2809 2997 servitutis
2839 2943 2993 2998 istius
3015 2942 3246 3010 absolvi,
3272 2945 3375 2999 nisi
3409 2959 3508 3014 per
3532 2945 3627 2999 Dei
3669 2944 3736 2998 ﬁ-

2141 3028 2275 3085 lium
2316 3032 2576 3088 meruerit
2621 3032 2861 3088 liberari.
2916 3031 3086 3090 Judaei
3125 3034 3290 3104 igitur
3338 3032 3483 3106 (qui,
3519 3033 3738 3090 dicente

2065 3096 2110 3158 δ
2143 3123 2416 3181 Domino:
2462 3123 2523 3181 Si
2547 3124 2692 3195 ﬁlius
2728 3143 2815 3180 vos
2860 3096 3192 3191 liberaverit:
3221 3096 3520 3180 uere‘liberi
3560 3125 3734 3190 eritis,

2145 3213 2245 3285 ipsi
2278 3213 2495 3284 quidem
2540 3229 2646 3270 non
2693 3216 2951 3280 credunt,
2995 3231 3055 3271 se
3081 3223 3261 3270 autem
3287 3230 3471 3270 semen
3502 3214 3740 3271 Abrahae

2141 3317 2264 3359 esse
2305 3311 2358 3359 et
2382 3304 2584 3358 nemini
2614 3321 2848 3375 unquam
2873 3306 3104 3361 servisse
3133 3306 3454 3377 gloriantur)
3497 3321 3603 3360 non
3641 3323 3737 3362 so-

2129 3392 2255 3447 lum
2285 3409 2313 3446 a
2347 3392 2596 3451 libertate
2636 3396 2857 3465 spiritus
2893 3394 3201 3451 elliciuntur
3226 3397 3500 3463 extranei,
3545 3398 3638 3453 sed
3674 3406 3739 3453 et

2143 3485 2378 3540 carnalis
2422 3486 2703 3543 servitutis
2753 3489 3102 3543 inveniuntur
3140 3491 3378 3544 obnoxii.
3420 3489 3603 3560 Neque
3626 3492 3738 3547 hoc

2143 3571 2346 3640 solum;
2379 3574 2473 3630 sed
2507 3582 2563 3628 et
2591 3573 2685 3628 ﬁlii
2716 3586 3064 3645 perseverant
3096 3577 3329 3644 diaboli;
3371 3580 3511 3634 sicut
3539 3589 3594 3634 et
3628 3580 3738 3633 Do-

2144 3662 2325 3717 minus
2364 3665 2639 3730 ostendit,
2689 3666 2874 3721 dicens
2903 3667 2982 3721 eis
3024 3682 3039 3720 :
3094 3662 3197 3721 Vos
3232 3684 3297 3722 ea:
3336 3678 3485 3739 patre
3523 3668 3741 3724 diabolo

2143 3753 2285 3819 estis,
2331 3764 2378 3809 et
2424 3755 2686 3810 desideria
2713 3759 2879 3828 patris
2906 3759 3058 3812 vestri
3088 3757 3241 3812 uultis
3262 3759 3455 3829 facere.
3508 3760 3590 3814 An
3618 3776 3734 3815 non

2143 3844 2312 3915 patris
2330 3846 2411 3902 sui
2442 3846 2710 3903 desiderio
2729 3847 2968 3917 quotidie
2992 3847 3351 3915 satisfaciunt,
3375 3858 3734 3905 contemnen—

2145 3944 2229 3991 tes
2275 3935 2470 4008 legem,
2519 3948 2839 4009 spernentes
2865 3941 3158 4011 prOpbetas
3179 3981 3194 4006 ,
3217 3950 3602 4012 persequentes
3631 3941 3739 3997 Ec—

2145 4026 2375 4084 clesium
2402 4069 2417 4094 ,
2470 4036 2633 4098 atque
2674 4029 2852 4099 ipsum
2900 4029 2998 4084 Dei
3049 4030 3219 4085 ﬁlium
3254 4031 3741 4100 blasphemantes’

2143 4114 2280 4171 Cum
2324 4118 2440 4173 hmo
2486 4135 2616 4189 ergo
2664 4118 2739 4176 ita
2784 4137 2842 4176 se
2870 4120 3136 4187 habeant,
3178 4138 3284 4191 qua
3320 4123 3530 4178 ratione
3560 4123 3740 4179 servis

2147 4204 2246 4263 Dei
2275 4211 2415 4263 servi
2440 4211 2674 4281 peccati,
2697 4209 2824 4267 ﬁliis
2846 4212 3029 4267 liberae
3055 4212 3148 4266 lilii
3170 4211 3400 4278 ancillae,
3424 4212 3737 4268 bacredibus

2147 4302 2496 4368 exhaaredati,
2530 4303 2625 4359 Dei
2658 4303 2786 4359 ﬁliis
2818 4304 2913 4359 ﬁlii
2945 4304 3140 4360 diaboli
3163 4303 3557 4375 praeferantur?
3585 4303 3741 4370 Quos

2150 4396 2412 4452 Dominus
2435 4411 2533 4465 per
2568 4396 2761 4452 Isaiam
2803 4397 3119 4468 prophetam
3157 4404 3305 4451 tanta
3352 4411 3383 4449 a
3418 4395 3588 4450 servis
3617 4396 3744 4452 suis

2148 4488 2415 4544 divisione
2440 4488 2671 4559 seiungit
2690 4530 2704 4555 ,
2748 4496 2809 4543 ut
2847 4497 2902 4543 et
2941 4503 3137 4543 nomen
3163 4487 3449 4556 pristinum
3480 4500 3574 4540 eos
3598 4484 3745 4539 ami-

2143 4580 2300 4645 sisse,
2325 4588 2381 4634 et
2402 4579 2546 4634 inter
2573 4588 2821 4634 mortuos
2855 4578 3105 4634 ostendat
3133 4577 3249 4648 jam
3281 4576 3565 4646 deputatos
3589 4589 3738 4637 esse,

2143 4668 2229 4723 his
2250 4668 2467 4723 verbis:
2500 4667 2635 4722 Ecce
2656 4669 2791 4723 servi
2816 4668 2918 4723 mei
2944 4666 3242 4731 comedent,
3282 4675 3331 4720 et
3358 4681 3445 4718 vos
3467 4664 3739 4718 esurietis.

2144 4759 2281 4814 Ecce
2305 4760 2439 4813 servi
2483 4760 2584 4814 mei
2614 4760 2785 4814 bibent
2812 4801 2828 4825 ,
2855 4769 2902 4813 et
2928 4775 3014 4813 vos
3047 4758 3256 4812 sitietis.
3314 4755 3452 4811 Ecce
3471 4754 3604 4809 serui
3634 4755 3748 4808 mei

2143 4849 2486 4917 lwtabuntur,
2515 4859 2563 4905 et
2591 4867 2678 4905 vos
2707 4850 3120 4919 confundemini.
3163 4848 3300 4903 Ecce
3337 4847 3472 4902 serui
3498 4846 3597 4899 mei
3624 4843 3748 4899 cla—

2142 4941 2359 4996 mabunt
2378 4958 2488 5012 pros
2527 4940 2873 4996 exsultatione
2898 4940 3072 4995 cordis
3091 4981 3106 5006 ,
3147 4948 3194 4994 et
3223 4956 3308 4993 vos
3329 4937 3598 4993 ululabitis
3625 4951 3748 5004 pra:

2144 5031 2325 5087 do’ore
2350 5034 2543 5100 cordis,
2582 5043 2631 5088 et
2660 5049 2771 5105 prie
2792 5033 3102 5088 contritione
3126 5031 3342 5103 spiritus
3365 5027 3661 5092 ululabilis,
3686 5039 3748 5081 et

1801 5118 2085 5177 BALUle
2125 5120 2362 5178 NOTAE.

524 5237 549 5266 ι
570 5226 823 5284 Saraceni
845 5238 1113 5285 vocantur.
1135 5228 1403 5285 Eusebius
1422 5230 1476 5284 1n
1495 5229 1765 5285 Chronico
1789 5247 1804 5283 :
1827 5246 1846 5280 α
1871 5230 2041 5286 Abra-

452 5296 578 5372 ham
607 5312 672 5352 ex
703 5300 894 5355 ancilla
923 5301 1069 5372 Agar
1090 5301 1277 5372 genuit
1296 5299 1577 5372 ismaelem
1604 5319 1617 5372 ς
1652 5314 1693 5372 a_
1712 5313 1818 5372 qun
1838 5299 2041 5372 ismaeg

454 5364 671 5441 litarum
699 5384 852 5441 gens,
882 5364 1189 5441 qui’pos'tea
1229 5370 1486 5441 Agareni,
1531 5364 1747 5441 deinde
1776 5368 2039 5425 Saraceni

454 5433 607 5489 dicti.
642 5433 767 5509 ’.Εἰ
792 5433 1088 5494 arbitratur
1124 5441 1185 5495 D.
1219 5433 1583 5509 Hieronymus
1626 5437 1929 5494 Saracenos
1958 5441 2042 5494 di-

453 5514 576 5578 ctos
606 5521 639 5560 a
673 5506 809 5562 Sara
840 5522 1009 5578 uxore
1035 5511 1282 5576 Abrahae,
1326 5506 1469 5564 sicut
1508 5507 1741 5578 Agareni
1785 5509 2048 5578 dicuntur

454 5575 525 5650 ab
546 5573 696 5650 Agar
720 5576 941 5650 ancilla.
979 5579 1084 5635 Sed
1113 5573 1693 5650 istudimprobat'ios.
1716 5576 1961 5650 scaliger
1983 5579 2039 5634 in

455 5644 1029 5704 Animadversionibus
1053 5650 1123 5703 ad
1146 5644 1455 5707 Chroniéon
1481 5648 1719 5704 Eusebii.
1756 5644 2044 5703 Exiitimat

457 5716 604 5773 enim
630 5718 811 5789 potius
836 5732 959 5774 esse
980 5718 1347 5776 deducendam
1371 5720 1518 5777 verbi
1551 5718 1709 5791 hujus
1729 5718 1992 5795 originem
2015 5736 2044 5772 a

2146 5232 2334 5323 ξςζαιες
2355 5237 3236 5323 αιξθειηΑι-ξδίος.εοηξαυι;ξιοθε.ε.ι
3263 5237 3644 5323 Qudnam
3658 5235 3754 5323 ie-

2144 5305 2283 5374 quit,
2332 5305 2447 5391 qui.
2472 5308 2664 5364 Turcis
2708 5308 2962 5391 dicuntur
3006 5306 3203 5391 Cosaki
3263 5308 3501 5390 Tartari,
3547 5305 3753 5430 anulos

2145 5372 2472 5450 Martolossi,
2499 5379 2689 5450 quales
2711 5377 3022 5450 Bandoheri
3059 5394 3123 5450 mi
3157 5378 3451 5450 Pyrenaeis.
3481 5397 3512 5450 -ι
3596 5391 3757 5431 tem-

2146 5448 2497 5519 n_ymiAtamen
2518 5447 2837 5519 opinionem
2866 5447 3213 5519 Scaligericaé
3240 5447 3465 5519 praefert
3481 5447 3759 5519 Innocen-

2144 5515 2256 5584 tius
2281 5516 2535 5572 Cironius
2556 5515 2610 5572 in
2640 5519 2836 5574 librum
2863 5535 2893 5572 v
2923 5515 3214 5584 Decretal.,
3240 5515 3323 5572 iit.
3350 5518 3402 5572 6.
3429 5517 3757 5572 Genebrar-

2145 5583 2247 5641 dus
2267 5603 2401 5660 vero
2421 5586 2902 5660 putat_Saracenos
2924 5590 3102 5660 potius
3122 5583 3297 5646 dictos
3318 5604 3347 5642 a
3373 5588 3507 5643 Sara
3531 5594 3752 5656 monte,

2150 5670 2313 5724 quem
2334 5656 2463 5714 olim
2490 5657 2594 5729 ipsi
2619 5656 2946 5717 incolebant.
