4048 6178
280 277 349 330 97
1383 273 1470 327 DE
1506 272 1808 328 JUDAlClS
1847 272 2526 334 SUPERSTITIONIBUS.
3479 277 3551 335 98

282 389 562 444 dimittetis
595 404 780 442 nomen
811 395 1038 440 vestrum
1064 387 1118 439 in
1131 387 1490 455 juramentum
1515 387 1687 440 electis
1715 387 1879 450 meis;
1908 389 1958 446 A
1986 405 2108 443 mur
2130 390 2379 444 absoluti.
2423 391 2726 446 Meminisse
2746 393 2944 447 etenim
2968 407 3068 448 nos
3097 401 3308 463 oportet
3329 410 3555 464 quomo-

281 490 329 533 et
355 478 637 547 interﬁciat
688 489 736 530 te
785 475 1046 529 Dominus
1076 475 1216 529 Deus
1246 485 1399 539 tuus,
1445 485 1491 529 et
1540 492 1713 529 servos
1756 492 1878 528 suos

281 569 488 622 uocabit
516 566 725 620 nomine
765 566 906 629 alio;
932 566 990 618 in
1030 582 1131 635 quo
1169 567 1256 635 qui
1298 565 1594 619 benedictus
1622 576 1696 619 est
1724 581 1880 635 super

281 668 505 720 terram,
535 656 869 710 benedicetur
893 657 950 708 in
976 655 1087 708 Deo
1117 671 1304 719 amen;
1334 665 1382 708 et
1405 657 1494 726 qui
1518 656 1669 725 jurat
1693 657 1750 709 in
1775 666 1878 709 ter-

283 764 366 810 ra,
384 747 600 815 jurabit
626 746 681 798 in
709 745 938 799 Domino
963 761 1133 797 amen.
1186 745 1417 800 Nomine
1442 746 1622 814 itaque
1642 747 1876 815 pristino

283 836 522 905 populus
572 834 833 889 Judaicus
880 833 1176 903 spoliatus,
1229 843 1284 888 et
1330 835 1728 890 incredulitatis
1767 853 1878 892 suae

279 928 460 996 gladio
494 935 845 996 peremptus,
896 924 1083 979 electis
1115 925 1210 979 Dei
1253 926 1470 980 nomine
1510 927 1614 981 alio
1646 929 1872 991 vocatis,

281 1029 341 1072 et
377 1018 696 1073 Christiano
740 1016 1004 1071 vocabulo
1032 1017 1360 1082 benedictis,
1400 1026 1560 1088 atque
1586 1019 1640 1072 in
1670 1018 1875 1073 Christi

283 1118 635 1163 sacramenta
657 1106 876 1175 iuratis,
911 1121 1011 1161 nec
1039 1108 1310 1175 exaequari
1340 1116 1536 1177 potest,
1560 1123 1661 1162 nec
1687 1123 1876 1177 corpo-

282 1200 390 1253 rali
421 1199 614 1252 saltem
645 1198 791 1251 victu
836 1197 1033 1250 sociari
1062 1197 1258 1262 debet,
1304 1197 1498 1264 quibus
1523 1212 1588 1250 ne
1616 1198 1728 1266 ipsa
1757 1199 1876 1266 qui-

283 1288 410 1343 dem
447 1288 728 1342 servitutis
757 1287 1114 1356 appellatione
1142 1287 1340 1342 meruit
1368 1288 1634 1356 copulari.

352 1396 552 1451 XXIII.
595 1397 652 1452 Si
679 1413 806 1451 vero
834 1407 889 1450 et
926 1397 1031 1452 hoc
1070 1398 1504 1464 consideremus,
1543 1400 1740 1467 quibus
1766 1401 1876 1455 vir-

280 1491 502 1545 tutibus
551 1490 876 1545 tabernaculi
905 1489 1002 1544 Dei
1033 1490 1298 1544 habitatio
1319 1532 1334 1556 ,
1382 1498 1435 1544 et
1471 1492 1645 1545 sancti
1675 1492 1874 1546 montis

283 1581 402 1649 ejus
433 1581 682 1635 ascensio
707 1580 883 1634 valeat
917 1580 1221 1648 comparari
1243 1621 1258 1644 ,
1288 1595 1394 1634 non
1421 1581 1703 1634 minimum
1733 1581 1874 1635 inter

284 1687 381 1725 eas
417 1671 593 1724 virtus
631 1669 719 1723 illa
749 1670 957 1723 obtinet
999 1669 1197 1733 locum,
1245 1686 1348 1739 qua
1377 1669 1461 1722 vir
1481 1668 1660 1737 justus
1686 1670 1761 1723 ita
1792 1669 1872 1724 di-

287 1777 424 1831 gnus
451 1769 532 1815 est
560 1760 875 1815 conlaudari
902 1779 913 1811 :
951 1760 1030 1812 Ad
1058 1759 1276 1812 nihilum
1301 1760 1554 1814 deductus
1578 1771 1651 1814 est
1675 1762 1729 1814 in
1747 1777 1872 1814 con-

285 1863 463 1918 spectu
500 1850 615 1919 ejus
661 1849 960 1918 malignus;
988 1848 1220 1900 timentes
1247 1858 1419 1901 autem
1444 1847 1724 1918 gloriﬁcat.
1782 1847 1874 1901 Fi-

286 1941 434 1994 deles
473 1942 658 2010 itaque
704 1949 757 1992 et
807 1939 1061 1993 timentes
1095 1939 1262 1992 Deum
1293 1938 1630 2009 gloriﬁcandi
1655 1947 1781 1993 sunt
1817 1939 1872 1993 in

285 2031 539 2084 omnibus
582 2038 744 2099 atque
786 2030 1107 2084 honorandi.
1147 2029 1382 2098 Populus
1422 2038 1602 2084 autem
1652 2031 1740 2084 ille
1780 2032 1874 2100 qui

284 2127 431 2174 totus
476 2127 560 2173 est
585 2119 794 2188 positus
842 2119 894 2172 in
939 2117 1190 2189 maligno,
1236 2118 1435 2188 quique
1478 2119 1574 2173 Dei
1619 2119 1872 2174 virtutem

287 2219 336 2262 et
365 2209 462 2263 Dei
493 2209 814 2279 sapientiam
840 2223 946 2261 non
977 2208 1254 2278 cognovit,
1287 2224 1350 2262 ac
1379 2223 1478 2276 per
1498 2209 1601 2262 hoc
1633 2209 1686 2262 in
1719 2209 1875 2263 mali-

286 2299 511 2365 gnitatis
539 2307 594 2351 et
635 2297 840 2351 erroris
864 2305 1132 2350 vetustate
1166 2298 1453 2360 remansit,
1484 2312 1583 2366 pro
1621 2297 1788 2352 nihilo
1819 2299 1873 2353 in

289 2397 580 2456 conspectu
629 2388 871 2442 omnium
919 2387 1253 2441 credentium
1295 2396 1381 2442 est
1423 2388 1734 2456 habendus;
1769 2406 1870 2447 nec

289 2478 534 2545 pecunize
565 2485 658 2531 aut
685 2477 999 2532 divitiarum
1032 2493 1253 2531 suarum
1284 2493 1449 2533 causa
1495 2479 1749 2549 cuiquam
1783 2480 1876 2535 ho-

290 2568 599 2632 norandus;
646 2568 739 2620 sed
785 2566 856 2620 ob
897 2580 1085 2620 earum
1132 2568 1313 2634 potius
1350 2567 1694 2637 cupiditatem
1723 2569 1872 2639 lepra

293 2655 535 2709 Naaman
567 2668 843 2722 aspersus,
890 2655 962 2708 ab
1004 2657 1151 2708 omni
1178 2655 1413 2710 ﬁdelium
1438 2657 1631 2725 populo
1659 2672 1758 2726 per
1785 2671 1875 2712 ve-

288 2761 408 2798 rum
439 2745 679 2800 Eliseum
704 2745 855 2814 aquis
887 2745 1233 2815 baptismatis
1254 2749 1490 2816 expiato,
1517 2755 1576 2802 ut
1605 2764 1730 2803 vere
1757 2764 1874 2804 sor-

288 2835 607 2890 didissimus
645 2842 798 2904 atque
831 2836 1296 2890 immundissimus
1343 2839 1739 2904 exsecrandus;
1790 2840 1874 2894 in-

288 2943 452 2998 super
478 2942 608 2982 vero
650 2937 704 2982 et
742 2927 1032 2982 anathema
1059 2928 1109 2982 ei
1136 2943 1351 2997 semper
1378 2937 1434 2984 et
1460 2930 1662 2999 ubique
1688 2930 1871 2985 dicen-

288 3018 416 3072 dum
445 3034 576 3074 voce
605 3019 870 3116 Apostqli,
915 3019 1030 3116 quin
1049 3020 1124 3073 ait
1163 3037 1176 3072 :
1227 3019 1284 3074 Si
1306 3022 1424 3116 quis
1450 3037 1552 3074 non
1588 3031 1731 3075 amat
1760 3021 1870 3076 Do—
1895 3054 1940 3116 Ο

289 3107 486 3159 asinum
521 3116 755 3160 nostrum
777 3105 962 3161 Iesum
990 3104 1278 3172 Christum,
1323 3108 1392 3161 sit
1436 3109 1712 3162 anathema
1754 3125 1867 3162 ma-

289 3201 539 3250 mnatha.
558 3196 692 3251 Nam
713 3200 758 3252 si
779 3199 826 3252 is
848 3198 939 3266 qui
961 3212 1066 3252 non
1089 3198 1341 3252 amatDei
1367 3197 1556 3264 ﬁlium,
1582 3200 1868 3254 anathema

289 3296 406 3346 est:
435 3302 566 3358 ergo
595 3288 688 3356 qui
707 3289 840 3353 odit,
871 3288 960 3356 qui
988 3289 1354 3357 persequitur,
1386 3291 1477 3357 qui
1508 3289 1868 3358 blasphemat,

289 3379 460 3433 multo
517 3380 696 3435 adhuc
745 3381 1118 3436 detestabilius
1164 3383 1704 3439 anathematizandus
1763 3395 1865 3440 est.

291 3467 346 3522 Si
373 3471 495 3537 quis
522 3484 686 3538 porro
729 3472 985 3526 amicitiis
1021 3471 1255 3525 libenter
1281 3471 1451 3539 ipsius
1479 3472 1738 3542 indulget,
1771 3489 1871 3529 nec

291 3555 430 3611 terre
459 3558 533 3612 illi
563 3559 740 3627 impia:
762 3561 1038 3616 societatis
1063 3561 1322 3615 auxiliqu
1351 3563 1642 3628 erubescit,
1676 3567 1871 3620 merito

291 3657 343 3700 et
392 3647 508 3717 ipse
556 3649 737 3704 audiet
778 3652 925 3719 quod
973 3650 1232 3721 Josaphat
1270 3667 1364 3708 rex
1411 3669 1510 3722 per
1551 3657 1868 3724 prophetam

292 3738 504 3793 Domini
528 3741 835 3812 increpatus
864 3744 1106 3810 audivit;
1142 3744 1313 3816 Impia
1348 3747 1546 3815 praebes
1587 3748 1865 3810 auxilium,

292 3838 339 3879 et
363 3829 444 3882 his
468 3831 558 3899 qui
581 3831 802 3886 oderunt
832 3832 1113 3888 Dominum
1141 3836 1377 3889 amicitia
1403 3836 1668 3906 jungeris,
1712 3847 1759 3890 et
1789 3837 1872 3890 ἰά-

291 3919 430 3970 circa
465 3921 601 3973 iram
639 3921 852 3976 Domini
891 3925 1124 3978 mereris.
1173 3925 1240 3979 Et
1286 3926 1504 3995 quidem
1549 3942 1647 3981 rex
1685 3928 1772 3982 ille
1816 3929 1869 3981 in

293 4010 504 4064 exteris
532 4012 780 4066 omnibus
815 4011 1045 4081 justitize
1091 4015 1453 4070 testimonium
1488 4017 1725 4086 accepit;
1779 4017 1872 4073 sed

296 4100 348 4152 in
374 4098 474 4154 hoc
501 4100 839 4158 solummodo
867 4103 1089 4159 oﬁ'endit
1115 4145 1129 4168 ,
1169 4105 1371 4175 Deique
1393 4107 1528 4160 iram
1552 4109 1866 4177 promeruit,

295 4191 438 4258 quod
482 4191 662 4261 impiis
705 4201 761 4248 et
801 4193 972 4249 Deum
1009 4195 1317 4251 odientibus
1343 4197 1601 4252 auxilium
1632 4199 1874 4268 praebere

295 4289 349 4332 et
374 4281 641 4336 amicitias
666 4297 772 4337 non
797 4284 1146 4338 exhorruerit
1185 4286 1439 4355 copulare
1478 4305 1490 4339 :
1522 4302 1657 4356 quos
1687 4288 1874 4358 utique

297 4383 401 4422 non
429 4384 551 4424 esse
579 4370 712 4425 alios
748 4386 912 4441 quam
954 4387 1050 4428 eos
1081 4373 1173 4442 qui
1201 4388 1232 4427 a
1261 4374 1422 4429 domo
1450 4374 1618 4431 David
1641 4393 1701 4432 se
1733 4378 1874 4446 ipsos
1903 4394 1954 4453 ι)

296 4458 629 4523 exciderant,
657 4460 934 4515 evidenter
961 4460 1244 4532 Scriptura
1277 4463 1553 4532 designat;
1585 4465 1725 4519 sicut
1745 4475 1800 4520 et
1820 4468 1878 4522 hi

299 4545 466 4616 impii,
494 4555 550 4599 et
571 4547 780 4602 inimici
808 4563 1023 4618 semper
1072 4549 1165 4604 Dei
1190 4549 1302 4605 ﬁlio
1329 4547 1521 4615 Judaei,
1565 4566 1596 4605 a
1631 4553 1746 4608 veri
1776 4553 1881 4608 Da-

297 4637 385 4691 vid
406 4638 566 4691 domo
584 4680 599 4703 ,
632 4655 751 4707 qua:
777 4648 861 4694 est
887 4640 1128 4696 Ecclesia
1149 4682 1163 4707 ,
1191 4657 1251 4697 se
1280 4642 1399 4712 ipso
1425 4655 1741 4716 segregant,
1767 4656 1824 4702 et
1847 4663 1878 4702 a

299 4741 462 4796 regno
479 4725 682 4782 Christi
707 4728 938 4791 abscisi,
969 4745 1196 4800 regnum
1220 4740 1540 4801 exspectant
1579 4749 1642 4788 ac
1667 4735 1880 4790 deside-

300 4826 420 4870 rant
454 4817 818 4885 Antichristi,
876 4836 1038 4890 quem
1083 4823 1346 4879 Dominus
1383 4825 1542 4881 Jesus
1585 4827 1882 4884 interﬁciat

299 4909 489 4976 spiritu
519 4911 634 4965 oris
686 4912 802 4978 sui,
846 4921 903 4966 et
947 4914 1191 4970 destruet
1222 4916 1582 4975 illustratione
1617 4921 1881 4976 adventus

298 5001 400 5056 sui.
442 5001 556 5056 Non
581 5003 758 5057 solum
783 5012 963 5058 autem
995 5005 1192 5075 ipsum,
1221 5008 1315 5062 sed
1336 5017 1390 5061 et
1419 5010 1551 5064 istos
1578 5010 1670 5078 qui
1699 5011 1882 5065 volue-

297 5103 423 5146 ruut
455 5109 677 5164 regnare
711 5108 876 5163 super
901 5109 991 5160 se,
1025 5096 1318 5151 secundum
1349 5098 1623 5168 Evangelii
1651 5101 1881 5169 parabo—

295 5183 402 5236 lam
425 5226 439 5247 ,
497 5195 719 5254 accepto
762 5185 1027 5240 calorum
1077 5203 1276 5258 regno,
1323 5192 1636 5260 regrediens
1672 5193 1882 5262 jubebit

296 5274 526 5328 interﬁci
553 5289 611 5329 se
637 5285 932 5346 praesente.

364 5364 552 5419 XXIV.
611 5367 803 5437 Erepti
857 5366 1027 5438 igitur
1085 5369 1153 5424 de
1220 5380 1487 5439 potestate
1536 5373 1880 5427 tenebrarum

294 5454 618 5520 Christiani,
671 5467 729 5513 et
775 5457 1027 5513 translati
1072 5459 1125 5515 in
1179 5477 1404 5531 regnum
1455 5462 1549 5517 lilii
1599 5465 1883 5520 charitatis

295 5546 422 5612 Dei,
471 5549 782 5605 nullatenus
821 5550 1083 5604 debemus
1127 5567 1314 5606 eorum
1357 5553 1603 5607 convictu
1633 5563 1686 5608 et
1716 5555 1883 5610 socie-

298 5647 405 5691 tate
427 5639 604 5708 pollui,
635 5657 663 5692 a
696 5655 930 5709 quorum
963 5641 1241 5696 erroribus
1278 5642 1423 5695 omni
1465 5656 1659 5712 genere
1686 5645 1882 5713 proba-

1985 479 2052 533 do
2095 487 2149 532 et
2195 483 2455 549 propheta
2504 481 2610 545 ille,
2657 483 2746 550 qui
2775 481 2841 535 de
2865 482 3001 536 Juda
3042 485 3238 540 missus
3277 484 3452 540 fuerat
3496 489 3551 542 in

1981 570 2164 624 Bethel
2183 612 2197 635 ,
2228 573 2319 626 ubi
2358 575 2425 627 ab
2453 572 2738 628 Jeroboam
2766 579 2892 643 rege
2937 573 3196 630 Samaria:
3237 578 3436 634 vitulus
3460 594 3558 634 au-

1979 674 2105 714 reus
2129 661 2424 727 colebatur,
2472 679 2502 715 a
2528 663 2639 717 Deo
2681 665 2984 732 prohibitus
3011 682 3077 720 ne
3109 667 3217 721 illic
3243 670 3556 724 comederet

1978 749 2060 802 vel
2104 750 2354 815 biberet,
2404 753 2568 806 etiam
2619 754 2864 807 invitanti
2916 771 2974 809 se
3013 757 3126 826 regi
3166 759 3546 827 responderit:

1979 838 2041 893 Si
2060 839 2264 895 dederis
2292 844 2416 895 mihi
2446 843 2669 898 mediam
2696 855 2894 915 partem
2919 846 3104 900 domus
3123 857 3248 913 tum,
3277 865 3380 902 non
3401 867 3558 904 man-

1975 928 2177 982 ducabo
2200 947 2386 998 panem
2406 972 2419 996 ,
2460 949 2622 1002 neque
2661 933 2830 986 bibam
2860 951 3051 1004 aquam
3081 937 3135 989 in
3164 936 3276 990 loco
3304 939 3425 991 isto.
3469 939 3554 992 lu-

1975 1031 2138 1086 super
2181 1027 2236 1070 et
2282 1034 2504 1073 munera
2541 1021 2721 1075 oblata
2760 1023 2858 1076 sibi
2895 1024 2963 1077 ab
2990 1026 3179 1078 eodem
3211 1042 3334 1097 rege
3383 1030 3554 1083 susci-

1973 1120 2104 1174 pere
2130 1106 2419 1160 recusavit.
2466 1108 2662 1162 Verum
2689 1110 2813 1176 quia
2841 1118 3024 1177 postea
3049 1113 3301 1167 seductus
3338 1130 3367 1168 a
3393 1131 3553 1184 pseu-

1975 1195 2304 1264 dopropheta
2333 1198 2564 1265 quodam
2588 1237 2602 1261 ,
2655 1207 2843 1252 contra
2882 1209 3211 1268 prteceptum
3242 1202 3454 1258 Domini
3497 1207 3548 1259 in

1973 1284 2164 1338 eodem
2194 1284 2312 1340 loco
2339 1285 2574 1339 comedit
2621 1295 2677 1340 et
2722 1287 2888 1353 bibit,
2926 1290 3021 1342 Dei
3044 1290 3248 1358 judicio
3272 1292 3413 1347 leoni
3439 1302 3550 1347 tra-

1975 1373 2152 1437 ditus,
2183 1382 2238 1426 et
2275 1374 2342 1427 ab
2363 1389 2429 1428 eo
2453 1374 2809 1444 interemptus
2838 1379 3108 1432 occubuit.
3159 1378 3293 1433 Nam
3321 1383 3463 1449 quod
3494 1383 3548 1435 in

1977 1463 2156 1517 Veteri
2204 1461 2552 1516 Testamento
2596 1463 2834 1533 religiosi
2879 1464 3048 1519 ,ιυᾱωί
3077 1467 3359 1537 diligenter
3385 1471 3552 1524 absti-

1973 1561 2207 1606 nuerunt
2250 1568 2280 1606 a
2317 1552 2443 1606 cibo
2478 1560 2534 1607 et
2571 1561 2700 1621 potu
2729 1553 3046 1618 inﬁdelium,
3093 1556 3183 1610 ubi
3213 1557 3315 1611 illis
3343 1573 3546 1627 praece-

1974 1649 2125 1710 ptum
2154 1642 2275 1696 sita
2300 1641 2529 1695 Domino
2554 1656 2660 1695 non
2683 1641 2839 1696 facile
2867 1643 3197 1711 advertitur;
3230 1648 3548 1702 documenta

1902 1719 1949 1777 Β
1977 1740 2157 1785 tamen
2184 1739 2400 1786 exstant
2427 1732 2494 1786 de
2515 1733 2775 1802 exemplis
2799 1745 3106 1790 sanctorum
3137 1777 3152 1802 ,
3194 1739 3333 1793 sicut
3353 1739 3419 1794 de
3445 1741 3549 1794 Da-

1975 1820 2115 1874 niele
2141 1821 2404 1891 scriptum
2433 1828 2516 1876 est
2540 1839 2553 1874 :
2582 1821 2866 1892 Proposuit
2889 1834 3065 1878 autem
3089 1823 3280 1880 Daniel
3303 1829 3358 1881 in
3391 1830 3547 1884 corde

1971 1927 2067 1964 suo
2095 1929 2162 1965 ne
2181 1911 2502 1982 pollueretur
2525 1911 2590 1964 de
2631 1929 2810 1967 mensa
2858 1917 3011 1985 regis,
3040 1932 3203 1985 neque
3231 1917 3296 1970 de
3317 1919 3434 1972 vino
3458 1937 3549 1989 po-

1972 2007 2055 2054 tus
2081 2001 2231 2070 ejus;
2259 2009 2308 2070 et
2335 2001 2532 2071 rogavit
2555 2004 2913 2058 cunuchorum
2935 2006 3271 2076 prtepositum
3289 2047 3304 2072 ,
3335 2023 3400 2060 ne
3425 2024 3548 2060 con-

1972 2090 2338 2143 taminaretur.
2395 2089 2832 2161 Concessumque
2869 2101 2954 2147 est
2997 2092 3204 2148 Danieli
3229 2135 3244 2160 ,
3303 2097 3546 2159 Ananiae,

1971 2179 2179 2233 Azariae
2197 2220 2212 2244 ,
2250 2187 2307 2234 et
2331 2179 2596 2245 Misaheli,
2634 2196 2760 2236 cum
2789 2184 2969 2238 caeteri
2996 2185 3149 2253 pueri
3169 2186 3422 2242 lsraelita:
3451 2200 3545 2240 ve-

1973 2283 2254 2328 scerentur
2302 2276 2423 2330 cibo
2457 2276 2628 2346 regio.
2681 2276 2812 2343 Quae
2849 2279 3190 2333 observantia
3234 2282 3289 2334 in
3338 2290 3546 2337 tantum

1972 2365 2196 2421 inolevit
2224 2365 2363 2437 apud
2391 2363 2634 2431 Judzeos,
2667 2374 2730 2420 ut
2768 2374 3008 2438 tempore
3033 2371 3295 2425 adventus
3333 2372 3544 2427 Domini

1970 2457 2248 2525 generalis
2275 2466 2419 2511 esset
2450 2457 2692 2511 omnium
2717 2475 2732 2524 ;
2764 2458 2838 2513 ita
2863 2469 2923 2514 ut
2941 2461 3183 2515 dicerent
3205 2462 3351 2532 impii
3375 2462 3548 2518 Judaei

1973 2545 2256 2615 discipulis
2279 2545 2493 2600 Domini
2519 2563 2531 2598 :
2565 2545 2743 2611 Quare
2766 2563 2886 2602 cum
2910 2549 3201 2618 publicanis
3238 2561 3286 2603 et
3307 2561 3547 2620 peccato-

1972 2635 2116 2689 ribus
2156 2635 2491 2690 manducatis
2535 2645 2584 2689 et
2619 2636 2831 2692 bibitis?
2883 2645 2940 2692 et
2980 2653 3087 2692 non
3119 2638 3290 2693 solum
3321 2640 3410 2705 hi,
3451 2643 3548 2697 sed

1972 2727 2136 2782 etiam
2167 2726 2414 2786 inﬁdeles
2451 2727 2816 2797 disceptarent
2864 2729 3124 2784 adversus
3161 2730 3412 2796 Petrum,
3455 2732 3548 2800 qui

1969 2827 2128 2876 erant
2154 2834 2222 2874 ex
2251 2819 2680 2883 circumcisione,
2711 2819 2953 2874 dicentes
2977 2839 2990 2873 :
3027 2819 3202 2885 Quare
3230 2821 3455 2875 introisti
3479 2823 3548 2875 ad

1969 2911 2106 2965 uiros
2134 2911 2446 2981 prwputium
2475 2909 2751 2976 habentes,
2788 2919 2837 2965 et
2862 2912 3217 2965 manducastis
3255 2928 3373 2966 cum
3396 2911 3500 2967 illis
3525 2913 3551 2966 2

1970 3003 2180 3070 Quibus
2209 3003 2417 3058 reddita
2463 3003 2681 3057 ratione
2709 3001 2987 3070 subjunxit
3009 3043 3025 3068 ,
3067 3005 3408 3073 respondisse
3443 3006 3547 3058 sibi

1969 3110 2162 3151 vocem
2192 3096 2260 3150 de
2284 3095 2423 3150 caelo
2449 3095 2686 3150 secundo
2710 3110 2725 3148 :
2757 3093 2888 3159 Qua:
2911 3094 3053 3150 Deus
3081 3097 3373 3161 mandavit,
3403 3107 3460 3150 tu
3483 3115 3546 3151 ne

1971 3201 2244 3238 commune
2283 3184 2501 3238 dixeris.
2543 3184 2623 3238 Ex
2663 3199 2771 3254 quo
2810 3193 3048 3253 tempore
3085 3186 3251 3254 coepit
3278 3185 3544 3240 declarari

1971 3275 2116 3346 quod
2140 3276 2332 3329 beatus
2358 3273 2556 3328 Paulus
2579 3274 2796 3344 scripsit
2821 3293 2834 3327 :
2871 3273 3060 3327 Omnia
3085 3275 3280 3329 munda
3313 3276 3542 3341 mundis,
3584 3321 3586 3323 ,

1971 3366 2319 3437 coinquinatis
2345 3375 2519 3419 autem
2553 3375 2601 3419 et
2641 3364 2938 3433 inﬁdelibus
2976 3365 3106 3418 nihil
3134 3367 3386 3420 mundum
3415 3366 3543 3438 (Tit.

1971 3475 2013 3523 ι,
2042 3458 2150 3531 15).
2193 3457 2310 3525 Quo
2341 3458 2648 3512 testimonio
2685 3457 2812 3512 licet
2841 3457 3085 3526 plerique
3126 3458 3177 3510 in
3209 3459 3545 3512 contrarium

1971 3557 2216 3613 utantur,
2248 3548 2303 3602 id
2329 3556 2432 3612 est,
2464 3555 2525 3601 ut
2565 3556 2786 3617 propter
2825 3548 2928 3601 hoc
2963 3554 3153 3616 putent
3191 3547 3292 3602 sibi
3339 3547 3546 3602 licitum

1972 3638 2268 3694 inﬁdelium
2307 3653 2523 3694 sumere
2563 3639 2752 3704 cibos,
2809 3647 2988 3693 tamen
3035 3647 3276 3693 nostram
3326 3639 3548 3693 omnino

1971 3730 2256 3786 conﬁrmat
2283 3732 2704 3798 observantiam,
2735 3741 2796 3784 ut
2820 3731 3216 3784 immundorum
3241 3729 3548 3782 immundae

1942 3819 2283 3878 .noverimus
2307 3835 2430 3875 esse
2459 3835 2704 3884 mensas,
2736 3821 2863 3888 quia
2890 3819 3182 3886 inquinatae
3211 3827 3339 3871 sunt
3360 3833 3548 3872 eorum

1969 3919 2024 3966 et
2053 3926 2204 3965 mens
2231 3921 2288 3965 et
2328 3911 2679 3966 conscientia.
2738 3910 3017 3976 Quomodo
3053 3918 3229 3963 autem
3259 3909 3549 3964 immunda:

1971 4017 2081 4056 non
2106 4010 2269 4056 erunt
2295 4016 2526 4067 mensas,
2553 4017 2782 4072 quorum
2807 4001 3092 4056 maledicta
3119 4010 3249 4056 sunt
3275 4003 3471 4057 horrea
3493 4009 3551 4057 et

1972 4093 2248 4161 apotheca:
2269 4093 2294 4145 ‘l

2042 4181 2210 4237 XXV.
2253 4181 2358 4237 Sed
2393 4183 2518 4252 quia
2561 4182 2631 4238 ad
2664 4182 3068 4238 maledictiones
3109 4182 3415 4240 inﬁdelibus
3453 4182 3550 4238 Ju-

1974 4274 2104 4328 dzeis
2133 4290 2164 4327 a
2191 4273 2302 4329 Deo
2333 4275 2614 4344 impositas
2657 4275 2945 4330 scribendo
2981 4277 3357 4346 pervenimus,
3392 4277 3555 4345 paulo

1979 4365 2286 4435 diligentius
2307 4382 2338 4420 a
2362 4365 2736 4435 superioribus
2763 4381 2857 4421 eas
2881 4376 3210 4436 repetamus.
3258 4368 3350 4422 Ait
3373 4369 3556 4437 itaque

1981 4453 2190 4526 Moyses
2235 4455 2383 4510 omni
2425 4455 2622 4526 populo
2663 4456 2961 4510 Israelitico
2994 4465 3144 4511 trans
3179 4455 3469 4512 Iordanem
3499 4459 3555 4512 in

1980 4547 2268 4602 solitudine
2287 4546 2581 4616 campestri
2608 4560 2623 4599 :
2652 4545 2736 4599 En
2757 4563 2988 4617 propono
3010 4548 3062 4601 in
3090 4557 3364 4617 conspectu
3386 4557 3556 4601 vestro

1979 4639 2132 4692 hodie
2155 4638 2558 4692 benedictionem
2579 4645 2626 4690 et
2646 4635 3101 4700 maledictionem;
3125 4637 3552 4702 benedictionem,

1978 4733 2026 4786 si
2067 4731 2365 4785 obedieritis
2407 4730 2672 4784 mandatis
2715 4729 2964 4794 Domini;
3011 4727 3460 4794 maledictionem,
3509 4733 3556 4784 si

1981 4844 2083 4881 non
2111 4826 2390 4880 audieritis
2414 4824 2668 4878 mandata
2697 4823 2796 4876 Dei
2825 4824 2999 4876 uestri.
3047 4820 3179 4878 C'un't
3206 4824 3555 4878 introduxerit

1980 4925 2028 4970 te
2055 4916 2311 4969 Dominus
2339 4915 2482 4969 Deus
2517 4923 2638 4968 tuus
2668 4914 2724 4968 in
2753 4922 2945 4969 terram
2979 4913 3048 4968 ad
3074 4931 3229 4986 quam
3269 4913 3440 4983 pergis
3462 4913 3559 4966 ha—

1983 5008 2252 5060 bitandam
2274 5047 2288 5070 ,
2318 5022 2474 5076 pones
2505 5005 2908 5059 benedictionem
2947 5022 3103 5076 super
3133 5013 3359 5059 montem
3398 5002 3553 5058 Gari—

1983 5099 2124 5162 zim,
2170 5097 2584 5151 maledic-tionem
2627 5113 2784 5165 super
2825 5109 3051 5149 montem
3078 5095 3271 5160 Hebal,
3311 5095 3400 5164 qui
3435 5106 3556 5150 sunt

1981 5199 2128 5243 trans
2165 5187 2474 5242 Iordanem.
2508 5186 2637 5253 Quae
2666 5189 2830 5241 verba
2868 5202 2989 5241 cum
3013 5183 3410 5256 permagniﬁcis
3435 5200 3557 5242 sen-

1982 5279 2131 5334 sibus
2158 5279 2312 5349 plena
2357 5280 2494 5341 sint,
2541 5295 2644 5332 nou
2673 5289 2798 5332 ante
2835 5286 3126 5347 potuerunt
3157 5276 3367 5346 impleti
3393 5319 3406 5342 ,
3452 5280 3558 5333 nisi

1981 5369 2219 5424 Jordane
2257 5368 2516 5431 transito,
2561 5369 2612 5422 id
2640 5375 2754 5433 est,
2789 5367 3038 5435 baptismi
3067 5379 3405 5424 sacramento
3433 5385 3556 5424 cor-

1983 5475 2113 5532 pore
2146 5459 2345 5513 Christi
2374 5458 2532 5513 tactis
2559 5458 2716 5526 aquis
2741 5455 3046 5511 Jordanicis
3075 5458 3340 5514 dedicato.
3396 5459 3558 5513 Gari-

1985 5552 2090 5604 zim
2135 5564 2409 5619 namque,
2469 5550 2561 5617 qui
2613 5549 2999 5616 interpretatur
3025 5549 3237 5615 divisio,
3291 5549 3561 5621 signiﬁcat

1985 5641 2330 5712 apostolicam
2360 5640 2570 5709 plebem
2600 5638 2828 5693 divisam
2856 5640 2924 5694 ab
2951 5639 3246 5698 inﬁdelium
3263 5658 3554 5714 svnagoga,
