4048 6178
469 301 474 304 ’
512 287 589 343 *89
1504 287 1562 342 S.
1604 285 1952 342 AGOBARD!
1994 285 2302 342 EPISCOPI
2341 286 2824 344 LUGDUNENSIS

3685 294 3787 346 ωο

516 407 665 460 sicut
690 403 888 460 Paulus
915 403 981 460 de
1011 418 1072 460 sc
1101 405 1217 473 ipso
1247 402 1326 458 ait
1358 420 1370 458 :
1422 401 1555 458 Cum
1580 412 1756 457 autem
1793 401 2105 472 complacuit
2133 410 2184 467 Α
2209 402 2372 456 donec
2414 413 2462 456 te
2503 413 2757 456 conterat.
2823 403 2935 458 lloc
2973 405 3217 474 profecto
3244 413 3330 460 est
3359 405 3502 474 quod
3534 420 3696 474 supra
3727 408 3797 461 de

519 498 570 552 ei
599 497 688 568 qui
716 513 795 550 me
820 496 1106 566 segregavit
1126 495 1193 548 de
1217 504 1362 548 utero
1389 495 1572 548 matris
1592 510 1743 558 mete,
1771 503 1826 547 ut
1859 493 2106 547 reuelaret

522 586 694 654 ﬁlium
719 602 873 639 suum
904 587 958 638 in
988 601 1071 638 me
1094 626 1109 650 ,
1159 603 1266 640 non
1281 585 1551 656 'adquievi
1576 586 1726 640 carni
1749 595 1797 638 et
1838 585 2102 654 sanguini.

523 677 692 731 Hehal
717 683 922 740 autem,
949 676 1042 746 qui
1073 676 1466 744 interpretatur
1495 691 1695 747 vorago
1724 663 1909 739 vetus,
1940 674 2109 745 signi-

524 769 653 823 ﬁcat
689 767 967 822 carnalem
1006 774 1064 822 et
1099 767 1376 822 inﬁdelem
1422 765 1760 838 Synagogam
1782 807 1794 827 .
1849 780 1970 835 quae
2000 780 2107 819 non

523 857 795 926 acquievit
827 857 1062 912 transire
1090 858 1156 910 ad
1189 859 1487 912 novitatem
1509 859 1734 927 spiritus
1759 857 2105 922 vivificantis,

519 949 616 1001 sed
642 949 833 1002 maluit
860 964 1143 1004 remanere
1172 951 1228 1004 in
1261 957 1532 1004 vetustate
1561 950 1757 1004 litterae
1785 946 2104 1002 occidentis.

521 1036 707 1106 lbique
751 1037 832 1096 eis
878 1040 1392 1108 perseverantibus,
1450 1041 1762 1117 supervenit
1814 1039 2110 1091 immensus

521 1127 716 1184 ﬂuvius
761 1130 1199 1184 maledictionum
1228 1169 1242 1192 ,
1289 1130 1446 1198 juxta
1491 1130 1634 1198 quod
1680 1129 1942 1198 scriptum
1976 1137 2104 1183 est:

521 1217 679 1272 Facti
707 1229 830 1272 sunt
851 1220 1112 1288 principes
1139 1217 1175 1271 Ι
1182 1219 1288 1271 uda
1311 1259 1325 1282 ,
1359 1220 1511 1289 quasi
1550 1218 1881 1272 adsumentes
1925 1219 2108 1270 termi-

523 1324 671 1361 num.
714 1305 885 1376 Super
905 1323 992 1361 eos
1014 1308 1309 1377 effundam,
1341 1309 1493 1378 quasi
1515 1325 1728 1378 aquam,
1755 1309 1891 1361 iram
1916 1324 2105 1361 meam.

520 1397 590 1452 Et
613 1397 751 1452 sicut
782 1412 971 1451 omnes
1006 1399 1229 1452 omnino
1273 1400 1661 1466 promissiones
1699 1407 1754 1454 ct
1779 1399 2110 1452 benedictio-

519 1504 619 1544 nes
653 1490 1038 1558 requieverunt
1099 1504 1265 1559 super
1323 1490 1678 1560 apostolicam
1725 1490 1965 1560 plebem,
2027 1490 2110 1544 sic

517 1599 712 1639 omnes
755 1583 1210 1638 comminationes
1251 1591 1308 1636 et
1346 1583 1753 1638 maledictiones
1779 1582 2111 1638 confirmata:

518 1683 650 1730 sunt
675 1689 838 1742 super
871 1688 1201 1744 synagogam
1229 1672 1445 1728 Satanae
1469 1713 1484 1736 ,
1517 1673 1636 1742 ipso
1668 1673 1865 1727 ordine
1894 1672 1974 1727 rei
2000 1689 2109 1743 quo

2209 491 2501 563 Evangelio
2525 493 2838 562 posuimus:
2869 492 3042 547 Erunt
3066 495 3342 550 novissima
3370 494 3596 548 hominis
3625 494 3794 555 illius,

2209 581 2266 638 id
2291 591 2395 648 est,
2421 583 2493 638 ad
2516 597 2677 653 quem
2708 584 2930 653 spiritus
2954 584 3265 640 immundus
3293 599 3418 638 cum
3443 585 3565 638 aliis
3587 591 3796 653 septem

2211 690 2269 730 se
2298 677 2415 746 ipso
2461 676 2814 745 aequioribus
2858 676 3131 747 ingressus
3175 677 3376 741 fuerit,
3426 679 3611 747 pejora
3649 679 3796 748 prio-

2211 767 2376 821 ribus.

2281 857 2469 912 XXVI.
2512 857 2580 912 Et
2623 859 2740 912 haec
2767 858 2986 927 quidem
3035 857 3276 912 breviter
3317 858 3588 924 diximus,
3633 873 3699 914 ac
3730 859 3799 914 de

2211 945 2396 1001 multis
2437 963 2606 1017 pauca
2654 949 2968 1016 libavimus;
3020 951 3258 1005 strictim
3305 951 3511 1006 scilicet
3555 951 3800 1005 volentes

2209 1037 2496 1092 ostendere
2519 1041 2738 1108 quantis
2766 1041 3204 1096 benedictionum
3238 1042 3553 1096 muneribus
3583 1042 3800 1111 dignam

2209 1129 2598 1198 pra-paraverit
2634 1129 2775 1183 Deus
2810 1131 3162 1200 apostolicam
3190 1131 3428 1199 plebem,
3474 1131 3800 1200 quantisque

2210 1217 2540 1272 econtrario
2585 1219 3050 1275 maledictionibus
3103 1221 3219 1275 suis
3269 1220 3478 1274 meritis
3538 1220 3802 1290 repletam

2212 1310 2482 1365 infidelem
2514 1311 2772 1380 repulerit
2801 1327 3161 1382 synagogam;
3201 1321 3470 1382 quatenus
3508 1320 3564 1366 et
3594 1312 3648 1366 in
3687 1312 3800 1366 ele-

2211 1402 2316 1455 ctis
2342 1401 2658 1471 impleretur
2685 1402 2827 1471 quod
2862 1404 3178 1472 prmdictum
3219 1403 3426 1468 fuerat;
3472 1403 3673 1457 etenim
3707 1402 3804 1456 be-

2212 1491 2552 1546 nedictiones
2582 1491 2730 1546 dabit
2775 1491 2867 1561 qui
2912 1492 3085 1561 legem
3133 1491 3314 1558 dedit,
3347 1492 3674 1546 benedicens
3708 1506 3804 1545 eos

2209 1580 2636 1650 videlicetjuxla
2672 1581 2990 1652 Apostolum
3020 1584 3075 1636 in
3123 1584 3265 1636 omni
3312 1581 3667 1636 benedictione
3696 1582 3805 1651 spi-

2211 1673 2358 1728 ritali
2387 1675 2444 1728 in
2469 1674 2759 1729 ctelestibus
2798 1675 2854 1728 in
2881 1673 3108 1728 Christo.
3147 1674 3215 1727 Et
3242 1673 3349 1728 illis
3381 1674 3475 1742 qui
3503 1687 3603 1728 nec
3633 1672 3806 1743 Moysi

520 1761 734 1833 Moyses
778 1762 1109 1832 praedixerat
1141 1761 1323 1816 verbis
1366 1761 1554 1817 dicens
1593 1779 1609 1815 :
1644 1759 1962 1815 Maledicta
2008 1761 2112 1816 eris
2140 1752 2188 1811 Β
2214 1766 2443 1833 litteris,
2486 1782 2588 1822 nec
2617 1766 2800 1822 verbis
2828 1764 3032 1820 Christi
3064 1765 3431 1835 crediderunt,
3477 1780 3542 1818 ac
3573 1780 3672 1834 per
3700 1765 3808 1819 hoc

518 1853 576 1905 in
603 1853 810 1906 civitate
838 1891 855 1916 ,
903 1851 959 1905 id
987 1858 1074 1906 est
1095 1891 1110 1916 ,
1159 1849 1528 1916 Hierusalem;
1570 1848 1880 1904 maledicus
1902 1850 1962 1904 in
1982 1866 2110 1920 agro
2207 1855 2358 1926 justo
2378 1855 2476 1911 Dei
2501 1854 2710 1926 judicio
2732 1855 3008 1926 reprobati
3048 1863 3212 1920 sunt,
3264 1855 3355 1909 illa
3381 1854 3690 1911 maledictio
3714 1871 3808 1910 su-

521 1943 708 1997 mundi
740 1943 1048 2013 dispersus;
1092 1940 1428 1996 maledictum
1467 1942 1713 1996 horreum
1747 1950 1914 1994 tuum.
1953 1939 2113 2007 Quod

518 2035 627 2090 alia
655 2035 939 2089 translatio
964 2034 1045 2090 sic
1071 2034 1204 2088 dicit
1232 2052 1245 2086 :
1290 2032 1590 2086 Maledicta:
1615 2033 1879 2104 apothecae
1907 2041 2035 2097 tute,
2061 2041 2113 2087 et

517 2143 700 2181 omnes
739 2125 976 2197 reliquiw
1011 2135 1151 2192 tute,
1199 2125 1507 2180 maledictus
1551 2124 1756 2194 fructus
1788 2124 1980 2178 ventris
2010 2124 2110 2188 tui,

518 2227 570 2272 et
596 2218 798 2288 fructus
829 2227 983 2272 terrae
1009 2227 1136 2271 tute.
1164 2217 1482 2272 Maledictus
1511 2217 1614 2271 erit
1645 2216 1970 2287 ingrediens,
2016 2230 2115 2270 ua-

518 2307 724 2364 scendo
751 2309 803 2362 in
833 2308 974 2362 hanc
1007 2308 1206 2373 vitam;
1234 2317 1282 2361 et
1302 2306 1614 2361 maledictus
1638 2307 1908 2377 egrediens
1931 2305 2108 2376 (Deut.

523 2414 725 2463 xxvm,
753 2398 842 2463 l7,
877 2399 962 2462 i8,
996 2399 1108 2470 l9),
1135 2397 1416 2453 moriendo
1450 2397 1724 2462 videlicet,
1757 2397 1824 2452 de
1851 2397 1953 2451 hac
1981 2405 2110 2449 vna.

522 2490 594 2545 Et
618 2498 742 2560 post
770 2490 942 2545 multa
975 2507 990 2544 :
1019 2490 1234 2544 Advena
1257 2531 1272 2554 ,
1305 2490 1520 2559 inquit,
1548 2491 1850 2560 quitecum
1878 2498 2114 2542 versatur

520 2580 578 2634 in
607 2590 770 2644 terra,
801 2581 853 2634 id
883 2588 988 2645 est,
1019 2579 1248 2650 populus
1273 2581 1547 2650 gentium,
1594 2579 1837 2633 ascendet
1872 2595 2030 2648 super
2065 2587 2114 2632 te

521 2671 725 2742 eritque
743 2670 1040 2735 sublimior,
1076 2670 1301 2724 cﬂ'cctus
1331 2669 1580 2724 videlicet
1608 2668 1752 2724 lilius
1777 2669 2116 2738 patriarcha-

521 2775 665 2824 rum,
714 2769 770 2814 et
793 2761 972 2814 socius
1003 2760 1204 2814 radicis
1244 2759 1400 2814 olivae
1444 2768 1501 2813 et
1543 2759 1884 2830 pinguedinis
1917 2757 2111 2813 factus.

527 2849 608 2902 Tu
655 2860 832 2903 autem
873 2850 1172 2914 descendas,
1219 2859 1268 2902 et
1315 2850 1420 2903 eris
1467 2848 1708 2917 inferior,
1762 2849 2009 2904 abscisus
2047 2850 2117 2904 ab

520 2941 662 3008 olea,
687 2950 743 2995 et
770 2942 945 2996 siccus
969 2943 1022 2994 in
1051 2951 1194 2996 terra
1220 2940 1443 3009 jaccns,
1485 2941 1598 3009 igni
1627 2940 1950 2994 destinatus.
1994 2939 2116 3010 Ipse

521 3034 620 3086 erit
644 3034 701 3087 in
724 3042 904 3102 caput,
934 3043 983 3084 et
1010 3042 1067 3085 tu
1101 3033 1206 3086 eris
1244 3032 1299 3085 in
1327 3031 1573 3085 caudam.
1627 3031 1693 3084 Et
1728 3047 1870 3085 nunc
1896 3031 2119 3086 veniunt

525 3124 745 3193 quidam
786 3139 886 3193 per
928 3138 987 3177 se
1027 3138 1123 3178 eos
1165 3132 1428 3177 conantes
1475 3123 1656 3177 levare
1701 3123 1754 3176 in
1792 3133 1951 3192 caput
1975 3121 2118 3176 unde
2145 3106 2189 3168 C

528 3214 880 3279 ceciderunt,
934 3214 1091 3282 quasi
1140 3229 1246 3268 non
1302 3213 1535 3268 debeant
1580 3229 1702 3268 esse
1740 3214 1793 3268 in
1837 3214 2114 3268 caudam:

527 3304 671 3373 quod
694 3303 880 3373 utique
908 3319 1123 3373 seraper
1146 3311 1342 3369 erunt,
1374 3304 1546 3358 donec
1572 3303 1849 3374 plenitudo
1875 3305 2118 3374 gentium

524 3395 780 3459 introeat,
812 3402 868 3448 ct
901 3396 980 3449 sic
1009 3396 1186 3450 omnis
1221 3395 1384 3450 Israel
1410 3395 1593 3450 salvus
1619 3394 1731 3459 fiat,
1765 3395 1945 3450 omnis
1977 3393 2123 3448 vidc-

523 3484 654 3540 licet
685 3487 995 3540 salvandus.
1055 3486 1191 3541 Nam
1233 3487 1459 3542 istorum
1489 3488 1580 3556 qui
1604 3503 1749 3541 nunc
1772 3496 1901 3541 sunt
1928 3486 2116 3541 inlide-

524 3575 656 3629 lium
685 3576 902 3646 augebit
937 3577 1197 3632 Dominus
1220 3577 1427 3648 plagas,
1460 3577 1646 3648 plagas
1671 3593 1891 3648 magnas
1927 3585 1973 3629 et
2000 3593 2117 3646 per-

523 3675 814 3720 severantes
841 3707 856 3731 ,
905 3667 1241 3736 inﬁrmitates
1271 3671 1524 3739 pessimus
1551 3679 1598 3722 et
1623 3679 1900 3740 perpetuas
1923 3685 1944 3724 :
1971 3669 2116 3738 quod

525 3757 631 3810 alia
659 3757 944 3812 translatio
969 3758 1123 3824 dicit,
1146 3758 1330 3830 plagas
1353 3760 1648 3814 verissimus
1668 3801 1683 3825 ,
1709 3769 1756 3812 et
1781 3759 2116 3828 inﬁrmitates

523 3863 694 3901 ueras.
726 3847 860 3903 item
884 3849 958 3902 ibi
987 3867 1000 3902 :
1040 3849 1108 3902 Et
1133 3861 1386 3905 convertet
1420 3852 1477 3904 in
1515 3862 1564 3904 te
1600 3868 1776 3905 omnes
1815 3852 2115 3922 aﬂlictiones

527 3937 751 4008 Egypti
771 3956 903 4008 quas
933 3940 1173 4005 timuisti,
1204 3950 1253 3994 et
1286 3942 1627 3996 adlta’rebunt
1656 3943 1769 3996 tibi.
1811 3943 2040 4013 Insuper
2066 3953 2116 3996 et

523 4029 792 4082 universos
816 4029 1096 4099 languores
1115 4070 1130 4096 ,
1163 4041 1211 4085 et
1233 4031 1418 4102 plagas
1435 4074 1450 4098 ,
1489 4051 1606 4101 qua:
1631 4051 1735 4088 non
1760 4045 1879 4088 sunt
1907 4036 2115 4104 scripta:

526 4115 581 4167 in
603 4115 864 4171 volumine
904 4119 1033 4188 legis
1067 4119 1247 4190 hujus,
1286 4124 1496 4176 inducet
1542 4124 1802 4178 Dominus
1856 4142 2013 4196 super
2043 4136 2110 4191 te,

2212 1947 2544 2018 perveniret,
2591 1961 2713 2016 quae
2753 1947 2820 2002 ab
2855 1947 2972 2018 ipso
3001 1946 3184 2016 Moyse
3215 1946 3289 2000 ita
3332 1945 3513 2002 fuerat
3550 1960 3810 2016 praenun-

2215 2037 2349 2091 tiata
2374 2055 2388 2090 ε
2427 2035 2745 2090 Maledictus
2777 2037 2947 2090 omnis
2969 2038 3059 2106 qui
3090 2053 3195 2090 non
3222 2037 3568 2106 permanserit
3597 2037 3651 2090 in
3691 2053 3810 2090 ver-

2215 2127 2293 2182 bis
2328 2126 2456 2197 legis
2489 2127 2673 2198 hujus,
2717 2134 2778 2181 ut
2807 2125 2973 2181 faciat
2996 2142 3094 2192 ea,
3141 2127 3334 2182 nolens
3360 2127 3549 2183 audire
3575 2129 3716 2196 quod
3749 2128 3807 2183 in

2214 2233 2280 2273 ea
2329 2218 2594 2287 scriptum
2642 2224 2762 2272 est:
2795 2216 2961 2272 Juxta
3005 2226 3054 2270 te
3095 2226 3169 2271 est
3203 2217 3414 2271 verbum
3456 2215 3605 2270 ualde
3628 2217 3686 2270 in
3713 2234 3808 2271 ore

2215 2320 2327 2374 tuo,
2360 2318 2409 2362 et
2436 2308 2490 2362 in
2509 2307 2666 2362 corde
2693 2317 2806 2373 tuo,
2844 2318 2900 2361 ut
2939 2308 3108 2376 facias
3139 2306 3294 2361 illud.
3327 2306 3482 2374 Quod
3511 2301 3808 2378 Apostolus

2215 2399 2298 2454 sic
2327 2399 2550 2471 exponit
2575 2417 2586 2451 :
2625 2397 2749 2451 Hoc
2768 2407 2843 2452 est
2869 2399 3081 2452 verbum
3110 2398 3235 2467 ﬁdei
3268 2398 3408 2469 quod
3431 2398 3802 2468 prtedicamus.

2219 2490 2484 2558 Quoniam
2504 2493 2552 2544 si
2586 2490 2854 2560 confessus
2880 2489 3046 2559 fueris
3075 2491 3132 2544 in
3156 2505 3244 2544 ore
3272 2498 3361 2543 tuo
3388 2489 3673 2543 Dominum
3710 2488 3807 2542 Je-

2216 2599 2355 2646 sum,
2377 2592 2427 2635 et
2448 2581 2733 2635 credideris
2756 2583 2812 2634 in
2836 2581 2992 2635 corde
3026 2590 3116 2635 tuo
3147 2581 3285 2652 quod
3319 2579 3462 2634 Deus
3490 2597 3608 2635 eum
3635 2580 3808 2634 susci-

2217 2672 2343 2726 tavit
2371 2689 2402 2725 a
2427 2672 2667 2736 mortuis,
2713 2670 2891 2726 salvus
2939 2672 3061 2726 eris.
3120 2669 3290 2726 Corde
3314 2672 3453 2726 enim
3475 2673 3707 2726 creditur
3734 2672 3806 2726 ad

2217 2763 2501 2830 iustitiam,
2524 2779 2612 2815 ore
2631 2771 2810 2816 autem
2836 2762 3094 2832 confessio
3118 2763 3179 2832 ﬁt
3204 2763 3273 2816 ad
3303 2762 3548 2818 salutem.

2292 2851 2510 2906 XXVII.
2549 2852 2798 2907 Breviter
2821 2867 2949 2924 ergo
2974 2854 3077 2908 ista
3109 2868 3140 2906 a
3172 2854 3330 2908 nobis
3357 2854 3647 2924 perstricta
3673 2853 3806 2908 sint.

2220 2942 2358 2997 Nam
2401 2952 2456 2998 et
2483 2944 2784 2998 cedendum
2816 2952 2902 2998 est
2929 2945 3226 3015 majoribus
3251 2985 3266 3009 ,
3301 2945 3677 3000 subtilioribus
3697 2985 3712 3010 ,
3745 2961 3814 3001 ac

2221 3036 2663 3102 fecundioribus,
2711 3037 2908 3108 quibus
2939 3038 3193 3108 perfacile
3219 3048 3303 3093 est
3327 3038 3520 3093 altiora
3556 3049 3611 3094 et
3630 3041 3818 3095 occul-

2221 3129 2360 3184 tiora
2402 3127 2565 3198 hujus
2611 3128 2690 3184 rei
2735 3128 2973 3199 pandere
3015 3147 3029 3182 :
3080 3131 3226 3199 quod
3265 3131 3379 3200 jam
3425 3131 3652 3201 jamque
3692 3131 3820 3186 fieri

2219 3227 2458 3290 oportet,
2488 3219 2818 3290 frigescente
2852 3220 3143 3276 multorum
3174 3222 3466 3287 cbaritate,
3497 3224 3819 3278 abundante

2224 3313 2423 3382 ubique
2451 3313 2742 3382 iniquitate
2764 3353 2778 3374 ,
2828 3313 3231 3368 incredulorum
3266 3313 3682 3370 convalescente
3713 3316 3823 3369 im—

2219 3405 2511 3474 probitate,
2542 3405 2865 3459 Antichristi
2891 3404 3101 3460 fallacia
3126 3407 3611 3476 appropinquante.
3636 3407 3824 3476 Atque

2221 3493 2430 3547 utinam
2462 3491 2682 3561 juberet
2717 3494 3110 3564 religiosissimi
3147 3496 3496 3566 imperatoris
3545 3497 3824 3551 industria

2224 3583 2387 3638 alicui
2419 3585 2485 3639 de
2535 3586 2650 3640 suis
2695 3594 2757 3640 ut
2800 3586 3076 3657 colligeret
3116 3589 3297 3643 omnia
3325 3605 3445 3659 qua:
3479 3605 3511 3643 a
3541 3591 3828 3659 magistris

2223 3676 2590 3732 Ecclesiarum
2647 3679 2702 3733 in
2762 3679 3061 3750 Scripturis
3109 3681 3311 3735 sanctis
3367 3681 3437 3736 de
3478 3681 3827 3738 Anticliristo

2222 3767 2590 3838 intelligenda,
2638 3770 2720 3823 vel
2750 3771 2994 3840 exposita
3013 3813 3025 3834 ,
3052 3771 3137 3825 vel
3167 3773 3374 3844 signata
3401 3782 3546 3828 sunt.
3601 3773 3828 3828 Valeret

2221 3855 2467 3928 profecto
2513 3859 2581 3913 ad
2625 3861 2897 3915 cautelam
2939 3862 3096 3926 fidei,
3126 3863 3194 3917 ad
3222 3864 3553 3918 erectionem
3581 3865 3714 3932 spei,
3749 3866 3828 3918 ad

2219 3950 2583 4005 roborandam
2611 3961 2666 4006 et
2690 3954 3178 4009 commendandam
3203 3954 3544 4012 dulcedinem
3571 3957 3828 4011 dilectio-

2219 4041 2305 4095 nis
2339 4040 2563 4096 Christi.
2605 4043 2798 4098 Amen.

525 4256 3816 4288 ._..__._.___________________________________________

1451 4379 2168 4494 AGOBARDI
2255 4384 2896 4497 EPISCOPI

1556 4598 1688 4673 AD
1768 4599 2278 4675 PROCERES
2338 4598 2760 4677 PALATII
3157 4598 3160 4600 ’
3536 4701 3538 4703 ἓ

604 4763 632 4792 ι
664 4742 1219 4807 CONSULTATIO
1273 4749 1376 4807 ET
1435 4747 1957 4841 SUPPLICATIO
2007 4750 2114 4810 DE
2159 4749 3114 4850 BAPTISMQJUDAICORUM
3144 4755 3734 4819 MANCIPIORUM.

596 4969 1084 5026 Reverendissimis
1114 4984 1176 5024 ac
1199 4971 1527 5027 beatissimis
1559 4972 1773 5027 domnis
1797 4982 1850 5028 et
1873 4974 2110 5028 dominis
2139 4958 2193 5016 D
2219 4983 2272 5030 et
2293 4974 2544 5031 Patribus
2560 4977 2784 5041 sanctis,
2803 4977 3132 5045 bAdalardo,
3153 4979 3366 5036 Waleet
3383 4993 3402 5020 ε
3437 4981 3834 5045 llelisacharo.

1901 5081 2175 5139 BALUZII
2216 5085 2424 5141 NOTAE

595 5207 620 5280 ς
647 5192 998 5280 ροιξειιιιιξιὶο.
1030 5193 1094 5280 In
1113 5195 1296 5280 codice
1323 5195 1479 5280 regio.
1505 5197 1685 5278 nnllus
1722 5197 1907 5253 titulus
1934 5206 2117 5280 essta-
2221 5200 2377 5280 U_nde
2407 5209 2462 5280 et
2508 5203 2561 5256 in
2609 5202 2729 5280 aula
2776 5203 2990 5280 Rippini
3019 5204 3298 5280 educatus
3338 5215 3449 5280 est,
3481 5217 3569 5280 fut,
3613 5220 3843 5280 praeter

523 5267 617 5347 bat
644 5264 701 5347 in
742 5264 1026 5347 _hoc_loco.
1057 5264 1169 5347 §ed
1199 5265 1269 5347 in.
1283 5264 1655 5347 vetustissimo
1681 5283 1925 5347 operum
1977 5267 2118 5347 ligo-
2219 5271 2374 5337 alios,
2406 5273 2754 5347 docet_etiam
2784 5264 3102 5347 Agebardus
3132 5276 3184 5330 in
3217 5292 3336 5347 cap.
3365 5279 3402 5333 2
3435 5264 3567 5334 libri
3594 5264 3668 5336 [5e
3691 5264 3847 5340 Dis:-

521 5334 678 5412 bardi
707 5333 1072 5412 elencho,_qui
1099 5336 1402 5412 descriptus
1425 5345 1510 5390 est
1535 5337 1589 5391 in
1612 5333 1777 5412 initio
1805 5333 2115 5412 voluminis,
2219 5333 2537 5412 pensatione
2569 5342 2770 5397 Rerum
2800 5333 3327 5402 Ecclesiasticarum.
3354 5333 3564 5403 Mortuo
3592 5333 3845 5412 deuia—Fu

525 5401 893 5527 gmina“
918 5401 1042 5460 libri
1069 5405 1150 5462 sic
1174 5401 1370 5478 legitur
1393 5407 1848 5477 quemadmodum
1877 5422 1977 5462 nos
2004 5401 2118 5462 edi-
2219 5401 2470 5485 Pippino,
2496 5413 2837 5470 Adalhardus
2873 5415 3019 5470 inter
3055 5401 3282 5472 intimos
3318 5401 3849 5554 familiariumgiﬁ

596 5543 622 5582 δ
669 5539 963 5606 Adalardo,
1013 5543 1256 5602 Corbeize
1299 5547 1498 5602 veteris
1547 5545 1748 5607 abbati,
1798 5547 1849 5600 in
1891 5547 2115 5603 dioecesi

521 5611 903 5686 Ambianensi.
927 5611 1095 5686 Filius
1124 5616 1223 5669 fuit
1264 5617 1545 5686 Bernardi,
1577 5616 1764 5671 fratris
1790 5616 2003 5686 Pippini
2035 5635 2113 5673 re-

560 5620 903 5698 ..mbia‘ngensi.‘
928 5620 1102 5698 Filius
1124 5620 1223 5669 fuit
1264 5620 1764 5698 Bernardi,_l'ra.tris
1785 5620 2113 5698 Eippinire—
2294 5631 2316 5661 ε
2358 5620 2726 5690 Helisacharo,
2775 5625 3097 5698 presbytero
3145 5635 3201 5681 et
3243 5625 3420 5683 abbati
3466 5625 3853 5686 Centulcnsis

521 5685 627 5754 gis,
672 5689 732 5737 ut
758 5685 812 5736 in
857 5685 974 5753 ejus
1019 5685 1141 5740 Vita
1187 5695 1374 5741 narrat
1417 5685 1741 5744 Paschasius
1785 5685 2110 5744 Radbertus.

3470 5699 3847 5768 monasterii,
