4040 6182
398 302 502 357 H35

1391 295 1448 350 S.
1494 287 1843 348 ACOBARDI
1880 284 2184 344 EPISCOPI
2226 275 2714 339 LUGDUNENSIS

3569 274 3673 330 ιρι

397 413 649 469 videlicet
679 411 973 482 debeamus
1002 407 1110 462 illis
1138 407 1243 461 hoc
1271 405 1561 474 abnegare,
1593 418 1662 456 an
1711 399 1978 470 praebere,
2008 402 2060 461 Α
2087 395 2227 457 zari,
2251 393 2356 448 nisi
2382 392 2462 446 eis
2492 387 2966 460 permittentibus;
2995 385 3090 440 sed
3119 385 3378 482 scientes,
3411 395 3466 443 et
3487 390 3679 458 praedi-

396 507 489 561 ubi
511 520 813 576 possumus.
844 503 920 556 De
944 514 1050 569 qua
1080 513 1138 553 re
1156 511 1260 569 ego
1283 497 1500 567 quidem
1534 493 1698 548 talem
1724 501 1883 547 teneo
1900 505 1989 544 ra-

395 599 624 652 tionem.
669 594 897 650 Omnem
945 589 1189 662 profecto
1238 587 1516 642 hominem
1550 591 1862 640 creaturam
1891 580 1988 634 Dei

399 703 541 752 esse,
574 695 629 740 et
650 687 705 740 in
729 697 1055 752 unoquoque
1078 681 1320 745 homine,
1349 678 1597 749 quamvis
1622 689 1802 739 servo,
1827 671 1989 740 majo-

397 791 512 830 rem
539 774 842 844 portionem
864 772 1071 826 habere
1104 771 1392 824 Dominum
1423 769 1610 831 Deum,
1636 765 1727 834 qui
1751 765 1806 818 in
1831 771 1987 818 utero

395 865 624 925 creavit,
657 864 726 918 ad
751 863 927 917 lucem
974 862 1134 931 hujus
1178 861 1303 915 vitae
1331 858 1619 929 produxit,
1670 869 1987 910 concessam

394 957 566 1009 vitam
596 955 906 1019 custodivit,
950 953 1240 1007 sanitatem
1286 951 1565 1013 servavit,
1627 962 1790 1016 quam
1836 945 1986 999 illum

396 1046 489 1114 qui
528 1046 718 1116 viginti
773 1053 867 1099 aut
919 1044 1143 1114 triginta
1183 1042 1368 1100 solidis
1417 1040 1579 1103 datis,
1634 1037 1834 1092 fruitur
1860 1051 1986 1090 cor-

393 1135 548 1204 poris
610 1135 728 1205 ejus
793 1134 1035 1188 servitio.
1114 1131 1224 1186 Nec
1280 1139 1367 1185 est
1420 1130 1514 1200 qui
1574 1129 1787 1183 dubitet
1843 1126 1989 1196 quod

400 1227 776 1296 unusquisque
831 1240 1022 1280 servus
1047 1266 1061 1290 ,
1123 1223 1493 1279 membrorum
1541 1220 1788 1290 corporis
1824 1234 1989 1289 opera

397 1316 603 1371 carnali
641 1316 862 1370 domino
897 1315 1135 1379 debens,
1163 1314 1364 1368 mentis
1390 1312 1709 1382 religionem
1744 1311 1844 1366 soli
1894 1313 1990 1366 de-

395 1407 526 1462 beat
561 1406 827 1461 Creatori.

478 1496 705 1565 Propter
745 1497 890 1565 quod
931 1510 1122 1550 omnes
1169 1493 1345 1548 sancti
1388 1493 1804 1564 praedicatores,
1855 1491 1989 1545 socii

401 1587 793 1656 apostolorum,
821 1586 1081 1640 docentes
1106 1600 1297 1639 omnes
1314 1592 1508 1654 gentes
1535 1592 1591 1638 et
1613 1584 1955 1652 baptizantes
1970 1622 1987 1648 ,

2090 495 2298 550 cantes,
2322 485 2465 554 quod
2484 481 2626 538 scrvi
2647 490 2704 534 et
2721 479 2925 534 domini
2948 495 3111 533 unum
3132 477 3370 532 habeant
3389 479 3679 536 Dominum

2089 575 2261 630 Deum
2286 575 2341 629 in
2367 573 2541 637 caelis,
2566 585 2758 625 omnes
2785 569 3220 637 baptizaverunt,
3255 583 3447 623 omnes
3486 570 3540 623 in
3569 585 3680 626 uno

2088 681 2320 736 corpore
2349 665 2698 734 redegerunt,
2745 675 3042 730 omnesque
3087 659 3286 714 fratres
3313 668 3370 713 et
3414 659 3554 716 ﬁlios
3581 662 3678 716 Dei

2087 774 2212 814 esse
2237 759 2571 820 docuerunt;
2624 755 2699 809 ita
2729 762 2910 808 tamen
2946 761 3006 806 ut
3048 752 3420 820 unusquisque
3469 753 3524 806 in
3569 769 3680 822 quo

2087 858 2312 904 vocatus
2339 856 2442 912 est,
2472 859 2498 887 ι
2533 847 2587 900 in
2633 845 2739 900 hoc
2779 851 3145 914 permaneret,
3178 857 3284 896 non
3329 842 3530 908 studio,
3585 846 3680 900 sed

2089 941 2442 1003 necessitate,
2472 936 2566 992 sed
2596 944 2651 992 et
2671 936 2716 991 si
2745 936 2836 1005 qui
2865 942 3091 1004 possent
3143 933 3300 988 liberi
3343 933 3462 989 ﬁeri
3500 937 3679 1006 magis

2089 1039 2400 1086 uterentur.
2433 1028 2492 1083 In
2512 1034 2764 1096 promptu
2787 1032 2873 1080 est
2893 1024 3058 1079 etiam
3090 1022 3300 1078 ratione
3325 1024 3599 1095 colligere,
3628 1027 3676 1082 si

2088 1122 2179 1192 qui
2203 1119 2546 1176 ethnicorum
2568 1117 2636 1170 ad
2663 1115 2938 1170 Christum
2966 1113 3202 1184 fugiunt,
3234 1122 3289 1168 et
3315 1130 3422 1168 non
3459 1115 3674 1170 recolli-

2086 1212 2290 1282 gimus,
2317 1209 2413 1265 sed
2437 1206 2784 1277 repudiamus
2803 1211 3026 1274 propter
3051 1204 3078 1244 1³
3111 1204 3360 1260 carnales
3405 1203 3676 1272 dominos,

2090 1318 2213 1359 esse
2249 1302 2473 1370 impium
2498 1308 2554 1354 et
2574 1297 2817 1363 crudele,
2848 1312 2972 1352 cum
2996 1297 3247 1351 humanae
3267 1298 3466 1352 anima:
3499 1298 3678 1352 nullus

2089 1411 2214 1452 esse
2234 1395 2408 1465 possit
2428 1393 2698 1456 dominus,
2729 1390 2836 1445 nisi
2863 1387 3132 1444 conditor.
3162 1388 3270 1445 Sed
3291 1397 3346 1444 et
3374 1390 3502 1445 illud
3524 1401 3680 1461 puta-

2090 1503 2214 1542 mus
2236 1501 2360 1540 esse
2385 1481 2862 1546 considerandum,
2896 1480 3023 1550 quia
3055 1479 3101 1533 si
3133 1479 3422 1549 religiosus
3447 1480 3680 1549 impera-

2093 1589 2180 1635 tor
2208 1577 2473 1632 adversus
2524 1582 2713 1645 gentes
2747 1587 2867 1642 quae
2911 1585 2945 1624 a
2995 1569 3201 1626 Christi
3242 1571 3460 1626 nomine
3489 1572 3678 1627 alienze

401 1692 510 1730 non
530 1683 986 1745 exspectaverunt
1011 1675 1350 1740 dominorum
1380 1673 1682 1728 carnalium
1709 1672 1990 1727 licentiam
2093 1678 2224 1724 sunt
2255 1683 2404 1722 arma
2433 1671 2636 1728 movet,
2660 1671 2717 1719 et
2742 1663 2917 1717 victor
2946 1659 3172 1716 effectus
3193 1701 3209 1725 ,
3245 1671 3268 1698 ε
3317 1661 3536 1728 subjicit
3585 1679 3680 1717 eos

396 1777 459 1820 ut
481 1782 666 1822 servos
690 1768 1053 1837 baptizarent,
1075 1767 1234 1835 quasi
1259 1781 1367 1820 non
1387 1780 1483 1821 eos
1510 1772 1788 1834 oporteret
1809 1762 1985 1831 bapti—
2013 1757 2060 1815 B
2088 1761 2308 1816 Christo
2327 1769 2381 1816 et
2407 1760 2580 1815 sociat
2607 1757 2880 1827 religioni,
2909 1771 3046 1824 opus
3071 1765 3157 1810 est
3191 1756 3414 1823 pietatis
3440 1768 3496 1812 et
3520 1757 3678 1812 Linde

1757 1854 2032 1914 BALUZII
2067 1853 2306 1910 NOTAE.

397 1956 468 2010 ad
497 1955 691 2008 librum
722 1953 797 2008 De
825 1952 1109 2006 lnsolentia
1137 1951 1466 2006 Iudaeorum.
1496 1948 1683 2018 Neque
1709 1962 1847 2002 nova
1871 1957 1982 2002 tum
2084 1944 2385 2018 iugumque
2429 1942 2635 1998 Christi
2690 1942 2930 2018 adusque
2969 1939 3072 2018 _ad_
3099 1938 3358 2018 terminos
3405 1939 3679 2018 Danaorum

399 2009 520 2079 erat
559 2024 672 2076 haec
725 2039 1003 2077 servorum
1053 2023 1340 2076 calliditas.
1389 2021 1507 2076 Jam
1551 2009 1696 2073 enim
1747 2028 1989 2086 tempore
2086 2009 2254 2084 atque
2277 2009 2582 2086 Slavorum,
2621 2009 3016 2086 cordaferocia
3046 2009 3192 2086 ferro
3216 2010 3560 2086 perdomans,
3585 2011 3681 2067 do-

397 2078 614 2150 concilii
646 2093 992 2162 Gangreusis,
1026 2092 1270 2162 nonnulli
1327 2093 1396 2146 ab
1441 2078 1990 2162 obsequio_dottiitto-
2088 2078 2242 2162 cuit.~
2264 2105 2282 2137 ι
2317 2084 2524 2150 Quibus
2546 2097 2676 2137 vero
2696 2082 2910 2162 artibus
2954 2095 3086 2162 usus
3115 2078 3461 2162 sit‘Carolus"
3482 2083 3679 2136 adver-

403 2181 520 2219 rum
562 2157 908 2226 recedebant,
966 2164 1109 2232 quod
1159 2161 1233 2215 illi
1288 2177 1394 2232 non
1444 2157 1644 2232 essent
1671 2157 1986 2232 Christiani.

407 2234 560 2290 Unde
589 2233 811 2287 canonis
839 2227 1336 2298 tertii‘Gangrensis
1366 2230 1560 2284 lemma
1605 2229 1683 2283 sic
1725 2227 1993 2298 expressit

404 2304 694 2372 Dionysius
722 2302 963 2372 Exiguus
995 2321 1006 2355 :
1045 2296 1309 2372 Deliaci-vis
1346 2301 1437 2370 qui
1469 2300 1662 2369 jugum
1701 2296 1992 2372 famulatus

400 2366 659 2436 a'iiicinnt
706 2366 1118 2425 Christianitatis
1169 2366 1398 2423 obtentu.
1454 2366 1637 2423 Cano"
1686 2376 1868 2436 autem
1915 2366 1993 2420 sic

406 2443 606 2496 habet:
641 2441 700 2494 Si
729 2443 845 2510 quis
875 2458 1114 2503 servum,
1162 2448 1414 2510 praetextu
1460 2439 1623 2492 divini
1659 2435 1850 2510 cultus,
1903 2435 1996 2510 do:-

402 2520 517 2564 ceat
545 2504 814 2564 dominum
862 2504 1188 2565 contemnere
1233 2510 1535 2579 proprium,
1585 2517 1640 2560 ut
1671 2506 1904 2579 discedat
1927 2504 1992 2558 ab

403 2581 523 2650 ejus
552 2581 814 2648 obsequio,
841 2597 934 2634 nec
959 2583 1005 2634 ei
1031 2597 1149 2633 cum
1179 2576 1527 2650 beiieuolentia
1561 2577 1772 2650 et_omni
1800 2576 1995 2650 honore

405 2644 694 2714 deserviat,
736 2651 1016 2703 anathema
1055 2651 1141 2703 sit.
1173 2647 1313 2701 ,ΑΕνο
1351 2663 1565 2717 quoque
1604 2645 1847 2717 Gregorii
1879 2644 1994 2698 Ma-

409 2721 520 2789 gni,
556 2721 694 2774 dura
720 2718 918 2774 Julacis
949 2721 1061 2774 visa
1087 2728 1174 2774 est
1200 2719 1314 2789 htec
1340 2716 1618 2789 servorum
1646 2716 1994 2789 ancillarum-

405 2785 513 2858 que
543 2790 826 2844 industria.
861 2789 954 2858 Sic
977 2791 1120 2844 enim
1151 2789 1228 2842 ait
1249 2788 1543 2854 Gregorius
1567 2787 1661 2842 lib.
1696 2803 1779 2849 ιιι,
1805 2785 1991 2858 indic}.

410 2853 496 2922 i2,
525 2860 682 2928 epist.
705 2860 738 2913 9
764 2877 776 2911 :
814 2876 832 2909 ι
871 2857 1127 2912 Pervenit
1152 2859 1316 2912 etiam
1354 2853 1423 2911 ad
1453 2873 1571 2928 nos,
1596 2853 1994 2928 _servos_an_cil—

409 2924 598 2998 lasqu'e
621 2927 952 2998 Judaaorum,
980 2928 1099 2981 ﬁdei
1125 2943 1286 2981 causa
1321 2929 1386 2981 ad
1413 2926 1699 2998 ecclesiam
1728 2924 1996 2995 refugien-

411 2997 525 3063 tes,’
551 3007 642 3052 aut
685 2997 990 3053 inﬁdelibus
1034 2998 1244 3052 restitui
1281 2997 1531 3060 dominis,
1563 3006 1656 3050 aut
1681 3011 1889 3059 eorum,
1927 3008 1996 3048 ne

413 3069 790 3134 restituantur,
819 3069 1050 3138 pretium
1085 3068 1225 3131 dari,
1251 3075 1356 3122 etc.
1388 3086 1406 3119 ι
1435 3066 1840 3138 νίόθριιιιιόθιει
1861 3064 1998 3138 Gre:

410 3139 621 3207 gorium
664 3138 756 3192 lib.
801 3134 856 3203 v,
909 3138 1201 3193 indictione
1242 3137 1329 3202 14,
1370 3138 1528 3206 epist.
1564 3136 1651 3196 51,
1699 3143 1756 3190 et
1795 3134 1998 3207 Gelasii

335 3251 342 3256 .
416 3205 565 3277 papa:
585 3208 869 3276 epistolam
893 3208 959 3260 ad
993 3207 1346 3271 Siraeusiutn,
1368 3205 1744 3261 Constantium
1777 3215 1834 3261 et
1859 3205 1998 3277 Lau-

412 3276 647 3331 rentium
670 3277 968 3346 episcopos:
995 3279 1134 3346 apud
1159 3277 1374 3332 lvonem
1396 3285 1550 3347 parte
1573 3293 1695 3340 xm,
1716 3291 1835 3345 cap.
1869 3276 1993 3347 U5.

412 3347 520 3401 Sed
570 3347 627 3400 hi
668 3361 886 3417 quoque.
931 3347 1032 3417 loci
1086 3347 1333 3417 Gregorii
1376 3346 1625 3402 astruunt
1669 3346 1996 3417 sententiam

411 3415 704 3487 dgohardil
754 3415 885 3470 Nam
929 3416 1083 3484 jubet
1122 3415 1342 3487 omnino
1389 3417 1702 3487 Gregorius,
1737 3423 1798 3469 ut
1853 3415 1996 3470 servi

411 3484 720 3540 Judacorum
751 3488 817 3541 ad
863 3487 1147 3557 ecclesiam
1196 3484 1542 3557 refugientes,
1585 3488 1650 3557 in
1691 3486 1996 3557 libertatem

416 3557 588 3610 modis
619 3557 870 3611 omnibus
888 3556 1246 3621 vindicentur,
1275 3555 1389 3612 sive
1407 3555 1522 3625 jam
1546 3556 1674 3611 olim
1700 3555 1996 3610 Christiani

415 3627 637 3696 fuerint,
666 3627 780 3680 sive
813 3635 1060 3681 recenter
1085 3627 1343 3696 baptizati
1375 3629 1508 3681 sint.

486 3704 512 3732 ι
539 3694 606 3748 1η
633 3696 730 3749 hoc
771 3706 1114 3766 permaneret,
1145 3694 1197 3750 id
1237 3706 1342 3762 est,
1370 3696 1642 3766 neminem
1678 3703 1801 3764 post
1841 3709 1996 3749 acce-

412 3773 566 3834 ptum
613 3765 876 3834 haptiSma
909 3766 1131 3822 liberari
1177 3781 1206 3819 a
1254 3769 1536 3829 servitute,
1580 3765 1733 3834 juxta
1781 3772 1998 3819 senten-

413 3836 544 3890 tiam
586 3835 733 3889 Pauli
760 3836 813 3889 in
843 3851 961 3905 cap.
991 3838 1020 3889 7
1059 3837 1301 3906 epistolae
1328 3837 1514 3905 prima:
1542 3841 1608 3889 ad
1641 3834 1948 3906 Corinthios
1981 3852 1993 3887 :

411 3921 520 3973 quo
550 3906 712 3960 etiam
754 3904 976 3976 respicit
1003 3904 1176 3961 canon
1227 3904 1555 3977 Gangrensis
1601 3919 1760 3976 supra
1810 3904 1996 3958 lauda-

414 3984 520 4028 ωε.

487 4045 514 4083 ³³
541 4043 791 4098 Carnutes
828 4047 1086 4100 nominor.
1129 4045 1414 4101 Salvianus
1439 4047 1494 4100 in
1516 4045 1654 4100 libro
1693 4061 1753 4098 ιιι
1785 4044 1859 4099 De
1889 4044 2000 4099 Gu-

412 4112 749 4184 bernatione,
789 4131 909 4184 pag.
939 4115 1007 4169 58
1050 4133 1063 4167 :
1099 4133 1116 4166 ε
1151 4117 1469 4184 Quanquam
1494 4131 1594 4169 nos
1625 4130 1731 4168 non
1764 4116 1866 4168 hac
1913 4130 2000 4184 so-

413 4181 525 4234 lum
576 4181 1228 4250 injuria’contemnamus
1273 4181 1465 4248 Deum,
1509 4199 1618 4252 qua
1663 4183 1936 4237 contemni
1966 4198 1998 4235 a

415 4252 588 4304 servis
607 4253 720 4304 suis
747 4253 948 4306 domini
972 4253 1218 4308 carnales
1240 4253 1432 4308 solent.
1465 4273 1484 4303 ι

489 4329 513 4393 °_
539 4319 764 4393 subjici:
793 4337 879 4375 eos
920 4321 1146 4393 Christo,
1177 4323 1230 4378 id
1257 4331 1361 4387 est,
1389 4337 1650 4393 paganos,
1689 4337 1825 4391 quos
1858 4322 1998 4393 bello

409 4389 561 4444 vicit.
589 4390 788 4462 Eadem
820 4392 1034 4460 phrasis
1062 4401 1318 4462 usurpata
1348 4389 1614 4461 reperitur
1637 4389 1800 4446 etiam
1823 4408 1854 4445 a
1880 4392 2001 4448 Ste-

411 4462 593 4584 Bhano
617 4460 943 4543 Tornaeensj
975 4463 1027 4516 in
1049 4460 1278 4532 epistola
1307 4460 1420 4545 HQ
1434 4463 1499 4518 ad
1519 4463 1785 4544 Canutum
1815 4479 1997 4534 regem

461 4546 684 4584 altorum
716 4549 728 4584 :
768 4549 786 4581 ι
823 4531 1062 4584 Petimus
1090 4541 1147 4584 ut
1171 4549 1285 4584 vos.
1313 4549 1404 4584 (llll
1450 4541 1608 4584 toties
1640 4548 1808 4584 armls
1839 4549 1997 4584 διωθ-

2092 2171 2185 2210 sus
2211 2149 2471 2216 Saxones,
2494 2162 2555 2206 ut
2572 2167 2667 2206 eos
2691 2151 2909 2206 Christo
2927 2149 3236 2217 subjiceret,
3261 2166 3368 2204 non
3394 2150 3533 2205 alius
3556 2167 3681 2207 esse

2129 2233 2272 2279 otest
2297 2225 2452 2278 testis
2485 2222 2808 2276 luculentior
2837 2236 3005 2292 quam!
3018 2222 3144 2292 ipse
3169 2218 3413 2280 Carolus.
3444 2222 3544 2292 qui
3565 2222 3682 2292 lege

2129 2242 2272 2279 OleSl.
2297 2242 2452 2278 Iesus
2485 2242 2808 2276 ιιιειιιθιιιιοι·
2837 2242 2998 2290 quam
3029 2242 3144 2290 IPSO
3169 2242 3413 2280 Carolus.
3444 2242 3534 2289 ψη
3565 2242 3678 2292 tege

2090 2242 2201 2349 rata
2227 2295 2418 2358 edixit,
2449 2310 2517 2348 ne
2541 2293 2627 2346 cui
2673 2292 2949 2346 Saxonum
2993 2290 3182 2345 liceret
3215 2305 3320 2344 non
3365 2306 3488 2344 esse
3515 2290 3678 2346 Chri-

2095 2366 2292 2426 stiano,
2328 2366 2428 2419 sub
2451 2377 2609 2433 poena
2629 2363 2846 2431 capitis.
2872 2360 2998 2433 Haec
3030 2368 3157 2433 sunt
3190 2359 3353 2433 verba
3385 2359 3503 2433 eius
3521 2377 3554 2414 e
3580 2362 3682 2416 Ca-

2093 2435 2412 2506 pitulatione
2450 2429 2535 2506 :de
2603 2429 2874 2506 partibus
2915 2431 3204 2506 ⁸δειιιοιιίςιε,
3266 2429 3334 2483 ab
3404 2429 3681 2506 ilolstenio

2095 2500 2271 2569 edita,
2304 2518 2424 2572 cap.
2449 2504 2479 2556 7
2511 2521 2523 2555 :
2557 2521 2575 2552 ι
2603 2500 2662 2557 Si
2692 2503 2814 2572 quis
2844 2502 3099 2570 deinceps
3119 2502 3188 2572 in
3221 2509 3379 2572 gente
3405 2500 3680 2556 Saxonum

2097 2576 2241 2630 inter
2259 2590 2353 2630 eos
2369 2571 2540 2630 latens
2553 2589 2660 2627 non
2673 2571 2980 2641 baptizatus
3005 2587 3063 2626 se
3083 2571 3416 2625 abscondere
3428 2572 3679 2635 voluerit,

2093 2653 2153 2700 et
2166 2645 2235 2699 ad
2254 2644 2579 2722 baptismum
2592 2643 2776 2722 venire
2787 2641 3197 2722 contempserit,
3205 2656 3554 2722 paganusque
3565 2656 3684 2722 per-

2097 2711 2586 2778 manere‘voluerit,
2612 2720 2786 2767 morte
2805 2713 3090 2767 moriatur.
3114 2732 3132 2764 ι
3155 2711 3506 2782 Hincfactum
3527 2721 3684 2782 putat

2097 2785 2352 2854 antiquus
2363 2784 2594 2854 scriptor
2614 2783 2736 2854 libri
2755 2782 2830 2837 De
2843 2782 3256 2854 Constructione
3270 2781 3430 2854 Nova:
3441 2781 3682 2854 Corbeiae

2097 2855 2152 2909 in
2167 2852 2423 2920 saxonia,
2438 2852 2499 2908 ut
2509 2853 2736 2908 Carolus
2745 2868 2857 2924 pra:
2869 2853 3120 2924 omnibus
3133 2852 3455 2924 Christianis
3469 2853 3682 2924 regibus

2097 2925 2509 2996 potentissimus
2546 2925 2598 2996 in
2630 2921 2779 2996 bello,
2803 2922 2983 2996 fuerit.
3011 2941 3044 2996 ιΔ
3064 2921 3190 2996 Post
3218 2921 3683 2996 obitumhnamque

2099 2993 2420 3050 nobilissimi
2464 2995 2606 3064 regis
2633 2993 2865 3063 Pippini,
2900 2993 3092 3064 inquit,
3123 2993 3350 3048 Carolus
3379 2993 3521 3048 ﬁlius
3565 2994 3682 3060 ejus

2100 3080 2324 3136 regnum
2363 3063 2598 3120 obtinuit
2641 3064 2971 3136 Francorum
3001 3063 3332 3119 universum.
3362 3063 3461 3136 Cui
3502 3064 3683 3119 Domi-

2105 3133 2208 3191 nus
2239 3144 2446 3190 tantam
2485 3134 2715 3190 contulit
2754 3133 3010 3188 virtutem
3057 3141 3223 3202 atque
3254 3135 3572 3204 potentiam,
3623 3143 3683 3187 ut

2026 3227 2071 3290 ρ
2105 3222 2214 3290 non
2245 3207 2418 3290 solum
2456 3205 3042 3290 Francorumregnum
3081 3213 3309 3290 strenue.
3339 3205 3682 3275 gubernaret,

2103 3278 2196 3331 sed
2236 3277 2399 3330 etiam
2427 3276 2625 3329 multas
2649 3275 3004 3328 barbarorum
3032 3283 3220 3344 gentes
3263 3275 3684 3344 circumquaque

2101 3347 2432 3416 subjugaret.
2459 3345 2613 3400 Unde
2623 3344 2843 3416 factum
2871 3351 2972 3404 est,
3003 3354 3062 3416 ut
3088 3354 3303 3416 gentem
3336 3344 3676 3416 Saxonicam,
3717 3409 3722 3412 _

2137 3414 2220 3471 uai
2245 3414 2372 3471 olim
2402 3425 2591 3470 contra
2621 3414 2860 3468 Francos
2891 3414 3205 3480 rebellahat,
3237 3430 3341 3469 non
3373 3415 3544 3469 solum
3585 3429 3684 3469 suo

2135 3488 2339 3542 ominio
2375 3487 2699 3556 subegisset,
2713 3484 2818 3556 sed
2855 3491 2910 3538 et
2941 3482 3196 3556 melliﬁuo
3233 3484 3435 3538 Christi
3480 3485 3683 3538 nomini

2100 3557 2284 3610 dicare
2322 3552 2626 3610 meruisset.
2678 3552 2814 3606 Nam
2857 3561 2912 3605 et
2954 3553 3096 3607 hunc
3139 3555 3261 3607 ideo
3289 3568 3398 3622 prae
3429 3555 3682 3609 omnibus

2099 3625 2420 3680 Christianis
2463 3625 2680 3695 regibus
2721 3623 3259 3695 potentissimumin
3304 3623 3460 3695 bellis
3493 3625 3684 3695 fuisse

2099 3696 2389 3758 credimus,
2415 3692 2549 3763 quia
2564 3708 2701 3763 quos
2717 3707 2826 3763 suo
2848 3693 3084 3763 dominio
3107 3692 3453 3762 subjugabat,
3477 3693 3682 3748 Christi

2100 3765 2305 3820 nomini
2330 3761 2630 3819 dedicabat.
2653 3783 2670 3814 ι
2701 3761 2906 3832 Quibus
2931 3762 3066 3832 adde
3089 3763 3204 3817 loca
3235 3761 3354 3832 qua:
3382 3765 3466 3816 vir
3493 3765 3687 3818 doctus

2099 3833 2334 3890 Joannes
2367 3833 2641 3887 Launoius
2666 3831 2950 3903 theologus
2978 3831 3302 3888 Parisiensis
3330 3835 3603 3903 congessit
3629 3835 3681 3888 in

2099 3921 2219 3976 cap.
2246 3905 2280 3958 5
2309 3905 2431 3976 libri
2459 3917 2618 3976 quem
2648 3901 2864 3976 scripsit
2892 3903 2961 3956 de
2993 3904 3162 3976 veteri
3188 3918 3344 3976 more
3374 3901 3681 3976 baptizandi

2098 3970 2312 4030 Judmos
2336 3982 2390 4028 et
2418 3970 2680 4027 infideles.
2711 3970 2977 4026 Caeterum
3008 3975 3150 4040 quod
3171 3974 3238 4027 in
3278 3974 3416 4028 libro
3444 3970 3518 4029 De
3545 3975 3682 4028 Con-

2100 4047 2399 4100 structione
2435 4043 2611 4114 Novae
2643 4041 2886 4114 Corbeia:
2932 4042 3085 4096 vides
3130 4043 3383 4098 Carolum
3434 4045 3679 4114 Magnum

2099 4115 2300 4170 Christi
2342 4113 2548 4170 nomini
2583 4112 2864 4167 dedicasse
2903 4121 3089 4182 gentes
3131 4129 3268 4182 quas
3308 4129 3406 4168 suo
3449 4112 3684 4168 dominio

2100 4184 2445 4254 subjugahat,
2469 4183 2780 4254 meminisse
2802 4181 2985 4254 debes,
3016 4181 3203 4248 lector,
3231 4199 3336 4236 non
3357 4183 3500 4238 solos
3519 4184 3684 4236 Saxo-

2099 4251 2286 4309 nes’ad
2315 4255 2473 4308 ﬁdem
2501 4252 2865 4306 Christianam
2895 4251 3014 4319 ejus
3035 4268 3200 4321 opera
3223 4268 3511 4308 conversos
3540 4269 3680 4317 esse,

2098 4324 2194 4378 sed
2218 4323 2440 4378 Hunnos
2455 4336 2670 4391 quoque
2683 4329 2738 4375 et
2753 4320 2988 4391 _Avares,
3011 4320 3342 4378 utobservat
3367 4323 3684 4378 Sirmoudus

2101 4393 2167 4446 ad
2201 4389 2868 4475 Theodulfum‘pagz‘38‘7.
2897 4391 2961 4473 Et
2983 4392 3077 4475 diu
3114 4403 3240 4448 ante
3265 4393 3516 4474 Carolum
3543 4409 3683 4475 prte-

2100 4473 2344 4534 cesserat
2370 4458 2950 4534 exenﬂilum'Clodovei
2981 4461 3312 4534 Francorum
3337 4464 3509 4534 regis,
3542 4458 3684 4518 illius

461 4546 684 4624 :inortini
716 4549 736 4624 ει
823 4531 1062 4624 Petimus
1084 4531 1147 4586 ut
1171 4534 1406 4624 voshqiii
1450 4534 1608 4624 tgtlies
1633 4533 1808 4624 armis
1839 4531 1999 4624 si'tpe-
2024 4564 2077 4624 Β
2101 4533 2222 4624 qui.
2242 4535 2472 4624 primus.
2495 4531 2826 4613 Francorum
2845 4532 3174 4624 optineiptim
3221 4531 3438 4624 Cohrist‘o
3487 4549 3681 4624 no‘uien

412 4601 887 4674 ratisgidoiolairas
924 4611 979 4656 et
1020 4601 1150 4673 jugo
1175 4601 1439 4674 subjicitis
1469 4603 1797 4674 Christiano,
1831 4601 1934 4658 etc.
1969 4624 1988 4656 ι

415 4669 508 4744 Sic
530 4671 754 4744 Carolus
785 4672 1006 4742 Magnus
1023 4669 1288 4728 'Sa'xones'
1305 4689 1448 4744 aegre
1493 4672 1675 4744 ferens
1723 4688 1828 4726 non
1875 4689 1995 4729 esse

413 4741 770 4804 Christianos,
803 4741 953 4796 arma
993 4744 1044 4797 in
1097 4759 1190 4798 eos
1226 4741 1423 4807 movit;
1460 4743 1540 4796 sic
1573 4751 1835 4805 statuens,
1886 4760 1993 4797 non

413 4819 539 4882 ante
587 4812 938 4882 ﬁnemﬂbello
985 4814 1380 4882 impositurum,
1417 4826 1587 4882 quam,
1615 4811 1833 4866 Christo
1870 4815 1998 4868 sub-

410 4879 724 4948 iicerentur.
756 4879 1094 4950 Eginhardus
1122 4883 1174 4935 in
1201 4879 1497 4935 Annalibus
1526 4881 1594 4934 ad
1624 4897 1826 4934 annum
1850 4881 1953 4936 776
1980 4901 1993 4937 :

418 4969 438 5002 ι
476 4949 611 5005 Cum
647 4965 742 5005 rex
787 4950 844 5004 in
891 4949 1014 5004 villa
1059 4950 1332 5006 Carisiaco
1379 4951 1664 5006 hiemaret.
1713 4953 1993 5006 consilium

418 4969 438 5002 ι
476 4953 611 5005 Cum
647 4965 742 5005 rex
787 4953 844 5004 in
891 4953 1014 5004 villa
1059 4953 1332 5006 Carisiaco
1379 4953 1664 5016 hiemaret,
1713 4953 1995 5007 consilium

413 5019 534 5093 iniit
575 5029 635 5075 ut
676 5017 937 5093 perﬁdam
982 5035 1047 5075 ac
1091 5019 1416 5090 fatdifragam
1463 5019 1738 5076 Saxonum
1779 5031 1996 5093 gentem

412 5089 554 5144 bello
571 5089 982 5162 aggrederetur,
1023 5099 1078 5144 et
1111 5105 1192 5162 eo
1229 5089 1399 5162 usique
1419 5089 1820 5162 perseveraret,
1866 5093 1995 5147 dum

415 5168 508 5212 aut
530 5159 673 5214 vicii'
699 5160 1021 5217 Christianae
1047 5160 1290 5228 religioni
1313 5159 1732 5227 subj'ieerentur,
1759 5172 1853 5216 aut
1881 5177 1995 5215 om-

415 5229 547 5300 nino
568 5231 900 5287 tollerentur.
932 5250 952 5283 i
989 5230 1241 5285 Felieitcr
1266 5231 1318 5300 id
1342 5231 1586 5284 evenisse
1610 5232 1754 5300 quod
1773 5232 1998 5287 Carolus

415 5299 600 5354 animo
623 5309 964 5368 conceperat,
1006 5309 1238 5356 testatur
1279 5299 1642 5368 Eginhardus,
1671 5311 1728 5356 et
1763 5316 1886 5355 cu
1931 5317 1997 5356 eo

416 5370 599 5440 czpteri
635 5369 921 5425 Annalium
949 5370 1335 5426 Francicorum
1359 5371 1672 5439 scriptores.
1703 5370 1811 5426 Sed
1858 5387 1998 5440 pra:-

417 5436 576 5503 cipua
629 5447 807 5494 tamen
854 5443 1150 5497 auctoritas
1214 5436 1494 5495 tribuenda
1545 5449 1632 5494 est
1685 5436 1995 5496 testimonio

418 5506 672 5562 Ludovici
699 5508 922 5582 Piilqui
951 5512 1030 5582 sic
1070 5512 1308 5582 loquitur
1344 5511 1405 5582 in
1439 5519 1714 5582 praecepto
1757 5513 1900 5580 quod
1927 5511 1995 5566 ad

418 5591 656 5701 paganos
676 5579 743 5632 ad
761 5579 1221 5660 Christianitatem
1247 5580 1551 5662 invitandos
1568 5579 1684 5662 ﬁeri
1704 5579 1957 5651 praecepit
1980 5600 1993 5633 :

426 5667 444 5697 ι
528 5652 702 5720 enitor
739 5657 904 5703 etiam
941 5660 1127 5705 noster
1167 5652 1414 5720 gloriosae
1462 5666 1738 5705 memoria:
1777 5650 2000 5706 Carolus

420 5734 636 5797 omnem
676 5719 964 5775 Samnium
1014 5719 1394 5777 cccleSiasticaa
1443 5721 1688 5792 religioni
1739 5723 1998 5788 subdidit,

2103 4601 2270 4658 dedit.
2313 4604 2362 4657 ls
2387 4602 2642 4672 enim,rsi
2689 4615 2795 4672 qua
2844 4601 2976 4656 ﬁdes
3009 4602 3212 4657 inedito
3240 4602 3501 4672 Scriptori
3551 4603 3684 4657 Vita:

2105 4675 2277 4728 sancti
2307 4672 2541 4726 Doniinii
2572 4671 2974 4742 Lemovieensis
2998 4671 3375 4736 anachoreta;
3387 4673 3564 4728 edicto
3586 4687 3684 4742 per

2102 4758 2293 4814 omnes
2321 4742 2534 4814 imperii
2563 4741 2810 4814 Francici
2853 4742 3160 4814 provincias
3200 4744 3366 4798 misso
3396 4743 3561 4814 jussit
3588 4741 3645 4814 ut
3664 4781 3680 4806 ,

2103 4812 2293 4868 relicto
2337 4809 2599 4867 idolorum
2645 4809 2812 4874 cultu,
2841 4809 3021 4867 cuncti
3058 4827 3116 4866 se
3154 4809 3428 4867 vertereth
3457 4814 3523 4867 ad
3558 4813 3682 4867 reli-

2103 4884 2317 4952 gionem
2361 4882 2583 4937 Christi.
2633 4879 2759 4935 Haec
2805 4891 2932 4953 sunt
2959 4881 3123 4936 verba
3173 4882 3679 4953 illiusscriptoris:

2109 4951 2130 5004 ι
2160 4953 2254 5008 Illo
2299 4953 2484 5020 itaque
2519 4961 2760 5022 tempore
2787 4951 3088 5006 Clodoveus
3125 4967 3220 5006 rex
3250 4951 3482 5007 Galliam
3521 4961 3684 5022 atque

2103 5023 2464 5104 germaniam‘
2489 5020 2731 5104 regebai,
2761 5023 2846 5076 vir
2872 5023 3048 5102 armis
3075 5029 3347 5104 strenuus,
3375 5020 3684 5104 eloquentia

2100 5093 2393 5156 facundus;
2417 5100 2471 5146 et
2490 5090 2678 5145 omnes
2692 5090 2884 5145 Franci
2924 5107 3056 5156 eme,
3074 5100 3186 5146 tam
3205 5090 3499 5149 Christiani
3521 5108 3684 5162 quam

2100 5162 2325 5227 pagani,
2354 5163 2472 5227 ejus
2498 5161 2795 5214 dominatui
2833 5106 3200 5227 suiiaoebant.
3244 5163 3365 5227 Ipse
3395 5179 3526 5218 vero
3565 5178 3682 5225 rex,

2098 5162 2325 5233 pagani,
2354 5163 2472 5232 ejus
2498 5161 2795 5242 dominatui
2833 5161 3200 5242 subiacebant.
3244 5163 3365 5246 Ipse
3395 5179 3526 5218 vero
3545 5161 3682 5225 rex,

2100 5233 2170 5286 ab
2216 5233 2442 5286 exordio
2483 5246 2595 5284 suae
2623 5230 2810 5300 prolis,
2851 5232 3070 5300 gentilis
3100 5233 3330 5288 exstitit.
3371 5233 3476 5288 Sed
3504 5234 3686 5288 divina

2101 5301 2723 5374 inspiranteciementia
2743 5299 3184 5374 ﬁedemptoris,
3230 5319 3328 5374 per
3367 5304 3681 5374 admonitio:

2100 5369 2226 5444 nem
2257 5372 2431 5444 sancti
2466 5370 2703 5444 Remigii
2743 5369 3131 5444 Rhemensium
3176 5369 3589 5444 archiepiscopi,
3616 5372 3687 5444 ad

2101 5442 2425 5496 catholicam
2459 5439 2641 5503 ﬁdem,
2673 5439 2901 5495 Domino
2933 5441 3162 5507 favettte,
3191 5439 3535 5498 Christianus
3570 5442 3687 5499 cili-

2104 5513 2264 5566 citur.
2294 5511 2396 5578 Qui
2434 5509 2667 5577 denique
2707 5525 2825 5574 rex,
2855 5520 3139 5581 postquam
3170 5529 3201 5566 a
3227 5529 3386 5569 sacro
3435 5513 3580 5570 fonte
3610 5513 3686 5568 le-

2106 5583 2269 5654 vavit,
2305 5581 2522 5654 nuntios
2546 5581 2947 5654 peruniversas
2972 5583 3191 5638 mittens
3217 5585 3543 5652 provincias,
3571 5597 3685 5654 qua!

2106 5652 2224 5717 ejus
2251 5651 2505 5721 potestati
2537 5651 2794 5721 subjectae
2819 5653 3063 5721 aderant,
3094 5651 3262 5708 edixit
3298 5663 3360 5706 ut
3385 5657 3566 5708 omnia
3590 5651 3694 5708 fal-

2107 5719 2291 5776 sorum
2317 5720 2513 5793 templa
2536 5719 2761 5776 deorum
2795 5720 3264 5792 confringerentur
3286 5733 3450 5793 atque
3483 5726 3696 5797 ignibus
