4040 6182
367 267 462 322 HI

366 486 484 525 rum
504 470 672 525 etiam
698 468 820 523 fidei
849 465 1150 538 periculum
1192 466 1498 530 sustinere;
1547 464 1674 519 dum
1701 478 1767 518 ex
1795 462 1952 518 fami—

364 562 605 619 liaritate
638 561 805 617 nimia
853 567 903 616 et
964 558 1181 615 assidua
1215 558 1639 621 cohabitatione,
1670 554 1839 625 aliqui
1876 554 1952 609 de

360 668 526 727 grege
548 652 860 709 Christiano
885 650 1174 707 sabbatum
1194 649 1412 718 quidem
1463 663 1588 703 cum
1633 644 1833 702 Iudaeis
1860 659 1952 701 co-

361 743 501 809 lunt,
534 742 679 799 diem
715 734 1216 797 veroDominicam
1251 738 1442 794 illicita
1481 737 1796 808 Operatione
1842 737 1954 790 vio-

360 833 503 901 lant;
543 848 647 889 nec
668 830 824 906 [non]
855 828 1132 900 etjejunia
1163 836 1365 884 statuta
1397 827 1729 892 dissolvunt;
1762 826 1950 897 plerae-

360 942 467 998 que
489 924 842 990 mulierculae,
873 923 1195 979 ancillarum
1214 921 1362 993 jure,
1395 920 1515 974 alia:
1537 920 1605 974 ab
1630 918 1763 988 ipsis
1803 917 1950 972 velut

359 1015 720 1074 mercenaria
775 1013 1128 1076 detinentur;
1169 1009 1442 1065 nonnulla:
1487 1008 1654 1063 etiam
1707 1022 1952 1063 corrum-

360 1116 602 1177 puntur;
666 1120 859 1161 omnes
895 1119 1027 1160 vero
1090 1100 1400 1171 huiusmodi
1441 1099 1523 1155 vel
1557 1100 1947 1168 dominationi,

362 1196 447 1252 vel
475 1196 710 1260 libidini,
737 1194 823 1249 vel
850 1192 1152 1264 deceptioni
1202 1206 1391 1247 eorum
1426 1191 1487 1245 in
1517 1206 1803 1246 commune
1828 1206 1952 1262 pro-

363 1288 705 1350 stituuntur;
743 1284 1111 1340 adnitentibus
1143 1284 1199 1337 in
1232 1282 1336 1337 hoc
1360 1282 1538 1351 ipsum
1569 1272 1766 1336 diaboli
1802 1281 1950 1348 ﬁliis,

355 1375 483 1432 odio
506 1375 754 1441 subdolo,
794 1382 851 1429 et
902 1372 1185 1427 fallacibus
1230 1371 1646 1437 blandimentis;
1720 1371 1848 1426 dum
1892 1386 1952 1427 se

358 1479 382 1507 δ
401 1467 840 1538 patriarcharum
867 1463 1206 1534 progeniem,
1218 1460 1490 1533 iustorum
1506 1477 1697 1532 genus,
1713 1462 1949 1532 prophe-

358 1566 536 1611 tarum
574 1554 814 1612 sobolem
843 1554 1077 1623 superbo
1101 1567 1198 1607 ore
1237 1549 1666 1621 proloquuntur;
1698 1551 1951 1622 ignoran-

1351 262 1407 316 5.
1452 258 1799 316 AGOBARDI
1840 254 2148 313 EPISCOPI
2180 258 2668 316 LUGDUNENSIS

363 395 426 439 ac
457 385 617 451 potus
645 392 751 432 non
778 375 955 432 solum
986 374 1039 429 in
1067 374 1283 430 diversa
1306 372 1513 445 ﬂagitia
1549 385 1829 435 corruere,
1859 384 1950 426 vo—
1978 374 2026 431 Α
2057 371 2301 441 ticipium
2325 414 2340 437 ,
2375 372 2709 428 consortium
2735 373 2976 440 bibendi,
3023 373 3304 430 habitandi
3349 373 3640 430 contuber-
3730 360 3750 371 ’

3538 259 3642 314 ili

2057 464 2205 518 nium
2228 463 2429 519 habere
2457 474 2790 535 priesumant
2820 480 2834 519 :
2862 480 2931 522 ne
2956 467 3057 520 sub
3074 474 3341 534 praetextu
3365 463 3643 522 societatis

2056 555 2216 625 hujus
2234 572 2264 610 a
2286 556 2633 627 simplicitate
2661 558 2879 627 quidem
2918 558 3243 625 Christianae
3270 556 3397 613 iidei
3424 557 3641 613 exorbi-

2056 656 2190 713 tent,
2215 646 2455 703 Judaicis
2484 664 2613 704 vero
2643 648 2840 705 fabulis
2862 650 3224 714 attendentes,
3254 650 3642 706 inextricabili-

2053 735 2156 794 bus
2181 752 2429 793 errorum
2452 738 2661 809 laqueis
2685 739 3061 811 implicentur;
3090 756 3321 812 cumque
3345 756 3446 797 nos
3469 743 3641 799 nemi-

2054 844 2178 884 nem
2220 829 2433 885 illorum
2477 826 2816 886 humanitate
2868 840 3016 887 tanta
3053 840 3108 888 et
3145 832 3502 905 benignitate,
3534 850 3641 905 qua

2052 932 2183 988 erga
2206 934 2302 974 eos
2330 920 2553 987 utimur,
2583 922 2650 976 ad
2673 922 2976 992 spiritalem
3003 923 3128 979 ﬁdei
3152 933 3355 981 nostra:
3386 927 3641 987 virtutem

2053 1008 2330 1064 valeamus
2350 1010 2649 1076 adducere,
2688 1028 2818 1083 pars
2840 1014 3020 1084 aliqua
3061 1030 3130 1069 ex
3154 1017 3379 1083 nostris,
3408 1017 3536 1074 dum
3577 1019 3645 1074 li-

2051 1100 2243 1155 benter
2270 1101 2582 1157 carnalibus
2603 1118 2791 1159 eorum
2814 1106 3050 1162 victibus
3070 1109 3457 1176 communicat,
3480 1112 3642 1180 spiri—

2055 1190 2251 1247 talibus
2287 1192 2460 1262 epulis
2493 1195 2762 1265 capiatur.
2814 1197 2966 1254 lianc
3023 1201 3225 1256 ctenim
3261 1200 3456 1257 divina
3508 1202 3643 1263 leuis

2051 1280 2445 1349 providentiam
2467 1282 2657 1338 Patres
2679 1285 2849 1339 nostri
2872 1286 3136 1343 institutis
3154 1290 3433 1346 canonicis
3454 1290 3642 1347 viden-

2053 1379 2144 1425 tur
2163 1388 2285 1428 esse
2310 1376 2514 1441 secuti;
2543 1390 2774 1444 quorum
2802 1391 2902 1432 nos
2951 1380 3261 1452 praeceptis,
3295 1381 3348 1435 in
3374 1391 3639 1452 quantum

2050 1461 2355 1532 potuimus,
2386 1464 2597 1520 devotis
2643 1466 2838 1521 animis
2886 1468 3131 1524 obsecuti
3166 1486 3385 1541 sumus;
3418 1473 3635 1542 pericu-

2051 1551 2161 1607 lum
2210 1554 2418 1610 scilicet
2471 1558 2773 1612 animarum
2810 1575 2932 1629 quae
2978 1561 3134 1616 nobis
3184 1564 3491 1620 commissae
3515 1573 3643 1621 sunt

361 1650 506 1704 tibus
548 1648 784 1712 miseris,
838 1647 930 1717 qui
984 1647 1100 1701 inec
1153 1646 1400 1710 audiunt,
1429 1643 1574 1714 quod
1630 1645 1731 1713 ipsi
1760 1659 1947 1699 eorum
1979 1719 2018 1725 _
2048 1647 2517 1715 pertimescentes,
2562 1660 2617 1704 et
2667 1667 2855 1706 earum
2893 1653 2918 1693 ιι
2961 1654 3279 1725 sanguinem
3324 1657 3391 1711 de
3439 1657 3642 1713 nostris

360 1737 635 1808 prephetie
658 1746 874 1808 gentem
912 1735 1291 1806 peccatricem,
1316 1733 1573 1805 populum
1601 1749 1820 1805 gravem
1847 1735 1951 1789 ini-
1979 1719 2027 1778 Β
2054 1738 2309 1794 manibus
2329 1739 2383 1793 in
2410 1739 2593 1795 divino
2618 1743 3008 1811 exquirendum
3030 1719 3237 1813 judicio
3259 1744 3635 1805 formidantes.

360 1830 591 1898 quitstc,
624 1843 807 1882 semen
845 1840 1103 1896 nequam,
1167 1825 1305 1880 filios
1357 1824 1685 1892 sceleratos,
1740 1833 1953 1894 patrem

361 1935 605 1991 ipsorum
632 1919 1033 1981 Amorrlncum,
1074 1926 1306 1973 matrem
1336 1915 1639 1982 Cethzveam,
1692 1916 1957 1974 Sodomo-

358 2027 479 2066 rum
526 2012 840 2081 principes,
887 2019 943 2064 ct
973 2009 1292 2065 Gomorrhte
1320 2009 1580 2079 populum
1615 2010 1827 2064 soleant
1861 2025 1955 2080 ap-

360 2104 584 2173 pcliare.
611 2102 715 2157 Sed
744 2111 798 2156 ct
828 2101 956 2156 illud
976 2101 1184 2171 pariter
1212 2100 1605 2166 nescientibus,
1643 2102 1786 2173 quod
1817 2118 1954 2172 prac-

365 2210 559 2250 cursor
589 2194 802 2250 Domini
823 2194 1061 2249 Joannes
1103 2194 1374 2264 genimina
1400 2210 1496 2249 eos
1524 2195 1723 2250 dixerit
1748 2197 1956 2266 vipera-

366 2303 505 2352 rum,
536 2296 591 2341 et
619 2288 731 2357 ipse
760 2287 1024 2341 Dominus
1067 2286 1381 2355 frequenter
1424 2286 1545 2341 illos
1568 2303 1710 2341 nunc
1735 2302 1955 2357 serpen-

362 2393 461 2442 tes,
494 2394 635 2432 nunc
667 2378 1071 2448 generationem
1103 2377 1320 2444 malam,
1346 2392 1592 2447 pravam,
1638 2390 1951 2449 perversam

362 2478 524 2540 atque
562 2469 862 2524 adulzeram
897 2469 1171 2524 vocitarit.
1204 2468 1358 2526 Unde
1382 2478 1437 2523 et
1462 2469 1516 2524 in
1550 2477 1759 2525 tantum
1803 2485 1955 2524 erro-

357 2569 435 2623 ris
462 2567 687 2639 pclagus
729 2565 979 2621 nonnulli
1016 2581 1083 2621 ex
1128 2564 1442 2636 vulgaribus
1472 2580 1539 2621 ac
1582 2566 1805 2622 rusticis
1852 2566 1949 2620 ab.

355 2661 647 2725 ducuntur,
691 2667 750 2714 ut
787 2660 933 2715 hunc
972 2658 1145 2714 solum
1188 2659 1285 2714 Dei
1315 2674 1440 2715 esse
1476 2659 1756 2731 populum,
1810 2660 1950 2731 apud

358 2749 457 2805 bos
488 2749 592 2821 piae
622 2748 902 2820 religionis
946 2748 1377 2815 observantiam,
1415 2764 1479 2805 ac
1530 2749 1700 2805 multo
1752 2751 1950 2805 certio-

362 2858 498 2905 rem,
536 2856 702 2911 quam
726 2848 913 2894 nostra
938 2839 1030 2904 sit,
1074 2838 1257 2903 ﬁdem,
1282 2846 1340 2893 et
1358 2839 1584 2893 seducto
1610 2840 1954 2909 suspicentur

357 2934 558 2997 animo,
618 2939 674 2987 et
724 2946 821 2986 ore
852 2931 1017 3001 impio
1070 2932 1213 2985 inter
1258 2944 1421 3000 pares
1446 2938 1502 2985 et
1532 2929 1845 2986 consimiles
1873 2929 1953 2985 fa—

367 3032 603 3079 teantur.

2057 1826 2428 1885 Tentavcrunt
2466 1846 2629 1900 porro
2679 1834 2897 1902 quidam
2935 1837 3130 1900 missi,
3185 1845 3241 1892 et
3288 1848 3312 1876 ο
3366 1838 3640 1895 Evrardus

2054 1922 2308 1988 maxime,
2336 1924 2429 1993 qui
2453 1922 2764 1981 Iudaeorum
2794 1944 2938 1984 nunc
2964 1929 3225 2000 magister
3272 1940 3378 1996 est,
3419 1933 3637 2005 religio-

2054 2032 2173 2070 sum
2202 2018 2300 2072 hoc
2328 2033 2466 2088 opus
2513 2030 2759 2077 nostrum
2820 2025 3121 2092 destruere,
3158 2042 3221 2083 ac
3267 2029 3369 2083 sub
3412 2029 3639 2087 obtentu

2052 2105 2356 2162 edictorum
2389 2109 2751 2180 imperialium
2799 2113 3149 2172 labefactare.
3182 2117 3390 2185 Quibus
3417 2135 3516 2175 nos
3545 2136 3640 2174 ne-

2053 2211 2160 2266 que
2185 2199 2251 2253 ad
2283 2200 2472 2255 horam
2495 2204 2791 2269 cessimus,
2822 2214 2882 2259 ut
2910 2206 3105 2263 divina:
3138 2209 3274 2279 legis
3297 2210 3504 2265 veritas
3529 2252 3544 2276 ,
3584 2224 3637 2266 et

2054 2295 2364 2344 sanctorum
2394 2291 2617 2348 Patrum
2643 2295 2961 2352 constitutio
3003 2300 3327 2365 veneranda,
3378 2301 3638 2357 immobili

2055 2378 2197 2449 apud
2229 2397 2328 2436 nos
2373 2392 2538 2454 atque
2568 2385 2883 2442 inconvulsa
2932 2390 3312 2451 observatione
3360 2393 3634 2462 perduret.

2055 2469 2166 2525 Nec
2203 2488 2331 2529 vero
2359 2482 2469 2528 tam
2498 2475 2758 2533 feralibus
2790 2476 2960 2546 jussis
3006 2482 3126 2537 ausi
3176 2497 3365 2539 sumus
3393 2486 3639 2555 acquies-

2054 2577 2197 2627 cere,
2223 2574 2316 2619 aut
2348 2566 2814 2636 religiosissimum
2838 2586 2901 2625 ac
2931 2570 3042 2627 Deo
3071 2573 3293 2645 dignum
3332 2576 3637 2648 principem

2053 2653 2330 2722 quidpiam
2357 2654 2551 2711 divina:
2591 2656 2692 2729 legi
2718 2660 3077 2729 contrarium,
3130 2664 3300 2720 sacris
3343 2666 3641 2722 canoni‘uus

2055 2744 2362 2811 adversum,
2392 2747 2553 2803 saluti
2586 2749 2842 2807 Ecclesia:
2864 2753 3252 2823 periculosum,
3293 2758 3517 2815 credere
3537 2775 3637 2829 po-

2054 2836 2259 2891 tuimus
2281 2840 2637 2909 pratccpisse;
2685 2841 2841 2912 cujus
2884 2844 2952 2899 ad
3000 2846 3104 2901 hoc
3145 2863 3362 2920 semper
3397 2850 3642 2923 invigilat

2054 2926 2231 2982 ﬁdelis
2274 2928 2541 2985 industria
2590 2939 2647 2985 et
2692 2933 2866 3002 pietas
2901 2933 3252 3004 admiranda,
3297 2949 3358 2994 ut
3407 2938 3492 2995 lex
3546 2940 3641 2996 Dei

2056 3018 2256 3088 ubique
2294 3029 2584 3088 servetur,
2645 3031 2705 3078 ut
2753 3025 3013 3082 canonica
3078 3028 3324 3084 instituta
3376 3040 3639 3101 perpetua

429 3116 586 3183 Quod
604 3116 804 3173 malum
835 3130 959 3169 cum
1002 3115 1056 3169 in
1086 3112 1242 3184 plebe
1288 3112 1447 3168 nobis
1472 3111 1766 3167 commissa
1798 3110 1948 3166 vide-
1976 3085 2020 3148 C
2057 3085 2273 3180 vigeant
2307 3085 2601 3178 ﬁrmitate,
2646 3122 2706 3168 ut
2743 3115 2891 3171 salus
2928 3132 2993 3173 ac
3024 3118 3197 3174 virtus
3232 3085 3489 3177 Ecclesia:
3528 3085 3642 3178 toto

358 3222 544 3263 remus
568 3221 912 3270 excrescere,
937 3213 1099 3276 atque
1129 3204 1185 3258 in
1219 3203 1339 3259 dies
1374 3203 1619 3274 singulos
1677 3203 1790 3273 ipsa
1833 3200 1949 3271 jam

355 3295 750 3352 consuetudine
778 3295 1091 3366 propagari,
1134 3292 1441 3349 studuimus
1485 3308 1585 3363 pro
1613 3293 1818 3348 viribus
1873 3293 1951 3347 la-

360 3389 473 3462 psis
510 3403 732 3444 mnuum
779 3386 1086 3457 porrigere,
1118 3394 1175 3443 et
1202 3393 1452 3442 errantes
1476 3385 1690 3441 animos
1718 3386 1787 3441 ad
1815 3386 1952 3458 veri-

357 3478 487 3534 tatis
509 3478 707 3535 lineam
727 3493 985 3534 revocare
1013 3496 1026 3531 :
1049 3492 1264 3548 aequum
1284 3477 1571 3533 credentes
1590 3485 1652 3531 ut
1675 3477 1951 3547 quomodo

355 3571 491 3641 ipsis
516 3571 792 3640 quondam
830 3569 915 3625 lex
941 3568 1040 3625 Dei
1079 3568 1432 3639 praecipiebat
1454 3584 1522 3624 ne
1548 3585 1670 3625 cum
1694 3569 1947 3640 gentibus

356 3661 767 3720 matrimonium
822 3660 1159 3731 copularent,
1209 3648 1346 3716 neve
1382 3676 1508 3716 cum
1544 3661 1627 3716 eis
1659 3676 1947 3717 commune

357 3750 668 3809 convivium
689 3752 1056 3817 celebrarent,
1107 3766 1178 3806 ne
1221 3751 1476 3808 videlicet
1516 3768 1617 3824 per
1668 3753 1946 3808 consortia

358 3844 669 3916 nuptiarum
698 3853 754 3899 et
782 3842 1222 3900 communionem
1266 3842 1511 3898 ciborum
1538 3858 1569 3897 a
1596 3843 1780 3898 divino
1823 3842 1948 3913 qui-

358 3937 482 3991 dem
509 3936 657 3994 cultu
680 3934 1003 4001 deﬁcerent,
1029 3933 1350 3991 idololatria:
1372 3944 1553 3992 autem
1572 3935 1705 4007 jugo
1728 3936 1949 3991 liberta-

360 4039 472 4085 tem
497 4028 668 4084 animi
694 4028 1053 4093 inclinarent;
1096 4027 1174 4083 ita
1208 4043 1353 4083 nunc
1380 4036 1440 4084 et
1487 4039 1675 4085 noster
1721 4029 1951 4099 populus

356 4118 692 4183 inhibeatur,
717 4132 787 4172 ne
806 4132 931 4170 cum
967 4114 1168 4171 Iudaeis
1205 4115 1514 4172 infidelibus
1532 4119 1786 4174 vescendi
1813 4133 1942 4188 par-

2054 3209 2329 3256 terrarum
2378 3201 2509 3258 orbe
2555 3203 2844 3274 gloriosius
2891 3206 2946 3261 in
3003 3208 3118 3264 dies
3162 3209 3402 3282 singulos
3441 3228 3642 3269 conva-

2054 3292 2242 3348 lescat.

2129 3382 2278 3439 Unde
2305 3392 2363 3438 et
2405 3393 2485 3450 tu,
2513 3383 2677 3440 Pater
2704 3387 3041 3454 beatissime,
3069 3390 3164 3459 qui
3200 3390 3449 3445 columna
3498 3408 3641 3452 nunc

2056 3476 2110 3530 in
2132 3476 2385 3531 omnibus
2406 3485 2461 3531 et
2486 3476 2890 3533 firmamentum
2920 3480 3112 3535 domus
3140 3480 3235 3535 Dei
3263 3484 3526 3549 crederis,
3558 3496 3641 3539 sta

2056 3582 2219 3637 super
2244 3574 2453 3637 petram
2480 3567 2865 3627 ecclesiasticae
2884 3571 3297 3627 observatiOnis.
3325 3573 3640 3641 immobilis,

2056 3658 2381 3727 intrepidus,
2438 3657 2817 3726 inconcussus,
2868 3657 3268 3730 ﬂoccipendcns
3316 3662 3643 3720 adversariae

2057 3747 2394 3816 tempestatis
2418 3756 2628 3813 ventos,
2664 3748 2886 3813 imbres,
2923 3764 2987 3805 ac
3011 3748 3263 3815 ﬂumina;
3294 3765 3416 3821 quae
3449 3753 3641 3809 funda-

2057 3844 2239 3891 mento
2258 3836 2475 3906 quidem
2504 3837 2696 3893 domus
2723 3838 2821 3893 Dei
2864 3838 2997 3895 iliidi
3027 3846 3275 3908 possunt,
3306 3840 3479 3911 ipsam
3514 3855 3641 3897 vero

2059 3932 2322 3987 subruere
2348 3947 2455 3987 non
2470 3941 2728 4001 possunt:
2753 3932 2880 4001 quia
2901 3946 3003 3988 nec
3030 3941 3203 4003 porta:
3226 3932 3427 3990 inferid
3452 3934 3640 3989 adver-

2058 4038 2154 4079 sus
2176 4036 2298 4077 eam
2321 4021 2616 4093 praevalere
2640 4029 2865 4093 queunt.
2897 4020 3165 4089 Scientes,
3221 4023 3423 4095 itaque,
3480 4022 3641 4078 Pater

2057 4115 2405 4181 venerabilis,
2426 4129 2622 4171 omnes
2646 4114 2740 4185 qui
2763 4115 2863 4169 sub
2893 4111 3011 4186 lege
3033 4109 3191 4180 su'nt,
3225 4115 3327 4170 sub
3355 4115 3640 4171 maledicto

1753 4227 2023 4284 BALUZII
2062 4226 2297 4284 NOTIE.

355 4341 492 4397 adeo
518 4345 705 4410 aperte
731 4338 1054 4395 sententiam
1078 4352 1233 4393 suam
1272 4338 1567 4410 prompsit,
1602 4345 1662 4410 ut
1701 4338 1946 4394 divinau-
1970 4340 2023 4400 D
2049 4341 2149 4395 sub
2164 4337 2436 4410 Gregorio
2458 4336 2524 4402 Χ,
2548 4336 2825 4410 Romanus
2853 4340 3093 4409 pontifex
3142 4347 3367 4397 vocatur
3412 4355 3642 4410 sponsus

355 4415 485 4468 dum
502 4409 613 4481 non
647 4410 719 4465 sit
737 4410 867 4481 quid
889 4410 944 4463 in
973 4410 1075 4463 hac
1096 4423 1259 4465 causa
1288 4409 1540 4481 senserit.
1562 4427 1580 4460 ι
1600 4409 1942 4465 Ascensurus

356 4486 411 4538 in
446 4480 677 4552 cmlum,
708 4479 905 4552 inquit,
933 4480 1105 4552 ipsam
1132 4495 1322 4535 rursus
1348 4479 1647 4536 Ecclesiam
1668 4495 1944 4536 commen-

354 4552 523 4609 davit.
559 4550 802 4622 Sponsus
847 4550 1210 4622 profecturus,
1248 4565 1503 4622 sponsam
1557 4566 1708 4606 suam
1756 4552 1943 4607 amicis

353 4625 468 4679 suis
488 4621 924 4679 commendavit:
958 4637 1065 4675 non
1101 4629 1160 4676 ut
1203 4629 1347 4677 amet
1373 4621 1607 4691 aliquem
1660 4623 1939 4692 ipsorum,

354 4694 448 4749 sed
470 4694 647 4765 ipsum
704 4703 959 4763 tauquam
993 4707 1270 4765 sponsum,
1298 4692 1419 4765 illos
1449 4701 1710 4765 tanquam
1756 4692 1938 4761 sponsi

354 4761 597 4829 amicos,
641 4771 698 4818 et
737 4761 842 4819 non
872 4777 994 4817 eam
1024 4761 1311 4817 admittant
1363 4761 1576 4817 lascivo
1595 4776 1777 4817 amore
1822 4776 1946 4817 cor-

357 4835 558 4903 rumpi.
589 4853 609 4885 ι
635 4832 773 4903 Hinc
806 4831 1007 4903 factum
1031 4840 1091 4885 ut
1110 4832 1226 4903 Leo
1258 4830 1354 4895 IX,
1374 4830 1622 4903 pontifex
1646 4830 1942 4903 Romanus,

353 4900 600 4960 scribens
630 4903 697 4957 ad
739 4902 1036 4956 Robertum
1068 4902 1321 4957 abbatem
1350 4900 1626 4957 Cassa-Dei
1664 4901 1716 4956 in
1747 4902 1945 4956 Arver-

356 4976 460 5039 nis,
490 4974 691 5029 dixerit
718 4972 993 5028 Christum
1040 4985 1162 5026 esse
1208 4987 1397 5027 verum
1444 4979 1501 5027 et
1529 4987 1694 5026 unum
1742 4980 1944 5028 sancta:

356 5044 609 5116 Ecclesite
645 5056 922 5116 sponsum.
953 5041 1201 5116 Denique
1227 5051 1447 5116 sanctus
1470 5041 1792 5116 ﬁcrnardus
1830 5042 1945 5098 hzec

354 5115 424 5169 ad
450 5111 747 5186 Eugenium
768 5111 834 5169 ill
861 5112 1077 5186 scrips't
1104 5114 1157 5166 in
1180 5113 1424 5186 epistola
1461 5112 1599 5167 257:
1630 5130 1650 5164 ε
1688 5114 1946 5186 Superest

356 5192 417 5239 ut
439 5184 583 5241 facta
637 5186 740 5241 hac
788 5184 1227 5255 mutatione‘tui,
1286 5184 1403 5253 ipsa
1433 5198 1651 5255 quoque
1697 5184 1946 5255 qurehtibi

358 5256 647 5312 commissa
673 5265 758 5311 est
784 5254 998 5309 Domini
1031 5253 1109 5325 lui
1138 5268 1333 5325 sponsa
1362 5253 1600 5309 mutetur
1640 5253 1695 5308 in
1716 5253 1940 5322 “melius,

354 5332 411 5378 et
436 5325 550 5396 jam
563 5340 916 5397 nequaquam
939 5323 1116 5389 Sarai,
1142 5323 1241 5397 sed
1263 5323 1501 5397 rSara‘de
1528 5333 1727 5397 caetero
1771 5326 1945 5397 nomi-

358 5394 534 5467 netur.
563 5394 803 5467 intelligi:
820 5412 940 5467 quae
968 5397 1107 5451 dico.
1141 5394 1300 5467 Dabit
1343 5394 1510 5467 enimp
1538 5395 1636 5449 tibi
1687 5395 1946 5467 Dominus

358 5411 534 5449 netur.
563 5411 734 5450 Intern
820 5412 940 5467 quae
968 5411 1107 5451 uico.
1141 5411 1300 5449 uamt
1343 5411 1489 5449 enim
1538 5411 1636 5449 um
1687 5411 1943 5450 uommus

358 5463 711 5537 intellectum.
824 5466 1029 5523 amicus
1054 5466 1235 5537 sponsi
1261 5482 1340 5530 es,
1370 5480 1437 5520 ne
1463 5464 1667 5537 dixeris
1693 5465 1943 5537 dilectam

356 5533 476 5603 ejus
498 5536 797 5607 principem
825 5551 1037 5607 meam,
1068 5533 1162 5593 sed
1184 5537 1503 5607 principem,
1525 5535 1659 5590 nihil
1692 5545 1858 5607 tuum
1889 5536 1943 5589 in

358 5604 758 5678 ea‘vindicans,
784 5605 887 5678 nisi
923 5606 1067 5678 quod
1111 5604 1212 5678 pro
1241 5624 1325 5669 ea,
1352 5604 1397 5663 si
1428 5604 1750 5678 oportuerit,
1778 5607 1942 5661 etiam

358 5676 595 5733 animam
627 5678 756 5733 dare
785 5674 967 5730 debes.
1001 5696 1017 5728 ι
1058 5674 1369 5736 ΙιίςοιιςίΙίΟ
1393 5674 1571 5732 tamen
1600 5676 1941 5749 Lug'inncnsi

2050 4407 2343 4486 Ecclesiae;
2368 4409 2422 4462 in
2449 4423 2574 4486 cap.
2603 4407 2703 4463 Ubi
2726 4407 3145 4486 peﬁéulum_.__D_e
3179 4407 3638 4486 Elecl._ip'8exlo.

2121 4492 2146 4520 ει
2190 4479 2631 4552 Patriam/larunt
2658 4480 2976 4552 progeniem.
3008 4481 3142 4536 Vide
3166 4496 3285 4552 quae
3308 4479 3542 4537 diximus
3571 4483 3640 4540 ad

2050 4550 2248 4605 librum
2278 4549 2352 4604 De
2382 4547 2668 4604 Insolentia
2696 4547 3028 4606 Iudaeorum.

2119 4620 2147 4660 1³
2184 4618 2506 4694 Sanguinem
2533 4620 2596 4673 de
2626 4622 2819 4694 nostris
2866 4621 3127 4676 manibus.
3171 4621 3349 4678 Timet
3395 4623 3641 4694 Agobar-

2046 4691 2167 4765 dus,
2194 4703 2263 4765 ne
2290 4690 2334 4745 si
2364 4690 2668 4746 animarum
2714 4691 2815 4745 sibi
2855 4693 3268 4765 commissarum
3296 4690 3534 4765 vigilem
3575 4710 3639 4765 ac

2026 4760 2335 4835 sollicitam
2377 4776 2564 4816 curam
2607 4776 2713 4816 non
2750 4771 2924 4832 gerat,
2963 4762 3007 4817 si
3053 4764 3123 4818 ob
3159 4760 3417 4819 desidiam
3465 4764 3637 4835 negli-

2046 4832 2389 4903 gentiamquc
2417 4846 2571 4903 suam
2623 4840 2890 4903 pereant,
2932 4847 3121 4888 earum
3171 4832 3639 4900 ierditionem'de

2047 4901 2353 4973 manucjus
2380 4902 2622 4973 requirat
2660 4901 2801 4973 Deus
2827 4904 2879 4958 in
2910 4903 3116 4973 judicio
3141 4904 3345 4958 divino.
3380 4905 3508 4960 Vide
3543 4920 3640 4960 no-

2047 4981 2131 5027 tas
2161 4971 2229 5042 ad
2252 4971 2534 5042 epistolam
2560 4972 2629 5027 79
2656 4972 2789 5042 Lupi
2820 4971 3207 5031 Ferrariensis.

2120 5053 2143 5082 ο
2178 5040 2474 5105 Ευὴινάιιε.
2504 5042 2703 5098 missus
2728 5040 3052 5100 dominicus.
3100 5044 3234 5100 Vide
3277 5056 3434 5101 no'as
3471 5044 3539 5101 ad
3585 5046 3641 5099 Ii-

2046 5111 2220 5187 brutn
2234 5112 2301 5187 de
2329 5112 2601 5181 baptismo
2627 5111 2991 5187 Iudaicorunt
3005 5116 3420 5187 mancipiorum.

2119 5183 2146 5224 (ι
2185 5182 2447 5237 Adversus
2472 5199 2608 5248 eum,
2653 5183 2705 5239 id
2734 5193 2839 5249 est,
2868 5182 3202 5251 Ecclesium,
3246 5202 3310 5241 cx
3368 5185 3637 5243 sententia

2045 5252 2333 5325 Agobardi,
2366 5253 2461 5325 qui
2483 5253 2578 5325 sic_
2594 5254 2981 5324 interpretatur
3005 5255 3181 5312 locum
3206 5256 3353 5312 illum
3373 5274 3440 5311 ex
3465 5256 3640 5311 Evan-

2046 5320 2185 5397 gelia
2230 5320 2466 5379 Mattlimi
2494 5341 2506 5376 :
2539 5320 2878 5397 Superi/mni:
2922 5336 3125 5397 petram
3156 5327 3430 5396 wdiﬁcabo
3462 5325 3640 5381 Eccle-

2045 5396 2181 5448 sium
2213 5411 2401 5469 meum,
2436 5403 2485 5449 et
2517 5405 2683 5469 portet:
2707 5395 2867 5466 inferi
2889 5395 2992 5453 non
3009 5395 3362 5469 prirvalebunt
3390 5397 3640 5469 adversus

2045 5480 2183 5519 eam.
2216 5465 2375 5535 varie
2416 5472 2599 5521 autem
2650 5465 2890 5535 iactatus
2918 5465 3125 5524 est'hic
3154 5469 3341 5532 locus;
3389 5467 3515 5522 dum
3546 5467 3639 5522 alii

2045 5549 2170 5590 eum
2199 5533 2438 5606 referunt
2459 5537 2524 5590 ad
2553 5533 2784 5606 petram,
2814 5538 2867 5593 id
2896 5544 2999 5602 est,
3048 5539 3271 5595 Petrum
3320 5549 3375 5596 ct
3418 5554 3637 5593 succes-

2047 5620 2199 5662 sores
2220 5603 2335 5679 ejus
2363 5603 2636 5679 Romanos
2657 5608 2978 5677 pontiﬁces;
3011 5610 3101 5665 alii
3158 5608 3227 5665 ad
3275 5627 3319 5679 pr
3345 5619 3482 5664 trum
3509 5649 3525 5673 ,
3587 5607 3640 5679 id

2045 5685 2151 5746 est,
2184 5674 2249 5732 ad
2275 5674 2673 5734 confessionem
2726 5678 2889 5735 Petri.
2929 5680 3101 5735 Fuere
3135 5680 3223 5751 qui
3264 5674 3531 5735 referrent
3570 5676 3640 5733 ad
