4048 6178
306 344 401 401 ll?»

1310 345 1439 401 ue.
1482 346 1852 403 ADVERSUS
1893 321 2131 404 tussit
2167 349 2584 407 GUNDOBADL

2730 194 2768 225 κ

3484 352 3587 409 lii

299 475 436 523 esse,
473 467 531 511 et
556 457 782 513 indutos
805 458 1211 520 maledictione,
1235 457 1382 513 sicut
1399 460 1757 525 vestimento,
1777 475 1898 529 quae
1927 467 1976 525 Α
2002 471 2065 518 et
2090 466 2160 520 ad
2188 466 2399 522 vicinos
2426 470 2777 539 coepiscopos
2815 483 2878 523 ac
2912 416 3106 530 (intres
3152 467 3586 525 cobortationuin

300 554 522 610 Intravit
540 554 688 609 sicut
709 568 854 624 aqua
877 554 932 608 in
960 553 1220 608 interiora
1239 567 1454 617 eorum,
1477 560 1532 607 et
1556 553 1706 606 sicut
1718 551 1898 607 oleum

303 648 353 702 in
380 661 505 703 ossa
525 660 743 713 eorum,
772 646 1093 702 maledictos
1111 661 1329 717 quoque
1352 646 1405 700 in
1431 645 1677 709 civitate,
1706 653 1761 699 et
1786 660 1898 699 ma-

299 737 524 793 ledictos
555 738 611 792 in
635 753 792 809 agro,
824 737 1146 793 maledictos
1188 739 1243 792 in
1285 737 1557 808 ingressu,
1593 744 1650 791 et
1674 736 1898 791 maledi-

300 836 418 883 ctos
436 828 493 882 in
517 842 766 897 egressu,
789 827 1138 883 maledictum
1168 827 1407 883 fructum
1432 827 1640 882 ventris
1661 834 1716 883 et
1738 835 1898 882 terra:

300 926 352 974 et
376 933 637 988 pecorum
678 933 894 983 eorum,
940 918 1227 974 maledicta
1255 932 1447 974 eorum
1484 917 1733 983 cellaria,
1768 917 1898 972 hor-

302 1025 418 1074 rea,
443 1009 761 1078 apothecas,
792 1009 952 1065 cibos
969 1016 1029 1064 et
1066 1009 1309 1080 ipsorum
1341 1008 1590 1063 ciborum
1617 1006 1892 1076 reliquias,

302 1114 404 1154 nec
448 1114 614 1171 posse
659 1100 975 1171 quempiam
1025 1114 1216 1155 eorum
1252 1101 1321 1154 ab
1359 1100 1466 1156 hoc
1519 1106 1631 1152 tam
1670 1099 1894 1154 immani

304 1200 526 1260 tamque
549 1191 799 1246 horribili
840 1191 1124 1248 maledicto
1150 1192 1288 1262 legis
1313 1192 1474 1262 eripi,
1504 1192 1609 1247 nisi
1638 1207 1738 1262 per
1768 1206 1892 1247 eum

301 1284 393 1354 qui
414 1299 519 1353 pro
538 1285 701 1340 nobis
726 1283 904 1339 factus
924 1294 1009 1340 est
1032 1284 1407 1340 maledictum.
1436 1283 1627 1340 Sciens
1648 1284 1813 1341 etiam
1836 1284 1890 1338 in

299 1389 394 1428 eos
419 1375 514 1444 qui
538 1374 999 1444 praedicationem
1027 1375 1380 1445 apostolicam
1402 1375 1598 1431 nolunt
1625 1375 1889 1445 recipere,

302 1480 409 1519 non
449 1464 625 1520 solum
673 1465 823 1521 nullo
848 1480 1038 1521 eorum
1088 1467 1370 1531 utendum,
1412 1466 1507 1522 sed
1531 1474 1588 1522 et
1612 1465 1890 1536 pulverem

299 1556 547 1612 civitatis
571 1558 762 1613 domus
786 1572 977 1613 eorum
1003 1558 1072 1614 de
1098 1559 1332 1629 pedibus
1367 1559 1771 1625 excutiendum,
1804 1574 1892 1615 reo

301 1647 637 1717 missiusque
661 1648 715 1702 in
736 1648 824 1704 die
838 1647 1032 1718 judicii
1052 1649 1305 1705 Sodoma:
1320 1658 1376 1705 et
1402 1649 1723 1706 Gomorrluc
1748 1648 1891 1705 futu-

300 1758 422 1799 rum
451 1758 616 1814 quam
638 1744 766 1811 illis,
793 1761 1052 1816 permane
1079 1755 1135 1802 et
1156 1756 1211 1802 tu
1243 1749 1296 1802 in
1322 1748 1522 1803 divina:
1549 1748 1681 1819 legis
1701 1748 1889 1804 obser-

2004 568 2222 613 tuarum
2247 559 2581 615 munimenta
2605 561 2937 627 transmitte,
2965 568 3029 616 ut
3046 562 3163 630 pari
3188 561 3430 617 omnium
3458 576 3589 618 con-

2001 668 2163 708 sensu
2209 662 2265 708 et
2317 652 2505 707 labore
2558 653 2859 707 rommunl’
2891 661 3102 707 tantum
3146 654 3251 708 hoc
3281 653 3483 707 malum
3522 654 3589 708 de

2000 745 2202 801 Christi
2251 744 2511 800 Ecclesiis
2551 742 2851 798 auferatur.
2894 742 3220 812 lmpleamus
3246 742 3433 798 Matris
3479 741 3586 797 Ec-

1998 834 2179 890 clesiae
2204 835 2479 905 gaudium,
2527 850 2694 888 unum
2724 848 2915 889 omnes
2954 833 3197 887 dicentes
3220 876 3236 900 ,
3285 846 3453 887 unum
3500 847 3587 888 sa—

2000 929 2234 999 pientes,
2288 944 2455 982 unum
2488 928 2805 992 sentientes,
2859 927 2913 981 id
2941 934 3044 992 est,
3077 934 3353 981 certamen
3381 925 3587 982 haben-

1999 1027 2084 1072 tes
2109 1057 2122 1083 ,
2161 1018 2286 1087 quia
2340 1026 2395 1071 et
2439 1017 2543 1072 hoc
2598 1003 2973 1087 benignissimi
3006 1014 3384 1086 Redemptoris
3413 1014 3585 1070 nostri
3634 1036 3637 1039 η

1998 1109 2327 1163 desiderium
2369 1123 2491 1163 esse
2527 1108 2948 1178 cognoscimus;
2990 1105 3287 1162 secundum
3315 1105 3459 1176 quod
3485 1121 3585 1177 pro

1997 1202 2154 1258 nobis
2188 1201 2406 1256 Patrem
2456 1200 2574 1270 ipse
2603 1208 2880 1269 precatur,
2936 1199 3126 1254 dicens
3174 1214 3189 1250 :
3229 1195 3357 1251 Non
3382 1212 3481 1266 pro
3505 1195 3588 1249 Itis

1946 1334 1949 1337 λ
1994 1304 2171 1349 autem
2200 1310 2323 1364 rogo
2373 1301 2597 1356 tantum,
2646 1291 2736 1345 sed
2784 1300 2831 1345 et
2871 1306 2967 1361 pro
3010 1288 3252 1343 omnibus
3285 1287 3377 1357 qui
3404 1285 3581 1340 credio

1995 1385 2102 1438 turi
2125 1393 2243 1437 sunt
2265 1399 2357 1452 per
2384 1381 2594 1436 verbum
2631 1397 2816 1435 eorum
2868 1381 2923 1433 in
2965 1394 3049 1433 me
3074 1418 3091 1443 ,
3129 1386 3186 1431 ut
3213 1391 3391 1431 omnes
3423 1390 3585 1430 unum

1993 1475 2098 1528 sint
2121 1514 2135 1538 ,
2182 1475 2329 1527 sicut
2365 1481 2423 1525 tu
2468 1452 2633 1525 Pater
2661 1471 2716 1525 in
2747 1487 2855 1534 me,
2885 1479 2932 1524 et
2965 1485 3057 1539 ego
3092 1468 3149 1521 in
3192 1475 3240 1519 te
3265 1506 3282 1532 ,
3324 1474 3380 1519 ut
3413 1475 3462 1520 et
3487 1466 3585 1536 ipsi

1992 1564 2050 1616 in
2070 1561 2217 1617 nobis
2252 1576 2414 1614 unum
2443 1560 2569 1615 sint.
2621 1559 2794 1614 Tanta
2841 1572 2969 1612 vero
2997 1555 3153 1611 nobis
3187 1564 3273 1610 est
3323 1555 3392 1610 de
3430 1562 3588 1625 parte

1992 1663 2177 1709 vestra
2202 1652 2423 1719 ﬁducia,
2452 1652 2833 1707 utcredamus
2851 1665 2987 1720 opus
3022 1649 3127 1704 hoc
3150 1647 3233 1703 vel
3266 1653 3467 1702 conatu
3494 1660 3589 1699 ve-

1991 1754 2108 1800 stro
2135 1752 2425 1808 staturum,
2456 1743 2542 1798 vel
2571 1752 2753 1797 vestra
2774 1783 2788 1805 ,
2831 1740 2977 1810 quod
3025 1739 3172 1795 absit
3197 1780 3211 1802 ,
3266 1737 3588 1794 remissione

300 1836 506 1901 vantia,
542 1838 771 1907 persiste
821 1838 875 1891 in
915 1838 1192 1892 canonicis
1228 1838 1524 1903 institutis,
1585 1847 1711 1894 tene
1756 1854 1894 1908 quos
1923 1849 1968 1908 Β
1996 1836 2295 1906 lapsurum.
2356 1834 2501 1890 Deus
2562 1842 2743 1889 autem
2801 1831 3077 1904 patientia:
3135 1837 3190 1885 et
3250 1828 3430 1885 solatii
3492 1826 3586 1884 det

296 1937 471 1998 potes,
504 1938 653 1985 terre
673 1944 811 1998 quos
831 1938 1005 1999 potes,
1021 1929 1132 1984 noli
1151 1929 1355 1995 dicere,
1376 1945 1476 1985 nec
1492 1930 1891 2000 sinatisqnem-

295 2034 461 2091 quam
483 2018 724 2074 fidelium
743 2020 913 2075 tantis
932 2019 1409 2076 maledictionibus
1431 2029 1650 2091 tamque
1672 2021 1895 2075 horrend

296 2108 380 2162 dis
404 2108 847 2165 damnationibus
878 2125 978 2179 per
1002 2110 1413 2167 maledictorum
1461 2119 1518 2165 et
1564 2110 1893 2167 condemna-

295 2209 475 2255 torum
518 2200 744 2272 profana
771 2204 1043 2259 consortia
1070 2203 1495 2260 communicare.
1528 2204 1667 2273 Quin
1705 2205 1891 2275 potius

1994 1928 2149 1983 nobis
2188 1928 2423 1997 idipsum
2481 1940 2675 1997 sapese
2729 1926 2787 1980 in
2838 1924 3162 1980 alterutrum
3202 1963 3218 1988 ,
3285 1920 3583 1977 secundum

1992 2019 2179 2076 Jesum
2227 2018 2505 2074 Christum
2538 2059 2553 2081 ,
2634 2025 2694 2071 nt
2745 2016 3031 2071 unanimes
3087 2028 3198 2068 uno
3256 2027 3354 2068 ore
3413 2012 3584 2068 hono-

1994 2112 2271 2167 riﬁcemus
2300 2110 2470 2165 Deum
2493 2120 2549 2165 et
2576 2110 2793 2164 Patrem
2828 2106 3040 2162 Domini
3071 2105 3242 2160 nostri
3272 2102 3401 2160 Iesu
3426 2101 3584 2159 Chri-

1995 2204 2086 2259 sti.
2116 2203 2305 2258 Amen.

1656 2316 1936 2373 BALUZII
1974 2315 2209 2372 NOTAE.

291 2408 618 2481 Ecclesiam,
654 2425 814 2480 quam
844 2409 1093 2466 Christus
1143 2410 1386 2466 fundavit
1431 2426 1594 2481 super
1644 2418 1880 2480 petram,

290 2480 478 2562 idest,
506 2494 669 2562 super
680 2495 748 2562 se
765 2482 961 2562 ipsum.
994 2481 1169 2562 Petra
1195 2483 1339 2562 enim
1360 2489 1478 2562 erat
1498 2480 1784 2562 Christus,
1805 2486 1885 2560 .ut

288 2550 368 2623 ait
384 2549 547 2623 divus
567 2548 764 2623 Paulus
788 2548 857 2623 in
872 2566 995 2621 cap.
1017 2567 1053 2607 ι
1074 2553 1329 2623 Epistolas
1366 2553 1557 2623 prima:
1578 2550 1648 2606 ad
1693 2548 1885 2623 corin-

288 2619 452 2692 thios.
477 2620 588 2692 Sed
612 2619 1064 2692 Agobardusinon
1090 2619 1385 2678 dubitabat
1417 2623 1547 2692 quin
1594 2619 1884 2690 promissio

286 2687 493 2744 Christi
519 2687 809 2759 respiceret
836 2691 1157 2758 Ecclesiam,
1208 2687 1471 2748 adversus
1505 2687 1669 2763 quam
1712 2697 1884 2761 porta:

1985 2406 2144 2481 inferi
2173 2423 2279 2463 non
2300 2405 2687 2481 pr:nvalcb_unt.
2715 2400 3446 2481 Quam-interpretationem
3464 2413 3582 2481 ain:

1985 2479 2176 2548 plexos
2193 2469 2409 2548 quoque
2437 2469 2781 2548 estloannes
2807 2474 2928 2529 XXI
2948 2474 3001 2528 in
3023 2469 3251 2548 epistola
3283 2469 3486 2538 scripta
3511 2469 3581 2522 ad

1984 2541 2245 2604 Iacobum
2272 2541 2453 2616 regem
2492 2545 2891 2619 Majoricarum,
2908 2558 3046 2619 _qua:
3068 2541 3285 2619 anpbis
3318 2553 3461 2619 anno
3484 2552 3578 2592 su-

1986 2619 2201 2689 periore
2229 2609 2375 2673 edit'a
2395 2625 2476 2672 est
2491 2609 2615 2686 post
2632 2623 2788 2671 notas
2810 2615 2880 2669 ad
2908 2609 3117 2682 Lupum
3140 2609 3570 2666 Ferrariensem.

303 2800 3557 2829 W

610 2921 914 3049 LIBER
995 2922 1444 3049 EIUSDEM
1528 2920 1663 3048 ΑΙ)
1749 2920 1882 3048 PB

1988 2920 2340 3046 FATUM
2424 2913 3177 3045 IMPERATOREM
3221 2997 3252 3055 ι

289 3148 705 3213 ADVERSUS
758 3151 1031 3212 LEGEM
1073 3148 1545 3212 GUNDOBADI
1584 3200 1599 3224 ,
1620 3148 1724 3209 ET
1754 3147 1984 3209 IMPIA
2015 3146 2484 3210 CERTAMINA
2516 3144 2701 3220 QUAS
2730 3145 2880 3208 PER
2909 3141 3085 3206 EAM
3116 3141 3572 3206 GERUNTUR.

357 3375 403 3431 Ι.
453 3376 692 3433 Obsecro
737 3373 1233 3444 imperturbabilem
1277 3374 1742 3430 mansuetudinem
1786 3389 1879 3429 vc-

289 3480 482 3534 ltram,
509 3476 568 3523 et
597 3466 1099 3537 tranquillissimam
1129 3465 1494 3536 prudentiam,
1525 3465 1743 3522 domine
1771 3466 1875 3520 im-

1984 3375 2115 3429 nino
2135 3388 2203 3429 ex
2230 3373 2465 3429 diversis
2492 3373 2762 3443 gentibus,
2792 3373 3022 3429 diversis
3044 3371 3463 3439 conditionibus,
3492 3371 3578 3427 di-

1983 3481 2143 3521 verso
2180 3479 2339 3531 sexti,
2372 3464 2676 3530 nobilitate,
2710 3464 3015 3530 honestate,
3045 3463 3308 3521 servitute
3335 3463 3572 3527 diversa,

284 3572 510 3633 per-ator
536 3560 959 3633 benignissime,
990 3568 1049 3613 nt
1084 3560 1185 3615 has
1217 3574 1355 3630 quas
1390 3557 1561 3615 offero
1598 3559 1882 3630 paginulas
1909 3556 1953 3618 C
1985 3558 2146 3613 simul
2169 3558 2354 3613 dicant
2374 3558 2468 3612 uni
2494 3557 2610 3613 Deo
2629 3565 2686 3613 et
2714 3556 2864 3613 Patri
2884 3557 3128 3613 omnium
3154 3575 3168 3611 :
3191 3555 3356 3612 Pater
3376 3566 3569 3619 noster,

288 3653 703 3725 infatigabiliter
747 3651 927 3722 legere
965 3665 1071 3705 non
1108 3649 1504 3721 dedigncmini,
1550 3650 1603 3703 in
1638 3657 1882 3705 contem-

286 3746 580 3815 plationem
608 3758 838 3799 summa:
857 3750 915 3796 et
938 3740 1396 3796 incommutabilis
1421 3740 1567 3796 illius
1595 3741 1879 3806 Veritatis,

285 3848 409 3904 quae
438 3839 525 3887 est
552 3832 808 3888 Christus
841 3831 1102 3886 Dominus
1125 3838 1340 3895 noster;
1369 3830 1436 3886 dc
1461 3830 1614 3901 cujus
1636 3832 1797 3888 dictis
1825 3840 1880 3886 et

284 3922 495 3995 legibus
522 3924 642 3977 hac
669 3929 883 3991 sumpta
911 3921 1311 3990 sunt,‘quique
1353 3927 1603 3977 amanter
1643 3929 1699 3975 et
1740 3921 1880 3992 vigi-

284 4012 461 4068 lanter
482 4021 733 4068 vestram
774 4012 1013 4083 protegit
1051 4019 1109 4066 et
1145 4009 1301 4080 juvat
1344 4011 1653 4081 imperium.
1690 4009 1878 4080 Neque

282 4101 685 4174 pradicandam
706 4101 1157 4171 tranquillitatem
1183 4109 1423 4155 vestram
1447 4098 1707 4166 otl‘endat,
1731 4100 1876 4171 quod

281 4196 543 4250 minimus
588 4193 837 4251 omnium
895 4192 1267 4249 cxcellentiori
1312 4191 1593 4247 hominum
1641 4190 1876 4248 hzec‘le»

277 4288 453 4359 get-da
481 4294 798 4359 prasentat.
826 4285 1012 4356 Neque
1033 4285 1178 4341 enim
1198 4293 1283 4340 est
1309 4284 1452 4340 aliud
1480 4285 1584 4340 nisi
1607 4285 1753 4355 quod
1779 4298 1876 4341 vos

275 4381 484 4451 optime
515 4386 573 4433 et
599 4379 887 4434 sublimius
913 4380 1103 4434 nostis.

1980 3649 2146 3719 quies
2171 3649 2225 3702 in
2251 3649 2413 3714 cretis,
2436 3648 2794 3719 sanctiﬁcetur
2819 3665 3004 3705 nomen
3025 3659 3212 3714 tuum;
3240 3649 3383 3705 sicut
3404 3663 3589 3703 unum

1984 3738 2201 3794 Patrem
2232 3740 2579 3804 invocantes,
2615 3740 2693 3795 ita
2716 3755 2882 3794 unam
2910 3739 3396 3797 sanctiﬁcationem
3425 3753 3571 3808 qum-

1982 3837 2186 3893 rentes,
2214 3845 2381 3885 unum
2410 3844 2636 3901 regnum
2661 3830 3023 3900 postulantes,
3046 3843 3211 3884 unam
3232 3828 3570 3900 adtmpletio-

1983 3935 2105 3974 ncm
2147 3921 2442 3975 voluntatis
2488 3919 2635 3989 eius,
2681 3921 2822 3975 sicut
2868 3920 2930 3991 fit
2965 3920 3022 3974 in
3060 3918 3233 3984 coelo,
3276 3928 3567 3989 optantes;

1982 4025 2149 4064 unum
2184 4009 2289 4066 sibi
2328 4025 2523 4081 panem
2568 4011 2945 4080 quotidianum
2990 4008 3109 4065 dari
3144 4018 3466 4080 precantes,
3515 4022 3569 4067 et

1981 4102 2232 4157 omnibus
2260 4102 2460 4157 dimitti
2487 4101 2690 4157 debita.
2722 4101 2908 4173 Neque
2929 4100 3077 4158 enim
3115 4114 3444 4172 quemquam
3468 4100 3569 4156 de—

1982 4207 2109 4247 cere
2136 4200 2429 4263 potuerunt
2454 4192 2700 4265 magistri
2743 4192 2964 4259 mundi,
3002 4191 3096 4247 lux
3138 4190 3361 4260 mundi,
3390 4193 3569 4249 sancti

1982 4285 2243 4353 apostoli,
2272 4286 2486 4341 Dimitte
2523 4285 2653 4340 mihi
2685 4284 2857 4340 debita
2882 4301 2996 4339 mea
3014 4324 3031 4349 ,
3065 4292 3178 4351 aut,
3210 4294 3263 4340 et
3289 4302 3354 4341 ne
3376 4302 3458 4341 me
3485 4286 3567 4342 im

1980 4378 2146 4433 ducas
2193 4381 2250 4433 in
2296 4380 2667 4445 tentationem,
2708 4378 2800 4433 sed
2838 4377 3003 4433 libera
3048 4392 3130 4432 me
3174 4395 3207 4431 α
3247 4378 3426 4442 male;
3460 4380 3567 4437 aud

344 4468 415 4525 ll.
457 4469 633 4534 Dens,
672 4468 769 4524 Dei
808 4468 1008 4535 Filius,
1050 4470 1216 4525 homo
1258 4477 1482 4540 propter
1507 4470 1757 4526 homines
1795 4469 1873 4525 fa-
1900 4465 1952 4525 D
1978 4485 2145 4524 unum
2170 4483 2269 4539 pro
2292 4469 2569 4534 omnibus,
2599 4478 2657 4524 et
2676 4483 2868 4524 omnes
2902 4483 3004 4539 pro
3039 4467 3270 4539 singulis
3302 4446 3560 4529 clamare.

273 4568 423 4625 ctus,
452 4559 599 4614 viam
630 4560 826 4615 salutis
850 4560 1250 4628 demonstrans,
1280 4571 1336 4617 et
1370 4561 1559 4619 electis
1595 4563 1875 4634 discipulis

273 4650 657 4722 magisterium
685 4648 813 4704 vita:
839 4653 1258 4717 commendans,
1297 4667 1625 4708 ascensurus
1662 4654 1731 4708 ad
1769 4667 1875 4708 coe‘

270 4740 376 4806 los,
411 4742 490 4796 ait
518 4740 628 4796 illis
660 4760 675 4795 ;
706 4740 909 4796 Euates
936 4743 990 4796 in
1027 4743 1279 4798 mundum
1313 4746 1609 4799 universum
1628 4786 1643 4810 ,
1683 4746 1877 4816 ρηταί-

270 4841 387 4885 cale
431 4830 777 4902 Euangelium
820 4834 963 4886 omni
1017 4843 1294 4888 creatum.
1342 4834 1447 4900 Qui
1486 4834 1768 4889 crediderit
1824 4844 1872 4889 et

271 4922 575 4991 baptizatus
603 4920 789 4991 fuerit,
823 4921 999 4977 salvus
1026 4925 1145 4977 erit.
1181 4924 1249 4977 Et
1278 4924 1478 4980 iterum
1505 4942 1520 4977 :
1552 4924 1664 4988 Ite,
1696 4924 1874 4979 docete

270 5030 457 5067 eam
477 5022 651 5085 gentes
672 5055 688 5080 ,
730 5015 1055 5085 baptizantes
1088 5032 1176 5070 eos
1212 5016 1270 5070 in
1310 5018 1518 5070 nomine
1569 5015 1751 5071 Patris
1777 5057 1791 5081 ,
1822 5025 1873 5071 et

270 5101 319 5155 1”
324 5103 433 5167 ilii,
463 5114 512 5158 et
547 5102 781 5175 Spiritus
810 5107 1013 5170 sancti,
1054 5106 1297 5160 docentes
1335 5123 1422 5160 eos
1460 5124 1666 5162 servare
1695 5110 1871 5163 omnia

268 5213 600 5267 montique
625 5197 875 5252 mandavi
905 5198 1066 5254 vobis.
1095 5198 1186 5253 Illi
1215 5208 1388 5254 autem
1417 5198 1656 5269 profecti,
1679 5201 1871 5270 μναιάί-

267 5298 525 5342 cauerunt
559 5289 751 5360 ubique
785 5289 1014 5344 Domino
1055 5300 1403 5362 cooperante;
1442 5293 1871 5363 annuntiataque

268 5388 357 5432 est
383 5379 455 5433 ab
480 5381 565 5434 eis
594 5381 747 5435 omni
782 5389 1049 5437 creaturae
1071 5423 1085 5445 ,
1122 5382 1176 5436 id
1209 5384 1295 5436 est
1318 5383 1529 5438 cunctis
1557 5384 1870 5440 nationibus

268 5475 484 5538 nandi,
522 5491 631 5530 una
658 5474 797 5532 fides
818 5477 989 5532 indita
1022 5492 1118 5547 per
1152 5477 1320 5532 Deum
1341 5518 1356 5541 ,
1382 5492 1488 5532 una
1515 5491 1640 5547 spes
1674 5477 1867 5532 dill‘usa

264 5580 369 5632 per
400 5562 665 5636 Spiritum
705 5577 953 5622 sanctum
988 5568 1040 5622 in
1071 5567 1324 5624 cordibus
1365 5566 1722 5635 credentium,
1759 5585 1866 5624 una

265 5657 518 5717 (inritas
546 5666 672 5714 nata
719 5660 774 5713 in
821 5660 1071 5715 omnibus
1091 5701 1105 5723 ,
1141 5676 1247 5715 una
1276 5659 1544 5725 voluntas,
1574 5676 1864 5716 accensum

268 5761 445 5799 atatim
471 5748 825 5815 desiderium,
857 5751 1052 5805 tradita
1081 5766 1186 5806 una
1213 5751 1422 5815 oratio;
1452 5758 1511 5805 ut
1536 5765 1723 5809 omnes
1751 5768 1866 5809 om-

1977 4559 2022 4616 0
2059 4559 2297 4616 caelestis
2335 4557 2650 4614 fraternitas
2672 4599 2687 4624 ,
2726 4573 2760 4614 ο
2796 4559 3125 4629 sempiterna
3162 4559 3487 4625 concordia,
3529 4576 3564 4614 ο

1975 4648 2288 4707 insecabilis
2312 4650 2516 4716 unitas,
2539 4650 2609 4705 ab
2632 4663 2740 4704 uno
2761 4659 2985 4704 auctore
3011 4649 3277 4714 derivata,
3305 4648 3375 4705 ad
3395 4666 3563 4707 unum

1977 4754 2157 4795 rerum
2188 4740 2429 4795 omnium
2462 4738 2650 4808 relata,
2684 4755 2783 4811 per
2808 4756 2973 4811 quam
3008 4740 3265 4796 laetantur
3286 4740 3435 4809 celi,
3467 4759 3564 4799 cx-

1974 4831 2144 4887 snltat
2169 4841 2334 4898 terra,
2367 4842 2616 4887 movetur
2642 4847 2823 4900 mare,
2855 4842 2911 4890 et
2944 4833 3223 4906 plenitudo
3249 4831 3399 4904 ejus,
3430 4851 3563 4908 gau-

1973 4925 2106 4980 dent
2128 4926 2326 4995 campi,
2354 4935 2410 4981 et
2447 4926 2630 4982 omnia
2665 4942 2787 4997 quae
2822 4928 2877 4983 in
2916 4928 2999 4984 eis
3033 4934 3182 4994 sunt,
3212 4940 3403 4983 omnes
3431 4943 3563 4998 gen~

1974 5023 2056 5070 tes
2073 5015 2337 5085 plaudunt
2360 5016 2631 5085 manibus,
2661 5016 2898 5088 jubilant
2935 5018 3049 5075 Deo
3082 5019 3136 5075 in
3162 5032 3296 5074 voce
3321 5018 3561 5075 exsulta-

1973 5107 2163 5162 tionis!
2647 5109 2654 5117 ’

2040 5199 2125 5254 lll.
2179 5200 2248 5253 Et
2291 5215 2453 5269 quam
2501 5201 2775 5265 decenter,
2824 5201 3080 5271 quoniam
3124 5214 3313 5256 omnes
3359 5199 3559 5259 fratres

1969 5293 2167 5359 effecti,
2201 5309 2369 5349 unum
2405 5294 2623 5351 Patrem
2657 5295 2827 5350 Deum
2854 5294 3129 5359 invocant,
3162 5307 3351 5351 servus
3374 5302 3432 5351 et
3456 5296 3556 5353 dca-

1969 5386 2151 5442 minus
2170 5427 2186 5451 ,
2217 5402 2424 5457 pauper
2450 5394 2505 5442 et
2531 5386 2702 5451 dives,
2731 5384 2982 5440 indoctus
3018 5395 3075 5441 et
3100 5384 3364 5453 eruditus,
3394 5385 3552 5443 infir-

1970 5491 2090 5529 mus
2120 5486 2175 5530 et
2208 5474 2393 5542 fortis,
2427 5476 2645 5532 humilis
2674 5482 2928 5545 operator
2953 5482 3013 5530 et
3036 5474 3284 5531 sublimis
3318 5476 3556 5547 impera-

1971 5578 2074 5623 tor.
2107 5568 2228 5623 Jam
2270 5585 2429 5624 nemo
2470 5569 2634 5623 alium
2674 5565 3014 5639 dedignatur,
3046 5583 3205 5624 nemo
3232 5567 3335 5625 sub
3357 5568 3465 5627 alio
3494 5584 3557 5627 se

1970 5660 2221 5731 despicit,
2251 5676 2412 5719 nemo
2437 5675 2599 5730 super
2619 5659 2782 5716 alium
2803 5659 3098 5717 extollitur.
3125 5658 3392 5729 Quoniam
3413 5675 3555 5718 unus

1969 5756 2142 5825 panis,
2184 5770 2350 5810 unum
2389 5768 2582 5822 corpus
2611 5752 2845 5821 Christi,
2877 5755 2986 5813 imo
3022 5770 3164 5811 unus
3189 5752 3438 5813 Christus
3466 5767 3553 5809 σο-
