4048 6178
468 378 573 437 115

1458 386 1515 443 s.
1557 383 1904 442 AGOBABDI
1935 350 2249 441 ὶίριεοορι
2287 382 2770 442 LUGDUNENSIS

3628 387 3727 442 ll6

463 494 1031 568 cundumApostolum
1047 514 1267 562 sumus;
1291 498 1656 568 esspoliantes
1687 513 1788 554 nos
1800 504 2043 552 veterem
2070 504 2122 561 Α
2148 495 2340 548 unitati
2362 495 2564 563 aliquid
2585 495 2818 550 obsistat
2833 503 2980 549 tanta
3001 496 3290 553 diversitas
3311 499 3512 570 legum,
3527 516 3728 573 quanta

465 584 737 641 hominem
760 601 885 642 cum
907 588 1121 644 actibus
1140 587 1279 657 eius,
1298 599 1356 645 et
1376 590 1658 645 induentes
1678 604 1899 653 novum,
1918 603 2041 643 eum

461 677 553 744 qui
601 686 896 733 renovatur
938 678 995 734 in
1045 682 1378 752 agnitionem
1420 683 1715 738 secundum
1753 682 2044 751 imaginem

462 763 578 827 ejus
619 766 710 833 qui
751 770 963 824 creavit
1001 784 1160 838 eum;
1201 773 1292 829 ubi
1342 788 1448 829 non
1494 781 1581 829 est
1612 771 1828 844 gentilis
1867 780 1921 825 et
1958 770 2046 826 Ju-

461 857 631 923 dmus,
657 858 1003 918 circumcisio
1028 871 1085 920 et
1116 866 1470 936 praiputium,
1511 865 1782 920 Barbarus
1819 874 1878 919 et
1915 862 2047 934 Scy—

463 948 578 1015 tha,
606 961 634 990 ι
663 946 968 1020 Aquitanus
997 962 1053 1009 et
1073 954 1483 1026 Langobardos,
1508 955 1820 1026 Burgundio
1839 963 1897 1009 et
1922 954 2045 1008 Ala—

461 1055 711 1105 manuus,
748 1056 940 1098 servus
974 1050 1031 1098 et
1065 1043 1231 1110 liber;
1272 1046 1367 1100 sed
1393 1045 1577 1100 omnia
1613 1052 1669 1100 et
1701 1046 1756 1099 in
1790 1044 2043 1099 omnibus

459 1131 728 1188 Christus.
771 1132 964 1189 Omnia
1005 1135 1153 1189 enim
1190 1135 1404 1190 illorum
1452 1144 1612 1201 sunt,
1655 1135 1774 1189 sive
1821 1133 2038 1198 Paulus,

458 1224 574 1278 sive
592 1223 802 1295 Apollo,
825 1226 941 1280 sive
960 1223 1195 1296 Cephas,
1219 1226 1336 1282 sive
1358 1226 1611 1291 mundus,
1634 1226 1747 1281 sive
1767 1226 1898 1291 vita,
1927 1225 2043 1280 sive

459 1328 625 1378 mors,
653 1314 771 1369 sive
792 1316 1083 1384 priesentia
1103 1357 1118 1382 ,
1147 1317 1263 1372 sive
1297 1316 1500 1373 futura.
1531 1315 1722 1371 Omnia
1756 1317 1893 1370 enim
1914 1357 1930 1382 ,
1961 1316 2043 1370 di-

455 1404 599 1459 citur
625 1404 764 1471 illis,
799 1414 970 1461 vestra
1003 1416 1158 1473 sunt,
1198 1424 1284 1463 uos
1317 1416 1494 1463 autem
1529 1405 1758 1473 Christi,
1802 1405 2041 1461 Christus

456 1507 630 1552 autem
663 1497 777 1553 Dei.
817 1498 885 1554 Et
905 1500 1145 1555 iterum:
1180 1498 1327 1556 Sicut
1351 1502 1491 1555 enim
1519 1516 1706 1570 corpus
1743 1514 1904 1553 unum
1941 1507 2040 1562 est,

454 1600 504 1644 et
532 1590 767 1645 membra
791 1592 946 1646 habet
970 1591 1160 1660 multa,
1188 1592 1364 1648 omnia
1390 1602 1567 1647 autem
1601 1591 1828 1646 membra
1854 1606 2039 1661 corpo-

456 1683 528 1735 ris
554 1698 672 1736 cum
706 1683 810 1737 sint
837 1683 1023 1750 multa,
1069 1701 1234 1739 unum
1270 1700 1458 1756 corpus
1489 1693 1647 1749 sunt;
1685 1684 1759 1737 ita
1796 1692 1843 1736 et
1883 1680 2039 1736 Chri-

455 1784 587 1828 stus.
616 1773 826 1829 Etenim
850 1775 907 1829 in
932 1792 1036 1830 uno
1059 1777 1250 1847 spiritu
1271 1792 1449 1830 omnes
1471 1791 1564 1830 nos
1590 1775 1647 1829 in
1669 1790 1831 1829 unum
1852 1790 2041 1844 corpus

2145 601 2253 640 non
2277 586 2451 641 solum
2480 586 2536 640 in
2563 585 2793 655 singulis
2819 586 3133 657 regionibus
3159 597 3254 643 aut
3276 591 3604 659 civitatibus,
3632 596 3730 651 sed

2142 675 2306 728 etiam
2348 677 2402 729 in
2446 674 2632 730 multis
2673 675 2923 731 domibus
2959 676 3206 747 habetur.
3248 677 3383 733 Nam
3412 678 3731 754 plerumque

2140 766 2405 837 contingit
2427 774 2488 820 ut
2506 766 2667 822 simul
2690 775 2820 822 eant
2836 775 2934 821 aut
2953 767 3178 823 sedeant
3196 769 3440 840 quinque
3456 771 3733 841 homines,

2140 865 2197 910 et
2236 857 2413 911 nullus
2452 873 2660 913 eorum
2686 873 3032 915 communem
3074 859 3247 931 legent
3284 876 3409 916 cum
3441 863 3613 919 altero
3638 864 3730 919 ha-

2143 944 2269 998 heat
2293 947 2534 1002 exterius
2563 949 2618 1002 in
2659 948 2824 1004 rebus
2851 948 3214 1014 transitoriis,
3238 965 3363 1005 eum
3401 950 3631 1009 interius
3671 954 3730 1009 in

2143 1033 2306 1090 rebus
2325 1037 2655 1104 perennibus
2678 1053 2786 1091 una
2815 1036 3019 1094 Christi
3045 1037 3166 1109 lege
3192 1047 3496 1096 teneantur.
3518 1041 3730 1099 Etcum

2144 1124 2285 1181 forte
2322 1125 2590 1197 contingit
2627 1137 2689 1183 ut
2725 1143 2916 1185 omnes
2960 1130 3074 1184 sint
3106 1130 3375 1185 veraciter
3408 1129 3728 1199 Christiani,

2143 1217 2269 1273 fidei
2299 1218 2582 1275 veritatem
2608 1228 2887 1286 amantes,
2921 1229 2978 1276 et
3002 1221 3238 1276 invicem
3272 1222 3412 1287 sibi,
3441 1230 3501 1277 ut
3520 1224 3725 1280 charis-

2141 1311 2267 1366 siini
2297 1310 2514 1379 fratres,
2546 1312 2806 1378 credant;
2838 1320 2894 1367 et
2923 1327 3085 1368 nemo
3109 1312 3334 1368 alterius
3359 1313 3730 1370 testimonium
3839 1336 3847 1347 ·

2142 1412 2534 1472 ερειιηθι,ιουω
2564 1418 2626 1459 se
2651 1403 2810 1459 bonis
2841 1402 3208 1459 locationibus
3242 1404 3538 1470 aediﬁcant;
3566 1408 3611 1461 si
3638 1380 3758 1468 sua"

2142 1494 2257 1550 bito
2283 1495 2573 1566 contigerit
2599 1495 2758 1551 alicui
2785 1512 2853 1552 ex
2885 1497 3018 1567 ipsis
3051 1497 3374 1567 disceptatio
3399 1499 3452 1553 in
3484 1486 3767 1567 judiciis,i,

2142 1585 2349 1640 nullum
2374 1588 2574 1655 poterit
2598 1587 2802 1643 habere
2825 1594 3022 1643 testem
3051 1590 3120 1644 de
3138 1589 3252 1645 suis
3279 1590 3614 1646 cbarissimis
3643 1608 3729 1648 so-

2142 1677 2276 1742 ciis,
2312 1693 2440 1733 cum
2485 1679 2683 1748 quibus
2718 1680 2881 1735 simul
2917 1680 3299 1752 gradiebatur;
3341 1698 3409 1739 eo
3440 1685 3583 1753 quod
3620 1701 3750 1748 non;

2140 1772 2440 1843 recipiatur
2482 1774 2853 1830 testimonium
2897 1774 3130 1845 alicujus
3167 1790 3330 1847 super
3372 1778 3399 1816 δ
3442 1776 3731 1834 Gundeba-

455 1866 706 1935 beptizati
740 1882 945 1933 sumus,
971 1866 1079 1922 siue
1107 1865 1306 1933 Iudici,
1342 1867 1448 1922 sive
1474 1866 1713 1937 gentiles,
1744 1868 1850 1921 sive
1885 1868 2037 1932 servi,
2069 1857 2116 1916 Β
2142 1863 2294 1929 dum,
2322 1874 2379 1920 et
2397 1873 2594 1920 caetera
2621 1865 2837 1921 similia.

456 1958 559 2011 sive
580 1956 764 2024 liberi,
800 1965 850 2012 et
878 1974 987 2013 uno
1009 1959 1200 2029 spiritu
1233 1974 1410 2013 omnes
1434 1957 1600 2028 potati
1628 1972 1833 2012 sumus.
1872 1956 1940 2011 Et
1974 1971 2041 2012 ne

455 2036 748 2105 inﬁdeliter
770 2050 967 2121 aliquis
994 2065 1118 2107 cum
1144 2050 1590 2122 perpaucissimis
1612 2065 1673 2106 se
1688 2057 1917 2121 putaret
1934 2064 2042 2106 uno

455 2138 646 2207 spiritu
673 2147 938 2210 putatum,
970 2141 1104 2196 dicit
1133 2160 1146 2195 :
1178 2140 1245 2195 Et
1275 2157 1424 2196 nemo
1445 2150 1611 2212 potest
1640 2141 1836 2207 dicere,
1859 2141 2043 2196 Domi—

456 2245 554 2283 nus
599 2226 791 2296 Iesus,
836 2229 937 2285 nisi
987 2230 1044 2285 in
1084 2228 1286 2301 Spiritu
1331 2239 1534 2285 sancto.
1571 2230 1875 2287 Divisiones
1911 2247 2042 2287 vero

455 2319 752 2389 gratiarum
778 2329 924 2385 sunt,
956 2330 1119 2391 atque
1146 2319 1543 2390 operationum.
1565 2318 1711 2376 Idem
1737 2329 1916 2375 autem
1937 2320 2059 2383 Do:

457 2409 672 2476 minus,
701 2417 758 2465 et
793 2410 936 2466 idem
968 2409 1142 2476 Deus,
1171 2411 1265 2481 qui
1293 2420 1552 2480 operatur
1572 2412 1754 2466 omnia
1784 2412 1842 2466 in
1867 2413 2043 2467 omni-

374 2500 389 2515 ’
455 2502 580 2566 bus,
626 2508 792 2571 atque
825 2500 967 2556 idem
1017 2500 1272 2572 Spiritus,
1322 2502 1572 2557 dividens
1615 2502 1842 2573 singulis
1883 2510 2045 2572 prout

456 2592 587 2646 vult.
633 2589 821 2647 Nullus
849 2604 978 2664 ergo
1018 2592 1211 2646 horum
1248 2599 1333 2646 est
1358 2592 1555 2661 hospes
1583 2601 1638 2647 et
1680 2593 1917 2659 advena;
1949 2594 2044 2649 sed

456 2688 583 2735 sunt
613 2680 747 2735 cives
782 2688 1083 2733 sanctorum
1114 2688 1164 2735 et
1190 2679 1462 2734 domestici
1495 2679 1610 2746 Dei,
1640 2681 2043 2751 superrediﬁcati

455 2789 613 2843 super
641 2771 1042 2842 fundamentum
1062 2770 1419 2842 apostolorum
1445 2782 1492 2825 et
1515 2772 1906 2843 prophetarum,
1932 2772 2043 2843 ipso

457 2882 659 2920 summo
703 2863 951 2936 angulari
1000 2862 1176 2932 lapide
1208 2860 1416 2917 Christo
1444 2862 1597 2927 Iesu,
1637 2864 1693 2917 in
1733 2880 1836 2934 quo
1875 2865 2044 2917 omnis

458 2954 742 3024 wdiﬁcatio
781 2960 1085 3009 constructa
1121 2955 1306 3009 crescit
1346 2953 1400 3008 in
1434 2953 1683 3025 templum
1712 2962 1952 3010 sanctum
1982 2956 2045 3008 ‘in

460 3044 723 3110 Domino;
752 3042 806 3099 cl
834 3043 924 3113 qui
954 3049 1113 3098 erant
1133 3044 1306 3115 longe,
1342 3043 1472 3099 facti
1502 3053 1628 3100 sunt
1653 3058 1817 3114 prOpe
1848 3046 1900 3098 in
1924 3060 2046 3099 san-

459 3138 623 3208 guine
667 3136 892 3194 Christi.
950 3137 1071 3205 Ipse
1117 3147 1190 3193 est
1232 3140 1369 3193 enim
1410 3155 1515 3209 pax
1551 3149 1763 3205 nostra,
1803 3140 1893 3211 qui
1924 3140 2046 3209 fecit

2214 1954 2280 2010 ν.
2321 1954 2421 2009 Hic
2457 1955 2590 2009 mihi
2614 1964 2923 2022 succurrat,
2953 1958 3202 2025 obsecro,
3246 1960 3635 2031 benignissime
3675 1972 3736 2016 et

2141 2060 2298 2100 sacer
2317 2045 2632 2115 imperator,
2661 2046 2929 2115 patientia
2960 2055 3172 2114 vestra;
3211 2062 3388 2118 neque
3424 2049 3735 2120 indignetur

2141 2136 2563 2208 magnanimitas
2594 2145 2807 2199 vestra.
2859 2138 3004 2207 quod
3037 2139 3294 2211 indignus
3331 2140 3491 2210 digna
3516 2140 3731 2210 loquor,

2140 2234 2197 2281 et
2244 2226 2470 2296 pusillus
2511 2227 2772 2297 grandia;
2821 2228 2948 2297 quia
2984 2243 3083 2298 per
3120 2230 3226 2284 ista
3266 2229 3453 2301 (quae)
3500 2228 3731 2285 forsitan

2144 2318 2564 2374 inemendabilia
2591 2326 2717 2373 sunt
2742 2319 2865 2374 volo
2892 2320 3178 2388 pervenire
3203 2322 3270 2376 ad
3296 2336 3360 2377 ea
3387 2337 3507 2391 quae
3533 2337 3731 2377 neces-

2142 2410 2287 2464 saria
2312 2418 2368 2463 et
2395 2409 2751 2481 elcemosyuze
2776 2420 2973 2467 vestras
2996 2427 3322 2483 magnopere
3349 2421 3473 2484 apta
3499 2424 3644 2469 sunt.
3668 2413 3731 2469 Si

2144 2509 2326 2557 autem
2354 2501 2652 2573 incongrua
2685 2511 2813 2557 sunt
2839 2518 2958 2571 quae
2984 2504 3129 2569 dico,
3152 2505 3413 2575 corripiat
3433 2521 3521 2560 me
3547 2504 3733 2574 justus

2144 2594 2197 2647 in
2226 2592 2616 2656 misericordia,
2647 2593 2699 2647 id
2726 2602 2830 2658 est,
2858 2593 3074 2648 bonitas
3112 2602 3311 2661 vestra,
3350 2596 3408 2650 et
3432 2597 3736 2666 corripien-

2144 2684 2251 2735 tem
2280 2694 2388 2734 non
2419 2680 2630 2751 prodat.
2670 2680 2796 2735 Mihi
2828 2688 3009 2737 tamen
3046 2697 3205 2738 servo
3242 2693 3454 2751 vestro,
3490 2685 3617 2740 licet
3648 2687 3735 2740 ul-

2143 2769 2293 2831 timo,
2325 2776 2504 2823 tamen
2537 2769 2701 2835 fideli,
2732 2771 3087 2843 incongruum
3115 2772 3351 2839 videtur,
3388 2786 3449 2829 ut
3468 2774 3734 2831 Christia-

2144 2875 2247 2915 nus
2271 2858 2341 2915 de
2366 2857 2700 2924 Christiano,
2725 2877 2788 2917 ac
2815 2877 2911 2931 per
2944 2864 3046 2918 hoc
3080 2862 3254 2919 frater
3284 2864 3352 2920 de
3382 2865 3550 2921 fratre
3581 2869 3734 2923 testi-

2145 2952 2386 3007 monium
2431 2953 2715 3022 perhibere
2766 2969 2872 3010 non
2922 2956 3110 3025 possit.
3166 2955 3320 3012 Sicut
3371 2959 3515 3013 enim
3565 2974 3735 3029 supra

2145 3041 2347 3097 dictum
2386 3049 2501 3107 est,
2542 3056 2732 3098 omnes
2772 3059 2942 3098 unum
2978 3043 3195 3100 Patrem
3239 3045 3502 3103 habentes
3538 3046 3735 3111 Deum,

2146 3130 2347 3189 fratres
2396 3140 2551 3196 sunt.
2598 3140 2653 3187 et
2701 3133 2796 3188 filii
2843 3134 2958 3189 Dei.
3009 3134 3124 3191 Hoc
3168 3136 3334 3192 etiam
3378 3136 3739 3210 Evangelium

459 3238 678 3299 utraque
708 3243 890 3282 unum.
920 3228 986 3282 Et
1012 3228 1278 3283 veraciter
1308 3227 1488 3283 dicere
1522 3242 1827 3299 possumus,
1855 3230 1944 3299 qui
1972 3229 2045 3298 [ε-
2071 3221 2115 3283 C
2148 3227 2334 3290 aperte
2358 3219 2614 3290 loquitur.
2646 3221 2786 3277 Hinc
2810 3238 3045 3293 namque
3074 3222 3155 3288 ﬁt,
3183 3238 3306 3280 cum
3338 3227 3422 3280 vir
3444 3225 3623 3296 justus
3649 3243 3741 3282 su-

459 3321 527 3372 cit
565 3319 744 3374 omnia
788 3335 950 3373 unum
976 3361 991 3385 ,
1025 3330 1073 3374 et
1100 3320 1331 3375 medium
1370 3321 1619 3391 parietem
1655 3320 1900 3374 maceria:
1938 3319 2046 3374 sol-

459 3424 600 3473 vens,
628 3407 965 3462 inimicitiam
987 3410 1043 3463 in
1074 3425 1234 3463 carne
1259 3426 1377 3475 sua,
1405 3410 1567 3480 legem
1596 3408 1967 3464 mandatorum
1992 3411 2047 3464 in

457 3498 679 3554 decretis
719 3512 1011 3566 ﬂuitans,
1052 3509 1109 3553 ut
1149 3500 1283 3554 duos
1312 3500 1501 3554 condat
1536 3500 1592 3553 in
1632 3501 1965 3570 semetipsum
1992 3501 2047 3553 in

461 3605 624 3644 unum
653 3605 842 3644 nouunt
867 3589 1127 3644 hominem
1145 3630 1161 3655 ,
1199 3588 1400 3658 faciens
1432 3606 1644 3660 pacein,
1674 3599 1722 3644 et
1752 3589 2047 3644 reconciliet

458 3678 639 3748 ambos
681 3680 739 3733 in
781 3694 889 3733 uno
931 3694 1147 3749 corpore
1194 3678 1300 3733 Deo
1339 3695 1434 3750 per
1467 3695 1693 3744 crucem,
1732 3679 2047 3748 interficiens

457 3772 791 3827 inimicitiam
819 3771 874 3827 in
901 3772 1208 3842 semetipso;
1239 3781 1288 3825 et
1330 3772 1536 3827 veniens
1567 3769 2049 3841 erangelizavitpa-

457 3879 571 3917 cent
596 3863 681 3918 his
706 3864 796 3936 qui
825 3862 981 3933 longe
1018 3862 1265 3933 fuerunt,
1290 3872 1339 3917 et
1374 3879 1555 3933 pacem
1589 3862 1671 3917 liis
1705 3863 1795 3931 qui
1829 3879 1987 3934 prope
2028 3872 2047 3915 :

456 3954 707 4024 quoniam
731 3970 827 4025 per
845 3955 1018 4024 ipsum
1037 3952 1227 4007 habent
1252 3968 1519 4008 accessum
1543 3953 1696 4008 ambo
1713 3953 1769 4007 in
1795 3970 1901 4008 uno
1928 3952 2050 4024 Spi-

459 4045 567 4098 ritu
591 4037 666 4099 ad
691 4044 929 4099 Patrem.
978 4095 1001 4105 κ

531 4133 620 4191 IV.
661 4133 721 4189 Si
758 4147 892 4207 ergo
920 4135 1178 4190 Dominus
1212 4143 1497 4207 propterea
1533 4152 1726 4206 passus
1752 4146 1839 4193 est
1860 4180 1874 4204 ,
1902 4147 1962 4193 ut
1993 4138 2048 4192 in

460 4222 725 4294 sanguine
770 4238 870 4280 suo
908 4223 1114 4280 faceret
1147 4239 1314 4294 prope
1349 4239 1444 4280 eos
1478 4225 1572 4294 qui
1598 4225 1753 4296 longe
1787 4233 1966 4290 erant,
1994 4232 2051 4279 et

460 4314 642 4385 paries
670 4314 953 4370 divisionis
969 4316 1085 4386 jam
1104 4316 1338 4382 solutus,
1362 4324 1419 4371 et
1445 4315 1732 4373 interfecta
1757 4322 1843 4372 est
1871 4317 2050 4372 inimi-

460 4404 591 4463 citia
630 4405 688 4460 in
719 4405 845 4471 illo,
867 4413 923 4461 et
953 4420 1146 4462 omnes
1180 4406 1513 4462 reconciliati
1543 4415 1671 4464 sunt
1705 4408 1761 4461 in
1800 4422 1910 4464 uno
1931 4423 2051 4464 cor-

462 4511 594 4567 pore
619 4495 730 4554 Deo
751 4538 766 4567 ,
794 4504 851 4554 et
885 4498 941 4554 in
972 4506 1180 4553 tantum
1214 4512 1384 4553 unum
1411 4515 1609 4570 corpus
1634 4498 1813 4556 effecti
1848 4501 1904 4556 in
1940 4516 2050 4556 uno

2147 3327 2245 3382 per
2291 3313 2547 3383 injustam
2600 3310 2877 3368 testificari
2915 3328 3022 3367 non
3073 3316 3425 3385 permittitur,
3473 3331 3539 3371 eo
3587 3318 3742 3386 quod

2146 3404 2370 3460 alterius
2397 3403 2534 3474 legis
2561 3404 2671 3458 sint
2705 3405 2999 3459 secundum
3025 3404 3314 3471 sarculum,
3346 3407 3438 3477 qui
3469 3406 3630 3462 unius
3658 3406 3746 3461 le-

2147 3494 2230 3564 gis
2250 3508 2372 3549 esse
2395 3492 2656 3550 deberent
2674 3495 2969 3551 secundum
2992 3495 3182 3551 Deum.
3206 3495 3384 3553 Credo
3400 3498 3565 3552 etiam
3590 3501 3744 3567 quod

2146 3585 2454 3640 nullatenus
2480 3586 2596 3641 haec
2626 3595 2861 3657 agantur
2890 3587 3007 3643 sine
3029 3588 3228 3644 damno
3252 3588 3395 3645 illius
3421 3590 3651 3646 unitatis
3679 3601 3747 3648 et

2148 3676 2673 3745 concorporationis,
2697 3693 2819 3746 qua:
2841 3693 3002 3748 supra
3024 3677 3390 3735 demonstrata
3406 3690 3498 3749 est
3518 3690 3747 3737 sean-

2150 3766 2240 3822 tiis
2263 3767 2594 3838 apostolicis.
2627 3766 2762 3822 Nam
2784 3769 2829 3823 si
2858 3768 2926 3824 de
2955 3768 3265 3825 testimonio
3292 3770 3632 3841 repellendus
3649 3782 3748 3829 est

2148 3858 2346 3928 aliquis
2368 3900 2383 3924 ,
2425 3857 2515 3914 ille
2553 3858 2846 3928 repellatur
2882 3860 3064 3931 potius
3098 3861 3190 3931 qui
3222 3860 3446 3917 alterius
3490 3862 3613 3917 fidei
3644 3864 3743 3917 vel

2148 3959 2309 4007 secta:
2334 3958 2439 4015 est,
2467 3953 2562 4006 sed
2593 3958 2650 4006 et
2680 3950 2769 4006 ille
2798 3966 2923 4006 cum
2957 3967 3066 4021 quo
3095 3952 3388 4023 Apostolus
3419 3967 3521 4010 nec
3548 3953 3739 4008 cibum

2148 4059 2363 4099 sumere
2388 4042 2547 4099 docet
2568 4042 2755 4098 dicens
2786 4059 2798 4096 :
2833 4041 2893 4098 Si
2917 4045 2961 4098 is
2989 4046 3081 4115 qui
3117 4044 3285 4114 frater
3313 4047 3631 4108 nontinatur.
3654 4054 3743 4101 est

2148 4135 2460 4204 fornicator,
2486 4144 2578 4187 aut
2606 4150 2797 4188 avarus
2814 4174 2830 4199 ,
2862 4144 2952 4188 aut
2981 4134 3139 4190 idolis
3167 4136 3414 4200 serviens.
3445 4145 3538 4190 aut
3563 4136 3744 4191 ntale-

2148 4222 2318 4286 dicus,
2344 4232 2435 4276 aut
2461 4222 2713 4284 ebriosus.
2745 4232 2835 4277 aut
2868 4240 3068 4294 rapax;
3101 4240 3220 4278 cum
3248 4224 3507 4295 ejusmodi
3539 4241 3629 4280 nec
3650 4229 3743 4280 ci-

2149 4313 2270 4367 bum
2314 4329 2537 4367 sumere.
2579 4312 2643 4367 Et
2683 4313 2878 4368 iterum
2923 4332 2936 4367 :
2985 4313 3139 4379 Quod
3179 4315 3226 4369 si
3262 4316 3380 4386 quis
3419 4332 3523 4370 non
3559 4315 3745 4370 dedit

2150 4405 2301 4459 uerbo
2329 4414 2506 4459 nostro
2533 4421 2625 4475 per
2650 4406 2924 4475 epistolam
2944 4446 2959 4471 ,
2993 4407 3131 4461 hunc
3159 4415 3353 4472 notate,
3394 4423 3557 4477 neque
3594 4424 3749 4462 com-

2150 4497 2497 4562 misceantini,
2524 4483 2714 4567 utique
2742 4498 2810 4552 ad
2842 4513 3107 4553 mensam.
3136 4497 3239 4564 Qui
3264 4512 3474 4563 omnes,
3508 4498 3611 4554 nisi
3637 4514 3748 4568 per

461 4588 675 4657 spiritu,
703 4597 766 4644 ut
788 4588 1039 4645 Christus
1064 4588 1245 4659 potius
1266 4605 1428 4660 quam
1450 4567 1743 4646 Christiani
1773 4590 2046 4655 dicantur,
2076 4567 2127 4625 D
2153 4588 2581 4645 satisfactionem
2608 4590 2945 4659 paenitentia:
2970 4590 3204 4660 regressi
3228 4589 3431 4646 fuerint
3457 4592 3509 4645 in
3539 4567 3751 4660 corpus

461 4679 607 4736 sicut
635 4681 1001 4751 suprascripta
1043 4681 1341 4751 apostolica
1383 4681 1653 4737 sententia
1690 4680 1931 4737 declarat
1969 4682 2049 4738 di-

461 4785 595 4826 cens
624 4789 638 4826 :
671 4769 864 4827 Omnia
887 4782 1063 4827 autem
1083 4772 1313 4826 membra
1337 4773 1573 4842 corporis
1595 4788 1713 4825 cum
1732 4773 1839 4826 sint
1858 4772 2046 4837 multa,

463 4875 625 4913 unum
650 4874 839 4931 corpus
867 4870 1024 4925 sunt;
1052 4862 1131 4915 ita
1154 4870 1201 4916 et
1232 4858 1473 4915 Christus
1489 4859 1628 4931 (Non
1647 4861 1795 4915 enim
1817 4862 1896 4918 ait
1923 4881 1936 4915 :
1963 4862 2051 4918 Ita

460 4960 509 5005 et
534 4948 841 5017 Christiani,
874 4950 970 5006 sed
1006 4949 1301 5022 Christus);
1337 4952 1500 5021 cupio
1540 4967 1636 5021 per
1671 4952 1928 5022 pietatem
1957 4970 2049 5009 ve-

462 5051 632 5098 stram
668 5056 862 5107 nosse,
891 5040 939 5097 si
967 5056 1076 5095 non
1113 5040 1241 5097 huic
1286 5048 1453 5098 tantae
1489 5042 1687 5098 divina:
1708 5044 2049 5113 operationis

2151 4682 2376 4749 Christi,
2407 4683 2526 4738 sine
2560 4682 2726 4739 dubio
2754 4684 2810 4737 in
2845 4698 3075 4753 corpore
3115 4683 3476 4738 remanebunt
3513 4682 3747 4749 diaboli,

2153 4791 2217 4831 ac
2242 4791 2340 4845 per
2363 4777 2467 4831 hoc
2493 4782 2656 4830 erunt
2684 4776 2738 4829 in
2759 4774 2877 4845 ejus
2903 4790 3070 4847 regno
3098 4782 3153 4829 et
3175 4774 3414 4830 civitate.

2224 4866 2311 4922 Vl.
2355 4867 2454 4923 llic
2475 4865 2721 4938 profecto
2747 4866 2908 4923 debet
2927 4882 3048 4922 esse
3073 4868 3330 4923 discretio
3351 4878 3407 4925 et
3432 4869 3623 4924 divisio
3652 4870 3753 4926 in-

2153 4968 2238 5014 ter
2266 4975 2492 5030 regnum
2518 4967 2576 5014 et
2601 4973 2849 5031 regnum,
2879 4959 2932 5013 id
2961 4968 3063 5025 est,
3096 4959 3297 5016 Christi
3319 4968 3377 5015 et
3402 4959 3621 5022 diaboli,
3654 4960 3752 5015 in-

2154 5057 2238 5104 ter
2263 5049 2539 5103 civitatem
2580 5048 2677 5104 Dei
2710 5057 2768 5105 et
2807 5049 3085 5107 civitatem
3110 5049 3347 5114 diaboli,
3373 5064 3494 5120 qua:
3529 5048 3751 5104 faciunt

1815 5133 2085 5191 BALUZII
2123 5136 2350 5194 ΝΟΤᾸΞ.

534 5237 565 5295 ξ
599 5224 894 5294 Aquitanus
923 5234 970 5280 et
1002 5223 1402 5295 Langobardi“.
1422 5225 1502 5295 illi
1544 5225 1690 5281 enim
1710 5238 1901 5295 omnes
1943 5240 2044 5294 po-

500 5292 569 5378 uli
596 5292 730 5375 quos
750 5295 836 5378 hic
863 5292 1144 5378 enumerat
1187 5294 1524 5378 Agphardps,
1552 5305 1606 5350 et
1634 5295 1803 5378 multo
1832 5292 2043 5378 plures,

459 5308 569 5416 Pun
596 5308 730 5375 quos
752 5308 836 5350 hic
863 5308 1144 5352 enumerat
1187 5308 1504 5365 Agonaruus
1552 5308 1606 5350 et
1634 5308 1803 5349 multo
1832 5308 2043 5378 plures,

481 5377 723 5437 'rancico
748 5364 1117 5437 tuni_lmpcrio
1136 5364 1416 5437 parebant.
1441 5336 1605 5437 Libro
1631 5380 1683 5418 γι
1724 5363 2043 5437 Capitular.,

460 5445 590 5506 cap.
617 5431 715 5486 281
747 5451 760 5485 :
793 5451 813 5484 ο
842 5431 1107 5506 Ῡοιιὶηιιιε
1128 5431 1289 5506 atque
1301 5435 1643 5506 praecipimus
1664 5440 1726 5489 ut
1745 5431 1935 5506 carnes
1958 5436 2046 5491 di-

462 5503 594 5557 tioni
624 5502 954 5575 ngstrreDeo
1000 5502 1319 5575 auxiliante
1341 5502 1604 5575 subjecti,
1653 5512 1766 5561 tam
1818 5503 2050 5575 Romani

460 5586 625 5656 quam
649 5569 866 5661 Frranci,
890 5572 1197 5661 Alamanni,
1227 5569 1525 5661 yovarii,
1574 5573 1871 5661 Saxones,
1900 5574 2044 5630 Thn~

458 5640 641 5716 r‘ingii,
670 5640 966 5707 Fresones,
1003 5643 1142 5700 Galli
1160 5640 1192 5712 ,’
1229 5640 1636 5729 Burgundiones
1658 5686 1673 5710 ,
1734 5643 2041 5729 Dt'ittones,

460 5711 818 5794 Langobardi,
848 5710 1564 5794 )Yascopes,_Beneventani,
1585 5715 1770 5781 Gothi,
1793 5716 2037 5794 Hispani,

460 5782 749 5856 caeteriqne
775 5782 931 5841 nobis
951 5782 1198 5852 saliccti,
1228 5800 1437 5856 ornans,
1466 5788 1591 5845 licet
1609 5782 1931 5859 quocunque
1959 5788 2053 5853 vi-,

2154 5227 2386 5283 deantur
2416 5229 2547 5299 legis
2576 5229 2793 5286 vinculo
2824 5230 3126 5295 constricti,
3153 5230 3239 5285 vel
3257 5229 3753 5286 consuetudinario

2154 5312 2305 5354 more
2322 5301 2576 5370 connexi,
2609 5301 2750 5370 hanc
2765 5301 3229 5370 sententiam,etc.
3264 5318 3282 5351 i
3313 5299 3377 5354 lli
3398 5314 3528 5370 ergo
3544 5314 3757 5357 omnes

2150 5368 2365 5493 pzotpria
2396 5368 2843 5493 liiiﬁutebantur.
2868 5369 3002 5427 Vide
3036 5368 3175 5426 infra
3214 5370 3268 5425 in
3295 5370 3438 5425 notis
3461 5367 3527 5423 ad
3568 5382 3757 5437 caput.

2278 5454 2399 5493 nius
2525 5456 2560 5492 i.

2278 5454 2399 5494 lllllS
2419 5454 2452 5492 II
2460 5454 2560 5494 Dl‘l.

2220 5506 2249 5583 ξ)
2289 5506 2788 5583 Cundobadum,_id
2817 5521 2922 5583 est,
2947 5511 3402 5583 Burgundionem,
3446 5509 3563 5578 lege
3586 5507 3760 5583 Cum.

2151 5578 2674 5649 dobadagviventem.
2704 5581 2851 5637 istud
2892 5583 3038 5637 enim
3062 5578 3257 5637 referri
3294 5596 3401 5635 non
3439 5585 3617 5649 potest
3665 5582 3761 5636 ad

2151 5663 2330 5723 regem
2352 5647 2972 5723 Gundobadumtmultis
3008 5660 3140 5723 ante
3187 5647 3752 5723 sirculisjnortuum.

2148 5717 2494 5790 lta‘queinfra
2523 5733 2642 5788 cap.
2678 5721 2743 5775 lo
2770 5721 3175 5790 Burgundiones
3206 5723 3258 5776 in
3282 5717 3592 5776 universum
3639 5730 3754 5774 vo-

2150 5789 2291 5844 cabit
2322 5789 2700 5846 Gundohados.
