4040 6182
354 302 451 359 H3

1323 316 1380 371 S.
1423 316 1775 373 AGOBARDI
1816 316 2125 372 EPISCOPI
2162 316 2652 379 LUGDUNENSIS

3518 336 3617 388 5‘20

344 414 630 487 regiones;
671 436 774 476 nec
815 434 837 461 ο
875 423 1041 477 [lonia
1068 423 1292 490 Gothis,
1333 426 1360 466 ιι
1389 429 1617 500 paganis
1641 437 1698 482 et
1717 429 1934 485 hmreti-
1960 432 2010 489 Α
2035 437 2376 501 quoadusque
2403 434 2571 493 veniat
2620 430 2898 501 Dominus,
2933 439 3026 503 qui
3054 449 3100 493 et
3148 439 3468 498 illuminabit
3499 448 3621 504 abs-

343 507 423 563 cis
454 508 611 563 simul
634 528 649 575 ;
683 527 780 566 nec
807 524 827 549 π
852 510 1001 567 Italia
1029 513 1396 584 Langobardis
1424 536 1435 571 :
1468 528 1522 573 et
1550 519 1715 572 multa
1743 519 1928 589 hujus—-

344 599 508 653 modi.
564 597 679 654 Non
729 602 845 656 inec
878 601 1080 658 idcirco
1128 605 1363 661 dicimus
1409 616 1467 662 ut
1502 624 1761 680 negemus
1802 625 1927 680 pro-

341 691 634 746 videntiam
660 691 757 746 Dei
798 693 1086 764 aliquando
1126 685 1406 753 absolvere
1448 701 1822 765 innocentem,
1871 711 1926 755 et

338 780 599 836 damnare
625 784 816 839 noxios
838 824 850 842 .
913 786 1004 841 sed
1046 787 1169 857 quia
1202 789 1511 846 nullatenus
1541 799 1800 853 statutum
1841 801 1924 848 est

337 886 367 924 τι
405 871 514 926 Deo
542 873 737 947 uthazc
767 875 821 928 in
854 877 1104 933 omnibus
1142 874 1269 945 ﬁat,
1301 880 1406 935 nisi
1433 889 1676 937 extremo
1696 881 1921 950 judicio.

337 960 399 1015 Et
433 977 555 1031 quia
601 964 726 1018 talia
770 967 1069 1022 certamina
1109 969 1460 1026 vehementer
1486 973 1757 1026 contraria
1798 981 1925 1026 sunt

335 1054 671 1124 simplicitati
697 1064 749 1111 et
783 1057 967 1127 pietati
994 1056 1344 1126 Christianae,
1388 1069 1444 1116 et
1478 1062 1737 1116 doctrina:
1760 1077 1924 1116 evan-

335 1145 520 1214 gelica:
565 1146 729 1203 nimis
770 1149 1015 1212 adversa,
1055 1149 1194 1203 absit
1226 1165 1255 1204 a
1306 1160 1486 1207 mente
1512 1136 1819 1206 Christiana
1864 1160 1924 1207 ut

333 1238 559 1294 adversa
585 1237 744 1306 hujus
772 1240 954 1294 mundi
982 1240 1323 1297 cottﬂictibus
1356 1253 1564 1314 qumrat
1592 1246 1838 1315 evadere,
1868 1254 1923 1299 et

333 1330 526 1399 gaudia
564 1329 681 1399 ejus
705 1334 1095 1388 certaminibus
1122 1335 1369 1404 adipisci.
1420 1335 1551 1391 Cum
1588 1353 1618 1391 e
1646 1339 1922 1393 contrario

330 1422 473 1476 intra
497 1435 653 1477 sacra
695 1423 983 1479 missarum
1029 1422 1289 1479 solemnia
1318 1424 1630 1495 frequenter
1671 1424 1922 1497 deprece-

331 1528 453 1567 mur
480 1513 764 1568 Dominum
812 1522 870 1567 ut
899 1515 1098 1568 tribuat
1137 1517 1295 1570 nobis
1330 1532 1428 1587 pro
1454 1533 1636 1573 amore
1677 1536 1775 1574 suo
1801 1536 1923 1589 pro-

329 1620 485 1674 spera
518 1607 703 1661 mundi
727 1606 1032 1677 despicere,
1072 1616 1126 1662 et
1150 1608 1291 1662 nulla
1331 1609 1449 1679 ejus
1472 1610 1697 1666 adversa
1727 1610 1917 1667 formi-

329 1698 491 1762 dare,
530 1697 689 1752 decet
737 1699 958 1754 omnino
1005 1706 1241 1753 mentem
1275 1697 1642 1755 Christianam
1679 1717 1799 1757 cum
1852 1704 1919 1758 ti-

331 1802 479 1842 more
513 1784 568 1841 et
593 1795 846 1852 tremore,
897 1788 1191 1843 secundum
1217 1789 1553 1860 Apostolum,
1592 1808 1741 1847 suam
1773 1795 1915 1849 saln-
1942 1781 1989 1840 Β

327 1885 435 1930 tem
479 1877 717 1947 operari,
757 1886 811 1932 et
854 1887 1037 1933 mente
1081 1880 1149 1936 ad
1185 1879 1365 1941 futura
1414 1882 1669 1947 transire,
1719 1899 1818 1938 nec
1858 1885 1911 1940 in

327 1970 684 2039 praesentibus
722 1971 887 2033 rebus
929 1987 1146 2028 sensum
1191 1971 1394 2043 ﬁgere;
1449 1976 1701 2045 quoniam
1734 1977 1913 2032 occul—

327 2063 533 2117 tissima
582 2062 679 2118 Dei
726 2064 1127 2142 dispensatione
1181 2067 1316 2121 varii
1374 2077 1499 2122 sunt
1546 2071 1598 2124 in
1657 2070 1910 2140 przc‘senti

326 2160 569 2223 tempore
598 2170 776 2209 rerum
801 2162 1049 2221 eventus,
1079 2156 1219 2210 sicut
1246 2164 1301 2211 et.
1328 2172 1480 2213 saera
1519 2157 1796 2229 Scriptura
1835 2170 1912 2213 te-

325 2253 536 2300 statur:
588 2244 723 2300 Sunt
755 2246 888 2315 justi
921 2244 1108 2317 quibus
1166 2246 1334 2303 multa
1369 2252 1710 2325 proveniunt,
1760 2268 1909 2322 quast

325 2355 480 2409 opera
509 2339 705 2408 egerint
743 2339 1062 2410 impiorum;
1098 2349 1147 2402 εἰ
1174 2351 1295 2395 sunt
1335 2342 1481 2411 impii
1518 2343 1607 2413 qui
1643 2343 1716 2396 ita
1741 2345 1910 2415 securi

323 2438 444 2482 sunt
470 2428 622 2499 quasi
656 2428 922 2499 justorum
967 2428 1110 2499 facta
1150 2430 1396 2484 habeant.
1445 2430 1511 2484 Et
1549 2431 1780 2486 iterum:
1814 2432 1911 2486 Et-

322 2520 458 2575 enim
482 2520 607 2593 quia
634 2537 736 2575 non
760 2520 1025 2591 profertur
1066 2520 1168 2573 cito
1197 2530 1379 2575 contra
1424 2521 1589 2575 malos
1634 2522 1906 2587 sententia,

322 2613 515 2684 absque
542 2611 651 2665 ullo
676 2611 860 2665 timore
876 2609 979 2679 filii
1008 2611 1277 2665 hominum
1305 2621 1602 2682 perpetrant
1631 2611 1792 2666 mala.
1843 2612 1908 2667 Et

322 2702 559 2757 iterum:
591 2700 728 2757 Sunt
749 2700 885 2771 justi
905 2709 1060 2772 atque
1081 2702 1359 2781 sapientes,
1396 2712 1445 2756 et
1470 2719 1625 2772 opera
1643 2719 1828 2757 eorum
1852 2705 1908 2758 in

316 2810 482 2849 manu
508 2792 647 2848 Dei:
684 2802 731 2848 et
772 2802 949 2853 tamen
991 2794 1151 2850 nescit
1180 2793 1366 2856 homo,
1413 2803 1589 2847 utrum
1630 2810 1810 2854 amore
1836 2811 1906 2848 an

322 2883 443 2938 odio
480 2883 671 2953 dignus
705 2883 810 2947 sit;
835 2883 942 2957 sed
980 2884 1156 2937 omnia
1203 2883 1258 2936 in
1301 2883 1480 2951 futuro
1525 2892 1798 2940 seruantur
1824 2884 1907 2944 in-

320 2983 483 3037 certa,
510 2990 569 3028 eo
595 2974 734 3049 quod
768 2975 1009 3028 universa
1047 2990 1193 3042 teque
1226 2974 1431 3028 veniant
1473 2974 1623 3044 justo
1650 2983 1697 3027 et
1725 2973 1901 3045 impio,

321 3067 454 3119 bono
483 3073 530 3119 et
572 3063 736 3130 inalo,
781 3063 977 3118 mundo
1015 3073 1063 3117 et
1099 3064 1387 3128 immundo,
1425 3063 1721 3118 immolanti
1755 3064 1901 3120 ricti-

2027 518 2237 573 condita
2266 521 2618 586 tenebrarum,
2668 534 2716 577 et
2738 527 3091 594 manifestabit
3112 532 3333 586 consi'ia
3352 537 3619 594 sordium.

2024 606 2283 664 C0::cedit
2313 619 2489 665 tamen
2512 612 2760 685 judicare
2790 616 2932 677 inter
2957 616 3155 676 fratres
3176 660 3190 684 ,
3235 632 3293 676 ut
3320 630 3625 685 contentio-

2026 712 2122 755 nes
2151 698 2452 768 sopiantur.

2094 830 2160 883 Χ.
2190 830 2296 886 Sed
2333 833 2539 888 utilitas
2559 835 2886 906 judiciorum
2931 850 3145 895 constat
3173 844 3242 899 in
3284 846 3622 907 discussione

2022 934 2309 974 causarum
2332 932 2387 976 et
2412 926 2706 982 subtilitate
2732 928 3228 1001 investigationum,
3262 936 3422 995 sicuti
3448 949 3504 993 et
3518 941 3619 996 Sa-

2021 1007 2201 1065 lomon
2244 1010 2451 1072 fecisse
2477 1014 2673 1086 legitur
2706 1018 2759 1072 in
2787 1024 3134 1079 contentione
3178 1025 3407 1083 duarum
3442 1047 3619 1087 mere-

2021 1098 2260 1154 tricum:
2297 1101 2450 1170 cujus
2486 1113 2540 1158 et
2565 1107 2756 1180 petitio
2776 1120 3063 1180 propterea
3085 1116 3288 1184 placuit
3327 1120 3457 1186 Deo,
3490 1123 3617 1192 quia

2020 1204 2129 1244 non
2159 1192 2350 1259 petivit
2375 1193 2592 1250 divitias
2617 1199 2860 1256 aut'dies
2899 1204 3121 1271 multos,
3169 1210 3263 1263 sed
3290 1212 3614 1281 sapientiam

2022 1280 2088 1334 ad
2110 1281 2524 1374 discernendum
2545 1287 2829 1356 judicium.
2861 1290 2954 1347 Sic
2973 1302 3028 1348 et
3046 1294 3237 1353 Daniel
3265 1280 3440 1359 adhuc
3460 1322 3613 1374 puer,
3648 1348 3660 1361 ι

2019 1371 2316 1466 suscitante
2344 1372 2454 1429 Deo
2477 1376 2727 1444 spiritum
2759 1380 2894 1449 ejus,
2934 1381 3201 1450 judicavit
3237 1388 3373 1446 duos
3399 1371 3616 1466 iniquos

2019 1457 2224 1526 iudices
2253 1461 2502 1530 prudenti
2534 1465 2853 1532 subtilitate,
2882 1486 2981 1540 per
3000 1487 3165 1542 quam
3195 1475 3422 1535 liberata
3444 1457 3526 1537 est
3558 1494 3617 1540 et

2021 1552 2176 1606 beata
2204 1552 2451 1608 Susanna
2482 1555 2549 1610 de
2589 1556 2785 1626 injusta
2830 1560 3196 1619 damnatione.
3244 1566 3378 1622 Nam
3411 1572 3460 1625 si
3499 1573 3613 1629 haec

2021 1641 2127 1732 duo
2171 1641 2375 1711 judicia
2421 1647 2754 1715 temporibus
2805 1652 3009 1707 nostris
3054 1660 3436 1727 pervenirent,
3482 1665 3612 1732 quid

2012 1730 2224 1800 judioes
2269 1733 2552 1802 dicerent,
2601 1736 2760 1794 facile
2793 1749 2880 1795 est
2924 1742 3209 1802 advertere
3235 1788 3250 1813 ,
3300 1757 3427 1806 ante
3474 1730 3611 1823 quos

2018 1823 2252 1879 maxime
2281 1823 2519 1895 perjuria
2549 1835 2645 1882 aut
2671 1845 2894 1885 munera
2924 1831 3086 1889 linem
3115 1838 3278 1893 rebus
3306 1840 3606 1911 imponunt.

2016 1911 2227 1979 Quanta
2258 1924 2438 1968 autem
2480 1920 2789 1975 necessaria
2833 1922 2904 1978 sit
2953 1924 3236 1996 integritas
3277 1930 3607 1999 judiciorum

2016 2003 2196 2072 regnis
2245 2013 2301 2059 et
2351 2006 2641 2075 gentibus,
2698 2008 2980 2081 Scriptura
3034 2022 3307 2084 testatur,
3378 2021 3603 2079 dicens:

2011 2094 2250 2164 Regnum
2292 2114 2324 2150 a
2361 2109 2510 2167 gente
2542 2101 2597 2155 in
2624 2113 2826 2172 gentem
2868 2108 3191 2177 transfertur
3223 2123 3438 2183 prapter
3461 2115 3606 2186 inju-

2011 2184 2198 2248 stitias,
2246 2197 2292 2239 et
2327 2189 2575 2258 injurias,
2615 2201 2666 2245 et
2689 2195 3067 2256 contumelias.
3113 2209 3164 2253 et
3192 2201 3424 2258 diuersos
3456 2184 3605 2264 dolos

2013 2273 2198 2366 (liccli.
2236 2292 2288 2341 χ,
2326 2280 2402 2350 8).
2435 2279 2565 2347 Quae
2588 2284 2772 2337 omnia
2798 2285 2920 2354 plus
2957 2304 3118 2357 quam
3146 2290 3202 2345 in
3224 2295 3440 2350 czeteris
3473 2313 3604 2366 gen—

2011 2364 2157 2418 tibus
2201 2366 2479 2424 abundant
2517 2370 2659 2426 inter
2700 2374 3140 2455 ¢_Guudobados,
3180 2386 3322 2453 apud
3367 2364 3601 2459 quorum

2010 2453 2181 2526 legem
2205 2472 2310 2512 non
2350 2459 2477 2514 licet
2499 2453 2837 2522 discussiOne
2871 2477 2966 2523 aut
2989 2472 3261 2527 veracium
3292 2453 3601 2534 testimonio

2009 2559 2203 2600 causas
2235 2549 2569 2617 terminare;
2622 2568 2688 2608 eo
2717 2558 2858 2625 quod
2889 2558 3129 2624 libuerit,
3166 2566 3335 2620 armis
3374 2570 3602 2623 commi-

2009 2638 2131 2692 nari
2159 2638 2342 2703 liceat,
2380 2657 2448 2696 ne
2491 2642 2758 2700 inﬁrmior
2787 2663 2883 2702 sua
2910 2650 3146 2707 retinere
3190 2665 3285 2709 aut
3315 2671 3599 2728 reposcere

2007 2734 2222 2800 audeat,
2277 2744 2533 2806 tanquam
2562 2740 2768 2796 veritas
2795 2745 2964 2798 armis
3008 2747 3345 2804 manifestari
3394 2761 3592 2823 egeat:

2004 2825 2149 2895 quod
2186 2826 2332 2880 nulla
2363 2831 2677 2911 auctoritas,
2711 2833 2854 2887 nulla
2885 2836 3022 2891 ratio
3042 2839 3267 2895 credere
3296 2842 3444 2897 sinit.

2072 2957 2162 3012 XI.
2190 2958 2343 3015 Valet
2382 2961 2548 3017 etiam
2594 2966 2663 3019 ad
2703 2966 2843 3023 hanc
2890 2985 3005 3025 rem
3047 2972 3318 3028 subtiliter
3352 2979 3602 3033 conside—

2007 3050 2228 3111 randam
2275 3051 2403 3107 illud
2429 3055 2573 3123 quod
2611 3056 2671 3119 in
2708 3057 2848 3112 libro
2886 3060 3136 3123 iudicum
3168 3065 3420 3121 refertur.
3460 3068 3595 3125 Cum

320 3176 432 3211 mas
463 3167 510 3211 ct
553 3157 815 3227 sacriﬁcia
840 3157 1204 3211 contemnenti.
1243 3154 1385 3210 Sicut
1412 3155 1594 3219 bonus,
1623 3156 1698 3209 sic
1721 3165 1768 3209 et
1790 3173 1908 3226 pec—
1935 3126 1978 3187 Ο
2009 3140 2152 3195 enim
2181 3142 2399 3211 quidam
2442 3143 2496 3198 in
2521 3144 2705 3201 Gahaa
2734 3150 2969 3216 (τίνίῑῖηθι
3021 3153 3087 3209 de
3117 3155 3260 3211 "ib"
3290 3155 3594 3227 Beniamin.

318 3259 508 3314 calor;
548 3258 604 3302 ut
632 3249 903 3320 perjurus,
939 3249 1014 3301 ita
1038 3258 1086 3301 et
1106 3246 1195 3302 ille
1224 3248 1312 3318 qui
1343 3263 1515 3301 verum
1538 3236 1761 3316 dejerat;
1793 3246 1907 3301 Hoc

318 3346 393 3395 est
426 3339 706 3412 pessimum
756 3339 891 3393 inter
933 3340 1109 3395 omnia
1159 3355 1276 3417 qua:
1313 3338 1409 3392 sub
1442 3337 1550 3393 sole
1575 3338 1732 3414 ﬁunt,
1781 3338 1906 3409 quia

318 3431 498 3487 eodem
530 3433 729 3491 cunctis
751 3433 1009 3486 eveniunt.
1046 3429 1196 3488 Unde
1224 3441 1270 3485 et
1294 3430 1454 3485 corda
1479 3429 1711 3505 ﬁliorum
1738 3432 1906 3485 homi-

320 3540 442 3577 num
474 3521 754 3595 implentur
796 3520 1000 3583 malitia
1034 3532 1081 3576 et
1117 3532 1410 3593 contemptu
1456 3523 1510 3575 in
1545 3522 1651 3575 vita
1690 3538 1810 3586 sua,
1855 3532 1904 3576 et

317 3623 429 3673 post
459 3613 570 3666 Ιιςιέ
596 3612 665 3671 ad
706 3612 902 3685 inferos
944 3611 1274 3674 deducuntur
1319 3610 1517 3685 (Eccle.
1550 3628 1631 3681 Ix,
1675 3610 1806 3681 1-5).
1839 3611 1906 3666 Ει

319 3706 513 3758 iterum
539 3720 552 3755 :
595 3700 739 3756 Verti
764 3683 845 3755 ine
866 3701 936 3755 ad
965 3700 1134 3768 aliud,
1168 3701 1372 3771 vidique
1398 3718 1490 3763 nec
1517 3699 1765 3755 velocium
1794 3717 1905 3762 esse

315 3812 549 3862 cursum,
579 3810 673 3849 nec
699 3793 919 3867 [artium
962 3792 1171 3859 bellant,
1214 3810 1305 3847 nec
1335 3794 1649 3869 sapientium
1692 3810 1900 3863 panem,

317 3904 407 3941 nec
436 3885 706 3940 doctorum
734 3884 967 3950 divitias,
999 3901 1092 3938 nec
1113 3885 1375 3953 artiﬁcum
1394 3884 1641 3954 gratiam,
1670 3883 1761 3938 sed
1780 3893 1905 3938 tem-

312 3993 411 4048 pus
442 3991 716 4046 casumque
738 3975 793 4029 in
825 3973 1084 4027 omnibus.
1133 3972 1316 4027 Nescit
1342 3973 1497 4027 homo
1536 3972 1695 4042 ﬁnem
1724 3990 1898 4027 suum.

318 4068 424 4122 Sed
455 4070 588 4122 sicut
618 4069 783 4139 pisces
813 4067 1093 4137 capiuntur
1127 4066 1305 4127 humo,
1349 4075 1398 4120 et
1433 4068 1568 4120 sicut
1598 4083 1716 4121 aves
1756 4082 1900 4120 com-

314 4158 707 4228 prehenduntur
731 4157 915 4228 laqueo
944 4173 961 4221 ;
1000 4157 1075 4208 sic
1102 4157 1381 4225 capiuntur
1419 4156 1652 4209 homines
1674 4166 1902 4225 tempore

317 4246 460 4301 malo
483 4286 499 4312 ,
539 4262 658 4300 cum
688 4246 762 4300 eis
799 4243 1054 4314 extemplo
1100 4245 1459 4313 supervenerit
1504 4244 1689 4312 (Ibid.,
1729 4262 1775 4299 υ.
1811 4245 1898 4309 Η,

317 4338 428 4409 i2).
456 4335 570 4391 Non
595 4336 736 4392 enim
766 4346 850 4390 est
870 4336 924 4388 in
950 4334 1204 4405 praesenti
1244 4334 1553 4390 meritorum
1589 4335 1923 4403 retributio,

315 4429 410 4485 sed
434 4428 490 4483 in
519 4426 718 4483 futuro.
745 4425 861 4482 Non
888 4435 1100 4496 oportet
1126 4435 1363 4481 mentem
1394 4425 1604 4481 ﬁdelem
1633 4428 1900 4497 suspicari

316 4518 461 4589 quod
488 4518 835 4587 oninipotens
861 4516 998 4571 Deus
1020 4515 1233 4570 occulta
1258 4516 1540 4570 hominum
1563 4517 1617 4570 in
1642 4517 1898 4586 przesenti

313 4611 425 4665 vita
448 4624 548 4679 per
569 4608 598 4649 ἀ
631 4623 826 4679 aquam
863 4607 1091 4663 calidam
1121 4615 1213 4662 aut
1238 4606 1442 4663 ferrum
1471 4608 1699 4667 revelari
1729 4608 1855 4662 velit
1882 4628 1895 4663 :

315 4710 519 4776 quanto
545 4701 725 4766 minus
752 4713 849 4769 per
875 4698 1115 4764 crudelia
1144 4698 1484 4762 certamina?
1501 4698 1728 4769 Propter
1755 4703 1901 4770 quod

315 4793 604 4863 Apostolus
624 4791 869 4862 praecipit
884 4792 948 4844 de
968 4790 1195 4845 occultis
1216 4790 1375 4844 rebus
1396 4804 1504 4844 non
1524 4790 1897 4859 iudicandum,

2009 3231 2406 3287 commisissent
2443 3233 2678 3291 immane
2696 3234 2958 3309 ﬂagitium
2984 3258 3148 3317 super
3174 3245 3396 3309 muliere
3422 3246 3600 3317 cujus-

2008 3325 2131 3380 dam
2148 3323 2345 3390 levitis,
2373 3334 2428 3383 et
2453 3340 2910 3400 congregarentur
2940 3333 3203 3394 universae
3232 3340 3407 3395 tribus
3430 3339 3596 3398 Israel

2007 3423 2074 3477 ad
2118 3421 2219 3477 hoc
2256 3422 2467 3478 facinus
2507 3426 2871 3495 puniendum.
2910 3430 3135 3486 collecta
3165 3442 3250 3488 est
3287 3436 3450 3489 etiam
3480 3445 3595 3494 tota

2007 3511 2180 3567 tribus
2222 3510 2504 3581 Benjamin
2552 3514 2607 3569 in
2641 3506 2898 3586 praedicta
2935 3520 3156 3576 civitate
3198 3521 3386 3583 Gabaa
3409 3525 3475 3578 ad
3501 3525 3596 3582 de-

2005 3600 2328 3661 fendendum
2355 3613 2638 3674 peccatum
2669 3606 2900 3662 illorum.
2951 3610 3068 3667 Filii
3099 3627 3228 3684 ergo
3257 3613 3425 3670 lsrael
3462 3631 3593 3671 con-

2004 3691 2285 3748 suluerunt
2314 3693 2367 3748 in
2391 3695 2581 3766 primis
2610 3695 2894 3753 Dominum
2926 3700 2978 3759 in
3022 3700 3157 3768 Silo,
3201 3713 3258 3759 et
3297 3705 3597 3776 interroga-

2006 3792 2198 3838 verunt
2226 3785 2347 3855 quis
2376 3799 2497 3842 esse
2538 3785 2761 3843 deberet
2803 3788 3055 3868 princeps
3092 3794 3427 3853 certaminis.
3465 3794 3597 3863 Qui-

2004 3877 2104 3931 bus
2134 3877 2409 3946 respondit
2436 3877 2737 3934 Dominus:
2788 3879 2962 3936 ludas
2997 3884 3064 3936 sit
3091 3884 3201 3939 dua:
3249 3896 3431 3941 vester.
3475 3887 3597 3948 Sta-

2006 3968 2210 4037 timque
2241 3978 2297 4021 ut
2326 3978 2613 4038 coeperunt
2654 3970 2846 4026 urbem
2887 3988 3222 4046 expugnare,
3264 3978 3445 4034 occisa
3469 3988 3593 4034 sunt

2002 4078 2069 4117 ex
2095 4062 2176 4116 eis
2203 4061 2393 4131 viginti
2434 4063 2541 4117 duo
2575 4062 2743 4117 millia
2787 4064 3049 4120 virorum.
3098 4065 3303 4123 Deinde
3329 4068 3592 4125 fleverunt

2002 4167 2184 4206 coram
2225 4151 2454 4206 Domino
2494 4168 2666 4222 usque
2711 4154 2779 4209 ad
2822 4163 3077 4221 noctem;
3131 4165 3189 4212 et
3229 4158 3593 4229 interrogave-

2003 4248 2131 4295 runt
2151 4255 2275 4296 eum
2308 4248 2491 4295 utrum
2521 4243 2781 4299 deberent
2810 4246 3104 4313 procedere
3134 4247 3200 4301 ad
3230 4248 3591 4305 dimicandum

2001 4340 2189 4386 contra
2232 4330 2370 4386 ﬁlios
2399 4323 2714 4400 Benjamin,
2763 4349 2829 4388 an
2872 4335 3024 4389 non?
3070 4334 3275 4402 Quibus
3317 4339 3594 4407 respondit

2005 4422 2298 4485 Dominus:
2339 4421 2615 4477 Ascendite
2643 4422 2713 4476 ad
2750 4440 2859 4487 eos,
2897 4435 2946 4478 et
2985 4425 3114 4479 inite
3138 4436 3420 4480 certamen.
3473 4426 3592 4493 Quo

2005 4517 2156 4580 inito,
2193 4523 2465 4586 prostrata
2498 4530 2564 4570 ex
2601 4517 2682 4571 eis
2704 4516 2892 4572 decem
2933 4527 2990 4572 et
3015 4528 3140 4574 octo
3164 4518 3352 4574 millia.
3394 4518 3594 4586 Quam-

2005 4612 2192 4666 obrem
2229 4616 2498 4665 venerunt
2544 4609 2741 4665 iterum
2770 4611 2823 4666 in
2851 4609 3069 4667 domum
3097 4612 3213 4678 Dei,
3254 4620 3311 4667 et
3338 4612 3593 4670 sedentes

2002 4702 2205 4757 ﬂebant
2250 4716 2434 4755 coram
2481 4701 2730 4767 Domino,
2771 4700 3261 4776 jejunaveruntque
3309 4720 3479 4775 usque
3524 4706 3591 4759 ad

2004 4806 2307 4861 vesperam,
2337 4800 2393 4846 et
2417 4791 2729 4848 obtulerunt
2750 4794 3017 4852 sacriﬁcia
3042 4812 3060 4860 ;ι
3090 4804 3148 4850 et
3181 4796 3377 4851 iterum
3408 4811 3595 4867 proce-

1679 4881 1950 4937 BALIFZII
1991 4883 2217 4938 ΝΟΤᾸΞ.

316 4995 507 5034 norum
537 4980 726 5039 ducem
767 4975 974 5045 cepisse
1025 4984 1269 5045 sanctam
1308 4975 1587 5045 civitatem
1627 4989 1768 5037 anno
1798 4974 1901 5029 656

315 5065 383 5119 ex
411 5048 737 5119 Theophane
789 5044 1016 5119 aliisque
1064 5044 1246 5099 docuit
1285 5044 1558 5107 illustriss.
1611 5044 1901 5105 cardinalis

316 5114 601 5183 Baronius,
624 5132 783 5188 quem
808 5114 1045 5173 consule.

391 5201 416 5228 ι
459 5188 626 5243 Roma
644 5185 869 5252 'Gothis,
917 5193 1074 5252 capta
1100 5185 1353 5240 nimirum
1397 5187 1465 5243 ab
1514 5185 1730 5245 Alarico
1777 5200 1903 5252 rege

391 5201 416 5228 ι
459 5201 626 5243 uoma
656 5201 869 5252 nouns,
917 5202 979 5245 ca
1024 5201 1074 5240 ta
1100 5201 1353 5240 nmurum
1397 5201 1465 5243 au
1514 5201 1730 5245 maneo
1777 5201 1834 5241 re
1871 5201 1903 5241 e

317 5256 636 5337 Gothorum,
660 5259 750 5328 qui
773 5259 946 5337 victor
976 5202 1173 5314 ﬁrbem
1223 5256 1604 5337 inigressusﬁest
1632 5271 1773 5337 anno
1798 5201 1903 5310 4ῗο

320 5345 374 5391 1x
412 5326 529 5399 Kal.
565 5326 921 5399 Septembris,
970 5337 1028 5399 ut
1052 5326 1295 5399 Ostendit
1317 5327 1457 5399 idem
1487 5326 1772 5399 Batonius.

389 5399 418 5437 ι’
460 5394 693 5467 Pagonii:
726 5406 775 5450 et
800 5398 1078 5467 htgreticis.
1108 5395 1373 5467 Loquitur
1411 5397 1476 5452 de
1520 5396 1732 5454 Gothis.
1764 5394 1898 5448 Nam

321 5468 447 5546 quia
474 5464 809 5546 iiadagaisus
830 5464 1127 5546 Gothorum
1154 5464 1419 5546 re'aherat
1442 5480 1704 5546 paganus,
1729 5479 1901 5546 eoque

323 5534 897 5606 i‘nterl‘ectofreliquize
926 5535 1195 5606 exercitus
1235 5535 1395 5600 illius,
1432 5534 1688 5606 (iui'haud
1731 5534 1901 5606 dubie

317 5622 387 5672 ex
415 5607 641 5679 paganis
666 5604 966 5679 constabat,
998 5607 1064 5659 ad
1092 5605 1377 5679 Alaricum
1394 5604 1685 5679 trinisiere,
1710 5604 1902 5679 __homi-

319 5673 441 5739 nezn
471 5673 688 5749 q'uidcm
708 5673 1071 5749 Christianum
1099 5715 1114 5739 ,
1163 5675 1500 5749 sedAAt-ianze
1529 5673 1790 5749 perﬁdae
1818 5688 1902 5749 se-

316 5743 622 5816 ctatorem;
656 5743 998 5811 manifestum
1032 5753 1113 5800 cst
1160 5744 1363 5800 Gothos
1386 5787 1400 5813 ,
1453 5743 1567 5819 qui
1598 5759 1701 5799 non
1734 5744 1901 5799 multo

2002 4974 2375 5057 postﬁomam
2405 4984 2686 5044 ceperunt,
2717 4975 2915 5046 partim
2964 4992 3200 5049 paganos
3247 4979 3432 5045 fuisse,
3465 4996 3590 5052 par-

2004 5044 2102 5107 tim
2128 5044 2434 5126 hmreticos.
2679 5044 2733 5126 ,⁷
2912 5115 2925 5127 θ
3037 5044 3061 5049 ⁷
3111 5118 3125 5131 ο
3420 5044 3423 5045 ν
3465 5044 3513 5133 ’,
3576 5121 3587 5133 ,

2012 5185 2019 5186 7
2053 5126 2099 5186 Vc
2142 5112 2305 5186 italia
2332 5113 2735 5186 Ahangobardu.
2760 5115 3075 5186 _Conttgtsse
3111 5119 3165 5174 Id
3202 5134 3345 5174 anno
3387 5119 3590 5176 Christi

2005 5185 2118 5266 568'
2138 5184 2273 5240 duce
2315 5181 2544 5238 Alboino
2571 5181 3050 5255 Langobardorum
3078 5202 3206 5259 rege
3258 5191 3454 5260 proba;
3490 5190 3588 5245 Βι-

2003 5270 2618 5397 ὲοὲηῗίῗίιμᾳηι-σαίίάᾳηι.
2641 5322 2952 5397 Dejudicio
2971 5341 3125 5397 aqua:
3149 5327 3341 5384 calidas
3358 5337 3419 5385 ει
3454 5328 3589 5385 ferri

1946 5546 1949 5553 ‘
2003 5549 2090 5602 ep.
2125 5534 2192 5588 74
2223 5533 2401 5595 [venis
2437 5533 2822 5601 Carnotensis,
2866 5534 3212 5593 Sirmondum
3253 5538 3307 5592 in
3333 5539 3476 5594 amis
3518 5538 3588 5593 ad

2005 5602 2301 5677 Goﬂ'rjdum
2323 5602 2808 5677 ‘Vindocinensern,
2844 5607 2936 5663 lib.
2974 5623 3061 5671 ut,
3085 5623 3172 5677 ep.
3200 5608 3325 5677 38.7
3375 5622 3400 5657 ι.

2081 5685 2102 5712 ε
2125 5670 2500 5735 Gumtobados,
2527 5672 2583 5746 id_
2600 5683 2704 5746 est,
2730 5670 3134 5746 Burgundiones
3184 5687 3243 5732 ut
3276 5676 3478 5733 dictum
3500 5686 3588 5734 est

2006 5743 2071 5803 ad
2095 5750 2253 5813 caput
2287 5750 2541 5817 quartum
2570 5743 2732 5817 hujus
2766 5743 2909 5803 libri.
