4040 6182
339 242 452 299 Q33

1384 246 1475 303 DE
1516 247 1762 303 PRlVlL.
1808 248 1893 302 ET
1935 249 2112 303 JURE
2156 251 2584 341 SACEIlDO'l‘ll.

3516 273 3620 327 154

334 361 467 432 quia
499 374 604 412 non
631 358 916 412 exaudiam
945 366 1011 413 te.
1040 359 1307 416 Caeterum
1332 363 1478 432 quod
1508 378 1672 432 supra
1697 362 1932 417 diximus
1958 377 2007 434 Α
2036 366 2149 451 tum
2179 366 2503 431 sequestrati
2551 374 2678 420 sunt
2702 372 2772 422 'et
2812 368 3016 437 pradati
3067 374 3280 443 populo,
3333 386 3393 432 ut
3427 378 3616 451 jubeat

336 451 408 506 de
428 450 595 515 Cain;
628 451 674 504 si
698 465 800 519 pro
821 450 942 507 aliis
962 453 1295 508 sacrificium
1321 455 1786 527 obtulisset,quod
1813 457 1931 510 sine

337 543 610 598 charitate
637 542 754 597 ﬁeri
801 558 907 597 non
957 553 1135 613 potest
1156 587 1168 605 .
1197 547 1504 603 nullatenus
1544 547 1834 611 diceretur,
1861 547 1930 600 ad

335 635 472 690 Cain
499 641 557 689 et
581 634 649 688 ad
675 649 898 689 munera
933 635 1055 705 ejus
1080 652 1189 691 non
1220 640 1525 709 reSpexisse
1550 639 1854 704 Dominum,
1875 640 1930 693 in

335 727 799 795 consequentibus
859 728 1054 784 melius
1097 730 1587 795 demonstrabitur,
1644 731 1689 786 si
1749 739 1928 786 tamen

332 819 471 872 dare
486 819 743 887 dignatus
766 816 928 872 fuerit
948 818 1229 875 Dominus.
1260 820 1481 877 Interim
1507 823 1574 877 de
1602 822 1929 877 excellentia

334 920 391 964 et
420 911 684 981 dignitate
711 912 1003 967 sacerdotii
1029 913 1111 968 vel
1140 915 1483 971 sacerdotum
1520 926 1701 988 coepta
1744 932 1930 988 perse-

333 1002 593 1071 quatuor.

412 1092 496 1148 Vl.
527 1091 660 1158 Noe,
681 1106 783 1161 per
796 1107 957 1162 quem
981 1096 1291 1152 restitutum
1306 1107 1387 1153 est
1414 1116 1586 1170 genus
1607 1100 1922 1169 humanum,

332 1190 463 1254 post
489 1181 751 1238 diluvium
799 1185 1089 1241 :cdillcavit
1140 1189 1311 1245 altare
1359 1192 1608 1259 Domino,
1643 1205 1697 1248 et
1733 1197 1927 1251 obtulit

332 1272 682 1339 holocausta;
732 1276 1098 1348 odoratusque
1136 1290 1221 1336 est
1243 1281 1504 1339 Dominus
1531 1286 1753 1340 odorem
1793 1303 1921 1342 sua-

332 1363 541 1429 vitatis,
569 1372 626 1419 et
650 1364 731 1419 ait
752 1366 819 1420 ad
848 1382 972 1421 eum
1002 1387 1015 1422 :
1050 1368 1397 1441 Nequaquam
1431 1373 1572 1428 ultra
1608 1376 1920 1431 maledicam

328 1464 492 1509 terra!
509 1464 720 1525 propter
743 1457 996 1513 hommes.
1022 1459 1377 1519 Melchisedec
1400 1480 1493 1518 rex
1522 1465 1721 1530 Salcm,
1739 1483 1921 1521 sacer-

331 1542 433 1598 dos
451 1542 549 1599 Dei
574 1546 775 1601 excelsi
804 1546 972 1603 fuisse
995 1550 1281 1618 scribitur;
1322 1552 1389 1607 de
1416 1568 1526 1622 quo
1574 1554 1870 1624 Apostolus
1902 1576 1915 1609 :

330 1631 646 1701 Intuemini,
678 1637 773 1703 ait,
798 1650 1027 1709 quantus
1057 1641 1124 1695 sit
1152 1643 1263 1708 hic,
1288 1646 1374 1698 cui
1399 1654 1446 1697 et
1493 1645 1724 1700 decimas
1775 1648 1918 1702 dedit

2034 450 2294 505 Dominus
2323 453 2540 524 Moysen
2581 458 2763 515 dicere
2804 462 2905 526 eis,
2936 461 3116 518 Aaron
3148 467 3356 522 scilicet
3399 479 3454 525 et
3495 473 3622 531 ﬁliis

2031 537 2161 607 ejus
2184 557 2194 591 :
2227 539 2314 593 Sic
2342 542 2652 600 benedicetis
2677 548 2806 616 ﬁliis
2833 548 3025 605 Israel.
3052 554 3115 607 Et
3138 566 3260 624 post
3286 559 3620 617 benedictio-

2032 643 2177 693 nem,
2203 628 2547 698 lnrocabunt,
2563 636 2662 702 ait,
2683 655 2870 695 nomen
2888 659 3059 697 meum
3082 663 3239 715 super
3258 649 3399 718 ﬁlios
3425 652 3614 719 Israel,

2029 727 2077 770 et
2110 734 2204 788 ego
2233 718 2533 777 benedicam
2561 727 2659 783 eis.
2703 727 2822 784 Non
2864 732 2940 786 illi
2987 735 3336 806 benedicent,
3362 745 3455 798 sed
3481 759 3614 817 ego;

2028 806 2245 864 illorum
2270 820 2356 865 est
2379 812 2656 882 invocare,
2689 834 2867 875 meum
2898 833 2986 877 est
3028 826 3368 887 benedicere.
3400 834 3457 889 lu
3499 806 3620 905 qui-

2029 897 2131 951 bus
2155 901 2337 958 verbis
2370 919 2478 958 non
2517 908 2720 979 excipit
2766 911 2959 977 malos,
3009 917 3106 972 sed
3154 919 3220 974 de
3270 897 3534 981 omnibus
3561 929 3616 983 in

2028 1004 2315 1046 commune
2358 992 2617 1064 loquitur,
2643 998 2798 1054 Hunis
2836 1003 3088 1061 videlicet
3130 1016 3186 1062 et
3226 1012 3402 1067 malis.
3451 1015 3620 1073 Malos

2026 1077 2278 1146 dicimus,
2305 1083 2447 1138 sicut
2485 1087 2704 1142 luerunt
2747 1090 2944 1161 Ophni,
2988 1105 3046 1149 et
3092 1098 3343 1168 l’ltinecs,
3391 1104 3615 1173 Somna,

2026 1176 2080 1219 et
2107 1167 2436 1238 Pbadassur,
2460 1185 2515 1229 et
2558 1176 2743 1232 ueteri
2777 1182 2932 1247 tales,
2966 1185 3091 1242 licet
3134 1190 3223 1244 isti
3267 1167 3335 1247 in
3360 1167 3616 1265 prmsenti

2025 1256 2130 1310 vita
2149 1262 2449 1328 receperint
2465 1266 2777 1324 vindictam.
2796 1271 2907 1328 Nec
2922 1275 3258 1335 solummodo
3273 1256 3616 1343 sacerdotum

2024 1343 2124 1398 fuit
2159 1364 2316 1405 orare
2344 1357 2699 1425 pro-populo,
2731 1363 2826 1416 sed
2869 1373 2925 1417 et
2974 1370 3216 1424 omnium
3268 1371 3576 1433 Levitarum
3598 1422 3613 1445 ,

2024 1436 2165 1491 sicut
2191 1439 2306 1511 ipse
2336 1444 2601 1502 Dominus
2628 1448 2803 1505 dicit:
2840 1452 2959 1507 Tuli
3012 1457 3221 1514 Levites
3268 1481 3363 1533 pro
3415 1436 3615 1524 ("HCth

2020 1528 2380 1600 primogenitis
2403 1535 2640 1603 ﬁliorum
2665 1538 2860 1608 Israel,
2888 1546 3187 1618 tradidique
3216 1528 3302 1605 eos
3330 1554 3467 1608 dono
3503 1559 3612 1612 Au-

1984 1684 1989 1685 7
2023 1638 2117 1675 ron
2140 1633 2189 1677 et
2225 1626 2353 1690 ﬁliis
2383 1629 2499 1697 ejus
2549 1632 2614 1685 de
2657 1634 2828 1689 medio
2864 1639 3077 1707 pepuli,
3097 1651 3152 1695 ut
3206 1646 3432 1700 serviant
3483 1651 3612 1702 mihi

329 1728 399 1780 de
453 1730 732 1799 prtrci;uis
780 1730 1048 1786 Abraham
1100 1735 1428 1802 patriarcha.
1488 1735 1678 1792 Patres
1731 1738 1912 1805 electi,

2017 1729 2113 1782 pro
2143 1713 2313 1770 Israel
2340 1719 2392 1773 in
2423 1721 2763 1778 tabernaculo
2790 1725 3023 1793 foederis,
3055 1746 3095 1783 e.
3126 1744 3271 1788 orent
3300 1752 3394 1805 pro
3421 1739 3515 1803 eis,
3547 1756 3609 1793 ne

327 1820 604 1875 Abraham
635 1821 863 1886 scilicet,
906 1823 1056 1878 Isaac
1091 1833 1145 1880 et
1175 1823 1345 1881 Jacob
1382 1827 1490 1899 (de
1519 1829 1716 1898 quibus
1743 1830 1924 1884 Domi-

326 1924 437 1963 nus
458 1911 528 1964 ad
557 1911 725 1965 David
750 1911 987 1981 loquitur
1012 1928 1025 1966 :
1060 1912 1190 1968 Feci
1212 1932 1399 1970 nomen
1425 1927 1573 1971 tuum
1600 1919 1735 1972 sicut
1764 1922 1921 1974 unius

323 2017 640 2071 magnorum
658 2003 748 2073 qui
766 2002 1099 2058 celebrantur
1118 2006 1176 2059 in
1204 2006 1395 2078 terra),
1412 2008 1713 2064 aediﬁcasse
1734 2010 1922 2081 legun-

327 2096 422 2142 tur
444 2089 655 2144 altaria.
694 2091 890 2147 Beatus
927 2108 1141 2163 quoque
1165 2093 1269 2151 Job
1318 2097 1633 2154 holocausta
1671 2116 1770 2170 per
1813 2103 1923 2157 sin-

322 2179 483 2250 gulos
505 2181 620 2238 dies
640 2183 896 2238 scribitur
916 2185 1208 2254 obtulisse;
1249 2195 1326 2255 et,
1356 2201 1416 2244 ut
1443 2190 1637 2247 beatus
1660 2192 1921 2268 Hierony-

324 2289 449 2329 mus
471 2274 568 2340 ait,
601 2294 620 2327 ι
654 2275 893 2346 Antiqua
923 2276 1232 2334 Judzeorum
1255 2283 1475 2364 traditio
1501 2287 1769 2356 est,quod
1794 2297 1920 2344 ante

323 2370 501 2438 legem
529 2385 722 2426 omnes
748 2371 1093 2443 primogeniti
1123 2373 1325 2446 fuerint
1351 2379 1686 2446 sacerdotes,
1709 2391 1765 2436 et
1808 2383 1918 2439 Deo

322 2461 582 2514 victimas
611 2461 962 2516 immolarint.
996 2482 1014 2515 ι
1042 2463 1097 2517 In
1124 2463 1241 2534 lege
1267 2476 1447 2523 autem
1483 2471 1776 2526 assumitur
1813 2473 1916 2527 tri-

321 2548 426 2602 bus
460 2548 593 2601 Levi
621 2563 722 2618 pro
742 2550 888 2604 omni
911 2552 1273 2624 primogenita
1295 2557 1387 2625 qui
1413 2560 1588 2629 aperit
1617 2558 1828 2616 vulvam
1862 2563 1915 2617 in

324 2638 451 2693 [iliis
470 2638 661 2705 Israel,
693 2640 937 2710 ﬁuntque
964 2642 1165 2699 Levita:
1188 2645 1305 2711 Dei,
1335 2648 1643 2720 diciturque
1667 2653 1734 2707 ad
1763 2652 1913 2725 Moy-

321 2742 422 2782 sen
449 2745 464 2782 :
498 2727 642 2784 Tolle
665 2727 873 2785 Levites
897 2749 993 2802 pro
1026 2734 1389 2806 primogenitis
1435 2739 1672 2809 ﬁliorum
1719 2742 1912 2808 Israel,

320 2825 373 2869 et
402 2831 591 2886 pecora
628 2817 929 2875 Levitarum
956 2838 1052 2893 pro
1093 2827 1370 2895 pecoribus
1422 2846 1627 2899 eorum,
1654 2846 1912 2907 eruntque

318 2903 521 2960 Levita?
539 2909 661 2962 mei.
691 2908 806 2979 Ego
832 2927 950 2965 sum
975 2912 1254 2970 Dominus.
1284 2916 1551 2975 Externus
1588 2924 1680 2994 qui
1714 2925 1785 2978 ad
1820 2903 1913 2981 ini-

317 2997 655 3052 nistrandum
684 3003 991 3067 accesserit,
1018 3006 1292 3061 morietur.
1318 3008 1386 3062 Et
1414 3024 1505 3065 res
1529 3012 1669 3066 mira
1690 3054 1705 3079 ,
1728 3022 1784 3071 et
1820 3030 1913 3069 ve-

317 3091 605 3146 hementer
635 3094 929 3163 stupenda!
958 3093 1162 3152 Omnes
1187 3098 1387 3156 Levius
1410 3118 1550 3174 quos
1589 3120 1914 3163 numerave-

318 3191 451 3236 runt
475 3181 685 3254 Moyses
715 3193 771 3239 et
805 3184 989 3241 Aaron
1018 3187 1174 3256 juxta
1218 3200 1550 3262 praeceptum
1577 3195 1789 3252 Domini
1813 3214 1914 3268 per

320 3269 556 3327 familias
581 3288 712 3329 suas
738 3274 792 3328 iu
835 3290 1037 3346 genere
1078 3279 1383 3336 masculino
1406 3297 1439 3336 a
1469 3298 1658 3340 mense
1702 3301 1814 3342 uno
1854 3297 1912 3344 et

314 3376 506 3430 supra,
536 3361 758 3419 fuerunt
791 3367 982 3436 viginti
1018 3368 1124 3424 duo
1162 3369 1330 3425 millia
1352 3412 1368 3436 ,
1389 3372 1531 3428 sicut
1563 3375 1756 3445 viginti
1792 3376 1912 3433 dote

316 3450 515 3505 litterae
532 3452 672 3523 apud
710 3452 987 3520 Hebrmos,
1016 3466 1073 3512 et
1098 3457 1291 3530 viginti
1319 3460 1425 3515 duo
1450 3461 1574 3518 libri
1595 3464 1791 3521 divina:
1816 3482 1909 3523 au-

313 3540 590 3595 ctoritatis
607 3540 662 3594 in
685 3539 866 3597 Veteri
893 3544 1263 3602 Testamento.
1297 3546 1365 3604 Ut
1390 3548 1444 3603 id
1476 3551 1651 3622 ipsum
1674 3553 1746 3607 sit
1766 3554 1908 3623 quod

315 3632 372 3684 in
398 3628 816 3687 Deuteronomio
837 3634 1068 3690 dicitur:
1097 3635 1325 3709 Scripsit
1345 3641 1523 3712 itaque
1544 3642 1753 3712 Moyses
1767 3644 1905 3700 hanc

314 3718 484 3790 legem
532 3729 582 3774 et
637 3721 856 3777 tradidit
900 3741 1017 3779 eam
1066 3730 1422 3786 sacerdotibus
1462 3731 1589 3801 ﬁliis
1639 3733 1785 3800 Levi,
1815 3736 1907 3806 qui

313 3811 596 3878 portabant
621 3829 800 3867 arcam
822 3815 1030 3885 {aderis
1062 3817 1293 3886 Domini,
1311 3831 1360 3875 et
1389 3825 1588 3879 cunctis
1615 3826 1906 3881 senioribus

320 3897 564 3954 Israelis.

393 3989 502 4044 Vll.
552 3989 658 4047 Sed
683 4002 738 4048 et
771 3994 901 4051 illud
928 4000 1074 4053 omni
1127 4000 1489 4057 admiratione
1538 4005 1763 4076 dignum
1812 4021 1901 4062 est

312 4081 462 4150 quod
501 4083 844 4155 primogeniti
899 4084 1130 4145 ﬁliorum
1187 4091 1372 4157 Israel,
1399 4107 1497 4161 pro
1543 4095 1743 4163 quibus
1794 4096 1902 4152 dati

312 4185 446 4230 sunt
474 4175 571 4232 ﬁlii
613 4176 763 4245 Levi,
792 4179 1012 4238 fuerunt
1057 4184 1281 4240 masculi
1323 4199 1422 4256 per
1462 4187 1682 4243 nomina
1727 4204 1825 4245 sua
1870 4206 1901 4246 a

312 4282 504 4321 mense
542 4284 652 4324 uno
694 4278 749 4325 et
792 4286 976 4343 supra,
1008 4275 1195 4346 viginti
1223 4277 1331 4332 duo
1358 4277 1544 4342 millia,
1570 4280 1789 4335 ducenti
1817 4297 1903 4337 se-

310 4358 597 4429 ptuaginta
631 4368 764 4416 tres.
794 4361 928 4417 Nam
954 4363 1145 4434 viginti
1189 4365 1314 4429 duo,
1347 4375 1407 4420 ut
1436 4368 1638 4423 dictum
1662 4377 1769 4436 est,
1802 4387 1902 4426 nu-

2023 1805 2090 1857 sit
2128 1805 2180 1859 in
2207 1821 2402 1880 populo
2429 1811 2607 1883 plaga,
2630 1816 2676 1868 si
2703 1818 2821 1870 ausi
2850 1819 3047 1887 fuerint
3094 1825 3339 1880 accedere
3377 1828 3447 1880 ad
3487 1844 3612 1882 sun-

2023 1897 2306 1952 ctuarium.
2341 1901 2442 1956 Ubi
2485 1906 2781 1962 notandum
2824 1909 3037 1965 videtur
3064 1913 3189 1982 quia
3237 1916 3387 1972 sicut
3420 1934 3610 1975 omnes

2023 1990 2336 2047 sacerdotes
2360 2002 2414 2048 et
2437 1994 2641 2051 Levita:
2666 2002 2839 2055 sancti
2870 2002 3072 2072 etjusti
3114 2021 3235 2062 esse
3274 2026 3382 2065 non
3420 2023 3610 2080 potue-

2020 2092 2170 2150 runt,
2195 2086 2271 2140 ita
2295 2101 2398 2142 nec
2424 2103 2615 2147 omnes
2641 2096 2823 2149 caeteri
2859 2096 3114 2153 Israelita:
3142 2100 3312 2172 iniqui
3339 2114 3390 2159 et
3415 2119 3609 2175 pecca-

2021 2184 2166 2231 tores
2188 2179 2313 2235 :sed
2339 2188 2519 2236 tamen
2544 2198 2644 2253 per
2663 2201 2828 2255 pecca
2837 2199 2980 2245 tores
2995 2194 3304 2250 sacerdOLes
3319 2203 3373 2251 et
3394 2196 3611 2254 Levitas

2019 2270 2285 2340 completa
2314 2283 2441 2327 sunt
2464 2276 2722 2332 salutaria
2747 2281 3089 2353 populi,qu:c
3111 2300 3209 2356 per
3227 2287 3407 2358 justus
3424 2292 3608 2361 populi

2020 2361 2231 2432 impleri
2266 2381 2372 2420 non
2404 2376 2719 2436 potuerunt.
2768 2374 2835 2428 Et
2879 2390 3191 2447 quanquam
3235 2390 3439 2437 mtetna
3497 2385 3607 2440 vita

2017 2452 2137 2521 plus
2163 2456 2467 2526 dignisunt
2486 2457 2618 2527 justi
2655 2464 2944 2533 populares
2978 2483 3141 2537 quam
3192 2470 3377 2542 injusti
3424 2489 3610 2530 sacer-

2016 2544 2191 2611 dotes,
2214 2554 2393 2602 tamen
2416 2561 2758 2608 sacramenta
2778 2556 2833 2609 in
2855 2558 3051 2626 quibus
3080 2559 3227 2615 salus
3256 2564 3436 2634 populi
3470 2580 3603 2621 con-

2016 2636 2164 2692 sistit
2190 2654 2351 2710 agere
2380 2650 2607 2710 possunt
2623 2644 2808 2713 injusti
2831 2649 3163 2717 sacerdotes,
3181 2654 3327 2721 quod
3350 2670 3456 2709 nou
3480 2671 3609 2727 pos-

2014 2735 2140 2783 sunt
2161 2729 2294 2800 justi
2317 2731 2605 2802 populares
2631 2752 2644 2787 :
2670 2736 2879 2791 scilicet
2899 2740 3025 2808 quia
3048 2741 3190 2798 valet
3221 2744 3276 2798 in
3323 2748 3606 2816 qualicun-

2016 2832 2123 2887 que
2153 2820 2406 2875 miuistro
2453 2822 2570 2892 ipsa
2624 2822 2709 2880 vis
2758 2827 3068 2897 ministerii,
3118 2837 3260 2902 quod
3313 2832 3417 2891 nun
3466 2840 3608 2895 valet

2008 2906 2221 2976 justitia
2250 2910 2303 2964 in
2329 2926 2395 2966 eo
2425 2913 2510 2967 cui
2543 2930 2651 2968 non
2678 2919 2995 2973 conceditur
3020 2920 3239 2979 licentia
3286 2927 3601 2985 ministrau-

2014 3001 2089 3056 di.
2128 3001 2308 3072 Atque
2334 3004 2439 3059 hoc
2464 3006 2630 3061 etiam
2669 3015 2832 3078 atque
2867 3012 3032 3066 etiam
3063 3012 3271 3086 Moyses
3291 3019 3487 3087 populo
3517 3022 3599 3075 iu-

1939 3072 1985 3134 C
2019 3093 2219 3159 culcat,
2247 3095 2432 3151 dicens
2462 3114 2475 3151 :
2516 3096 2793 3169 Separauit
2830 3100 3090 3159 Dominus
3138 3072 3332 3160 lribuln
3365 3108 3506 3177 Leri,
3547 3124 3601 3166 ut

2012 3194 2245 3255 portaret
2273 3204 2452 3243 arcam
2474 3189 2686 3259 fwderis
2717 3192 2949 3259 Domini,
2980 3206 3028 3249 et
3060 3207 3222 3252 staret
3250 3216 3427 3256 coram
3457 3220 3515 3258 eo
3542 3204 3599 3259 in

2011 3278 2325 3345 ministerio,
2350 3296 2411 3333 ac
2439 3280 2761 3338 benediceret
2787 3286 2843 3338 in
2867 3288 3075 3343 nomine
3101 3289 3265 3345 illius.

2082 3367 2216 3423 Vill.
2267 3369 2326 3424 ln
2362 3378 2572 3425 tantum
2613 3365 2794 3428 aute‘m
2836 3377 2906 3432 ab
2950 3378 3075 3433 aliis
3118 3380 3428 3440 intcntanda
3477 3397 3604 3442 sunt

2010 3467 2353 3514 sacramenta
2376 3459 2585 3527 altaris,
2602 3470 2664 3517 ut
2682 3463 2828 3520 dicat
2852 3467 3117 3524 Dominus
3136 3471 3205 3526 ad
3221 3470 3401 3528 Aaron
3424 3493 3436 3528 :
3458 3475 3530 3529 Tu
3551 3488 3600 3531 et

2009 3552 2111 3621 ﬁlii
2137 3555 2217 3607 tui
2242 3563 2291 3608 et
2321 3554 2511 3610 domus
2548 3558 2717 3626 patris
2755 3562 2834 3614 tui
2866 3570 3059 3628 tecum,
3088 3566 3367 3635 portabitis
3406 3568 3600 3639 iniqui-

2009 3652 2167 3698 tatem
2195 3648 2512 3713 sanctuarii,
2540 3659 2588 3703 ct
2617 3658 2674 3704 tu
2713 3660 2760 3705 et
2786 3652 2889 3722 filii
2938 3655 3016 3708 tui
3064 3655 3225 3709 simul
3276 3660 3600 3717 sustinebitis

2006 3746 2220 3806 peccata
2247 3740 2529 3794 sacerdotii
2556 3745 2732 3796 vestri.
2768 3744 2833 3798 Et
2860 3755 2982 3815 post
3006 3746 3187 3817 aliqua
3218 3768 3229 3802 :
3261 3750 3323 3804 Si
3362 3754 3477 3822 quis
3503 3771 3598 3808 ex-

2008 3837 2187 3883 ternus
2218 3833 2512 3896 accesserit,
2543 3834 2828 3890 occidetur.
2874 3838 3027 3905 Quod
3061 3842 3376 3898 terribiliter
3402 3845 3600 3917 legitur

2008 3918 2357 3987 adimpletum
2387 3922 2441 3975 in
2463 3923 2593 3986 Oza,
2618 3940 2741 3978 eum
2771 3926 3065 3983 adduceret
3089 3929 3257 3986 David
3283 3949 3465 3989 arcam
3493 3935 3600 3992 Do-

2009 4009 2139 4062 mini
2167 4010 2233 4063 de
2257 4010 2419 4065 domo
2440 4012 2767 4081 Aminadab,
2787 4016 2929 4071 sicut
2954 4021 3215 4090 scriptum
3244 4032 3328 4080 est
3359 4043 3372 4080 :
3401 4024 3470 4081 Et
3497 4029 3596 4083 im—

2004 4109 2291 4168 posuerunt
2314 4117 2495 4155 arcam
2515 4101 2732 4159 Domini
2754 4123 2912 4178 super
2935 4108 3231 4179 plaustrum
3264 4131 3471 4181 nomon,
3505 4130 3596 4173 tu-

2004 4189 2279 4262 leruntque
2322 4210 2503 4249 arcam
2554 4196 2620 4251 de
2666 4198 2823 4254 domo
2870 4201 3187 4269 Aminadab,
3228 4207 3319 4278 qui
3373 4221 3486 4264 erat
3538 4213 3593 4268 in

2006 4279 2211 4338 Gabaa.
2252 4284 2363 4341 Oza
2393 4296 2576 4342 autem
2604 4295 2661 4344 et
2694 4289 2835 4346 Abio
2861 4291 2956 4348 lilii
2982 4293 3286 4352 Amittitan
3317 4300 3594 4358 minabant

2005 4373 2309 4442 plaustrum
2337 4391 2557 4431 novum.
2602 4377 2670 4433 Et
2695 4390 2817 4450 post
2845 4397 3016 4452 pauca
3043 4403 3056 4438 :
3088 4385 3376 4459 Postquam
3417 4403 3591 4447 autem

313 4461 467 4500 mero
493 4446 797 4503 litterarum
822 4451 1056 4506 concinit
1095 4461 1150 4509 et
1188 4452 1473 4520 librorum,
1502 4457 1706 4513 habent
1732 4475 1898 4529 supra
1926 4443 1981 4503 Ῐ)
2005 4474 2250 4518 venerunt
2282 4466 2353 4518 ad
2392 4483 2572 4521 arcam
2599 4468 2847 4539 Nar/ton,
2872 4475 3104 4529 extendit
3130 4494 3343 4533 manum
3383 4478 3495 4534 Οἰα
3519 4485 3592 4537 ad

310 4537 581 4607 duplicem
625 4541 1460 4614 centenarium,septemplieem
1489 4548 1810 4617 denarium,
1846 4560 1901 4606 et
2000 4569 2181 4607 arcani
2226 4553 2357 4619 Dei,
2410 4563 2459 4608 et
2517 4559 2683 4611 tenuit
2733 4576 2886 4625 eam,
2939 4564 3187 4632 quoniam
3243 4566 3589 4625 calcitrabant

309 4628 615 4699 simplicem
659 4633 981 4699 ternarium,
1020 4650 1278 4691 numeros
1318 4638 1375 4691 in
1406 4650 1434 4678 ι
1462 4639 1661 4695 divinis
1704 4641 1900 4698 litteris
1999 4642 2174 4708 boues,
2203 4653 2254 4698 et
2286 4643 2676 4701 declinaverunt
2719 4664 2855 4703 eam.
2885 4650 3168 4724 [ratusque
3215 4668 3289 4711 est
3336 4659 3589 4730 indigna—

309 4722 736 4778 sacratissimos.
762 4723 842 4777 Ex
863 4724 966 4781 hoc
983 4723 1095 4794 jam
1120 4737 1361 4797 tempore
1387 4746 1492 4785 non
1521 4733 1760 4801 oportuit
1779 4749 1898 4791 esse
2000 4733 2139 4788 tione
2163 4733 2420 4790 Dominus
2441 4747 2625 4792 contra
2662 4736 2851 4805 Orant,
2878 4751 2927 4797 et
2968 4747 3222 4814 percussit
3260 4765 3378 4803 eum
3432 4769 3590 4823 super

309 4813 623 4867 sacerdotes
676 4830 1030 4887 quoscunque
1077 4818 1481 4889 primigeuitos,
1529 4824 1623 4881 sed
1686 4832 1895 4880 tantum

310 4899 531 4958 Levitas
578 4902 719 4960 ﬁlios
770 4904 978 4973 Aaron,
1020 4909 1111 4978 qui
1159 4912 1393 4979 separati
1428 4923 1556 4968 sunt
1602 4930 1634 4968 a
1672 4917 1890 4985 populo,

306 4993 455 5047 sicut
487 4994 751 5064 scriptum
772 5005 856 5052 est
891 5016 905 5051 :
934 4997 1149 5054 Tribum
1188 4999 1312 5055 Levi
1347 5002 1455 5055 noli
1485 5018 1782 5071 numerare,
1806 5022 1895 5061 ne-

305 5100 409 5155 que
432 5100 601 5154 ponas
632 5102 893 5143 summam
920 5106 1101 5145 eorum
1133 5108 1252 5146 cum
1278 5092 1404 5163 ﬁliis
1438 5093 1640 5162 Israel,
1663 5097 1756 5151 sed
1777 5114 1896 5153 con-

303 5173 493 5227 stitues
536 5190 626 5230 eos
674 5193 833 5248 super
874 5178 1273 5236 tabernaculum
1313 5185 1613 5240 testimonii.
1666 5187 1735 5242 Et
1774 5197 1895 5259 post

302 5262 585 5333 paululum
615 5285 627 5319 :
660 5265 795 5322 Cum
824 5271 1260 5341 proﬁciscendum
1293 5274 1486 5345 fuerit,
1507 5277 1763 5349 deponent
1796 5280 1894 5336 Le-

303 5358 424 5411 ritte
470 5358 904 5428 tabernaculum;
953 5379 1073 5417 cum
1125 5368 1635 5436 castrametandum,
1670 5372 1886 5442 erigent.

306 5447 560 5519 Quisquis
580 5460 921 5509 externorum
948 5457 1245 5523 accesserit,
1273 5459 1561 5514 occidetur.
1588 5461 1655 5516 Et
1679 5462 1733 5516 in
1771 5472 1889 5518 tan-

1998 4827 2312 4891 temeritate,
2359 4831 2450 4899 qui
2502 4843 2743 4888 mortuus
2788 4846 2864 4889 est
2914 4837 2987 4891 ibi
3032 4838 3191 4908 juxta
3240 4860 3420 4898 arcam
3467 4845 3585 4900 Dei.

1995 4917 2159 4975 Certe
2180 4918 2289 4975 Osa
2321 4922 2624 4993 itzjunctum
2647 4927 2751 4982 sibi
2786 4928 3018 4986 oliieium
3046 4935 3258 5005 agebat,
3284 4936 3585 5006 plaustrum

1996 5009 2271 5076 minabat;
2324 5021 2378 5066 et
2404 5013 2651 5086 obsequii
2680 5018 2798 5088 ejus
2826 5035 2947 5075 esse
2968 5018 3268 5085 videbatur,
3296 5034 3355 5078 ut
3401 5041 3584 5081 arcam

1987 5097 2112 5164 Dei,
2152 5115 2314 5170 quam
2346 5105 2756 5164 recalcitrantes
2792 5110 2959 5167 boves
3006 5113 3417 5180 inclinaverunt,
3465 5131 3585 5173 sus-
3678 5110 3690 5119 ’

1992 5203 2248 5251 tentaret.
2274 5196 2474 5253 Verum
2500 5198 2629 5268 quia
2669 5216 2777 5257 non
2804 5211 2926 5258 erat
2946 5203 3103 5259 ofﬁcii
3132 5206 3248 5276 ejus
3278 5214 3335 5260 ut
3364 5223 3427 5263 ea
3456 5223 3585 5264 con-

1996 5287 2254 5358 tingeret.
2283 5289 2426 5360 quod
2453 5288 2542 5346 ille
2569 5291 2670 5348 sibi
2700 5294 2852 5351 visus
2893 5305 2977 5351 est
3019 5295 3215 5352 fecisse
3255 5299 3472 5368 pietate,
3497 5317 3585 5357 re»

1994 5385 2240 5449 putatum
2265 5380 2338 5437 illi
2367 5396 2396 5435 a
2431 5383 2544 5439 Deo
2569 5391 2655 5439 est
2686 5386 3001 5441 terribiliter
3026 5387 3078 5442 in
3122 5389 3506 5456 temeritatem,
3526 5398 3585 5448 ‘ct

1996 5475 2203 5524 tantam
2228 5472 2586 5528 temeritatem
2607 5490 2726 5544 qua:
2762 5477 2947 5532 statim
2974 5481 3166 5535 mortis
3193 5482 3455 5555 supplicio
3477 5484 3587 5557 ple-

1662 5570 1938 5631 BALUZII
1975 5575 2210 5633 ΝΟΉΕ.

375 5668 401 5700 ι
433 5653 636 5714 Divinis
662 5655 869 5714 litteris.
902 5658 980 5714 lta
1009 5659 1179 5715 codex
1212 5658 1410 5731 regius.
1439 5661 1544 5717 Sed
1576 5660 1960 5720 Marnaesianus
1987 5666 2175 5736 liabet,
2204 5668 2351 5724 libris
2372 5670 2583 5727 divinis.
