4040 6182
399 326 506 384 137

1443 324 1531 381 DE
1569 323 1821 382 PRIV'IL.
1861 321 1950 379 ET
1989 320 2163 380 JURE
2201 316 2633 384 SACERDOTII.

3585 326 3686 382 I38

391 458 516 500 sunt
569 439 836 510 sequitur,
885 445 941 492 et
986 451 1162 493 caecus
1206 451 1440 504 caecum;
1498 446 1552 493 et
1595 445 1988 506 consequenter
2015 443 2066 501 Α
2090 439 2284 509 scripta
2311 446 2433 496 sunt
2457 454 2475 494 :
2501 439 2750 510 quoniam
2790 437 2940 493 debet
2961 439 3017 492 in
3059 454 3146 510 spe
3175 437 3264 509 qui
3292 448 3410 493 arat
3432 456 3610 506 arare,
3638 453 3685 496 et

389 534 557 588 ambo
597 531 664 586 de
704 528 900 584 castris
943 526 1303 598 expellentur,
1358 529 1625 597 amboque
1674 528 1730 581 in
1779 526 1990 580 foveam

390 626 611 682 cadent.
660 620 778 675 Non
824 633 954 689 ergo
979 618 1125 672 aliud
1165 618 1359 673 doceat
1399 619 1673 683 sacerdos,
1705 618 1808 674 nisi
1847 616 1993 687 quod

392 715 660 772 Dominus
705 709 973 780 praecipit,
1024 717 1086 763 ut
1128 709 1422 764 salubriter
1467 709 1734 764 audiatur.
1797 707 1888 764 Sic
1937 714 1992 762 et

392 808 666 867 Ezechieli
696 805 958 862 Dominus
983 803 1257 873 loquitur:
1283 802 1478 856 Audies
1507 818 1628 873 ergo
1662 817 1727 856 ex-
1759 817 1849 855 ore
1876 816 1990 854 meo

391 916 710 962 sermonem,
751 905 800 951 et
821 893 1160 952 annuntiabis
1204 894 1279 946 eis
1303 909 1368 947 ea:
1406 909 1509 946 me.
1541 892 1764 958 Audies,
1795 891 1988 961 inquit,

395 1009 506 1049 non
522 988 763 1053 aliunde,
801 986 897 1042 sed
921 1001 986 1040 ea:
1014 1001 1101 1038 ore
1135 999 1268 1049 meo,
1313 993 1361 1038 et
1400 982 1737 1037 annuntiabis
1779 998 1844 1036 ea:
1885 997 1988 1048 me,

394 1099 505 1140 non
529 1099 598 1139 ex
637 1089 728 1136 te:
761 1079 886 1149 quia
915 1077 1007 1146 qui
1033 1075 1273 1146 loquitur
1305 1075 1666 1140 mendacium,
1697 1075 1763 1130 de
1790 1089 1890 1129 suo
1914 1074 1990 1129 lo-

393 1157 602 1246 quitur.
634 1172 678 1227 E
703 1169 980 1227 contrario
1008 1175 1210 1231 autem,
1247 1182 1399 1220 omne
1425 1165 1609 1220 datum
1639 1166 1910 1236 optimum,
1941 1175 1990 1218 et

393 1284 549 1323 omne
581 1266 777 1320 donum
813 1262 1120 1332 perfectum,
1148 1259 1426 1314 desursum
1456 1266 1552 1322 est,
1596 1266 1645 1311 et
1671 1256 1765 1311 tua:
1802 1256 1992 1310 uerita-

395 1358 466 1411 tis
504 1375 537 1410 a
587 1364 736 1426 patre
779 1352 1037 1405 luminum
1075 1358 1184 1413 est;
1216 1363 1319 1402 nec
1347 1355 1430 1402 est
1453 1346 1620 1401 ullum
1654 1347 1856 1401 bonum
1897 1355 1992 1400 aut

398 1464 609 1510 verum,
642 1444 746 1500 nisi
773 1444 841 1498 ab
877 1457 943 1497 eo
967 1442 1059 1512 qui
1087 1439 1236 1496 solus
1269 1452 1397 1492 vere
1423 1445 1618 1492 natura
1643 1444 1730 1491 est
1756 1436 1950 1491 bonus.

469 1538 540 1594 Χ.
571 1537 677 1594 Sed
705 1535 984 1590 videamus
1010 1541 1192 1586 utrum
1217 1529 1528 1600 apostolicae
1549 1542 1764 1597 quoque
1795 1527 1991 1582 litterae

393 1635 763 1687 consonanter
791 1625 896 1696 legi
925 1625 992 1680 de
1012 1623 1097 1678 his
1125 1622 1373 1678 doceant.
1404 1621 1602 1674 Beatus
1630 1619 1831 1674 Paulus
1868 1633 1992 1688 apo—

395 1719 572 1776 stolus
594 1717 660 1772 ad
685 1716 942 1771 Hebraeos
961 1712 1209 1768 scribens
1252 1729 1264 1764 :
1309 1707 1546 1774 Obedite,
1569 1708 1665 1772 ait,
1696 1709 1989 1778 propositis

2091 529 2183 597 qui
2213 529 2448 592 triturat,
2485 528 2539 582 in
2579 545 2667 599 spe
2691 527 2897 598 fruetus
2936 530 3275 600 percipiendi.
3306 529 3367 586 Si
3411 548 3506 587 nos
3546 532 3689 588 vobis

2093 619 2356 689 spiritalia
2379 622 2774 686 seminavimus,
2804 638 3053 692 magnum
3087 631 3162 677 est
3185 623 3231 677 si
3256 632 3425 679 vestra
3449 624 3690 680 carnalia

2093 723 2367 767 metamus.
2423 714 2490 767 Et
2530 721 2653 782 post
2696 727 2867 781 pauca
2897 729 2909 765 :
2948 711 3178 768 Nescitis
3214 715 3466 784 quoniam
3507 716 3600 786 qui
3635 717 3692 769 in

2093 803 2329 858 sacrario
2365 811 2666 873 operantur,
2699 817 2816 872 qua;
2842 802 2906 855 de
2935 804 3172 856 sacrario
3191 814 3338 870 sunt,
3368 805 3568 870 edunt;
3600 810 3694 877 qui

2095 891 2286 946 altario
2328 891 2642 954 deserviunt,
2683 907 2800 944 cum
2841 891 3032 971 altario
3073 893 3505 962 participantur?
3533 893 3617 948 fta
3643 905 3692 949 et

2093 981 2350 1036 Dominus
2400 982 2662 1036 ordinavit
2708 981 2790 1036 his
2832 982 2923 1052 qui
2961 981 3307 1052 Evangelium
3349 987 3687 1046 annuntiant,

2097 1074 2164 1130 de
2191 1074 2478 1146 Evangelia
2502 1077 2685 1130 vivere.
2713 1075 2957 1145 Itemque
2976 1076 3051 1131 ibi
3077 1092 3091 1130 :
3125 1075 3352 1132 Obsecro
3377 1089 3552 1134 autem
3580 1096 3688 1142 vos,

2094 1170 2305 1240 fratres,
2346 1170 2511 1224 nostis
2555 1169 2768 1224 domum
2814 1169 3099 1240 Stephants
3135 1180 3185 1225 et
3216 1169 3525 1239 Fortunati,
3553 1190 3686 1245 quo-

2093 1260 2238 1314 niam
2265 1267 2386 1313 sunt
2425 1259 2671 1329 primitiae
2712 1258 2948 1326 Achaia’,
2979 1270 3028 1314 et
3056 1261 3111 1314 in
3141 1261 3431 1316 ministerio
3471 1275 3684 1319 saneto-

2100 1365 2216 1402 rum
2255 1347 2623 1402 ordinaverunt
2650 1365 2704 1402 se
2727 1348 2888 1418 ipsos;
2922 1358 2978 1402 ut
2999 1359 3046 1403 et
3075 1367 3165 1404 vos
3187 1351 3384 1406 subditi
3405 1353 3521 1407 sitis
3547 1355 3693 1424 ejus-

2091 1438 2257 1504 modi,
2292 1447 2341 1492 et
2379 1439 2520 1490 omni
2547 1439 2850 1508 cooperanti
2875 1447 2924 1492 et
2949 1438 3230 1494 laboranti.
3265 1439 3483 1495 Gaudeo
3511 1454 3685 1498 autem

2091 1531 2148 1583 in
2175 1529 2456 1600 praesentia
2484 1526 2768 1599 Stephanaa
2794 1538 2843 1582 et
2871 1527 3159 1584 Fortunati
3198 1539 3247 1584 et
3286 1530 3524 1598 Achaici,
3555 1551 3688 1604 quo-

2093 1619 2238 1673 niam
2266 1618 2322 1672 id
2350 1617 2491 1689 quod
2530 1617 2672 1671 vobis
2698 1617 2894 1682 deerat,
2927 1619 3026 1689 ipsi
3053 1619 3440 1690 suppleverunt.
3473 1621 3692 1692 Refere-

2095 1720 2216 1765 runt
2257 1711 2446 1765 etenim
2491 1725 2662 1763 meum
2705 1709 2945 1779 spiritum
2993 1719 3040 1763 et
3088 1719 3338 1764 vestrum.
3381 1710 3690 1781 Cognoscite

398 1811 602 1874 miris,
630 1817 678 1862 et
709 1804 972 1875 subjacete
1002 1802 1094 1856 eis.
1123 1799 1236 1871 Ipsi
1276 1800 1414 1854 enim
1452 1796 1793 1870 pervigilant,
1835 1799 1990 1868 quasi
2016 1789 2063 1848 Β
2091 1818 2214 1872 ergo
2258 1801 2351 1872 qui
2377 1799 2642 1869 ejusmodi
2681 1809 2823 1854 sunt.
2854 1800 2986 1854 Item
3025 1801 3092 1854 ad
3133 1801 3683 1858 Thessalonicenses:

397 1903 655 1956 rationem
675 1914 770 1968 pro
807 1893 1084 1949 animabus
1108 1893 1289 1948 vestris
1314 1891 1608 1956 reddituri;
1632 1899 1687 1944 ut
1715 1907 1833 1944 cum
1852 1907 1986 1962 gau-

395 1995 485 2049 dio
535 1994 631 2048 hoc
677 1990 906 2061 faciant,
948 1997 996 2042 et
1042 2003 1146 2042 non
1192 1995 1472 2056 gementes.
1516 1981 1600 2038 Ad
1647 1983 1988 2039 Timotheum

397 2087 564 2141 etiam
595 2083 840 2140 scribens
862 2080 942 2136 ait
967 2097 981 2134 :
1017 2079 1120 2146 Qui
1147 2079 1276 2134 bene
1303 2087 1536 2148 pra'sunt
1557 2077 1866 2148 presbyteri,
1891 2077 1992 2131 du-

397 2177 525 2249 plici
549 2177 746 2230 honore
775 2173 922 2244 digni
944 2171 1256 2235 habeantur,
1278 2170 1508 2224 maxime
1534 2170 1625 2240 qui
1655 2167 1895 2223 laborant
1931 2169 1991 2222 in

397 2267 550 2321 verbo
590 2277 636 2319 et
660 2264 921 2318 doctrina.
948 2262 1088 2317 Dicit
1113 2262 1251 2315 enim
1275 2259 1574 2326 Scriptura,
1606 2258 1729 2314 Non
1756 2259 1991 2330 infrena-

381 2355 476 2413 nbis
506 2372 563 2409 os
592 2355 709 2408 bovi
739 2351 1035 2407 trituranti.
1064 2351 1131 2405 Et
1164 2367 1178 2402 :
1216 2349 1416 2420 Dignus
1445 2359 1522 2404 est
1551 2349 1824 2420 operarius
1848 2366 1988 2404 mer-

399 2444 527 2498 cede
549 2461 671 2497 sua.
707 2461 724 2494 ι
760 2441 878 2508 Qua
914 2440 970 2496 in
999 2454 1082 2506 re,
1122 2447 1181 2492 ut
1220 2439 1508 2495 aitbeatus
1528 2455 1666 2511 papa
1697 2438 1990 2511 Gregorius

397 2533 637 2608 (Domit.
665 2533 731 2587 17
761 2524 815 2588 in
840 2531 1089 2602 Evang.).
1111 2531 1576 2590 considerandum
1613 2539 1698 2588 est
1730 2532 1876 2601 quod
1899 2533 1988 2588 uni

395 2640 592 2682 eorum
640 2622 790 2693 operi
835 2622 954 2676 dua:
993 2621 1271 2676 mercedes
1318 2621 1608 2689 debentur,
1649 2638 1758 2678 una
1794 2624 1851 2678 in
1881 2624 1985 2688 via,

397 2719 568 2777 altera
602 2717 659 2770 in
693 2714 902 2785 patria;
936 2728 1042 2768 una
1071 2729 1193 2783 quae
1229 2728 1330 2769 nos
1379 2715 1434 2768 in
1472 2713 1660 2770 labore
1699 2722 1987 2780 sustentat,

399 2810 570 2866 altera
597 2822 716 2876 qua:
746 2819 846 2861 nos
892 2804 942 2858 in
990 2805 1391 2860 resurrectione
1433 2813 1764 2860 remunerat.
1803 2826 1821 2860 ι
1856 2805 1988 2862 Item

398 2898 471 2954 ad
493 2895 815 2958 Corinthios,
847 2894 987 2948 inter
1010 2892 1176 2948 multa
1203 2893 1270 2948 ad
1301 2893 1420 2950 haec
1445 2894 1794 2964 pertinentia,
1818 2896 1948 2952 dicit
1972 2914 1985 2950 :

403 2989 536 3057 Quis
555 2989 720 3060 pascit
743 3002 944 3058 greges,
987 2995 1034 3039 et
1066 2985 1130 3040 de
1169 2984 1302 3040 lacte
1339 2986 1510 3056 gregis
1538 3004 1642 3041 non
1667 2989 1991 3044 manducet!

2093 1891 2360 1962 Rogamus
2389 1899 2565 1944 autem
2607 1906 2718 1956 vos,
2750 1889 2964 1959 fratres,
3007 1899 3064 1944 ut
3098 1892 3345 1946 noveritis
3375 1907 3462 1946 eos
3488 1893 3580 1964 qui
3606 1891 3685 1946 la-

2095 1984 2281 2038 borant
2309 1985 2447 2038 inter
2482 1999 2593 2049 vos,
2632 1991 2681 2036 et
2710 1992 2941 2052 pra'sunt
2968 1982 3111 2037 vobis
3139 1985 3194 2036 in
3222 1982 3468 2048 Domino,
3500 1992 3550 2037 et
3573 2000 3687 2038 mo-

2091 2089 2213 2131 nent
2254 2092 2363 2140 vos,
2399 2084 2456 2130 ut
2505 2073 2741 2129 habeatis
2769 2072 2890 2128 illos
2937 2073 3292 2128 abundantius
3335 2074 3392 2128 in
3431 2073 3688 2128 charitate

2089 2178 2299 2239 propter
2321 2184 2450 2238 opus
2475 2166 2723 2220 illorum:
2748 2182 2930 2237 pacem
2956 2165 3139 2220 habete
3176 2181 3295 2220 cum
3326 2164 3423 2220 eis.
3637 2232 3639 2234 η

2160 2259 2247 2314 XI.
2275 2258 2400 2315 Haec
2430 2274 2600 2330 pauca
2630 2257 2844 2315 Veteris
2881 2272 2948 2312 ac
2971 2255 3106 2312 Novi
3147 2255 3481 2312 Testamenti
3509 2255 3677 2311 colle-

2088 2355 2265 2424 gimus
2309 2353 2642 2416 testimonia,
2683 2352 2738 2406 in
2781 2350 2982 2420 quibus
3025 2349 3181 2420 quasi
3211 2349 3266 2404 in
3298 2349 3518 2420 speculo
3545 2364 3682 2405 cou-

2091 2447 2233 2503 tueri
2275 2445 2548 2504 valeamus
2599 2443 2898 2500 fteditatem
2951 2442 3126 2498 nostri
3183 2441 3477 2511 temporis,
3530 2441 3681 2495 omui

2089 2538 2452 2608 lacrymarum
2505 2533 2655 2590 fonte
2709 2532 3070 2604 plorandum;
3133 2531 3354 2601 quando
3410 2530 3688 2586 increbuit

2085 2625 2422 2683 consuetudo
2465 2624 2649 2694 impia,
2697 2632 2758 2678 ut
2795 2611 2933 2694 pene
2959 2621 3139 2676 nullus
3171 2621 3484 2676 inveniatur
3509 2620 3683 2674 anhe-

2091 2717 2210 2773 lans
2241 2725 2298 2771 et
2339 2715 2874 2786 quantulumcunque
2916 2711 3207 2784 proficiens
3251 2711 3321 2767 ad
3368 2712 3604 2766 honores
3628 2719 3688 2765 et

2087 2809 2319 2883 gloriam
2367 2804 2742 2876 temporalem,
2772 2806 2867 2874 qui
2905 2819 3012 2859 non
3045 2816 3072 2845 ι
3101 2802 3456 2859 domesticum
3488 2801 3688 2857 habeat

2091 2898 2450 2961 sacerdotem,
2482 2910 2589 2950 non
2621 2893 2709 2948 cui
2744 2893 2984 2960 obediat,
3027 2893 3123 2948 sed
3151 2907 3183 2947 a
3211 2907 3320 2962 quo
3353 2891 3688 2948 incessanter

2097 2989 2280 3059 exigat
2329 2985 2537 3040 licitam
2590 2983 2750 3038 simul
2796 2990 2960 3052 atque
3013 2982 3255 3037 illicitum
3300 2981 3683 3046 obedientiam,

402 3078 657 3149 Nunquid
677 3075 964 3132 secundum
983 3074 1247 3129 hominem
1285 3075 1396 3130 ham
1418 3076 1679 3132 dico?An
1701 3087 1752 3132 et
1771 3077 1856 3134 lex
1878 3081 1990 3135 [nec
2023 3136 2061 3149 η
2093 3097 2202 3138 non
2231 3079 2406 3135 solum
2433 3079 2488 3133 in
2517 3076 2716 3132 divinis
2751 3073 2962 3143 ciliciis,
2986 3090 3177 3130 verum
3204 3075 3371 3130 etiam
3411 3075 3465 3130 in
3495 3075 3685 3130 Imma-

401 3186 506 3224 non
531 3167 698 3221 dicit?
730 3165 996 3236 Scriptum
1020 3172 1095 3218 est
1125 3165 1264 3218 enim
1288 3165 1343 3220 in
1364 3164 1475 3235 lege
1513 3165 1687 3238 Moysi
1713 3181 1731 3220 :
1758 3169 1880 3224 Non
1905 3171 1989 3226 al-

399 3257 589 3330 ligabis
618 3273 675 3312 os
714 3255 828 3311 bovi
854 3255 1145 3309 trituranti.
1186 3254 1442 3326 Nunquid
1481 3257 1547 3311 de
1574 3257 1735 3314 bobus
1764 3276 1893 3316 cura
1915 3273 1990 3318 est

399 3352 554 3410 Deo?
576 3351 660 3406 An
685 3359 896 3422 propter
935 3365 1028 3404 nos
1055 3351 1232 3422 utique
1261 3351 1431 3406 dicit?
1459 3352 1600 3408 Nam
1642 3365 1856 3426 propter
1895 3376 1990 3416 nos

2094 3176 2210 3242 nis;
2241 3175 2315 3228 ita
2349 3180 2408 3228 ut
2432 3170 2674 3241 plerique
2714 3168 3079 3234 inveniantur,
3122 3168 3214 3237 qui
3245 3175 3339 3222 aut
3364 3168 3433 3223 ad
3465 3181 3683 3223 mensas

2095 3267 2427 3328 ministrent,
2472 3269 2567 3315 aut
2607 3261 2634 3302 δ
2666 3269 2882 3316 saccata
2925 3260 3048 3314 vina
3087 3260 3368 3324 misceant,
3401 3267 3494 3315 aut
3520 3275 3687 3316 canes

2099 3363 2326 3425 ducant,
2353 3363 2448 3410 aut
2473 3351 2732 3420 caballos,
2755 3351 2951 3423 quibus
2989 3350 3203 3408 feminas
3231 3351 3442 3417 sedent,
3469 3360 3680 3423 regant,

1765 3452 2039 3543 BALUZH
2076 3485 2308 3546 NOTJE.

401 3599 486 3655 bit
522 3596 575 3652 in
602 3593 744 3650 libro
777 3610 816 3649 ιι
842 3594 907 3649 de
935 3593 1392 3659 consideratione,
1422 3611 1544 3665 cap.
1596 3596 1647 3648 1.
1684 3614 1703 3648 ι
1741 3595 1857 3653 Non
1903 3609 1989 3656 est

404 3683 542 3725 mete
569 3665 889 3739 humilitatis
916 3665 1122 3739 dictare
1162 3665 1258 3719 tibi
1290 3665 1370 3720 sic
1391 3665 1483 3739 vel
1529 3665 1617 3739 sic
1649 3665 1773 3739 fieri
1826 3669 1985 3739 quid-

444 3753 589 3792 nam.
611 3734 824 3790 Sufficit
849 3735 1130 3806 intimasse
1151 3746 1404 3804 oportere
1419 3736 1621 3806 aliquid
1639 3736 1754 3791 fieri
1780 3734 1922 3794 unde
1936 3749 1990 3796 et

449 3808 651 3864 cclesla
693 3805 1025 3876 consoletur,
1075 3813 1132 3876 et
1180 3805 1614 3861 obstruatur’os
1648 3807 1989 3876 loquentium

405 3879 609 3946 iniqua.
641 3897 659 3928 ι
686 3874 937 3930 Attamen
962 3875 1092 3930 illud
1121 3875 1173 3929 in
1201 3876 1394 3944 primis
1421 3891 1618 3931 curare
1638 3874 1836 3932 debent
1865 3881 1992 3934 sub-

398 3948 555 4019 jecti,
575 3962 654 4019 ne
695 3960 762 4019 ex
789 3960 855 4000 eo
885 3946 1026 4019 quod
1050 3946 1464 4014 praepositorum
1493 3946 1603 4000 vita
1649 3947 1993 4014 reprehensi-

402 4014 530 4078 bilis
573 4018 627 4071 in
662 4016 841 4085 aliquo
881 4014 1115 4080 videtur,
1147 4031 1241 4070 eos
1289 4024 1574 4084 propterea
1619 4025 1987 4072 contemnant.

411 4109 430 4139 ι
462 4087 692 4143 Subtilis
712 4085 916 4141 etenim
943 4086 1030 4139 via
1053 4086 1284 4140 tenenda
1306 4093 1392 4140 est
1425 4085 1768 4139 rectitudinis
1798 4095 1855 4140 et
1889 4087 1990 4140 hu-

406 4157 675 4221 militatis,
713 4164 773 4210 ut
807 4155 887 4210 sic
919 4151 1364 4224 reprehensibilia
1413 4155 1799 4225 magistrorum
1844 4155 1985 4212 facta

406 4227 750 4298 displiceant,
782 4233 1048 4298 quatenus
1074 4225 1592 4298 subditorummens
1637 4240 1668 4280 a
1721 4229 1985 4283 servanda

405 4296 705 4371 magisterii
761 4296 1065 4371 reverentia
1123 4309 1233 4371 non
1284 4296 1534 4371 recedat;
1591 4316 1610 4349 ι
1663 4304 1723 4350 ut
1769 4305 1990 4371 sanctus

406 4363 700 4441 Gre'gorius
720 4367 974 4441 admonet
997 4363 1050 4418 in
1085 4365 1276 4441 eodem
1305 4365 1600 4441 li_br0_xxv,
1625 4381 1745 4435 cap.
1777 4367 1867 4441 22.

480 4433 893 4508 H'Domesticum
938 4433 1280 4508 sacerdotem.
1330 4435 1634 4508 luvaluerat
1676 4433 1792 4508 aevo
1844 4437 1988 4508 Ago-

406 4509 564 4564 bardi
595 4523 712 4563 mos
743 4507 850 4568 ille,
877 4514 936 4561 ut
958 4506 1060 4559 viri
1085 4505 1357 4573 principes
1374 4506 1700 4562 domesticos
1723 4505 1987 4562 haberent

405 4579 742 4642 sacerdotes,
772 4576 864 4646 qui
891 4577 970 4631 eis
1002 4575 1180 4647 divina
1201 4573 1379 4629 officia
1409 4592 1473 4631 ac
1497 4577 1753 4647 mysteria
1783 4577 1838 4630 in
1864 4593 1987 4647 pos-

406 4648 743 4704 sessionibus
772 4643 826 4701 et
849 4647 993 4717 agris
1029 4643 1370 4717 celebrarent
1394 4660 1408 4700 :
1441 4643 1602 4717 idque
1633 4646 1842 4701 factum
1865 4643 1987 4701 'an-

407 4720 638 4789 tiquitus
657 4716 988 4789 indulgentia
1009 4716 1408 4789 episcoporum,
1436 4725 1497 4770 ut
1521 4724 1667 4789 patet
1691 4731 1757 4789 ex
1781 4731 1988 4789 canone

405 4785 486 4844 21'
515 4787 731 4843 concilii
785 4785 1130 4857 Agathensis.
1182 4785 1384 4840 Verum
1435 4802 1549 4857 aevo
1595 4786 1868 4856 Agobardi
1922 4801 1986 4841 ea

405 4856 1159 4926 episcoporum,indulgentia
1211 4863 1451 4926 verterat
1497 4856 1552 4912 in
1585 4857 1982 4912 necessitatem.

459 4925 607 4983 xstat
625 4928 770 4982 enim
802 4925 888 4980 lex
935 4925 1003 4980 de
1028 4942 1136 4981 non
1191 4925 1516 4996 repellendis
1569 4927 1801 4991 clericis,
1851 4942 1988 4996 quos

407 4999 534 5054 laici
562 4997 860 5052 obtulerint
883 4997 1170 5067 episcopis,
1205 5004 1265 5067 ut
1284 4997 1584 5067 presbyteri
1609 4997 1760 5060 fiant,
1792 4997 1930 5052 libro
1969 5013 1985 5052 ι

407 5068 823 5139 Capitularium,
858 5065 977 5139 cap.
1014 5065 1118 5139 _90_,
1150 5075 1205 5139 et
1253 5065 1348 5120 lib.
1395 5065 1464 5139 v,:
1501 5083 1621 5139 cap.
1673 5067 1795 5120 178.
1854 5067 1988 5139 Yide

408 5135 573 5194 etiam
602 5137 876 5208 Hincmari
901 5135 1146 5206 Capitula
1173 5136 1656 5208 datapresbyteris
1687 5151 1839 5208 anno
1858 5135 1982 5201 874,

407 5225 530 5280 cap.
562 5209 616 5263 5.
646 5207 784 5280 Hinc
811 5205 1013 5262 factum
1041 5213 1119 5272 ut,
1148 5205 1404 5280 quoniam
1421 5205 1733 5280 presbyteri
1752 5205 1841 5280 _i_lli
1869 5222 1984 5260 ma-

408 5277 617 5335 nebant
640 5278 782 5348 apud
810 5285 1109 5348 magnates,
1133 5278 1444 5348 presbyteri
1480 5277 1696 5332 illorum
1735 5277 1986 5332 diceren-

411 5361 522 5406 tur.
553 5348 706 5415 Quod

409 5417 527 5490 eius
559 5419 736 5490 episto

409 5486 532 5561 quae
559 5486 834 5561 eista_t__in_
866 5486 1136 5561 Chronico
1169 5486 1409 5561 Hugonis
1455 5487 1684 5561 abbatis
1712 5486 1986 5561 Flavinia-

407 5556 612 5618 éensis.
649 5579 666 5611 ι
703 5558 838 5614 lllud
870 5566 1072 5619 autem.
1107 5556 1310 5626 inquit,
1340 5557 1508 5613 frater
1535 5557 1876 5620 cbarissime,
1918 5556 1991 5610 ri-

411 5631 710 5687 diculosum
737 5629 938 5693 sonuit,
978 5629 1120 5697 quod
1147 5629 1361 5698 apicum
1388 5635 1601 5682 tuorum
1623 5627 1867 5698 gerulum
1894 5641 1990 5698 no;

411 5703 498 5758 bis
544 5700 962 5764 commendans,
996 5695 1147 5752 hunc
1181 5695 1558 5768 presbyterum
1597 5695 1716 5768 esse
1762 5695 1989 5768 Gerardi

414 5771 639 5829 illustris
668 5769 881 5826 comitis
903 5768 1246 5840 perliibuisti.
1290 5766 1489 5822 Verum
1521 5767 1650 5837 quid
1698 5767 1802 5825 hoc
1847 5767 1985 5822 scri-

817 5862 1094 5923 PsTnOL.
1140 5859 1298 5926 CIV.

729 5346 1121 5471 graviterotulit
1146 5346 1400 5402 Nicolaus
1425 5346 1446 5400 l
1472 5363 1628 5418 papa,
1654 5354 1712 5400 ut
1735 5355 1890 5428 patet
1918 5361 1988 5402 ex

729 5433 788 5471 ia
816 5419 884 5471 ad
912 5432 1224 5471 emsconum
1273 5419 1559 5471 quemdam
1610 5415 1944 5471 Gallicanum
1969 5456 1985 5471 .

756 5433 788 5472 a
816 5419 894 5488 ad
912 5417 1224 5488 episcopum
1273 5415 1559 5488 quemdam
1610 5415 1944 5488 Gallicanum
1969 5456 1985 5482 ,

2014 4472 2068 4532 D

2093 3602 2234 3657 bens
2267 3596 2555 3669 prudentia
2597 3607 2708 3669 tua
2741 3595 2924 3669 dicere
2971 3593 3224 3669 voluerit,
3250 3601 3307 3650 et
3348 3592 3485 3669 quid
3523 3609 3685 3668 super

2095 3662 2468 3739 hujuscemodi
2498 3668 2665 3739 verbo
2696 3664 3089 3739 intelligeretis,
3111 3662 3318 3739 fateor,
3348 3662 3447 3739 nos
3473 3662 3688 3734 ignora-

2097 3733 2239 3796 mus.
2273 3736 2844 3808 NunquidGerardus
2874 3733 3064 3808 comes
3110 3733 3260 3808 illum
3306 3733 3684 3808 presbyterum

2098 3804 2478 3867 consecravit?
2507 3806 2764 3874 Nunquid
2786 3806 2852 3859 de
2878 3805 3047 3874 ipsius
3067 3812 3151 3874 est
3176 3804 3440 3874 dioecesi?
3468 3804 3557 3874 ubi
3579 3805 3683 3860 hoc

2100 3879 2344 3950 legistih?
2370 3879 2460 3932 ubi
2495 3878 2600 3950 hoc
2613 3873 3184 3950 didicisti?’l\_lisi_quia
3224 3873 3526 3950 presbyteri
3573 3889 3681 3929 non

2100 3942 2410 4020 sp'ccialiter
2431 3945 2696 4020 copiosius,
2717 3943 3099 4020 possessionis,
3114 3950 3206 3996 aut
3222 3942 3466 4020 martyrii
3491 3957 3683 4020 secun-
3708 3987 3714 3996 .

2099 4011 2226 4074 dum
2255 4031 2440 4072 sacras
2482 4011 2794 4084 Scripturas
2830 4013 3172 4077 ordinantur,
3209 4011 3389 4084 sedin
3435 4012 3682 4070 domibus

2099 4090 2365 4144 laicorum
2414 4082 2842 4150 constituuntur,
2887 4098 3012 4138 cum
3063 4082 3413 4138 saecularibus
3449 4098 3678 4138 conver-

2098 4170 2322 4222 santur;
2350 4165 2408 4210 ut
2429 4157 2543 4228 jam
2571 4170 2676 4228 non
2700 4154 2816 4228 Dei,
2840 4168 2942 4228 nec
2963 4152 3220 4228 Ecclesia-
3248 4151 3556 4228 cujusl_i_l.iet,
3587 4155 3682 4210 sed

2097 4230 2242 4285 illius
2259 4223 2496 4292 comitis,
2515 4225 2726 4282 etillius
2748 4225 2904 4281 ducis
2927 4238 3050 4280 esse
3078 4223 3347 4294 dicantur.
3375 4244 3392 4277 ι
3413 4223 3681 4294 Hujusce-

2097 4299 2245 4355 modi
2274 4298 2524 4363 clericos,
2551 4297 2644 4368 qui
2690 4303 2912 4368 manent
2963 4296 3017 4350 in
3045 4293 3286 4368 familiis
3325 4293 3636 4368 magnarum
3663 4336 3680 4360 ,

2096 4368 2386 4440 acephalos
2413 4364 2772 4440 vocat'canon
2796 4367 2862 4421 l8
2891 4365 3084 4440 synodi
3104 4364 3545 4440 Ticinensis'sub
3571 4365 3678 4420 Lo-

2098 4435 2275 4495 thai'io
2321 4446 2377 4493 et
2425 4437 2698 4492 Ludovico
2748 4435 2932 4506 Augg.’
2955 4435 3242 4490 celebratae
3285 4435 3681 4506 circaannum

2093 4509 2198 4565 850
2227 4527 2240 4562 :
2279 4527 2298 4559 ‹
2335 4507 2492 4562 Nulla
2543 4506 2753 4561 ratione
2779 4504 2962 4560 clerici
2993 4513 3086 4560 aut
3106 4505 3416 4559 sacerdotes
3445 4504 3680 4558 habendi

2088 4588 2217 4635 sunt
2244 4620 2258 4643 ,
2300 4578 2390 4647 qui
2411 4575 2513 4632 sub
2547 4574 2743 4630 nullius
2773 4575 3009 4644 eiiscopi
3063 4574 3345 4644 disciplina
3395 4582 3450 4628 et
3533 4573 3676 4629 rovi-

2088 4650 2269 4697 dentia
2304 4648 2696 4697 gubernantur.
2731 4593 2890 4697 Tales
2923 4644 3069 4697 enim
3093 4643 3412 4697 acenhalos.
3450 4588 3526 4697 id)
3555 4653 3676 4697 est.

2088 4650 2270 4705 dentia
2304 4643 2896 4719 gubernantur._Ta_les_
2923 4643 3069 4698 enim
3093 4643 3412 4719 acephalos,
3450 4643 3506 4698 id
3555 4653 3642 4719 est
3665 4685 3680 4707 ,

2087 4721 2205 4774 sine
2238 4714 2447 4788 capite,
2483 4716 2662 4788 prisca
2691 4714 2949 4788 Ecclesia:
2974 4714 3676 4788 consuetudonuucupavil.

2087 4783 2322 4846 Docendi
2353 4783 2666 4858 sunt—igitur
2693 4785 2982 4858 sgeculares
3019 4783 3150 4850 viri',
3188 4785 3329 4858 utsi
3354 4785 3410 4839 in
3431 4783 3682 4858 domibus

2087 4861 2203 4915 suis
2232 4859 2489 4925 mysteria
2515 4854 2696 4912 divina
2719 4855 2923 4925 jugiter
2967 4855 3211 4911 exerceri
3240 4855 3501 4920 debeant,
3534 4854 3681 4923 quod

2088 4929 2246 4984 valde
2286 4917 2554 4982 laudabile
2581 4934 2684 4990 est,
2715 4917 2904 4986 ab'his
2933 4934 3115 4981 tamen
3153 4934 3458 4982 tractentur
3489 4917 3582 4992 qui
3612 4925 3682 4978 ab

2088 4997 2676 5068 episcopisexaminali
2705 4995 2927 5068 fuerint,
2958 5003 3012 5068 et
3033 4997 3102 5051 ab
3135 4994 3681 5068 ordinatoribus_suis

2088 5063 2541 5124 commendatiliis
2563 5066 2757 5122 litteris
2770 5067 3010 5122 comitati
3023 5069 3337 5136 probantur,
3353 5079 3474 5136 cum
3499 5063 3565 5136 ad
3591 5079 3681 5132 pe-

2090 5139 2306 5209 regrina
2335 5136 2762 5209 forteumigrare
2783 5146 2884 5209 est.
2926 5157 2944 5190 ι
2977 5133 3108 5209 Item
3141 5137 3388 5191 Urbanus
3414 5133 3476 5209 ll,
3508 5133 3560 5186 in
3592 5149 3683 5188 ca—

2090 5204 2231 5263 no'ne
2254 5209 2287 5263 9
2316 5206 2530 5262 concilii
2571 5204 2905 5276 Melphitani.
2941 5227 2960 5256 ‹
2996 5207 3134 5276 Quia
3181 5219 3377 5258 novum
3422 5204 3525 5258 hoc
3549 5210 3683 5276 tem-

2088 5293 2240 5358 pore,
2266 5277 2460 5358 inquit.
2500 5273 2822 5358 clericorum
2851 5275 3230 5358 aceplialorpm
3249 5273 3680 5358 genusemersit,

2089 5343 2178 5417 qui
2211 5343 2493 5402 morantur
2519 5348 2571 5402 in
2608 5347 2795 5413 curiis,
2827 5355 2882 5402 et
2907 5343 3039 5417 viris
3061 5343 3350 5417 etfeminis
3375 5344 3441 5398 ad
3470 5343 3553 5398 sui
3591 5357 3682 5417 or-

2089 5413 2231 5474 dinis
2265 5417 2498 5473 dedecus
2531 5418 2730 5473 subditi
2756 5457 2772 5482 ,
2798 5431 2921 5471 cum
2958 5416 3010 5468 in
3041 5414 3338 5470 canonibus
3365 5421 3584 5471 cautum
3610 5413 3684 5468 sit

2092 5504 2161 5543 ne
2197 5489 2320 5558 quis
2343 5488 2461 5543 sine
2489 5488 2708 5543 licentia
2728 5484 3247 5558 episcopi_clericus,
3269 5501 3376 5558 nec;
3393 5486 3680 5558 episcOpus

2091 5554 2648 5629 sine—metropolitano
2674 5554 2878 5612 curiam
2924 5554 3113 5629 adeat;
3163 5554 3524 5629 praecipiendo
3545 5569 3682 5623 prte-

2093 5629 2347 5698 cipimus,
2401 5625 2453 5683 ét
2478 5628 2827 5698 prohibentes
2879 5625 3269 5696 prohibemus,
3318 5625 3386 5681 ne
3422 5625 3547 5695 quis
3598 5637 3682 5678 re-

2094 5699 2265 5754 tineat
2291 5698 2620 5768 huiusmodi.
2663 5715 2681 5768 ι

2166 5770 2194 5810 δ
2222 5761 2444 5823 Sacrata
2477 5768 2615 5822 vina.
2675 5765 2751 5821 Ita
2810 5766 2978 5824 codex
3038 5768 3242 5838 regius,
3275 5767 3512 5833 itemque
3542 5761 3682 5819 hlar-

3249 5862 3286 5920 ii
