4048 6178
396 282 495 339 I59

1383 279 1440 334 S.
1481 274 1833 333 AGOBARDI
1873 272 2182 330 EPISCOI’I
2219 270 2707 330 LUGDUNENSIS

3538 269 3668 330 Mt)

385 408 481 456 aut
500 412 525 440 δ
545 398 747 472 agellos
769 398 1105 470 provideant.
1130 396 1197 452 Et
1221 395 1344 466 quia
1369 394 1523 459 tales,
1547 393 1614 449 de
1634 391 1832 462 quibus
1853 391 1971 446 haec
1996 397 2048 457 Α
2072 388 2213 458 quis,
2260 388 2445 444 dicens
2485 407 2498 442 :
2535 388 2664 443 Hmc
2706 388 2849 443 dicta
2899 397 3026 443 sunt
3073 390 3140 445 de
3189 390 3376 446 decem
3420 392 3674 447 tribubus

385 497 633 562 dicimus.
674 496 848 552 bonos
896 493 1208 549 sacerdotes
1243 492 1299 547 in
1340 489 1593 546 domibus
1631 488 1743 544 suis
1771 487 1973 543 habere

384 601 495 642 non
520 593 748 656 possunt
777 584 924 655 (nam
949 585 1072 656 quis
1099 591 1244 640 esset
1271 582 1444 637 bonus
1473 581 1702 636 clericus
1734 579 1824 650 qui
1851 591 1974 633 cum

385 675 588 731 talibus
627 673 940 730 hominibus
965 671 1309 729 dehonestari
1341 685 1536 726 nomen
1557 678 1612 725 et
1631 670 1798 724 vitam
1821 681 1975 723 suam

386 764 634 835 ferret?),
664 779 772 820 non
816 772 1010 819 curant
1036 763 1258 820 omnino
1286 761 1475 833 quales
1513 759 1698 816 clerici
1729 757 1805 813 illi
1841 757 1974 823 sint,

383 863 588 926 quanta
615 856 920 928 ignorantia
950 855 1102 921 caeci,
1131 854 1349 924 quantis
1372 851 1692 908 criminibus
1720 848 1973 916 involuti;

386 955 594 1004 tantum
635 956 698 1002 ut
741 948 978 1003 habeant
1023 947 1371 1017 presbyteros
1416 944 1699 1014 preprios,
1743 957 1976 1012 quorum

383 1043 669 1098 occasione
697 1042 952 1097 deserant
980 1039 1265 1104 ecclesias,
1310 1039 1339 1078 ιι
1388 1038 1655 1102 seniores,
1697 1043 1754 1090 et
1803 1034 1978 1092 oIIicia

384 1133 619 1202 publica.
649 1131 806 1198 Quod
835 1139 1016 1184 autem
1041 1145 1146 1184 non
1172 1127 1410 1184 habeant
1453 1141 1548 1182 eos
1588 1134 1812 1196 propter
1853 1125 1979 1182 reli-

385 1221 564 1294 gionis
582 1221 863 1284 honorem,
890 1225 1118 1290 apparet
1141 1233 1209 1272 ex
1229 1218 1334 1272 hoc
1354 1216 1498 1287 quod
1518 1231 1627 1270 non
1656 1217 1859 1271 habent
1883 1231 1978 1271 eos

384 1314 443 1371 in
480 1316 706 1370 honore.
754 1313 909 1370 Unde
953 1319 1007 1367 et
1045 1310 1433 1377 contumeliose
1477 1323 1574 1365 eos
1611 1307 1974 1374 nominantes,

385 1407 600 1477 quando
629 1404 814 1461 volunt
848 1404 968 1459 illos
994 1402 1236 1459 ordinari
1262 1402 1632 1472 presbyteros,
1659 1407 1852 1468 rogant
1878 1415 1977 1454 nos

385 1505 480 1554 aut
519 1496 732 1566 iubent,
783 1495 1028 1550 dicentes
1075 1512 1089 1547 :
1143 1491 1329 1548 Habeo
1385 1507 1551 1546 unum
1600 1491 1974 1557 clericionem,

385 1601 548 1656 quem
573 1584 706 1639 mihi
734 1582 934 1638 nutrivi
970 1583 1038 1639 de
1062 1582 1235 1638 servis
1262 1581 1401 1636 meis
1427 1580 1682 1651 propriis,
1714 1590 1808 1635 aut
1834 1591 1856 1619 ε
1889 1581 1980 1635 be-

385 1673 742 1738 neﬂcialihus,
780 1673 894 1728 sive
933 1671 964 1712 ἀ
1001 1670 1360 1743 pagensibus;
1412 1677 1506 1724 aut
1541 1670 1750 1725 obtinui
1781 1670 1850 1725 ab
1886 1669 1978 1724 illo

2075 479 2262 544 Israel,
2298 494 2419 549 quae
2445 494 2544 551 per
2568 473 2895 534 Hieroboam
2926 491 3272 536 recesserunt
3313 498 3344 536 a
3385 484 3548 539 domo
3572 486 3673 540 Da-

2077 570 2189 636 vid,
2213 578 2271 625 ct
2289 570 2508 626 civitate
2532 577 2741 634 sancta,
2759 583 2824 624 ac
2847 568 3048 639 templo
3088 576 3145 625 et
3170 570 3350 636 altari,
3379 572 3493 628 sive
3513 575 3673 629 mini-

2077 662 2244 718 sterio
2287 661 2582 716 electorum
2632 660 3011 728 sacerdotum;
3055 670 3108 716 et
3151 669 3439 732 propterea
3471 663 3676 724 debent

2075 751 2144 806 de
2173 751 2441 807 haereticis
2473 750 2720 822 intelligi,
2753 751 2847 821 qui
2881 752 3140 806 recedunt
3163 767 3192 806 a
3219 753 3334 808 veri
3375 755 3536 811 domo
3561 756 3670 812 Da-

2077 840 2186 905 vid,
2230 841 2282 894 id
2320 849 2404 896 est
2443 839 2668 905 Christi,
2708 848 2764 894 et
2805 855 2835 894 a
2872 841 3252 896 communione
3295 843 3380 898 vel
3422 844 3672 902 doctrina

2078 932 2420 986 sacerdotum
2451 931 2864 986 catholicorum.
2898 930 3006 986 Nos
3046 933 3116 988 ab
3151 931 3390 990 Ecclesia
3437 952 3544 992 non
3588 954 3676 994 re~

2076 1024 2340 1089 cedimus,
2388 1040 2491 1080 nec
2537 1026 2840 1095 spernimus
2887 1026 2908 1065 τ
2957 1025 3201 1081 nutrices
3247 1028 3536 1096 ecclesias;
3577 1032 3674 1088 sed

2077 1115 2339 1171 habemus
2372 1115 2682 1172 sacerdotes
2702 1116 2888 1186 quales
2908 1131 3219 1187 possumus.
3244 1116 3564 1176 Consideret
3579 1123 3672 1191 qui

2078 1205 2193 1262 hinc
2217 1206 2348 1261 dicit
2367 1207 2586 1278 quantis
2613 1207 2788 1262 modis
2809 1209 3081 1263 receditur
3112 1224 3144 1263 a
3177 1209 3338 1265 domo
3361 1221 3417 1266 et
3445 1229 3674 1285 corpore

2077 1297 2265 1364 David,
2303 1306 2358 1352 et
2386 1297 2627 1352 inveniet
2661 1299 2851 1368 procul
2895 1300 3057 1355 dubio
3101 1301 3256 1356 valde
3281 1318 3585 1374 congruere
3619 1307 3672 1361 in

2077 1386 2178 1442 hac
2206 1400 2267 1440 re
2291 1387 2544 1443 omnibus
2570 1388 2938 1458 improbandis
2959 1389 3136 1457 factis,
3179 1392 3319 1447 sicut
3343 1403 3398 1448 et
3425 1395 3674 1452 doctores

2078 1478 2250 1533 nostri
2277 1486 2584 1533 senserunt.
2613 1477 2932 1549 Quanquam
2959 1491 3088 1536 sunt
3123 1483 3244 1538 alite
3269 1484 3463 1540 divina:
3489 1497 3675 1542 aucto~

2079 1569 2256 1624 ritatis
2276 1569 2458 1624 multae
2477 1571 2778 1637 sententiae,
2803 1572 2856 1625 in
2881 1572 3074 1640 quibus
3098 1575 3215 1629 sine
3239 1578 3674 1634 contradictione

2081 1661 2368 1716 temeratio
2395 1668 2558 1717 tantae
2595 1663 2902 1719 sanctitatis
2948 1666 3210 1735 arguitur.
3246 1666 3400 1724 Sicut
3425 1679 3510 1725 est
3543 1671 3675 1728 illud

382 1765 469 1822 vel
512 1764 604 1820 illo
632 1763 869 1830 homine,
903 1763 1018 1818 sive
1064 1763 1132 1817 de
1170 1761 1262 1818 illo
1288 1761 1374 1817 vel
1411 1761 1502 1817 illo
1546 1775 1705 1831 pago.
1743 1761 1872 1817 Volo
1919 1768 1980 1816 ut
2007 1745 2054 1807 Β
2082 1755 2358 1812 Malachitc
2404 1757 2682 1828 propheta:
2732 1756 2792 1825 (ι,
2827 1757 2884 1827 8)
2922 1774 2934 1811 :
2979 1757 3038 1814 Si
3080 1760 3314 1829 offeratis
3359 1779 3555 1817 meum
3603 1767 3675 1820 ad

383 1853 606 1911 ordines
630 1868 753 1909 eum
785 1853 916 1908 mihi
939 1853 1339 1923 presbyterum.
1369 1850 1612 1921 Cumque
1642 1850 1845 1906 factum
1871 1849 1984 1906 fue-

383 1944 477 2007 rit,
517 1950 713 2014 putant
747 1957 815 1997 ex
855 1944 960 1997 hoc
991 1941 1136 2012 quod
1178 1953 1202 1982 ο
1232 1939 1456 2010 majoris
1489 1941 1699 1995 ordinis
1729 1941 1983 1996 sacerdo-

386 2041 472 2090 tes
499 2049 611 2090 non
639 2033 720 2090 eis
750 2033 860 2089 sint
882 2030 1197 2097 necessarii,
1237 2038 1293 2084 et
1321 2029 1700 2099 derelinquunt
1723 2028 1980 2100 frequen-

386 2140 474 2186 ter
501 2129 718 2200 publica
762 2126 937 2183 otiicia
981 2133 1038 2181 et
1082 2123 1549 2196 praedicamenta;
1595 2122 1981 2192 impletumque

382 2229 470 2278 est
492 2221 656 2276 etiam
687 2219 742 2274 in
771 2217 929 2274 nobis
966 2216 1110 2287 quod
1139 2217 1218 2270 ait
1249 2216 1512 2285 propheta
1544 2232 1557 2268 :
1596 2211 1833 2284 Populus
1859 2222 1980 2268 tuus

383 2314 521 2368 sicut
549 2312 604 2366 hi
633 2311 724 2383 qui
753 2307 1123 2365 contradicunt
1151 2306 1433 2362 sacerdoti.
1466 2304 1538 2359 Et
1563 2320 1775 2359 corruet
1803 2303 1979 2370 hodie,

383 2411 435 2456 et
465 2410 672 2457 corruet
703 2400 862 2456 etiam
891 2398 1144 2471 propheta
1169 2405 1361 2452 tecum.
1411 2395 1480 2450 Et
1515 2403 1639 2465 post
1664 2393 1977 2464 paululum:

385 2491 626 2550 Gloriam
658 2507 844 2548 eorum
885 2492 942 2546 in
973 2488 1314 2561 ignominiam
1356 2485 1706 2542 commutatio.
1754 2483 1981 2542 Peccata

383 2581 568 2654 populi
589 2581 695 2636 mei
723 2580 1016 2646 comedent,
1044 2587 1094 2634 et
1120 2577 1190 2632 ad
1228 2577 1557 2649 iniquitatem
1595 2593 1778 2632 eorum
1811 2576 1984 2632 suble—

385 2673 580 2727 oabunt
606 2671 816 2728 animas
839 2687 1041 2727 eorum.
1066 2669 1139 2725 Et
1163 2670 1260 2724 erit
1287 2669 1423 2724 sicut
1445 2668 1689 2741 populus,
1711 2670 1788 2724 sic
1815 2686 1984 2725 sacer-

385 2765 516 2831 dos,
561 2773 612 2820 et
653 2763 878 2820 visitabo
901 2779 1060 2835 super
1092 2777 1210 2816 eum
1247 2761 1358 2817 vias
1391 2761 1530 2831 ejus,
1568 2770 1616 2816 et
1644 2762 1982 2832 cogitationes

356 2854 511 2924 .ejus
538 2851 757 2907 reddam
784 2851 854 2906 ei.
881 2850 980 2907 Vel
1001 2849 1134 2905 illud
1169 2847 1315 2920 quod
1342 2849 1622 2919 Scriptura
1665 2849 1770 2904 alia
1803 2850 1981 2921 loqui-

389 2953 502 3010 tur,
529 2943 756 2998 dicens:
791 2939 919 2997 Post
962 2940 1074 2995 haec
1099 2939 1252 2996 verba
1283 2955 1386 2995 non
1411 2949 1488 2996 est
1520 2957 1753 2997 reuersus
1791 2941 1983 2997 Hiero-

383 3037 542 3092 tioam
588 3036 654 3091 de
697 3037 782 3092 uia
828 3051 929 3091 sua
972 3034 1199 3106 pessima
1227 3050 1247 3100 ;
1275 3032 1369 3089 sed
1409 3049 1438 3088 e
1463 3034 1732 3089 contrario
1774 3033 1892 3102 fecit
1916 3032 1982 3090 de

2079 1847 2482 1914 immolandum,
2509 1865 2682 1902 nonne
2721 1847 2918 1902 malum
2958 1851 3074 1904 est?
3096 1861 3144 1904 et
3188 1852 3236 1905 si
3263 1853 3500 1922 o/feratis
3527 1854 3676 1908 clau-

2081 1941 2207 1996 dum
2233 1952 2280 1995 et
2307 1941 2633 2012 languidum,
2668 1959 2840 1996 nonne
2875 1942 3073 1998 malum
3107 1945 3222 1998 est?
3249 1946 3380 2013 Quae
3405 1948 3676 2003 sententia

2079 2040 2261 2102 potest
2285 2022 2502 2101 quidem
2547 2040 2601 2086 et
2634 2031 2704 2087 de
2729 2031 2921 2088 hostiis
2955 2033 3264 2090 carnalibus
3309 2035 3393 2090 vel
3422 2036 3679 2107 spiritali-

2079 2120 2182 2177 bus
2207 2121 2516 2191 specialiter
2537 2122 2735 2191 accipi,
2765 2122 3084 2193 intelligitur
3110 2130 3290 2179 tamen
3319 2127 3677 2195 probabiliter

2079 2215 2246 2270 etiam
2297 2215 2364 2271 de
2406 2212 2776 2271 otl'erentibus.
2813 2215 3010 2270 Verum
3056 2217 3182 2285 quia
3228 2217 3297 2272 de
3344 2218 3449 2282 his,
3487 2219 3676 2287 quales

2080 2322 2203 2364 esse
2229 2307 2311 2363 vel
2347 2323 2453 2362 non
2490 2323 2612 2363 esse
2651 2307 2904 2373 debeant,
2933 2307 3154 2362 Patrum
3183 2309 3326 2364 dicta
3355 2319 3502 2378 sunt
3545 2311 3672 2382 plu-

2081 2400 2244 2465 rima,
2267 2399 2424 2454 nobis
2451 2414 2674 2454 necesse
2699 2407 2785 2454 est
2810 2415 2934 2455 cum
2964 2401 3110 2456 omni
3137 2402 3319 2458 cordis
3344 2405 3675 2462 contritione

2083 2498 2339 2556 tractare,
2363 2490 2458 2560 qui
2488 2490 2542 2547 in
2565 2491 2650 2546 his
2674 2491 2926 2561 pessimis
2951 2493 3284 2562 temporibus
3310 2495 3596 2553 ordinandi
3616 2505 3675 2553 et

2082 2580 2302 2652 regendi
2331 2581 2590 2638 ecclesias
2614 2582 2979 2638 ministerium
3004 2585 3186 2640 sortiti
3210 2601 3426 2651 sumus;
3457 2597 3517 2644 ut
3537 2589 3583 2644 si
3605 2605 3674 2645 ex

2081 2676 2199 2725 toto
2219 2684 2415 2726 cavere
2447 2685 2554 2726 non
2581 2685 2892 2741 possumus,
2922 2673 3115 2730 saltem
3141 2677 3675 2750 quantulumcunque

2083 2761 2239 2816 nobis
2259 2759 2392 2831 ipsis
2419 2775 2740 2819 succurrere
2761 2763 3094 2829 studeamus.
3135 2782 3203 2823 ne
3223 2769 3459 2837 peccatis
3484 2769 3675 2827 alienis

2081 2849 2566 2916 communicemus,
2608 2851 2737 2922 quia
2765 2859 2952 2908 nostra
2981 2855 3440 2924 superabundant,
3468 2865 3522 2912 et
3548 2873 3675 2912 cum

2082 2941 2398 3012 iniquitates
2442 2950 2645 2998 nostra:
2688 2957 3050 3014 supergressa:
3092 2944 3201 3000 sint
3241 2947 3418 3016 capita
3461 2957 3674 3016 nostra,

2085 3043 2141 3089 et
2167 3034 2308 3089 sicut
2328 3048 2465 3088 onus
2490 3049 2654 3105 grave
2682 3042 2920 3106 gravatae
2949 3035 3059 3092 sint
3079 3052 3242 3107 super
3266 3054 3385 3104 nos,
3412 3056 3518 3096 non
3539 3057 3675 3098 con-

387 3127 682 3183 nouissimis
732 3125 912 3198 populi
949 3124 1246 3180 sacerdotes
1291 3122 1634 3180 excelsorum.
1674 3122 1982 3196 Quicunque
2010 3111 2054 3174 C
2087 3133 2390 3181 temnamus
2428 3127 2517 3195 pie
2561 3134 2872 3182 monentem
2901 3127 3215 3198 Apostolum
3255 3146 3321 3185 ac
3357 3131 3628 3189 dicentem
3660 3153 3674 3189 :

387 3218 612 3285 uolebat,
659 3218 906 3289 implebat
958 3234 1175 3272 manum
1221 3232 1401 3285 suam,
1443 3226 1492 3272 et
1538 3216 1695 3286 ﬁebat
1737 3218 1983 3274 sacerdos

387 3311 732 3367 melsorum.
777 3309 847 3363 Et
873 3319 1083 3380 propter
1109 3309 1246 3364 lianc
1282 3326 1498 3364 causam
1537 3311 1767 3381 peccarit
1794 3310 1982 3366 domus

391 3399 732 3463 Ilieroboam,
763 3408 809 3453 et
832 3415 1007 3453 eversa
1037 3409 1114 3453 est
1147 3409 1195 3454 et
1225 3399 1394 3455 deleta
1424 3400 1488 3455 de
1524 3400 1796 3472 superﬁcie
1826 3410 1981 3457 terra:

390 3489 512 3562 (111
543 3490 673 3563 Reg.
706 3508 829 3557 xui,
857 3491 948 3557 '55,
979 3493 1092 3564 54).

461 3578 575 3636 ΧΠ.
607 3579 856 3636 Forsitan
889 3581 943 3636 in
974 3581 1058 3638 his
1092 3581 1303 3639 duabus
1327 3583 1611 3640 sententiis
1639 3585 1857 3640 resistat
1885 3585 1982 3640 ali-

2086 3215 2281 3270 Hanus
2307 3215 2408 3270 cito
2430 3217 2623 3270 nemini
2646 3217 2977 3288 imposueris,
3018 3235 3182 3290 neque
3210 3225 3680 3281 communicantis

2084 3307 2313 3376 peccatis
2334 3305 2540 3360 alienis.

2156 3396 2291 3452 XIII.
2332 3396 2534 3466 Nempe
2563 3411 2630 3450 ex
2674 3411 2782 3467 quo
2815 3396 2950 3456 ﬁdes
2991 3397 3194 3455 Christi
3233 3401 3434 3456 mundo
3465 3418 3676 3459 annun-

2086 3491 2220 3545 tiata
2253 3497 2337 3544 est
2367 3497 2422 3545 et
2459 3498 2699 3560 recepta,
2729 3504 2835 3543 non
2885 3489 3102 3545 fuerunt
3135 3499 3378 3548 rectores
3419 3494 3680 3549 ecclesia-

2087 3599 2206 3638 rum
2237 3582 2405 3638 lantis
2432 3581 2689 3652 periculis
2713 3590 2769 3638 et
2794 3590 2904 3636 tam
2933 3583 3193 3652 gravibus
3231 3591 3396 3654 atque
3439 3586 3676 3656 inevita-

1763 3674 2038 3732 BALUZII
2077 3672 2312 3730 NOTIE.

387 3767 620 3827 nmsiani
641 3783 669 3824 ς
692 3782 706 3831 ;
736 3781 845 3822 non
869 3773 1047 3822 autem
1066 3775 1298 3830 sacrata,
1321 3773 1380 3820 ut
1401 3767 1544 3822 male
1556 3766 1815 3834 scriptum
1831 3776 1910 3822 est
1931 3768 1982 3821 in

390 3840 629 3896 editione
675 3837 927 3892 Massoni.
960 3837 1188 3893 Saccata
1224 3837 1374 3902 vina,
1400 3838 1451 3892 id
1481 3847 1584 3898 est,
1611 3851 1710 3906 per
1761 3853 1980 3892 saccum

391 3910 566 3966 celata
599 3926 613 3964 :
643 3907 772 3963 illud
793 3909 1040 3963 fortassis
1057 3907 1201 3978 quod
1228 3923 1328 3963 nos
1348 3907 1510 3962 hodie
1537 3907 1766 3962 dicimus
1794 3910 1981 3963 vinum

393 3981 857 4060 hippocraticum;
887 3979 1044 4060 .quod
1080 3993 1254 4059 genus
1283 3978 1537 4060 potionis.
1563 3985 1647 4034 est
1681 3993 1886 4060 magno

2091 3779 2378 3844 εερροτψιι
2398 3763 2474 3844 sd
2501 3763 2832 3844 ιυάρῖίουιη
2863 3777 3054 3844 regem,
3075 3761 3381 3844 Germanis
3397 3780 3532 3844 .9ap-
3567 3767 3674 3844 12;

2096 3855 2115 3887 ι
2145 3833 2470 3906 Constituite
2497 3833 2730 3887 comites
2777 3833 3156 3906 etministros
3202 3833 3531 3906 reipublicae,
3579 3841 3673 3906 qui

2089 3921 2195 3960 non
2222 3905 2447 3974 diligant
2484 3918 2731 3969 munera,
2767 3904 2857 3971 qui
2881 3903 3067 3958 odiant
3108 3903 3410 3968 avaritiam,
3443 3908 3532 3974 qui
3579 3903 3675 3962 de-

2101 3984 2369 4031 testentur
2393 3974 2720 4043 superbiam,
2763 3975 3336 4046 quiinon‘opprimant
3371 3991 3547 4046 neque
3581 3978 3678 4032 de-

392 4043 653 4131 ns'u'apud
683 4064 777 4102 eos
810 4049 902 4131 qui
919 4043 1107 4102 'vitam'
1150 4047 1203 4100 in
1259 4043 1626 4118 voluptatibus
1678 4056 1734 4102 et
1776 4043 1994 4105 deliciis
2097 4047 2384 4131 bpnestgnt
2408 4043 2915 4131 pagenSEsAi-Yitde
2960 4043 3281 4131 BignOnium
3326 4045 3402 4131 in.
3429 4043 3680 4131 notisnad

393 4125 696 4188 transigere
726 4125 922 4188 amant.

469 4200 496 4229 ι
525 4186 733 4256 Agella:
759 4186 1086 4258 provideant,
1113 4187 1166 4240 id
1188 4194 1586 4258 est,iagrorum
1609 4202 1796 4241 curam
1823 4189 1992 4244 susci-

393 4256 567 4329 piant,
601 4264 656 4309 et
687 4264 975 4329 exactores
1005 4256 1138 4329 ﬁant
1175 4256 1441 4329 ﬁscalium
1467 4273 1671 4329 rerum,
1703 4258 1788 4311 vel
1847 4259 1991 4312 redi-

396 4326 570 4398 tuuin,
601 4326 1094 4398 iautvectigalium.
1122 4326 1268 4380 Istud
1308 4326 1596 4398 Agobardo
1633 4329 1986 4398 displicebat,

392 4397 750 4478 etdisplicuit
783 4397 1254 4478 etiamtngalribus
1284 4396 1500 4478 synodi
1529 4396 1837 4478 'I‘icinensis
1885 4399 1982 4454 ha-

392 4451 524 4523 bitas
551 4451 695 4539 eirea
719 4481 920 4539 annum
942 4467 1066 4539 ssc.
1095 4465 1187 4521 Sic
1208 4451 1354 4522 enim
1387 4451 1461 4522 illi
1489 4451 1863 4539 loquunturin
1886 4451 1983 4524 ὦ-
2007 4451 2060 4511 D

394 4554 536 4594 none
568 4538 670 4592 19:
709 4557 727 4588 ι
764 4536 869 4609 Sed
896 4545 950 4590 et
973 4538 1060 4592 ille
1094 4553 1350 4593 excessus
1377 4536 1701 4593 inbibehdus
1728 4548 1829 4600 est,
1872 4555 1982 4609 quo

394 4609 612 4677 quidam
643 4608 930 4680 saeculares
959 4609 1064 4663 viri
1091 4609 1442 4680 presbyteros
1471 4619 1566 4662 aut
1591 4609 1725 4663 alios
1752 4608 1981 4680 clericos

391 4680 773 4744 conductores,
801 4679 884 4749 vel
909 4679 1317 4749 procuratores,
1344 4679 1456 4733 sive
1482 4688 1768 4734 exactores
1815 4679 1980 4734 ﬁsca-

392 4749 522 4804 lium
551 4764 752 4812 rerum,
800 4748 886 4803 vel
915 4748 1226 4813 ’redituum,
1257 4757 1350 4802 aut
1381 4749 1749 4818 vectigalium,
1785 4750 1983 4804 consti-

395 4827 574 4874 tuunt.
611 4818 669 4872 Si
707 4818 841 4889 quis
880 4819 1044 4889 igitur
1078 4818 1331 4886 deinceps
1365 4817 1981 4886 hujuscxorbitationis

395 4905 521 4944 reus
545 4890 794 4943 inventus
818 4886 1002 4952 fuerit,
1031 4896 1261 4958 uterque
1295 4889 1820 4954 excommunicetnr,
1868 4898 1979 4944 tam

396 4961 511 5027 ipse
539 4960 630 5030 qui
668 4959 972 5023 constituit,
1021 4974 1182 5030 quam
1215 4958 1420 5030 illequi
1455 4959 1673 5030 indigne
1699 4960 1898 5030 paruit.
1955 4980 1973 5012 ι

393 5028 572 5099 Atque
600 5031 742 5085 istud
767 5030 941 5100 ipsum
970 5029 1208 5098 graviter
1237 5028 1492 5100 deinceps
1521 5028 1854 5100 prohibitum
1897 5039 1980 5085 est

396 5099 451 5152 in
479 5102 698 5170 synodis
728 5098 1087 5170 posteriorum
1119 5098 1459 5154 smculorum.
1490 5099 1690 5156 Verum
1728 5101 1868 5155 mala
1902 5115 1984 5155 re-

397 5115 451 5152 in
479 5115 698 5224 denOGlS
728 5115 1030 5170 poswrioru

397 5184 484 5240 me
526 5172 591 5240 iis
615 5172 1031 5240 praivaluerunt.

469 5239 805 5312 [,Seniorer.
843 5243 918 5296 Ita
945 5253 1170 5312 uterque
1213 5240 1406 5296 codex.
1461 5240 1746 5298 Massonus
1801 5249 1982 5297 tamen

396 5308 569 5362 edidit
591 5326 872 5365 sermones.
1084 5308 1100 5312 ⁷
1524 5341 1530 5344 -

473 5389 496 5416 α
523 5379 946 5445 Beneﬁcialibus,
987 5383 1039 5435 id
1075 5389 1180 5446 est,
1209 5379 1460 5446 vassalis,
1505 5382 1592 5437 vel
1639 5381 1978 5436 feudatariis.

399 5446 730 5522 Beneficium
769 5451 912 5504 enim
962 5461 1074 5506 tum
1105 5453 1402 5516 dicebatur,
1455 5453 1598 5522 quod
1630 5452 1847 5506 tendum
1882 5467 1980 5520 po—

397 5518 894 5594 steadnictum‘cst;
924 5530 984 5576 ut
1011 5523 1393 5578 adnotavimus
1435 5518 1502 5577 ad
1544 5523 1828 5594 epistolam
1880 5518 1983 5577 Il9

400 5587 534 5699 Lu‘pi
564 5587 951 5645 Ferrariensis.

539 5657 858 5699 Dnnpneibne
925 5661 951 5699 ίι

536 5657 858 5733 Pagensibus
879 5661 977 5733 ,_id
1007 5667 1124 5733 est,
1156 5678 1222 5733 ex
1251 5662 1317 5718 iis
1351 5664 1454 5733 qui
1496 5663 1548 5718 in
1587 5677 1724 5733 pago
1755 5664 1888 5718 mihi
1916 5665 1982 5719 ad

401 5729 698 5802 regendum
720 5730 1013 5786 commisso
1044 5731 1309 5785 habitant.
1342 5729 1420 5787 Ex
1450 5729 1818 5789 admonitione
1867 5737 1980 5804 epi-

2099 4115 2416 4171 Marculfum
2446 4113 2568 4182 pag.
2599 4114 2723 4180 518,
2753 4125 2808 4169 et
2836 4113 3182 4169 Sirmondum
3206 4115 3260 4169 in
3292 4116 3435 4171 notis
3456 4118 3524 4172 ad
3574 4119 3679 4173 Ca-

2099 4131 2416 4171 marcunum
2446 4131 2512 4182 pa
2556 4154 2568 4166 .
2599 4131 2723 4180 ore,
2753 4131 2808 4169 et
2836 4131 2956 4169 Sirn

2096 4187 2272 4257 pitula
2289 4185 2471 4257 Caroli
2514 4131 2684 4257 Ealvi,
2714 4200 2834 4254 pag.
2867 4185 2956 4257 47,

2173 4268 2197 4297 ο
2249 4255 2471 4325 Majoris
2511 4255 2712 4308 ordinis
2751 4255 3177 4329 sacerdotes,_id
3220 4263 3324 4321 est,
3371 4257 3679 4329 presbyteri

2096 4341 2234 4396 quos
2255 4341 2398 4380 nunc
2425 4340 2682 4396 vocamus
2715 4334 2958 4396 rectores
2976 4325 3339 4396 ecclesiarum
3387 4325 3678 4396 parochia-

2094 4395 2258 4459 lium;
2285 4410 2422 4470 quos
2442 4395 2898 4470 veroCregorius
2942 4395 3164 4470 Magnus
3191 4405 3351 4452 vocat
3389 4395 3679 4470 presbyte-

2088 4483 2178 4522 ros
2209 4465 2530 4531 cardinales,
2562 4465 2654 4519 lib.
2689 4465 2750 4531 ιι,
2808 4467 2966 4534 epist.
3001 4466 3055 4531 9,
3088 4475 3149 4521 ut
3176 4483 3204 4521 a
3236 4465 3446 4522 caeteris
3474 4465 3676 4523 distin-

2085 4546 2237 4608 guat,
2262 4536 2498 4605 itemque
2518 4535 2817 4608 Walteriiis
2857 4537 3141 4608 episcopus
3166 4536 3575 4608 Aurelianensis
3614 4540 3673 4596 in

2083 4607 2260 4678 capite
2330 4607 2576 4678 secundo
2619 4622 2840 4678 suorum
2895 4607 3287 4676 Capitulornm.
3341 4607 3459 4678 Quo
3503 4611 3673 4664 etiam

2083 4677 2244 4758 modo
2271 4677 2652 4758 intelligendus
2679 4684 2762 4731 est
2784 4677 2934 4758 locus
2963 4677 3177 4758 Leonis
3201 4693 3353 4758 papa:
3398 4677 3466 4758 de
3494 4695 3680 4734 sacer-

2081 4749 2300 4803 dotibus
2321 4747 2934 4818 cardinalibus,relatus
2961 4749 3014 4802 in
3050 4747 3189 4807 Iibr'o
3205 4747 3385 4818 primo
3414 4749 3676 4804 Decreta-

2081 4819 2213 4873 lium
2241 4819 2325 4873 tit.
2357 4819 2448 4883 (ΞΑ,
2474 4833 2592 4887 cap.
2623 4817 2678 4870 Ξ.
2710 4817 2894 4888 Neque
2932 4819 3077 4872 enim
3103 4817 3374 4873 assentior
3392 4818 3673 4884 Dnareno,

2083 4890 2175 4958 qui
2205 4889 2258 4942 in
2289 4889 2428 4944 libro
2462 4905 2498 4953 i,
2533 4903 2652 4956 cap.
2682 4889 2749 4942 l5
2781 4887 2847 4943 de
2871 4887 3058 4943 Sacris
3088 4888 3343 4943 Ecclesiae
3360 4889 3676 4946 Ministeriis

2084 4961 2231 5030 hunc
2255 4959 2434 5014 locum
2459 4959 2850 5028 interpretatur
2879 4959 3312 5030 ideipresbyteris
3337 4960 3426 5028 qui
3468 4960 3522 5012 in
3556 4977 3676 5014 ma-

2076 5029 2197 5100 jore
2220 5029 2476 5094 ecclesia,
2508 5045 2670 5098 quam
2698 5029 3357 5100 cathedraleuidicimus,
3389 5045 3503 5084 rem
3537 5031 3676 5084 divi-

2083 5099 2209 5155 nam
2234 5101 2392 5154 simul
2417 5115 2540 5153 cum
2562 5100 2815 5169 episcopo
2861 5113 2960 5152 suo
2985 5099 3207 5165 iaciunt,
3241 5101 3484 5154 canonici
3512 5100 3676 5156 hodie

2082 5171 2244 5240 vulgo
2256 5169 2542 5240 appellati.

2163 5238 2198 5278 Γ
2244 5239 2494 5311 Nutrices
2535 5238 2822 5303 ecclesias,
2882 5239 2937 5294 id
2982 5248 3088 5311 est,
3143 5240 3485 5310 parochiales
3532 5240 3679 5311 apud

2083 5326 2223 5382 quas
2252 5310 2437 5364 inserti
2493 5325 2693 5382 sumus
2725 5311 2940 5382 corpori
2991 5309 3219 5376 Christi,
3269 5323 3325 5366 et
3377 5313 3430 5364 in
3475 5309 3679 5380 quibus

2085 5379 2296 5436 educati
2327 5396 2530 5435 sumus.
2570 5379 2786 5433 Eaedem
2821 5381 2980 5435 dicta:
3011 5391 3137 5435 sunt
3166 5383 3410 5436 matrices
3441 5379 3508 5434 ini
3544 5397 3679 5434 con-

2086 5451 2212 5506 cilio
2236 5450 2598 5505 Cabillonensi
2631 5451 2774 5519 quod
2797 5465 2939 5504 anno
2966 5452 3069 5506 915
3106 5453 3349 5506 habitum
3387 5458 3492 5514 est,
3521 5449 3681 5519 cujus

2087 5523 2456 5593 fragmentum
2473 5517 2983 5593 ediditISei-‘ertius,
3011 5522 3248 5593 itemque
3283 5523 3428 5593 apud
3453 5517 3678 5593 lvonem

2087 5595 2139 5648 in
2175 5589 2404 5664 epistola
2439 5589 2645 5664 l75.kl_n
2675 5591 2910 5664 concilio
2941 5589 3678 5664 tamen,Carthagineliabito

2087 5660 2229 5718 anno
2250 5661 2376 5726 M8,
2401 5675 2520 5715 can.
2554 5661 2641 5727 55,
2666 5662 2912 5719 matricis
2940 5662 3186 5719 ecclesiae
3213 5660 3432 5721 nomine
3470 5660 3675 5726 intelli-

2086 5737 2230 5805 gitur
2267 5730 2610 5788 cathedralis.
