4040 6182
421 352 522 408 ιιι

1453 345 1543 403 DE
1580 343 1826 402 PRlVlL.
1865 342 1954 399 ET
1993 341 2168 400 JURE
2205 339 2633 400 SACERDOTII.

3600 343 3703 398 ιη

418 469 621 527 bilibus
679 464 1048 534 circumsepti.
1091 462 1260 531 Quia.
1308 462 1449 517 sicut
1483 459 1596 528 jam
1638 451 1846 514 dictum
1890 471 2012 512 esse
2041 465 2090 523 Α
2117 453 2254 508 Ecce
2310 471 2402 524 ego
2450 455 2716 509 vobiscum
2756 443 2870 508 sum
2919 453 3156 508 omnibus
3194 451 3375 507 diebus
3428 468 3590 524 usque
3633 457 3724 514 ad

421 556 791 617 meminimus,
832 554 1064 608 mundus
1111 555 1166 608 in
1223 553 1380 607 annis
1429 550 1725 622 prioribus,
1767 546 1915 602 velut
1960 547 2015 601 in

417 648 700 718 iuventute
729 646 920 715 viguit.
950 645 1019 698 At
1046 659 1191 700 nunc
1227 645 1339 714 ipsa
1382 658 1480 697 sua
1521 648 1800 697 senectute
1839 639 2017 708 depri-

421 738 610 803 mitur,
641 744 699 792 et
724 735 883 806 quasi
921 736 990 790 ad
1035 736 1268 791 vicinam
1316 741 1546 788 mortem
1594 730 1860 786 molestiis
1899 745 2017 785 cre—

420 827 704 884 scentibus
739 833 984 896 urgetur.
1015 824 1168 891 Quod
1194 839 1293 878 nos
1312 824 1517 892 absque
1540 820 1793 892 ambiguo
1823 821 1890 874 de
1916 819 2020 874 Ec-

423 919 588 975 clesia
615 916 797 972 dicere
826 930 1134 985 possumus,
1177 929 1298 985 qua:
1344 913 1397 967 in
1437 912 1598 967 annis
1635 909 1909 979 prioribus
1949 907 2019 963 ad

426 1009 770 1067 tolerantiam
810 1007 1121 1076 passionum
1163 1007 1406 1069 robusta,
1435 1005 1488 1058 in
1523 1001 1853 1074 perfectione
1878 1000 2020 1055 veri-

427 1103 558 1159 tatis
582 1107 784 1162 erecta,
818 1099 886 1154 ad
910 1098 1276 1154 ostensionem
1303 1097 1584 1167 signorum
1613 1091 1808 1156 valida,
1840 1089 2020 1145 studio

427 1191 687 1248 mirandae
710 1188 1057 1246 continentiae
1085 1196 1140 1242 et
1160 1186 1501 1244 abstinentia:
1532 1183 1794 1246 accincta,
1828 1187 2019 1236 contra

428 1285 635 1340 rabiem
671 1281 920 1352 luporum
961 1279 1216 1345 sollicita,
1261 1279 1330 1333 ad
1373 1275 1734 1332 resistendum
1762 1274 2021 1343 improbis

357 1421 366 1428 .
427 1377 619 1433 libera.
656 1374 726 1428 At
761 1388 903 1428 nunc
930 1371 1184 1428 omnibus
1225 1370 1632 1426 inﬁrmitatibus
1659 1368 1861 1423 mentis
1887 1380 1914 1408 ι
1945 1369 2021 1421 ita

428 1477 516 1524 est
555 1466 826 1537 languida,
874 1465 1077 1520 utbad
1118 1462 1658 1530 dicendumquidem
1703 1473 1802 1514 nec
1849 1467 2021 1513 tutum

430 1561 522 1623 sit,
548 1573 646 1613 nec
674 1556 959 1627 possibile;
981 1555 1050 1609 ad
1074 1554 1371 1610 cavendum
1399 1565 1546 1616 vero,
1573 1564 1671 1604 nec
1688 1556 2019 1618 promptum,

432 1664 534 1704 nec
569 1649 744 1703 facile.
776 1647 954 1716 Atque
983 1645 1190 1699 utinam
1219 1643 1301 1697 vel
1329 1641 1512 1697 dolere
1540 1639 1701 1708 digne
1738 1650 2023 1707 possemus

434 1757 604 1796 annos
649 1741 782 1794 istos
819 1737 978 1792 famis
1003 1745 1059 1792 et
1087 1735 1412 1799 sterilitatis,
1453 1747 1590 1802 quos
1616 1744 1715 1800 per
1752 1729 2023 1786 somnium

2118 547 2617 600 consummationent
2653 544 2853 612 seaculi,
2901 545 3091 616 procul
3129 544 3294 600 dubio
3315 543 3339 584 δ
3371 552 3532 600 erunt
3557 559 3704 599 sem-

2116 653 2216 708 per
2237 638 2291 692 in
2314 637 2580 703 Ecclesia,
2608 651 2731 691 cum
2760 637 2955 706 quibus
2985 636 3074 692 ille
3099 636 3192 702 sit,
3213 643 3484 706 eruntque
3514 634 3704 690 fortis-

2117 728 2241 784 simi
2271 743 2334 782 ac
2368 727 2728 783 robustissimi
2757 734 3084 798 pugnatores
3105 725 3223 792 Dei,
3251 727 3538 782 adversum
3569 739 3706 795 quos

2118 819 2205 873 ille
2234 818 2328 888 qui
2351 833 2494 873 nunc
2530 818 2727 890 ligatus
2753 827 2841 872 est
2870 817 2924 871 in
2954 816 3174 887 abysso,
3203 815 3433 882 solutus,
3463 815 3592 871 totis
3633 817 3704 869 vi-

2119 909 2270 962 ribus
2331 908 2680 977 permittetur
2724 905 3064 976 belligerare,
3110 919 3246 974 quos
3303 903 3488 959 divina
3531 905 3705 975 gratia

2119 999 2342 1054 idoneos
2371 999 2559 1053 reddet
2585 998 2876 1053 adversum
2904 1005 3016 1050 tam
3053 997 3343 1050 immanem
3372 997 3602 1051 bestiam
3629 997 3705 1052 di-

2119 1091 2342 1154 micare,
2376 1095 2431 1144 et
2449 1089 2684 1142 victores
2713 1087 2780 1142 de
2808 1101 2871 1142 ea
2899 1086 3154 1142 existere.
3197 1084 3564 1140 Adbortemur
3603 1085 3701 1138 ita-

2120 1195 2225 1252 que
2253 1179 2613 1248 nosmetipsos
2648 1193 2746 1248 per
2789 1176 3030 1248 singulos
3073 1176 3210 1241 dies,
3253 1191 3361 1231 non
3398 1177 3711 1232 deserentes

2121 1271 2494 1326 collectionem
2525 1277 2786 1324 nostram.
2815 1267 3112 1322 Audiamus
3140 1267 3428 1321 Dominum
3465 1281 3564 1336 per
3590 1281 3714 1336 pm-

2120 1360 2340 1429 phetam
2368 1367 2674 1413 monentem
2702 1375 2715 1411 :
2746 1355 3067 1428 Congregatc
3088 1356 3322 1409 triticum
3365 1355 3419 1408 in
3461 1355 3707 1410 horreum

2121 1467 2316 1514 meum,
2342 1460 2388 1503 et
2412 1450 2477 1504 sit
2506 1449 2651 1503 cibus
2675 1449 2730 1502 in
2748 1448 2902 1502 domo
2928 1464 3062 1501 mea.
3087 1446 3352 1501 Triticum
3377 1446 3564 1515 utique
3585 1447 3715 1502 illud

2122 1543 2514 1612 evangelicum,
2555 1541 2624 1596 dc
2649 1555 2755 1611 quo
2791 1540 2992 1595 dicitur
3033 1557 3046 1593 :
3093 1537 3222 1604 Quis
3250 1547 3405 1610 putas
3439 1547 3514 1593 est
3541 1539 3712 1608 ﬁdelis

2123 1633 2456 1703 dispensator
2495 1641 2541 1686 et
2569 1632 2819 1703 prudens,
2861 1647 3013 1703 quem
3035 1630 3299 1685 constituit
3345 1628 3600 1684 Dominus
3623 1646 3717 1686 su-

2125 1742 2218 1797 per
2247 1724 2507 1795 familiam
2532 1741 2707 1790 suam,
2734 1733 2789 1778 ut
2815 1723 2901 1778 det
2923 1722 3029 1776 illis
3054 1722 3109 1775 in
3135 1731 3362 1792 tempore
3385 1721 3549 1776 tritici
3569 1738 3716 1777 men-

435 1830 642 1885 Pharao
673 1828 829 1892 vidit,
867 1825 1066 1897 Josepb
1095 1827 1179 1880 vir
1221 1833 1442 1880 sanctus
1475 1821 1742 1876 intellexit
1776 1828 1831 1874 et
1857 1834 2021 1889 expo-
2050 1810 2096 1868 B
2123 1818 2348 1872 suram?
2384 1817 2582 1872 Beatus
2610 1817 2748 1870 enim
2793 1815 2884 1870 ille
2917 1831 3113 1881 servus,
3139 1831 3314 1887 quem,
3359 1830 3480 1870 cum
3520 1817 3713 1870 uenerit

437 1925 564 1978 suit.
601 1922 810 1992 Quippe
839 1920 1034 1975 fluvius
1059 1918 1238 1974 saeculi
1279 1915 1462 1986 hujus,
1493 1915 1560 1970 de
1585 1926 1692 1983 quo
1728 1909 2024 1964 ascendere

439 2013 756 2070 videbantur
777 2019 986 2081 septem
1033 2009 1198 2064 boves
1223 2006 1463 2077 pulchra:
1504 2011 1560 2058 et
1599 2015 1799 2056 crassa:
1839 1998 2023 2064 nimis,

438 2120 557 2175 quae
583 2105 947 2174 pascebantur
974 2102 1030 2156 in
1068 2101 1198 2155 locis
1239 2097 1592 2169 palustribus,
1626 2092 2026 2164 prmteritorum

441 2206 740 2266 temporum
770 2192 1218 2265 signiﬁcationem
1248 2190 1407 2262 gerit,
1437 2203 1559 2258 quae
1584 2187 1820 2241 habuere
1841 2184 2029 2239 docto-

441 2300 532 2340 res
561 2285 808 2339 doctrina
838 2282 1118 2346 sublimes,
1161 2280 1450 2336 sanctitate
1475 2275 1726 2348 fulgidos,
1755 2275 1810 2330 in
1843 2272 2030 2329 defen-

441 2375 594 2430 sione
621 2372 874 2428 veritatis
898 2371 1118 2440 rigidos.
1145 2369 1300 2423 Nunc
1327 2376 1506 2423 autem
1534 2365 1700 2437 (quod
1726 2365 1842 2420 sine
1878 2363 2028 2435 gravi

444 2463 633 2519 dolore
677 2461 784 2516 dici
843 2475 952 2515 non
999 2458 1206 2529 potest)
1256 2472 1323 2513 ex
1357 2457 1615 2527 praedicto
1654 2455 1876 2510 ﬂumine
1915 2455 2029 2525 jam

447 2560 733 2631 emergunt
771 2552 891 2608 aliae
928 2552 1095 2607 boves
1138 2549 1296 2605 fmda:
1328 2548 1700 2619 confectaque
1723 2546 1935 2601 macie:
1964 2545 2030 2600 de

447 2661 552 2718 qua
582 2660 642 2700 re
677 2644 723 2700 si
745 2644 898 2714 juxta
945 2641 1306 2714 gracilitatem
1332 2640 1599 2696 sermonis
1624 2637 1798 2694 nostri
1827 2635 2033 2706 aliquid

447 2737 633 2792 dicere
676 2740 982 2798 tentamus,
1024 2730 1347 2787 oﬂendimus
1390 2729 1617 2785 forsitan
1662 2728 1732 2783 ad
1775 2726 2030 2782 invicem.

451 2826 652 2881 Tamen
700 2824 747 2880 si
798 2824 909 2878 Deo
949 2821 1173 2891 iuvante
1209 2831 1232 2861 ο
1274 2821 1329 2876 in
1378 2835 1546 2875 unum
1595 2816 2028 2879 convenerimus,

451 2921 662 2986 oportet
686 2928 784 2968 nos
828 2913 896 2968 de
935 2913 1037 2968 boc
1063 2911 1350 2984 diligenter
1392 2917 1450 2965 et
1491 2908 1722 2964 ﬁdeliter
1757 2905 1987 2975 colloqui
2016 2923 2030 2958 :

451 3006 578 3076 quia
615 3011 671 3060 et
707 3003 792 3059 bis
830 3004 884 3059 in
917 3003 1114 3073 quibus
1155 3002 1360 3058 sanitas
1403 2999 1604 3066 deﬁcit,
1649 3006 1708 3054 et
1747 2997 2035 3052 inﬁrmitas

453 3096 772 3158 roboratur,
825 3093 992 3148 oris
1042 3100 1129 3147 est
1182 3091 1308 3146 inde
1359 3089 1633 3160 cogitare,
1682 3087 1809 3142 inde
1868 3085 2036 3140 inter-

455 3199 686 3255 rogare,
734 3150 796 3237 ut
840 3183 909 3238 ad
951 3196 1140 3238 earum
1187 3195 1368 3236 rerum
1411 3150 1733 3248 perveniant
1777 3175 2042 3246 cognitio-
2071 3150 2116 3214 (ἶ

457 3291 579 3330 nem
588 3315 602 3329 .

527 3364 667 3421 XIV.
697 3363 1011 3432 Quzcramus
1045 3362 1210 3418 etiam
1252 3375 1320 3417 ne
1369 3357 1643 3428 forteiam
1673 3372 1844 3428 prope
1869 3357 1958 3423 sit,
1987 3365 2044 3413 et

461 3457 749 3511 timeamus
776 3469 843 3510 ne
872 3469 970 3509 nos
1009 3453 1062 3508 in
1088 3452 1446 3522 perditionem
1471 3449 1708 3505 involvat
1735 3448 1864 3503 illud
1900 3448 2045 3519 quod

461 3548 778 3605 terribiliter
799 3561 898 3617 per
918 3545 1241 3616 prophetam
1269 3542 1469 3598 dicitur
1495 3560 1509 3596 :
1543 3541 1611 3596 In
1649 3541 1733 3596 die
1762 3539 1877 3607 illo,
1917 3541 2046 3596 dicit

461 3637 718 3693 Dominus
745 3631 1086 3699 exercituum,
1115 3632 1383 3702 auferetur
1407 3631 1637 3703 paxillus
1659 3632 1750 3702 qui
1775 3631 1916 3702 ﬁxus
1941 3632 2053 3702 fue-

464 3737 544 3780 rat
568 3728 624 3781 in
648 3725 760 3780 loco
781 3725 944 3796 ﬁdeli,
974 3733 1021 3780 et
1043 3725 1339 3795 frangetur,
1365 3733 1412 3778 et
1437 3724 1609 3790 cadet,
1633 3733 1681 3778 et
1699 3724 1886 3796 peribit
1909 3725 2049 3796 quod

463 3815 777 3888 pependerat
817 3817 874 3870 in
919 3832 1002 3882 eo,
1049 3817 1174 3885 quia
1204 3814 1460 3868 Dominus
1495 3813 1700 3869 locutus
1721 3826 1817 3870 est.
1866 3816 1946 3870 Ita
1993 3823 2054 3870 ut

463 3917 863 3978 consequenter
888 3907 1174 3979 impleatur
1202 3907 1346 3977 quod
1375 3907 1588 3962 Veritas
1619 3908 1751 3963 dicit
1781 3926 1794 3960 :
1833 3907 2053 3962 Verum-

467 4009 643 4055 tamen
664 3990 807 4068 ﬁlius
831 3999 1055 4054 hominis
1078 3999 1309 4063 ueniens,
1340 4007 1494 4068 putas
1519 3998 1742 4052 inueniet
1779 3999 1936 4068 ﬁdem
1963 4015 2054 4053 su-

469 4110 562 4165 per
589 4093 824 4148 terram?
864 4092 1066 4149 Tamen
1097 4093 1226 4163 quia
1256 4090 1472 4146 Veritas
1512 4090 1628 4160 ipsa
1659 4087 1789 4144 dicit
1817 4089 2011 4144 iterum
2037 4106 2050 4142 :

2130 1908 2406 1974 Dominus,
2446 1908 2698 1962 invenerit
2739 1907 2815 1962 ita
2853 1907 3148 1977 facientem.
3181 1906 3252 1962 At
3299 1907 3345 1962 si
3376 1907 3479 1962 hoc
3503 1922 3718 1978 semper

2131 1999 2496 2054 necessarium
2545 1996 2665 2064 fuit,
2701 2006 2905 2068 quanto
2947 1997 3122 2067 magis
3163 2012 3327 2064 nunc,
3355 1996 3569 2067 quando
3602 1997 3715 2068 jam

2131 2091 2356 2162 propius
2382 2099 2469 2146 est
2500 2100 2713 2160 tempus
2741 2089 2893 2155 illud,
2931 2089 3001 2145 de
3021 2103 3129 2159 quo
3153 2088 3415 2144 Dominus
3437 2089 3552 2144 ait:
3580 2089 3715 2144 Ecce

2117 2182 2245 2237 dies
2273 2183 2492 2246 venient,
2522 2190 2571 2236 ct
2597 2182 2803 2235 mittam
2838 2181 3028 2252 famem
3055 2181 3111 2235 in
3138 2189 3352 2246 terram,
3389 2197 3496 2236 non
3525 2181 3714 2252 famem

2133 2274 2307 2346 panis,
2336 2290 2501 2346 neque
2525 2275 2666 2329 sitim
2693 2290 2864 2345 aqua,
2891 2274 2982 2328 sed
3017 2273 3269 2329 audiendi
3294 2273 3503 2328 verbum
3525 2274 3642 2339 Dei,
3671 2284 3719 2330 et

2135 2367 2381 2436 deﬁcient
2423 2367 2650 2437 virgines
2690 2365 2860 2420 honre.
2906 2364 3127 2420 Interim
3174 2371 3379 2431 tamen,
3414 2365 3555 2421 sicut
3583 2365 3722 2420 alius

2136 2459 2397 2530 propheta
2427 2457 2667 2528 loquitur
2697 2474 2711 2511 :
2750 2455 2892 2522 Quid
2919 2457 3112 2512 bonum
3147 2457 3286 2528 ejus,
3317 2465 3408 2511 aut
3445 2457 3571 2528 quid
3605 2456 3724 2528 pul-

2137 2551 2323 2605 chrum
2348 2549 2483 2619 ejus,
2514 2549 2616 2603 nisi
2655 2548 2976 2618 frumentum
3009 2547 3290 2603 electorum
3323 2558 3373 2603 et
3402 2549 3576 2606 tinum
3600 2565 3720 2621 ger-

2138 2637 2348 2692 minans
2372 2637 2598 2708 oirgines
2613 2637 2639 2690 7
2655 2635 2713 2690 ln
2738 2637 2934 2705 quibus
2952 2635 3134 2691 verbis
3159 2651 3487 2707 magnopere
3505 2653 3725 2693 necesse

2139 2738 2226 2786 est
2248 2730 2540 2801 unicuique
2577 2737 2822 2784 nostrum
2842 2728 3025 2784 subire
3047 2736 3238 2784 contra
3271 2729 3620 2799 semetipsum
3637 2728 3726 2798 ju-

2141 2819 2270 2875 dicii
2295 2818 2716 2884 districtionem,
2761 2826 2818 2874 et
2851 2817 3071 2888 exigere
3098 2832 3129 2872 a
3154 2817 3447 2888 semetipso
3483 2818 3728 2874 veritatis

2141 2909 2560 2975 confessionem,
2586 2917 2772 2964 utrum
2801 2907 3082 2965 sollicitior
3109 2909 3182 2965 sit
3201 2909 3270 2964 ad
3293 2910 3727 2980 congregandum

2142 3001 2329 3056 vinum
2352 3001 2407 3056 in
2439 3015 2549 3072 quo
2572 3010 2658 3057 est
2684 2999 2924 3067 luxuria,
2959 3015 3029 3056 an
3056 3001 3243 3057 vinum
3284 3000 3598 3073 germinum
3622 3003 3730 3057 vir-

2221 3181 2336 3237 XV.
2353 3181 2492 3238 .llrec
2519 3182 2840 3240 brevissime
2858 3183 2928 3240 de
2951 3183 3109 3240 nobis
3125 3182 3270 3240 dicta
3297 3183 3429 3250 sint,
3457 3199 3578 3255 qua:
3602 3200 3728 3256 pcr-

2151 3271 2326 3327 tinent
2367 3274 2437 3327 ad
2486 3270 2720 3328 oﬁicium
2756 3281 2814 3329 et
2858 3273 3220 3332 ministerium
3277 3282 3544 3332 nostrum.
3595 3277 3726 3332 Dein

2149 3362 2395 3418 dicamus
2437 3363 2685 3419 ﬁdelibus
2733 3364 2908 3431 laicis,
2939 3381 3045 3436 qua
3099 3365 3207 3422 fide
3253 3374 3310 3422 et
3358 3381 3454 3438 spe
3484 3369 3733 3425 venerari

2149 3453 2407 3508 studeant
2431 3463 2775 3510 sacramenta
2805 3454 2986 3511 divina
3011 3456 3066 3510 in
3089 3455 3344 3511 omnibus
3370 3459 3735 3513 communiter
3791 3475 3795 3477 ·

2151 3545 2556 3612 sacerdotibus;
2599 3547 2714 3602 sive
2753 3547 2863 3602 sint
2891 3546 3179 3617 diligentes
3211 3548 3326 3604 sive
3375 3549 3732 3620 negligentes,

2151 3635 2268 3692 sive
2291 3636 2402 3692 sint
2427 3637 2639 3708 providi
2685 3637 2800 3693 sive
2827 3645 3121 3708 torpentes.
3149 3637 3505 3695 Sacramenta
3534 3641 3734 3699 ctenim

2152 3727 2355 3791 divina,
2402 3726 2674 3796 baptisma
2723 3727 2952 3794 scilicet,
2983 3735 3039 3782 et
3075 3727 3344 3784 confectio
3379 3729 3627 3798 corporis
3670 3745 3736 3786 ac

2153 3819 2438 3890 sanguinis
2461 3819 2696 3883 Domini,
2727 3829 3035 3889 ceteraque
3063 3820 3117 3874 in
3147 3820 3346 3890 quibus
3375 3819 3524 3876 salus
3569 3829 3626 3876 et
3657 3820 3738 3875 vi-

2154 3920 2207 3966 ta
2241 3910 2480 3966 fidelium
2510 3911 2785 3976 consistit,
2815 3919 2925 3966 tam
2959 3925 3155 3982 magna
3194 3918 3249 3967 et
3276 3919 3466 3968 sancta
3496 3921 3644 3981 sunt,
3677 3922 3738 3968 ut

2154 4014 2256 4054 nec
2273 3997 2536 4056 bonorum
2570 3999 2781 4054 meritis
2808 3999 3104 4065 meliorari,
3138 4015 3239 4057 nec
3272 4012 3296 4042 ο
3319 3999 3585 4058 malorum
3613 4017 3738 4073 per-

2159 4087 2420 4144 versitate
2441 4087 2652 4158 possint
2680 4089 3032 4156 deteriorari;
3070 4105 3195 4147 cum
3247 4092 3315 4148 ad
3339 4091 3736 4150 invocationem

1817 4209 2090 4266 BALUZII
2126 4210 2355 4268 NOTE.

543 4318 570 4347 ι
601 4304 688 4388 _Ita
709 4313 784 4388 est
826 4303 1123 4388 Languida:
1159 4303 1426 4388 Loquitur
1448 4303 1512 4388 de
1534 4301 1796 4388 Ecclesia.
1823 4299 2050 4388 Epiri?-

474 4392 578 4431 nus
599 4376 654 4430 in
688 4371 960 4458 principio
1002 4375 1123 4456 libri
1151 4371 1312 4458 primi
1360 4373 1428 4456 ad
1468 4372 1767 4455 Ecclesiam
1813 4371 2046 4454 catholi-

473 4462 595 4502 cam
624 4464 637 4498 :
671 4465 690 4498 s
723 4445 1087 4514 Multipltcatts
1109 4460 1253 4499 enim
1285 4443 1416 4514 ﬁch
1456 4442 1688 4513 populis,
1721 4441 1852 4497 ﬁdes
1873 4456 2050 4495 immt-

2155 4303 2404 4378 cessibus
2428 4302 2695 4378 viscerum
2729 4304 2878 4378 virus
2909 4301 3176 4360 inclusum
3210 4306 3354 4378 dum_
3369 4313 3550 4361 servat
3575 4319 3740 4378 exag-

2155 4380 2330 4446 gerat.
2363 4371 2726 4446 Aperiendum
2755 4375 2949 4446 vulnus
2967 4385 3054 4446 e_st
3079 4384 3135 4446 et
3157 4374 3450 4446 secandum
3477 4384 3532 4430 et
3556 4371 3741 4446 putri-

2156 4443 2395 4513 miuibus
2419 4444 2712 4513 amputatis
2739 4443 2944 4498 medela
2982 4443 3205 4500 fortiore
3229 4443 3741 4503 curandumIVoci-

635 4524 749 4579 est;
782 4524 836 4570 et
1269 4513 1393 4587 ﬁliis
1414 4488 1563 4578 suis:
1589 4488 1772 4587 mater
1783 4520 2048 4587 aegrotat;
2077 4488 2130 4547 D
2157 4488 3738 4587 remiiiét'éii'maiicéijéi'Eoitiitiéﬁt‘iﬁ'égéi

476 4587 731 4654 factaque
756 4601 834 4648 es,
881 4585 1146 4648 Ecclesia,
1181 4583 1426 4654 profectu
1451 4592 1559 4638 tum
1583 4581 1946 4654 fecunditatis,
1980 4582 2057 4636 in-

479 4653 705 4721 ﬁrmior,
756 4663 919 4725 atque
965 4671 1190 4711 accessu
1237 4653 1508 4720 relabens,
1550 4661 1606 4708 et
1641 4653 1796 4723 quasi
1847 4653 2056 4708 viribus

478 4727 658 4780 minus
687 4725 884 4780 valida.
917 4745 936 4778 ι

551 4798 579 4836 ιι
601 4797 683 4849 Ad
708 4795 988 4850 dicendum
1032 4812 1125 4850 nec
1160 4803 1350 4849 tutum.
1398 4793 1473 4848 Ea
1512 4807 1643 4853 ergo
1679 4792 1780 4848 iuit
1812 4791 2059 4853 Agobar-

479 4866 585 4921 dici
611 4865 791 4921 sreculi
844 4849 1154 4929 infelicitas,
1204 4874 1265 4919 ut
1303 4849 1678 4918 sacerdotibus
1718 4877 1824 4917 non
1865 4849 2058 4918 liceret

479 4936 661 5007 eloqui
691 4935 837 5007 quod
860 4935 1080 5007 vellent,
1113 4936 1207 5007 sed
1236 4933 1502 5007 palpanda
1533 4940 1717 5007 essent
1753 4932 1883 5007 vi_tia
1931 4933 2060 5007 sub-

475 5002 788 5087 iectorum:
828 5002 1365 5087 quod_est_ultimum
1402 5003 1753 5087 calamitatis.
1775 5002 2059 5087 [Praeclare

482 5072 664 5158 itaque
691 5072 919 5158 magnus
940 5075 1168 5158 ille.vir.,_
1201 5083 1421 5158 sanctus
1449 5072 1750 5158 Cyprianus
1771 5072 2057 5158 Carthagi-

480 5144 692 5216 niensis,
717 5144 1005 5216 episcopus
1040 5146 1093 5200 in
1115 5145 1254 5216 libro
1283 5145 1349 5216 de
1384 5144 1608 5216 Lapsis:
1643 5163 1663 5196 ι
1691 5144 2061 5216 Quipcccau-

480 5225 592 5270 tem
645 5214 1028 5270 blandimentis
1079 5215 1422 5270 adulantibus
1451 5214 1653 5284 palpat,
1687 5214 1881 5282 inquit,

479 5286 636 5341 candi
685 5286 930 5342 fomitem
960 5285 1362 5347 subministrat;
1396 5298 1496 5338 nec
1522 5284 1834 5353 comprimit
1864 5284 2060 5338 delicta

480 5355 592 5422 ille,
643 5356 738 5410 sed
778 5358 971 5410 nutrit.
1003 5357 1076 5410 At
1108 5355 1198 5426 qui
1225 5355 1469 5410 consiliis
1515 5354 1832 5410 fortioribus
1879 5353 2064 5426 redar-

479 5427 595 5508 guit
620 5426 783 5508 simul
813 5434 978 5508 atque
1002 5423 1491 5508 instruitfratrem,
1523 5432 1807 5508 promovet
1830 5423 1898 5478 ad
1923 5423 2065 5508 salu-

483 5494 613 5551 tem.
657 5494 802 5561 Quos
854 5494 1052 5566 diligo,
1084 5498 1261 5563 inquit
1288 5494 1570 5560 Dominus,
1617 5495 1876 5566 redarguo
1903 5504 1950 5547 et
1975 5511 2065 5566 ca-

478 5570 636 5637 stigo.
661 5566 754 5621 Sic
787 5564 1000 5637 oportet
1033 5576 1090 5622 et
1120 5569 1214 5622 Dei
1242 5567 1581 5637 sacerdotem
1635 5580 1742 5637 non
1780 5564 2064 5637 obsequiis

480 5635 878 5707 decipientibus
904 5636 1111 5703 fallere,
1143 5637 1236 5692 sed
1285 5636 1539 5707 remediis
1582 5635 1912 5690 salutaribus
1937 5650 2064 5707 pro-

480 5706 686 5762 videre.
713 5706 1002 5776 Imperitos
1028 5718 1112 5762 est
1135 5708 1398 5769 medicus,
1429 5706 1521 5774 qui
1563 5713 1857 5776 tumentes
1879 5706 2052 5776 vulne

480 5791 605 5832 rum
625 5774 967 5836 sinus'manu
993 5786 1249 5850 parcente
1285 5783 1608 5842 contrectat,
1635 5785 1691 5832 et
1729 5776 1782 5830 in
1810 5774 1936 5831 altis
1979 5790 2041 5831 re

2155 4597 2254 4652 per
2282 4583 2546 4647 dolorem,
2570 4583 2772 4653 gratias
2802 4589 2926 4653 aget
2951 4584 3295 4653 postmodum
3341 4583 3466 4638 cum
3507 4583 3740 4642 Senserit

2157 4653 2464 4708 sanitatem.
2491 4652 2726 4708 Emersit
2749 4652 2917 4716 enim,
2946 4652 3144 4708 fratres
3157 4653 3516 4718 dilectissimi,
3541 4669 3738 4710 novum

2156 4737 2328 4794 genus
2353 4724 2555 4788 cladis;
2588 4731 2644 4778 et
2671 4724 2829 4794 quasi
2862 4737 3056 4794 parum
3071 4723 3469 4794 persecutionis
3495 4727 3736 4794 procella

2158 4793 2414 4857 saevierit,
2437 4794 2668 4850 accessit
2691 4793 2757 4847 ad
2786 4793 3062 4849 cumulum
3095 4793 3196 4849 sub
3241 4794 3629 4851 misericordia:
3669 4797 3738 4852 ti-

2159 4863 2272 4918 tulo
2298 4865 2497 4936 malum
2518 4863 2734 4928 fallens,
2761 4873 2817 4919 et
2841 4863 3036 4936 blanda
3065 4865 3353 4936 pernicies.
3393 4883 3414 4919 ι

2234 4944 2258 4972 α
2311 4932 2379 4988 In
2421 4951 2587 4988 unum
2637 4932 3357 4992 convenerimuszdmomt
3401 4935 3738 4990 Bernardum

2157 5003 2482 5075 episcOpum
2500 5005 2882 5069 Viennensem,
2913 5005 3047 5061 adeo
3067 5019 3285 5075 gravem
3309 5020 3430 5061 esse
3451 5005 3594 5060 hanc
3611 5021 3739 5061 cau-

2159 5073 2314 5157 sam,
2347 5073 2424 5157 'u‘t
2471 5073 2531 5157 in
2575 5075 2781 5157 synod‘o
2809 5075 3048 5157 plurium
3075 5073 3497 5157 provinciarum
3539 5077 3738 5131 merito

2160 5143 2440 5217 tractanda
2467 5145 2540 5200 sit
2565 5159 2580 5199 :
2606 5143 2755 5216 quod
2777 5143 2825 5200 si
2851 5146 3068 5201 occasio
3095 5143 3340 5217 ingruat,
3371 5159 3478 5200 non
3513 5155 3742 5215 praeter-

2160 5215 2480 5270 mittendam
2513 5215 2654 5271 esse.

2231 5284 2257 5360 εὶ
2289 5284 2462 5360 Erunt
2483 5285 2762 5360 semperin
2786 5285 3047 5360 Ecclesia.
3080 5283 3308 5360 videtur
3334 5301 3590 5344 coercere
3614 5300 3742 5360 pm-

2162 5355 2474 5426 nrissionem
2503 5354 2727 5421 Christi,
2759 5357 2851 5426 qui
2871 5354 3245 5426 pronuntiavit
3279 5355 3519 5412 futurum
3549 5354 3741 5415 se'no-

2161 5425 2370 5481 hiscum
2386 5427 2638 5480 omnibus
2651 5424 2837 5482 diebus
2851 5424 3020 5492 usque
3033 5424 3101 5478 ad
3114 5429 3631 5482 consummationem
3647 5444 3740 5483 sa:-

2162 5495 2290 5560 culi,
2316 5497 2383 5550 ad
2403 5509 2498 5550 eos
2518 5497 2609 5566 qui
2630 5511 2757 5551 vere
2783 5495 3076 5566 Christiani
3109 5503 3254 5560 sunt,
3285 5498 3388 5554 hoc
3415 5508 3520 5563 est,
3543 5499 3740 5554 sancti.

2163 5566 2364 5622 Verum
2390 5582 2496 5621 non
2527 5565 2687 5636 negat
2714 5565 2844 5636 quin
2874 5565 3017 5636 istud
3047 5566 3316 5622 referatur
3341 5571 3410 5623 ad
3444 5569 3743 5624 Ecclesium

2163 5637 2554 5700 universalem,
2587 5634 2751 5705 quam
2777 5634 3026 5692 Christus
3053 5653 3160 5692 non
3192 5638 3428 5710 reliquit,
3458 5641 3554 5694 sed
3601 5654 3745 5695 sem-

2163 5721 2262 5760 ner
2285 5708 2571 5760 cubemat.

2161 5721 2262 5776 per
2285 5713 2571 5776 gubernat.

2241 5789 2264 5816 ο
2294 5775 2570 5830 Malorum
2595 5777 2949 5849 perversitate.
2982 5779 3269 5835 Existimat
3300 5779 3464 5852 igitur
3506 5779 3744 5850 Agobar-
