4048 6178
365 337 469 396 H3

1323 337 1379 394 S.
1425 338 1773 396 AGOBARDI
1812 339 2120 397 EPISCOPI
2160 340 2644 398 LUGDUNENSIS

3537 349 3636 405 HA

301 514 305 518 ,
360 462 385 489 ι
425 447 621 502 summi
651 447 968 511 sacerdotis,
993 461 1101 504 non
1123 445 1357 502 humana
1380 449 1601 516 virtute,
1640 449 1735 506 sed
1761 451 1936 506 sancti
1966 455 2016 513 Α
2041 452 2478 520 caeleste'mittit,
2513 461 2570 508 et
2605 454 2719 523 ipsa
2753 452 2806 507 in
2837 452 3050 509 cloacas
3078 455 3394 512 descendit?
3421 459 3637 518 Timea-

357 537 597 609 Spiritus
638 537 989 607 perﬁciantur
1035 536 1381 595 ineﬁ‘abiliter
1421 540 1722 610 maiestate.
1786 540 1944 596 Nullo
2045 557 2166 598 mus
2188 545 2322 610 haec,
2349 544 2566 600 fratres.
2587 543 2888 600 Conveniat
2905 546 3177 601 actionem
3195 557 3439 604 nostram
3461 553 3637 621 ipsum

354 629 516 684 modo
565 629 748 700 igitur,
777 629 922 684 sicut
977 628 1170 685 beatus
1199 628 1538 702 Augustinus
1583 633 1763 699 docet,
1801 652 1818 684 σ
1850 650 1941 688 sa-

353 727 696 774 cramentum
723 717 926 776 Christi
953 719 1010 774 in
1036 719 1195 776 bonis
1235 720 1504 777 ministris
1531 724 1939 792 approbandum

351 817 455 872 est,
483 810 538 864 in
567 809 724 865 malis
747 813 1133 882 respuendum,
1173 815 1330 884 quasi
1353 824 1451 871 aut
1476 817 1636 887 hujus
1664 827 1760 872 aut
1780 817 1940 886 hujus

352 899 438 962 sit,
465 915 591 954 cum
619 901 672 954 in
720 910 949 972 utroque
979 903 1121 960 idem
1144 905 1237 970 sit,
1269 913 1324 962 et
1352 922 1460 962 non
1490 907 1597 961 nisi
1623 907 1719 962 Dei
1747 909 1839 963 sit.
1871 909 1938 964 Et

351 992 596 1059 quamvis
629 993 682 1047 in
722 994 974 1063 pessimis
1007 995 1210 1051 bonum
1240 996 1332 1060 sit,
1389 997 1494 1052 etsi
1531 996 1812 1051 hominum
1843 1000 1936 1067 qui

350 1081 454 1136 hoc
475 1090 642 1150 agunt
661 1083 797 1138 alius
826 1091 910 1138 est
938 1083 1044 1137 alio
1069 1084 1328 1148 deterior,
1355 1099 1464 1139 non
1492 1085 1614 1139 ideo
1637 1085 1769 1140 illud
1791 1089 1936 1156 quod

347 1181 514 1242 agunt
534 1173 772 1228 deterius
799 1184 884 1228 est
910 1173 965 1227 in
995 1173 1087 1229 illo
1116 1190 1279 1244 quam
1323 1175 1377 1230 in
1404 1176 1550 1230 isto:
1582 1178 1706 1248 quia
1741 1163 1842 1234 nec
1875 1181 1931 1236 in

345 1265 556 1319 duobus
577 1265 863 1320 catholicis
891 1265 1070 1331 malis,
1095 1267 1142 1321 si
1167 1283 1304 1321 unus
1327 1267 1398 1322 sit
1419 1267 1528 1322 alio
1553 1269 1810 1334 deterior,
1839 1271 1934 1326 de-

345 1357 602 1412 teriorem
655 1357 984 1428 baptismum
1035 1359 1212 1428 gerit:
1240 1372 1342 1412 nec
1391 1360 1437 1413 si
1466 1375 1605 1414 unus
1634 1374 1821 1415 eorum
1860 1362 1933 1416 sit

344 1448 539 1513 bonus,
569 1449 708 1504 alius
734 1449 924 1513 malus,
958 1449 1012 1502 in
1055 1448 1197 1504 malo
1222 1449 1397 1505 malus
1419 1458 1503 1506 est
1528 1450 1852 1521 baptismus,
1875 1461 1931 1508 et

342 1541 400 1596 in
447 1544 590 1598 bono
616 1543 808 1606 bonus,
837 1541 932 1597 sed
976 1542 1034 1596 in
1062 1551 1295 1612 utroque
1324 1545 1499 1599 bonus
1525 1564 1538 1598 :
1570 1547 1708 1600 sicut
1745 1547 1925 1603 lumen

341 1632 496 1698 solis,
527 1633 606 1687 vel
634 1633 798 1688 etiam
845 1633 1102 1699 lucernae,
1133 1649 1242 1688 non
1273 1635 1458 1704 utique
1489 1636 1730 1692 deterius
1755 1646 1841 1694 est
1868 1639 1923 1694 in

340 1725 512 1781 oculis
554 1725 933 1790 deterioribus,
975 1740 1138 1795 quam
1175 1726 1230 1780 in
1262 1726 1606 1793 melioribus;
1655 1729 1749 1783 sed
1780 1730 1922 1784 idem

2045 637 2411 692 ministerium
2430 645 2700 692 nostrum.
2725 635 2803 692 De
2832 645 3182 707 peccatorum
3204 650 3514 696 nostrorum
3542 659 3636 700 co-

2044 729 2173 783 tidie
2202 729 2535 785 relaxatione
2580 729 2911 798 cogitemus;
2940 744 3010 784 ne
3039 737 3228 784 nostra
3265 731 3376 786 vita
3411 745 3635 801 peccato

2039 821 2281 892 obligata
2308 830 2611 887 remaneat,
2639 835 2738 891 per
2765 835 2928 892 quam
2951 821 3298 891 omnipotens
3323 822 3468 878 Deus
3498 840 3634 895 quo-

2040 913 2173 967 tidie
2202 913 2338 967 alios
2366 912 2544 968 solvit.
2585 934 2603 966 ι

2106 1006 2268 1062 XVII.
2299 1005 2676 1062 Consonanter
2698 1021 2914 1078 quoque
2942 1015 2998 1062 et
3017 1006 3211 1062 beatus
3234 1007 3262 1046 ι)
3283 1021 3421 1077 papa
3450 997 3620 1063 Anas-

2035 1097 2207 1153 tasius
2266 1097 2335 1151 de
2375 1098 2462 1152 his
2513 1098 2671 1152 docet
2737 1097 2989 1170 (θείη-ειη
3037 1113 3087 1152 c.
3143 1097 3196 1163 7,
3255 1099 3334 1168 8),
3386 1099 3623 1155 dicens:

2036 1186 2169 1242 Nam
2195 1195 2251 1242 et
2274 1187 2604 1256 baptismum
2635 1188 2777 1256 quod
2813 1188 3002 1258 procul
3031 1186 3093 1241 tit
3118 1189 3186 1243 ab
3216 1189 3482 1255 Ecclesia,
3510 1190 3628 1246 sive

2031 1279 2101 1332 ab
2128 1278 2376 1333 adultam
2405 1277 2491 1332 vel
2517 1293 2546 1330 a
2576 1277 2697 1332 fure
2720 1276 2884 1331 fuerit
2901 1277 3111 1342 datum,
3140 1279 3207 1334 ad
3229 1279 3623 1350 percipientem

2031 1384 2229 1424 munus
2254 1369 2506 1438 pervenit
2547 1367 2837 1432 illibatum,
2867 1369 2995 1438 quia
3025 1383 3132 1424 vox
3176 1368 3267 1424 illa
3297 1385 3417 1439 quae
3439 1373 3626 1426 sonuit
3664 1407 3676 1416 -

2030 1473 2129 1528 per
2161 1459 2489 1524 columbam,
2519 1474 2736 1513 onmem
2766 1458 3033 1513 maculam
3063 1460 3318 1514 humanas
3368 1462 3626 1529 pollutio“

2030 1547 2116 1601 nis
2162 1548 2442 1614 excludit,
2499 1563 2605 1617 qua
2651 1546 2957 1602 declaratur
3006 1562 3072 1603 ac
3117 1548 3318 1603 dicitur
3345 1566 3358 1602 :
3389 1549 3493 1604 Hic
3541 1562 3619 1606 est

2029 1639 2123 1705 qui
2154 1637 2387 1703 baptizat
2428 1639 2483 1692 in
2521 1637 2720 1708 Spiritu
2751 1648 2954 1692 sancto.
2977 1637 3182 1710 Nempe
3204 1651 3260 1694 et
3279 1638 3466 1707 Iudas,
3494 1659 3619 1698 cum

2027 1725 2191 1781 fuerit
2215 1727 2510 1797 sacrilegus
2543 1738 2705 1797 atque
2727 1728 2830 1791 fur,
2865 1729 3132 1799 quidquid
3154 1729 3266 1800 egit
3298 1731 3441 1786 inter
3490 1749 3618 1802 apo-

341 1815 699 1884 tnIutrisque,
731 1815 980 1885 quamvis
1007 1812 1101 1871 eos
1130 1815 1344 1871 diverse
1371 1831 1468 1886 pro
1495 1816 1711 1874 illorum
1737 1818 1917 1874 diver-
1948 1807 1996 1867 B
2017 1818 2193 1874 stolas
2205 1833 2307 1888 pro
2327 1818 2590 1888 dignitate
2605 1820 2917 1884 commissa,
2935 1817 3198 1874 beneﬁcia
3221 1834 3320 1890 per
3339 1821 3616 1892 indignum

338 1905 502 1960 sitate
521 1904 603 1960 vel
626 1902 866 1959 laetiﬁcet
889 1903 975 1959 vel
1000 1905 1293 1960 excruciet.
1331 1925 1350 1959 ι

409 1997 546 2054 XVI.
600 1996 862 2052 Similiter
895 2007 1078 2052 autem
1113 2006 1168 2052 et
1217 1997 1410 2054 beatus
1436 2013 1577 2068 papa
1627 1998 1924 2072 Gregorius

337 2095 407 2149 de
435 2109 544 2149 non
583 2092 1000 2147 contemnendis
1025 2091 1224 2147 divinis
1261 2093 1625 2148 sacramentis
1671 2094 1726 2148 in
1753 2095 1927 2164 quali-

337 2185 654 2251 buscunque
675 2182 940 2236 ministris
961 2182 1060 2236 Dei
1089 2181 1190 2236 sub
1209 2181 1444 2251 quodam
1473 2197 1711 2253 congruo
1735 2199 1921 2238 exem-

333 2276 424 2344 plo
467 2276 740 2339 admonet,
787 2274 1020 2329 dicens:
1063 2292 1080 2324 ι
1117 2271 1292 2344 Sa-pe,
1352 2273 1551 2330 fratres
1606 2277 1736 2343 mei,
1787 2276 1924 2332 solet

337 2367 557 2423 evenire
583 2366 728 2436 quod
765 2365 908 2430 dico,
937 2372 998 2419 ut
1023 2379 1254 2434 persona
1290 2376 1487 2436 potens
1542 2366 1803 2422 famulum
1829 2369 1921 2424 ha-

337 2459 462 2515 beat
500 2458 845 2528 despectum;
890 2470 1122 2525 cumque
1167 2471 1266 2526 per
1317 2471 1441 2512 eum
1489 2458 1604 2513 suis
1646 2457 1788 2519 forte
1837 2462 1921 2518 vel

333 2549 612 2608 extraneis
631 2561 946 2620 responsum
975 2546 1192 2620 aliquod
1218 2547 1454 2615 mandat,
1489 2567 1599 2608 non
1625 2553 1923 2624 despicitur

329 2657 564 2713 persona
604 2641 878 2712 loquentis
905 2641 1069 2706 servi,
1098 2641 1225 2710 quia
1254 2650 1506 2696 servatur
1547 2643 1604 2697 in
1644 2643 1810 2698 corde
1835 2658 1923 2698 re-

330 2736 576 2792 verentia
601 2734 870 2815 mittentis
889 2733 1131 2798 domini;
1170 2748 1271 2788 nec
1291 2743 1526 2803 pensant
1547 2735 1641 2804 qui
1667 2735 1917 2800 audiunt,

329 2841 428 2894 per
465 2840 657 2896 quem;
687 2825 785 2880 sed
821 2823 975 2894 quid,
1019 2824 1105 2878 vel
1155 2839 1186 2879 a
1213 2839 1320 2894 quo
1365 2824 1605 2880 audiant.
1655 2827 1733 2881 Ita
1766 2843 1916 2899 ergo,

330 2920 554 2982 fratres,
589 2917 664 2972 ita
691 2931 788 2972 vos
812 2917 976 2987 agite.
1005 2916 1121 2972 Etsi
1153 2915 1382 2971 forsitan
1425 2931 1528 2972 nos
1552 2916 1920 2987 digne'despi-

330 3007 477 3072 citis,
509 3006 564 3060 in
597 3015 778 3060 mente
813 3013 994 3060 tamen
1031 3013 1213 3061 vestra
1241 3006 1490 3061 vocantis
1510 3005 1726 3067 Domini
1758 3023 1916 3062 reve-

327 3099 562 3154 rentiam
585 3110 820 3154 servate.
848 3117 866 3150 ι
892 3097 1039 3154 Idem
1060 3097 1227 3153 etiam
1253 3095 1414 3152 Pater
1433 3097 1502 3153 de
1525 3097 1727 3153 eisdem
1752 3099 1916 3154 rebus

327 3190 384 3245 in
422 3191 660 3260 quadam
706 3189 1084 3259 episcoporum
1132 3189 1512 3244 exhortatione
1548 3190 1629 3244 sic
1673 3189 1916 3260 loquitur

323 3281 553 3356 (Homil.
583 3282 650 3336 i7
675 3282 734 3334 in
759 3279 986 3352 Evang.)
1013 3299 1027 3334 :
1063 3299 1082 3330 ι
1115 3280 1186 3334 Et
1210 3295 1310 3350 per
1348 3295 1450 3336 nos
1476 3280 1696 3350 quidem
1726 3279 1912 3336 ﬁdeles

324 3375 393 3431 ad
425 3381 674 3429 sanctum
721 3371 992 3440 baptisma
1035 3372 1275 3438 veniunt,
1309 3371 1512 3426 nostris
1535 3372 1791 3441 precibus
1819 3373 1911 3427 be-

323 3466 669 3529 nedicuntur,
706 3477 804 3533 per
827 3462 1228 3533 impositionem
1250 3478 1508 3521 manuum
1529 3470 1841 3519 nostrarum
1877 3481 1907 3519 a

324 3558 434 3612 Deo
490 3556 754 3627 Spiritum
803 3563 1060 3619 sanctum
1107 3553 1436 3624 percipiunt,
1489 3561 1658 3624 atque
1700 3554 1803 3624 ipsi
1841 3555 1910 3610 ad

321 3663 549 3720 regnum
595 3647 817 3702 cmleste
838 3645 1173 3717 pertingunt.
1211 3645 1278 3700 Et
1302 3660 1431 3702 ecce
1474 3661 1574 3701 nos
1605 3661 1704 3715 per
1743 3647 1914 3717 negli-

319 3739 556 3810 gentiam
611 3749 854 3794 nostram
893 3737 1148 3792 deorsum
1187 3736 1477 3792 tendimus.
1531 3736 1914 3806 Ingrediuntur

318 3832 478 3887 electi
523 3831 865 3886 sacerdotum
925 3829 1178 3883 manibus
1231 3828 1430 3898 expiati
1484 3827 1764 3883 caelestem
1817 3844 1912 3898 pa-

318 3923 506 3987 triam,
535 3929 592 3976 et
615 3921 929 3976 sacerdotes
955 3919 1060 3988 ipsi
1090 3934 1188 3990 per
1213 3920 1380 3974 vitam
1405 3920 1696 3988 reprobam
1729 3919 1799 3975 ad
1824 3920 1910 3974 in-

318 4014 459 4067 ferni
504 4010 766 4082 supplicia
813 4009 1092 4064 festinant.
1142 4009 1241 4064 Cui
1277 4025 1405 4080 ergo
1440 4011 1542 4077 rei,
1587 4011 1672 4066 cui
1703 4012 1910 4068 similes

319 4102 554 4157 dixerim
592 4099 904 4155 sacerdotes
957 4099 1150 4165 malos,
1198 4100 1305 4155 nisi
1352 4115 1508 4170 aquae
1541 4101 1905 4171 baptismatis,

315 4206 437 4262 qua:
463 4199 684 4263 peccata
713 4189 1115 4260 baptizatorum
1156 4189 1388 4255 diluens,
1420 4191 1540 4244 illos
1577 4191 1646 4245 ad
1681 4207 1906 4262 regnum

2025 1908 2172 1974 data,
2210 1908 2354 1963 nulla
2387 1923 2453 1964 ex
2499 1909 2604 1964 hoc
2648 1909 2973 1964 detrimenta
3001 1918 3311 1965 senserunt.
3344 1910 3618 1982 Quidquid

2024 2014 2152 2070 ergo
2173 2000 2240 2053 ad
2270 2000 2553 2054 hominum
2582 2007 2903 2068 provectum
2921 2001 3218 2070 quilibetin
3242 2002 3486 2058 Ecclesia
3514 2007 3616 2059 mi-

2023 2091 2196 2144 nister
2227 2106 2327 2160 pro
2369 2089 2545 2145 oﬁicio
2593 2105 2694 2145 suo
2733 2091 2948 2146 videtur
3004 2093 3241 2161 operari,
3291 2095 3395 2149 hoc
3445 2103 3616 2151 totum

2021 2181 2294 2237 contineri
2341 2182 2674 2252 implendum
2703 2182 3006 2238 divinitatis
3043 2183 3260 2251 eﬁ'ectu,
3296 2187 3370 2240 ita
3405 2187 3495 2242 ille
3519 2203 3620 2257 per

2020 2286 2185 2341 quem
2215 2271 2462 2328 Christus
2493 2272 2750 2342 loquitur,
2784 2272 2984 2328 Paulus
3013 2272 3248 2329 aﬁirmat
3278 2292 3291 2328 ;
3327 2276 3445 2347 Ego
3466 2278 3615 2346 plan-

2021 2364 2148 2429 tavi,
2199 2363 2384 2434 Apollo
2439 2364 2647 2435 rigavit,
2691 2363 2782 2417 sed
2825 2363 2968 2419 Deus
3020 2366 3396 2420 incrementum
3443 2368 3608 2423 dedit.

2021 2453 2211 2527 Itaque
2243 2470 2408 2526 neque
2447 2454 2537 2526 qui
2558 2453 2765 2524 plantat
2790 2464 2867 2508 est
2896 2454 3120 2526 aliquid,
3150 2473 3313 2528 neque
3335 2460 3426 2528 qui
3452 2461 3611 2530 rigat,

2021 2547 2110 2600 sed
2131 2547 2221 2617 qui
2261 2547 2637 2601 incrementum
2680 2545 2771 2598 dat
2818 2543 2980 2598 Deus.
3036 2546 3082 2598 A
3127 2546 3238 2601 Deo
3290 2555 3469 2602 autem
3497 2565 3610 2625 .non

2019 2640 2283 2710 quaeritur
2309 2639 2430 2708 quis
2470 2637 2554 2692 vel
2589 2635 2767 2706 qualis
2795 2636 3074 2706 praedicet,
3103 2637 3200 2692 sed
3221 2653 3382 2708 quem
3413 2639 3612 2708 ιιι-ωιιί-

2019 2737 2128 2793 cet,
2164 2740 2223 2782 ut
2245 2728 2456 2783 invidos
2484 2727 2650 2782 etiam
2679 2727 2816 2782 bene
2855 2726 3134 2782 Christum
3159 2729 3457 2798 praedicare
3480 2745 3610 2785 con-

2021 2819 2219 2874 ﬁrmet.
2245 2819 2366 2874 Mali
2414 2820 2596 2888 itaque
2621 2819 2763 2873 bona
2812 2819 3194 2886 ministrando,
3229 2821 3334 2875 sibi
3365 2829 3610 2876 tantum-

2019 2913 2181 2966 modo
2209 2921 2426 2975 noccnt,
2473 2926 2571 2966 nec
2600 2911 2854 2966 Ecclesiae
2892 2912 3150 2982 mysteria
3179 2912 3605 2968 commacuiant.

2017 3002 2097 3055 Ac
2111 3015 2207 3071 per
2235 3002 2337 3056 hoc
2365 3001 2674 3055 nullatenus
2697 3000 2894 3054 debent
2921 3007 3163 3054 metuere
3185 3001 3280 3070 qui
3299 3002 3382 3056 vel
3407 3003 3461 3056 in
3485 3017 3611 3057 con-

2019 3093 2416 3148 secrationibus
2461 3091 2549 3146 vel
2605 3091 2660 3144 in
2710 3091 3038 3160 baptismate
3095 3091 3355 3160 mysteria
3413 3091 3609 3146 tradita

2020 3187 2345 3256 suscipiunt,
2398 3199 2468 3239 ne
2525 3184 2681 3238 irrita
2728 3183 2993 3238 beneﬁcia
3040 3182 3224 3237 divina
3274 3183 3604 3238 videantur:

2020 3283 2148 3352 quia
2193 3282 2450 3335 virtutem
2478 3294 2634 3334 suam
2671 3277 3043 3333 obtinentibus
3070 3277 3364 3348 mysteriis,
3412 3277 3466 3332 in
3505 3278 3609 3333 hoc

2018 3373 2140 3428 aliis
2174 3388 2265 3427 rea
2295 3371 2397 3427 sibi
2430 3386 2665 3441 persona
2693 3384 2800 3424 non
2824 3376 3007 3424 nocet.
3045 3389 3064 3421 ι

2092 3462 2271 3519 XVIII.
2328 3462 2452 3518 Ilazc
2483 3463 2649 3533 igitur
2702 3477 2861 3516 sensa
2911 3461 3136 3515 Patrum
3171 3468 3226 3516 et
3259 3460 3609 3518 deﬁnitiones

2015 3558 2315 3630 posuimus,
2343 3564 2404 3610 ut
2441 3557 2691 3610 noverint
2736 3555 2920 3610 ﬁdeles
2947 3555 3165 3626 populi,
3217 3555 3351 3609 nihil
3393 3571 3452 3611 se
3482 3556 3604 3610 laedi

2016 3647 2338 3702 criminibus
2386 3646 2729 3701 sacerdotum
2768 3646 2822 3700 in
2863 3646 3180 3716 acceptione
3232 3656 3604 3702 sacramento-

2016 3755 2168 3804 rum;
2197 3739 2241 3793 si
2273 3747 2454 3793 tamen
2475 3737 2628 3807 juxta
2659 3735 2898 3805 regulam
2930 3753 2959 3789 a
2985 3736 3211 3791 Domino
3236 3738 3487 3807 positam,
3519 3736 3606 3792 vel

2016 3831 2312 3886 secundum
2342 3828 2691 3884 traditionem
2742 3827 3191 3892 ecclesiasticam,
3236 3829 3599 3884 celebrentur.

2014 3921 2284 3977 Caeterum
2332 3934 2674 3988 summOpere
2716 3931 2935 3973 necesse
2975 3927 3061 3973 est
3097 3920 3412 3988 prmcaveri,
3447 3929 3504 3973 ut
3546 3921 3602 3974 in

2015 4011 2333 4068 ordinandis
2378 4023 2400 4049 ο
2449 4008 2811 4064 oﬁ'erendisve
2860 4008 3125 4063 ministris
3153 4025 3256 4062 non
3297 4011 3598 4064 communi-

2015 4116 2224 4166 cemus,
2254 4109 2316 4154 ut
2337 4114 2502 4170 supra
2544 4098 2747 4154 dictum
2773 4106 2877 4163 est,
2921 4100 3161 4168 peccatis
3193 4099 3405 4166 alienis,
3433 4100 3457 4140 ἀ
3491 4103 3605 4156 cri-

2015 4195 2257 4248 minosos
2282 4188 2533 4244 videlicet
2559 4187 2624 4242 ad
2665 4187 3026 4243 sacerdotium
3051 4191 3440 4260 promovendo,
3481 4201 3601 4258 aut,

317 4377 438 4442 dus,
465 4372 738 4446 sacriﬁcio
771 4373 934 4446 etiam
972 4372 1275 4446 sacerdotis
1307 4371 1457 4446 impii
1480 4281 1958 4446 conﬁcinsétrlfu
1995 4282 2480 4446 13:33:11?ministris
2507 4370 2712 4446 Christi
2768 4372 3117 4446 irnpenditur,
3172 4391 3278 4446 non
3331 4391 3430 4446 per
3471 4392 3598 4432 eum

317 4453 520 4502 menta.
549 4444 668 4516 Alia
695 4444 964 4516 Cypriano
985 4457 1141 4516 mens
1162 4443 1266 4499 fuit
1299 4462 1312 4516 ξ
1338 4443 1431 4513 qui
1479 4443 1533 4496 in
1561 4443 1792 4516 epistola
1832 4443 1900 4498 68

315 4516 398 4588 (ut
423 4515 544 4588 illic
577 4512 820 4588 adnotat
845 4514 1126 4588 Erasmus)
1171 4512 1644 4588 omninoysentire
1692 4513 1906 4588 videtur

313 4581 586 4642 sacriﬁcio
634 4585 933 4655 sacerdotis
981 4584 1130 4654 impii
1175 4585 1308 4640 nihil
1357 4581 1541 4655 efﬁci,
1577 4583 1699 4655 imo
1731 4586 1907 4655 magis

313 4656 585 4726 inquinari
654 4653 1216 4726 populumsop’tatus
1274 4666 1475 4726 tamen
1529 4653 1610 4726 in_
1647 4653 1787 4726 libro
1831 4653 1904 4724 ξνι

313 4723 500 4809 api—arte
521 4723 1121 4809 scribit’p‘ossealiquid
1149 4723 1501 4808 sanctiﬁcari,
1539 4723 1906 4809 etiamsi-pec-

311 4793 518 4852 catoris
548 4811 713 4866 opera
737 4793 839 4851 ﬁat
862 4793 1030 4850 divini
1073 4797 1311 4851 nominis
1359 4793 1651 4866 invocatio.
1690 4810 1708 4842 ι
1758 4793 1904 4866 Ergo

315 4868 421 4937 iam
451 4863 655 4937 liquido
682 4874 928 4936 apparet,
957 4867 1151 4937 inquit,
1191 4882 1258 4920 ex
1289 4863 1629 4937 invocatione
1665 4863 1904 4937 nominis

361 4938 408 4992 ei
437 4935 596 5008 posse
633 4935 836 5008 aliquid
871 4936 1236 5002 sanctilicari,
1281 4935 1495 5008 etiamsi
1533 4941 1792 5008 peccator
1821 4936 1904 4988 in-

311 5003 469 5064 vocet
500 5008 689 5063 Deum.
725 5003 748 5059 3
783 5007 1017 5076 ldipsum
1049 5009 1101 5062 in
1127 5021 1287 5061 causa
1316 5004 1498 5059 Acacii
1543 5004 1721 5076 sensit
1750 5003 1902 5059 Ana-

312 5081 514 5155 stasius
536 5094 673 5155 papa
698 5079 751 5133 in
773 5074 998 5155 epistola
1029 5079 1097 5155 ad
1143 5077 1490 5155 Anastasium
1523 5074 1664 5155 Aug.
1710 5089 1828 5155 cap:
1871 5075 1901 5129 7

311 5161 368 5204 et
408 5150 459 5211 8,
492 5145 832 5218 referturque
851 5149 920 5202 ab
945 5147 1232 5218 Agobardo
1259 5147 1398 5200 infra
1418 5146 1479 5218 in
1509 5145 1691 5218 ca__i_te
1725 5145 1780 5198 l7
1811 5147 1903 5200 hu-

305 5223 396 5288 jus
442 5220 586 5274 libri.
637 5214 813 5289 Atque
871 5233 946 5289 ea
982 5214 1305 5289 auctoritate
1350 5217 1523 5270 utitur
1559 5214 1902 5289 _H_i_ncmarus

303 5283 637 5346 Rhemensis
660 5283 744 5358 in-
759 5287 984 5358 epistola
1011 5287 1080 5342 26
1107 5303 1225 5357 quae
1246 5287 1370 5358 data
1394 5294 1480 5341 est
1506 5285 1591 5358 ad
1616 5283 1900 5358 Nicolaum

353 5375 533 5429 apam.
582 5355 712 5413 Inde
737 5354 903 5414 etiam
926 5354 1239 5429 sumpsisse
1269 5357 1487 5429 videtur
1533 5354 1902 5429 Liutprandus

345 5424 622 5498 Siciliensis
649 5429 739 5483 lib.
775 5445 817 5492 ι,
869 5443 989 5498 cap.
1023 5424 1103 5484 8—:
1138 5448 1156 5479 ι
1212 5427 1479 5495 Quoniam
1527 5425 1668 5498 etii,
1701 5424 1898 5493 inquit,

306 5501 406 5570 .qui
436 5515 468 5575 ξι
494 5497 628 5575 .luda
656 5498 869 5575 Domini
899 5495 1224 5575 nostri_Jesu
1241 5498 1441 5575 Christi
1469 5495 1900 5575 proditore‘ante

301 5563 678 5639 proditionem
694 5568 925 5623 salutem
955 5584 1050 5624 seu
1085 5563 1530 5639 benedictionem
1545 5563 1898 5639 apostolicam

315 5637 694 5716 perceperant,
719 5653 784 5694 ea
810 5647 936 5716 post
961 5641 1324 5716 proditionem
1338 5637 1667 5716 propriique
1703 5649 1900 5716 corpo-

318 5707 394 5767 ris
419 5707 852 5786 suspensionem
868 5707 1088 5786 minime
1117 5719 1246 5786 sunt
1269 5707 1493 5786 privati,
1517 5707 1620 5786 nisi
1645 5707 1900 5786 quosi!!!-

315 5783 486 5855 proba
513 5775 654 5838 forte
675 5780 1021 5839 deftndarunt
1045 5775 1608 5852 ﬁagitia.'Benedictio
1629 5775 1898 5846 siquidem

1931 4485 1982 4545 D

2009 4443 2100 4516 qui
2121 4445 2358 4516 videtur,
2387 4443 2482 4497 sed
2508 4443 2601 4516 qui
2627 4457 2734 4516 non
2763 4444 2999 4516 videtur,
3030 4443 3370 4516 sacerdotem
3416 4447 3600 4501 infun-

2014 4513 2179 4587 ditur.
2213 4513 2399 4587 Neque
2433 4513 2591 4587 enim
2621 4514 2712 4582 qui
2743 4513 2984 4585 rigatest
3007 4515 3230 4587 aliquid,
3275 4531 3450 4586 neque
3501 4519 3600 4587 qui

2009 4585 2240 4655 plantat,
2293 4581 2386 4655 sed
2435 4584 2528 4651 qui
2563 4581 2968 4655 incrementum
3016 4581 3111 4639 dat
3157 4585 3318 4640 Deus.
3362 4581 3395 4638 ἰ
3454 4581 3602 4644 Sane

2011 4652 2255 4725 tempore
2283 4652 2576 4725 Alexandri
2603 4652 2668 4707 Ill
2691 4654 2932 4708 Ecclesia
2965 4655 3225 4710 credebat
3253 4657 3601 4712 Dominicum

2005 4722 2206 4795 corpus
2236 4738 2390 4792 teque
2416 4722 2608 4778 conﬁci
2637 4740 2666 4795 a
2690 4725 2832 4779 malo
2854 4727 3159 4790 sacerdote,
3191 4735 3247 4781 et
3268 4743 3299 4780 a
3329 4727 3502 4790 bono;
3535 4737 3604 4782 ut

2005 4794 2159 4866 patet
2179 4811 2244 4850 ex
2270 4795 2540 4866 sententia
2583 4794 2846 4866 adversus
2890 4796 3069 4849 Bonos
3118 4797 3368 4851 homines
3414 4797 3522 4852 lata
3563 4815 3599 4853 a

2007 4865 2302 4921 Caucelino
2326 4865 2627 4938 Lodovensi
2655 4865 2910 4938 episcopo
2927 4866 3143 4938 nomine
3172 4867 3340 4922 totius
3368 4869 3596 4938 synodi,

2005 4952 2131 5009 qua;
2153 4944 2335 5009 exstat
2355 4935 2494 5009 apud
2533 4935 2822 5005 Rogerium
2854 4937 2921 4989 de
2950 4935 3205 4991 Hoveden
3230 4939 3283 4991 in
3312 4935 3468 5008 parte
3491 4954 3596 5009 po-

2004 5005 2220 5061 steriori
2243 5005 2551 5058 Annalium.

2076 5089 2102 5116 ε
2132 5077 2338 5131 Summi
2360 5075 2648 5128 sacerdotis
2670 5117 2684 5139 ,
2725 5075 2778 5130 id
2801 5085 2904 5140 est,
2939 5075 3162 5131 Christi.

2077 5147 2106 5186 δ
2140 5145 2290 5217 Papa
2318 5145 2662 5217 Anastasius,
2705 5147 2757 5199 in
2788 5147 3032 5201 Decretis
3059 5163 3179 5217 cap.
3215 5149 3244 5200 7
3275 5157 3331 5202 et
3369 5149 3422 5203 8.
3453 5148 3597 5204 Nam

2002 5217 2168 5288 verba
2190 5215 2462 5288 Anastasii
2500 5218 2801 5288 decurtavit
2825 5215 3164 5288 Agobartlus.

2077 5285 2510 5369 ορΙῙενεηάὶευε.
2545 5287 2702 5340 Istud
2743 5285 2986 5342 additum
3021 5298 3199 5344 estex
3225 5289 3414 5344 codice
3457 5289 3603 5342 Mar-

2003 5373 2174 5411 ntesn.

2072 5426 2102 5467 ἀ
2128 5426 2448 5480 Criminosos
2465 5427 2812 5496 prorehendo.
2848 5428 3084 5483 Vetitum
3112 5430 3261 5484 illud.
3288 5431 3424 5483 Eum
3446 5432 3600 5486 enim

2002 5498 2092 5568 qui
2135 5498 2201 5550 ad
2238 5497 2603 5571 sacerdotium
2645 5507 3022 5571 promovetur,
3063 5501 3274 5571 integra
3308 5500 3446 5554 fama
3473 5516 3605 5555 esse.

2001 5565 2236 5638 oportet,
2272 5565 2430 5638 juxta
2460 5565 2788 5638 prmi-cptum
2817 5569 3080 5637 Apostoli.
3129 5565 3248 5637 Quo
3279 5571 3480 5625 factum
3511 5582 3608 5626 est

2000 5637 2062 5710 ut
2088 5647 2243 5694 vetus
2267 5637 2523 5710 Ecclesia
2538 5639 2725 5707 procul
2749 5655 2777 5692 a
2801 5641 3122 5710 clericorum
3150 5641 3378 5710 collegio
3401 5656 3610 5694 arcue-

2002 5709 2076 5782 rit
2102 5724 2212 5782 eos
2227 5710 2318 5776 qui
2363 5707 2581 5782 ﬂagitiis
2611 5709 2986 5782 commaculati
3019 5719 3204 5777 erant;
3255 5707 3317 5765 ιιί
3351 5720 3500 5782 patet
3526 5727 3609 5768 ex

2001 5779 2247 5836 Decretis
2275 5793 2426 5849 papa:
2447 5779 2648 5838 Gelasii
2668 5794 2789 5851 cap.
2829 5781 2915 5838 18.
2950 5781 3126 5854 Atque
3150 5782 3206 5839 id
3236 5779 3478 5856 graviter
3504 5784 3615 5840 do-
