4040 6182
432 284 538 342 M5

1474 288 1564 343 DE
1603 287 1852 344 PRIVIL.
1893 290 1983 345 ΕΤ
2022 288 2198 347 JURE
2239 289 2670 350 SACERDOTII.

3615 294 3721 350 NB

348 470 350 472 τ
430 403 577 476 quod
607 401 792 458 adhuc
815 399 988 458 multo
1037 400 1276 457 deterius
1298 409 1404 468 est,
1437 415 1461 443 ι
1506 403 1805 474 ignorantia
1826 419 2020 468 caecos,
2051 405 2102 465 Α
2127 403 2358 461 sollicite
2413 415 2496 461 est
2561 414 2793 477 quatuor
2847 420 3037 462 eorum
3081 421 3204 463 esse
3255 421 3475 479 genera,
3554 423 3723 464 unum

431 494 524 563 qui
556 491 640 547 vel
674 492 973 548 secundum
1017 499 1264 546 tenorem
1311 491 1736 547 ecclesiasticum
1783 493 2033 546 nesciant

431 597 692 655 peragere
727 583 843 652 ipsa
901 583 1188 653 mysteria,
1239 581 1382 659 qyod
1425 585 1646 643 omnino
1692 591 1777 638 est
1833 585 2033 653 impro—

432 675 672 730 bandum
700 681 756 728 et
782 673 934 726 nullo
975 673 1136 727 modo
1173 672 1588 742 admittendum,
1618 674 1703 728 vel
1744 673 1906 728 caecis
1931 674 2030 727 du-

433 777 616 823 catum
667 767 948 836 praebeant
997 766 1066 820 ad
1108 765 1322 823 foveam
1382 775 1599 824 aeterna:
1641 766 2026 822 damnationis.

433 858 588 924 Quod
632 864 688 910 et
729 856 995 910 Dominus
1040 857 1358 913 terribiliter
1399 873 1457 912 se
1473 849 1774 927 'reprobare
1803 858 2029 913 demon-

435 956 593 1012 strat,
618 947 808 1003 dicens
853 962 953 1017 per
981 947 1302 1018 prophetam
1331 967 1350 1006 :
1383 947 1522 1014 Quia
1563 958 1622 1002 tu
1645 947 1921 1002 scientiam
1953 963 2033 1000 re-

433 1041 636 1112 pulisti,
659 1039 906 1112 repellam
933 1049 982 1094 te
1002 1050 1050 1094 et
1073 1056 1190 1110 ego,
1213 1057 1276 1095 ne
1297 1040 1587 1096 sacerdotio
1613 1038 1854 1110 fungaris
1878 1037 2028 1090 mihi.

436 1133 506 1186 Et
527 1131 723 1186 iterum
753 1149 767 1185 :
793 1128 1104 1186 Sacerdotes
1127 1139 1544 1201 contempserunt
1569 1129 1734 1199 legem
1761 1143 1954 1191 nteant,
1984 1143 2032 1192 eg

435 1222 737 1294 polluerunt
759 1221 1062 1277 sanctuaria
1087 1202 1202 1275 inea
1220 1235 1238 1272 :
1255 1222 1393 1275 inter
1411 1229 1649 1275 sanctum
1677 1227 1726 1273 et
1749 1218 2031 1288 profanant

437 1331 541 1369 non
571 1314 865 1368 habuerunt
903 1313 1236 1377 distantiam,
1267 1323 1312 1366 et
1340 1313 1478 1365 inter
1510 1309 1769 1380 pollutum
1797 1317 1844 1363 et
1873 1323 2031 1361 mun-

437 1405 563 1458 dum
594 1421 699 1458 non
729 1401 1119 1457 intellexerunt.
1171 1401 1304 1456 Cum
1349 1415 1382 1456 e
1414 1400 1693 1456 contrario
1733 1398 2030 1454 secundum

436 1504 706 1567 praecepta
728 1494 1022 1565 apostolica
1050 1493 1345 1548 debeamus
1377 1507 1498 1548 esse
1518 1490 1694 1562 parati
1721 1503 1938 1558 semper
1963 1489 2032 1543 ad

437 1587 867 1643 satisfactionem
902 1585 1048 1642 omni
1099 1585 1347 1656 poscenti
1399 1599 1499 1640 nos
1547 1583 1817 1636 rationem
1853 1581 1920 1636 de
1967 1595 2032 1636 ea

438 1695 560 1750 quae
587 1680 638 1734 in
665 1678 823 1734 nobis
847 1683 934 1732 est
970 1691 1085 1747 spe,
1114 1684 1169 1730 et
1193 1681 1444 1746 Oporteat
1469 1672 1883 1744 praedicatorem
1909 1686 2032 1727 esse

2134 496 2445 561 amandum,
2469 496 2701 552 alterum
2727 495 3088 562 tolerandum,
3114 497 3336 552 tertium
3359 506 3722 556 contemnen-

2132 584 2277 649 dum,
2318 594 2572 655 quartum
2627 587 3223 643 anathematizandum.
3279 588 3586 644 Amandum
3621 589 3727 645 ita-

2131 693 2238 747 que.
2275 693 2444 748 genus
2491 687 2764 732 rectorum
2807 689 2892 734 est
2933 680 3076 735 bene
3116 681 3436 748 viventium,
3481 689 3536 737 et
3583 684 3723 738 bene

2131 769 2457 824 docentium.
2509 767 2872 824 Tolerandum
2913 778 3094 825 autem
3121 770 3262 826 bene
3283 771 3501 841 quidem
3527 772 3728 826 docen-

2132 862 2288 926 tium,
2324 862 2417 916 scd
2442 860 2945 930 reprehensibiliter
2987 861 3321 928 viventium;
3360 870 3456 917 aut
3479 862 3618 917 bene
3645 862 3727 916 vi-

2131 951 2395 1015 ventium,
2448 959 2504 1004 et
2553 957 2774 1021 propter
2837 950 3242 1022 simplicitatem
3295 968 3490 1008 sensus
3528 953 3726 1008 docere

2131 1039 2267 1093 alios
2313 1055 2420 1094 non
2449 1039 2766 1094 valentium.
2801 1038 2974 1108 Hujus
3004 1040 3218 1108 generis
3263 1041 3475 1109 priores
3499 1040 3726 1097 audien-

2132 1127 2186 1181 di
2243 1137 2388 1194 sunt,
2430 1144 2538 1185 non
2593 1129 2863 1194 imitandi,
2908 1129 3048 1184 sicut
3110 1129 3370 1186 Dominus
3417 1131 3484 1186 de
3530 1130 3729 1188 talibus

2131 1219 2377 1288 loquens,
2424 1219 2502 1274 ait
2555 1237 2568 1273 :
2605 1218 2737 1284 Qua:
2786 1219 2968 1274 dicunt
3002 1220 3202 1291 facite;
3236 1239 3355 1292 qua:
3409 1231 3585 1278 autem
3639 1223 3729 1294 fa-

2131 1312 2296 1374 ciunt,
2341 1311 2515 1380 facere
2563 1312 2740 1366 nolite.
2782 1310 3108 1382 Sequentes,
3156 1314 3204 1368 si
3249 1329 3439 1370 eorum
3477 1316 3586 1370 vita
3612 1316 3729 1387 pie-

2131 1404 2231 1457 tati
2275 1403 2487 1458 subdita
2535 1412 2641 1469 est,
2689 1405 3018 1475 pietatisque
3061 1404 3377 1462 doctoribus
3421 1407 3725 1472 adhaerens,

2132 1497 2364 1551 tendunt
2399 1497 2586 1567 procul
2631 1499 2795 1554 dubio
2824 1499 2891 1552 ad
2941 1497 3106 1553 ﬁnem
3144 1501 3420 1570 praecepti,
3473 1501 3621 1570 quod
3643 1511 3732 1558 est

2132 1586 2376 1642 charitas
2403 1587 2470 1640 de
2519 1588 2685 1642 corde
2732 1603 2888 1658 puro,
2927 1597 2982 1642 et
3007 1589 3341 1644 conscientia
3370 1591 3536 1657 bona,
3563 1600 3619 1646 et
3665 1591 3728 1646 li-

2132 1678 2200 1733 de
2236 1693 2341 1732 non
2382 1677 2528 1732 ﬁcta.
2565 1678 2753 1736 Potest
2805 1681 3024 1748 quidem
3051 1690 3108 1735 et
3158 1695 3349 1736 eorum
3378 1683 3493 1738 vita
3525 1684 3726 1754 aliqui-

441 1773 854 1843 amplectentem
899 1785 1045 1834 eum,
1082 1769 1176 1840 qui
1237 1767 1534 1823 secundum
1590 1765 1892 1820 doctrinam
1945 1751 2104 1819 estB
2132 1771 2234 1824 bus
2276 1784 2397 1824 esse
2443 1771 2711 1825 doctrina.
2763 1770 3016 1827 Attamen
3071 1772 3210 1828 tales
3260 1774 3403 1829 inter
3449 1751 3728 1846 perfectos

442 1863 658 1938 fidelem,
699 1875 1028 1926 sermonem,
1069 1869 1130 1914 ut
1155 1868 1352 1929 potens
1381 1858 1455 1912 sit
1480 1855 1760 1912 exhortari
1793 1855 1849 1909 in
1895 1853 2026 1910 doc-

443 1956 587 2010 trina
630 1969 783 2020 sana,
821 1963 878 2009 et
899 1967 999 2009 eos
1047 1953 1139 2021 qui
1167 1951 1549 2007 contradicunt
1568 1963 1816 2020 arguere.
1849 1946 2031 2014 Quan-

446 2061 609 2116 quam
637 2046 783 2100 enim
809 2044 1066 2100 sacerdos
1089 2051 1146 2098 et
1171 2042 1283 2096 vita
1321 2049 1378 2096 et
1413 2038 1663 2096 doctrina
1688 2037 2030 2107 irrepreben-

443 2139 618 2194 sibilis
646 2153 767 2194 esse
801 2137 1018 2201 debeat,
1039 2149 1147 2205 quo
1179 2135 1284 2190 rite
1307 2141 1366 2188 et
1391 2133 1646 2187 audiatur
1670 2141 1728 2186 et
1753 2130 2029 2195 imitetur;

441 2241 623 2287 tamen
657 2230 703 2286 si
730 2245 898 2283 unum
939 2229 1132 2283 horum
1179 2225 1432 2290 defuerit,
1465 2222 1804 2278 tolerabilius
1842 2227 1929 2275 est
1957 2219 2031 2274 illi

439 2319 669 2375 obedire
713 2318 803 2388 qui
847 2318 988 2372 bene
1037 2315 1196 2371 docet
1228 2323 1284 2370 et
1326 2310 1822 2384 reprehensibiliter
1876 2310 2032 2374 vivit,

441 2426 610 2481 quam
659 2409 735 2462 illi
779 2409 872 2476 qui
897 2415 955 2462 et
993 2408 1246 2476 nequiter
1276 2406 1432 2469 vivit,
1474 2412 1532 2458 et
1554 2403 1684 2473 quid
1726 2402 1916 2457 doceat
1939 2417 2035 2456 ne-

441 2501 572 2555 scit.
627 2497 706 2551 Illi
734 2509 966 2565 namque
995 2502 1152 2550 erant
1181 2493 1388 2548 similes
1429 2492 1496 2547 de
1524 2493 1721 2561 quibus
1767 2491 2032 2546 Dominus

438 2589 692 2658 jubebat,
747 2577 935 2641 dicens
961 2603 976 2641 :
1003 2584 1134 2650 Quae
1161 2585 1344 2638 dicunt
1375 2583 1533 2653 facite
1550 2599 1570 2649 ;
1594 2599 1712 2654 quae
1751 2591 1926 2636 autem
1953 2581 2037 2651 fa-

446 2680 613 2742 ciant,
644 2679 817 2748 facere
847 2676 1026 2731 nolite.
1083 2675 1306 2731 Scilicet
1342 2675 1469 2745 quia
1494 2675 1611 2729 hzec
1655 2675 2034 2739 observantes,

445 2774 566 2827 sine
609 2771 692 2827 sui
718 2769 961 2840 periculo
1000 2769 1136 2825 tales
1178 2775 1431 2838 poterant
1455 2766 1730 2822 sustinere
1770 2775 2035 2822 rectores.

449 2864 524 2918 De
553 2863 657 2917 isto
685 2870 890 2925 autem,
914 2875 1038 2916 cum
1063 2860 1136 2914 sit
1163 2867 1307 2914 totus
1337 2858 1546 2912 inutilis
1563 2865 1620 2911 et
1646 2864 1794 2912 totus
1819 2857 2036 2922 noxius,

2131 1860 2518 1929 prredicatorcs
2563 1861 2809 1930 deputari
2867 1877 2971 1916 non
3021 1873 3268 1930 possunt,
3315 1865 3440 1934 quia
3473 1881 3581 1922 non
3627 1867 3726 1922 ba-

2134 1947 2261 2002 bent
2315 1949 2456 2004 unde
2502 1947 2782 2019 proferant
2815 1965 2953 2004 nova
2979 1961 3038 2004 et
3062 1961 3268 2008 vetera.
3323 1953 3394 2007 Et
3435 1954 3578 2009 sicut
3619 1954 3722 2010 Pa-

2134 2048 2245 2094 tres
2267 2039 2548 2094 dixerunt:
2586 2058 2604 2092 ι
2638 2040 2864 2096 Latratu
2897 2056 3115 2107 canum,
3148 2050 3204 2099 et
3243 2044 3438 2100 baculo
3465 2047 3724 2116 pastoris,

2134 2130 2382 2201 luporum
2414 2132 2595 2187 rabies
2647 2132 2972 2188 deterrenda
3021 2142 3126 2189 est.
3187 2153 3208 2188 ›
3261 2134 3726 2194 Contemnendum

2133 2236 2288 2286 vero,
2330 2223 2474 2277 sicut
2499 2237 2662 2292 supra
2700 2223 2960 2289 diximus,
3001 2239 3173 2296 genus
3199 2235 3283 2282 est
3331 2228 3732 2297 reprehensihi-

2134 2312 2261 2369 liter
2275 2314 2596 2378 viventium,
2625 2322 2681 2370 et
2697 2315 2826 2384 quid
2850 2315 3081 2370 doceant
3102 2317 3490 2388 ignorantium.
3514 2318 3730 2376 Postre-

2135 2419 2304 2468 mum,
2360 2404 2505 2472 quod
2533 2412 2590 2459 et
2615 2405 3181 2462 anathematizandum
3215 2407 3472 2470 diximus,
3505 2408 3533 2448 ιι
3553 2409 3727 2479 quali—

2136 2503 2434 2564 tercunque
2460 2494 2772 2559 viventium,
2800 2495 2856 2550 id
2879 2504 2982 2560 est,
3007 2497 3091 2551 vel
3127 2497 3266 2552 bene
3296 2498 3381 2551 vel
3427 2498 3586 2563 male,
3632 2501 3730 2555 sed

2140 2594 2319 2642 tamen
2345 2585 2489 2640 male
2513 2585 2846 2640 docentium.
2875 2585 3014 2641 Sunt
3037 2588 3182 2642 enim
3211 2589 3475 2656 haeretici,
3503 2591 3723 2648 etiamsi

2137 2675 2277 2730 bene
2298 2675 2504 2730 vivant.

2210 2768 2330 2822 XX.
2377 2768 2711 2838 Deprehensi
2757 2769 2921 2838 igitur
2967 2769 3110 2824 inter
3155 2778 3334 2826 tantas
3370 2787 3436 2828 ac
3467 2772 3604 2829 tales
3631 2789 3730 2830 an-

2140 2857 2366 2930 gustias,
2411 2857 2479 2913 de
2503 2858 2702 2928 quibus
2742 2858 2955 2913 viribus
2981 2860 3183 2916 nostris
3203 2861 3434 2919 evadere
3468 2878 3576 2918 non
3605 2879 3731 2933 pos-

448 2962 504 3007 et
547 2953 664 3007 sine
695 2951 939 3021 periculo
968 2965 1069 3005 nec
1095 2949 1270 3003 audiri
1296 2948 1470 3019 possit
1497 2961 1600 3002 nec
1640 2946 1864 3010 imitari,
1889 2954 2041 3002 recte
2139 2961 2350 3014 sumus,
2389 2963 2732 3018 summopere
2769 2949 3134 3005 necessarium
3187 2961 3290 3018 est,
3333 2961 3393 3008 ut
3417 2955 3464 3009 ei
3496 2955 3590 3024 qui
3613 2971 3730 3011 om.

450 3059 482 3097 a
535 3041 856 3111 quibusdam
897 3039 1104 3095 dictum
1150 3039 1471 3110 intelligitur
1516 3039 1572 3092 in
1611 3037 1903 3108 Evangelio
1935 3054 1948 3090 :
1982 3035 2041 3093 Si
2142 3042 2236 3097 nia
2279 3041 2461 3096 facere
2504 3049 2697 3111 potens
2741 3049 2826 3096 est
2878 3056 3042 3112 supra
3071 3058 3235 3112 quam
3255 3045 3494 3113 petimus
3516 3056 3614 3102 aut
3643 3049 3730 3103 in-

451 3131 632 3186 oculus
654 3141 774 3185 tuas
813 3146 1038 3201 nequam
1067 3130 1244 3198 fuerit,
1296 3141 1464 3184 totum
1489 3146 1678 3199 corpus
1723 3138 1871 3183 tuum
1897 3139 2042 3184 tene-
2059 3113 2114 3176 (ἶ
2147 3132 2454 3204 telligimus,
2481 3146 2549 3186 ex
2577 3139 2692 3186 toto
2720 3131 2886 3188 corde
2911 3133 3302 3203 supplicamus,
3341 3145 3607 3204 quatenus
3632 3153 3732 3208 per

451 3226 664 3276 lit-osum
683 3221 805 3274 erit.
841 3220 1189 3289 Rursumque
1229 3219 1287 3273 in
1311 3218 1620 3274 Proverbiis
1656 3238 1668 3272 :
1705 3218 1830 3273 Non
1861 3219 2044 3272 decent
2145 3226 2532 3282 abundantiam
2562 3224 2950 3280 misericordia}
2972 3239 3086 3280 sua:
3113 3233 3303 3282 tenens
3328 3242 3548 3283 manum
3591 3229 3726 3285 dex-

449 3312 672 3366 stttltum
715 3311 942 3374 deliciis,
984 3326 1075 3364 nec
1123 3326 1330 3364 seruum
1371 3310 1642 3364 dominari
1695 3310 2039 3380 principibus.

2145 3325 2316 3373 teram
2372 3323 2636 3382 nostram,
2691 3316 2746 3370 in
2797 3315 3132 3372 voluntatem
3181 3332 3338 3374 suam
3388 3319 3586 3391 dirigat
3609 3337 3732 3387 nos,

451 3406 693 3474 Itemque
719 3405 791 3459 ibi
826 3423 838 3458 :
872 3403 1038 3457 Labia
1055 3403 1192 3473 justi
1227 3403 1478 3457 erudiunt
1503 3402 1778 3473 plurimos.
1811 3402 1916 3468 Qui
1940 3421 2050 3457 ωε·-
2143 3415 2200 3463 et
2247 3421 2374 3462 cum
2416 3405 2589 3476 gloria
2638 3413 2878 3461 assumat
2920 3421 3060 3472 nos;
3116 3408 3231 3477 ipse
3265 3416 3420 3479 regat
3454 3419 3730 3481 regentes,

450 3509 552 3550 tetu
600 3495 799 3550 indocti
851 3505 996 3561 sunt,
1046 3497 1102 3550 in
1139 3495 1314 3549 cordis
1363 3504 1588 3565 egestate
1635 3496 1946 3549 morientur.
1976 3496 2044 3550 Et
2142 3503 2259 3572 ipse
2299 3501 2500 3571 dirigat
2525 3499 2849 3570 dirigentes;
2887 3507 2949 3554 ut
2991 3500 3265 3569 possimus
3289 3516 3516 3570 pascere
3545 3513 3568 3542 °
3601 3518 3732 3572 gre—

453 3590 649 3644 iterum
677 3605 692 3642 :
723 3586 874 3643 Sicut
889 3588 982 3658 qui
1007 3587 1164 3640 mittit
1206 3585 1436 3657 lapidem
1465 3588 1523 3640 in
1547 3602 1790 3640 acervum
1831 3585 2038 3640 Merca-

454 3684 540 3746 rii,
572 3683 649 3736 sic
672 3682 762 3752 qui
789 3681 970 3735 tribuit
994 3679 1259 3750 insipienti
1298 3679 1566 3732 honorent.
1594 3677 1749 3732 Licet
1774 3679 1889 3733 haec
1916 3693 2042 3733 sen-

455 3773 623 3827 tentia
643 3773 914 3843 praecipue
939 3771 1061 3826 illos
1091 3778 1296 3840 tangat,
1327 3769 1420 3839 qui
1451 3767 1589 3824 tales
1621 3769 1876 3824 ordinare
1903 3783 2041 3839 prat-

453 3871 694 3918 sumunt.
1105 3873 1112 3878 ‘

526 3955 666 4011 XIX.
697 3957 766 4011 Et
795 3956 1054 4026 quoniam
1099 3954 1258 4011 nobis
1290 3969 1438 4009 nunc
1474 3955 1542 4009 de
1567 3953 1832 4024 dignitate
1859 3967 2043 4008 sacer-

455 4045 586 4099 dotii
617 4061 794 4102 sermo
819 4055 923 4111 est,
946 4047 1042 4101 sed
1061 4054 1117 4100 et
1137 4044 1502 4107 sacerdotum,
1533 4042 1577 4097 si
1613 4051 1792 4096 tamen
1817 4057 2044 4098 concor-

457 4137 585 4194 dent
605 4140 848 4195 moribus
871 4139 1208 4204 ministerio;
1236 4137 1291 4191 in
1335 4135 1443 4192 fine
1485 4136 1730 4208 opusculi
1758 4137 2041 4194 sciendum

2137 3611 2259 3666 gem
2313 3592 2430 3662 ejus
2475 3607 2600 3650 cum
2637 3591 2943 3661 disciplina,
2994 3599 3052 3647 et
3086 3592 3276 3647 nonin
3316 3593 3466 3648 vasis
3493 3595 3732 3664 pastoris

2141 3686 2405 3756 imperiti;
2465 3685 2580 3755 ipse
2637 3690 2861 3753 prmstet
2918 3683 3176 3738 virtutem
3235 3691 3290 3739 et
3356 3683 3728 3740 fortitudinem

2141 3776 2359 3848 populo,
2387 3783 2446 3829 et
2485 3775 2743 3829 exhibeat
2787 3773 2903 3841 ipse
2932 3773 3034 3826 sibi
3074 3773 3331 3826 mundum
3355 3780 3408 3826 et
3437 3773 3728 3828 candidum

2144 3880 2381 3936 gregem,
2411 3872 2573 3932 atque
2623 3863 2675 3916 in
2717 3861 2971 3916 omnibus
3007 3860 3415 3916 immaculatum
3441 3853 3506 3917 ac
3542 3877 3732 3932 super-

2148 3955 2234 4009 nis
2271 3955 2464 4010 ovibus
2488 3952 2729 4023 dignum,
2771 3951 2863 4005 ubi
2893 3958 2978 4006 est
3024 3949 3288 4006 habitatio
3329 3951 3626 4007 laetantium
3678 3953 3735 4008 in

2148 4041 2526 4114 splendoribus
2561 4047 2894 4104 sanctorum,
2925 4037 2953 4078 ά
2983 4038 3036 4093 in
3069 4038 3270 4109 templo
3295 4040 3413 4109 ejus
3434 4055 3625 4096 omnes
3653 4041 3734 4096 di-

2148 4149 2338 4192 camus
2385 4131 2632 4205 gloriam,
2661 4146 2808 4205 grex
2861 4130 3021 4188 simul
3049 4137 3106 4186 et
3131 4139 3399 4200 pastores,
3429 4133 3483 4187 in
3517 4131 3736 4189 Christo

1818 4231 2090 4290 BALUZII
2133 4228 2362 4288 NOTAE.

458 4321 533 4374 let
575 4322 833 4379 Alcuinus
882 4323 936 4377 in
982 4322 1334 4380 Coul'essione
1363 4323 1484 4378 ﬁdei
1534 4323 1626 4378 lib.
1656 4337 1740 4393 tu,
1790 4338 1908 4393 cap.
1951 4322 2044 4386 56,

457 4393 600 4460 quod
627 4402 837 4448 vetusta
874 4395 990 4448 hazc
1019 4394 1104 4449 lex
1131 4395 1186 4448 in
1222 4393 1632 4450 desuetudinem
1665 4391 1780 4459 jam
1813 4391 1927 4448 tum
1954 4409 2046 4448 ve-

458 4461 644 4535 nisset.
676 4482 710 4535 «ί
732 4462 775 4518 0
811 4463 1046 4520 infelicia
1073 4472 1314 4535 tempora
1341 4471 1549 4529 nostra,
1574 4463 1772 4532 inquit,
1795 4479 1915 4532 qum
1943 4479 2042 4518 nec

459 4531 636 4589 Deum
677 4534 899 4599 timent,
927 4549 1026 4590 nec
1058 4535 1162 4588 vim
1184 4531 1474 4588 sacrorum
1499 4531 1766 4587 canonum
1795 4531 2044 4588 reveren-

459 4606 594 4675 turl
621 4602 808 4658 Nullus
835 4605 996 4675 modo
1031 4604 1326 4675 sacrilegus
1356 4604 1440 4658 vel
1473 4604 1799 4658 criminosus
1823 4644 1836 4667 ,
1880 4615 1948 4658 ne
1973 4603 2040 4658 ad

457 4674 598 4732 sacri
625 4675 834 4730 ordinis
856 4673 1090 4730 cilicium
1117 4673 1358 4736 accedat,
1397 4675 1691 4728 inhibetur.
1741 4693 1760 4726 ο

530 4758 557 4786 ει
592 4743 905 4814 Ignorantia
932 4761 1116 4814 arcos.
1146 4743 1234 4799 Ait
1261 4744 1578 4814 Agebardus
1608 4745 1776 4814 multo
1801 4743 2040 4799 deterius

458 4831 600 4878 esse,
651 4816 696 4869 si
754 4814 789 4868 ii
830 4815 922 4883 qui
967 4813 1168 4869 indocti
1220 4813 1380 4875 sunt,
1416 4813 1482 4884 ad
1515 4813 1873 4868 sacerdotium
1914 4829 2040 4884 pro.

460 4889 755 4949 vehantur,
808 4900 969 4954 quam
1007 4884 1053 4938 si
1094 4885 1393 4939 criminosi.
1439 4883 1582 4938 Sane
1627 4884 1767 4938 inter
1813 4884 2040 4938 virtutes

458 4958 715 5024 episcopo
758 4953 1097 5010 neCessarias
1139 4955 1341 5009 Paulus
1383 4962 1667 5024 enumerat
1703 4953 2036 5016 doctrinam;

462 5023 516 5080 ut
555 5023 736 5095 potens
764 5026 852 5088 sit,
894 5025 1090 5094 inquit,
1134 5025 1404 5079 exhortari
1433 5025 1501 5095 in
1531 5023 1774 5078 doctrina
1802 5039 1955 5088 sana,
1990 5032 2040 5076 et

460 5094 562 5151 eos
589 5096 678 5165 qui
727 5095 1093 5148 contradicunt
1139 5111 1377 5164 arguere.
1424 5094 1610 5165 Itaque
1651 5101 1863 5148 veteres
1915 5108 2040 5147 eum

460 5164 684 5220 omnino
723 5165 984 5220 arcebant
1019 5177 1050 5217 a
1080 5165 1386 5219 sacerdotio
1412 5165 1504 5233 qui
1536 5164 1726 5218 doctus
1757 5179 1862 5217 non
1898 5171 2036 5217 erat.

462 5236 680 5290 lIilarus
715 5249 949 5303 namque
978 5249 1116 5304 papa
1152 5235 1233 5289 sic
1275 5234 1444 5305 edixit
1475 5235 1528 5288 in
1555 5236 1760 5305 synodo
1796 5233 2041 5305 Romana

461 5307 587 5360 allnl
613 5305 720 5360 465
749 5324 763 5361 :
803 5323 822 5356 ε
841 5303 998 5360 lnscii
1019 5303 1237 5374 quoque
1266 5303 1596 5368 litterarum,
1621 5319 1844 5360 necnon
1869 5313 1924 5358 et
1945 5303 2041 5356 ali-

460 5393 565 5446 qua
595 5377 964 5430 membrorum
992 5375 1190 5428 damna
1219 5375 1484 5446 perpessi,
1511 5382 1567 5428 et
1586 5375 1639 5428 hi
1661 5374 1752 5446 qui
1775 5389 1842 5427 ex
1867 5374 2043 5442 patui-

464 5446 700 5501 teutibus
742 5453 886 5507 sunt,
934 5446 1000 5498 ad
1047 5459 1232 5500 sacros
1267 5445 1489 5500 ordines
1531 5445 1772 5513 aspirare
1801 5458 1906 5497 non
1945 5459 2042 5497 au-

460 5518 642 5571 deant.
691 5536 710 5566 ›
745 5516 877 5570 Item
905 5514 1151 5570 Gelasius
1183 5515 1236 5569 in
1260 5515 1521 5578 Decretis,
1560 5530 1682 5584 cap.
1715 5514 1780 5568 16
1814 5532 1828 5567 :
1869 5532 1887 5565 ι
1933 5513 2040 5569 Illi-

464 5596 668 5640 teratos
688 5600 907 5656 quoque
924 5625 938 5649 ,
964 5594 1022 5640 et
1045 5585 1301 5640 nonnulla
1328 5593 1485 5656 parte,
1507 5585 1750 5654 corporis
1785 5585 2039 5656 imminu-

463 5667 576 5718 tos,
598 5654 727 5710 sine
765 5655 875 5710 ullo
905 5664 1150 5725 respectu
1190 5656 1258 5710 ad
1295 5654 1724 5711 coclesiasticum
1754 5654 2042 5711 didicimus

460 5727 647 5783 venire
669 5726 949 5783 servitium
975 5726 1149 5797 :quod
1174 5725 1332 5782 simul
1353 5725 1572 5782 antiuua
1597 5725 1817 5782 traditio
1841 5734 1896 5782 ct
1916 5739 2032 5796 apo-

2148 4321 2355 4377 stolicae
2383 4319 2529 4375 sedis
2549 4325 2706 4372 vetus
2729 4315 2903 4371 forma
2926 4331 3034 4371 non
3067 4317 3289 4386 recipit;
3319 4318 3444 4388 quia
3469 4334 3571 4374 nec
3595 4319 3734 4376 litto-

2150 4393 2227 4446 ris
2267 4404 2459 4447 carens
2487 4389 2662 4443 sacris
2700 4402 2819 4441 esse
2841 4396 3027 4457 potest
3049 4387 3448 4457 aptusolliciis,
3478 4397 3532 4444 et
3564 4391 3726 4444 vitio-

2069 4431 2122 4488 D
2147 4431 2472 4516 idmwhinit
2495 4457 2644 4530 ADco
2699 4431 2919 4530 prors'us
2969 4431 3166 4530 ollei‘re
3215 4431 3727 4530 legaliaﬂpvrmclcp‘ia

2146 4536 2464 4586 sanxerunt.
2494 4527 2681 4595 Itaque
2707 4527 2776 4580 de
2805 4534 3004 4582 caetero
3026 4527 3200 4580 modis
3230 4528 3480 4581 omnibus
3516 4527 3730 4583 hacc'vi-

2145 4609 2348 4666 tentur,
2380 4614 2482 4655 nec
2505 4598 2792 4666 quisquam
2821 4596 2943 4650 talis
2977 4597 3308 4666 suscipiatur
3345 4597 3399 4651 in
3430 4598 3652 4653 clerum.
3703 4620 3721 4651 ι

2145 4671 2276 4726 Vide
2301 4665 2459 4726 notas
2494 4665 2563 4724 ad
2589 4665 2871 4737 epistolam
2902 4666 2967 4737 79
2989 4666 3123 4737 Lupi
3155 4665 3539 4737 Ferrariensis.

2214 4743 2242 4784 δ
2267 4735 2712 4809 Qualitercunque
2737 4735 3035 4809 viventium.
3075 4735 3626 4809 Anatheniatizandos
3652 4739 3731 4809 ait

2143 4811 2263 4867 illos
2291 4807 2642 4870 Sacerdotes,
2675 4822 2905 4876 quorum
2940 4807 3051 4860 vita
3095 4807 3309 4861 tametsi
3338 4807 3519 4876 aliquo
3565 4808 3728 4862 modo

2141 4883 2214 4963 sit
2238 4878 2749 4963 ineprehensibilis,
2792 4877 2933 4963 male
2968 4885 3147 4931 tamen
3180 4877 3394 4963 docent.
3431 4878 3606 4963 Atque
3621 4878 3730 4963 hu-

2135 4947 2374 5020 jusmodi
2411 4947 2718 5018 exemplum
2746 4948 2989 5020 vidimus
3019 4963 3181 5017 supra
3205 4947 3263 5002 in
3299 4947 3439 5002 libro
3466 4947 3729 5004 adversus

2142 5017 2373 5090 Felicem
2401 5017 2728 5090 episcopum,
2745 5017 3134 5090 Urgcllensem.

2215 5104 2237 5130 ο
2269 5086 2488 5160 Gregent
2515 5086 2669 5160 ejtts,
2719 5088 2772 5160 id
2815 5086 2919 5149 est,
2967 5088 3190 5160 Christi.
3225 5086 3540 5160 Quanquam
3581 5087 3726 5144 enim

2142 5157 2413 5218 interdum
2455 5157 3090 5229 ﬁdelesiuniuscujusque
3118 5158 3431 5229 ﬁditeceseos
3452 5157 3728 5229 dicantur

2141 5230 2554 5303 grexgepqiscopi
2604 5228 2748 5303 illius
2776 5229 2868 5296 qui
2896 5225 3185 5303 'dioicesim
3237 5225 3411 5298 regit,
3450 5225 3504 5280 id
3536 5225 3604 5303 lit
3629 5242 3728 5303 per

2143 5297 2569 5357 translationem.
2616 5298 2751 5353 Nam
2787 5299 3003 5368 proprie
3040 5312 3171 5366 grex
3200 5297 3435 5351 non’est.
3464 5297 3726 5368 episcopi,

2141 5373 2237 5428 sed
2275 5371 2498 5428 Christi.
2531 5369 2684 5426 Unde
2714 5376 2769 5422 et
2792 5367 3134 5422 Christianos
3163 5367 3578 5436 ovesetagnos
3599 5383 3728 5424 suos

2143 5444 2259 5512 ipse
2293 5447 2575 5512 nuncupat
2612 5439 2665 5493 in
2709 5438 3023 5512 Evangelii),
3072 5437 3196 5491 dum
3236 5452 3332 5512 eos
3379 5437 3725 5512 commendat

2186 5522 2304 5569 etro
2324 5520 2382 5568 et
2400 5507 2612 5567 caeteris
2637 5507 2894 5579 apostolis
2917 5548 2932 5573 ,
2973 5507 3027 5562 id
3056 5514 3178 5579 est,
3219 5507 3507 5579 episcopis.

2213 5584 2241 5624 ἀ
2283 5582 2352 5636 In
2393 5580 2584 5650 templo
2607 5577 2767 5650 ejus._
2791 5577 3379 5650 Ha‘c_omnia,_USque
3405 5577 3501 5633 ’ad
3538 5591 3725 5650 vocem

2143 5654 2332 5717 Amen,
2344 5646 2540 5706 desunt
2559 5650 2612 5703 in
2629 5646 2876 5704 editione
2902 5647 3155 5704 Massoni.
3171 5647 3240 5702 Et
3252 5646 3430 5717 tamen
3445 5655 3660 5717 exstant
3672 5646 3728 5698 in

2143 5715 2330 5782 codice
2343 5737 2448 5792 quo
2463 5719 2743 5776 Massonus
2755 5718 3264 5780 utcbaturdtemaue
3278 5717 3331 5774 in
3348 5715 3593 5774 Μαιηωεὶ
3601 5729 3722 5770 auo.
