4048 6178
312 227 416 283 ΗἹ

1277 230 1334 284 s.
1375 228 1724 284 annosam
1759 208 2067 286 EPlSCOPl
2106 231 2596 292 LUGDUNENSIS

3485 244 3588 299 HS

308 337 434 398 Jesu
456 344 685 401 Domino
704 353 913 412 nostro,
933 348 1019 402 cui
1044 349 1328 402 est-honor
1345 355 1402 402 et
1427 348 1602 403 virtus
1620 348 1675 403 in
1698 348 1892 404 oracula
1921 353 1970 412 Α
1998 349 2207 406 tissime
2248 360 2306 406 et
2347 350 2700 406 dilectissime
2747 353 2802 406 in
2830 351 3047 409 Christo
3073 369 3286 426 semper
3325 358 3468 414 bene
3497 373 3588 416 va—

309 433 650 491 szcculorum.
676 435 870 492 Amen.
902 434 1044 508 Opto
1071 444 1146 504 te,
1175 437 1340 494 Pater
1363 446 1418 494 et
1442 438 1612 495 frater
1637 454 1891 498 reveren-

1997 438 2131 509 lere,
2158 449 2214 497 et
2237 443 2414 498 nostri
2436 442 2768 497 meminisse.

324 583 3580 615 mm

1517 699 1870 811 ITEM
1954 698 2370 812 LIBER

934 936 1343 1018 CONTRA
1419 907 1942 1012 INSULSAM
2016 930 2336 1010 VULGI
2394 933 2988 1018 OPINIONEM

1339 1106 1448 1167 DE
1492 1103 1908 1166 GBANDI-NE
1961 1103 2066 1164 ET
2121 1103 2569 1170 TONITRUIS.

368 1349 413 1408 ι.
442 1362 477 1393 ι
511 1347 572 1406 1η
602 1348 689 1406 his
732 1346 1045 1420 regionibus
1088 1361 1230 1417 pene
1256 1361 1449 1402 omnes
1492 1345 1765 1412 homines,
1792 1360 1890 1401 no-

301 1444 440 1514 biles
480 1452 537 1499 et
567 1441 851 1514 ignobiles,
901 1439 1097 1494 urbani
1133 1448 1190 1495 et
1228 1438 1439 1504 rustici,
1491 1452 1652 1494 senes
1699 1445 1757 1492 et
1801 1437 1890 1508 ju-

302 1511 484 1596 venes,
511 1511 706 1602 putant
741 1532 1030 1603 grandines
1071 1538 1126 1585 ct
1160 1531 1399 1586 tonitrua
1426 1531 1707 1586 hominum
1731 1530 1888 1586 libitu

300 1637 458 1694 posse
504 1621 646 1678 fieri.
689 1621 886 1676 Dicunt
928 1621 1095 1685 enim,
1141 1634 1265 1675 mox
1312 1627 1375 1674 ut
1423 1619 1696 1676 audierint
1742 1620 1888 1676 toni-

299 1725 441 1779 trua,
496 1721 554 1769 et
604 1713 845 1769 viderint
891 1711 1122 1782 fulgura,
1176 1712 1324 1766 Aura
1374 1710 1610 1766 leuatitia
1658 1721 1755 1767 est.
1793 1711 1885 1766 ln-

299 1805 557 1876 terrogati
603 1818 737 1860 vero
778 1804 908 1874 quid
940 1805 1012 1860 sit
1049 1819 1182 1859 aura
1221 1803 1483 1869 levatitia,
1508 1803 1598 1858 alii
1637 1818 1761 1859 cum
1786 1817 1883 1859 ve-

303 1897 581 1964 recundia,
609 1910 802 1967 parum
833 1896 1178 1952 remordente
1208 1896 1560 1963 conscientia,
1587 1895 1679 1950 alii
1700 1903 1885 1951 autem

297 1989 651 2052 conﬁdenter,
685 1997 744 2042 ut
786 1987 1162 2058 imperitorum
1199 1988 1371 2042 moris
1411 2000 1532 2042 esse
1564 1986 1720 2052 solet,
1754 2002 1886 2042 con-

298 2079 518 2133 ﬁrmant
561 2077 1025 2134 incantationibus
1080 2077 1359 2132 hominum
1384 2117 1399 2143 ,
1447 2077 1542 2149 qui
1603 2077 1862 2133 dicuntur

299 2173 325 2212 ιι
361 2171 740 2242 Tempestarii,
781 2186 904 2227 esse
951 2171 1204 2236 levatam,
1260 2180 1316 2226 et
1360 2172 1480 2228 ideo
1533 2172 1640 2227 dici
1690 2171 1882 2227 levati—

298 2262 428 2317 tiam
451 2276 662 2317 auram.
703 2261 858 2330 Quod
902 2269 1084 2316 utrum
1129 2274 1319 2317 verum
1363 2262 1452 2326 sit,
1477 2269 1539 2316 ut
1577 2262 1738 2334 vulgo
1763 2276 1880 2317 ere-

294 2352 458 2418 ditur,
508 2365 577 2408 ex
621 2353 950 2408 auctoritate
977 2352 1283 2407 divinarum
1314 2349 1723 2422 Scripturarum
1751 2366 1881 2421 pro-

295 2444 449 2498 betur
473 2457 698 2501 necesse
741 2451 844 2499 est.
871 2442 969 2499 Sin
1011 2452 1192 2499 autem
1220 2442 1417 2498 falsum
1442 2449 1547 2509 est,
1588 2451 1650 2498 ut
1673 2444 1880 2513 absque

293 2533 546 2605 ambiguo
590 2533 888 2600 credimus,
925 2546 1266 2602 summopere
1309 2531 1747 2602 exaggerandum
1793 2538 1880 2586 est

295 2623 486 2691 quanti
524 2624 793 2680 mendacii
842 2638 968 2679 reus
1011 2623 1081 2678 sit
1108 2622 1200 2692 qui
1230 2637 1366 2692 opus
1390 2621 1636 2677 divinum
1669 2622 1877 2677 homini

290 2714 502 2770 tribuit.
549 2713 687 2769 Nam
714 2729 814 2785 per
849 2714 953 2770 hoc
986 2715 1134 2768 inter
1159 2714 1266 2768 duo
1300 2712 1583 2768 mortifera
1612 2714 1880 2768 maxima-

287 2821 395 2874 que
419 2805 698 2861 mendacia
731 2805 1144 2876 constringitur,
1191 2805 1316 2859 dum
1351 2803 1678 2860 testiﬁcatur
1703 2807 1878 2861 homi-

290 2909 415 2956 nem
442 2898 623 2955 facere
646 2912 809 2968 posse
826 2898 970 2968 quod
992 2897 1160 2954 solius
1187 2896 1286 2952 Dei
1307 2906 1392 2954 est
1415 2912 1594 2970 posse,
1619 2907 1676 2953 et
1705 2898 1876 2953 Deum

288 3007 397 3047 non
425 2991 606 3048 facere
627 3007 750 3062 qua:
775 2989 926 3046 facit.
968 2990 1026 3046 Si
1053 3006 1186 3047 vero
1208 2991 1261 3045 in
1283 2990 1584 3046 mendaciis
1603 2989 1873 3050 minorum

1991 1340 2280 1397 Dominum
2347 1341 2729 1398 resuscitatum
2785 1359 2818 1399 a
2864 1344 3028 1400 Patre
3081 1347 3398 1416 prmdicant,
3456 1349 3579 1408 falsi

1992 1440 2158 1488 testes
2209 1433 2306 1488 Dei
2369 1434 2764 1501 invenirentur,
2823 1436 2868 1490 si
2931 1439 3130 1493 mortui
3183 1455 3289 1495 non
3340 1457 3588 1515 resurge-

1993 1530 2145 1588 rent;
2198 1523 2279 1578 sic
2320 1525 2484 1578 etiam
2534 1525 2636 1579 iste
2683 1525 2778 1594 qui
2819 1526 3138 1584 admirabile
3187 1538 3244 1584 et
3281 1531 3438 1587 valde
3475 1543 3586 1588 ter-

1991 1611 2148 1669 ribile
2172 1628 2309 1682 opus
2330 1614 2424 1669 Dei
2447 1614 2751 1672 Deoaufert
2767 1617 3047 1674 uthomini
3073 1620 3292 1688 tribuat,
3313 1622 3482 1682 falsus
3501 1635 3587 1682 est

1989 1703 2111 1759 sine
2133 1703 2297 1759 dubio
2323 1705 2476 1761 testis
2497 1705 2615 1762 Dei.
3425 1767 3429 1770 .

2056 1795 2121 1851 Η.
2150 1795 2446 1868 Plerosque
2490 1807 2675 1855 autem
2711 1800 2948 1857 vidimus
2988 1811 3044 1858 et
3088 1805 3395 1862 audivimus
3425 1817 3574 1866 tanta

1983 1887 2252 1943 dementia
2275 1889 2518 1956 obrutos,
2569 1898 2723 1946 tanta
2768 1893 3002 1950 stultitia
3045 1894 3332 1963 alienatos,
3359 1907 3421 1954 ut
3449 1915 3570 1956 cre-

1982 1977 2114 2033 dant
2142 1985 2197 2033 et
2222 1979 2405 2035 dicant
2447 1980 2738 2051 quamdam
2765 1997 2888 2040 esse
2916 1985 3217 2055 regionem,
3262 2003 3384 2058 quae
3421 1991 3578 2047 diea-

1982 2077 2074 2125 tur
2102 2069 2368 2141 Magonia,
2397 2086 2465 2128 ex
2504 2087 2614 2142 qua
2659 2089 2830 2130 naves
2874 2076 3098 2132 veniant
3142 2078 3197 2132 in
3223 2080 3480 2146 nubibus,
3521 2081 3578 2137 in

1981 2162 2176 2232 quibus
2204 2162 2406 2234 fruges,
2433 2179 2556 2235 qua:
2598 2166 2953 2234 grandinibus
2977 2167 3250 2237 decidunt,
3283 2178 3339 2225 et
3367 2178 3574 2243 tempe

1979 2256 2213 2312 statibus
2258 2268 2510 2328 pereunt,
2557 2260 2826 2314 vehantur
2872 2261 2929 2316 in
2974 2262 3221 2318 eamdem
3273 2265 3572 2336 regionem,

1979 2349 2112 2418 ipsis
2139 2349 2395 2404 videlicet
2419 2351 2600 2406 nautis
2625 2352 2802 2407 aereis
2829 2352 3084 2409 dantibus
3129 2355 3304 2425 pretia
3335 2356 3564 2427 Tempe-

1979 2438 2184 2504 stariis,
2210 2446 2265 2494 et
2292 2439 2682 2508 accipientibus
2704 2438 2976 2496 frumenta
2999 2442 3084 2497 vel
3102 2454 3334 2500 caeteras
3361 2444 3566 2514 fruges.
3599 2478 3606 2484 -

1979 2529 2056 2584 Ex
2083 2529 2171 2584 bis
2195 2528 2323 2584 item
2354 2537 2462 2584 tam
2493 2527 2760 2600 profunda
2785 2531 3014 2587 stultitia
3038 2533 3348 2597 exemtis,
3380 2541 3440 2588 ut
3459 2536 3579 2594 haec

1977 2635 2138 2691 posse
2169 2620 2289 2675 fieri
2323 2621 2566 2686 credant,
2596 2623 2831 2680 vidimus
2874 2623 3057 2694 plures
3087 2625 3141 2680 in
3187 2626 3419 2695 quodam
3444 2642 3574 2684 eon-

1978 2719 2144 2766 ventu
2171 2711 2454 2767 hominum
2497 2712 2758 2768 exhibere
2785 2714 3000 2770 vinctos
3031 2725 3267 2784 quatuor
3304 2717 3572 2781 homines,

1978 2809 2092 2857 tres
2114 2803 2282 2867 viros,
2305 2810 2362 2856 et
2385 2817 2549 2857 unam
2587 2801 2864 2869 feminam,
2900 2806 3056 2875 quasi
3082 2807 3174 2876 qui
3204 2806 3273 2862 de
3301 2807 3433 2879 ipsis
3473 2824 3574 2867 na-

1975 2893 2133 2948 vibus
2154 2893 2489 2950 ceciderint:
2537 2909 2674 2965 quos
2723 2895 2937 2952 scilicet
2973 2911 3072 2966 per
3099 2897 3306 2967 aliquot
3350 2899 3467 2954 dies
3511 2899 3568 2955 in

1975 2984 2206 3040 vinculis
2235 2985 2502 3050 detentos,
2548 2985 2762 3043 tandem
2811 2986 3038 3044 collecto
3083 2999 3354 3045 conventu
3391 2990 3571 3046 homi-

288 3095 471 3137 rerum
497 3080 768 3137 veraciter
817 3088 903 3138 est
930 3082 1220 3136 tenendum
1267 3081 1413 3152 quod
1447 3082 1708 3152 scriptum
1738 3091 1822 3136 est
1854 3100 1866 3135 :
1899 3100 1943 3162 ρ
1973 3089 2105 3132 uum
2133 3076 2517 3142 exhibuerunt,
2558 3084 2619 3130 ut
2645 3076 2777 3143 dixi,
2806 3076 2859 3131 in
2885 3087 3070 3133 nostra
3096 3081 3414 3149 praisentia,
3445 3089 3571 3136 tan-

290 3168 476 3226 Sermo
516 3172 772 3226 obscurus
807 3171 865 3224 in
894 3187 1116 3225 vacuum
1145 3187 1250 3226 non
1285 3171 1420 3237 ibit;
1451 3188 1508 3225 os
1538 3181 1714 3226 autem
1734 3173 1875 3244 quod

288 3259 562 3326 mentitur,
589 3259 782 3314 occidit
827 3259 1062 3314 animam
1090 3259 1245 3330 (Sep.
1297 3259 1478 3331 1,“).
1522 3259 1592 3314 Et
1642 3261 1870 3317 iterum:

294 3348 486 3407 Perdes
513 3363 692 3407 omnes
716 3352 808 3424 qui
851 3350 1135 3423 loquuntur
1173 3351 1525 3406 mendacium.
1564 3353 1632 3407 Et
1662 3371 1676 3406 :
1708 3353 1874 3409 Testis

286 3441 516 3497 mendax
555 3441 765 3513 peribit.
800 3441 893 3497 Vol
927 3458 942 3497 :
990 3441 1156 3497 Testis
1187 3441 1356 3512 falsus
1391 3458 1497 3497 non
1544 3444 1642 3498 erit
1695 3445 1871 3515 impu-

285 3535 446 3589 nitus.
479 3535 575 3590 Vel
616 3534 783 3591 etiam
823 3534 954 3589 illud
999 3534 1142 3604 quod
1190 3534 1243 3588 in
1272 3534 1594 3606 Apocalypsi
1645 3534 1874 3594 Joannis

283 3625 527 3694 Apostoli
555 3625 754 3696 legitur
782 3641 796 3679 :
829 3624 980 3679 Beati
1004 3626 1095 3696 qui
1131 3624 1310 3680 lauant
1350 3625 1513 3680 stolas
1539 3643 1686 3692 suas,
1717 3637 1771 3680 ut
1803 3629 1871 3682 sit

281 3723 510 3786 potestas
539 3707 719 3768 eorum
761 3714 818 3768 in
854 3713 994 3784 ligno
1043 3715 1184 3782 vitta,
1215 3724 1264 3769 et
1302 3717 1469 3785 portis
1489 3717 1685 3770 intrent
1714 3717 1770 3770 in
1791 3718 1870 3770 ci-

282 3805 509 3860 vitatem.
539 3801 698 3860 Foris
727 3814 902 3859 autem
947 3821 1124 3870 canes,
1175 3814 1226 3859 et
1254 3805 1486 3874 ueneﬁci,
1517 3815 1566 3859 et
1593 3806 1868 3877 impudici,

279 3907 328 3950 et
350 3896 649 3963 homicidia,
671 3905 719 3951 et
749 3896 906 3951 idolis
928 3897 1225 3964 servientes,
1266 3905 1315 3951 et
1337 3899 1510 3952 omnis
1526 3899 1617 3968 qui
1647 3908 1790 3953 amat
1819 3909 1871 3953 et

281 3985 410 4054 facit
456 3987 808 4042 mendacium.
841 3987 1055 4055 Quanto
1093 3990 1268 4060 magis
1297 3991 1351 4044 in
1385 3999 1492 4045 tam
1522 3993 1673 4061 gravi
1716 4007 1871 4046 men-

282 4076 455 4140 dacio,
475 4083 550 4149 .ut
590 4075 736 4129 istud
762 4077 974 4131 ostendi
1001 4087 1199 4147 potest,
1233 4080 1300 4134 de
1337 4095 1446 4149 quo
1470 4095 1616 4134 nunc
1645 4081 1870 4151 loquen-

282 4166 409 4218 dum
430 4164 787 4233 suscepimus,
829 4166 974 4236 quod
1001 4183 1108 4221 non
1140 4169 1319 4222 minus
1347 4169 1655 4239 aliquorum
1699 4171 1869 4225 haere-

281 4254 515 4308 ticorum
552 4253 850 4310 mendaciis
870 4254 1162 4313 invenitur.
1191 4257 1391 4314 Beatus
1427 4259 1628 4315 Paulus
1650 4268 1869 4330 aposto-

279 4347 363 4400 lus
423 4345 555 4402 dicit
613 4361 626 4398 :
685 4344 992 4402 Invenimur
1046 4358 1221 4402 autem
1271 4359 1319 4404 et
1369 4348 1494 4418 falsi
1529 4359 1682 4405 testes
1731 4350 1862 4417 Dei,

1975 3180 2136 3234 quam
2167 3165 2500 3239 lapidandos.
2541 3165 2648 3221 Sed
2680 3173 2859 3221 tamen
2881 3169 3133 3223 vincente
3173 3169 3423 3235 veritate,
3447 3179 3574 3240 post

1974 3256 2198 3312 multam
2232 3255 2717 3321 ratiocinationem,
2763 3257 2866 3328 ipsi
2905 3259 2999 3328 qui
3049 3273 3146 3315 eos
3183 3260 3568 3329 exhibuerant,

1974 3347 2268 3402 secundum
2303 3347 2674 3418 propheticum
2702 3347 2830 3405 illud
2855 3349 3066 3406 confusi
3092 3358 3238 3416 sunt,
3270 3351 3412 3409 sicut
3435 3367 3568 3412 eon-

1972 3438 2218 3495 funditur
2245 3439 2334 3496 fur
2359 3442 2577 3510 quando
2605 3441 3048 3512 deprehenditur.

2041 3532 2128 3586 lll.
2157 3532 2362 3587 Verum
2389 3535 2514 3603 quia
2545 3534 2636 3589 hic
2660 3549 2838 3600 error,
2876 3536 2971 3604 qui
3001 3543 3113 3590 tam
3158 3537 3485 3607 generaliter
3510 3536 3565 3593 in

1971 3623 2073 3677 hac
2102 3623 2321 3694 regione
2343 3637 2482 3693 pene
2506 3624 2750 3679 omnium
2775 3633 2985 3681 mentes
3011 3626 3272 3696 possidet,
3295 3627 3362 3682 ab
3387 3627 3566 3693 omni-

1971 3713 2072 3769 bus
2116 3716 2328 3770 ratione
2369 3716 2608 3785 przeditis
2649 3715 3030 3786 dijudicandus
3073 3727 3178 3785 est,
3217 3718 3562 3789 proferamus

1971 3805 2279 3860 testimonia
2309 3804 2734 3875 Scripturarum,
2760 3823 2858 3878 per
2885 3823 3005 3877 qua?
3033 3809 3318 3878 dijudieari
3349 3812 3519 3880 possit
3543 3830 3558 3866 :

1969 3884 2166 3965 quibus
2192 3896 2468 3966 inspectis,
2516 3911 2622 3951 non
2649 3913 2750 3954 nos
2775 3899 2899 3968 ipsi,
2941 3901 3035 3967 sed
3078 3900 3194 3972 ipsa
3220 3902 3420 3958 veritas
3458 3917 3559 3960 ex—

1969 3999 2171 4061 pugnet
2196 3991 2573 4046 stultissimum
2595 4007 2860 4058 errorem,
2887 4001 2943 4046 et
2969 4007 3160 4049 omnes
3197 3995 3290 4064 qui
3320 4011 3442 4050 cum
3469 4010 3561 4050 ve-

1971 4082 2130 4135 ritate
2169 4082 2429 4146 sentiunt,
2474 4091 2706 4153 arguant
2745 4098 2877 4139 vasa
2907 4085 3128 4151 erroris,
3168 4086 3412 4142 dicentes
3435 4103 3559 4143 cum

1966 4171 2222 4240 Apostolo
2247 4189 2260 4224 :
2293 4168 2458 4224 Omne
2481 4171 2812 4227 mendacium
2834 4189 2898 4228 ex
2919 4176 3136 4228 veritate
3157 4191 3262 4230 non
3283 4186 3377 4231 est.
3406 4176 3562 4244 Quod

1969 4271 2150 4318 autem
2174 4278 2242 4317 ex
2268 4262 2498 4318 veritate
2525 4277 2634 4317 non
2667 4272 2772 4331 est,
2819 4277 2890 4319 ex
2938 4265 3050 4322 Deo
3075 4267 3262 4336 utique
3288 4283 3397 4323 non
3426 4277 3509 4324 est
3540 4287 3556 4336 ;

1967 4360 2022 4408 et
2049 4351 2193 4422 quod
2218 4366 2284 4406 ex
2315 4352 2426 4408 Deo
2452 4367 2560 4407 non
2587 4361 2688 4419 est,
2722 4356 2888 4409 verba
2917 4354 3032 4424 ejus
3063 4372 3168 4411 non
3197 4359 3384 4422 audit;
3419 4359 3560 4414 sicut

275 4441 522 4507 quoniam
554 4442 908 4498 testimonium
945 4444 1176 4500 diximus
1199 4445 1474 4502 adversum
1502 4445 1690 4512 Deum,
1718 4446 1858 4517 quod
1883 4449 1938 4510 Β
1965 4444 2079 4516 ipsa
2108 4459 2204 4514 per
2232 4459 2290 4500 se
2313 4444 2526 4500 Veritas
2554 4443 2716 4499 dicit:
2745 4444 2849 4512 Qui
2884 4456 2960 4501 est
2989 4463 3054 4502 ea:
3095 4447 3224 4514 Deo,
3267 4451 3419 4505 verba
3459 4451 3558 4508 Dei

275 4533 602 4589 suscitaverit
642 4532 930 4602 Christum,
965 4554 1115 4608 quem
1145 4554 1250 4592 non
1279 4539 1569 4605 suscitauit,
1597 4540 1644 4592 si
1671 4540 1864 4594 mortui
1965 4537 2134 4591 audit.
2183 4533 2468 4604 Propterea
2493 4552 2580 4590 vos
2633 4552 2735 4590 non
2780 4537 2999 4604 auditis,
3029 4539 3154 4610 quia
3187 4556 3252 4594 ea:
3297 4540 3408 4595 Deo
3448 4558 3554 4603 non

279 4639 380 4678 non
405 4637 679 4698 resurgunt
709 4643 728 4682 :
760 4645 881 4682 nam
910 4629 957 4683 si
993 4631 1188 4683 mortui
1229 4647 1332 4684 non
1367 4640 1665 4700 resurgunt,
1701 4647 1866 4702 neque
1965 4627 2108 4681 estis.
2134 4626 2287 4694 Quod
2313 4627 2368 4680 in
2393 4627 2498 4681 alio
2523 4642 2740 4698 quoque
2778 4628 2897 4684 loco
2927 4630 3049 4685 aliis
3074 4632 3238 4686 etiam
3264 4632 3444 4688 verbis
3467 4633 3556 4689 di-

277 4713 515 4772 Cliristus
548 4721 851 4774 resurrexit.
900 4719 1054 4776 Sicut
1090 4735 1218 4792 ergo
1252 4737 1440 4776 omnes
1469 4723 1561 4798 qui
1588 4721 1863 4778 Christum
1970 4725 2045 4778 cit
2073 4742 2083 4775 :
2117 4721 2246 4776 Oves
2276 4736 2405 4775 mea:
2449 4736 2621 4775 vocem
2648 4737 2818 4776 meam
2851 4721 3096 4776 audiunt.
3149 4723 3435 4794 Propterea
3467 4741 3555 4780 ros

1639 4815 1911 4872 BALUZH
1948 4817 2174 4873 ΝΟΤᾸΞ.

347 4895 467 4981 {In
492 4900 572 4954 his
613 4899 932 4981 regionibus,
960 4900 1013 4981 in
1052 4916 1182 4972 agro
1209 4903 1465 4959 nimirum
1491 4904 1858 4979 Lugdunensi,
1965 4908 2174 4964 tissime
2193 4911 2599 4981 examinatione
2627 4910 3101 4981 constringuntur,
3127 4910 3176 4981 si
3207 4908 3348 4966 forte
3380 4914 3548 4967 conli-

275 4978 330 5024 et
348 4969 755 5051 circumpositis
785 4969 1118 5051 regionibus}
1189 5041 1220 5051 h
1369 5044 1379 5051 _
1417 5045 1436 5051 Δ
1471 5045 1484 5051 ἡ
1575 4969 1602 4979 ⁷
1718 4997 1720 4999 ’
1845 4969 1856 4975 ’
1964 4979 2456 5051 teanturmalorum
2477 4995 2597 5050 qua:
2613 4969 2914 5051 gesserunt:
2948 4969 3553 5051 Sedtalimoderationo

348 5039 376 5079 δ
414 5039 773 5120 Tempestarii.
803 5039 945 5120 Alibi
981 5041 1254 5120 sortiar-ii;
1291 5044 1382 5114 qui
1412 5045 1656 5120 fulgura,
1687 5056 1742 5101 et
1781 5056 1861 5102 to—
1964 5047 2060 5104 ﬁat
2098 5049 2288 5104 eadem
2326 5039 2715 5120 districtiofne
2741 5050 2908 5103 vitam
2932 5050 3198 5120 perdant;
3229 5051 3324 5106 sed
3359 5061 3417 5106 ut
3448 5055 3546 5107 sal-

275 5110 477 5192 nitrua,
513 5109 762 5192 aliasque
800 5111 941 5192 aeris
974 5109 1322 5192 tempestates
1343 5109 1584 5192 oscitans
1610 5109 1666 5171 se
1698 5132 1859 5192 posse
1961 5127 2157 5192 ventur
2189 5120 2242 5173 in
2281 5119 2728 5192 carceregalilicti,
2763 5109 2948 5189 usque'
2967 5121 3093 5174 dum
3119 5109 3228 5176 Deo
3251 5123 3552 5192 inspirante

273 5178 597 5256 profitentur
623 5178 728 5250 ope
761 5182 904 5256 artis
931 5197 1060 5237 sum.
1085 5178 1324 5256 'Carolus
1359 5185 1582 5256 Magnus
1615 5205 1628 5240 :
1668 5178 1714 5237 ς’
1734 5188 1858 5243 Ideo

275 5249 616 5320 praecipimus
637 5249 697 5320 ut
719 5253 1113 5320 caucolatores,
1143 5260 1197 5309 et
1222 5249 1608 5319 incantaiores,
1639 5265 1694 5311 et
1714 5268 1854 5312 tem-

273 5318 496 5396 pestarii
523 5358 538 5383 ,
585 5319 673 5396 vel
717 5318 1182 5396 obligatoresinon
1223 5324 1390 5390 ﬁant;
1447 5335 1502 5380 et
1550 5327 1853 5396 ubicunque

272 5394 428 5478 θυιξῦ
465 5390 865 5478 semisse?"
912 5393 995 5453 νει
1045 5395 1390 5478 (Imitemur
1425 5415 1462 5478 ,ξ
1502 5396 1638 5478 iter?!
1689 5390 1848 5478 ίρεῖετ

280 5456 416 5537 «De
457 5456 939 5537 incantationibus,
973 5464 1363 5537 auguriis,‘vel
1409 5456 1850 5537 divinationibus,

273 5505 1847 5608 egosig-41.:arsissszvsras'saginantes:

268 5594 956 5690 9339“‘£.§“.'33=‘9_92§_°3!i3
967 5606 1356 5690 ﬂebis“!!un
1385 5607 1716 5690 ρςρτθιιριξξὲ.
1737 5594 1852 5663 ὐθέ

271 5666 409 5736 rint,
441 5666 620 5733 videat
651 5669 1084 5745 archipresbyter
1115 5666 1363 5734 dimcésis
1385 5666 1524 5735 illius
1545 5686 1604 5734 ut
1626 5677 1849 5751 diligen-

1959 5189 2289 5263 spondeant‘
2324 5189 2758 5263 emendationem
2789 5199 3170 5263 peccatorum.
3237 5211 3257 5244 ι
3325 5189 3552 5263 Tempe-

1960 5259 2194 5334 stuarios
2219 5259 2389 5334 etiam
2410 5268 2568 5334 vocat
2598 5259 2875 5334 Herardus
2901 5259 3345 5334 archiepiscopus
3372 5259 3552 5320 Turo-

1960 5329 2145 5402 nensis
2175 5330 2228 5402 in
2273 5330 2448 5400 capite
2481 5331 2516 5402 ᾇ
2561 5344 2781 5402 suorum
2805 5329 3177 5402 Capitulorum
3214 5329 3286 5385 ε’(
3318 5332 3396 5389 De
3436 5351 3550 5390 ma-

1957 5397 2144 5464 leﬂeis,
2175 5397 2624 5473 incantatoribus,
2651 5397 3188 5473 divinis,’sortilegis,
3212 5405 3546 5472 somniariis,

1955 5469 2386 5552 tempestuariis,
2434 5480 2490 5552 et
2527 5468 2782 5552 brevibus
2831 5487 2955 5552 pro"
2981 5468 3310 5552 frigoribus,
3367 5483 3424 5529 et
3479 5468 3549 5533 de

1955 5539 2271 5596 mulieribus
2317 5539 2608 5614 veneﬁcis,
2643 5549 2699 5596 et
2738 5539 2873 5614 quae
2899 5539 3120 5614 diversa
3164 5542 3375 5614 ﬁngunt
3411 5560 3544 5614 por-

1905 5657 1918 5670 \
1955 5617 2123 5672 tenta,
2152 5618 2214 5664 ut
2242 5609 2663 5681 prohibeantur,
2695 5609 2774 5668 et
2787 5611 3015 5682 publica:
3042 5609 3375 5684 ptenitentia:
3405 5609 3546 5675 niulv

1954 5686 2155 5741 tentur.
2206 5700 2223 5733 I
