4048 6178
306 281 413 336 NQ

1364 274 1492 328 LIB.
1535 273 1625 330 DE
1659 271 2016 329 GBANDINE
2051 273 2142 329 ET
2182 273 2572 332 TONITRIJIS.

3500 281 3596 336 150

305 416 412 454 non
445 395 662 460 auditis,
692 394 826 466 quia
854 409 962 447 non
987 391 1110 446 estis
1148 406 1215 446 ea:
1251 390 1431 445 ovibus
1474 390 1624 444 meis.
1664 387 1908 458 Itemque
1933 390 1983 450 A
2009 388 2239 445 ulterius
2265 391 2372 448 tale
2399 390 2604 447 conati.
2651 389 2813 448 Certe
2838 392 2882 447 si
2929 391 3151 462 quilibet
3183 393 3346 448 homo
3382 396 3602 466 grandi-

305 490 433 545 alibi
460 507 474 542 :
506 487 688 543 Omnis
722 486 815 557 qui
845 494 923 540 est
956 499 1022 538 ea:
1061 484 1297 548 veritate,
1324 482 1474 536 audit
1513 497 1686 536 uocem
1713 496 1903 534 meam.

307 583 495 638 Omnis
531 581 716 649 itaque
752 579 848 648 qui
895 576 1237 631 mendacium
1287 576 1480 640 credit,
1523 582 1617 630 aut
1642 573 1904 644 loquitur,

308 685 401 733 aut
424 676 623 730 astruit
651 674 798 743 quod
827 688 939 728 non
971 679 1073 735 est,
1119 681 1175 726 et
1204 671 1437 725 tenendo
1473 669 1736 738 quidlibet
1761 667 1906 738 quod

309 784 417 822 non
448 775 551 830 est,
585 782 693 835 quo
723 765 831 820 nisi
862 765 931 818 ad
964 778 1073 818 non
1115 777 1236 818 esse
1264 762 1476 816 tendit?
1507 761 1634 830 quia
1663 761 1796 816 item
1839 761 1906 816 ad

310 875 416 915 non
454 874 574 913 esse
597 859 770 913 tendit
798 873 814 922 ;
844 856 1198 926 proculdubio
1240 855 1307 909 ab
1341 869 1408 910 eo
1433 855 1524 923 qui
1552 862 1638 909 est
1677 852 1904 916 recedit,

308 948 401 1017 qui
428 947 565 1002 dixit
591 946 758 1016 Moysi
787 960 801 998 :
838 944 928 999 Sic
956 944 1096 998 dices
1115 943 1240 1012 ﬁliis
1272 943 1438 998 Israel
1461 959 1482 998 :
1507 943 1611 1010 Qui
1635 953 1735 1007 est,
1762 943 1905 997 misit

308 1055 391 1093 me
426 1038 498 1092 ad
533 1055 642 1092 vos.
697 1036 768 1091 Et
804 1037 871 1091 de
916 1050 1024 1105 quo
1069 1035 1262 1090 beatus
1307 1033 1410 1090 Job
1459 1034 1734 1103 loquitur:
1786 1033 1906 1104 Ipse

307 1133 445 1187 enim
470 1131 612 1186 solus
648 1123 744 1186 est.
782 1129 961 1198 Atque
985 1137 1048 1184 ut
1081 1129 1323 1200 apertius
1365 1130 1670 1199 loquamur,
1699 1130 1906 1184 veritas

308 1222 605 1279 essentiam
652 1221 840 1286 habet,
870 1219 955 1273 vel
1002 1219 1182 1290 potius
1207 1220 1444 1275 essentia
1487 1219 1653 1274 estin
1680 1221 1902 1290 prepria

312 1313 639 1376 substantia,
691 1311 818 1380 quia
866 1309 1146 1374 subsistit;
1199 1309 1540 1364 mendacium
1585 1324 1736 1374 vero,
1776 1308 1905 1377 quia

310 1401 515 1457 nullam
560 1401 721 1455 habet
756 1399 1071 1463 essentiam,
1105 1397 1240 1452 nihil
1281 1398 1427 1453 enim
1455 1406 1560 1462 εει,
1590 1411 1698 1452 non
1731 1398 1906 1452 subsi-

311 1493 426 1546 stit.
457 1489 617 1546 Solus
643 1504 772 1560 ergo
808 1488 952 1542 Deus
989 1494 1091 1552 est,
1131 1488 1257 1556 quia
1279 1487 1426 1542 solus
1449 1501 1638 1542 verum
1660 1499 1780 1541 esse
1805 1487 1904 1540 ba-

310 1584 424 1650 bet,
459 1583 550 1652 qui
581 1597 688 1636 non
717 1580 926 1650 accepit
954 1588 1018 1634 ut
1053 1588 1218 1634 esset.
1269 1577 1470 1636 Omnes
1497 1587 1678 1633 autem
1723 1593 1810 1632 res
1839 1576 1907 1632 ab

310 1689 377 1727 co
396 1681 613 1737 create,
642 1679 698 1726 et
741 1671 962 1742 quidem
1007 1677 1171 1736 sunt;
1214 1669 1308 1725 sed
1335 1683 1525 1725 verum
1555 1679 1610 1724 ει
1634 1683 1905 1724 summum

2008 495 2132 535 nem
2159 482 2422 550 potuisset
2445 481 2761 546 immittere,
2788 479 3010 538 Jamnes
3031 491 3089 538 et
3133 481 3402 540 Mambres
3426 484 3604 540 immi-

2009 571 2226 634 sissent,
2271 571 2399 641 quia
2431 586 2602 641 aquas
2644 581 3031 627 converterunt
3079 574 3132 627 in
3176 577 3518 646 sanguinem,
3549 588 3606 632 et

2008 675 2170 716 ranas
2207 661 2272 716 de
2313 660 2621 716 ﬂuminibus
2668 662 3061 731 produxerunt,
3091 663 3234 732 quod
3283 665 3373 720 isti
3419 665 3603 722 facere

2006 768 2116 808 non
2150 762 2398 822 possunt,
2426 753 2517 822 qui
2545 768 2690 808 nunc
2719 753 2972 808 dicuntur
3007 754 3384 824 Tempestarii.

2079 846 2144 900 V.
2175 844 2432 914 Sequitur
2459 852 2640 899 autem
2673 843 2728 898 in
2758 845 2949 900 eodem
2978 845 3096 901 loco
3128 845 3458 918 Scriptum:
3494 850 3607 906 Ea:-

2008 939 2169 992 tendit
2205 938 2411 1010 Moyses
2457 944 2658 1013 virgam
2705 943 2762 997 in
2795 942 3005 1010 caelum,
3057 954 3105 998 et
3154 945 3413 1000 Dominus
3461 947 3606 1001 dedit

2007 1032 2240 1085 tonitrua
2285 1043 2333 1086 et
2373 1035 2701 1102 grandinem,
2725 1053 2789 1090 ac
2819 1035 3169 1090 discurrentia
3197 1035 3410 1108 fulgura
3449 1055 3608 1108 super

2007 1131 2224 1188 terram,
2271 1123 2505 1195 pluitque
2550 1126 2804 1182 Dominus
2856 1129 3164 1198 grandinem
3214 1146 3370 1200 super
3411 1140 3605 1184 terram

2008 1213 2253 1283 Egypti,
2283 1221 2332 1267 et
2376 1215 2579 1284 grando
2609 1225 2656 1271 et
2708 1217 2845 1287 ignis
2871 1219 3038 1272 mixta
3068 1219 3267 1288 pariter
3303 1219 3608 1288 ferebantur

2008 1303 2170 1375 (Ibid.
2201 1321 2258 1370 v,
2294 1303 2408 1375 25).
2462 1305 2602 1362 Ecce
2652 1315 2706 1362 et
2747 1309 2837 1363 hic
2890 1307 3040 1363 locus
3095 1308 3267 1363 solum
3313 1307 3602 1364 Dominum

2005 1395 2248 1450 ostendit
2275 1403 2580 1452 creatorem
2611 1405 2667 1451 et
2692 1404 2968 1452 auctorem
3016 1398 3317 1468 grandinis,
3363 1414 3470 1454 non
3498 1399 3601 1454 ali-

2007 1503 2166 1558 quem
2199 1489 2494 1544 hominem.
2537 1490 2731 1544 Dicant
2774 1489 3004 1544 forsitan
3053 1490 3144 1545 isti
3174 1490 3266 1560 qui
3295 1491 3604 1546 hominibus

2007 1581 2111 1636 hoc
2143 1581 2410 1646 tribuunt,
2444 1581 2660 1652 Moysen
2699 1582 3009 1638 extendisse
3050 1583 3258 1652 virgam
3285 1582 3340 1636 in
3376 1583 3599 1649 caelum,

2007 1681 2063 1726 et
2087 1671 2209 1726 ideo
2231 1686 2330 1741 per
2348 1672 2631 1747 hominem
2658 1673 2954 1727 immissam
3001 1671 3170 1728 fuisse
3198 1679 3596 1742 tempestatem.

318 1765 450 1820 illud
480 1779 600 1819 esse
645 1738 773 1818 non-
801 1762 1020 1828 habent,
1071 1762 1198 1832 quia
1243 1770 1567 1832 acceperunt
1609 1769 1671 1816 ut
1699 1769 1902 1817 essent.
1934 1738 1982 1797 Β
2007 1761 2168 1817 Certe
2194 1738 2403 1834 Moyses
2430 1777 2620 1819 servus
2665 1763 2876 1818 Domini
2906 1772 3026 1818 erat
3070 1764 3245 1820 bonus
3294 1738 3348 1820 et
3391 1763 3593 1833 justus.

316 1857 489 1912 Porro
513 1855 815 1918 mendacia,
846 1855 973 1924 quia
1002 1870 1109 1909 non
1131 1861 1456 1923 acceperunt
1473 1861 1532 1907 ut
1554 1861 1754 1917 essent,
1783 1853 1905 1908 nul-

313 1945 425 2002 lum
451 1961 573 2000 esse
599 1945 819 1999 habent.
860 1943 938 1999 Ac
956 1957 1053 2014 per
1078 1944 1202 2009 hoc,
1233 1944 1280 1999 is
1305 1943 1396 2014 qui
1424 1943 1707 1998 mendacio
1728 1942 1910 1998 adhte-

313 2047 416 2102 ret,
446 2037 496 2090 ei
526 2035 604 2089 rei
632 2032 876 2087 adhaeret
899 2048 1020 2102 qua:
1057 2047 1164 2088 non
1204 2041 1328 2088 est:
1361 2045 1671 2102 quanquam
1704 2046 1804 2086 nec
1828 2031 1905 2086 rei

311 2124 597 2180 dicendum
620 2123 711 2178 sit.
737 2122 840 2190 Qui
859 2131 1040 2178 autem
1063 2123 1112 2178 ei
1135 2123 1375 2177 adhaeret
1386 2121 1529 2191 quod
1547 2135 1655 2176 non
1675 2129 1778 2186 est,
1797 2137 1907 2177 non

312 2216 486 2271 solum
512 2215 581 2269 ab
606 2229 672 2270 eo
699 2214 905 2270 recedit
932 2215 1022 2283 qui
1057 2212 1187 2269 fecit
1221 2227 1367 2277 eum,
1396 2212 1490 2267 sed
1533 2212 1701 2266 etiam
1747 2212 1816 2267 ab
1841 2227 1906 2268 eo

312 2309 429 2379 ipso
458 2307 604 2376 quod
649 2306 828 2362 factus
871 2314 992 2370 est;
1026 2305 1282 2374 quoniam
1311 2319 1419 2358 non
1465 2301 1699 2373 amplius
1740 2318 1904 2372 quam

314 2400 420 2452 duo
443 2411 567 2452 esse
596 2404 719 2452 sunt
744 2413 758 2461 ;
787 2412 956 2450 unum
982 2409 1274 2460 summum,
1301 2393 1444 2464 quod
1467 2409 1623 2449 suum
1651 2408 1773 2448 esse
1797 2407 1904 2448 non

308 2489 523 2557 accepit
555 2488 630 2566 ab
662 2486 808 2552 alio;
855 2486 1083 2540 alterum
1112 2499 1387 2554 magnum,
1417 2485 1560 2554 quod
1603 2499 1761 2539 suum
1786 2498 1906 2539 esse

310 2593 340 2631 a
365 2577 484 2632 Deo
510 2577 760 2648 accepit;
796 2577 848 2632 id
873 2584 978 2641 est,
1021 2584 1256 2641 creator,
1294 2583 1351 2630 et
1384 2583 1654 2630 creatura.
1687 2573 1904 2628 Menda-

308 2669 452 2722 cium
487 2671 678 2738 igitur,
707 2669 832 2738 quia
877 2683 983 2722 non
1015 2676 1099 2721 est
1126 2675 1357 2731 creator,
1387 2681 1494 2720 non
1525 2674 1608 2721 est
1633 2681 1901 2721 summum

309 2775 472 2826 esse;
501 2761 630 2830 quia
659 2777 766 2816 non
793 2769 879 2816 est
905 2767 1182 2824 creatura,
1209 2773 1316 2814 non
1344 2766 1431 2814 est
1453 2772 1710 2830 magnum
1737 2771 1859 2813 esse
1883 2775 1898 2825 ;

309 2852 438 2920 quia
486 2851 692 2906 nullam
733 2851 900 2906 habet
943 2850 1258 2914 essentiam,
1287 2863 1394 2904 non
1439 2857 1525 2904 est
1563 2849 1730 2904 ullum
1757 2863 1900 2906 esse.

307 2943 410 3010 Qui
437 2959 570 3015 ergo
612 2943 729 2998 vult
770 2943 1062 3014 persistere
1090 2943 1145 2997 in
1190 2957 1257 2998 eo
1283 2943 1430 3013 quod
1460 2950 1562 3006 est,
1600 2957 1707 2997 non
1752 2957 1904 2999 rece-

306 3033 404 3086 dat
430 3032 501 3086 ab
529 3046 596 3087 eo
615 3031 706 3101 qui
734 3031 785 3087 ei
817 3030 970 3086 dedit
1003 3044 1146 3085 esse.
1176 3029 1281 3098 Qui
1312 3036 1493 3084 autem
1517 3043 1642 3089 non
1670 3029 1789 3084 vult
1814 3044 1902 3086 re-

307 3120 500 3177 cedere
531 3119 600 3175 ab
634 3136 702 3175 eo
725 3121 817 3190 qui
851 3135 980 3176 vere
1020 3128 1124 3187 est,
1169 3119 1340 3192 fugiat
1366 3119 1514 3190 quod
1543 3119 1767 3176 omnino
1789 3134 1900 3176 non

305 3220 411 3274 est,
439 3211 494 3266 id
517 3221 602 3266 est
625 3211 992 3266 mendacium.

379 3324 468 3380 IV.
502 3323 767 3392 Quoniam
795 3340 926 3397 ergo
955 3325 1132 3379 omnis
1156 3323 1412 3389 mendax,
1439 3321 1691 3378 falsitatis
1715 3337 1896 3379 asser-

309 3428 393 3473 tor
415 3426 520 3480 cst,
547 3425 604 3471 et
629 3416 806 3470 omnis
832 3424 1069 3472 assertor
1114 3413 1382 3476 falsitatis,
1419 3413 1588 3469 falsus
1612 3414 1768 3469 testis
1793 3421 1894 3476 est,

308 3524 479 3577 agens
498 3514 690 3562 contra
714 3507 999 3561 veritatem
1025 3521 1041 3570 ;
1066 3505 1348 3560 videamus
1369 3502 1502 3572 jam,
1534 3503 1623 3558 isti
1647 3503 1739 3572 qui
1765 3517 1902 3572 opus

307 3600 548 3654 divinum
579 3605 800 3653 auctore
829 3597 1050 3652 homine
1083 3594 1200 3651 fieri
1221 3595 1429 3660 dicunt,
1467 3601 1650 3648 utrum
1675 3592 1903 3649 fulcien-

307 3700 397 3743 tur
416 3689 600 3759 aliqua
622 3688 964 3742 auctoritate.
995 3687 1051 3741 ln
1080 3687 1252 3741 sacris
1277 3686 1441 3756 igitur
1468 3683 1787 3754 Scripturis,
1809 3683 1902 3738 ubi

307 3785 540 3852 primum
577 3782 780 3851 grando
821 3780 1202 3842 introducitur,
1253 3778 1307 3832 in
1356 3776 1527 3847 plagis
1571 3777 1758 3846 utique
1797 3775 1903 3830 illis

305 3871 502 3942 quibus
549 3870 816 3942 Egyptus
864 3885 1118 3940 percussa
1167 3877 1269 3937 est,
1307 3868 1600 3922 invenitur.
1653 3865 1896 3934 Septima

305 3963 542 4033 denique
580 3963 736 4033 plaga
782 3961 1004 4032 Egypti
1052 3961 1153 4016 ista
1181 3969 1284 4014 est.
1334 3958 1481 4012 Dixit
1508 3965 1690 4010 autem
1721 3956 1901 4009 Domi-

306 4072 445 4110 nus:
485 4054 571 4108 En
595 4054 776 4126 pluam
814 4055 914 4108 hac
949 4054 1063 4123 ipsa
1092 4053 1224 4106 hora
1272 4067 1390 4105 cras
1428 4047 1738 4120 grandinem
1765 4044 1904 4098 mul-

305 4156 412 4198 tam
437 4146 616 4209 nimis,
649 4143 822 4214 qualis
851 4161 954 4198 non
982 4144 1081 4212 fuit
1109 4144 1163 4196 in
1194 4141 1426 4211 Egypto
1455 4156 1486 4192 a
1527 4138 1613 4191 die
1635 4153 1738 4208 qua
1773 4135 1898 4207 fun-

304 4236 431 4287 data
459 4244 558 4299 est,
591 4251 751 4305 usque
771 4235 826 4287 in
854 4247 1083 4304 prtesens
1107 4240 1310 4302 tempus
1338 4229 1536 4300 (Exod.
1569 4244 1646 4291 ιχ,
1677 4227 1788 4299 18).
1840 4227 1900 4281 ln

306 4327 391 4381 his
419 4328 602 4398 itaque
628 4327 808 4382 verbis
837 4325 1096 4381 Dominus
1121 4339 1179 4379 se
1221 4323 1399 4392 ipsum
1442 4321 1574 4376 dicit
1603 4319 1898 4374 missurum

2007 1851 2101 1908 lsti
2149 1863 2332 1909 autem
2375 1869 2470 1910 eos
2505 1870 2642 1924 quos
2667 1855 2854 1910 dicunt
2893 1855 3320 1925 Tempestarios,
3361 1871 3467 1911 non
3495 1871 3598 1912 au-

2009 1944 2137 1998 dent
2162 1944 2317 2000 fateri
2346 1945 2516 2000 bonos
2540 1959 2661 2000 esse
2687 1954 2743 1999 et
2767 1945 2965 2016 justos,
2999 1947 3093 2001 sed
3118 1945 3290 2002 malos
3318 1946 3519 2015 potius,
3545 1956 3600 2002 et

2008 2033 2240 2103 iniquos,
2268 2042 2324 2088 et
2350 2035 2542 2106 dignos
2579 2035 2924 2090 damnatione
2966 2034 3249 2105 temporali
3272 2043 3329 2089 et
3372 2043 3598 2100 aeterna,

2007 2124 2101 2178 sed
2145 2137 2321 2192 neque
2365 2139 2552 2180 servos
2596 2124 2714 2191 Dei,
2757 2126 2858 2181 nisi
2916 2124 3056 2182 forte
3104 2125 3436 2191 conditione,
3489 2141 3599 2183 non

2009 2223 2188 2271 tamen
2209 2217 2510 2273 voluntaria
2535 2219 2818 2276 servitute.
2864 2219 3000 2275 Nam
3043 2221 3089 2276 si
3130 2219 3200 2277 ad
3241 2221 3601 2278 imitationem

2006 2308 2176 2378 Moysi
2202 2309 2449 2366 homines
2473 2321 2656 2366 essent
2681 2320 2932 2368 auctores
2973 2313 3280 2384 grandinis,
3321 2315 3466 2370 servi
3494 2316 3600 2370 uti-

2005 2415 2112 2468 que
2141 2401 2234 2454 Dei
2259 2409 2464 2467 essent,
2495 2416 2600 2457 non
2649 2403 2789 2458 servi
2839 2403 3060 2458 diaboli.
3105 2403 3430 2474 Quanquam
3461 2419 3600 2474 prae-

2005 2490 2186 2546 missa:
2207 2491 2490 2546 sententia:
2515 2505 2690 2560 neque
2711 2491 2832 2547 illos
2854 2489 2972 2560 eius
3009 2493 3386 2548 demonstrant
3407 2500 3596 2548 aucto-

2004 2596 2112 2645 res,
2163 2580 2258 2636 sed
2305 2581 2480 2636 solum
2508 2581 2932 2651 omnipotentem
2984 2582 3173 2636 Deum.
3230 2581 3512 2652 Siquidem
3541 2590 3597 2638 et

2001 2671 2311 2736 Psalmista,
2341 2671 2432 2740 qui
2459 2669 2620 2739 hujus
2642 2678 2698 2725 et
2739 2671 3018 2740 grandinis
3059 2671 3332 2738 meminit,
3379 2672 3446 2728 de
3487 2671 3598 2728 Deo

2001 2759 2172 2816 dicit:
2220 2757 2425 2816 Occidit
2469 2760 2528 2814 in
2572 2759 2828 2831 grandine
2871 2761 3050 2816 uineas
3100 2775 3306 2827 eoi-itm,
3329 2770 3382 2816 et
3419 2777 3597 2817 moros

2001 2868 2185 2907 eorum
2225 2853 2284 2907 in
2315 2853 2531 2924 pruina,
2579 2861 2628 2907 et
2681 2852 2903 2907 tradidit
2947 2854 3005 2909 in
3056 2852 3315 2923 grandine
3359 2853 3598 2920 iumenta

2000 2957 2203 3007 eorum,
2243 2949 2292 2996 et
2314 2941 2667 3012 possessiones
2688 2957 2872 2996 eorum
2912 2941 3022 3012 igni
3068 2938 3244 3013 (Psal.
3268 2956 3476 3008 uxvu,
3503 2940 3594 3008 47,

2001 3031 2116 3104 48).
2145 3031 2532 3103 Sedquoniam
2574 3031 2632 3087 in
2669 3032 2921 3102 praesenti
2962 3031 3081 3088 loco
3109 3031 3260 3088 addit
3301 3031 3594 3088 Psalmista

2002 3127 2391 3184 immissionem
2413 3141 2514 3198 per
2537 3124 2758 3197 angelos
2781 3123 2974 3190 malos,
2995 3123 3277 3182 sciendum
3299 3123 3444 3194 quod
3476 3123 3596 3178 vin-

1998 3217 2267 3273 dictarum
2291 3224 2387 3271 aut
2407 3216 2784 3286 probationum
2812 3213 3021 3286 ﬂagella
3046 3228 3145 3285 per
3173 3213 3451 3270 ministros
3474 3228 3594 3269 ma-

2000 3308 2082 3364 los
2108 3315 2365 3364 exerceat
2385 3307 2552 3372 Deus,
2573 3307 2668 3377 qui
2708 3306 3039 3362 voluntatem
3079 3305 3302 3376 quidem
3351 3305 3585 3362 nocendi

2000 3399 2066 3453 de
2091 3414 2190 3455 suo
2218 3399 2469 3463 habeant,
2500 3405 2825 3468 potestatem
2863 3405 3043 3452 autem
3082 3397 3151 3452 ab
3177 3397 3270 3452 illo
3299 3397 3588 3467 accipiant.

2002 3488 2155 3546 Sicut
2176 3493 2322 3546 enim
2353 3504 2539 3546 eorum
2561 3489 2784 3560 propria
2816 3497 2900 3544 est
2925 3487 3174 3544 voluntas
3211 3487 3474 3553 nocendi,
3509 3487 3592 3544 sic

2001 3581 2168 3637 solius
2199 3580 2414 3636 Domini
2437 3586 2676 3650 potestas
2721 3585 2781 3633 ut
2823 3577 3036 3648 possint
3076 3591 3198 3647 quae
3235 3576 3442 3633 volunt.
3473 3575 3595 3632 Non

1999 3681 2086 3729 est
2107 3680 2257 3728 certe
2283 3673 2563 3728 hominum
2599 3677 2859 3742 potestas,
2905 3683 3082 3739 neque
3105 3668 3392 3732 bonorum,
3418 3681 3594 3737 neque

2001 3765 2288 3827 malorum,
2326 3777 2434 3816 non
2478 3769 2563 3818 est
2583 3762 2978 3817 contrariarum
3027 3757 3406 3814 fortitudinum
3434 3763 3589 3826 pote-

1999 3861 2132 3915 stas,
2161 3852 2259 3907 sed
2284 3851 2451 3905 solius
2481 3850 2714 3914 Domini,
2756 3850 2849 3918 qui
2893 3863 3079 3902 earum
3124 3846 3280 3902 mala:
3325 3846 3590 3902 voluntati

2002 3941 2194 3996 tribuit
2220 3946 2568 4009 potestatem,
2602 3939 2658 3993 in
2705 3946 2964 4008 quantum
3009 3937 3145 4002 vult,
3185 3945 3242 3993 et
3281 3939 3508 4008 abrogat
3535 3939 3592 3994 in

1999 4039 2258 4101 quantum
2284 4045 2392 4085 non
2415 4029 2530 4084 vult
2555 4039 2614 4084 ut
2636 4029 2862 4099 possint.
2903 4027 3038 4083 Nam
3075 4036 3131 4084 et
3159 4029 3213 4082 in
3243 4029 3349 4084 alio
3377 4044 3594 4101 quoque

1999 4121 2209 4194 psalmo
2256 4121 2543 4176 Psalmista
2581 4121 2662 4177 sic
2709 4119 2779 4176 de
2823 4119 2936 4175 Deo
2981 4121 3096 4175 ait:
3155 4119 3340 4176 Posuit
3388 4119 3592 4192 pluuias

1999 4228 2204 4279 eorum,
2243 4211 2573 4283 grandinem,
2602 4213 2776 4282 ignem
2804 4211 3192 4266 comburentem
3214 4211 3268 4265 iu
3293 4221 3487 4266 terram
3511 4213 3593 4283 ip-

1997 4321 2216 4370 sorum;
2241 4314 2290 4362 et
2312 4306 2567 4375 percussit
2592 4305 2770 4360 vineas
2791 4320 2995 4369 eorum,
3034 4311 3084 4360 et
3125 4304 3364 4358 contrivit
3391 4303 3593 4374 lignum

305 4417 623 4485 grandinem
645 4417 700 4471 in
724 4416 979 4480 crastina,
1008 4431 1113 4470 non
1153 4413 1385 4483 aliquem
1415 4412 1709 4473 hominem,
1745 4417 1894 4463 certe

2004 4395 2186 4463 finium
2204 4411 2406 4450 eorum.
2432 4393 2709 4449 Percussit
2738 4407 2884 4458 vere,
2915 4401 2970 4446 et
2993 4405 3118 4446 vere
3159 4391 3454 4457 contrivit;
3489 4391 3585 4446 sed

306 4523 404 4562 ncc
456 4507 675 4578 Moysen
729 4518 823 4562 aut
869 4507 1070 4572 Aaron,
1109 4505 1200 4576 qui
1247 4503 1376 4573 iusti
1421 4510 1478 4558 et
1525 4500 1619 4555 Dei
1651 4500 1902 4555 homines

301 4605 481 4663 erant,
513 4615 613 4652 nec
633 4597 878 4653 Jamnem
903 4607 958 4652 et
984 4597 1277 4652 Mambrem
1321 4595 1689 4650 incantatores
1727 4591 1898 4664 Egy-

304 4690 562 4758 ptiorum,
595 4691 687 4759 qui
714 4690 1025 4745 scribuntur
1064 4688 1208 4757 magi
1236 4687 1564 4750 Pharaonis,
1597 4700 1734 4755 quos
1757 4683 1901 4754 Apo-

305 4781 477 4834 stolus
503 4780 634 4835 dicit
663 4780 929 4834 restitisse
955 4779 1146 4850 Moysi,
1175 4779 1317 4834 sicut
1342 4785 1396 4833 et
1439 4777 1490 4831 hi
1523 4777 1785 4831 resistunt
1808 4789 1900 4829 ve-

308 4871 473 4923 ritati.
505 4869 622 4924 lam
665 4871 916 4940 equidem
948 4870 1043 4935 illi,
1096 4870 1240 4925 sicut
1278 4869 1536 4938 scriptum
1563 4875 1668 4932 est,
1698 4881 1794 4936 per
1819 4866 1900 4919 in-

307 4959 645 5014 cantationcs
683 4959 968 5030 Egyptias
1019 4966 1076 5012 et
1119 4973 1318 5012 arcana
1367 4956 1612 5025 quaadam
1661 4952 1902 5024 proiece-

312 5062 432 5105 rant
464 5053 657 5125 singuli
685 5054 865 5122 virgas
913 5067 1039 5107 suas
1087 5066 1272 5107 coram
1313 5050 1618 5111 Pharaone,
1648 5054 1703 5100 et
1729 5061 1898 5101 versae

311 5141 522 5197 fuerant
550 5146 603 5198 in
647 5147 931 5208 dracones,
980 5143 1106 5198 licet
1143 5143 1294 5211 virga
1336 5140 1516 5194 Aaron
1561 5136 1902 5192 devoraverit

313 5232 487 5304 virgas
511 5249 721 5289 eorum.
763 5233 883 5289 Jam
930 5248 1100 5303 aquas
1146 5238 1423 5287 verterant
1464 5229 1516 5282 in
1560 5227 1897 5297 sanguinem,

305 5321 414 5389 iam
445 5342 604 5382 ranas
643 5327 1017 5396 produxerant
1041 5340 1071 5378 e
1097 5323 1430 5384 fluminibus,
1480 5321 1607 5375 licet
1629 5333 1724 5373 eas
1752 5319 1899 5372 cohi-

310 5415 434 5470 bere
456 5433 561 5473 non
588 5426 831 5489 possent,
856 5417 999 5474 sicut
1019 5416 1229 5488 Moyses
1247 5416 1305 5470 in
1326 5414 1492 5468 verbo
1521 5409 1732 5465 Domini
1750 5407 1895 5471 fecit,

310 5515 366 5559 ut
394 5519 599 5566 tantum
630 5513 682 5566 in
731 5509 954 5565 ﬂumine
997 5513 1360 5563 remanerent.
1405 5502 1478 5558 At
1519 5517 1643 5557 cum
1675 5506 1898 5554 ventum

309 5613 392 5660 est
413 5605 482 5658 ad
505 5603 822 5676 scyniphas,
851 5610 908 5657 et
937 5600 1072 5656 nihil
1100 5599 1225 5654 inde
1250 5595 1430 5652 facere
1467 5593 1788 5665 potuissent,
1819 5587 1900 5642 di-

314 5705 503 5751 χει-ωλι
529 5698 756 5770 digitum
801 5693 897 5750 Dei
931 5693 1034 5749 sibi
1081 5706 1204 5748 esse
1252 5689 1608 5751 contrarium,
1659 5681 1899 5753 nihilque

2001 4503 2109 4542 non
2139 4487 2321 4550 homo,
2364 4499 2538 4554 neque
2564 4484 2787 4554 angelus
2833 4482 3032 4546 malus,
3081 4481 3185 4537 nisi
3235 4480 3382 4536 solus
3424 4481 3587 4545 Deus,

2002 4582 2120 4637 sine
2147 4595 2256 4649 quo
2275 4578 2418 4649 legio
2444 4576 2708 4632 malorum
2734 4574 3047 4646 angelorum
3075 4587 3250 4641 neque
3281 4585 3475 4641 porcos
3500 4586 3593 4642 po-

2003 4673 2104 4728 tuit
2131 4686 2346 4734 nocere,
2377 4676 2434 4726 et
2463 4669 2520 4723 in
2559 4682 2713 4724 mare
2742 4665 3104 4736 praecipitare.
3149 4663 3292 4718 Deus
3315 4662 3494 4733 plane,
3523 4663 3602 4736 de.

2001 4779 2109 4835 quo
2135 4764 2369 4818 dicitur:
2421 4757 2548 4815 Pra:
2594 4757 2800 4830 fulgore
2841 4757 2896 4811 in
2941 4762 3218 4825 conspectu
3267 4753 3381 4822 ejus
3429 4751 3590 4806 nubes

2000 4855 2346 4918 transierunt,
2386 4852 2588 4924 grando
2619 4859 2668 4904 et
2694 4848 2944 4905 carbones
2991 4846 3148 4918 ignis,
3179 4853 3228 4900 et
3271 4843 3498 4898 intonuit
3523 4841 3590 4896 de

2001 4943 2127 4998 calo
2149 4943 2428 5006 Dominus,
2454 4950 2501 4995 et
2523 4939 2826 4994 Altissimus
2854 4935 2998 4990 dedit
3019 4951 3196 5004 procem
3222 4947 3395 4995 suam,
3427 4946 3591 5000 gran-

1999 5034 2174 5088 dinem
2193 5042 2241 5088 et
2262 5027 2511 5086 carbones
2535 5030 2692 5100 ignis.
2725 5029 2794 5083 Et
2820 5027 2908 5082 cui
2930 5024 3303 5084 cantavimus:
3344 5018 3588 5089 Fulgura

1999 5123 2432 5186 coruscationem,
2454 5129 2501 5174 et
2523 5118 2801 5190 dissipabis
2841 5133 2929 5172 eos
2951 5133 2970 5182 ;
3002 5116 3174 5170 emitte
3198 5111 3418 5180 sagittas
3445 5118 3586 5175 tuas,

2006 5225 2047 5271 st
2073 5213 2408 5269 conturbabis
2433 5227 2542 5266 eos.
2582 5209 2685 5277 Qui
2712 5209 2874 5280 operit
2905 5205 3089 5262 ctelum
3133 5201 3378 5266 nubibus,
3416 5209 3466 5254 et
3493 5217 3587 5271 pa-

2001 5316 2084 5360 rat
2109 5315 2265 5360 terra:
2291 5303 2547 5375 pluviam,
2585 5301 2676 5371 qui
2716 5300 2807 5354 dat
2843 5298 3011 5353 nivem
3047 5295 3180 5347 sicut
3205 5290 3404 5357 lanam,
3427 5291 3586 5346 mittit

1999 5397 2305 5470 crystallum
2333 5411 2486 5450 suum
2512 5395 2644 5450 sicut
2687 5388 2970 5452 buccellas,
2999 5386 3163 5441 mittet
3202 5382 3408 5439 verbum
3431 5398 3587 5438 suum

1997 5500 2046 5546 et
2073 5488 2371 5562 liquefaciet
2413 5503 2496 5551 ea,
2537 5484 2684 5554 flabit
2728 5481 2942 5552 spiritus
2966 5477 3106 5548 ejus,
3133 5485 3180 5530 et
3207 5476 3381 5546 fluent
3410 5490 3584 5546 aqum.

2000 5585 2169 5651 Quem
2197 5581 2418 5637 laudant
2440 5579 2523 5655 de,
2545 5585 2707 5638 terra,
2735 5589 2844 5628 non
2888 5571 3062 5628 solum
3090 5571 3355 5627 dracones
3381 5567 3586 5640 abyssi,

2001 5690 2173 5731 verum
2196 5673 2352 5728 etiam
2376 5668 2534 5744 ignis,
2567 5664 2792 5740 grando,
2833 5665 2943 5735 nix,
2984 5661 3199 5738 glacies,
3224 5661 3442 5734 spiritus
3461 5674 3585 5731 proo
