4048 6178
402 258 495 312 131

1363 269 1420 325 S.
1461 263 1811 325 AGDBARDI
1851 261 2161 320 EPISCOPI
2201 261 2687 322 LUGDUNENSIS

3570 267 3676 321 152

397 381 668 447 cellarum,
701 397 818 453 quia
841 381 1043 452 [αείιιηι
1070 382 1276 435 verbum
1297 382 1412 452 ejus
1439 399 1459 447 ;
1484 398 1588 438 non
1621 384 1842 439 verbum
1885 383 1982 438 ho-
2012 384 2054 440 A
2085 379 2445 435 sollicitudine
2469 380 2553 450 egi
2583 388 2643 434 ut
2667 380 2907 435 viderem
2933 379 3106 444 illum,
3131 381 3294 437 sicuti
3311 389 3366 436 et
3389 379 3510 436 feci.
3539 381 3673 435 Cum

397 471 578 532 minis,
609 485 711 524 non
747 471 972 528 verbum
1002 470 1173 540 angeli
1197 471 1343 524 mali.

467 562 552 615 Vl.
585 560 835 633 Legimus
861 560 1026 614 etiam
1056 562 1121 616 de
1155 563 1415 632 grandine
1445 564 1499 618 in
1520 562 1656 618 libro
1677 564 1804 619 Iesu
1834 564 1982 619 Nave

391 651 465 704 ita
511 669 523 703 :
578 649 890 721 Congregati
941 651 1102 721 igitur
1157 653 1506 708 ascenderunt
1552 656 1783 725 quinque
1833 671 1979 725 reges

392 741 838 806 Amorrhteorum,
868 759 960 797 rex
984 742 1338 812 Hierusalem,
1362 762 1456 800 rex
1476 745 1710 814 Hebron,
1735 763 1828 801 rex
1851 746 1980 802 Hie-

391 833 567 898 rimot,
597 847 690 887 rex
718 831 931 898 Lachis,
978 851 1070 888 rex
1096 833 1287 906 Eglon,
1330 836 1490 891 simul
1519 853 1636 892 cum
1665 839 1976 893 exercitibus

389 922 520 986 suis,
544 932 591 976 et
622 925 981 977 castrametati
1023 933 1146 979 sunt
1168 935 1348 980 contra
1390 925 1632 992 Gabaon,
1672 943 1979 998 oppugnan-

389 1024 462 1067 tes
485 1031 620 1067 eam.
650 1014 716 1068 Et
741 1023 862 1084 post
883 1029 1052 1083 pauca
1078 1033 1092 1066 :
1127 1017 1375 1087 Dixitque
1397 1017 1652 1070 Dominus
1673 1017 1744 1070 ad
1770 1017 1936 1071 Iosue
1955 1033 1974 1071 :

391 1104 473 1157 Ne
501 1105 684 1158 timeas
715 1122 819 1158 eos.
855 1105 922 1158 In
952 1122 1139 1159 manus
1183 1109 1321 1160 enim
1349 1116 1468 1160 tuas
1506 1107 1704 1161 tradidi
1729 1107 1868 1162 illos.
1908 1109 1976 1163 Et

385 1205 507 1264 post
533 1211 704 1265 pauca
732 1215 745 1249 :
779 1195 1010 1266 Cumque
1036 1197 1274 1268 fugerent
1295 1197 1433 1266 ﬁlios
1463 1196 1699 1269 (Israel),
1724 1209 1772 1252 et
1797 1209 1967 1253 essent

384 1286 439 1339 in
465 1285 713 1339 descensu
744 1285 1028 1351 Bethoron,
1064 1285 1321 1340 Dominus
1359 1288 1500 1340 misit
1530 1303 1687 1357 super
1719 1304 1806 1342 eos
1833 1287 1970 1359 lapi-

383 1376 474 1429 des
502 1392 720 1446 magnos
766 1376 831 1430 de
864 1375 991 1430 coelo
1021 1393 1182 1446 usque
1230 1377 1437 1431 Azecha
1468 1394 1486 1443 ;
1533 1387 1580 1431 et
1627 1379 1820 1431 mortui
1849 1389 1972 1433 sunt

384 1467 549 1521 multo
587 1466 762 1537 plures
792 1467 1058 1537 lapidibus
1085 1468 1382 1538 grandinis,
1421 1485 1578 1538 quam
1623 1486 1754 1539 quos
1793 1469 1970 1539 gladio

381 1567 744 1626 percusserant
774 1556 874 1626 ﬁlii
906 1555 1077 1612 Israel
1124 1557 1310 1628 (Iosue
1352 1575 1407 1624 x,
1441 1558 1494 1623 5,
1523 1559 1555 1614 8
1583 1557 1780 1631 Seqq.).
1831 1561 1970 1616 Ecce

381 1663 510 1717 ergo
535 1655 590 1702 et
615 1648 669 1702 in
702 1649 807 1703 hoc
834 1648 952 1703 loco
1001 1656 1246 1719 apparet,
1292 1651 1409 1704 sine
1446 1650 1554 1704 ulla
1580 1650 1970 1720 imprecatione

2085 476 2265 522 autem
2313 469 2562 539 loquerer
2608 485 2730 524 cum
2781 469 2891 534 illo,
2919 478 2975 524 et
3017 478 3252 526 tentaret
3297 473 3479 526 dicere
3507 487 3567 527 se
3598 474 3676 527 ita

2083 560 2306 627 vidisse,
2330 576 2430 632 ego
2457 561 2643 616 multis
2687 561 2936 631 precibus
2979 568 3037 616 et
3079 561 3506 629 adiurationibus
3549 579 3674 618 cum

2080 651 2276 708 divinis
2303 653 2465 707 etiam
2495 652 3008 707 comminationibus
3051 652 3320 708 obstrinxi
3351 655 3500 709 illum
3532 657 3674 728 rogi-

2081 750 2224 807 tans,
2268 751 2328 798 ut
2377 759 2484 798 non
2532 743 2738 799 diceret
2781 743 2915 798 illud
2965 743 3072 798 nisi
3121 743 3262 813 quod
3292 760 3478 799 verum
3505 756 3670 802 esset.

2081 833 2232 890 Tunc
2261 834 2350 889 ille
2375 833 2676 890 afﬁrmabat
2723 834 2940 904 quidem
2979 849 3168 888 verum
3209 850 3330 890 esse
3358 837 3502 906 quod
3528 838 3673 892 dice-

2079 920 2191 985 bat,
2218 923 2504 977 nominans
2533 922 2830 986 hominem,
2876 929 3090 993 tempus
3117 929 3173 977 et
3202 923 3378 979 locum
3402 941 3416 990 ;
3461 925 3556 980 sed
3588 935 3668 980 ta-

2079 1029 2201 1068 men
2233 1014 2516 1070 confessus
2543 1023 2629 1069 est
2664 1029 2722 1068 se
2749 1014 3204 1084 eodemtempore
3221 1025 3539 1097 praesentem
3560 1033 3670 1072 non

2079 1102 2268 1158 fuisse.
2321 1103 2456 1158 Item
2486 1103 2542 1157 in
2583 1103 2725 1158 libro
2769 1103 3153 1168 Ecclesiastici,
3195 1105 3286 1173 qui
3335 1115 3670 1175 praenotatur

2074 1191 2202 1248 Iesu
2239 1193 2331 1247 lilii
2365 1192 2577 1257 Siracb,
2609 1192 2870 1262 scriptum
2896 1201 3019 1248 est:
3071 1191 3206 1250 Sunt
3232 1195 3450 1265 spiritus
3474 1197 3565 1267 qui
3598 1197 3668 1250 ad

2074 1282 2355 1336 vindictam
2374 1282 2535 1335 creati
2561 1291 2708 1348 sunt,
2733 1292 2780 1336 et
2810 1283 2864 1336 in
2892 1282 3072 1351 furore
3100 1300 3194 1337 suo
3222 1285 3662 1355 conﬁrmaverunt

2073 1381 2331 1425 tormenta
2362 1389 2484 1436 sua,
2527 1381 2577 1426 et
2611 1373 2666 1426 in
2713 1381 2940 1442 tempore
2987 1375 3451 1428 consummationis
3493 1377 3667 1444 e/fun—
3719 1388 3722 1392 '

2072 1460 2194 1515 dent
2219 1461 2478 1526 virtutem,
2517 1471 2566 1516 et
2590 1461 2825 1531 furorem
2854 1461 2995 1531 ejus,
3018 1463 3109 1532 qui
3131 1463 3251 1532 fecit
3277 1463 3417 1530 illos,
3440 1466 3663 1534 confun-

2073 1549 2216 1604 dent.
2245 1549 2414 1621 Ignis,
2439 1551 2670 1620 grando,
2715 1550 2902 1619 fames,
2947 1559 2997 1604 et
3041 1568 3202 1616 mors,
3231 1553 3410 1606 omnia
3455 1553 3566 1608 [nec
3592 1556 3663 1609 ad

2073 1642 2354 1696 vindictam
2397 1651 2574 1696 creata
2616 1652 2756 1697 sunt.
2808 1642 3108 1696 Bestiarum
3136 1643 3330 1709 dentes,
3370 1655 3416 1699 et
3445 1649 3660 1718 scorpii,

381 1737 662 1792 hominum
691 1737 978 1792 Dominum
1022 1739 1234 1793 misisse
1277 1740 1593 1809 grandinem
1644 1756 1808 1810 super
1851 1757 1965 1808 eos,
1996 1727 2044 1785 Β
2069 1741 2118 1786 et
2154 1743 2437 1803 serpentes,
2479 1743 2529 1788 et
2572 1733 2838 1804 romphaea
2887 1734 3156 1788 vindicans
3197 1736 3250 1788 in
3295 1738 3661 1792 exterminium

384 1843 521 1897 quos
550 1829 642 1884 tali
674 1829 884 1901 ﬂagello
930 1829 1120 1901 dignos
1143 1831 1422 1900 judicavit.
1473 1831 1607 1886 Nam
1637 1833 1681 1888 si
1710 1833 1836 1889 mali
1871 1835 1969 1889 ho-

383 1922 576 1985 mines,
609 1923 749 1976 sicut
776 1929 901 1976 sunt
925 1937 1061 1991 quos
1095 1922 1183 1977 isti
1223 1930 1472 1977 errantes
1500 1925 1781 1978 nominant
1809 1925 1968 1979 Tem-

381 2012 668 2080 pestarios,
721 2011 776 2067 id
823 2011 1005 2067 facere
1035 2013 1354 2082 potuissent,
1405 2029 1566 2085 super
1603 2015 1743 2072 ﬁlios
1781 2018 1966 2086 utique

378 2102 540 2157 Israel
585 2101 736 2158 ﬂeret
764 2103 986 2174 grando,
1017 2119 1122 2159 non
1155 2119 1318 2174 super
1360 2104 1702 2160 adversarios
1727 2105 1962 2162 illorum.

380 2194 483 2249 Sed
506 2194 630 2264 quia
654 2209 754 2249 nec
777 2193 901 2248 mali
923 2208 1086 2263 super
1110 2194 1300 2259 bonos,
1328 2208 1429 2248 nec
1450 2193 1578 2250 boni
1604 2209 1768 2264 super
1795 2197 1966 2252 malos

380 2285 481 2336 hoc
512 2281 690 2337 facere
725 2290 973 2352 possunt,
1005 2281 1410 2337 evidentissima
1455 2283 1511 2337 in
1543 2284 1647 2338 hac
1694 2286 1963 2339 sententia

377 2373 700 2428 declaratur.
754 2373 906 2441 Quod
934 2382 989 2428 et
1015 2372 1152 2428 liber
1177 2388 1391 2449 quoque
1429 2372 1717 2444 Sapientia:
1742 2383 1966 2431 attesta-

376 2473 484 2528 tur,
517 2465 702 2520 dicens
728 2465 994 2520 Domino:
1050 2464 1218 2519 Tuam
1255 2481 1470 2518 manum
1517 2465 1744 2536 effugere
1772 2467 1965 2537 impos-

373 2554 523 2608 sibile
551 2564 646 2608 est.
675 2553 937 2624 Negantes
963 2555 1100 2608 enim
1131 2570 1278 2608 nosse
1304 2563 1353 2607 te
1380 2554 1546 2625 impii,
1577 2571 1670 2625 per
1692 2555 1962 2624 fortitudi-

377 2659 494 2697 nem
519 2643 720 2696 brachii
744 2645 822 2697 tui
850 2643 1106 2714 ﬂagellati
1129 2652 1248 2698 sunt
1291 2644 1436 2698 novis
1462 2645 1634 2714 aquis,
1663 2653 1710 2698 et
1745 2647 1964 2715 granti-

373 2736 524 2789 nibus
554 2745 602 2789 et
623 2735 812 2807 pluviis
838 2738 1245 2806 persecutionem
1266 2738 1408 2808 passi
1431 2746 1574 2803 sunt,
1605 2747 1654 2792 et
1679 2755 1774 2809 per
1790 2740 1964 2809 ignem

373 2828 741 2880 consummati.
782 2826 935 2892 Quod
963 2828 1098 2880 enim
1137 2827 1376 2882 mirabile
1399 2837 1533 2892 erat,
1570 2829 1628 2882 in
1656 2845 1815 2900 aqua,
1843 2847 1961 2901 quae

373 2918 550 2971 omnia
571 2918 875 2987 exstinguit,
915 2916 1032 2986 plus
1059 2918 1196 2986 ignis
1223 2915 1444 2971 valebat.
1487 2917 1692 2972 Vindex
1721 2929 1795 2972 est
1821 2921 1958 2974 enim

374 3005 514 3060 orbis
530 3005 819 3077 justorum.
850 3006 917 3060 Et
944 3015 1066 3075 post
1094 3021 1262 3077 pauca
1287 3024 1299 3060 :
1339 3005 1451 3062 Nix
1474 3018 1650 3062 autem
1689 3019 1740 3062 et
1765 3009 1958 3080 glacies

370 3097 695 3153 sustinebant
735 3099 840 3152 vim
867 3098 1022 3168 ignis,
1065 3107 1114 3151 et
1160 3113 1262 3152 non
1288 3098 1655 3165 tabescebant;
1683 3111 1740 3153 ut
1768 3101 1960 3156 scirent

373 3190 622 3256 quoniam
653 3189 856 3258 fructus
905 3189 1238 3242 inimicorum
1281 3189 1658 3245 exterminabat
1687 3191 1825 3261 ignis
1869 3207 1961 3244 ar-

371 3281 517 3344 dens,
551 3280 608 3334 in
649 3278 906 3350 grandine
945 3286 995 3333 et
1020 3278 1198 3349 pluuia
1243 3295 1527 3336 coruscans
1553 3279 1706 3353 (Sap.
1739 3297 1853 3347 xvi,
1886 3282 1954 3337 15

372 3368 562 3442 seqq.).

444 3459 553 3515 VII.
603 3458 660 3515 Si
707 3459 874 3529 igitur
914 3460 1257 3530 omnipotens
1281 3462 1424 3517 Deus
1451 3477 1550 3534 per
1584 3462 1956 3520 fortitudinem

368 3554 578 3609 brachii
621 3553 703 3609 sui
749 3553 986 3624 ﬂagellat
1013 3554 1264 3611 inimicos
1298 3556 1572 3635 iustorum
1617 3556 1772 3611 novis
1801 3557 1960 3626 aquis

367 3655 424 3701 et
450 3646 800 3716 grandinibus
824 3654 880 3703 et
904 3648 1117 3720 pluviis,
1155 3649 1308 3719 cujus
1348 3667 1567 3706 manum
1596 3651 1834 3722 eﬂ'ugere
1858 3652 1959 3707 im-

367 3739 624 3807 possibile
651 3748 756 3806 est,
793 3742 1016 3797 omnino
1062 3743 1426 3814 ignorantiam
1473 3743 1568 3798 Dei
1616 3744 1819 3798 habent
1863 3743 1955 3813 qui

370 3832 486 3886 haec
515 3831 760 3887 homines
785 3830 964 3889 facere
989 3847 1152 3903 posse
1175 3833 1422 3889 credunt.
1467 3832 1605 3887 Nam
1635 3832 1680 3887 si
1706 3832 1956 3887 homines

369 3926 685 3995 grandinem
714 3927 1007 3982 immittere
1036 3935 1276 3998 possent,
1305 3927 1493 3997 utique
1517 3935 1572 3982 et
1595 3926 1805 3996 pluvias
1833 3943 1956 3998 pos-

369 4022 510 4068 sent.
565 4013 736 4068 Nemo
778 4017 923 4069 enim
975 4018 1290 4086 grandinem
1332 4017 1449 4072 sine
1493 4017 1675 4086 pluvia
1717 4032 1954 4087 unquam

371 4103 524 4157 vidit.
556 4103 785 4158 Possem
810 4120 1026 4175 quoque
1051 4108 1116 4162 de
1162 4107 1395 4162 inimicis
1431 4107 1544 4161 suis
1571 4122 1632 4161 se
1655 4107 1951 4172 vindicare,

367 4209 474 4246 non
504 4193 676 4247 solum
699 4193 966 4250 ablatione
991 4193 1224 4265 frugum,
1248 4197 1340 4251 sed
1366 4205 1419 4250 et
1439 4197 1564 4250 vita:
1586 4197 1948 4266 ademptione.

368 4281 590 4349 Quando
639 4283 781 4339 enim
838 4286 1105 4357 contingit
1149 4287 1398 4342 inimicos
1451 4287 1950 4357 Tempestariorum

367 4390 485 4430 esse
514 4377 567 4430 in
603 4376 795 4431 itinere
823 4384 918 4432 aut
950 4377 1004 4432 in
1039 4378 1204 4448 agris,
1234 4387 1292 4433 ut
1327 4394 1420 4434 eos
1462 4380 1795 4446 occiderent,
1825 4395 1949 4450 pos-

367 4475 487 4521 sent
527 4466 939 4538 multiplicatam
988 4469 1304 4540 grandinem
1354 4484 1516 4541 super
1560 4485 1654 4526 eos
1697 4471 1752 4525 in
1778 4486 1944 4526 unam

367 4559 675 4628 congeriem
724 4555 967 4621 fundere,
1013 4567 1069 4614 et
1113 4560 1343 4615 obruere
1389 4561 1526 4615 illos.
1578 4560 1712 4616 Nam
1761 4563 1948 4618 ethoc

364 4650 582 4718 quidam
636 4650 841 4716 dicunt,
891 4666 1051 4706 nosse
1099 4665 1156 4705 se
1210 4653 1344 4707 tales
1388 4653 1806 4721 Tempestarios,
1857 4655 1948 4724 qui

366 4741 663 4810 dispersam
713 4741 1048 4810 grandinem,
1093 4750 1148 4795 et
1193 4741 1300 4796 late
1344 4757 1442 4809 per
1489 4741 1762 4811 regionem
1804 4741 1947 4796 deci-

365 4834 602 4897 dentem,
638 4831 836 4887 faciant
877 4847 1044 4886 unum
1086 4833 1138 4885 in
1183 4831 1357 4886 locum
1401 4831 1638 4886 ﬂuminis
1671 4841 1764 4886 aut
1800 4833 1948 4888 silvai

366 4925 737 4988 infructuosze,
779 4931 872 4978 aut
900 4936 1062 4992 super
1087 4937 1271 4989 unam,
1311 4930 1371 4977 ut
1397 4924 1568 4998 aiunt,
1600 4939 1810 4994 copam,
1843 4926 1948 4980 sub

364 5031 470 5084 qua
497 5015 612 5086 ipse
654 5013 840 5079 lateat,
873 5011 1126 5069 deﬂuere.
1167 5012 1502 5083 Frequenter
1548 5022 1696 5068 certe
1741 5015 1951 5069 audivi-

365 5119 485 5160 mus
520 5122 550 5159 a
582 5103 764 5160 multis
793 5103 897 5160 dici
929 5103 1071 5175 quod
1106 5103 1234 5158 talia
1273 5113 1494 5160 nossent
1538 5113 1686 5160 certe
1732 5105 1786 5160 in
1817 5105 1951 5161 locis

365 5199 504 5253 facta
529 5215 544 5265 ;
593 5200 685 5255 scd
725 5199 956 5255 necdum
999 5196 1304 5252 audivimus
1334 5205 1392 5252 ut
1419 5198 1614 5268 aliquis
1642 5212 1701 5254 se
1726 5199 1843 5254 hac
1863 5201 1945 5254 vi-

363 5290 507 5344 disse
538 5298 848 5346 testaretur.
900 5290 1114 5346 Dictum
1151 5297 1236 5344 est
1269 5290 1401 5345 mihi
1433 5291 1721 5360 aliquando
1748 5291 1815 5346 de
1840 5291 1944 5345 ali-

361 5397 490 5450 quo,
538 5384 681 5451 quod
722 5397 783 5438 se
820 5385 937 5440 haec
979 5383 1180 5440 vidisse
1222 5383 1444 5440 diceret.
1483 5382 1588 5439 Sed
1631 5397 1730 5453 ego
1776 5383 1943 5439 multa

1975 4420 2026 4479 ll

2069 1826 2242 1895 impiis
2269 1824 2461 1896 (Eccli.
2487 1841 2675 1889 xxxnx,
2706 1826 2776 1880 55
2800 1824 2987 1897 seqq.).
3009 1825 3066 1879 Si
3096 1826 3256 1896 igitur
3275 1829 3481 1897 grando
3508 1845 3660 1884 crea-

2068 1924 2123 1970 ta
2171 1925 2273 1982 est,
2317 1916 2457 1971 sicut
2489 1923 2545 1970 et
2571 1924 2770 1971 caetera
2796 1931 2917 1985 quae
2945 1917 3034 1972 hic
3059 1917 3330 1980 dicuntur,
3363 1935 3394 1972 a
3419 1919 3529 1976 Deo
3555 1923 3661 1976 uti-

2066 2023 2171 2079 que
2195 2017 2376 2065 creata
2402 2016 2510 2074 est,
2557 2024 2666 2063 non
2691 2009 2760 2064 ab
2787 2009 3026 2063 homine.
3065 2008 3197 2064 Item
3225 2010 3280 2064 in
3307 2012 3563 2080 praedicto
3584 2013 3652 2068 li-

2065 2103 2165 2158 bro
2193 2103 2454 2171 scriptum
2480 2100 2747 2172 legimus:
2807 2100 2937 2155 Vide
2977 2118 3180 2167 arcum,
3223 2112 3273 2156 et
3312 2104 3524 2162 benedic
3565 2109 3658 2178 qui

2064 2192 2186 2261 fecit
2215 2190 2387 2244 illum.
2430 2189 2594 2246 Valde
2618 2192 2884 2262 speciosus
2912 2200 2986 2245 est
3011 2192 3066 2245 in
3099 2192 3371 2262 splendore
3398 2212 3517 2249 suo.
3551 2194 3658 2268 Gy-

2064 2283 2197 2338 ravit
2227 2281 2411 2337 caelum
2448 2284 2502 2336 in
2543 2282 2766 2335 circuitu
2809 2281 2993 2351 glorite
3033 2299 3164 2348 sure,
3212 2300 3402 2339 manus
3445 2285 3656 2342 Excelsi

2061 2382 2379 2445 aperuerunt
2419 2372 2590 2427 illum.
2632 2372 2862 2443 Imperio
2901 2390 2998 2427 suo
3027 2373 3330 2433 acceleravit
3376 2377 3563 2442 nivem,
3605 2391 3656 2432 et

2062 2463 2317 2518 accelerat
2345 2465 2730 2518 coruscationes
2754 2465 2987 2519 emittere
3015 2465 3211 2535 judicii
3231 2467 3335 2520 sui.
3366 2465 3654 2539 Propterea

2062 2557 2228 2626 aperti
2256 2565 2376 2610 sunt
2404 2556 2659 2622 thesauri,
2680 2566 2729 2611 et
2750 2555 3082 2611 evolaverunt
3107 2557 3329 2623 nebulae,
3354 2560 3487 2614 sicut
3508 2579 3649 2617 aves.

2061 2645 2130 2700 In
2156 2647 2516 2716 magnitudine
2558 2664 2656 2701 sua
2695 2648 2870 2718 posuit
2920 2649 3104 2712 nubes,
3137 2658 3186 2702 et
3227 2649 3483 2718 confracti
3528 2663 3655 2706 sunt

2060 2739 2334 2810 grandinis
2359 2739 2581 2809 lapides.
2629 2739 2698 2796 In
2745 2749 3023 2811 conspectu
3051 2740 3165 2809 ejus
3196 2740 3654 2795 commovebuntur

2059 2839 2278 2895 montes,
2304 2838 2353 2884 et
2373 2830 2429 2883 in
2455 2829 2718 2884 voluntate
2741 2830 2857 2900 ejus
2877 2830 3130 2900 aspirabit
3161 2839 3337 2884 notus.
3382 2828 3491 2884 Vox
3513 2833 3652 2884 toni-

2059 2923 2166 2977 trui
2207 2924 2323 2994 ejus
2367 2922 2652 2978 verberabit
2693 2934 2910 2988 terram,
2958 2931 3234 2994 tempestas
3276 2922 3559 2990 aquilonis,
3600 2935 3651 2979 et

2061 3014 2390 3085 congregatio
2409 3014 2661 3085 spiritus;
2687 3022 2736 3067 et
2761 3013 2897 3068 sicut
2929 3013 3054 3068 avis.
3076 3013 3337 3084 deponam
3366 3014 3436 3066 ad
3461 3014 3651 3066 seden-

1987 3072 2032 3134 Ο
2061 3072 2190 3159 dum
2215 3072 2446 3176 avspergit'
2468 3105 2675 3169 nivem;
2720 3113 2772 3158 et
2797 3105 2934 3158 sicut
2982 3072 3186 3158 locusta
3228 3104 3528 3174 demergens
3558 3104 3652 3158 de-

2058 3212 2272 3250 scensus
2293 3195 2427 3264 ejus.
2461 3193 2916 3248 Pulchritudinem
2939 3191 3129 3246 coloris
3157 3192 3272 3261 ejus
3298 3191 3653 3244 admirabitur

2059 3287 2263 3353 oculus,
2287 3297 2335 3340 et
2357 3303 2513 3357 super
2534 3286 2753 3341 imbrem
2774 3286 2888 3357 ejus
2908 3295 3206 3357 expavescet
3231 3301 3338 3339 cor.
3364 3282 3493 3338 Gelu
3515 3287 3652 3340 sicut

2057 3378 2222 3433 salem
2268 3379 2500 3448 effundet
2542 3393 2698 3448 super
2736 3387 2969 3442 terram;
3000 3385 3049 3431 et
3095 3392 3214 3430 cum
3244 3374 3513 3446 gelavcrit,
3560 3371 3649 3444 ﬁet

2058 3479 2308 3540 tanquam
2354 3468 2629 3522 cacumina
2679 3465 2881 3520 tribuli.
2929 3465 3181 3536 Frigidus
3230 3474 3412 3520 ventus
3470 3466 3649 3535 aquilo

2057 3562 2228 3631 ﬂabit,
2250 3571 2298 3615 et
2321 3559 2508 3631 gelabit
2533 3559 2811 3630 crystallus
2842 3559 2906 3613 ab
2931 3576 3086 3630 aqua,
3113 3575 3269 3629 super
3289 3575 3492 3612 omnem
3519 3575 3642 3611 con-

2056 3651 2408 3722 gregationem
2451 3667 2710 3721 aquarum
2740 3651 3046 3721 requiescet,
3095 3659 3144 3703 et
3195 3651 3330 3703 sicut
3359 3647 3526 3704 lorica
3559 3650 3645 3702 in-

2055 3741 2179 3793 duet
2208 3756 2264 3794 se
2299 3740 2469 3810 aquis.
2506 3738 2781 3793 Devorabit
2813 3749 3036 3805 montes,
3067 3749 3116 3793 et
3151 3748 3331 3793 exuret
3357 3737 3644 3805 desertum,

2055 3838 2103 3883 et
2123 3831 2413 3900 exstinguat
2439 3829 2620 3894 viride,
2641 3830 2774 3884 sicut
2801 3829 2993 3900 ignem.
3039 3828 3302 3884 Medicina
3326 3829 3557 3882 omnium
3587 3828 3645 3882 in

2056 3920 2388 3988 festinatione
2415 3921 2637 3987 nebulis,
2667 3931 2715 3976 et
2744 3938 2829 3976 ros
2867 3922 3077 3976 obvians
3104 3922 3169 3976 ab
3207 3921 3396 3976 ardore
3422 3923 3646 3976 venienti

2053 4013 2300 4069 humilem
2334 4015 2510 4085 emciet
2549 4030 2688 4068 eum.
2739 4012 2808 4068 In
2848 4030 3084 4069 sermone
3109 4014 3223 4084 ejus
3251 4013 3396 4067 siluit
3437 4023 3641 4078 ventus,

2053 4104 2365 4173 cogitatione
2389 4120 2489 4158 sua
2511 4103 2739 4174 placabit
2779 4105 3045 4175 abyssum,
3071 4113 3119 4160 et
3144 4103 3402 4176 plantabit
3432 4116 3459 4145 ι
3482 4103 3640 4158 illum

2052 4193 2309 4246 Dominus
2336 4192 2493 4247 .Iesus
2522 4193 2713 4265 (Eccli.
2742 4210 2898 4261 XLIII,
2929 4195 3140 4267 12-25).

2125 4282 2255 4338 Vill.
2287 4282 2429 4338 Ecce
2471 4284 2525 4338 in
2557 4285 2659 4339 hac
2700 4301 2898 4356 magna
2937 4294 2993 4342 et
3020 4286 3227 4355 prolixa
3273 4283 3642 4341 Ecclesiastici

2054 4375 2175 4429 libri
2223 4374 2514 4441 sententia,
2556 4391 2682 4430 cum
2729 4377 3081 4432 subtilissima
3129 4375 3485 4432 admiratione
3531 4375 3634 4429 im-

2053 4466 2203 4536 perio
2227 4467 2323 4522 Dei
2352 4467 2609 4522 tribuitur
2643 4469 2900 4538 quidquid
2929 4470 2983 4522 in
3025 4483 3152 4524 aere
3179 4467 3257 4534 ﬂt,
3287 4466 3546 4538 quidquid
3572 4467 3644 4522 de

2054 4572 2178 4613 aere
2204 4557 2259 4613 iu
2286 4566 2488 4613 terram
2531 4560 2829 4625 descendit,
2855 4560 3117 4630 quidquid
3153 4561 3288 4614 mari
3333 4568 3388 4614 et
3414 4559 3592 4615 ventis
3621 4578 3636 4629 τ

2054 4651 2339 4721 apparitio,
2391 4651 2668 4722 splendor,
2715 4661 2772 4707 et
2803 4668 2970 4724 gyros
2997 4669 3194 4720 arcus;
3249 4652 3525 4708 festinatio
3553 4655 3641 4710 ui-

2055 4742 2154 4804 vis,
2186 4747 2363 4796 terror
2389 4743 2799 4806 coruscationis,
2829 4742 3083 4799 velocitas
3104 4743 3328 4807 nebulae,
3353 4745 3640 4812 suspensio

2054 4840 2358 4899 ventorum,
2405 4835 2712 4889 verberatio
2760 4842 2938 4900 torrat,
2982 4836 3316 4892 concertatio
3353 4851 3638 4902 aurarum,

2049 4925 2350 4992 congelatio
2380 4941 2554 4996 aqum,
2599 4941 2707 4982 non
2738 4926 2912 4982 solum
2942 4927 2998 4981 in
3025 4927 3278 4993 nubibus,
3309 4927 3451 4982 sicut
3473 4943 3638 4998 gran-

2050 5015 2192 5070 dinis
2219 5024 2277 5075 et
2319 5016 2481 5081 nivis,
2515 5017 2609 5071 sed
2653 5018 2818 5072 etiam
2868 5018 2922 5072 in
2953 5026 3117 5084 terra,
3158 5018 3381 5083 nivium,
3414 5017 3634 5089 pluvim,

2049 5118 2104 5164 et
2131 5111 2391 5167 stantium
2420 5126 2703 5181 aquarum,
2741 5112 2826 5168 vel
2865 5111 3146 5168 ﬂuminum
3190 5111 3632 5175 discurrentium,

2048 5209 2104 5258 et
2126 5217 2195 5256 ex
2220 5203 2344 5274 gelu
2369 5203 2663 5260 desiccatio
2690 5203 2942 5259 viridium
2968 5219 3172 5270 rerum,
3220 5204 3360 5258 sicut
3391 5217 3530 5272 sicpe
3558 5203 3639 5256 vi-

2048 5291 2259 5361 demus,
2289 5309 2500 5351 necnon
2529 5304 2586 5351 et
2612 5295 2807 5350 borum
2831 5295 3074 5350 omnium
3115 5294 3394 5358 resolutio,
3427 5307 3546 5363 quae
3574 5290 3634 5349 lit

2047 5393 2291 5456 tempore
2315 5388 2615 5454 rorantium
2643 5387 2983 5454 nebularum,
3022 5395 3078 5444 et
3115 5385 3328 5442 ﬂatibus
3356 5384 3553 5451 austri,
3579 5387 3636 5441 et

1716 5493 1986 5553 BALUZII
2023 5493 2257 5553 ΝΟΤΛΕ.

434 5630 458 5657 ι
498 5616 659 5693 Illum
684 5617 1145 5693 Dominuslesus.
1178 5617 1259 5693 Ita
1284 5612 1704 5693 omninocodex
1728 5613 1938 5693 regius;
1982 5627 2154 5687 neque
2187 5622 2364 5680 tamen
2403 5613 2590 5670 dubito
2632 5614 2760 5684 quin
2824 5612 3006 5670 verior
3070 5576 3140 5667 sit
3169 5611 3382 5682 vulgata
3425 5607 3632 5676 lectio,

361 5703 482 5761 qua
507 5689 688 5756 habet,
716 5690 971 5760 plantavit
995 5689 1049 5743 in
1077 5688 1170 5742 illa
1209 5687 1465 5744 Dominus
1503 5681 1727 5740 insulas.
