4040 6182
441 264 546 322 153

1475 265 1604 324 LIB.
1648 267 1736 324 ne
1774 263 2126 322 GRANDINE
2166 267 2256 323 ET
2297 225 2690 330 romulus.

3613 281 3715 337 Ηὶό

437 379 640 437 favoni.
685 378 768 433 Ad
814 393 1120 435 sermonem
1150 391 1365 452 quoque
1408 382 1504 436 Dei
1541 383 1674 439 dicit
1703 381 1885 438 omnia
1921 383 2022 436 ista
2054 383 2104 440 A
2130 395 2259 448 suae,
2320 383 2374 440 id
2419 394 2522 452 est,
2577 397 2637 442 ut
2683 387 2835 459 prius
2872 388 3276 459 corriperentur
3319 391 3386 447 de
3435 397 3717 453 aversione

437 472 829 542 conquiescere
854 481 908 526 et
939 471 1162 542 placari.
1198 473 1310 528 Non
1346 489 1476 545 ergo
1497 475 1551 529 in
1591 474 1788 530 talibus
1817 473 2032 544 adiutor
2134 473 2352 540 mentis,
2408 490 2476 532 eo
2512 479 2656 546 quod
2709 478 3121 548 dereliquissent
3167 480 3370 537 cultum
3417 482 3512 540 Dei
3539 490 3715 542 omni-

437 567 599 620 homo
633 573 930 632 queratur,
967 563 1095 632 quia
1121 579 1226 618 non
1255 565 1578 630 invenietur,
1608 566 1712 620 nisi
1727 555 1878 620 'forte
1904 580 2030 620 san-

434 660 508 714 cti
557 658 677 722 Dei,
707 658 800 727 qui
844 657 1011 711 multa
1055 658 1427 722 obtinuerunt,
1459 666 1513 714 et
1556 659 1832 714 obtenturi
1859 668 2021 714 sunt:

436 764 666 818 quorum
694 747 858 816 aliqui
886 755 1208 817 potestatem
1235 748 1510 804 habebunt
1529 749 1780 804 claudere
1803 750 2023 817 coelum,

434 855 506 893 ne
531 839 680 908 pluat
705 837 898 892 diebus
943 838 1236 907 prophetiae
1281 839 1543 908 ipsomm,
1587 841 1728 895 sicut
1770 840 1934 904 Elias,
1971 847 2028 895 et

434 943 604 996 aquas
630 925 980 981 convertendi
1025 927 1080 980 in
1109 928 1445 997 sanguinem,
1490 935 1548 982 et
1587 937 1872 998 percutere
1917 937 2026 982 ter-

435 1032 551 1072 ram
593 1017 741 1072 omni
786 1017 960 1087 plaga,
1008 1018 1262 1086 quotiens
1307 1019 1597 1086 voluerint,
1637 1021 1778 1074 sicut
1812 1019 2024 1089 Moyses

432 1118 490 1163 et
538 1107 718 1162 Aaron
767 1105 1079 1177 Egyptum.
1134 1109 1273 1163 Vere
1318 1125 1426 1164 non
1476 1111 1616 1165 alius
1665 1111 1831 1165 mittit
1861 1126 2023 1181 gran-

434 1200 616 1253 dinem
647 1207 888 1268 tempore
934 1201 1156 1266 aestatis,
1207 1203 1312 1256 nisi
1359 1202 1450 1272 qui
1481 1211 1535 1258 et
1577 1204 1728 1258 nives
1776 1213 2020 1273 tempore

431 1291 649 1346 hiemis.
679 1289 818 1346 Nam
845 1298 901 1346 et
921 1291 1202 1361 utriusque
1229 1309 1335 1347 una
1364 1303 1447 1348 est
1472 1295 1612 1348 ratio
1634 1304 1693 1348 ut
1717 1293 1828 1358 ﬁat,
1854 1309 2020 1363 quan-

428 1385 501 1440 do
538 1384 708 1439 nubes
731 1392 964 1452 utroque
991 1390 1236 1454 tempore
1264 1385 1425 1439 solito
1455 1385 1615 1439 altius
1643 1385 1942 1440 elevantur.

500 1475 593 1531 IX.
625 1475 683 1529 In
707 1466 843 1529 libro
865 1490 1078 1545 quoque
1098 1476 1242 1530 beati
1263 1475 1364 1532 Iob
1384 1477 1645 1546 scriptum
1668 1485 1752 1532 est
1781 1491 1795 1530 :
1826 1477 1901 1530 Ab
1931 1477 2012 1531 in-

427 1568 705 1622 terioribus
733 1567 1024 1637 egredietur
1071 1577 1364 1638 tempestas,
1409 1576 1458 1621 et
1483 1567 1548 1621 ab
1579 1579 1795 1620 arcturo
1820 1567 2008 1637 frigus.

428 1658 626 1713 Flante
669 1657 776 1712 Deo
799 1659 1081 1712 concrescit
1104 1657 1240 1728 gelu,
1269 1666 1318 1711 et
1345 1673 1557 1711 rursum
1599 1657 1852 1711 latissime
1897 1657 2015 1726 [un-

2129 563 2384 632 potentis,
2424 574 2480 621 et
2525 575 2647 636 post
2671 569 2860 624 sordes
2881 569 3149 625 idolorum
3178 570 3413 640 abirent,
3445 584 3502 630 et
3526 584 3714 646 postea

2128 653 2380 724 flagellati
2409 666 2464 712 et
2502 658 2731 729 fatigati,
2772 663 3180 732 exspectatione
3231 664 3540 733 pluviarum
3587 683 3714 726 cor-

2129 743 2458 813 rigerentur,
2486 756 2540 802 et
2565 749 2805 805 redirent
2830 752 2899 806 ad
2922 753 3208 808 Dominum
3235 755 3405 812 Deum
3431 773 3594 828 quem
3625 762 3714 817 de-

2127 835 2480 904 reliquerant.

2194 925 2285 980 XI.
2340 926 2431 982 Sic
2467 929 2628 983 etiam
2667 929 2885 988 Samuel
2916 934 3201 1004 propheta,
3253 945 3311 992 et
3363 939 3472 994 dux
3527 943 3709 1012 populi

2120 1013 2304 1082 Israel,
2352 1033 2475 1071 cum
2525 1021 2821 1090 corriperet
2867 1023 3117 1078 eumdem
3157 1027 3414 1095 populum
3476 1041 3700 1102 propter

2121 1103 2587 1177 frequentissimas
2638 1115 3096 1182 transgressiones
3135 1117 3385 1182 illorum,
3438 1121 3708 1190 replicans

2120 1197 2201 1250 eis
2247 1198 2510 1253 beneﬁcia
2550 1200 2647 1254 Dei
2697 1203 3120 1270 omnipotentis,
3175 1215 3231 1260 et
3278 1223 3466 1263 eorum
3500 1227 3530 1265 e
3569 1229 3702 1268 con-

2120 1288 2290 1342 trario
2318 1291 2648 1356 eversiones,
2703 1293 3026 1364 intelligeret
3051 1297 3194 1352 idem
3223 1302 3453 1370 populus
3491 1307 3698 1374 grande

2118 1378 2319 1432 malum
2372 1395 2431 1435 se
2481 1380 2694 1448 fecisse,
2736 1392 2794 1438 et
2841 1385 3012 1440 Deum
3057 1387 3346 1446 offendisse
3385 1392 3438 1446 in
3473 1397 3708 1462 petendo

2115 1470 2216 1525 sibi
2272 1487 2478 1542 regem,
2536 1475 2745 1530 orando
2781 1476 3014 1532 obtinuit
3074 1488 3136 1532 ut
3195 1481 3408 1538 insueto
3460 1492 3706 1555 tempore

2115 1562 2434 1618 terribiliter
2479 1580 2603 1620 cum
2633 1567 2886 1622 tonitruis
2929 1577 2987 1622 et
3026 1573 3498 1632 coruscationibus
3523 1578 3702 1648 pluvia

2118 1653 2404 1728 (caderet).
2439 1656 2530 1711 Sic
2562 1657 2793 1728 denique
2821 1660 3082 1729 scriptum
3131 1671 3216 1718 est
3264 1665 3466 1724 dixisse
3507 1672 3703 1741 populo

425 1755 630 1809 duntur
656 1771 828 1826 aqum.
868 1751 1217 1807 Frumentum
1239 1753 1503 1807 desiderat
1537 1752 1720 1818 nubes,
1771 1761 1821 1805 et
1849 1752 2007 1807 nubes
2035 1743 2083 1801 Β
2112 1745 2418 1802 Samuelem
2448 1767 2462 1802 :
2489 1749 2658 1815 State,
2683 1759 2732 1805 et
2764 1751 2931 1805 uidete
2953 1769 3061 1806 rem
3083 1755 3241 1810 istam
3263 1761 3517 1826 grandem
3539 1779 3700 1831 quam

427 1855 679 1917 spargunt
735 1845 910 1900 lumen
967 1861 1158 1912 suum;
1210 1861 1327 1916 quia
1389 1843 1618 1899 lustrant
1679 1851 1865 1897 cuncta
1920 1859 2014 1914 per

425 1938 698 1990 circuitum
736 1952 1042 2008 quocunque
1091 1952 1179 1989 eas
1214 1934 1457 1988 voluntas
1502 1934 1844 2004 gubernantis
1906 1933 2006 1987 Dei

425 2026 655 2091 duxerit,
703 2025 772 2080 ad
800 2043 951 2080 omne
994 2025 1133 2097 quod
1157 2026 1462 2097 pra'ceperit
1490 2024 1598 2079 illis
1643 2041 1800 2094 super
1821 2024 2011 2093 faciem

424 2116 563 2170 orbis
620 2125 879 2170 terrarum
930 2114 1054 2187 (Job
1106 2131 1314 2180 xxxv",
1347 2116 1381 2172 9
1435 2115 1591 2188 seq.).
1639 2114 1858 2170 Attente
1914 2129 2012 2168 au-

423 2205 676 2260 diendum
708 2207 852 2277 quod
889 2207 1086 2261 dicitur
1119 2225 1132 2259 :
1162 2206 1414 2261 Lustrant
1464 2207 1625 2260 nubes
1668 2221 1761 2277 per
1815 2205 2010 2259 circui-

421 2309 534 2351 tum
564 2308 774 2365 cuncta,
832 2298 923 2352 sed
953 2315 1258 2370 quocunque
1298 2316 1387 2353 eas
1424 2299 1666 2354 voluntas
1705 2299 2006 2370 gubernan-

418 2391 488 2444 tis
521 2391 618 2444 Dei
646 2391 875 2445 dua-erit.
905 2389 964 2445 Si
1014 2407 1146 2462 ergo
1168 2391 1313 2448 Deus
1337 2407 1433 2448 eas
1454 2392 1736 2463 gubernat,
1782 2407 1888 2447 non
1910 2406 2008 2463 po-

417 2488 530 2534 test
579 2480 745 2535 homo
778 2480 995 2550 iniquus
1022 2495 1115 2536 eas
1139 2480 1299 2535 aliam
1327 2482 1380 2536 in
1405 2489 1614 2552 partem
1661 2490 2004 2547 convertere,

419 2571 548 2638 quia
582 2585 684 2626 nec
733 2571 1000 2641 imperare
1055 2572 1163 2626 Deo
1192 2581 1390 2642 potest,
1443 2590 1542 2630 nec
1589 2574 1840 2644 precibus
1866 2574 2009 2629 obti-

417 2676 551 2718 nere
597 2671 858 2719 meretur.
888 2663 1040 2730 Quod
1088 2674 1271 2720 autem
1323 2664 1686 2738 subiungitur,
1743 2665 1813 2719 ad
1854 2682 2008 2720 omne

416 2754 561 2823 quod
598 2755 900 2824 prarceperit
928 2753 1035 2809 illis
1082 2773 1239 2827 super
1267 2757 1457 2825 faciem
1485 2757 1625 2811 orbis
1654 2767 1827 2820 (errat,
1876 2757 2007 2827 quid

418 2842 565 2896 aliud
591 2841 1015 2913 intelligendum,
1060 2844 1167 2899 nisi
1194 2843 1261 2899 ad
1289 2860 1452 2900 omne
1496 2847 1640 2916 quod
1684 2849 2005 2918 praeceperit

418 2931 565 2987 Dens
592 2931 844 2997 nubibus,
885 2934 969 2988 vel
1013 2935 1083 2989 ad
1124 2933 1420 3006 ﬂagellum,
1467 2938 1554 2992 vel
1581 2937 1650 2992 ad
1699 2938 2004 2993 subsidium

420 3023 735 3091 humanum,
786 3025 851 3080 ad
876 3026 1050 3092 nives,
1103 3028 1168 3082 ad
1196 3029 1509 3098 grandines,
1551 3029 1620 3084 ad
1663 3029 1893 3099 pluvias.
1937 3030 2005 3084 ad

2113 1837 2350 1906 facturus
2382 1849 2458 1895 est
2505 1840 2763 1897 Dominus
2795 1843 2852 1897 in
2881 1857 3159 1915 conspectu
3208 1857 3398 1904 uestro.
3443 1849 3700 1923 Nunquid

2112 1945 2216 1983 non
2265 1933 2446 1985 messis
2487 1932 2649 1988 tritici
2685 1942 2760 1987 est
2824 1934 3023 1990 hodie?
3069 1935 3331 1993 Invocabo
3388 1940 3692 2007 Dominum,

2110 2027 2159 2074 et
2185 2021 2328 2074 dabit
2363 2038 2532 2086 uoces,
2589 2032 2639 2077 et
2671 2023 2912 2092 pluuias;
2937 2037 2986 2080 et
3015 2028 3188 2082 scietis
3209 2039 3258 2083 et
3282 2032 3521 2087 videbitis
3572 2034 3698 2104 quia

2109 2111 2306 2180 grande
2330 2111 2530 2166 malum
2585 2113 2815 2183 feceritis
2876 2117 3021 2172 vobis
3049 2121 3105 2172 in
3130 2131 3407 2190 conspectu
3460 2122 3696 2187 Domini,

2107 2210 2335 2271 petentes
2369 2219 2528 2274 super
2554 2221 2644 2258 eos
2680 2221 2872 2276 regem.
2933 2207 3004 2262 Et
3051 2207 3295 2264 clamavit
3354 2211 3572 2267 Samuel
3628 2215 3699 2267 ad

2107 2290 2412 2357 Dominum,
2442 2304 2490 2348 et
2515 2296 2659 2350 dedit
2689 2295 2948 2353 Dominus
2996 2316 3144 2354 voces
3187 2309 3236 2355 et
3261 2301 3491 2371 pluviam
3522 2305 3576 2357 in
3605 2305 3692 2359 die

2106 2381 2234 2448 illa;
2283 2393 2332 2438 et
2361 2385 2538 2439 timuit
2557 2387 2728 2440 omnis
2761 2389 2984 2458 populus
3011 2391 3168 2444 nimis
3206 2390 3491 2444 Dominum
3509 2402 3558 2446 et
3586 2392 3695 2447 Sa-

2105 2470 2349 2526 ntuelem.
2415 2472 2667 2545 Dixitque
2724 2479 2998 2532 universus
3049 2478 3274 2548 populus
3315 2479 3386 2533 ad
3437 2480 3698 2536 Samuel:

2108 2558 2220 2615 Ora
2257 2579 2351 2632 pro
2378 2565 2543 2618 seruis
2568 2566 2673 2620 tuis
2701 2567 2770 2620 ad
2799 2567 3085 2622 Dominum
3107 2569 3278 2623 Deum
3305 2579 3479 2635 tuum,
3508 2581 3562 2624 ut
3591 2589 3693 2626 non

2105 2652 2416 2706 moriamur.
2467 2653 2786 2711 Addidimus
2808 2658 2947 2710 enim
2972 2659 3224 2713 universis
3251 2661 3476 2728 peccatis
3505 2662 3697 2716 nostris

2105 2741 2326 2808 malum,
2362 2753 2422 2798 ut
2460 2754 2749 2814 peteremus
2789 2747 2935 2802 nobis
2978 2765 3147 2819 regem
3197 2749 3249 2820 (Ι
3297 2748 3428 2820 Reg.
3483 2766 3583 2815 xu,
3625 2750 3691 2805 16

2103 2833 2258 2905 seq.).
2307 2834 2507 2892 Territi
2548 2837 2694 2892 enim
2745 2838 2970 2894 vocibus
3010 2839 3308 2895 tonitruum
3335 2851 3391 2896 et
3440 2843 3687 2897 coruscis

2102 2923 2400 2995 fulgurum,
2427 2928 2870 2984 intercessionem
2890 2931 3063 2985 sancti
3085 2932 3382 3000 prophetae,
3411 2933 3539 2988 licet
3566 2947 3695 3002 pec-

2105 3026 2337 3083 catores,
2389 3027 2570 3075 tamen
2623 3027 2686 3074 ut
2744 3018 2931 3076 ﬁdeles
2971 3021 3347 3090 postularunt;
3397 3038 3504 3077 non
3554 3023 3696 3078 sicut

421 3111 650 3183 fulgura,
699 3113 783 3170 vel
820 3113 1066 3180 fulmina,
1105 3117 1218 3172 sive
1255 3119 1511 3184 tonitrua,
1552 3136 1620 3174 ex
1648 3122 1846 3190 quibus
1878 3121 1995 3192 ple-
2021 3104 2066 3166 C
2100 3103 2192 3162 isti
2240 3109 2415 3163 nostri
2463 3108 2810 3173 semiﬁdeles,
2861 3110 2954 3178 qui
3011 3125 3138 3164 mox
3185 3118 3246 3165 ut
3293 3113 3520 3166 audiunt
3549 3111 3690 3164 toni-

420 3218 646 3274 rumque
685 3204 795 3259 alta
837 3205 1064 3262 aediﬁcia
1117 3210 1391 3278 prosterni
1445 3210 1655 3265 solent?
1707 3210 1853 3266 Sane
1884 3226 1992 3266 non

418 3305 687 3366 przecepto
714 3298 967 3365 hominis,
1007 3299 1101 3355 sed
1127 3311 1402 3371 praecepto
1446 3302 1565 3368 Dei,
1602 3303 1745 3358 sicut
1796 3304 1851 3358 in
1895 3305 2000 3360 hac

417 3388 684 3442 sententia
716 3387 930 3458 legitur,
958 3389 1014 3444 in
1043 3404 1148 3460 qua
1185 3391 1347 3446 etiam
1393 3401 1517 3463 post
1551 3394 1830 3463 paululum
1878 3395 2002 3450 sub-

418 3476 564 3530 ditur
589 3494 603 3530 :
640 3474 897 3548 Nunquid
923 3480 1025 3534 scis
1049 3481 1262 3551 quando
1304 3484 1606 3554 prteceperit
1639 3483 1782 3538 Deus
1809 3484 2000 3556 pluviis

418 3574 476 3619 ut
529 3566 857 3622 ostenderent
892 3567 1062 3624 lucem
1119 3571 1335 3626 nubium
1369 3573 1531 3644 ejus?
1567 3574 1829 3646 Nunquid
1861 3578 1999 3631 nosti

418 3658 625 3713 semitas
680 3659 897 3714 nubium
944 3677 1186 3732 magnas,
1213 3671 1262 3716 et
1287 3663 1548 3734 perfectas
1600 3666 1888 3722 scientias?
1937 3667 1997 3722 In

416 3749 613 3817 quibus
661 3751 842 3806 verbis
870 3752 973 3806 hoc
1024 3767 1240 3823 quoque
1286 3756 1580 3810 notandum
1614 3765 1719 3822 est,
1771 3757 1898 3827 quia
1950 3759 1997 3812 si

417 3839 579 3894 homo
605 3854 712 3895 non
751 3842 901 3896 novit
927 3843 1148 3900 semitas
1176 3844 1420 3911 nubium,
1461 3859 1563 3900 nec
1615 3845 1887 3917 perfectas
1913 3863 2001 3903 ea-

416 3943 539 3982 rum
598 3929 874 3997 scientias,
927 3932 1098 3987 multo
1148 3931 1330 3987 minus
1383 3933 1536 3987 novit
1589 3949 1777 3989 earum
1818 3935 1998 3991 olIicio

415 4019 730 4076 hominibus
783 4021 1041 4090 prodesse
1086 4021 1173 4076 vel
1215 4021 1438 4089 obesse;
1497 4023 1761 4092 exceptis,
1806 4031 1868 4079 ut
1911 4025 1994 4080 di-

415 4116 563 4162 ctum
605 4117 712 4174 est,
758 4110 978 4174 sanctis,
1033 4111 1126 4180 qui
1174 4110 1472 4166 secundum
1515 4111 1850 4169 voluntatem
1899 4114 1996 4170 Dei

414 4199 582 4254 multa
645 4214 744 4271 per
769 4200 919 4255 illum
952 4202 1069 4272 ipso
1117 4202 1354 4258 donante
1377 4211 1623 4271 possunt,
1671 4219 1779 4260 non
1801 4206 1991 4277 utique

412 4291 633 4360 propria
660 4298 753 4345 aut
780 4291 959 4359 aliqua
1001 4291 1277 4347 contraria
1326 4292 1546 4359 virtute,
1589 4293 1684 4350 sed
1719 4295 1997 4352 voluntate

2107 3209 2227 3255 trua
2272 3201 2356 3256 vel
2399 3216 2521 3256 cum
2553 3201 2658 3256 levi
2693 3201 2823 3254 ﬂatu
2851 3201 3018 3266 venti,
3063 3201 3251 3256 dicunt
3274 3201 3531 3256 Levatitia
3559 3219 3693 3254 aura

2098 3301 2194 3355 est,
2226 3299 2283 3346 et
2307 3289 2897 3346 maledicuntdicentes
2927 3309 2940 3344 :
2979 3309 2997 3340 ι
3039 3289 3323 3346 Maledicta
3353 3291 3531 3361 lingua
3562 3291 3683 3356 illa,

2099 3391 2146 3435 et
2192 3381 2404 3450 areﬁat,
2441 3389 2490 3435 et
2527 3381 2647 3451 jam
2682 3382 2906 3450 prtrcisa
2933 3398 3042 3447 esse
3066 3381 3281 3436 debebat
3325 3399 3443 3454 qua:
3475 3382 3572 3436 hoc
3601 3382 3686 3452 fa-

2099 3475 2189 3528 cit.
2223 3473 2342 3539 Dic,
2391 3488 2546 3545 rogo,
2594 3473 2682 3530 cui
2725 3475 3037 3530 maledicis?
3075 3475 3246 3545 justo,
3275 3491 3345 3529 an
3368 3476 3679 3546 peccatorif.’

2100 3563 2360 3620 Peccator
2379 3579 2636 3636 namque,
2664 3571 2719 3620 et
2737 3579 2803 3620 ex
2823 3574 2980 3635 parte
3000 3566 3232 3622 inﬁdelis
3253 3567 3446 3624 similis
3467 3569 3563 3632 tui,
3586 3583 3683 3623 au-

2101 3669 2242 3719 ram,
2287 3663 2348 3709 ut
2393 3655 2573 3710 dicere
2609 3655 2817 3721 soletis,
2843 3655 3024 3711 levare
3049 3671 3156 3710 non
3187 3656 3391 3726 potuit;
3429 3657 3556 3725 quia
3585 3671 3686 3712 nec

2099 3744 2298 3800 virtute
2327 3761 2423 3800 sua
2453 3747 2642 3813 valuit,
2669 3762 2772 3802 nec
2798 3747 3005 3818 angelis
3046 3747 3204 3802 malis
3259 3749 3529 3817 imperare
3579 3761 3680 3818 po-

2102 3836 2246 3892 tuit:
2285 3851 2595 3906 quanquam
2624 3851 2724 3892 nec
2761 3852 2950 3892 eorum
2992 3838 3048 3890 in
3076 3837 3179 3890 hac
3204 3852 3263 3891 re
3304 3837 3374 3891 sit
3416 3846 3683 3906 potestas.

2100 3925 2331 3980 Domino
2374 3939 2485 3979 non
2533 3925 2876 3996 supplicavit,
2927 3936 2987 3980 ut
3029 3926 3236 3981 orando
3268 3926 3322 3980 id
3367 3927 3686 3984 obtineret:

2102 4015 2230 4085 quia
2258 4017 2401 4071 sicut
2436 4030 2552 4080 vos,
2602 4015 2681 4071 ita
2705 4023 2761 4072 et
2787 4015 2862 4072 illi
2914 4031 3050 4087 quos
3105 4018 3487 4087 tempestarios
3535 4027 3691 4088 puta-

2101 4111 2192 4174 tis,
2244 4109 2535 4178 prazstigiis
2594 4108 2754 4165 malis
2798 4107 2916 4164 ﬁeri
2945 4110 3062 4165 haec
3088 4119 3301 4180 putant,
3358 4126 3466 4166 non
3493 4109 3689 4166 volun-

2099 4209 2208 4256 tate
2259 4202 2357 4256 Dei
2397 4219 2410 4255 :
2455 4201 2582 4258 licet
2625 4201 2729 4258 etsi
2767 4216 2798 4256 a
2839 4203 3069 4259 Domino
3109 4203 3220 4259 Deo
3266 4203 3369 4258 hoc
3404 4211 3674 4274 peterent,

2098 4306 2205 4346 non
2233 4299 2575 4346 mererentur
2602 4291 2828 4363 adipisci
2865 4310 2878 4346 :
2909 4293 3053 4363 quod
3079 4293 3263 4363 utique
3282 4295 3552 4365 iustorum
3581 4304 3686 4359 est,

413 4380 712 4436 conditoris
740 4397 754 4434 :
783 4381 926 4436 sicut
957 4394 1098 4451 saepe
1123 4380 1280 4436 multi
1305 4395 1587 4437 servorum
1609 4382 1706 4439 Dei
1734 4386 1996 4440 orationi-
2019 4448 2065 4456 ⁸
2096 4397 2205 4437 non
2231 4383 2542 4452 iniquorum
2572 4401 2585 4436 :
2611 4384 2780 4452 quiin
2809 4385 3011 4439 talibus
3055 4386 3237 4451 rebus,
3288 4386 3392 4440 etsi
3438 4394 3629 4456 petunt
3652 4404 3685 4440 a

412 4474 514 4528 bus
536 4474 906 4538 obtinuerunt,
936 4481 996 4528 ut
1017 4448 1260 4544 tempore
1277 4473 1537 4530 siccitatis
1561 4474 1774 4545 pluvias
1804 4477 1988 4533 Domi-
2019 4448 2074 4508 D
2102 4448 2578 4540 Dominoaliquid,
2617 4448 2905 4528 inﬁdeliter
2923 4482 2980 4528 et
3005 4473 3201 4543 duplici
3223 4448 3231 4451 ⁷
3253 4448 3458 4530 animo-
3468 4483 3682 4546 petunt,

411 4583 515 4622 nus
549 4567 733 4638 largiri
755 4567 1089 4638 dignaretur.

481 4657 549 4712 Χ.
607 4658 700 4714 Sic
737 4661 881 4715 enim
911 4661 1103 4716 beatus
1161 4659 1394 4716 Jacobus
1433 4661 1730 4731 apostolus,
1789 4659 1990 4717 factum

409 4750 539 4804 Elia:
584 4750 862 4822 propheta:
895 4751 950 4805 in
990 4750 1296 4822 exemplum
1320 4752 1476 4807 nobis
1515 4766 1844 4821 proponens,
1897 4767 1994 4807 ex-

411 4843 659 4898 hortatur
698 4857 799 4900 nos
849 4843 918 4898 ad
943 4844 1243 4899 orationem
1289 4857 1574 4899 recurrere
1601 4857 1704 4914 pro
1749 4844 1987 4908 tristitia,

409 4948 507 5002 pro
530 4933 862 4998 inﬁrmitate,
885 4947 984 5003 pro
1013 4933 1334 4990 remissione
1357 4941 1724 5004 peccatorum,
1774 4934 1991 4990 dicens:

411 5022 569 5077 Orate
590 5039 684 5094 pro
715 5023 933 5077 invicem
985 5031 1041 5077 ut
1063 5022 1357 5078 salvemini.
1412 5021 1640 5078 Multum
1676 5023 1816 5078 enim
1857 5021 1994 5078 ualet

409 5113 702 5184 deprecatio
727 5113 865 5183 justi
918 5113 1157 5168 assidua.
1196 5113 1380 5169 Helias
1430 5114 1585 5168 homo
1639 5123 1754 5169 erat
1801 5114 1993 5169 similis

2099 4580 2205 4620 non
2246 4565 2302 4619 in
2342 4563 2666 4620 certitudine
2695 4563 2840 4620 ﬁdei.

2168 4657 2283 4711 XII.
2329 4657 2422 4712 Illo
2455 4665 2718 4727 praeterea
2746 4665 2988 4727 tempore
3011 4660 3227 4727 quando
3259 4660 3504 4716 oratione
3549 4661 3678 4720 Elia:

2099 4751 2316 4806 siccitas
2362 4753 2558 4805 eratin
2591 4757 2732 4805 terra
2769 4749 2954 4815 Israel,
3006 4750 3173 4805 etiam
3220 4767 3420 4822 pascua
3471 4754 3684 4822 pecori-

2099 4845 2200 4899 bus
2243 4845 2598 4914 negabantur.
2633 4843 2906 4915 Scriptum
2935 4853 3018 4900 est
3067 4847 3213 4901 enim
3253 4864 3268 4902 :
3304 4845 3452 4901 Dixit
3501 4846 3680 4900 Achab

2101 4935 2171 4987 ad
2191 4934 2416 4988 Abdiam
2439 4949 2456 4986 :
2494 4934 2636 4989 Vade
2655 4936 2711 4988 in
2730 4945 2927 4989 terram
2947 4935 3018 4990 ad
3040 4937 3308 4994 uniuersos
3330 4935 3499 5005 fontes
3521 4951 3682 5006 aqua-

2101 5041 2240 5091 rum,
2285 5035 2333 5080 et
2357 5027 2410 5080 in
2433 5037 2648 5081 cunctas
2695 5026 2878 5093 valles,
2906 5029 2954 5083 si
3001 5028 3135 5099 forte
3156 5029 3385 5082 invenire
3417 5026 3678 5094 possimus

2099 5116 2330 5179 herbam,
2377 5126 2425 5170 et
2465 5115 2672 5172 salvare
2713 5135 2871 5188 equos
2916 5129 2964 5173 et
3010 5117 3203 5181 mulos,
3251 5127 3433 5172 etnon
3471 5117 3678 5185 penitus

409 5211 579 5277 nobis,
622 5210 921 5282 passibilis;
949 5221 996 5267 et
1021 5211 1314 5267 orationem
1343 5213 1510 5266 orauit
1530 5221 1588 5266 ut
1608 5227 1714 5266 non
1757 5210 1984 5282 plueret,
2088 5208 2332 5278 jumenta
2368 5207 2626 5262 intereant
2657 5208 2780 5281 (ΙΙΙ
2811 5209 2939 5280 Reg.
2985 5225 3141 5274 xvm,
3167 5207 3243 5279 5).
3304 5207 3464 5272 Ecce,
3491 5215 3552 5262 ut
3578 5223 3677 5278 ap-

406 5312 590 5358 etnon
634 5301 768 5373 pluit
819 5319 988 5362 annos
1028 5311 1132 5358 tres
1182 5312 1231 5357 et
1259 5319 1460 5358 menses
1484 5319 1596 5358 seat.
1659 5303 1730 5358 Et
1775 5319 1987 5358 rursum

407 5393 575 5445 oravit
601 5408 620 5446 :
643 5400 693 5446 et
718 5391 904 5447 caelum
926 5392 1070 5448 dedit
1088 5391 1314 5463 pluuias,
1337 5403 1386 5447 et
1412 5401 1555 5448 terra
1583 5393 1729 5447 dedit
1750 5392 1982 5464 fructum

403 5498 579 5535 suum.
606 5481 758 5537 Elias
785 5483 969 5552 itaque
995 5482 1296 5538 orationem
1320 5483 1497 5540 oravit
1522 5491 1584 5538 ut
1609 5499 1717 5538 non
1745 5483 1977 5554 plueret,

405 5580 461 5626 ct
489 5587 597 5626 non
636 5572 772 5643 pluit
792 5588 964 5629 annos
1018 5581 1130 5629 tres
1173 5589 1389 5630 menses
1424 5589 1540 5630 sex.
1599 5574 1752 5630 Fecit
1799 5584 1982 5631 autem

409 5667 513 5724 hoc
559 5676 785 5740 propter
825 5668 1221 5740 correptionem
1276 5677 1332 5726 et
1376 5669 1768 5726 correctionem
1809 5668 1987 5742 gentis

2097 5306 2273 5368 paret,
2301 5298 2369 5354 de
2396 5297 2576 5368 pluvia
2599 5301 2870 5371 desperati
2919 5300 3061 5368 quod
3083 5313 3193 5353 non
3225 5306 3369 5354 esset
3395 5299 3500 5354 nisi
3528 5297 3678 5367 iuxta

2093 5389 2224 5445 Elite
2264 5390 2450 5457 verba,
2506 5405 2608 5459 pro
2657 5391 2918 5461 iumentis
2974 5390 3174 5446 herbas
3232 5399 3481 5460 quaerunt
3522 5390 3678 5460 iuxta

2093 5484 2272 5540 fontes
2308 5489 2365 5538 et
2422 5482 2568 5537 rivos
2596 5497 2885 5552 aquarum,
2911 5481 3026 5552 iam
3067 5483 3213 5538 enim
3241 5485 3547 5540 sentiebant
3587 5497 3681 5537 ve-

2093 5591 2212 5630 rum
2255 5588 2378 5630 esse
2417 5573 2562 5642 quod
2583 5573 2683 5642 ipsi
2712 5572 2902 5629 Achab
2939 5573 3088 5631 Elias
3113 5576 3362 5632 dixerat:
3401 5576 3535 5631 Viuit
3562 5573 3676 5628 Do-

2093 5665 2264 5722 minus
2293 5665 2436 5721 Deus
2473 5662 2664 5732 Israel,
2698 5665 2752 5718 iu
2785 5665 2936 5735 cujus
2963 5677 3240 5741 conspectu
3264 5679 3365 5737 sto,
3395 5669 3440 5724 si
3463 5665 3557 5723 erit
3582 5681 3678 5721 au-
