4048 6178
355 256 458 313 liis

1312 258 1371 314 S.
1411 256 1767 316 AGODARDI
1807 254 2116 314 περιδεοΜ
2153 256 2639 317 ιυουυμεμδιε

3526 267 3629 324 156

353 377 435 437 nis
490 375 573 432 his
619 390 705 430 ros
727 383 777 429 st
801 372 1000 445 pluvia,
1031 374 1133 428 nisi
1151 373 1314 443 juxta
1336 373 1442 428 oris
1486 374 1589 429 mei
1642 371 1819 427 verba.
1870 371 1939 426 Et
1964 374 2016 433 Δ
2042 370 2265 436 ﬁebant,
2316 371 2619 442 interrogat
2670 371 2739 426 de
2800 371 2998 428 talibus
3053 374 3255 447 utique
3292 389 3416 446 quae
3462 391 3630 437 nemo

349 474 501 523 certe
554 465 702 521 Elius
758 479 929 519 annos
971 463 1109 518 dixit
1154 462 1344 532 quanti
1390 471 1591 519 essent.
1635 463 1742 519 iste
1806 475 1937 530 ergo

348 558 559 623 Achab,
614 565 674 612 ut
720 556 856 620 dixi,
893 570 1065 626 quare
1116 570 1223 611 non
1270 557 1483 627 rogavit
1533 555 1937 625 Tempestarios

352 656 411 702 ut
438 649 684 703 levarent
709 655 971 717 tempesta
979 656 1081 712 tes,
1099 653 1173 713 et,
1188 655 1249 701 ut
1262 648 1443 703 dicere
1456 647 1661 713 soletis,
1677 663 1839 703 auras
1860 648 1938 703 le-

347 739 588 801 vatitias,
614 752 713 807 per
738 752 877 807 quas
902 737 1128 806 irrigata
1154 745 1298 792 terra
1313 738 1513 794 habere
1537 748 1723 809 posset
1735 739 1938 794 herbas

345 828 505 896 equis
534 835 589 881 et
628 827 790 882 mulis
817 828 929 883 suis
970 829 1292 898 caeterisque
1334 828 1622 899 jumentis,
1677 844 1780 899 pro
1815 827 1938 898 qui-

349 921 450 974 bus
470 920 733 975 sollicitus
763 929 911 982 erat;
941 921 1176 975 maxime
1195 920 1324 990 quia
1356 936 1463 975 non
1492 920 1720 975 timebat
1747 919 1936 989 perde-

350 1025 410 1065 re
434 1007 618 1080 fruges
644 1010 696 1063 in
729 1010 955 1079 campis,
1003 1017 1060 1065 et
1107 1009 1318 1075 vineas,
1344 1023 1465 1078 quae
1506 1007 1676 1063 nulla:
1713 1009 1947 1065 omnino

349 1112 479 1158 tunc
506 1103 697 1159 erant?
786 1148 789 1151 .

419 1193 553 1249 Xlll.
604 1191 813 1245 Nostris
864 1203 1083 1258 quoque
1131 1188 1467 1259 temporibus
1541 1186 1789 1243 videmus
1836 1186 1936 1242 ali-

347 1285 583 1353 quando,
634 1282 877 1339 collectis
926 1281 1198 1336 messibus
1234 1288 1292 1336 et
1329 1280 1663 1344 'viudemiis,
1709 1289 1934 1351 propter

346 1360 644 1435 siccimtem
675 1364 941 1447 agricolas
967 1376 1238 1429 seminare
1264 1388 1368 1428 non
1393 1388 1574 1443 posse.
1615 1374 1795 1440 Quare
1825 1390 1933 1429 non

343 1470 601 1526 obtinetis
643 1469 784 1539 apud
813 1467 1215 1538 Tempestarios
1244 1476 1456 1522 vestros
1486 1476 1546 1521 ut
1583 1467 1800 1521 mittant
1829 1483 1929 1521 au-

346 1574 435 1614 ras
487 1557 779 1620 levatilias,
809 1557 1008 1626 quibus
1049 1564 1194 1611 terra
1230 1556 1507 1626 irrigetur,
1535 1564 1591 1611 et
1620 1564 1805 1626 postea
1835 1571 1925 1612 se-

344 1651 557 1705 minare
602 1648 856 1719 possitis?
901 1646 1103 1703 Verum
1159 1649 1287 1718 quia
1330 1650 1388 1704 id
1436 1665 1533 1705 vos
1554 1665 1657 1706 nec
1700 1649 1927 1717 fecistis,

2036 460 2176 515 alius
2204 459 2308 516 nisi
2337 460 2484 517 solus
2508 462 2851 531 ornnipotcns
2894 462 3075 518 lacere
3121 472 3320 534 potest,
3363 473 3423 520 et
3446 466 3583 523 dicit
3609 484 3625 523 :

2039 548 2143 603 Ubi
2187 566 2308 604 eras
2340 551 2553 620 quando
2576 552 2829 621 ponebam
2884 552 3230 620 fundamenta
3267 558 3467 610 terrae?
3508 558 3577 614 Et
3610 579 3624 615 :

2039 628 2185 704 Quis-
2221 641 2394 709 posuit
2451 656 2727 694 mensuras
2790 640 2941 710 ejus,
2982 640 3061 695 uel
3113 658 3273 714 super
3321 661 3425 715 quo
3476 646 3629 703 bases

2035 727 2182 784 illius
2228 729 2473 785 solidata:
2521 740 2644 786 sunt
2667 732 2693 785 ?
2742 730 2877 797 Quis
2922 730 3179 788 conclusit
3246 737 3394 791 ostiis
3443 741 3631 795 mare?

2036 818 2104 873 Et
2141 838 2153 872 :
2191 819 2450 891 Nunquid
2496 822 2814 893 conjungere
2868 822 3062 879 valebis
3112 824 3366 881 micantes
3418 827 3626 895 stellas,

2037 907 2301 973 Pleiades,
2326 921 2419 965 aut
2459 929 2647 983 gyrum
2676 914 2887 967 Arcturi
2942 915 3138 984 poteris
3182 915 3494 987 dissipare?
3517 919 3623 975 Et:

2038 999 2295 1073 Nunquid
2333 1005 2469 1057 nosti
2520 1003 2759 1058 ordinem
2801 1004 2956 1060 cozli?
3003 1005 3110 1060 Et:
3146 1005 3407 1079 Nunquid
3452 1012 3626 1067 mittes

2036 1090 2274 1162 fulgura,
2311 1103 2361 1147 et
2400 1093 2589 1148 ibunt?
2644 1103 2700 1150 et
2731 1095 2899 1150 multa
2952 1094 3281 1165 hujusmedi.
3310 1099 3459 1157 Inter
3480 1101 3620 1167 hate,

2033 1181 2279 1252 inquam,
2304 1191 2454 1238 tanta
2482 1199 2548 1239 ac
2574 1185 2724 1249 talia,
2761 1186 2988 1255 inquirit
3013 1189 3181 1242 etiam
3203 1187 3276 1244 ab
3301 1203 3370 1244 eo
3401 1190 3620 1248 dicens:

2037 1272 2293 1344 Nunquid
2335 1275 2601 1346 ingressus
2653 1292 2707 1330 es
2746 1276 3021 1330 thesauros
3069 1279 3226 1344 nivis,
3274 1288 3365 1335 aut
3399 1282 3621 1336 thesau-

2035 1379 2121 1417 ros
2169 1366 2442 1434 grandinis
2504 1366 2778 1436 aspexisti,
2822 1383 2940 1437 qua
2995 1370 3293 1439 pra'paraui
3319 1371 3375 1425 in
3412 1379 3622 1443 tempus

2034 1453 2219 1520 hostis,
2266 1455 2323 1509 in
2365 1454 2504 1509 diem
2543 1472 2733 1525 pugna:
2777 1465 2824 1509 et
2887 1454 3048 1510 belli?
3108 1455 3216 1511 Per
3257 1475 3413 1529 quam
3471 1461 3610 1514 viam

2031 1546 2299 1615 spargitur
2347 1544 2460 1612 lux,
2513 1545 2769 1599 dividitur
2815 1554 2977 1600 (ratus
3030 1562 3187 1616 super
3213 1548 3453 1602 terram?
3487 1547 3620 1615 Quis

2032 1637 2176 1692 dedit
2216 1638 2659 1693 uellenwntissimo
2689 1637 2843 1693 imbri
2892 1654 3128 1704 cursum,
3170 1647 3218 1693 et
3257 1639 3395 1693 viam
3417 1657 3618 1696 sonan-

345 1757 447 1797 nec
477 1738 658 1795 facere
683 1754 921 1808 unquam
963 1738 1177 1794 vidistis
1196 1747 1255 1793 et
1276 1740 1528 1804 audistis,
1576 1740 1760 1796 audite
1781 1754 1926 1797 nunc
1955 1738 2004 1797 B
2031 1728 2098 1784 εδδ
2144 1729 2411 1801 “nam?!
2466 1738 2523 1783 ια
2573 1730 2777 1800 Imm“
2829 1745 2992 1799 δαρετ
3027 1740 3224 1784 ῑεπτωη
3279 1730 3473 1803 αδδιιιιε
3527 1732 3623 1786 ¹³ο·

342 1833 471 1905 quid
508 1834 624 1902 ipse
664 1832 945 1897 Dominus,
997 1846 1182 1887 rerum
1227 1832 1471 1887 omnium
1525 1833 1797 1899 conditor,
1844 1848 1930 1888 re-

342 1934 478 1989 ctor,
537 1924 885 1993 gubernator,
927 1921 1209 1976 ordinatur
1248 1930 1304 1977 et
1338 1922 1709 1993 dispensator,
1756 1938 1930 1979 serve

342 2032 443 2072 suo
495 2016 653 2071 beato
706 2013 808 2070 Job
856 2014 1000 2070 inter
1047 2022 1248 2071 caetera
1299 2014 1465 2070 etiam
1517 2016 1585 2071 de
1619 2013 1929 2083 huiusmodi

342 2109 509 2164 rebus
531 2108 696 2163 dicat.
760 2107 975 2162 Etenim
1014 2122 1141 2162 cum
1173 2107 1452 2172 diabolus,
1489 2108 1741 2163 inventor
1774 2108 1925 2172 mali,

341 2202 595 2271 princeps
629 2206 686 2254 et
702 2205 869 2268 caput
898 2198 1143 2253 omnium
1173 2198 1462 2264 malorum,
1502 2206 1788 2255 accusator
1819 2198 1931 2254 fra-

342 2300 507 2356 trum,
562 2296 874 2345 accusasset
915 2288 1133 2343 beatnm
1165 2287 1433 2360 Job-apud
1481 2290 1795 2354 Dominum,
1846 2290 1931 2345 di-

338 2397 470 2439 cens
522 2380 666 2450 quod
691 2395 799 2435 non
831 2387 979 2435 recta
1006 2381 1328 2445 intentione,
1362 2381 1415 2435 id
1442 2388 1549 2445 est,
1608 2381 1709 2437 soli
1736 2382 1785 2437 ei
1814 2382 1931 2451 pla—

339 2473 516 2539 cendi,
568 2479 624 2526 et
656 2471 773 2526 solo
798 2486 864 2526 eo
901 2470 1115 2527 fruendi
1142 2470 1223 2525 illi
1272 2473 1524 2536 serviret,
1576 2473 1672 2528 sed
1692 2488 1792 2542 pro
1816 2480 1929 2528 ter-

342 2578 595 2620 renarum
637 2577 822 2617 rerum
852 2562 1301 2633 multiplicatione
1328 2577 1395 2618 ac
1423 2562 1776 2629 defensione;
1831 2578 1930 2619 ex-

338 2655 690 2726 petiissetque
725 2669 850 2710 eum
877 2657 1215 2721 tentandum,
1242 2663 1514 2727 quatenus
1552 2657 1813 2713 tentando
1851 2657 1930 2712 ita

339 2761 531 2803 verum
588 2759 709 2801 esse
750 2744 1099 2811 ostenderet;
1159 2746 1459 2817 improbus,
1516 2748 1800 2817 superbus,
1874 2754 1931 2803 et

332 2836 711 2900 stultissimus,
757 2836 915 2906 quasi
940 2844 1176 2891 mentem
1206 2836 1309 2891 virl
1351 2836 1447 2891 Dei
1496 2837 1695 2893 melius
1738 2845 1943 2894 nosset

336 2941 502 3000 quam
542 2925 794 2983 conditor
812 2925 971 2995 eius;
1005 2926 1268 2982 Dominus
1298 2941 1518 2997 quoque
1533 2925 1715 2997 justus
1738 2938 1796 2984 et
1819 2929 1920 2984 mi-

337 3021 593 3087 sericors,
619 3017 802 3090 justus
846 3020 917 3076 ad
935 3019 1375 3077 confundendum
1422 3021 1716 3090 diabolum,
1762 3023 1927 3080 mise-

2029 1820 2166 1875 mine
2188 1819 2245 1873 in
2269 1817 2495 1887 deserto,
2526 1817 2615 1871 ubi
2665 1815 2844 1872 nullus
2874 1816 3176 1871 mortalium
3208 1827 3573 1874 commoratur
3596 1819 3622 1873 Γ

2028 1920 2084 1965 ut
2118 1908 2352 1980 impleret
2380 1909 2575 1965 inviam
2624 1917 2671 1962 et
2693 1905 3000 1972 desolatam,
3052 1918 3101 1962 et
3138 1908 3451 1978 produceret
3493 1908 3618 1963 lter-

2028 1997 2121 2053 bas
2170 1998 2432 2053 virentes?
2479 1996 2613 2064 Quis
2659 2006 2734 2050 est
2763 1995 2958 2065 pluviae
3010 1998 3200 2067 pater?
3256 1996 3336 2051 vel
3373 1997 3493 2068 quis
3531 2014 3621 2068 ge-

2028 2092 2145 2146 nuit
2187 2089 2356 2146 stillas
2410 2090 2587 2145 roris?
2630 2088 2709 2144 De
2743 2092 2898 2157 cuius
2926 2098 3076 2143 utero
3143 2104 3352 2159 egressa
3391 2098 3467 2143 est
3496 2087 3617 2159 gla-

2026 2182 2226 2237 ciales
2251 2180 2373 2252 gelu
2404 2181 2470 2235 de
2502 2180 2630 2235 coelo
2669 2182 2788 2252 quis
2838 2180 3058 2252 genuit?
3102 2178 3170 2232 In
3215 2178 3619 2235 similitudinem

2027 2271 2220 2343 lapidis
2241 2288 2393 2343 aqum
2417 2272 2701 2337 durantur,
2738 2281 2785 2326 et
2808 2271 3112 2342 superﬁcies
3153 2269 3331 2341 abyssi
3351 2270 3613 2325 constrin-

2027 2363 2170 2432 gitur
2223 2360 2346 2435 (Job
2391 2378 2623 2427 xxxvm,
2652 2361 2687 2416 4
2719 2360 2873 2434 seq.).

2022 2476 2026 2480 ·
2060 2527 2065 2533 .
2103 2452 2240 2511 XIV.
2279 2453 2421 2509 Ecce
2448 2454 2612 2524 igitur
2656 2468 2822 2522 opera
2867 2451 2961 2507 Dei
2990 2467 3208 2524 magna,
3262 2467 3494 2524 quorum
3516 2468 3606 2508 ra-

2030 2544 2232 2600 tionem
2277 2560 2378 2601 nec
2405 2545 2518 2616 ipse
2560 2547 2754 2602 beatus
2807 2543 2909 2601 Job
2959 2555 3073 2601 tam
3117 2545 3443 2610 sublimiter,
3502 2554 3617 2601 tam

2029 2636 2300 2692 subtiliter
2340 2645 2499 2693 antea
2528 2646 2746 2709 poterat
2763 2634 3044 2693 admirari.
3091 2633 3150 2692 Si
3186 2636 3448 2693 Dominus
3494 2638 3616 2692 Ihe-

2029 2740 2224 2782 sauros
2267 2727 2435 2783 habet
2456 2727 2756 2799 grandinis,
2802 2736 2858 2783 et
2897 2727 3047 2783 solus
3073 2742 3171 2784 eos
3202 2727 3421 2799 aspicit,
3478 2740 3619 2799 quos

2028 2818 2222 2875 beatus
2254 2815 2357 2875 Job
2382 2821 2613 2875 necdum
2661 2827 2971 2890 aspexerat,
3002 2819 3096 2874 ubi
3130 2833 3225 2875 eos
3278 2818 3609 2874 invenerunt

2028 2908 2118 2973 isti
2152 2908 2528 2982 Tempestsrii,
2580 2925 2720 2981 quos
2740 2910 2937 2966 beatus
2980 2908 3084 2965 Job
3119 2924 3228 2965 non
3270 2908 3499 2976 invenit,
3527 2922 3620 2966 ne-

2027 3016 2136 3072 que
2162 3002 2404 3059 invenire
2444 3017 2756 3073 possumus,
2790 3003 2889 3059 sed
2914 3017 3091 3074 neque
3115 3001 3389 3058 :estimane
3412 3000 3506 3057 ubi
3533 3001 3620 3057 in-

336 3115 511 3170 rlcors
654 3112 1001 3169 cnnamum
1030 3112 1245 3170 ﬁdelem
1284 3112 1545 3170 famulum
1586 3088 1761 3178 ευυέη,
1794 3131 1928 3173 con.
1954 3088 2000 3151 C
2031 3093 2351 3148 veniantur?
2400 3093 2662 3150 Dominus
2706 3094 3009 3166 interrogat
3054 3092 3277 3149 ﬁdelem
3327 3092 3613 3155 famulum,

335 3206 501 3260 cessit
524 3203 601 3259 illi
646 3212 994 3276 potestatem,
1021 3205 1258 3274 primum
1282 3206 1500 3277 quidem
1536 3207 1589 3262 in
1616 3207 1783 3264 rebus
1803 3222 1925 3263 om-

335 3299 515 3364 nibus,
547 3296 742 3353 deinde
781 3311 914 3352 vero
966 3298 1021 3352 in
1075 3296 1220 3362 ﬁliis,
1268 3304 1391 3368 post
1428 3298 1593 3353 etiam
1634 3298 1690 3354 in
1745 3298 1923 3355 salute

338 3386 605 3455 corporis,
656 3400 720 3440 ac
746 3384 1002 3455 deinceps
1030 3384 1100 3440 in
1138 3387 1391 3442 suasione
1416 3387 1683 3458 conjugis,
1714 3396 1927 3458 postre-

340 3492 430 3531 mo
453 3483 635 3531 autem
662 3476 715 3530 in
734 3475 1155 3546 exprobratione
1180 3484 1236 3531 et
1257 3476 1555 3532 multifaria
1578 3476 1926 3549 despectione

335 3565 687 3623 famulorum.
732 3564 839 3622 Sed
864 3563 1110 3620 diabolus
1157 3566 1333 3621 victus
1368 3576 1427 3621 et
1450 3565 1709 3623 confusus
1748 3583 1928 3624 reces-

336 3654 446 3720 sit;
495 3668 685 3709 servus
708 3653 920 3709 Domini
978 3655 1153 3711 vietor
1187 3664 1247 3711 et
1292 3657 1636 3727 triumphans
1663 3659 1922 3713 excrevit.

336 3743 541 3801 Veiens
570 3745 749 3817 igitur
769 3745 889 3816 pius
916 3745 1179 3801 Dominus
1208 3747 1505 3802 secundum
1530 3749 1675 3817 quod
1698 3747 1930 3819 Aposto-

336 3838 424 3894 lus
458 3838 589 3893 dicit
612 3839 681 3894 de
703 3852 762 3893 se
796 3838 938 3910 ipso,
992 3853 1060 3895 ne
1098 3840 1411 3912 magnitudo
1456 3856 1581 3897 eum
1638 3843 1928 3899 revelatio-

338 3944 471 3985 num
521 3929 825 3995 extolleret,
878 3931 954 3985 ita
1001 3939 1057 3987 et
1097 3931 1270 3999 illum,
1324 3948 1394 3988 ne
1415 3935 1730 4006 magnitudo
1758 3935 1928 3991 victo.

339 4022 437 4077 riae
487 4021 693 4076 elatum
727 4021 997 4088 redderet,
1050 4021 1359 4090 humiliare,
1399 4040 1507 4080 non
1536 4025 1810 4081 ablatione
1830 4041 1921 4081 re-

336 4128 459 4166 rum
510 4126 646 4181 quas
690 4110 1023 4181 perdiderat,
1087 4128 1195 4169 non
1244 4117 1598 4186 percussione
1649 4119 1920 4187 corporis,

326 4214 432 4280 per
474 4216 636 4273 quam
658 4202 773 4272 jam
855 4204 994 4258 sicut
1040 4219 1232 4258 aurum
1274 4206 1330 4261 in
1383 4208 1598 4263 camino
1641 4210 1928 4263 examina-

332 4301 424 4361 tus
477 4300 632 4358 erat,
668 4307 779 4348 non
828 4294 1240 4363 comparatione
1278 4294 1505 4364 alicujus
1551 4298 1735 4369 magni
1796 4300 1923 4365 viri,

2027 3192 2209 3241 utrum
2235 3185 2374 3242 sciat
2390 3185 2516 3255 quis
2540 3184 2753 3241 dederit
2778 3185 3253 3241 vehementissimo
3287 3184 3451 3241 imbri
3493 3199 3619 3241 cur-

2027 3295 2167 3347 sum,
2226 3289 2283 3336 et
2310 3280 2455 3336 viam
2482 3281 2727 3338 sonantis
2755 3279 3000 3335 tonitrui.
3055 3278 3151 3334 Isti
3201 3286 3383 3334 autem
3425 3284 3620 3334 contra

2027 3385 2169 3440 Quos
2221 3386 2407 3427 sermo
2465 3378 2570 3437 est,
2620 3371 2921 3427 ostendunt
2964 3369 3121 3425 nobis
3170 3367 3531 3424 homunculos
3584 3383 3619 3422 a

2028 3466 2341 3531 sanctitate,
2366 3463 2602 3533 iustitia,
2626 3472 2684 3518 et
2710 3463 2977 3533 sapientia
3003 3461 3228 3526 alienos,
3259 3476 3292 3516 a
3315 3460 3421 3516 ﬁde
3449 3469 3505 3516 et
3523 3476 3620 3518 ve-

2028 3555 2191 3611 ritate
2238 3555 2432 3621 nudos,
2482 3553 2728 3614 odibiles.
2762 3553 2930 3609 etiam
2990 3551 3278 3622 proximis,
3322 3566 3359 3606 a
3419 3552 3619 3621 quibus

2029 3646 2216 3702 dicant
2243 3645 2749 3703 vehementissimos
2782 3645 3010 3710 imbres,
3046 3644 3296 3701 sonantia
3331 3658 3488 3713 aqua:
3537 3653 3621 3701 to-

2029 3738 2232 3801 nitrua,
2278 3745 2335 3792 et
2361 3737 2633 3793 Ievatitias
2677 3752 2841 3793 auras
2868 3752 3026 3807 posse
3055 3736 3194 3795 ﬁeri.
3241 3736 3502 3793 Dominus
3526 3736 3612 3791 di-

2028 3828 2106 3883 cit
2147 3843 2206 3883 se
2232 3828 2349 3884 haec
2401 3842 2740 3899 praeparasse
2784 3828 2841 3883 in
2901 3836 3113 3898 tempus
3156 3827 3348 3893 hostis,
3404 3827 3459 3883 id
3505 3836 3616 3895 est,

2029 3920 2101 3975 ad
2148 3920 2462 3977 vindictam.
2512 3920 2606 3976 Isti
2642 3921 2864 3976 eosdem
2899 3921 3048 3991 ipsos
3084 3919 3270 3975 hostes
3304 3927 3468 3990 atque
3515 3920 3617 3975 ad-

2029 4014 2301 4069 versarios
2334 4013 2608 4085 aequitatis
2630 4013 2711 4084 (in
2750 4013 2955 4083 quibus
2976 4028 3143 4083 quam
3172 4012 3429 4077 maxime,
3490 4022 3614 4082 post

2030 4106 2125 4160 eos
2149 4104 2242 4172 qui
2272 4104 2535 4159 terminos
2565 4103 2919 4167 transfumat,
2960 4102 3214 4157 auferunt
3258 4116 3362 4172 pro
3390 4102 3620 4171 pignore

2028 4192 2221 4250 bovem
2270 4192 2478 4259 viduae,
2546 4194 2784 4249 lacertos
2838 4191 3165 4264 pupillorum
3214 4191 3621 4257 comminuunt,

2028 4284 2204 4340 nudos
2227 4284 2509 4340 dimittunt
2529 4285 2783 4340 homines
2817 4283 3015 4353 quibus
3058 4296 3168 4337 non
3208 4289 3294 4337 est
3313 4280 3621 4349 operimen-

328 4386 461 4456 quia
514 4384 705 4441 similis
747 4385 799 4439 ei
848 4398 1013 4454 super
1050 4392 1254 4440 terram
1300 4386 1483 4441 nullus
1535 4395 1677 4453 erat,
1727 4389 1925 4460 quippe

2031 4382 2166 4438 tum,
2224 4387 2427 4443 egenos
2472 4372 2710 4428 educunt
2736 4371 2804 4427 de
2831 4371 3084 4427 domibus
3126 4383 3339 4434 eorum,
3366 4369 3619 4425 homines

331 4449 427 4551 qui
460 4480 601 4534 inter
648 4478 896 4534 homines
915 4449 1239 4534 .0rien‘tales
1282 4493 1512 4549 magnus
1545 4449 1712 4546 esset,
1744 4449 1920 4551 cmpit

2030 4463 2373 4528 conti-istaut,
2409 4461 2795 4519 vindicandum
2817 4460 2921 4535 est)
2963 4462 3150 4516 dicunt
3194 4475 3388 4519 eorum
3414 4459 3618 4519 habere

330 4584 520 4629 tamen
542 4587 664 4627 eum
692 4570 982 4626 humiliare
1006 4570 1378 4635 vehementer,
1404 4570 1714 4626 sublimiter
1739 4580 1922 4626 esten-

333 4665 511 4723 dendo
565 4663 643 4718 illi
680 4663 1101 4718 immensitatem
1146 4660 1401 4730 potentiae
1452 4674 1605 4727 sum,
1649 4668 1713 4714 ut
1749 4661 1921 4716 ﬁdelis

335 4756 571 4813 famulus
597 4753 973 4823 cognoscendo
1020 4751 1413 4807 inaestimabilis
1441 4758 1606 4820 atque
1633 4751 1923 4808 incircum-

333 4846 526 4919 scripti
555 4845 855 4902 conditoris
896 4841 1194 4898 ineﬂ‘abilia
1234 4842 1529 4912 magnalla,
1571 4842 1919 4914 semetipsum

337 4939 656 5010 despiceret.
716 4941 774 4991 et
1173 4932 1478 4998 inclinaret,
1510 4932 1671 4988 sicuti
1716 4943 1772 4990 et
1833 4936 1919 4990 fa-

334 5039 481 5087 ctum
507 5038 609 5086 est.
647 5026 782 5083 Nam
816 5026 921 5083 hoc
954 5025 1008 5080 in
1041 5025 1223 5081 verbis
1269 5026 1388 5097 ejus
1438 5035 1686 5098 apparet,
1719 5029 1919 5099 quibus

335 5121 413 5175 ait
442 5138 455 5173 :
488 5119 698 5173 Idcirco
720 5118 827 5189 ipse
854 5132 935 5172 me
972 5114 1312 5186 reprehendo,
1345 5125 1393 5170 et
1430 5132 1529 5187 ago
1557 5118 1918 5187 panitentiam

338 5211 392 5264 in
423 5209 603 5279 favilla
623 5220 673 5263 et
699 5210 870 5263 cinere
895 5205 1018 5280 (Job
1065 5220 1199 5271 χιιι,
1230 5205 1308 5276 6).
1338 5206 1493 5273 Quod
1530 5207 1635 5261 alia
1691 5206 1924 5262 transla-

336 5301 412 5355 tio
461 5302 700 5368 apertius
719 5298 984 5366 declarat,
1008 5297 1199 5353 dicens
1228 5313 1243 5351 :
1274 5296 1500 5368 Despesi
1540 5298 1918 5368 memetipsum,

335 5400 389 5448 et
412 5390 661 5455 distabui,
693 5398 742 5445 et
774 5391 1031 5446 testimoni
1053 5399 1348 5446 meterram
1382 5400 1431 5444 et
1451 5391 1698 5445 cinerem.
1726 5388 1785 5444 In
1818 5389 1923 5445 hac

336 5497 472 5555 ergo
534 5481 929 5547 humiliatione,
982 5496 1107 5538 cum
1150 5482 1496 5553 omnipotens
1542 5481 1688 5536 Deus
1741 5480 1931 5537 scisci-

344 5580 554 5631 taretur
602 5570 814 5627 ﬁdelem
840 5570 1122 5639 famulum,
1150 5583 1332 5629 utrum
1357 5572 1457 5628 ista
1504 5574 1600 5627 aut
1634 5571 1724 5627 illa
1751 5570 1937 5628 facere

338 5670 524 5737 posset
567 5669 661 5718 aut
683 5668 869 5719 nosset
890 5660 1014 5734 quis
1040 5660 1251 5731 fecerit,
1281 5670 1376 5718 aut
1414 5662 1508 5719 ubi
1537 5668 1684 5718 esset
1710 5662 1931 5733 quiaudo

2025 4561 2369 4625 potestatem,
2421 4568 2541 4623 qum
2587 4553 2850 4608 Dominus
2901 4553 2970 4607 ad
3022 4552 3319 4608 vindictam
3376 4552 3619 4609 hostium

2025 4658 2251 4701 suorum
2272 4644 2615 4713 praeparavit.
2638 4642 2900 4698 Dominus
2921 4657 2981 4698 se
3004 4642 3135 4697 dicit
3160 4641 3357 4712 pluvia:
3372 4648 3611 4711 patrem,

2025 4742 2081 4790 et
2106 4733 2228 4805 gelu
2269 4734 2337 4789 de
2377 4733 2517 4791 coelo
2569 4748 2628 4789 se
2675 4746 2966 4804 generasse
3007 4731 3317 4788 conﬁrmat.
3362 4732 3455 4787 lsti
3507 4732 3617 4787 mi-

2025 4823 2285 4880 serrimos
2322 4823 2605 4879 hominum
2638 4821 2827 4877 dicunt
2873 4820 3075 4877 habere
3112 4833 3364 4890 magnam
3410 4819 3619 4890 portio—

2025 4929 2150 4969 nem
2201 4912 2361 4982 hujus
2408 4910 2845 4982 dispensationis.
2895 4908 3050 4977 Quod
3089 4909 3148 4967 in
3198 4908 3617 4964 similitudinem

2020 5002 2217 5074 lapidis
2262 5016 2419 5072 aqum
2456 5002 2745 5067 durantur,
2788 4999 3052 5057 Dominus
3096 4998 3254 5055 nobis
3306 4998 3621 5053 mirandum

2020 5093 2292 5165 proponit.
2344 5091 2460 5147 Hoc
2484 5092 2531 5149 si
2551 5091 2621 5147 ad
2664 5091 2882 5146 libitum
2931 5090 3366 5145 miserrimorum
3418 5087 3617 5144 borum

2020 5187 2302 5243 bmuinum
2331 5185 2622 5256 aliquando
2654 5183 2773 5245 ﬁeri
2794 5192 3001 5256 posset,
3047 5184 3237 5257 procul
3293 5182 3455 5240 dubio
3513 5182 3619 5239 mi-

2020 5260 2257 5331 randum
2281 5291 2388 5331 non
2414 5283 2580 5331 esset.

2098 5384 2217 5439 XV.
2253 5383 2382 5440 Hac
2422 5382 2654 5441 stultitia
2686 5390 2771 5440 est
2810 5381 2993 5454 partio
3037 5397 3149 5438 non
3173 5382 3399 5439 minima
3425 5380 3621 5439 inlide-

2027 5473 2229 5542 litatis;
2280 5486 2338 5531 et
2382 5475 2437 5531 in
2466 5483 2681 5532 sanum
2710 5474 2915 5532 mlum
2938 5476 3085 5533 istud
3110 5474 3227 5546 jam
3271 5474 3528 5540 adolevit,
3554 5479 3623 5529 ut

2028 5569 2084 5624 in
2124 5567 2401 5639 plerisque
2429 5567 2564 5624 locis
2618 5567 2731 5623 sint
2767 5567 3019 5623 homines
3066 5564 3384 5630 miserrimi,
3420 5564 3515 5634 qui
3541 5563 3618 5619 die

2030 5668 2154 5717 cant
2195 5675 2385 5718 senon
2430 5661 2684 5732 equidem
2710 5675 2872 5719 nosse
2902 5659 3203 5719 immittere
3235 5667 3613 5731 tempestates.
