4040 6182
338 275 436 329 151
1368 276 1499 332 [ΔΒ.
1539 277 1628 333 DE
1666 277 1911 334 GRANDJ

2013 279 2022 333 ἰ
2062 279 2149 335 ΕΤ
2191 281 2582 340 TONITRUIS.
3518 289 3620 346 158

331 391 429 447 sed
487 405 651 447 nosse
681 399 868 448 tamen
911 389 1201 448 defendere
1249 407 1280 448 a
1307 400 1628 462 tempestate
1661 393 1926 448 habitato-
1952 396 2006 456 Α
2030 395 2277 463 quzedam
2309 396 2556 462 stultitia,
2587 411 2710 452 cum
2739 407 2882 454 esset
2908 398 3213 454 mortalitas
3237 400 3420 468 boum,
3455 412 3516 458 nt
3541 403 3618 460 di-

331 501 426 540 res
462 483 587 540 loci.
638 483 736 538 His
775 482 980 538 habent
1026 491 1293 538 statutum
1337 493 1602 553 quantum
1643 486 1709 541 de
1755 483 1927 556 frugi-
2031 492 2218 539 cereut
2247 483 2638 567 hCrimaldum
2675 488 2872 544 ducem
2901 489 3328 546 Beneventorum
3360 499 3618 551 transmi-

330 577 436 629 bus
465 573 578 629 suis
607 575 829 639 donent,
857 581 912 628 et
938 586 962 613 ι
995 573 1268 645 appellant
1289 575 1393 630 hoc
1413 576 1752 632 canonicum.
1778 575 1926 630 Ilulti
2030 574 2173 629 sisse
2208 575 2454 632 homines
2478 593 2601 632 cum
2628 579 2962 648 pulveribus,
3004 596 3140 650 quos
3177 596 3494 654 spargerent
3517 601 3618 656 per

329 681 462 720 vero
485 671 614 720 sunt
660 663 752 733 qui
805 673 1000 733 sponte
1049 666 1424 722 sacerdotibus
1479 666 1747 722 decimam
1784 683 1924 722 nun-

326 757 756 827 quam'donant,
803 756 983 812 viduis
1023 765 1078 812 et
1113 759 1372 828 orphanis
1422 760 1742 830 exterisque
1786 759 1926 815 indi-

326 847 583 915 gentibus
637 847 1013 918 eleemosynas
1047 863 1154 902 non
1181 849 1444 915 tribuunt,
1509 865 1629 920 quae
1671 850 1777 904 illis
1821 849 1928 906 fre-

325 946 559 1008 quenter
589 939 980 1008 praedicantur,
1039 940 1232 996 crebro
1276 941 1552 1012 leguntur,
1595 942 1824 998 subinde
1855 942 1923 997 ad

326 1030 448 1084 hzee
484 1028 864 1094 exhortantur,
919 1037 976 1084 et
1021 1044 1128 1084 non
1169 1032 1541 1100 acquiescant.
1589 1030 1923 1088 Canonicum

324 1130 512 1176 autem
542 1136 705 1191 quem
754 1121 963 1188 dicunt,
995 1122 1107 1177 suis
1142 1123 1519 1180 defensoribus
1551 1124 1602 1196 (a
1635 1125 1834 1195 quibus
1857 1139 1918 1182 se

324 1212 550 1268 defendi
600 1212 830 1276 credunt
875 1228 907 1267 a
964 1215 1307 1287 tempestate)
1368 1216 1514 1271 nullo
1568 1218 1918 1287 praedicante,

324 1307 475 1361 nullo
528 1306 879 1372 admonente,
935 1307 1020 1362 vel
1062 1308 1406 1374 exhortante,
1455 1320 1648 1379 sponte
1710 1311 1922 1380 persol-

324 1407 483 1464 vunt,
532 1399 750 1454 diabolo
773 1399 1066 1456 inliciente.
1100 1400 1343 1471 Denique
1369 1403 1422 1456 in
1454 1386 1650 1458 talibus
1671 1417 1737 1457 ex
1765 1411 1922 1472 parte

323 1510 581 1566 magnam
641 1511 792 1566 spem
840 1495 1044 1551 habent
1095 1497 1220 1550 vitae
1255 1511 1388 1559 suae,
1433 1497 1592 1566 quasi
1647 1510 1748 1564 per
1801 1495 1922 1552 illos

320 1586 536 1639 vivant.
577 1585 692 1640 Hoc
738 1602 845 1641 non
875 1594 961 1641 est
995 1587 1194 1657 portio,
1243 1587 1341 1642 sed
1370 1586 1483 1641 fere
1512 1586 1796 1656 plenitudo
1819 1587 1917 1640 in-

323 1676 632 1743 ﬁdelitatis,
671 1687 727 1733 et
778 1678 826 1733 si
881 1677 1168 1750 diligenter
1218 1679 1659 1743 consideramus,
1714 1679 1921 1748 absque

2027 680 2271 736 campos,
2303 676 2358 721 et
2387 677 2621 733 montes,
2653 677 2830 738 prata,
2875 679 2930 724 et
2957 671 3156 738 fontes,
3192 688 3258 728 eo
3305 676 3447 744 quod
3471 685 3620 732 esset

2029 769 2053 796 ο
2086 757 2336 813 inimicus
2364 757 2828 816 Christianissimo
2854 762 3165 832 imperatori
3194 765 3407 832 Carolo,
3459 776 3514 822 et
3551 771 3619 824 de

2027 847 2145 918 ipso
2170 865 2360 920 sparso
2389 851 2609 921 pulvere
2639 853 2775 907 mori
2808 852 2974 908 boves
3009 873 3020 907 :
3052 864 3273 926 prepter
3296 873 3459 926 quam
3485 875 3615 914 cau-

2027 953 2145 994 sam
2185 941 2385 996 multos
2425 943 2849 1011 comprehensos
2894 945 3230 1009 audivimus,
3259 956 3315 1001 et
3356 949 3612 1016 vidimus,

2025 1039 2081 1086 et
2107 1032 2319 1103 aliquos
2344 1034 2574 1100 occisos,
2605 1035 2895 1106 plerosque
2915 1045 3094 1092 autem
3122 1037 3312 1093 affixos
3337 1040 3532 1095 tabulis
3563 1042 3618 1096 in

2024 1120 2224 1177 ﬂumen
2275 1123 2581 1192 projeetos,
2611 1133 2774 1195 atque
2813 1136 3052 1183 necatos.
3087 1129 3181 1195 Et,
3227 1131 3371 1200 quod
3419 1132 3618 1187 mirum

2024 1213 2182 1269 valde
2211 1224 2295 1270 est
2317 1255 2333 1281 ,
2365 1218 2783 1286 comprehensi,
2831 1219 2932 1289 ipsi
2961 1220 3248 1275 adversum
3280 1237 3338 1277 se
3367 1224 3620 1280 dicebant

2024 1305 2397 1360 testimonium
2417 1347 2431 1371 ,
2465 1306 2665 1362 habere
2697 1324 2757 1362 se
2785 1309 2949 1364 talem
2971 1310 3250 1380 pulverem
3271 1353 3286 1377 ,
3314 1321 3370 1366 et
3396 1329 3617 1386 sparge-

2023 1411 2104 1451 re.
2147 1395 2227 1450 lta
2259 1412 2498 1466 namque
2532 1397 2780 1454 diabolus
2800 1438 2814 1463 ,
2841 1399 3054 1456 occulto
3095 1410 3150 1455 et
3171 1402 3321 1471 justo
3351 1403 3448 1458 Dei
3469 1403 3617 1472 judi-

2023 1489 2131 1554 cio,
2153 1497 2377 1558 accepta
2403 1489 2456 1543 in
2488 1488 2607 1544 illos
2630 1497 2930 1559 potestate,
2984 1498 3193 1556 tantum
3217 1493 3296 1548 eis
3323 1495 3617 1553 succedere

2022 1577 2256 1643 valebat,
2279 1587 2339 1632 ut
2361 1563 2461 1648 ipsi
2489 1579 2589 1633 sibi
2617 1588 2800 1634 essent
2823 1588 2990 1636 testes
3014 1579 3234 1636 fallaces
3254 1583 3322 1637 ad
3344 1589 3612 1653 mortem;

2024 1680 2081 1728 et
2106 1687 2280 1743 neque
2308 1671 2610 1743 disciplina,
2650 1688 2827 1742 neque
2857 1681 3088 1738 tortura,
3117 1691 3293 1745 neque
3326 1677 3440 1746 ipsa
3467 1692 3617 1733 mors

321 1770 582 1840 ambiguo
620 1747 1096 1840 pronuntiabimus
1144 1770 1197 1825 id
1247 1770 1638 1841 plenitudinem
1677 1785 1800 1826 esse
1833 1747 1921 1825 fin.
1948 1747 1994 1808 Β
2021 1761 2335 1816 deterrebat
2361 1761 2482 1816 illos
2502 1802 2518 1822 .
2549 1770 2609 1816 ut
2638 1763 2924 1818 adversum
2966 1765 3288 1835 semetipsos
3313 1765 3507 1820 falsum
3535 1769 3616 1824 di-

319 1861 621 1917 fidelitatis.
693 1862 828 1917 Tres
875 1875 1109 1932 namque
1160 1863 1392 1918 virtutes
1422 1871 1566 1927 sunt,
1616 1863 1918 1918 secundum

321 1953 641 2024 Seripturas
671 1955 905 2021 divinas,
955 1955 1010 2009 in
1039 1955 1236 2024 quibus
1267 1963 1414 2010 totus
1433 1953 1916 2026 comprehenditur

315 2046 522 2110 cultus,
557 2062 655 2117 per
703 2062 838 2116 quas
872 2048 1070 2103 colitur
1105 2048 1268 2112 Deus,
1319 2049 1374 2104 id
1422 2055 1543 2113 est,
1588 2047 1746 2112 ﬁdes,
1768 2061 1917 2118 spes,

315 2138 585 2193 Charitas.
619 2138 938 2208 Quicunque
965 2140 1130 2209 igitur
1151 2139 1312 2195 fidem
1337 2149 1396 2196 et
1417 2155 1569 2209 spem
1605 2155 1761 2194 suam
1795 2155 1920 2210 par-

314 2230 460 2284 titus
487 2227 665 2292 fuerit,
700 2239 762 2283 ut
783 2245 852 2284 ex
881 2237 1037 2299 parte
1087 2231 1277 2285 credat
1303 2231 1358 2285 in
1412 2231 1606 2296 Deum,
1663 2245 1730 2285 ex
1760 2238 1918 2300 parte

312 2322 511 2376 credat
536 2320 816 2376 hominum
856 2334 980 2374 esse
1033 2334 1154 2388 quae
1203 2318 1300 2374 Dei
1349 2329 1495 2386 sunt,
1548 2328 1605 2375 et
1639 2335 1708 2374 ex
1761 2327 1917 2389 parte

311 2420 504 2481 speret
555 2413 615 2466 in
639 2413 770 2476 Deo,
817 2426 886 2466 ex
918 2418 1076 2479 parte
1115 2418 1296 2465 autem
1344 2413 1620 2480 speret'in
1668 2412 1913 2478 homine,

311 2502 484 2570 huius
528 2500 776 2571 profecto
828 2500 990 2556 ﬁdem
1030 2507 1087 2554 et
1124 2515 1278 2570 spem
1341 2500 1571 2556 divisam
1619 2517 1728 2556 non
1769 2502 1919 2557 acci-

309 2595 398 2664 pit
442 2591 623 2656 Deus;
676 2606 743 2646 ac
766 2606 863 2660 per
890 2591 994 2646 hoc
1033 2591 1180 2644 inter
1203 2589 1390 2646 ﬁdeles
1427 2593 1639 2646 censeri
1687 2607 1796 2647 non
1823 2608 1917 2663 po-

310 2691 462 2749 test;
503 2692 562 2738 et
605 2697 767 2753 quem
803 2683 1004 2754 partita
1051 2682 1188 2738 ﬁdes
1220 2689 1276 2738 et
1304 2698 1428 2754 spes
1464 2699 1496 2739 a
1523 2699 1754 2740 numero
1783 2684 1916 2741 lide-

310 2779 454 2834 lium
483 2777 755 2844 ‘sccernit,
783 2791 986 2848 vorago
1012 2775 1201 2847 procul
1245 2776 1410 2833 dubio
1447 2775 1785 2834 inﬁdelitatis
1825 2778 1920 2835 ah-

313 2870 543 2935 sorbet;
589 2869 894 2939 meritoque
947 2869 1074 2924 talis
1127 2868 1476 2926 maledictum
1508 2869 1640 2926 illud
1681 2871 1916 2926 incurrit

311 2959 600 3030 propheta!
629 2959 856 3015 dicentis
885 2973 902 3013 :
934 2958 1249 3014 Maledicta
1282 2960 1436 3015 homo
1479 2963 1570 3033 qui
1592 2978 1734 3032 spem
1757 2977 1913 3018 suam

309 3050 466 3120 ponit
493 3050 548 3104 in
568 3050 795 3105 homine.
839 3047 1025 3119 Neque
1047 3064 1177 3105 vero
1205 3049 1516 3105 blandiatur
1541 3051 1645 3107 sibi
1679 3052 1908 3108 dicens:

2019 1868 2144 1908 cere
2172 1869 2281 1909 non
2315 1855 2597 1909 auderent.
2631 1853 2745 1909 Hoc
2771 1855 2845 1908 ita
2871 1854 2940 1909 ab
2966 1855 3219 1910 omnibus
3243 1857 3570 1913 credebatur
3591 1898 3608 1923 ,

2019 1953 2082 2000 ut
2115 1960 2252 2015 pene
2277 1947 2435 2016 pauci
2480 1955 2666 2002 essent
2691 1947 2889 2016 quibus
2932 1948 3378 2004 absurdissimum
3402 1949 3614 2004 videre-

2019 2045 2126 2092 tur.
2171 2035 2284 2092 Nee
2307 2037 2704 2092 rationabiliter
2738 2039 3044 2106 pensabant
3089 2037 3232 2094 unde
3273 2038 3392 2094 ﬁeri
3426 2046 3615 2110 posset

2018 2125 2142 2181 talis
2166 2126 2362 2196 pulvis,
2399 2128 2466 2182 de
2501 2143 2608 2197 quo
2641 2129 2742 2183 soli
2767 2128 2934 2184 boves
2965 2138 3327 2195 morerentur,
3367 2145 3473 2185 non
3506 2145 3610 2186 can-

2018 2227 2136 2274 tera
2173 2219 2428 2274 animalia
2461 2237 2472 2272 :
2503 2229 2598 2274 aut
2631 2221 2902 2290 quomodo
2921 2222 3127 2291 portari
3154 2231 3340 2293 posset
3364 2237 3464 2292 per
3497 2233 3607 2279 tam

2016 2309 2309 2367 latissimas
2350 2311 2618 2382 regiones,
2653 2327 2789 2382 quas
2825 2327 3245 2384 superspargere
3292 2314 3610 2384 pulveribus

2017 2400 2264 2457 homines
2292 2417 2398 2457 non
2429 2411 2692 2473 possunt,
2723 2419 2827 2460 nec
2867 2405 2912 2460 si
2941 2403 3306 2461 Beneventani
3329 2407 3432 2461 viri
3453 2415 3509 2462 et
3528 2405 3608 2462 fe-

2016 2492 2197 2557 minas,
2237 2507 2394 2548 senes
2420 2502 2477 2548 et
2499 2492 2730 2561 juvenes
2751 2534 2767 2560 ,
2795 2510 2919 2550 cum
2967 2495 3138 2551 ternis
3167 2497 3341 2552 carris
3390 2497 3611 2566 pulvere

2015 2585 2300 2640 carriCatis
2341 2586 2547 2656 egressi
2590 2587 2656 2641 de
2705 2589 2928 2658 regione
2969 2587 3222 2644 fuissent.
3273 2587 3444 2642 Tanta
3493 2587 3606 2657 jam

2015 2676 2240 2732 stultitia
2286 2677 2559 2746 oppressit
2607 2677 2866 2734 miserum
2891 2679 3150 2734 mundum
3172 2718 3187 2742 ,
3227 2687 3288 2732 ut
3331 2693 3476 2734 nunc
3527 2678 3608 2735 sic

2015 2768 2250 2824 absurde
2279 2782 2370 2823 res
2413 2767 2710 2824 credantur
2737 2783 2772 2824 a
2819 2765 3178 2834 Christianis,
3228 2767 3416 2838 quales
3469 2785 3608 2825 nun-

2015 2875 2179 2931 quam
2207 2869 2366 2914 antea
2415 2859 2483 2915 ad
2521 2859 2854 2916 credendum
2882 2868 3097 2930 poterat
3141 2861 3427 2931 quisquam
3477 2876 3604 2918 aua-

2015 2949 2146 3007 dere
2171 2950 2398 3022 paganis
2418 2960 2721 3007 creatorem
2752 2951 2997 3008 omnium
3023 2951 3421 3022 ignorantibus.
3449 2951 3604 3008 Hane

2015 3043 2202 3113 itaque
2228 3058 2343 3098 rem
2378 3051 2667 3114 propterea
2704 3042 2770 3098 ad
2810 3042 3049 3099 medium
3077 3043 3399 3099 deduximus
3423 3082 3439 3109 ,
3478 3044 3606 3112 quia

311 3105 492 3212 δίωξίς
511 3157 670 3212 spero
701 3141 755 3195 in
784 3142 897 3196 Deo
923 3105 1090 3210 quam
1139 3141 1193 3194 in
1227 3141 1447 3196 homine
1469 3159 1481 3194 :
1507 3105 1634 3210 quia
1662 3105 1914 3212 spes
1937 3105 1984 3167 (δ
2015 3105 2144 3188 huic
2177 3133 2320 3188 unde
2366 3105 2642 3202 loquimur
2685 3132 2882 3188 similis
2909 3141 3027 3199 est,
3065 3142 3121 3192 et
3171 3133 3256 3188 vel
3293 3105 3603 3204 exemplum

313 3240 505 3303 partes
531 3231 696 3286 dividi
721 3247 827 3288 non
859 3239 1058 3301 potest.
1090 3229 1199 3285 Aut
1223 3231 1368 3286 enim
1389 3240 1501 3286 tota
1521 3232 1646 3299 erit,
1681 3241 1738 3288 et
1761 3242 1910 3301 tuta;

314 3331 416 3380 aut
469 3326 646 3378 intuta
698 3323 824 3387 erit,
875 3332 930 3378 et
968 3323 1135 3378 nulla.

386 3413 529 3471 XVI.
577 3415 722 3470 Ante
775 3415 876 3471 hos
937 3431 1142 3486 paucos
1194 3430 1368 3472 annos
1419 3417 1774 3474 disseminata
1827 3429 1916 3478 est

2015 3233 2232 3296 poterat
2268 3213 2509 3282 tribuere
2537 3227 2604 3281 de
2647 3224 2794 3280 inani
2823 3224 3140 3281 seductione
3165 3236 3220 3282 et
3253 3241 3384 3284 vera
3410 3241 3606 3284 sensus

2015 3322 2394 3378 diminutione.

1684 3529 1954 3587 BALUZII
1993 3528 2229 3586 NOTAS.

389 3648 416 3676 ι
447 3635 729 3712 Appellari;
754 3638 851 3691 hoc
882 3638 1216 3712 canonicum,
1256 3637 1513 3712 nimirum
1547 3653 1667 3694 eam
1693 3639 1906 3712 frugum

317 3706 643 3777 mrtionem,
689 3723 809 3777 qua)
838 3709 1206 3777 tempestariis
1244 3709 1583 3763 tribuebatur
1628 3706 1904 3766 annuatim

317 3792 350 3830 a
378 3779 806 3847 possessoribus,
835 3786 899 3832 ut
923 3781 992 3832 ab
1018 3780 1162 3850 agris
1192 3794 1382 3834 eorum
1414 3779 1748 3850 depellerent
1769 3791 1909 3838 tem-

401 3856 580 3902 states.

401 3862 580 3902 ‘tates.

315 3862 418 3956 Pe:
467 3915 799 3990 Grinialdum
841 3917 1026 3972 ducem
1082 3918 1517 3990 Benevengtorum.
1564 3919 1682 3973 Duo
1719 3935 1817 3990 per
1842 3938 1905 3977 ea

316 3995 563 4055 tempora
587 3987 1089 4058 Beneventanorum
1111 3990 1276 4044 duces
1307 3988 1478 4053 fuere,
1513 3987 1742 4058 quorum
1769 3993 1906 4045 utri-

314 4073 424 4128 que
469 4072 666 4112 nomen
707 4057 806 4112 fuit
842 4058 1138 4124 Grimaldo,
1190 4067 1247 4113 et
1296 4057 1544 4128 quorum
1571 4059 1712 4113 alter
1747 4061 1905 4117 alteri

319 4127 605 4183 successit.
651 4127 957 4184 Chronicon
988 4130 1160 4184 sancti
1196 4129 1466 4186 Vincentii
1503 4131 1569 4184 de
1598 4129 1901 4186 Vulturno:

325 4217 344 4249 ε
394 4197 657 4253 Defuncto
685 4200 879 4253 dehinc
904 4200 1121 4255 Arichis
1141 4201 1282 4270 apud
1313 4199 1699 4270 Beneventum,
1736 4201 1907 4256 Bene-

319 4273 676 4324 v'cntanorum
721 4270 968 4339 precibus
994 4269 1338 4326 Grimo’aldus
1369 4287 1398 4323 a
1430 4269 1624 4326 Carolo
1655 4281 1904 4341 receptus

317 4348 627 4422 revocatur,
658 4348 713 4395 et
753 4344 1042 4422 paternum
1072 4342 1187 4410 ipse
1218 4342 1459 4422 suscepit
1495 4342 1767 4396 ducatum.
1799 4343 1904 4422 iste

315 4409 945 4499 mnl‘tapdona‘eeclesiis
991 4419 1044 4499 et
1086 4409 1432 4499 monasteriis
1478 4426 1757 4499 servorum
1805 4412 1900 4499 Dei
1927 4439 1979 4499 Β

315 4479 562 4551 contulit,
587 4482 684 4536 sed
700 4481 969 4551 praecipue
991 4483 1291 4538 beatissimi
1314 4482 1605 4537 Vincentii.
1629 4480 1901 4536 Grimoal-

315 4549 383 4603 do
426 4565 557 4603 vero
603 4549 787 4606 nostro
823 4549 1074 4618 mortuo,
1117 4553 1253 4606 alter
1301 4551 1643 4607 Grimoaldns
1687 4553 1904 4606 cxadel-

313 4619 456 4688 phus
496 4621 866 4693 ciAsu‘ccedit;
917 4632 973 4677 et
1013 4624 1115 4677 hoc
1145 4623 1455 4684 decedente,
1487 4621 1614 4676 Sico
1638 4623 1901 4693 subroga-

314 4699 424 4764 t_ur.
451 4708 502 4764 _a
554 4689 632 4764 De
687 4693 871 4762 priore
925 4694 1327 4764 intelligendum
1378 4692 1690 4764 putpqugd
1739 4689 1902 4747 tradit

314 4759 656 4830 Eginhardus
680 4759 749 4817 ad
785 4779 986 4818 annum
1012 4759 1121 4820 8οξ
1147 4782 1160 4817 :
1199 4781 1218 4814 ι
1255 4759 1597 4818 Grimoaldus
1628 4762 1903 4817 Beneven-

315 4837 576 4903 tanor_um
598 4832 705 4887 dux
730 4873 746 4898 ,
777 4833 952 4902 inquit
978 4875 991 4895 ,
1022 4835 1074 4887 in
1109 4832 1340 4888 Nuceria
1370 4833 1698 4903 Winigisum
1729 4833 1899 4903 comi-

315 4908 425 4974 tem
454 4899 663 4974 Spoleti
691 4945 705 4968 ,
739 4904 832 4973 qui
856 4899 1114 4973 praesidio
1143 4911 1375 4974 prmerat
1393 4943 1406 4966 ,
1436 4899 1661 4974 adv'ersa
1688 4901 1895 4974 valetu-

313 4971 439 5024 dine
475 4970 772 5043 fatigatum'
802 4970 1042 5036 obsedit,
1087 4970 1158 5029 et'
1192 4975 1244 5028 in
1292 4973 1621 5043 deditionem
1670 4973 1901 5043 accepit,

312 5041 640 5112 captumque
663 5044 961 5100 honoriﬁce
1001 5044 1240 5098 habuit.»
1271 5042 1470 5098 Eadem
1499 5056 1712 5112 quoque
1742 5041 1906 5096 habet

311 5121 508 5165 auctor
531 5112 821 5168 Annalium
853 5113 909 5168 8.
950 5114 1172 5168 Bertini.
1214 5113 1490 5168 Posterior
1520 5120 1702 5166 autem
1734 5112 1904 5166 inter-

313 5182 491 5254 fer_tus
535 5191 618 5236 est
656 5200 799 5239 anno
843 5186 971 5248 8l8,
1021 5193 1079 5238 ut
1118 5185 1283 5254 habet
1315 5183 1470 5254 idem,
1497 5181 1839 5254 Egiuhardus
1883 5200 1896 5235 :

319 5250 972 5325 u_linperator,inquit,
1031 5270 1153 5309 cum
1216 5250 1589 5325 Haristallium
1633 5252 1894 5317 venisset,

309 5321 502 5397 obvios
515 5323 714 5397 habuit
737 5321 939 5396 legatos
963 5325 1177 5397 Sigonis
1193 5325 1346 5379 ducis
1370 5324 1896 5397 Beneventanorum,

311 5391 452 5445 dona
494 5391 835 5466 deferentes',
877 5391 1108 5466 eumque
1137 5395 1204 5451 de
1235 5409 1365 5450 nece
1403 5391 1704 5466 Grimoaldi
1745 5391 1900 5466 ducis

313 5464 678 5524 antecesseris
721 5467 804 5522 sui
841 5461 1182 5525 excusantes.
1219 5485 1252 5540 ,ι
1290 5466 1411 5522 Vita
1452 5461 1708 5520 Ludovici
1748 5461 1831 5520 Pii
1878 5477 1894 5516 :

2021 3661 2040 3694 ι
2081 3640 2382 3716 Imperator
2423 3654 2527 3716 per
2559 3637 3030 3716 Rothomagumet
3061 3637 3596 3716 Ambianumurbem

2017 3709 2384 3767 recto—itinere
2411 3709 2470 3764 se
2501 3709 2845 3778 Aquisgraui'
2865 3709 2930 3763 ad
2959 3709 3183 3763 hihern‘a
3221 3709 3467 3764 contulit.
3498 3710 3600 3764 Cui

2014 3781 2339 3843 revertenti,
2377 3788 2432 3834 et
2453 3778 2818 3834 Heristallium
2851 3779 3111 3847 palatium
3138 3778 3382 3841 intranti,
3410 3794 3600 3834 oecur-

2014 3866 2137 3908 rere
2169 3852 2320 3906 missi
2369 3848 2586 3919 Sigonis
2624 3848 2990 3919 Beneventani
3020 3848 3206 3914 ducis,
3255 3850 3396 3902 dona
3436 3864 3598 3919 quam

2016 3922 2252 3976 maxima
2298 3918 2634 3981 deferentes,
2676 3918 2951 3971 dominum
2993 3931 3150 3970 suum
3193 3933 3223 3970 a
3263 3925 3436 3971 morte
3475 3918 3600 3975 Cri-

2015 3991 2215 4046 moalili
2254 3988 2671 4060 przedecessoris
2706 3986 2786 4060 sui
2815 3993 3128 4060 purgantes.
3176 4005 3194 4038 ι
3238 3985 3467 4060 Deutro
3504 4005 3601 4043 au-

2007 4071 2133 4142 tem
2159 4057 2354 4142 horum
2399 4057 2661 4142 capienda
2699 4058 2769 4111 sit
2815 4057 3047 4142 historia
3081 4071 3244 4142 quam
3273 4058 3365 4142 hic
3407 4068 3597 4114 narrat

2001 4129 2319 4202 Agobardus
2339 4170 2353 4194 ,
2389 4126 2808 4202 afﬁrmare‘non
2833 4129 2979 4202 licet.
3007 4126 3242 4202 Facilius
3270 4136 3450 4202 tamen
3480 4146 3597 4202 cre-

1999 4197 2227 4257 diderim
2254 4201 2366 4255 haec
2390 4201 2442 4253 in
2467 4198 2658 4266 vulgus
2675 4197 2878 4266 jactata
2901 4199 3000 4252 sub
3024 4199 3202 4268 priore
3258 4197 3592 4255 Grimoaldo.

2003 4271 2129 4328 llaec
2163 4273 2305 4326 enim
2346 4278 2466 4324 acta
2494 4270 2594 4324 sub
2621 4268 2815 4324 Carolo
2853 4268 3064 4340 Magno.
3109 4268 3459 4324 Successerat
3501 4287 3596 4325 au-

2002 4351 2108 4398 tem
2153 4342 2388 4412 Arigiso,
2436 4341 2526 4412 qui
2569 4355 2715 4412 anno
2741 4341 2843 4396 787
2890 4347 3138 4394 mortuus
3184 4349 3291 4412 est,
3333 4348 3395 4395 ut
3428 4342 3594 4402 tradit

2006 4409 2345 4484 lzlginbardus
2371 4409 2763 4484 ingAnnalibus,
2799 4426 2869 4484 ac_
2877 4416 3009 4484 post
3031 4424 3157 4464 eum
3188 4410 3299 4484 alii.

2076 4477 2097 4524 ο
2142 4483 2398 4536 Inimicus
2425 4481 2559 4550 imp.
2586 4477 2800 4550 Carolo.
2852 4477 2990 4550 Hinc
3032 4488 3179 4550 patet
3202 4480 3399 4550 librum
3429 4480 3590 4534 istum

2004 4553 2173 4608 fuisse
2194 4553 2452 4622 scriptum
2476 4549 2528 4602 in
2550 4549 2707 4630 initio
2724 4550 2931 4630 imperii
2957 4549 3214 4630 [:u'tlovici
3244 4549 3363 4630 Pii;
3376 4550 3592 4630 quando

2005 4640 2196 4679 recens
2236 4618 2354 4676 erat
2395 4620 2656 4674 memoria
2693 4618 2817 4672 belli
2855 4619 2995 4686 quod
3035 4619 3295 4673 adversus
3324 4618 3594 4673 Grimoal-

2003 4696 2131 4749 dum
2159 4694 2666 4749 Beneventanorum
2704 4689 2896 4742 ducem
2939 4686 3170 4741 feliciter
3201 4697 3410 4759 gestum
3447 4699 3533 4744 est
3559 4706 3591 4744 a

2002 4763 2196 4819 Carolo
2243 4762 2455 4833 Magno.
2509 4759 2849 4833 Eginhardus
2885 4759 2952 4812 ad
2981 4773 3182 4833 annum
3215 4758 3330 4814 812
3360 4777 3374 4812 :
3413 4778 3431 4810 ί
3473 4759 3591 4833 _Pax

2000 4850 2124 4889 cum
2145 4826 2365 4888 Abubai
2388 4846 2513 4902 rege
2536 4826 2961 4902 Sarracenorum
2977 4826 3135 4902 facta.
3154 4828 3178 4902 _l
3188 4839 3291 4884 tem
3313 4845 3434 4902 cum
3455 4831 3592 4902 duce

2004 4899 2504 4959 Beueventanorum
2529 4899 2872 4971 Grimoaldo;
2898 4909 2955 4954 et
2982 4899 3166 4954 tributi
3189 4901 3412 4971 nomine
3437 4901 3592 4971 quin.

2002 4989 2108 5045 que
2141 4983 2198 5029 et
2227 4974 2416 5046 viginti
2451 4971 2616 5025 millia
2650 4969 2942 5026 solidorum
2985 4971 3102 5046 a_uri
3129 4987 3158 5024 a
3186 4969 3589 5046 Beneventanis

2001 5040 2193 5100 soluta.
2245 5040 2708 5112 {Quamipacem
2745 5049 2938 5112 postea
2993 5040 3586 5112 firmavit_Ludovicus

2000 5116 2160 5180 Pius,
2203 5124 2263 5168 ut
2292 5109 2449 5168 docet
2485 5109 2825 5182 Eginhardus
2855 5111 2922 5182 ad
2965 5126 3166 5164 annum
3206 5110 3310 5182 8|;
3342 5129 3362 5182 :7
3389 5127 3406 5160 ι
3453 5109 3585 5166 Cum

1999 5179 2309 5241 Grimoaldo
2335 5179 2838 5239 Beneventanorum
2862 5181 2997 5236 duce
3025 5189 3242 5250 pactum
3267 5179 3396 5235 fecit
3425 5187 3587 5250 atque

1999 5257 2273 5319 limavit,
2305 5269 2370 5310 eo
2421 5252 2582 5306 modo
2605 5266 2713 5321 quo
2757 5258 2811 5305 et
2838 5248 3046 5321 pater;
3076 5248 3285 5321 scilicet
3317 5259 3378 5304 ut
3413 5248 3586 5321 Bene-

2003 5326 2223 5382 ventani
2263 5318 2526 5382 tributum
2562 5318 2720 5378 annis
2749 5318 2975 5392 singulis
3019 5320 3048 5373 7
3090 5318 3258 5374 millia
3291 5320 3587 5378 solidorum

2006 5398 2217 5454 darent.
2258 5414 2279 5452 ι
