4040 6182
394 250 499 308 υἷε]

1362 246 1421 303 S.
1461 243 1810 302 AGOBARD!
1849 240 2161 299 EHSCOPI
2199 236 2686 297 LUGDUNENSIS

3557 233 3658 289 160

1125 379 3659 408 W

1671 486 1970 571 ITEM
2027 484 2380 568 LIBER

1142 675 1466 741 CONTRA
1513 671 2050 734 OBJECTIONES
2095 667 2497 732 FREDIGISI
2553 663 2913 729 ABBATIS.

465 913 505 971 i.
550 909 1008 969 Reverentissimo
1048 921 1113 962 ac
1148 905 1466 961 beatissimo
1495 905 1715 960 domino
1744 912 1799 959 et
1840 903 1982 973 patri
2011 910 2062 968 Α
2087 904 2292 959 minum
2328 914 2574 961 nostrum
2603 904 2786 960 Iesum
2806 904 3089 959 Christum
3128 902 3338 960 caneris
3363 904 3676 964 hominm“.

399 1021 425 1049 ι
442 1005 735 1074 l‘redegiso
756 1001 957 1057 abbati.
973 998 1186 1054 Dudum
1212 996 1492 1051 modestiae
1512 1002 1711 1051 vestra:
1736 994 1984 1065 benigni-

400 1104 484 1150 tas
513 1094 802 1148 adversum
838 1104 956 1152 nos,
973 1085 1226 1157 peccatis
1251 1084 1453 1139 nostris
1472 1083 1832 1155 exigentibus,
1860 1097 1981 1137 mo-

400 1192 475 1246 ta,
509 1183 707 1239 talibus
748 1194 848 1235 nos
874 1176 1270 1232 invectionibus
1296 1173 1550 1245 perculit,
1595 1189 1717 1243 quae
1741 1173 1984 1229 lenitatis

396 1288 463 1327 ac
499 1269 828 1326 sinceritatis
862 1273 1062 1321 vestra:
1093 1265 1314 1319 modum
1342 1264 1607 1318 excedere
1627 1263 1946 1318 viderentur
1965 1303 1980 1329 ,

398 1364 503 1420 nisi
531 1364 584 1417 in
620 1358 930 1416 refellendis
952 1357 1111 1412 nobis
1130 1356 1228 1409 tali
1260 1355 1645 1426 redargutione
1669 1354 1981 1422 uteremini,

396 1470 518 1526 quis
543 1452 728 1510 verbis
750 1460 960 1506 tantum
989 1465 1020 1503 a
1041 1448 1197 1503 vobis
1230 1447 1585 1518 proferretur,
1611 1448 1776 1503 corde
1802 1455 1983 1502 tamen

396 1562 506 1603 non
536 1546 948 1616 approbaretur.
983 1540 1118 1595 Nam
1149 1540 1197 1595 si
1225 1539 1313 1594 illa
1342 1538 1525 1595 omnia
1549 1555 1671 1609 qum
1698 1540 1987 1595 adversum

397 1653 498 1693 nos
523 1633 849 1706 protulistis,
878 1640 933 1686 et
959 1646 1028 1687 ex
1046 1637 1206 1701 parte
1227 1630 1481 1693 finxistis,
1506 1629 1581 1685 ita
1598 1645 1628 1683 a
1656 1630 1810 1684 vobis
1822 1642 1986 1684 sensa

401 1735 589 1784 essent
634 1733 695 1779 ut
740 1724 951 1795 prolata
978 1731 1148 1787 sunt,
1198 1734 1305 1778 non
1344 1721 1517 1776 solum
1547 1720 1867 1775 modestiam
1896 1720 1990 1775 ve;

342 1852 353 1865 ε
406 1826 578 1871 stram
609 1812 1156 1884 transgrederemini,
1190 1826 1379 1867 verum
1414 1812 1578 1867 etiam
1599 1812 1890 1866 veritatem
1912 1810 1990 1866 of-

410 1908 726 1965 fenderetis.
758 1907 826 1961 Et
854 1905 1081 1971 idcirco,
1100 1904 1497 1974 sapientissime
1522 1904 1623 1967 vir,
1658 1903 1705 1958 si
1736 1903 1990 1974 dignatur

402 2000 692 2054 admittere
726 1996 1044 2068 magnitudo
1083 2000 1263 2051 vestra
1291 2036 1306 2059 ,
1352 1995 1578 2050 nitimur
1623 2010 1723 2050 nos
1749 2009 1850 2065 per
1890 1996 1990 2050 has

400 2089 669 2146 litterulas
693 2103 924 2160 purgare
950 2087 1149 2143 abillis
1176 2087 1524 2153 criminibus,
1553 2102 1675 2158 qua:
1698 2088 1987 2142 adversum

402 2195 502 2236 nos
532 2180 590 2235 in
621 2180 820 2234 vestris
852 2178 1049 2233 litteris
1070 2184 1307 2232 exarata
1330 2177 1652 2248 reperimus.
1686 2177 1984 2233 Recordari

2083 996 2450 1065 permiscere;
2483 1012 2582 1052 nec
2606 1012 2702 1051 vos
2731 995 2998 1050 debuistis
3016 1009 3116 1065 pro
3143 1010 3210 1051 eo
3240 996 3674 1066 quod‘Dominus

2083 1085 2241 1142 Iesus
2267 1085 2519 1142 Christus
2565 1086 2775 1156 abjecta
2807 1087 2873 1141 de
2918 1100 2978 1141 se
3018 1101 3127 1140 non
3153 1087 3342 1151 sensit,
3377 1096 3433 1142 et
3456 1102 3674 1144 errasse

2085 1189 2146 1231 se
2173 1191 2448 1246 nunquam
2485 1179 2773 1248 cognovit,
2804 1185 3032 1231 caeteros
3063 1177 3313 1232 homines
3355 1178 3424 1232 ab
3451 1178 3673 1232 humili-

2086 1278 2197 1325 tate
2248 1271 2569 1349 abjectiqnis
2617 1271 2825 1341 peccati
2871 1268 3219 1325 confessione
3271 1267 3565 1324 defendere
3617 1271 3674 1326 in

2087 1367 2322 1426 tantum,
2370 1367 2431 1415 ut
2461 1376 2526 1416 ex
2568 1361 2672 1416 hoc
2700 1360 2933 1430 probare
2961 1357 3168 1424 velitis,
3204 1360 3345 1413 sicut
3388 1359 3675 1415 invvestris

2086 1460 2312 1521 apparet
2370 1453 2568 1509 litteris
2604 1493 2618 1518 ,
2676 1451 2885 1507 nullum
2933 1466 3064 1506 vere
3115 1450 3402 1505 humilium
3459 1450 3673 1520 abiecta

2088 1543 2155 1599 de
2179 1559 2238 1598 se
2263 1545 2486 1612 sentire,
2511 1543 2716 1598 nullum
2741 1558 2800 1598 se
2832 1550 3177 1612 peccatorem
3200 1540 3357 1597 fateri
3384 1536 3601 1597 debere.

2158 1635 2245 1689 lli.
2285 1634 2490 1704 Nempe
2515 1675 2530 1700 ,
2577 1646 2613 1689 ο
2646 1634 2976 1689 venerabilis
3006 1632 3285 1703 magister,
3333 1633 3562 1702 putabat
3612 1649 3676 1689 ac

2086 1732 2242 1796 putat
2270 1733 2454 1781 nostra
2485 1724 2798 1795 insipientia
2834 1723 2966 1794 quia
3011 1738 3138 1779 cum
3178 1723 3247 1778 de
3274 1723 3474 1779 talibus
3512 1724 3685 1781 rebus

2088 1815 2329 1885 loquitur
2356 1816 2539 1880 homo,
2571 1830 2679 1871 non
2706 1814 2869 1869 debet
2896 1813 3184 1869 Dominum
3216 1822 3463 1868 nostrum
3488 1814 3675 1870 Jesum

2089 1904 2369 1961 Christum
2413 1905 2631 1960 caeteris
2668 1917 2966 1975 aggregare
3017 1902 3328 1958 hominibus
3369 1917 3385 1957 :
3421 1903 3548 1973 quia
3572 1904 3674 1959 hu-

2089 1996 2332 2052 manitas
2360 2010 2487 2065 quae
2519 2010 2550 2049 a
2580 1995 2763 2051 Verbo
2786 2002 3066 2066 assumpta
3088 2000 3202 2059 est,
3232 2008 3546 2064 quanquam
3572 1996 3674 2050 ha-

2089 2085 2216 2141 beat
2268 2093 2520 2141 naturam
2570 2094 2881 2140 nostrorum
2935 2098 3263 2155 corporum,
3322 2099 3431 2139 non
3497 2092 3676 2141 tamen

2092 2176 2256 2231 habet
2289 2176 2574 2245 originem.
2613 2174 2725 2231 Nos
2749 2175 2895 2230 enim
2933 2168 3174 2231 humano
3198 2175 3408 2231 semine
3433 2176 3678 2247 coagula.

400 2269 696 2340 dignamini
718 2268 1020 2324 litterarum
1041 2274 1370 2333 vestrarum,
1396 2281 1532 2337 quas
1555 2275 1684 2323 tunc
1703 2268 1991 2323 adversum
2019 2261 2066 2319 B
2094 2283 2248 2333 mur,
2279 2268 2369 2323 ille
2395 2257 2468 2324 de
2486 2268 2690 2339 Spiritu
2725 2276 2912 2324 sancto
2932 2277 3094 2324 natus
3112 2277 3200 2325 est
3222 2286 3239 2324 :
3260 2270 3356 2340 qui
3383 2270 3489 2326 etsi
3516 2271 3678 2326 homo

400 2375 502 2417 nos
546 2360 842 2415 novissime
884 2358 1113 2413 dedistis
1110 2375 1143 2424 ,ς
1193 2366 1249 2413 et
1292 2358 1603 2429 cognoscite
1640 2366 1831 2414 contra
1869 2373 1991 2428 quae

402 2450 631 2504 crimina
660 2463 806 2504 nunc
836 2449 1167 2518 respondere
1190 2462 1466 2503 curamus.

471 2538 535 2594 Il.
564 2537 871 2609 Scripsistis
893 2539 1060 2609 igitur
1094 2539 1149 2593 in
1178 2538 1497 2608 praefatione
1522 2539 1767 2595 dicentes
1807 2557 1821 2613 ς
1867 2558 1886 2591 α
1915 2531 1989 2596 ἐἰ

406 2628 475 2682 ad
501 2629 682 2683 omnia
719 2640 840 2697 quae
875 2628 929 2682 in
955 2635 1151 2684 vestrae
1190 2628 1493 2685 dilectionis
1517 2630 1766 2685 chartula
1789 2631 1992 2701 scripta

401 2718 724 2786 reperimus;
753 2716 1195 2787 respondendum
1213 2719 1599 2789 iudicaremus,
1637 2735 1743 2774 non
1773 2729 1988 2777 tantum

400 2808 665 2863 chartulae
687 2849 700 2874 ,
729 2822 918 2865 verum
948 2809 1258 2878 proiixioris
1301 2810 1424 2864 libri
1465 2811 1684 2865 modum
1727 2815 1994 2869 excedere

402 2895 763 2952 videremur.«
792 2897 900 2952 Sed
952 2899 1077 2969 quia
1126 2901 1431 2970 oontpendii
1482 2914 1670 2966 causa,
1715 2917 1886 2972 pauca
1922 2918 1991 2959 ex

401 2987 653 3061 plurimis
695 2990 1006 3044 summatim
1051 2990 1320 3062 attingere
1366 2991 1543 3047 libuit.
1602 3012 1623 3045 ι
1666 2993 1746 3048 Ex
1795 2994 1993 3065 quibus

406 3078 587 3135 verbis
619 3079 1073 3151 vestris’apparet
1098 3082 1278 3136 omnia
1309 3097 1407 3137 vos
1437 3081 1523 3137 illa
1572 3084 1992 3152 reprehendisse

401 3187 523 3242 qure
561 3172 617 3227 in
655 3180 842 3228 nostra
885 3174 1133 3228 chartula
1168 3175 1375 3245 scripta
1404 3176 1703 3245 reperietis.
1757 3177 1867 3233 Sed
1880 3179 1989 3249 'qui

400 3264 586 3318 omnia
607 3265 1023 3334 reprehenditis,
1044 3265 1178 3321 nihil
1208 3266 1472 3334 laudatis;
1497 3277 1689 3324 cuncta
1716 3268 1985 3336 refellitis,

402 3352 537 3407 nihil
570 3354 839 3424 recipitis;
873 3370 1037 3424 quam
1054 3354 1201 3426 juste
1232 3356 1334 3413 hoc
1355 3355 1586 3424 faciatis,
1614 3374 1681 3413 ex
1719 3359 1839 3414 istis
1863 3375 1989 3431 per-

402 3443 623 3514 pendite
665 3460 787 3514 que:
816 3446 1121 3516 compendii
1156 3462 1322 3503 causa
1356 3449 1667 3504 summatim
1708 3450 1985 3519 attigistis.

401 3534 541 3602 Quia
576 3536 620 3592 si
667 3536 769 3591 ista
801 3544 909 3591 tam
940 3535 1138 3605 injuste
1170 3538 1623 3606 reprehendistis,
1675 3548 1878 3610 quanto
1907 3541 1990 3609 in-

2095 2357 2273 2413 factus
2292 2366 2379 2413 est
2398 2366 2620 2428 propter
2639 2368 2881 2414 nostram
2904 2357 3156 2425 salutem,
3180 2358 3325 2414 Deus
3348 2367 3532 2415 tamen
3557 2375 3678 2418 esse

2092 2465 2202 2505 non
2231 2450 2417 2515 desiit;
2468 2450 2565 2520 qui
2607 2449 2735 2505 licet
2768 2451 2928 2504 homo
2966 2464 3134 2507 verus
3171 2450 3262 2515 sit,
3304 2465 3467 2506 verus
3494 2459 3679 2507 tamen

2093 2552 2148 2600 et
2172 2558 2314 2598 unus
2349 2551 2432 2598 est
2458 2542 2602 2597 Deus
2642 2558 2766 2597 cum
2806 2541 2969 2597 Patre
3011 2541 3301 2612 et'Spiritu
3339 2551 3550 2599 sancto.
3582 2543 3678 2598 Illa

2092 2648 2330 2704 namque
2355 2633 2657 2697 humilitas,
2686 2649 2795 2703 qua
2822 2632 3088 2689 Dominus
3116 2641 3303 2689 noster
3333 2631 3491 2689 Iesus
3516 2632 3680 2689 Cini-

2092 2732 2231 2790 stus,
2282 2738 2407 2778 cum
2432 2724 2488 2777 in
2538 2722 2711 2779 forma
2741 2723 2863 2779 Dci-
2887 2723 3065 2789 Patris
3112 2732 3280 2790 esset,
3322 2725 3678 2794 semetipsum

2091 2814 2395 2870 exinanivit
2419 2822 2476 2868 ut
2498 2812 2728 2869 formam
2757 2815 2903 2869 servi
2929 2815 3228 2883 acciperet,
3262 2814 3542 2870 inclinatio
3570 2813 3689 2869 fuit-

2090 2904 2494 2968 ntiserationis,
2546 2919 2655 2960 non
2707 2904 2994 2960 evacuatio
3041 2904 3327 2974 potestatis
3350 2922 3375 2970 ς-
3426 2906 3521 2976 qui
3572 2906 3679 2962 etsi

2090 2995 2300 3066 abiecta
2324 2994 2596 3065 passionis
2608 2994 2856 3065 pertulit,
2889 3003 3073 3051 tamen
3100 2996 3211 3050 Deo
3234 2996 3382 3049 Patri
3407 2997 3677 3064 aequalem

2048 3078 2059 3099 '
2090 3099 2289 3140 seesse
2322 3085 2576 3141 innotuit.
2610 3083 2861 3155 Equalis
2883 3086 3106 3141 omnino
3130 3094 3215 3141 est
3246 3085 3417 3150 Patri,
3444 3100 3551 3141 non
3580 3086 3683 3142 mi-

2089 3192 2193 3232 nor
2212 3177 2515 3247 estgloria,
2560 3192 2672 3231 non
2704 3177 2978 3247 posterior
3006 3184 3273 3248 tempore,
3313 3192 3422 3233 non
3451 3178 3680 3234 inferior

2088 3274 2359 3335 potestate
2403 3283 2417 3320 :
2455 3267 2548 3336 qui
2586 3275 2873 3337 propterea
2898 3265 3096 3324 factus
3132 3276 3219 3324 est
3246 3269 3430 3335 homo,
3459 3284 3568 3324 non
3616 3275 3682 3324 ut

2089 3364 2321 3422 erraret,
2348 3354 2447 3412 sed
2490 3364 2552 3412 ut
2586 3358 2877 3413 erratieam
2917 3373 3074 3414 ovem
3122 3359 3395 3415 inventam
3433 3361 3677 3416 humeris

2089 3449 2204 3505 suis
2238 3455 2495 3520 gestaret,
2542 3456 2598 3504 et
2625 3451 2694 3504 ad
2713 3448 2934 3504 domum
2963 3451 3200 3506 caelestis
3237 3451 3454 3522 patriae,
3486 3450 3553 3506 ad
3576 3467 3677 3521 pa-

2090 3548 2303 3594 ternam
2328 3539 2538 3595 scilicet
2562 3539 2825 3594 visionem
2853 3541 3195 3612 perduceret.
3235 3541 3303 3595 Et
3332 3541 3536 3596 idcirco
3563 3556 3673 3597 non

399 3626 598 3695 iustius
639 3625 730 3681 illa
770 3641 891 3696 quae
930 3626 1261 3697 reliquistis?
1296 3627 1365 3682 Et
1397 3628 1636 3699 primum
1677 3629 1894 3699 quidem
1923 3630 1992 3686 de
2018 3610 2063 3672 (ἶ
2094 3642 2180 3688 est
2199 3647 2557 3703 consequens,
2585 3633 2695 3689 imo
2720 3610 2873 3689 valde
2901 3633 3163 3704 iniustum
3186 3642 3292 3699 cst,
3319 3642 3380 3689 ut
3404 3649 3528 3689 cum
3553 3636 3677 3704 quis

400 3716 488 3770 his
505 3731 628 3786 quae
648 3715 799 3772 vobis
815 3717 1086 3789 attingere
1106 3717 1286 3783 libuit,
1308 3718 1586 3773 assumitis
1607 3719 1991 3790 refragandam

403 3813 645 3859 nostram
673 3806 1022 3872 sententiam,
1048 3821 1155 3876 qua
1182 3806 1419 3862 diximus
1457 3824 1471 3861 :
1510 3825 1531 3856 ‹
1565 3805 1668 3873 Qui
1688 3809 1835 3863 enim
1862 3823 1992 3865 vere

401 3896 623 3951 humilis
647 3904 755 3962 est,
792 3897 1007 3968 abiecta
1050 3896 1117 3952 de
1140 3911 1198 3953 se
1229 3898 1427 3964 sentit;
1460 3904 1516 3955 et
1552 3898 1641 3969 qui
1670 3896 1876 3968 aljecta
1921 3899 1989 3954 de

403 4002 463 4041 se
492 3986 678 4051 sentit,
703 4000 919 4045 errasse
936 4002 995 4042 se
1016 4002 1123 4042 non
1144 3985 1373 4041 dubitat.
1412 4006 1430 4038 ι
1458 3986 1629 4053 Quam
1658 3988 1987 4044 sententiam

404 4085 464 4129 ut
505 4090 691 4130 veram
737 4090 842 4130 non
887 4091 1010 4131 esse
1043 4080 1330 4134 ostendere
1367 4081 1695 4145 videamini,
1747 4084 1989 4153 probatis

405 4164 689 4219 Dominum
730 4163 914 4220 Jesum
941 4165 1217 4227 Christum
1254 4185 1383 4233 vere
1410 4171 1669 4227 humilem
1702 4171 1868 4230 fuisse
1887 4214 1902 4239 ,
1932 4183 1990 4231 et

401 4255 586 4311 dicitis
631 4274 646 4310 :
699 4274 718 4308 ι
761 4256 899 4324 Quia
938 4273 1070 4314 vere
1102 4259 1326 4318 humilis
1366 4270 1488 4318 erat
1530 4265 1829 4323 secundum
1860 4282 1983 4333 nos,

400 4345 611 4415 al‘jecta
642 4350 709 4406 de
746 4365 807 4407 se
844 4351 1028 4417 sentit,
1052 4360 1111 4408 et
1134 4368 1349 4410 errasse
1389 4370 1448 4411 se
1489 4370 1596 4412 non
1629 4357 1918 4413 dubitavit.
1957 4375 1979 4412 ι

407 4436 561 4507 Quod
591 4456 755 4511 quam
797 4441 1132 4500 calumniose
1176 4459 1208 4498 a
1230 4445 1383 4521 vobis
1411 4446 1616 4503 dictum
1642 4448 1737 4514 sit,
1765 4463 1983 4520 quaesu-

402 4543 526 4586 mus
556 4530 849 4603 dignemini
868 4534 1225 4606 perpendere.
1250 4535 1385 4604 Quis
1402 4538 1549 4594 enim
1574 4538 1808 4595 fidelium
1834 4540 1988 4613 igno-

405 4629 494 4677 rat
535 4624 660 4694 quia
697 4640 801 4680 nee
843 4640 946 4682 nos
989 4626 1251 4684 debemus
1282 4645 1542 4700 unquam,
1591 4646 1713 4686 cum
1743 4632 1815 4687 de
1842 4632 1987 4702 εωθ-

400 4711 599 4768 ctionis
649 4714 955 4771 humilitate
991 4724 1047 4772 et
1081 4720 1287 4787 peccati
1313 4718 1654 4777 confessione
1687 4722 1980 4794 loquimur,

2094 3737 2157 3777 ea
2186 3736 2309 3792 qua
2337 3722 2619 3778 hominum
2639 3733 2767 3777 sunt
2790 3736 2920 3778 vere
2948 3723 3207 3793 loquitur,
3237 3722 3377 3778 alter
3395 3723 3674 3779 Domiuiea

2094 3812 2497 3883 comparatione
2518 3820 2762 3867 evacuet.
2791 3810 2990 3867 lterum
3013 3821 3177 3882 atque
3197 3812 3394 3869 iterum
3421 3813 3671 3878 dicimus,

2093 3904 2220 3974 quia
2248 3902 2553 3974 pervicacis
2592 3902 2830 3959 hominis
2869 3910 2952 3959 est
2973 3901 3255 3958 Dominico
3295 3902 3543 3974 exemplo
3575 3903 3676 3959 im-

2091 4009 2341 4064 pugnare
2357 4009 2422 4050 ea
2444 4010 2567 4064 qua:
2595 3993 2663 4048 de
2691 3993 2842 4063 puris
2865 3992 3178 4048 hominibus
3200 3994 3466 4049 veraciter
3485 3993 3678 4049 dicun-

2089 4093 2196 4150 tur,
2224 4100 2455 4156 quorum
2483 4083 2661 4140 nullus
2689 4084 2873 4140 existit
2892 4084 3015 4139 sine
3041 4092 3298 4154 peccato,
3347 4085 3489 4140 sicut
3530 4086 3667 4140 scri-

2090 4182 2241 4244 ptum
2273 4182 2356 4230 est
2383 4192 2398 4228 :
2428 4172 2549 4228 Non
2569 4181 2641 4228 est
2664 4172 2840 4244 justus
2881 4173 3158 4245 quisquam
3181 4175 3271 4245 qui
3297 4173 3459 4243 faciat
3485 4174 3675 4229 bonum

2089 4274 2138 4323 et
2187 4281 2292 4320 non
2326 4275 2518 4335 peccet.
2560 4263 2631 4319 Et
2662 4265 2909 4321 iterum:
2945 4262 3114 4320 Nemo
3159 4264 3386 4321 mundus
3426 4282 3461 4320 a
3498 4265 3673 4333 sorde,

2086 4355 2249 4409 etiam
2273 4355 2329 4409 si
2358 4355 2518 4410 unius
2561 4354 2668 4409 diei
2693 4355 2852 4424 fuerit
2875 4355 2993 4409 aita-
3017 4355 3136 4424 ejus
3174 4371 3334 4427 super
3353 4365 3570 4411 terrm
3598 4356 3685 4411 De

2090 4447 2321 4505 Domino
2366 4446 2657 4518 Apostolus
2702 4448 2896 4504 Petrus
2930 4454 3166 4509 testatur
3191 4489 3207 4513 ,
3255 4447 3444 4503 dicens
3478 4461 3494 4501 :
3533 4446 3674 4514 Quia

2083 4546 2353 4612 peccatum
2376 4554 2482 4594 non
2508 4537 2655 4608 fecit,
2686 4556 2779 4605 nec
2799 4540 3035 4594 inventus
3059 4547 3134 4593 est
3156 4536 3310 4592 dolus
3341 4538 3396 4593 in
3415 4555 3504 4594 ore
3530 4537 3668 4609 ejus.

2085 4627 2341 4699 Nunquid
2374 4628 2502 4698 quia
2528 4629 2637 4686 hoc
2661 4644 2850 4686 verum
2885 4636 2973 4685 est
2991 4667 3006 4694 ,
3038 4636 3325 4699 propterea
3352 4627 3457 4685 hoc
3483 4643 3675 4684 verum

2086 4733 2197 4776 non
2225 4719 2333 4775 erit
2358 4714 2491 4774 illud
2527 4721 2670 4792 quod
2709 4719 2909 4774 Paulus
2934 4719 3051 4773 ait:
3081 4719 3275 4774 Omnes
3315 4719 3455 4773 enim
3484 4734 3672 4791 pecca-

402 4816 526 4872 qua:
553 4815 684 4857 vcra
720 4804 773 4859 in
804 4805 1055 4861 omnibus
1080 4807 1267 4877 procul
1298 4807 1462 4864 dubio
1487 4806 1609 4865 esse
1631 4804 1846 4877 debent,
1881 4813 1986 4871 Do—
2006 4804 2064 4866 D
2089 4822 2292 4883 uerunt,
2314 4821 2365 4869 et
2391 4823 2541 4886 egent
2568 4813 2739 4885 gloria
2764 4811 2865 4868 Dei
2880 4811 2906 4865 2

1764 4922 2038 4980 BALUZII
2074 4920 2310 4981 NOTAE.

475 5041 501 5069 ι
540 5024 1026 5105 redegisqabbgti
1054 5027 1227 5105 sancti
1261 5028 1475 5105 Martini
1500 5030 1830 5088 Turonensis
1858 5042 1983 5105 post

2084 5037 2326 5110 ejusdem
2361 5038 2622 5110 principis
2657 5054 2756 5109 pro
2780 5036 3008 5095 ecclesia
3038 5040 3216 5101 sancti
3241 5034 3516 5097 Lambcrti
3549 5041 3674 5097 Tra.

401 5096 730 5184 alcuinumn;
751 5096 905 5184 cuius
946 5096 1123 5184 fuerat
1158 5099 1489 5184 discipulus,
1514 5111 1581 5184 nt
1603 5110 1836 5184 pate-ter
1861 5096 1980 5160 'vita
2077 5096 2556 5184 ᾗᾳθηείδξςιιοςΐ
2579 5096 2784 5184 editum
2818 5119 2904 5166 est
2935 5110 2990 5165 in
3036 5098 3393 5184 tomoprimo
3423 5096 3672 5184 Historiae

402 5167 794 5256 Alitlll.lli.‘?llll
831 5168 995 5256 etiam
1033 5167 1390 5256 canlcellarius
1416 5167 1673 5251 Ludovici
1688 5172 1787 5256 ,ξξῆ
1815 5175 1984 5256 impe-

403 5238 617 5311 ratoris.
642 5238 802 5311 Yarie
821 5247 1002 5294 autem
1022 5238 1277 5311 scribitur
1299 5256 1496 5311 nomen
1522 5240 1659 5310 ejus.
1688 5240 1785 5298 Hic
1810 5238 1977 5311 enim,

402 5306 719 5383 itemquein
759 5317 1030 5383 praecepto
1078 5307 1322 5383 ejusdem
1364 5306 1619 5366 Ludovici
1662 5328 1760 5383 pro
1795 5306 1983 5383 llilde;

403 5374 563 5453 _t_v_aldo
588 5374 840 5446 episeopo
867 5374 1271 5453 Matisconensj2
1298 5390 1522 5453 vocatur
1551 5374 1892 5453 Fredegisus.
1919 5384 1976 5439 ln

401 5443 965 5523 Testamegtoﬁutem
1002 5449 1178 5504 Caroli
1201 5450 1395 5523 Magni
1442 5452 1584 5523 apud
1609 5443 1980 5523 Egitihardum

398 5522 625 5595 locatur
652 5512 995 5585 Fridugisus,
1040 5512 1339 5595 etquidem
1390 5512 1737 5595 rec'tius,‘vut_
1766 5523 1974 5595 Opinor.

401 5581 536 5664 iam
566 5582 646 5638 sic
686 5581 901 5664 quqq'ue
939 5581 1251 5664 nominatur
1286 5590 1341 5664 in
1385 5581 1675 5664 praeceptis
1716 5581 1971 5648 Ludovici

399 5651 480 5706 l‘ii
528 5667 625 5725 pro
672 5651 902 5730 ecclesia
944 5654 1235 5716 Parisiensi
1256 5700 1273 5728 ,
1324 5651 1655 5732 itemque'in
1705 5671 1974 5734 praecepto

2084 5177 2471 5250 EpiscOpor-tim
2502 5177 2902 5250 Leodiensium,
2950 5194 3074 5250 pag.
3109 5177 3234 5247 154',
3274 5196 3340 5236 ac
3363 5181 3580 5237 demum
3612 5183 3668 5236 in

2083 5246 2324 5316 ejusdem
2343 5248 2603 5319 Ludovici
2625 5249 2909 5319 prmceptis
2930 5246 3045 5319 p'ro'
3059 5246 3391 5307 monasterio
3416 5250 3671 5307 Arulensi

2085 5312 2140 5373 in
2169 5318 2389 5374 dimcesi
2418 5312 2706 5389 Helenensi
2733 5326 2790 5375 et
2802 5312 2911 5389 'pr_o
2930 5312 3263 5377 monasterio
3291 5329 3499 5379 sancta:
3526 5321 3666 5376 Gra-

2084 5396 2155 5442 ta:
2176 5389 2230 5443 in
2255 5387 2477 5463 (timessi
2492 5386 2831 5463 _UrgellensiI
2852 5386 3111 5463 Fregedis
3131 5399 3330 5463 tamen,
3357 5389 3500 5463 quod
3514 5392 3669 5463 idem
3688 5440 3695 5447 ,ν

2086 5405 2155 5442 tu:
2176 5405 2230 5443 in
2255 5405 2477 5444 ormnem
2509 5405 2824 5459 urgeuensi.
2856 5405 2883 5443 r
2900 5405 3111 5514 reqeuts
3132 5405 3330 5455 tamen,
3357 5405 3669 5463 quoaiaem

2086 5467 2179 5530 est
2191 5474 2256 5513 ac
2280 5457 2626 5530 Fredegisus,
2650 5468 2874 5530 vocatur
2900 5475 2931 5514 a
3009 5459 3260 5515 heodulfo
3285 5461 3540 5530 episcopo
3560 5460 3670 5515 Au-

2087 5528 2374 5598 relianensi
2392 5567 2405 5594 ,
2438 5528 2506 5583 ex
2536 5543 2644 5598 quo
2674 5529 2837 5583 etiam
2872 5529 3134 5585 discimus
3160 5528 3447 5585 diaconum
3471 5528 3665 5586 fuisse.

2083 5597 2215 5652 Vide
2245 5597 2591 5654 Sirmondum
2627 5598 2680 5654 in
2705 5599 2847 5657 notis
2875 5600 2942 5654 ad
2968 5598 3346 5667 Theodulfum,
3385 5615 3507 5674 pag.
3539 5601 3667 5657 292-.
