4040 6182
364 283 457 340 161

1471 277 1597 333 LIB.
1638 276 2012 335 ADVERSUS
2050 276 2518 334 FREDEGISUM.

3523 288 3626 344 169.

428 392 519 446 IV.
553 388 694 457 Quia
731 385 934 451 dicitis,
970 405 989 438 ι
1023 384 1123 442 llis
1150 386 1288 442 bene
1321 387 1646 458 perapectis,
1669 386 1951 458 apparebit
1978 394 2031 453 Α
2054 396 2184 442 stra.
2230 387 2567 445 Peccavimus
2597 393 2756 457 enim,
2798 402 2845 446 et
2891 393 3067 465 inique
3091 394 3313 465 egimus,
3340 398 3640 454 recedentes

353 485 502 541 hanc
521 488 758 536 vestram
781 493 890 534 non
912 493 1031 534 esse
1053 493 1239 533 veram
1261 479 1752 545 ratiocinationem,
1779 499 1799 531 ι
1832 480 1948 535 htec

354 576 596 648 qualiter
617 571 869 627 dixeritis
891 572 1165 627 aestimare
1188 587 1296 627 non
1317 587 1638 642 possumus;
1671 571 1948 633 afﬁrmare

355 675 538 722 tamen
574 662 839 718 audemus
879 660 1009 730 quia
1049 660 1143 731 qui
1188 661 1328 714 hanc
1355 660 1825 716 ratiocinationem
1857 675 1947 715 ve-

356 772 475 812 ram
515 769 639 808 esse
668 759 833 826 negat
859 790 877 817 ,
918 749 1154 807 necdum
1201 752 1455 822 cognovit
1490 752 1946 821 quemadmodum

354 862 480 903 eam
519 850 773 915 oporteat
801 842 963 898 scire.
1010 841 1151 910 Quid
1187 856 1316 913 ergo
1341 850 1427 897 est
1449 843 1592 911 quod
1616 842 1906 911 Apostolus
1928 883 1946 908 ,

356 941 489 995 dum
526 938 595 993 de
648 935 881 992 Domino
928 934 1240 1003 loqueretur
1264 974 1282 1000 ,
1330 934 1517 990 dicens
1547 952 1562 989 :
1593 935 1698 1001 Qui
1737 951 1855 989 cum
1893 936 1950 995 in

355 1029 534 1099 {arma
566 1028 664 1082 Dei
688 1035 851 1092 esset,
885 1043 988 1080 non
1014 1027 1254 1096 rapinam
1295 1026 1588 1082 arbitratus
1626 1036 1703 1081 est
1742 1043 1851 1081 esse
1892 1042 1947 1082 se

355 1118 615 1189 a'qualem
657 1116 763 1170 Deo
786 1157 803 1182 ,
847 1115 938 1171 sed
966 1117 1299 1187 semetipsum
1339 1118 1660 1180 exinanivit,
1721 1118 1945 1186 formam

355 1208 499 1262 servi
523 1207 804 1274 accipiens,
838 1205 1102 1275 praemisit
1131 1223 1143 1258 :
1178 1204 1293 1259 Hoc
1318 1208 1505 1260 sentite
1531 1208 1586 1260 in
1613 1208 1778 1271 vobis,
1806 1207 1945 1278 quod

354 1311 406 1356 et
433 1301 489 1354 in
515 1298 726 1354 Christo
747 1297 878 1352 Jesu
903 1294 1125 1368 (Philip.
1151 1313 1192 1362 ι,
1219 1296 1352 1369 5-6).
1370 1298 1440 1351 Et
1465 1298 1625 1366 paulo
1650 1307 1774 1352 ante
1803 1298 1949 1353 dixe-

358 1399 447 1446 rat
476 1410 488 1444 :
524 1386 676 1443 Nihil
713 1404 807 1458 per
839 1387 1244 1456 contentionem,
1280 1404 1444 1459 neque
1463 1404 1559 1457 per
1587 1390 1798 1443 inanem
1834 1387 1949 1458 glo-

358 1484 521 1546 riam,
564 1480 655 1535 sed
691 1482 749 1534 in
779 1478 1075 1533 humilitate
1108 1480 1402 1549 superiores
1426 1480 1526 1533 sibi
1554 1481 1772 1535 invicem
1800 1481 1945 1534 arbi-

357 1580 561 1627 trantes
591 1570 751 1643 (Ibid.
780 1611 795 1636 ,
845 1587 894 1625 v.
927 1572 1006 1637 ὅ).
1058 1567 1115 1625 Si
1145 1585 1333 1626 verum
1375 1585 1485 1627 non
1529 1579 1613 1625 est
1652 1579 1715 1625 ut
1760 1571 1809 1626 is
1854 1571 1948 1641 qui

361 1678 493 1718 vere
520 1661 742 1716 humilis
777 1668 864 1715 est
906 1658 1117 1733 abiecta
1145 1660 1212 1715 de
1237 1676 1299 1716 se
1325 1662 1546 1728 sentiat,
1580 1677 1751 1731 quare
1776 1662 1947 1717 Abra-

2049 496 2083 533 α
2120 490 2189 535 te.
2232 481 2492 537 Dominus
2524 499 2744 563 quoque
2791 487 2846 540 in
2877 486 3171 557 Evangelia
3204 496 3437 546 testatur
3464 493 3642 562 publi-

2048 585 2245 626 canum
2279 571 2369 641 qui
2395 574 2715 628 ascenderat
2741 590 2865 629 cum
2887 575 3165 631 Pharisaeo
3197 578 3250 631 in
3286 580 3547 651 templum
3581 591 3642 638 ut

2048 669 2253 727 oraret,
2306 662 2512 717 idcirco
2547 661 2906 731 justiﬁcatum
2947 665 3294 723 descendisse
3334 668 3388 723 in
3419 670 3641 726 domum

2048 766 2224 816 suam,
2258 752 2387 822 quia
2412 752 2624 823 abjecta
2665 754 2730 808 de
2757 769 2816 809 se
2842 755 3056 820 sciens,
3089 772 3119 810 a
3150 757 3309 829 longe
3340 760 3543 827 stabat,
3586 772 3643 818 et

2048 841 2268 898 nolebat
2293 860 2395 899 nec
2427 844 2615 901 oculos
2642 844 2710 900 ad
2737 845 2938 901 caelum
2965 848 3177 916 levare;
3215 859 3268 905 et
3290 867 3551 922 peccasse
3580 869 3642 910 se

2047 949 2157 989 non
2207 935 2478 1001 dubitans,
2533 937 2873 1007 percutiebat
2928 948 3117 1009 pectus
3161 955 3338 1007 suum,
3400 944 3584 1001 dicens
3623 961 3637 998 :

2049 1023 2213 1089 Deus,
2251 1025 2510 1095 propitius
2556 1034 2665 1080 esto
2700 1026 2828 1079 mihi
2867 1029 3148 1097 peccatori.
3202 1030 3277 1084 De
3323 1033 3645 1090 centurione

2048 1128 2263 1183 quoque
2286 1130 2455 1183 quare
2476 1115 2736 1172 Dominus
2762 1117 2839 1171 ait
2883 1119 3027 1186 quod
3051 1134 3148 1174 nec
3173 1120 3225 1174 in
3253 1120 3417 1176 Israel
3437 1131 3644 1179 tantam

2050 1204 2209 1277 ﬁdem
2254 1206 2542 1271 invenerit,
2574 1207 2678 1262 uisi
2709 1209 2835 1277 quia
2864 1210 3006 1264 idem
3033 1212 3283 1266 centurio
3326 1214 3540 1283 abiecta
3577 1216 3645 1271 de

2050 1310 2109 1349 se
2131 1295 2391 1359 sentiens,
2425 1304 2481 1351 et
2506 1296 2615 1350 alta
2638 1296 2705 1352 de
2734 1297 2961 1353 Domino
2990 1301 3230 1371 sapiens,
3264 1305 3640 1376 semetipsum,

2048 1394 2109 1439 ut
2136 1386 2247 1450 ait,
2293 1387 2574 1457 indignum
2603 1388 2973 1443 arbitrabatur
3010 1391 3091 1446 ire
3122 1393 3191 1445 ad
3239 1393 3641 1463 deprecandum

2054 1476 2343 1532 Dominum
2370 1488 2429 1531 ut
2459 1486 2679 1533 sanaret
2700 1493 2926 1547 puerum
2953 1478 3089 1548 ejus,
3113 1480 3206 1535 sed
3232 1483 3411 1551 potius
3438 1486 3645 1541 amicos

2055 1584 2184 1624 suos
2225 1570 2406 1634 misit,
2445 1576 2498 1624 et
2544 1569 2745 1624 iterum
2790 1585 2888 1640 per
2932 1572 3321 1629 internuntium
3367 1578 3645 1631 mandavit

2050 1659 2299 1725 Domino,
2329 1660 2512 1715 dicens
2545 1679 2559 1714 :
2592 1660 2839 1727 Domine,
2876 1676 2981 1715 non
3010 1679 3127 1716 sum
3168 1663 3358 1734 dignus
3389 1675 3446 1719 ut
3477 1666 3641 1722 intres

359 1755 488 1809 ham
513 1768 637 1807 cum
668 1753 896 1807 Domino
920 1751 1169 1821 loquens,
1203 1753 1444 1809 cinerem
1475 1768 1533 1809 se
1559 1753 1945 1823 pulveremque
1972 1746 2020 1804 Β
2048 1750 2141 1803 sub
2163 1760 2354 1804 tectum
2382 1768 2575 1805 meum.
2607 1750 2798 1806 Mulier
2820 1766 2948 1807 vero
2972 1752 3297 1820 Chananzea,
3331 1756 3420 1810 cui
3461 1755 3643 1813 Domi-

358 1844 601 1900 fatetur?
638 1844 848 1915 Moyses
873 1857 1091 1914 quoque
1116 1859 1225 1900 non
1255 1860 1318 1900 se
1341 1858 1463 1901 esse
1490 1844 1835 1915 eloquentem
1875 1851 1948 1899 to-

357 1947 567 2003 statur,
594 1945 649 1991 et
686 1953 753 1994 ex
789 1951 897 2006 quo
937 1937 988 1991 ei
1015 1936 1281 1993 Dominus
1302 1937 1454 2007 loqui
1478 1938 1682 2006 cmpit,
1714 1936 1945 2007 impedi-

360 2027 557 2081 tiorem
606 2035 662 2081 et
700 2025 993 2081 tardiorem
1020 2041 1081 2081 se
1119 2041 1241 2081 esse
1294 2026 1533 2097 linguam
1563 2024 1715 2081 dicit.
1768 2024 1847 2079 De
1889 2039 1950 2080 se

357 2131 578 2187 quoque
600 2126 658 2171 et
684 2116 862 2171 Aaron
886 2116 952 2171 ad
975 2115 1235 2186 populum
1258 2116 1335 2171 ait
1359 2130 1374 2170 :
1405 2115 1520 2171 Nos
1536 2116 1675 2170 enim
1706 2114 1836 2185 quid
1859 2130 1951 2170 stt-

356 2223 478 2261 mus
497 2207 522 2259 .9
545 2205 765 2263 Gedeon
805 2207 993 2272 etiam,
1024 2221 1186 2275 quem
1216 2206 1440 2277 angelus
1481 2205 1840 2261 fortissimum
1870 2205 1951 2259 vi-

356 2313 549 2355 rorum
593 2299 861 2370 appellat,
895 2298 985 2352 ille
1011 2313 1042 2352 e
1081 2298 1358 2355 contrario
1393 2305 1503 2351 tam
1545 2294 1757 2373 abiecta
1782 2295 1851 2351 de
1891 2309 1952 2351 se

357 2391 533 2447 sentit
556 2429 573 2454 ,
614 2397 677 2443 ut
701 2404 761 2445 se
784 2388 1073 2442 minimum
1114 2389 1169 2442 in
1199 2388 1361 2441 domo
1388 2388 1558 2455 patris
1586 2388 1670 2442 sui
1698 2387 1867 2453 dicat,
1896 2393 1952 2442 et

359 2479 628 2535 familiam
670 2493 822 2534 suam
869 2476 1109 2533 intimam
1139 2478 1195 2533 in
1238 2476 1506 2531 Manasse.
1557 2474 1686 2531 Saul
1734 2491 1950 2547 quoque

360 2584 487 2624 cum
510 2583 652 2638 pene
682 2568 767 2622 his
793 2567 972 2623 verbis
994 2568 1060 2623 de
1085 2566 1307 2623 minima
1336 2566 1478 2623 tribu
1500 2580 1699 2629 essese
1720 2567 1949 2631 diceret,

360 2669 421 2712 et
447 2659 503 2712 in
534 2660 723 2713 eadem
756 2658 896 2711 tribu
926 2658 1208 2712 minimum
1233 2672 1293 2712 se
1320 2665 1756 2727 recognosceret,
1788 2658 1863 2717 ita
1892 2667 1950 2713 ut

362 2750 646 2820 indignum
673 2764 734 2805 se
761 2750 913 2819 regio
951 2751 1161 2806 honore
1192 2749 1492 2815 fateretur,
1522 2751 1577 2805 in
1611 2765 1795 2821 regem
1842 2750 1954 2806 ele-

362 2854 490 2902 ctus
521 2852 623 2899 est.
653 2843 809 2899 Unde
843 2842 1107 2899 Dominus
1129 2844 1181 2899 ei
1201 2843 1442 2915 loquitur
1473 2862 1487 2897 :
1517 2842 1651 2898 Cum
1672 2860 1810 2898 esses
1834 2860 1956 2913 par-

361 2935 519 2992 vulus
554 2937 608 2990 in
639 2934 804 2991 oculis
840 2936 966 3001 tuis,
996 2943 1153 3005 caput
1180 2936 1238 2989 in
1281 2935 1518 2988 tribubus
1560 2932 1733 2988 Israel
1778 2933 1951 3002 factus

358 3042 441 3081 es.
467 3025 634 3081 David
658 3040 873 3097 quoque
904 3024 991 3097 (de
1025 3039 1135 3095 quo
1171 3025 1431 3080 Dominus
1455 3024 1727 3093 loquitur,
1766 3023 1951 3079 Inveni

2049 1858 2153 1896 nus
2171 1842 2471 1897 clamitanti
2501 1843 2801 1913 respondit,
2834 1842 2959 1898 Non
2985 1854 3060 1898 est
3090 1844 3282 1899 bonum
3312 1863 3518 1901 sumere
3540 1864 3642 1919 pa-

2050 1948 2165 1985 nem
2193 1930 2427 2000 ﬁliorum
2453 1942 2500 1986 et
2524 1934 2730 1987 mittere
2765 1933 3006 2000 canibus,
3061 1936 3243 1989 statim
3266 1938 3637 2006 consentiens,

2051 2022 2128 2095 ait
2164 2040 2176 2075 :
2213 2021 2424 2089 Etiam,
2460 2022 2682 2078 Domine
2708 2041 2726 2078 :
2758 2041 2881 2079 nam
2910 2035 2959 2080 et
2988 2025 3167 2080 catelli
3200 2027 3360 2081 edunt
3390 2029 3455 2083 de
3495 2031 3645 2084 micis

2048 2129 2166 2185 qua;
2188 2113 2383 2167 cadunt
2416 2115 2480 2169 de
2510 2132 2689 2169 mensa
2720 2116 3057 2172 dominorum
3077 2135 3317 2173 suorum.
3344 2119 3414 2175 Et
3441 2121 3644 2181 idcirco

2050 2203 2239 2259 audire
2271 2205 2470 2259 meruit
2520 2223 2533 2258 :
2577 2205 2622 2259 0
2646 2206 2853 2270 mulier,
2893 2225 3087 2281 magna
3124 2221 3198 2264 est
3221 2210 3353 2280 fides
3382 2222 3496 2268 tua.

2125 2296 2211 2352 γι.
2244 2296 2397 2365 Quod
2420 2299 2465 2353 si
2489 2298 2684 2368 aliquis
2710 2299 2969 2371 objecerit
2996 2303 3152 2357 nobis
3178 2306 3343 2361 verba
3360 2304 3491 2373 justi
3518 2322 3646 2363 vere

2050 2389 2273 2443 humilis
2307 2388 2537 2445 dicentis
2570 2404 2584 2442 :
2614 2389 2737 2444 Non
2764 2392 3008 2462 peccavi,
3038 2402 3084 2446 et
3113 2394 3166 2446 in
3198 2397 3645 2452 amaritudinibus

2050 2489 2289 2533 moratur
2309 2479 2493 2533 oculus
2518 2495 2663 2533 meus
2697 2479 2819 2552 (Job
2845 2496 2953 2535 xvu
2973 2522 2988 2547 ,
3028 2481 3104 2556 2).
3136 2483 3202 2538 Ει
3239 2484 3435 2539 iterum
3471 2504 3482 2539 :
3512 2484 3645 2542 litvo

2049 2586 2235 2641 passus
2281 2585 2397 2623 sum
2429 2569 2624 2641 absque
2672 2570 2948 2642 iniquitate
2998 2589 3184 2627 manus
3224 2591 3353 2630 mea:
3391 2589 3409 2627 :
3453 2576 3639 2631 audiat

2051 2676 2268 2715 rursum
2324 2661 2576 2716 eumdem
2628 2659 2839 2730 justum
2888 2661 3167 2717 humiliter
3227 2664 3575 2720 conﬁtentem
3625 2684 3640 2722 :

2052 2743 2296 2804 Peccavi.
2348 2749 2490 2816 Quid
2536 2750 2736 2821 faciam
2782 2752 2900 2817 tibi,
2950 2769 2979 2806 ο
3023 2763 3196 2807 custos
3232 2754 3549 2810 hominum?
3578 2756 3647 2812 Et

2053 2842 2249 2898 iterum
2282 2861 2295 2896 :
2327 2840 2568 2909 Quantas
2591 2843 2761 2897 habeo
2790 2844 3111 2915 iniquitates,
3151 2856 3362 2916 peccata
3382 2888 3396 2913 ,
3427 2847 3646 2916 scelera,

2052 2942 2205 3003 atque
2233 2932 2423 2987 delicta
2448 2974 2463 2999 ,
2496 2933 2710 2988 ostende
2735 2936 2861 2989 mihi
2886 2936 3006 3006 (Job
3035 2953 3160 3003 xm,
3190 2937 3304 3011 ‘23).
3337 2938 3405 2993 Et
3450 2939 3646 2996 iterum

2058 3020 2338 3093 Scriptura
2367 3023 2501 3077 dicit
2520 3024 2645 3093 quia
2670 3025 2714 3079 is
2735 3040 2893 3094 quem
2917 3024 3058 3081 Deus
3079 3038 3365 3097 propterea
3387 3028 3647 3102 ﬂagellat,

362 3118 535 3173 cirum
574 3117 861 3171 secundum
900 3133 991 3171 cor
1017 3133 1216 3181 meum,
1245 3116 1373 3185 quia
1395 3130 1522 3170 vere
1544 3114 1770 3175 humilis
1808 3114 1946 3185 erat)
1976 3105 2021 3167 C
2054 3124 2115 3170 ut
2139 3113 2417 3171 doloribus
2446 3116 2689 3171 eruditus
2715 3117 3072 3188 alijectionem
3101 3128 3157 3175 et
3179 3131 3405 3191 peccata
3440 3138 3535 3178 sua
3564 3141 3649 3181 re-

361 3218 476 3264 tam
501 3208 708 3279 ahjeeta
734 3208 802 3263 de
843 3223 902 3263 se
930 3208 1099 3263 sensit
1122 3246 1138 3269 ,
1181 3218 1243 3261 ut
1266 3222 1374 3263 non
1413 3206 1587 3263 solum
1612 3207 1681 3260 ad
1712 3220 1948 3277 regnan-

362 3300 492 3354 dum
518 3300 792 3371 indignum
819 3316 878 3357 se
897 3316 1020 3357 esse
1042 3308 1357 3367 testaretur,
1386 3316 1577 3359 verum
1597 3302 1760 3363 etiam
1784 3316 1953 3372 gener

362 3391 523 3447 ﬁeret
565 3392 737 3463 regis;
795 3392 883 3461 qui
926 3399 1116 3463 postea
1145 3392 1214 3447 de
1249 3392 1369 3462 ipso
1415 3392 1614 3448 clamat
1653 3392 1723 3447 ad
1763 3392 1890 3447 Saul
1934 3411 1947 3446 :

363 3480 533 3547 Quem
577 3484 920 3553 persequeris,
963 3498 1054 3537 rea:
1094 3481 1304 3536 Israel?
1337 3499 1520 3538 canem
1568 3493 1859 3547 mortuum,
1900 3492 1949 3537 et

357 3570 587 3641 pulicem
632 3589 815 3627 unum.
846 3571 1045 3642 Sicque
1083 3572 1335 3642 persequi
1380 3572 1752 3642 conqueritur,
1794 3571 1949 3642 quasi

360 3663 407 3719 si
439 3672 795 3734 persequatur
822 3665 1009 3735 perdis
1039 3681 1092 3719 in
1117 3666 1414 3723 montibus.
1444 3666 1640 3723 Postea
1666 3680 1798 3722 vero
1824 3682 1950 3722 cum

358 3756 579 3811 essetin
606 3772 799 3827 magna
829 3757 981 3828 regni
1001 3757 1169 3829 gloria
1192 3798 1207 3823 ,
1234 3758 1551 3829 nullumque
1576 3758 1949 3813 adversarium

354 3854 661 3917 pateretur,
708 3848 784 3903 ait
824 3865 839 3903 :
880 3846 1107 3915 Ludam,
1148 3858 1198 3904 et
1221 3848 1376 3902 vilior
1410 3848 1537 3918 ﬁam
1562 3847 1842 3918 plusquam
1866 3847 1952 3917 fa—

357 3948 477 3993 ctus
507 3955 647 4003 sum,
675 3954 865 4010 oroque
897 3938 1113 3994 humilis
1140 3941 1197 3994 in
1224 3937 1392 3993 oculis
1418 3938 1567 3992 meis.
1609 3938 1676 3992 Et
1702 3939 1902 3992 iterum
1932 3954 1947 3991 :

357 4030 604 4107 Dauniae,
630 4046 732 4086 non
754 4040 827 4086 est
847 4030 1137 4085 exaltatum
1160 4046 1253 4084 cor
1273 4046 1445 4083 meum
1464 4069 1479 4094 ,
1502 4045 1667 4100 neque
1684 4028 1809 4081 elati
1829 4037 1951 4083 sunt

356 4121 502 4175 oculi
530 4122 662 4187 mei,
699 4137 861 4191 neque
888 4121 1153 4177 ambulavi
1175 4123 1231 4175 in
1253 4121 1479 4190 magnis,
1512 4136 1674 4191 neque
1706 4118 1761 4173 in
1782 4119 1950 4174 mira-

356 4213 550 4268 biiibus
573 4230 731 4285 super
758 4229 840 4273 me
863 4254 877 4278 ,
918 4224 979 4269 et
1001 4221 1220 4270 caetera.
1250 4213 1475 4268 Errasse
1500 4228 1560 4268 se
1587 4226 1802 4282 quoque
1839 4226 1951 4269 non

354 4303 644 4369 dubitavit,
677 4304 801 4374 quia
844 4303 1142 4373 saepissime
1192 4319 1300 4357 non
1345 4302 1519 4358 solum
1564 4317 1781 4357 errores
1823 4317 1952 4358 suos

354 4393 650 4448 conﬁtetur
675 4435 690 4460 ,
729 4395 825 4449 sed
868 4395 1035 4449 etiam
1065 4393 1405 4465 iniquitates,
1436 4401 1685 4463 peccata,
1730 4392 1945 4459 delicta,

2058 3215 2371 3276 cognoscat,
2406 3206 2629 3275 respicit
2672 3208 2921 3263 homines
2945 3217 3002 3263 et
3034 3210 3164 3265 dicit
3197 3230 3208 3264 :
3250 3211 3503 3283 Peccavi,
3530 3231 3647 3271 vere

2052 3295 2268 3368 deliqui,
2308 3306 2366 3350 ut
2394 3313 2542 3351 eram
2571 3297 2764 3369 dignus
2801 3315 2908 3353 non
2947 3301 3126 3371 recipi.
3157 3301 3337 3369 Quare
3379 3319 3513 3376 ergo
3545 3322 3644 3362 vos

2053 3385 2259 3441 dicitis‘
2284 3402 2391 3442 non
2435 3403 2558 3444 esse
2594 3405 2804 3455 verum,
2834 3398 2894 3444 ut
2922 3404 3049 3447 vere
3080 3392 3299 3449 humilis
3336 3394 3546 3465 abjeeta
3579 3398 3646 3453 de

2053 3492 2112 3531 se
2140 3477 2363 3544 sentiat,
2400 3486 2494 3534 aut
2531 3494 2788 3549 peccasse
2815 3495 2873 3534 se
2905 3481 3112 3547 credat,
3150 3498 3272 3538 cum
3302 3486 3647 3556 apertissime

2051 3576 2235 3638 pateat
2275 3568 2379 3623 hoc
2404 3570 2679 3640 proprium
2708 3583 2827 3625 esse
2854 3556 3191 3638 sanctorum,
3232 3589 3340 3628 non
3387 3578 3649 3647 superbo-

2054 3659 2207 3712 rum?
2242 3658 2353 3713 Cur
2378 3658 2619 3716 Joannes
2640 3660 2916 3729 apostolus
2946 3661 3021 3715 ait
3059 3678 3072 3714 :
3118 3659 3175 3716 Si
3209 3663 3497 3719 dixerimus
3520 3666 3645 3736 quia

2052 3759 2321 3820 peccatum
2356 3767 2461 3805 non
2486 3749 2757 3815 habemus,
2791 3751 2891 3822 ipsi
2920 3767 3014 3805 nos
3038 3752 3357 3817 seducimus,
3381 3763 3429 3807 et
3454 3756 3644 3812 veritas

2051 3840 2108 3892 in
2137 3839 2284 3893 nobis
2329 3857 2435 3896 non
2462 3850 2557 3895 est.
2588 3839 2647 3895 Si
2684 3858 2801 3896 vero
2830 3840 3178 3910 conﬁteantur
3217 3842 3409 3900 delicta
3439 3856 3640 3914 nostra,

2053 3931 2228 4000 fidelis
2261 3940 2359 3996 est,
2399 3941 2448 3986 et
2486 3932 2688 4003 justus,
2720 3942 2776 3987 ut
2824 3934 3051 3987 remittat
3095 3932 3244 3988 nobis
3267 3947 3503 4007 peccata.
3534 3938 3637 4006 Qui

2055 4022 2099 4076 si
2134 4023 2428 4078 secundum
2464 4039 2561 4079 vos
2588 4039 2781 4096 magna
2810 4025 2875 4079 de
2908 4039 2968 4080 se
2991 4066 3007 4091 ,
3039 4041 3146 4081 non
3176 4028 3407 4100 abiecta,
3436 4034 3642 4089 sentire

2055 4112 2333 4179 voluisset,
2367 4113 2602 4169 habebat
2648 4114 2791 4169 unde
2821 4114 3168 4188 gloriaretur,
3216 4120 3344 4190 quia
3390 4131 3446 4177 et
3476 4137 3641 4194 supra

2052 4211 2244 4274 pectus
2278 4203 2491 4259 Domini
2540 4206 2830 4261 recubuit:
2865 4214 2920 4261 et
2963 4223 3075 4278 prae
3122 4212 3336 4269 creteris
3368 4213 3645 4286 discipulis

2054 4294 2125 4350 ab
2166 4295 2257 4350 illo
2286 4295 2514 4352 dilectus
2543 4306 2646 4352 est.
2674 4296 2910 4354 Iacobus
2956 4315 3175 4372 quoque
3216 4306 3490 4374 apostolus
3520 4308 3596 4364 ait
3627 4327 3642 4363 :

2055 4385 2124 4442 In
2148 4387 2329 4442 multis
2364 4390 2504 4442 enim
2541 4390 2857 4459 oiendimus
2887 4408 3083 4448 omnes.
3114 4393 3246 4461 Quae
3273 4396 3319 4450 si
3344 4399 3465 4467 quis
3489 4409 3645 4469 puta-

353 4486 586 4553 scelera,
625 4486 972 4543 inﬁrmitates
1015 4502 1231 4561 quoque
1251 4527 1265 4553 ,
1296 4494 1354 4541 et
1381 4486 1719 4541 turbationes
1740 4526 1755 4552 ,
1787 4486 1947 4541 timo-
1971 4475 2025 4534 D
2051 4476 2190 4529 verit
2215 4492 2320 4529 non
2353 4477 2638 4541 veraciter.
2669 4480 2761 4534 sed
2791 4487 3003 4536 tantum
3032 4483 3312 4539 humiliter
3342 4486 3507 4555 dicta,
3534 4505 3635 4544 no-

355 4591 496 4643 rem,
540 4592 604 4632 ac
634 4584 947 4645 tremorem,
980 4578 1422 4647 anxietatemque
1445 4576 1628 4633 cordis
1661 4596 1674 4632 :
1709 4592 1943 4649 quorum

352 4667 601 4722 omnium
645 4668 953 4724 testimonia
1001 4669 1048 4724 si
1092 4683 1296 4739 ponere
1338 4669 1669 4731 voluerimus
1697 4707 1713 4735 ,
1747 4668 1946 4740 prolixi

353 4762 538 4832 operis
574 4762 744 4817 series
768 4762 1129 4818 ordinabitur.

432 4851 496 4906 Υ.
529 4851 640 4906 Vos
669 4851 849 4907 dicitis
876 4851 1005 4922 quia
1035 4866 1141 4907 non
1170 4858 1254 4907 est
1294 4866 1425 4907 vera
1473 4850 1840 4915 ratiocinatio,
1887 4858 1949 4906 ut

355 4943 451 5014 qui
480 4957 609 4998 vere
638 4942 860 4998 humilis
890 4949 995 5008 est,
1026 4941 1238 5010 abiecta
1258 4942 1327 4997 de
1357 4956 1416 4996 se
1441 4941 1662 5007 sentiat,
1701 4947 1796 4994 aut
1822 4953 1951 5010 pec-

355 5050 512 5091 casse
541 5051 600 5091 se
638 5035 1007 5091 indubitanter
1051 5035 1255 5091 credat.
1297 5033 1408 5089 Nos
1438 5048 1569 5090 vero
1614 5048 1646 5089 e
1673 5032 1950 5088 contrario

344 5143 456 5199 per
484 5129 627 5183 hanc
655 5127 1123 5184 ratiocinationem
1145 5141 1333 5183 omnes
1360 5133 1581 5182 sanctos
1613 5126 1668 5181 in
1696 5125 1810 5181 suis
1834 5139 1953 5194 pre-

353 5219 513 5283 cibus
551 5233 584 5272 a
614 5216 848 5274 Domino
877 5217 1164 5274 exauditos
1190 5231 1311 5272 esse
1342 5216 1626 5283 novimus;
1660 5216 1803 5272 sicut
1844 5214 1951 5268 Da-

353 5308 557 5367 nielem
582 5309 637 5364 in
662 5325 818 5365 suam
859 5307 1262 5379 exomologesin
1283 5347 1299 5372 ,
1325 5306 1420 5363 ubi
1454 5305 1815 5362 conﬁtebatur
1841 5317 1947 5358 non

350 5398 531 5455 solum
552 5409 777 5469 peccata
806 5415 904 5455 sua
925 5407 981 5455 et
1001 5408 1223 5469 peccata
1238 5396 1418 5468 populi
1442 5397 1547 5461 sui,
1568 5411 1757 5450 verum
1778 5394 1942 5450 etiam

354 5499 577 5562 peccata
608 5506 796 5561 regum
823 5505 888 5546 ac
916 5489 1223 5561 principum
1248 5530 1263 5555 ,
1293 5488 1376 5543 vel
1402 5487 1766 5543 sacerdotum.
1812 5486 1948 5542 Tres

353 5582 523 5637 etiam
563 5582 720 5654 pueri
764 5574 825 5636 in
849 5582 1067 5637 camino
1110 5581 1250 5653 ignis
1293 5579 1605 5636 clamabant
1630 5581 1684 5635 in
1714 5581 1948 5638 veritate

353 5679 411 5725 ct
437 5670 644 5742 judicio
676 5686 692 5727 :
726 5669 994 5727 Induxisti
1033 5670 1210 5728 omnia
1236 5670 1348 5727 haec
1371 5681 1583 5742 praeter
1618 5682 1830 5743 peccata
1850 5690 1949 5731 no-

2052 4565 2195 4620 verit
2221 4580 2279 4620 se
2305 4566 2359 4620 in
2390 4565 2494 4620 hoc
2524 4581 2685 4621 sensu
2714 4566 2992 4639 Pelagium
3016 4572 3206 4641 sequi;
3250 4582 3304 4629 ct
3332 4587 3643 4648 propterea,

2054 4657 2100 4712 si
2150 4657 2349 4729 corrigi
2392 4657 2550 4724 vult,
2583 4656 2725 4727 legat
2751 4657 2920 4715 libros
2960 4660 3103 4716 beati
3144 4662 3429 4735 Augustini
3458 4677 3645 4725 contra

2052 4749 2469 4820 Pelagianistas,
2494 4759 2553 4809 et
2571 4752 2711 4806 sciat
2731 4766 2922 4808 omnes
2957 4763 3178 4811 sanctos
3209 4758 3477 4815 veraciter
3498 4776 3556 4817 se
3579 4762 3647 4831 de

2052 4843 2293 4914 peccatis
2315 4856 2607 4899 accusasse
2624 4884 2639 4909 ,
2671 4843 2747 4899 ita
2769 4852 2832 4899 ut
2857 4859 3082 4903 necesse
3110 4849 3345 4906 habeant
3363 4867 3463 4922 pro
3483 4868 3543 4909 se
3566 4855 3647 4925 ip-

2053 4935 2131 4990 sis
2166 4933 2369 5000 dicere,
2418 4933 2635 4991 Dimitte
2675 4937 2823 4991 nobis
2864 4938 3039 4993 debita
3065 4952 3265 4997 nostra.
3310 4942 3421 4999 Sed
3464 4944 3531 5000 de
3558 4946 3647 5003 his

2050 5034 2252 5098 quanta
2282 5026 2388 5080 dici
2420 5035 2676 5096 possunt,
2708 5043 2804 5083 vos
2831 5044 2991 5086 nosse
3020 5046 3129 5086 non
3155 5034 3498 5104 ambigimus.

2124 5116 2233 5174 VII.
2266 5117 2456 5174 Dicitis
2474 5118 2640 5174 etiam
2669 5127 2779 5175 tota
2802 5136 2900 5177 vos
2924 5122 3224 5179 intentione
3249 5124 3488 5180 divinam
3517 5129 3647 5183 scri-

2051 5220 2269 5284 pturam
2303 5227 2425 5267 cum
2451 5212 2751 5268 editoribus
2771 5254 2787 5280 ,
2815 5214 3205 5285 interpretibus
3232 5224 3397 5286 atque
3424 5221 3645 5289 exposi-

2052 5304 2262 5360 toribus
2290 5303 2407 5359 suis
2439 5303 2509 5359 ab
2550 5304 2837 5373 imperitiae
2875 5312 3076 5361 nostra:
3118 5305 3406 5363 calumniis
3457 5310 3647 5367 defen-

2052 5395 2199 5451 dere.
2223 5393 2307 5449 Ad
2335 5411 2498 5466 quam
2533 5409 2647 5449 rem
2687 5410 2794 5450 non
2825 5393 3273 5463 respondebimus
3303 5399 3476 5466 vobis,
3504 5404 3635 5473 quia

2053 5491 2195 5546 sicut
2219 5491 2288 5545 de
2300 5489 2623 5560 quibusdam
2645 5485 2867 5551 dicitur,
2891 5485 3002 5541 illic
3024 5487 3411 5558 trepidaverunt
3433 5494 3643 5563 timore,

2053 5580 2143 5636 ubi
2186 5596 2289 5634 non
2331 5588 2445 5634 erat
2488 5580 2666 5643 timor,
2705 5576 2783 5631 ita
2820 5584 2878 5632 et
2916 5576 3071 5634 vobis
3105 5578 3211 5636 dici
3250 5592 3432 5653 potest
3476 5603 3489 5640 :
3526 5586 3644 5643 Illic

2057 5681 2171 5729 tota
2207 5670 2507 5729 intentione
2538 5667 2749 5739 paravit
2788 5665 3186 5740 defensionem,
3229 5672 3319 5729 ubi
3347 5673 3493 5730 nulla
3516 5686 3639 5733 erat
