4048 6178
415 333 520 387 ως,
1372 322 1428 378 s.
1471 315 1822 376 AGOBARDI
1861 308 2170 371 EPlSCOPl
2209 310 2698 369 LDGDUNENSIS
3088 292 3093 297 ’
3595 316 3699 372 nu

412 448 637 504 omnino
666 443 961 506 necessitas
1004 438 1356 498 defensionis.
1396 436 1530 505 Quis
1557 436 1706 492 enim
1736 436 1802 490 de
1846 428 2002 488 nobis
2032 431 2077 493 Α
2105 440 2203 496 per
2243 440 2412 497 genus
2452 425 2768 481 femininum
2793 425 3152 496 significatur,
3182 441 3285 483 nec
3326 436 3508 484 tamen
3539 446 3571 486 a
3595 430 3701 487 La-

414 539 775 597 calumniatus
817 541 903 591 est
941 546 1181 603 unquam
1208 532 1473 586 editorem
1505 531 1600 584 aut
1646 527 2000 596 interpretem

414 632 649 702 aliquem
678 628 984 682 divinarum
1009 622 1458 694 Scripturarum?
1488 620 1681 677 Dicitis
1706 620 2003 690 reprehen-

415 720 561 779 disse
584 734 684 774 nos
706 717 976 789 apostolos
1006 724 1062 772 et
1098 717 1424 784 interpretes
1443 755 1456 780 ,
1496 727 1633 784 quos
1662 719 1873 767 tantum
1899 726 2001 780 pu-

416 813 667 868 tabamus
705 823 943 879 unquam
985 806 1502 879 reprehendendos,
1551 813 1811 875 quantum
1860 817 2005 857 nunc

415 912 669 976 putamus
704 901 949 957 veritatis
975 901 1369 969 vituperatores
1407 894 1728 951 laudandos.
1759 893 2004 947 Diximus

418 1008 653 1064 namque
687 992 815 1063 quia
853 992 1178 1061 interpretes
1213 988 1520 1043 divinorum
1561 984 1895 1039 voluminum
1920 982 2031 1037 vel‘

418 1090 753 1157 exposituros
782 1100 890 1139 non
920 1088 1182 1138 curarunt
1213 1079 1438 1134 omnino
1485 1086 1670 1132 tenere
1714 1074 2008 1129 indeclina-

414 1177 595 1232 biliter
618 1175 855 1246 regulam
880 1171 1244 1244 grammatica:
1266 1170 1431 1234 artis;
1462 1168 1603 1238 quod
1624 1165 1810 1236 utique
1831 1179 2007 1234 neque

425 1265 687 1334 inperitia
708 1303 722 1327 ,
753 1278 927 1330 neque
956 1260 1163 1315 malitia
1202 1258 1465 1323 fecerunt,
1504 1257 1598 1312 sed
1638 1258 1849 1311 ratione
1876 1271 2008 1311 con-

415 1346 816 1417 desecusionis;
869 1360 930 1406 ut
968 1352 1108 1406 sicut
1148 1365 1280 1405 usus
1324 1358 1525 1405 sancta:
1573 1346 1873 1419 Scriptura:
1921 1354 2007 1403 est

417 1444 599 1498 verbis
635 1441 1071 1498 condescendere
1107 1440 1394 1504 humanis,
1426 1446 1696 1509 quatenus
1726 1438 1833 1491 vim
1867 1436 2004 1492 incf-

421 1537 600 1592 fabilis
631 1536 707 1591 rei
754 1536 992 1589 humano
1030 1548 1181 1588 more
1220 1532 1477 1602 loquens,
1526 1533 1595 1587 ad
1624 1530 1869 1586 notitiam
1910 1532 2008 1586 ho-

345 1655 348 1659 η
420 1628 627 1681 minum
651 1624 968 1688 deduceret,
999 1631 1055 1678 et
1092 1623 1350 1694 mysteria
1378 1621 1590 1677 insolita
1629 1621 1801 1677 solitis
1831 1629 2011 1676 osten-

421 1716 574 1772 deret
605 1717 798 1779 rebus;
842 1715 915 1769 ita
941 1722 995 1769 et
1039 1714 1365 1783 interpretes
1395 1712 1510 1782 ejus
1540 1728 1661 1768 eam
1693 1711 2003 1782 sequendo,

2102 517 2231 572 tinis
2265 515 2528 571 feminino
2557 529 2758 585 genere
2790 515 3009 570 dicitur.
3056 516 3349 572 Peccatum
3394 532 3612 590 quoque
3647 522 3706 578 in

2102 606 2333 662 Hebraeo
2367 607 2586 679 generis
2626 605 2916 661 masculini
2954 615 3070 670 est,
3111 608 3169 662 in
3205 605 3398 664 (ἔπιδοο
3424 609 3703 680 feminini,

2103 698 2160 753 in
2184 698 2376 755 Latino
2404 699 2613 765 neutri;
2644 702 2699 754 et
2727 712 2850 753 cum
2882 698 2936 752 in
2970 697 3270 770 Scripturis
3310 701 3498 757 multis
3539 706 3707 760 rebus

2103 787 2462 859 signiﬁcetur,
2514 786 2693 844 nullus
2751 796 2931 842 tamen
2988 788 3308 846 Latinorum
3365 808 3538 864 genus
3585 794 3706 865 ejus

2105 878 2351 941 mutavit,
2376 879 2502 948 quia
2528 893 2631 934 nec
2660 878 2844 947 aliqua
2872 878 3084 935 utilitas
3110 882 3430 951 postulavit.
3458 884 3585 942 ﬂare
3628 887 3709 943 id-

2106 967 2253 1023 circo
2298 970 2555 1036 diximus,
2593 971 2722 1041 quia
2750 987 2846 1027 vos
2889 971 3069 1027 dicitis
3104 982 3390 1043 propterea
3436 977 3705 1049 interpre-

2107 1066 2217 1113 tem
2271 1062 2567 1132 sanguines
2621 1063 2815 1132 plurali
2872 1079 3104 1121 numero
3158 1067 3534 1135 transtulisse,
3577 1072 3704 1141 quia

2107 1150 2250 1220 apud
2294 1152 2514 1209 Griecos
2547 1144 2832 1225 pluraliter
2876 1155 3128 1223 elfertur;
3172 1174 3297 1214 eum
3338 1176 3443 1216 non
3490 1162 3567 1216 ita
3610 1164 3701 1219 sit.

2110 1240 2240 1297 Sive
2267 1242 2612 1313 interpretes,
2641 1246 2755 1300 sive
2775 1249 3112 1317 expositores
3133 1249 3438 1306 divinorum
3465 1252 3707 1323 eloquio-

2106 1348 2256 1395 rum,
2301 1341 2362 1387 ut
2414 1335 2783 1406 integritatem
2840 1353 3034 1395 sensus
3077 1342 3458 1410 ostenderent,
3511 1354 3705 1400 contra

2106 1426 2515 1495 grammaticam
2549 1429 2695 1500 loqui
2724 1446 2831 1485 non
2865 1432 3166 1488 timuerunt
3190 1452 3202 1488 :
3232 1450 3367 1505 quos
3393 1452 3502 1491 non
3529 1440 3705 1493 solum

2108 1531 2215 1571 non
2257 1518 2728 1587 reprehendimus,
2753 1536 2942 1577 verum
2974 1523 3139 1578 etiam
3180 1540 3279 1594 per
3319 1543 3415 1581 eos
3455 1543 3484 1581 a
3523 1544 3708 1598 reprc-

2106 1604 2367 1663 bensione
2402 1608 2620 1666 defendi
2666 1611 2936 1682 cupimus.
2967 1612 3106 1680 Quia
3154 1615 3294 1670 sicut
3324 1616 3397 1671 illi
3449 1617 3706 1675 laudandi

2108 1697 2313 1750 suntin
2340 1696 2537 1753 verbis
2559 1708 2750 1754 contra
2786 1703 3199 1772 grammaticam
3229 1707 3476 1774 prolatis,
3505 1709 3579 1763 ita
3607 1726 3708 1765 nos

421 1809 552 1864 illud
578 1771 902 1863 studuerunt
927 1771 1270 1877 summopere
1304 1771 1634 1871 transferre,
1669 1771 1811 1860 unde
1842 1804 2011 1859 mani-
2036 1771 2086 1830 Β
2112 1785 2380 1842 meram“
2409 1807 2421 1842 ε
2458 1790 2585 1858 quia
2636 1791 2712 1846 illi
2754 1792 2950 1850 (“Vites
2988 1794 3043 1849 in
3092 1797 3292 1861 verbis.
3338 1799 3481 1855 sicut
3526 1803 3706 1858 volue-

421 1897 698 1955 festiorem
740 1912 959 1951 sensum
1003 1895 1305 1967 legentibus
1357 1895 1691 1966 prmberent,
1741 1895 1906 1949 etiam
1961 1892 2007 1948 si

422 2002 616 2048 contra
642 1989 1052 2063 grammaticam
1081 1997 1225 2045 esset
1273 1996 1527 2054 eatenus,
1571 1995 1634 2042 ιιι
1665 1996 2009 2043 sacramento

424 2082 504 2138 rei
547 2080 924 2137 concordaret.
956 2078 1024 2134 Et
1063 2079 1137 2133 ita
1167 2080 1270 2134 hoc
1299 2079 1367 2133 ad
1396 2084 1635 2133 nostram
1681 2077 2009 2148 sumpsimus

420 2170 815 2237 defensionem,
862 2178 925 2226 ut
955 2170 1098 2225 sicut
1141 2169 1264 2225 illos
1303 2169 1397 2240 qui
1425 2176 1693 2239 poterant,
1740 2167 1786 2223 si
1812 2165 2011 2222 voluis-

422 2270 585 2322 sent.
628 2262 812 2318 omnia
857 2263 1159 2318 secundum
1212 2260 1549 2330 disciplinam
1597 2258 2009 2332 grammaticam

420 2352 687 2424 proferre,
719 2352 813 2409 sed
852 2360 914 2407 ut
941 2352 1098 2407 nobis
1122 2351 1640 2414 cendesceuderent,
1669 2358 1723 2405 et
1752 2349 2010 2420 simplici-

421 2452 591 2501 tatem
625 2442 872 2498 veritatis
903 2457 1011 2497 non
1050 2442 1397 2507 desererent,
1423 2455 1532 2495 non
1560 2447 1687 2495 sunt
1716 2439 1876 2494 veriti
1912 2438 2012 2494 ali-

421 2550 529 2609 qua
557 2542 747 2590 eontra
776 2534 1026 2589 eamdem
1046 2531 1387 2603 disciplinam
1414 2531 1583 2603 loqui,
1611 2529 2012 2602 reprehendere

421 2625 604 2682 nullus
644 2624 835 2689 debet;
886 2623 960 2679 ita
986 2623 1146 2679 nobis
1172 2622 1396 2678 omnino
1435 2622 1595 2678 debet
1620 2637 1847 2697 parcere
1872 2663 1887 2689 ,
1916 2621 2010 2692 qui

418 2714 640 2775 etiamsi
674 2714 903 2771 velimus
933 2714 1116 2769 omnia
1145 2710 1442 2769 secundum
1480 2713 1891 2785 grammaticam
1932 2713 2013 2768 lo-

423 2810 518 2882 qui
536 2850 551 2876 ,
582 2824 690 2865 non
718 2822 1006 2878 possumus
1030 2847 1045 2871 ,
1079 2806 1126 2861 si
1155 2812 1339 2860 tamen
1370 2804 1528 2861 (idem
1558 2814 1767 2862 rectam
1797 2815 1854 2862 et
1888 2822 2013 2862 sen-

422 2916 543 2959 sum
582 2899 912 2956 catbolieum
942 2905 1227 2963 tenemus,
1267 2896 1323 2951 in
1351 2895 1546 2967 bisque
1585 2897 1770 2953 verbis
1816 2897 2015 2969 quibus

421 3007 714 3065 possumus
748 2991 979 3047 dicimus
1003 3031 1018 3056 ,
1069 2990 1212 3045 sicut
1262 2996 1320 3045 et
1356 3005 1452 3045 vos
1482 3002 1509 3031 ι
1545 2990 1858 3045 testimonio
1893 2988 2015 3047 Pri-

424 3081 597 3139 sciani
640 3079 960 3144 ostenditis,
992 3079 1084 3149 qui
1119 3079 1257 3133 dixit
1287 3096 1301 3133 :
1338 3097 1356 3131 ι
1392 3077 1536 3133 Nihil
1575 3077 1721 3134 enim
1750 3094 1819 3134 ex
1860 3080 2007 3134 omni

2108 1884 2256 1941 runt,
2287 1877 2570 1946 dixerunt;
2599 1895 2697 1936 nos
2723 1898 2856 1939 vero
2882 1898 3170 1954 pauperes,
3202 1896 3263 1941 ut
3291 1903 3581 1959 possumus
3608 1908 3708 1962 per

2108 1967 2391 2036 angustias
2416 1969 2707 2026 verborum
2742 1974 2983 2029 tenuiter
3011 1989 3074 2030 ea
3110 1991 3230 2046 qure
3261 1978 3506 2034 volumus
3535 1981 3708 2051 signi-

2108 2055 2353 2113 ﬁcamus.
2402 2058 2470 2113 Et
2515 2061 2563 2115 si
2606 2060 2823 2117 illorum
2884 2063 2979 2119 lilii
3027 2082 3249 2133 sumus,
3294 2076 3350 2123 ct
3395 2070 3464 2124 ab
3513 2086 3707 2127 eorum

2108 2160 2272 2203 sensu
2303 2157 2361 2204 et
2396 2148 2505 2206 ﬁde
2531 2165 2641 2206 non
2666 2166 2949 2210 erramus:
2976 2157 3121 2226 quod
3162 2158 3217 2212 in
3241 2158 3348 2215 illis
3378 2169 3617 2227 amatur,
3650 2163 3710 2217 in

2108 2238 2271 2295 nobis
2300 2239 2600 2308 toleretur;
2633 2250 2799 2315 atque
2841 2246 2888 2301 is
2923 2247 3010 2301 cui
3042 2246 3318 2318 loquimur
3358 2265 3577 2307 sensum
3625 2262 3711 2308 at-

2108 2332 2317 2398 tendat,
2344 2344 2451 2388 non
2490 2335 2687 2398 verba,
2718 2343 2779 2390 ut
2809 2337 2995 2393 audiat
3022 2338 3315 2394 consilium
3352 2341 3596 2411 Apostoli
3625 2342 3711 2398 di-

2108 2420 2323 2477 centis:
2359 2418 2488 2476 Noli
2516 2413 2685 2479 uerbis
2714 2426 3043 2482 contendere.
3077 2427 3147 2483 Et
3187 2447 3201 2482 :
3237 2428 3320 2484 Ne
3353 2431 3423 2485 sit
3449 2430 3707 2504 languens

2107 2510 2250 2565 circa
2278 2513 2590 2584 questions:
2613 2524 2661 2568 et
2685 2526 2889 2586 pugnas
2911 2516 3205 2584 verborum,
3233 2535 3299 2575 sa:
3318 2522 3508 2592 quibus
3527 2524 3711 2579 oriun-

2109 2610 2199 2656 tur
2247 2602 2491 2670 invidie,
2540 2606 2918 2674 cantantium,
2971 2607 3327 2682 blaspheme,
3376 2614 3702 2685 suspiciones

2111 2692 2291 2747 male.

2178 2782 2272 2838 IX.
2312 2784 2447 2842 illud
2471 2798 2602 2843 vero
2640 2786 2788 2860 quod
2815 2801 2939 2862 post
2974 2792 3143 2850 verba
3184 2794 3472 2852 doctorum
3519 2798 3708 2856 verbis

2110 2874 2313 2930 vestris
2335 2874 2728 2945 subjunxistis:
2765 2901 2784 2934 ι
2813 2881 2895 2937 Ita
2921 2883 3087 2957 igitur
3114 2885 3217 2942 hoc
3247 2902 3356 2944 uno
3386 2889 3549 2945 modo
3580 2904 3713 2962 apo—

2111 2963 2237 3020 stoli
2272 2973 2327 3020 et
2349 2969 2697 3041 evangelista;
2717 2980 2773 3028 et
2797 2975 2966 3030 totius
2994 2974 3190 3033 divinae
3217 2976 3512 3051 Scriptura:
3537 2982 3714 3037 inter-

2113 3066 2320 3127 pretes,
2354 3074 2478 3117 cum
2510 3066 2800 3123 catholicis
2828 3069 2948 3139 ejus
2986 3072 3411 3141 expositoribus,
3440 3075 3509 3131 ab
3539 3075 3713 3148 impe-

421 3126 906 3244 partigperfectum
932 3126 1259 3224 inbumanis
1280 3168 1443 3224 credo
1469 3183 1590 3224 esse
1614 3168 2013 3225 inventionibus
2038 3126 2085 3189 Ο
2117 3148 2257 3244 mli”
2299 3150 2573 3244 camini“?
2622 3156 3023 3216 ι’θιίοηδδίίίιθτ
3048 3160 3265 3218 ἀθῖθηάί
3310 3174 3533 3235 queunt-
3565 3164 3715 3223 Νίίιίι

652 3350 1037 3423 Assumpsistis
1081 3349 1339 3423 grandem
1382 3350 1645 3418 laborem,
1675 3368 1783 3423 non
1825 3365 2016 3406 neces-

420 3443 647 3507 sarium,
678 3441 834 3513 quasi
879 3441 1231 3498 defendentes
1278 3441 1685 3512 evangelistam,
1713 3442 1799 3499 vel
1842 3443 2016 3497 inter-

420 3543 662 3607 pretem,
697 3531 842 3604 quod
886 3549 996 3589 non
1046 3532 1249 3589 frustra
1294 3532 1379 3588 vel
1425 3533 1755 3605 evangelista
1788 3533 2020 3589 ediderit

419 3626 506 3683 vel
536 3625 806 3696 interpres
832 3625 1175 3681 transtulerit
1203 3624 1402 3696 plurali
1445 3640 1673 3680 numero
1702 3626 2014 3697 sanguines,

419 3717 719 3773 secundum
766 3716 911 3786 quod
943 3724 1096 3771 certa
1148 3717 1289 3771 ratio
1333 3716 1665 3788 postulavit:
1694 3732 1858 3787 quam
1901 3732 2016 3772 rem

418 3824 528 3864 non
559 3806 736 3863 solum
764 3823 874 3863 non
901 3807 1377 3880 reprehendimus,
1408 3808 1504 3864 sed
1534 3823 1710 3880 neque
1741 3809 1810 3864 ab
1837 3809 2017 3879 impiis

420 3899 724 3954 audivimus
753 3913 994 3969 unquam
1028 3899 1439 3968 reprehensam.
1465 3898 1534 3954 Et
1559 3914 1683 3954 cum
1713 3899 1767 3953 iu
1798 3899 1901 3954 bac
1924 3900 2017 3954 de-

419 3986 663 4043 fensioue
703 3994 991 4057 tantopere
1028 3986 1434 4055 laboraveritis,
1467 3989 1601 4043 nihil
1632 3989 1789 4045 nobis
1831 4000 2016 4046 vestro

419 4075 605 4131 labore
632 4076 966 4132 innotuistis.
995 4075 1116 4131 Jam
1144 4078 1292 4133 enim
1323 4079 1629 4149 legeramus
1667 4088 1887 4136 sanctos
1918 4081 2016 4136 do-

419 4172 599 4221 ctores
637 4165 713 4220 ita
760 4166 1096 4234 exposuisse,
1144 4166 1289 4235 quod
1332 4168 1601 4237 interpres
1650 4169 1772 4224 ideo
1820 4170 2014 4241 plurali

421 4268 652 4309 numero
693 4255 982 4327 sanguines
1009 4256 1069 4310 in
1090 4256 1194 4312 hoc
1239 4256 1358 4312 loco
1401 4259 1695 4325 transtulit,
1733 4261 1862 4330 quia
1890 4277 2013 4317 sen-

2116 3240 2264 3294 enim
2291 3243 2520 3299 omnino
2542 3255 2734 3302 contra
2764 3249 3005 3320 regulam
3040 3254 3404 3322 grammaticte
3431 3255 3711 3323 dixerunt,

2117 3334 2262 3403 quod
2303 3350 2427 3391 non-
2454 3338 2532 3393 ita
2579 3349 2672 3395 aut
2717 3344 2859 3399 ratio
2895 3345 3097 3416 aliqua,
3132 3357 3226 3402 aut
3265 3365 3426 3405 causa
3466 3354 3715 3423 mySterii

2118 3425 2228 3481 dici
2269 3428 2530 3499 exigeret.
2554 3451 2573 3484 ι
2603 3432 2687 3488 Ab
2714 3433 2803 3489 his
2829 3436 3011 3493 verbis
3039 3441 3237 3496 vestris
3269 3442 3498 3497 multum
3536 3447 3717 3501 (cclc-

2117 3518 2323 3574 siastici
2367 3522 2617 3580 doctores
2648 3525 2946 3584 dissonant.
2992 3530 3283 3603 Exiguitati
3328 3542 3529 3589 nostra:
3561 3537 3718 3591 vide—

2118 3617 2211 3663 tur
2232 3611 2375 3681 quod
2404 3628 2581 3684 neque
2607 3631 2705 3672 vos
2730 3633 2906 3689 neque
2928 3636 3028 3676 nos
3052 3621 3119 3677 de
3145 3622 3248 3679 hac
3274 3640 3335 3679 re
3360 3625 3563 3697 aliquid
3589 3642 3717 3681 scn-

2116 3702 2222 3757 tire
2270 3710 2365 3757 aut
2408 3705 2589 3763 dicere
2634 3708 2924 3778 debemus,
2972 3713 3080 3768 nisi
3115 3729 3178 3769 ea
3213 3731 3335 3785 qua:
3377 3716 3719 3774 orthodoxos

2117 3794 2409 3864 magistros
2436 3798 2680 3854 sensisse
2722 3810 2814 3856 aut
2859 3802 3062 3859 dixisse
3101 3804 3347 3876 legimus.
3385 3805 3492 3862 ista
3530 3816 3718 3865 tamen

2121 3882 2449 3942 inconcussa
2497 3897 2553 3944 et
2602 3889 2759 3946 ﬁrma
2812 3895 3110 3951 auctoritas
3159 3894 3373 3952 illorum
3427 3910 3716 3954 auctorum

2113 3983 2221 4042 est,
2253 3992 2353 4047 per
2373 3993 2510 4048 quos
2538 3978 2773 4051 Spiritus
2797 3991 3018 4040 sanctus
3039 3985 3173 4041 Novi
3198 3996 3254 4042 et
3277 3988 3489 4044 Veteris
3519 3989 3720 4045 Testa-

2115 4068 2283 4123 menti
2316 4070 2589 4127 volumina
2619 4072 2887 4142 confecit;
2934 4077 3001 4132 de
3050 4079 3248 4148 quibus
3297 4079 3424 4135 nulli
3470 4097 3718 4151 unquam

2114 4158 2319 4214 homini
2368 4160 2522 4217 licuit
2569 4171 2664 4218 aut
2707 4164 2836 4221 licet
2860 4168 3101 4238 cogitare
3134 4170 3216 4226 vel
3263 4172 3428 4227 unam
3468 4173 3715 4230 litteram

2110 4249 2269 4304 aliter
2296 4264 2392 4307 eos
2416 4253 2599 4309 dicere
2634 4255 2886 4313 debuisse
2918 4276 3083 4330 quam
3114 4261 3402 4329 dixerunt,
3448 4265 3710 4333 quoniam

419 4359 542 4400 sum
569 4345 932 4416 evangelista),
962 4362 1122 4418 quem
1149 4346 1242 4403 ille
1281 4348 1337 4402 in
1376 4347 1565 4405 Gnaeo
1590 4350 1774 4416 edidit,
1806 4352 1911 4407 ιιοο
1952 4352 2007 4408 in
2110 4356 2300 4396 eorum
2329 4345 2625 4402 auctoritas
2658 4347 2866 4406 ﬁrmior
2905 4364 2989 4408 est
3018 4353 3157 4409 coelo
3200 4370 3266 4410 ac
3309 4363 3472 4419 terra,
3512 4371 3720 4412 secun-

418 4431 615 4489 Latino
644 4432 946 4489 transferre
973 4433 1133 4489 aliter
1175 4450 1284 4491 non
1333 4438 1536 4507 potuit;
1582 4454 1690 4493 non
1731 4440 1873 4495 sicut
1912 4455 2009 4498 vos
2033 4463 2087 4523 Β
2112 4433 2240 4490 dum
2278 4437 2421 4507 quod
2470 4437 2733 4496 Dominus
2769 4441 2885 4497 ait:
2919 4441 3160 4500 Facilius
3191 4455 3268 4501 est
3311 4446 3496 4502 caelum
3524 4457 3573 4502 et
3603 4457 3721 4504 ter-

419 4525 602 4581 dieitis
629 4534 916 4597 propterea
947 4525 1104 4591 fecit,
1132 4528 1261 4597 quia
1296 4526 1351 4583 in
1394 4526 1585 4585 Grzeeo
1613 4530 1896 4602 pluraliter
1929 4533 2011 4588 in-
2112 4544 2229 4581 ram
2273 4529 2532 4597 transire,
2575 4549 2735 4604 quam
2775 4534 2841 4589 de
2889 4535 2999 4608 lege
3044 4555 3209 4593 unum
3254 4541 3454 4611 apicem
3497 4541 3712 4597 cadere.

417 4616 586 4672 venit.
617 4616 752 4671 Nam
782 4626 909 4672 sunt
947 4617 1117 4673 multa
1160 4619 1381 4675 nomina
1421 4637 1542 4691 qua:
1572 4622 1627 4676 in
1657 4621 1886 4678 Hebraeo
1928 4625 2011 4680 vel
2111 4617 2241 4675 Post
2265 4621 2364 4676 hos
2388 4637 2603 4694 quoqm:
2627 4623 3105 4686 llrma‘auctoritas
3132 4638 3216 4685 est
3243 4629 3594 4702 Septuaginta
3623 4633 3719 4689 ln-

417 4707 608 4763 Graeco
636 4708 862 4765 alterius
885 4711 1102 4779 generis
1127 4718 1222 4764 aut
1250 4711 1460 4766 numeri
1485 4727 1606 4767 esse
1634 4713 2008 4784 inveniuntur,
2113 4718 2435 4781 telpremm.
2466 4729 2602 4784 quos
2630 4725 2847 4773 CODStal
2891 4727 3019 4774 ante
3065 4720 3355 4775 adventum
3396 4720 3607 4777 Domini
3640 4724 3717 4780 de

416 4813 527 4855 non
563 4797 681 4867 ejus
707 4798 858 4869 cujus
884 4809 1012 4854 sunt
1050 4800 1104 4854 in
1153 4800 1426 4856 Latinum.
1459 4800 1570 4858 Nec
1614 4810 1794 4861 tamen
1837 4806 2009 4862 inter-
2112 4800 2382 4861 Hebraicn
2407 4806 2460 4860 in
2497 4806 2748 4864 Grazcum
2794 4810 3066 4881 eloquium
3097 4810 3263 4867 Vetus
3295 4811 3716 4872 Testamentum

416 4903 545 4961 pres
578 4889 766 4944 eodem
796 4904 994 4960 genere
1035 4907 1143 4961 quo
1170 4892 1403 4957 invenit,
1452 4893 1751 4950 transferre
1776 4898 2008 4966 curavit,
2110 4896 2475 4953 transtulisse.
2531 4899 2847 4970 lnterpretis
2893 4917 3109 4973 quoque
3153 4905 3327 4959 nostri
3388 4900 3713 4977 Hieronymi

415 4979 543 5049 quia
570 4978 715 5034 nulla
751 4980 1050 5036 necessitas
1090 4982 1363 5052 compulit.
1407 4982 1580 5050 Sicut,
1611 4986 1762 5042 verbi
1802 4991 2000 5060 gratia,
2102 4988 2406 5059 presbyteri
2432 4988 2608 5045 ﬁdelis
2642 4999 2727 5047 est
2749 4992 2935 5056 editio,
2976 5009 3097 5063 quze
3126 4995 3193 5049 de
3222 4992 3490 5052 Hebraico
3518 4997 3571 5051 in
3603 4997 3702 5052 La-

416 5070 646 5143 Spiritus
674 5074 816 5144 apud
849 5071 1128 5137 Hebraeos,
1159 5090 1356 5145 genere
1404 5075 1605 5132 dicitur
1635 5077 1911 5149 feminino,
1947 5092 2004 5139 et
2103 5079 2275 5132 tinum
2304 5080 2590 5152 magniﬁce
2619 5083 2917 5138 transtulit.
2965 5083 3214 5140 Fuerunt
3240 5096 3504 5155 praeterea
3535 5088 3713 5159 aliqui

414 5175 538 5216 cum
568 5164 640 5218 sit
685 5164 739 5218 in
778 5164 975 5219 Latino
999 5164 1214 5235 generis
1261 5165 1571 5232 masculini,
1612 5169 1788 5225 nullus
1830 5172 2000 5228 inter—
2103 5170 2396 5225 venerandi
2424 5172 2681 5228 catholici
2721 5174 3048 5245 interpretes
3088 5175 3301 5244 Latini,
3349 5179 3441 5249 qui
3471 5178 3714 5250 Septua-

414 5262 626 5323 pretum
656 5256 982 5314 Hebraicum
1021 5273 1253 5327 sequens
1281 5273 1479 5329 genere
1508 5258 1768 5318 feminino
1801 5264 1857 5320 in
1899 5266 2003 5322 La-
2104 5267 2253 5337 ‘ginta
2290 5266 2585 5323 editionem
2622 5269 2678 5323 in
2705 5269 2957 5325 Latinum
2984 5273 3379 5330 transtulerunt
3406 5278 3712 5348 eloquium.

414 5344 530 5398 tino
554 5360 756 5414 ponere
780 5348 1026 5414 tentavit,
1053 5348 1217 5402 etiam
1246 5363 1367 5401 cum
1408 5350 1705 5403 necessitas
1730 5364 1997 5421 posceret.
2104 5356 2275 5412 Extra
2318 5359 2419 5413 hos
2464 5357 2647 5428 itaque
2690 5359 2845 5415 multi
2881 5358 3099 5417 fuerunt
3142 5364 3466 5435 interpretes
3508 5344 3716 5439 repre-

359 5426 366 5433 ’
417 5430 552 5486 Nam
589 5433 863 5491 invenitur
911 5438 967 5492 in
1012 5436 1312 5507 Scripturis
1358 5436 1446 5491 ubi
1500 5436 1734 5507 Spiritus
1781 5454 2001 5502 sanctus
2104 5451 2423 5516 hensibiles,
2446 5460 2502 5506 et
2523 5426 2671 5520 iuste
2695 5453 3040 5524 reprehensi;
3070 5456 3212 5512 sicut
3238 5426 3313 5511 illi
3342 5426 3703 5519 famosissimi

1775 5534 1859 5591 BA
1869 5538 2047 5599 LUle
2078 5544 2312 5602 NOTAE.

486 5616 1211 5713 ilex-lintea:Erisciuni,
1248 5627 1478 5710 insignis
1507 5631 1862 5713 grammatici,
1908 5638 2002 5706 qui
2114 5640 2297 5713 Lupus
2328 5638 2695 5713 Ferrariensis
2732 5641 2785 5695 in
2816 5640 3041 5712 cpistola
3059 5644 3149 5713 34,
3177 5655 3232 5703 ct
3266 5647 3319 5704 in
3343 5645 3483 5706 libro
3509 5648 3579 5707 de
3610 5652 3707 5709 tri-

416 5687 680 5782 manibus
725 5687 1396 5782 erudito-rum'yominuin
1435 5687 1680 5782 indxinre
1728 5687 2005 5782 terel'iaiur

421 5773 520 5832 per
543 5773 638 5817 eas
668 5769 1033 5832 tempestates.
1063 5763 1215 5821 linire
1244 5783 1407 5837 porro
1435 5770 1614 5826 locum
1638 5772 1821 5828 laudat
1842 5778 2006 5834 etiam
