4048 6178
338 296 445 357 163
938 361 949 373 ,
1444 312 1573 371 LIB.
1614 313 1987 376 ADVERS‘US
2023 318 2488 405 FBEBEGISUM.
3512 343 3532 399 i
3544 343 3611 401 66

327 422 657 526 interpretes
678 418 1044 491 judaizantes,
1070 432 1125 480 et
1149 425 1410 493 bzerctici,
1438 443 1464 472 ι
1482 430 1674 501 Aquila
1697 433 1927 498 scilicet,
1959 436 2008 495 Α
2035 434 2306 492 mentibus
2354 439 2719 507 apostolorum
2760 441 2989 514 infudit,
3028 450 3386 508 rusticitatem
3434 458 3613 526 potius

324 522 383 565 ct
411 510 458 565 Τ
460 510 734 619 beodotio,
764 528 831 569 ac
873 513 1263 587 Symmachus;
1293 532 1361 575 ex
1389 523 1585 591 quibus
1614 539 1757 579 unus
1794 524 1925 579 fecit
2022 536 2122 591 per
2156 539 2251 582 eos
2285 541 2446 596 quam
2475 531 2813 590 nobilitatem
2850 510 3270 612 uniuscujusque
3313 510 3608 619 linguai;

325 601 463 656 duas
490 601 761 658 editiones
803 604 951 658 inter
976 620 1036 660 se
1060 607 1422 665 dissonantes.
1470 611 1714 669 Fuerunt
1756 614 1920 669 etiam
2022 621 2207 669 cutum
2246 631 2385 674 esse.
2411 638 2430 672 ι
2477 619 2603 676 Huic
2638 639 2747 693 qua
2792 601 3092 684 intentione
3118 601 3610 701 digeritisfnullus

325 690 503 746 Latini
535 692 725 763 aliqui,
751 709 892 764 quos
931 694 1294 769 Hieronymus
1316 700 1602 772 presbyter
1628 704 1922 774 reprehen—
2021 716 2208 760 eorum
2239 707 2332 776 qui
2359 709 2531 765 otiosa
2560 690 2707 783 loqui
2735 716 2946 784 timent,
2978 720 3306 792 intelligent;

321 784 405 836 dit
439 783 494 837 in
523 783 634 843 illis
674 785 868 853 utique
894 788 1326 856 praefationibus,
1354 806 1491 861 quas
1525 795 1822 864 prteposuit
1848 795 1919 850 lia-

319 873 441 929 bris
478 890 619 945 quos
647 876 715 931 de
738 875 949 932 Graecis
977 877 1033 932 in
1061 877 1315 935 Latinum
1360 890 1452 935 aut
1501 884 1795 951 transtulit,
1825 892 1920 940 aut

316 965 672 1033 emendavit;
726 968 871 1023 sicut
930 968 987 1025 in
1039 968 1130 1023 illa
1185 970 1507 1040 prmfatione
1556 990 1719 1045 quam
1760 974 1915 1045 juxta

317 1055 569 1112 Graecam
595 1058 1033 1115 emendationem
1061 1061 1115 1116 in
1145 1060 1286 1117 libro
1322 1063 1467 1119 beati
1496 1063 1598 1120 Job
1632 1067 1789 1133 fecit,
1832 1085 1919 1125 as-

317 1163 510 1205 serens
530 1149 677 1219 quod
699 1149 847 1213 idem
885 1150 1026 1206 liber
1042 1152 1199 1220 apud
1226 1152 1450 1209 Latinos
1479 1155 1553 1210 ita
1577 1167 1694 1212 erat
1721 1159 1916 1217 decur—

318 1248 488 1304 tatus,
518 1255 907 1311 conrosusque,
939 1248 1000 1295 ut
1040 1240 1340 1299 fmditatem
1381 1261 1535 1300 suam
1572 1249 1789 1318 publice
1835 1251 1915 1306 le-

314 1332 571 1402 gentibus
597 1331 930 1388 ostenderet.
955 1333 1049 1389 Sic
1071 1334 1237 1389 etiam
1267 1334 1322 1390 in
1349 1336 1472 1391 aliis
1491 1337 1623 1394 locis
1647 1341 1909 1409 quosdam

316 1422 670 1491 reprehendit
694 1423 1042 1495 interpretes.

384 1509 458 1564 Χ.
488 1509 616 1566 Haec
639 1510 709 1565 de
739 1511 1128 1581 interpretibus
1156 1514 1361 1571 idcirco
1388 1516 1460 1571 ita
1495 1518 1747 1586 dicimus,
1779 1522 1907 1592 quia

312 1601 567 1671 magistri
600 1600 866 1671 speciales
893 1617 1001 1657 non
1029 1618 1219 1661 omnes
1246 1607 1528 1675 aequaliter
1562 1619 1903 1679 receperunt,

313 1699 409 1746 aut
441 1690 811 1748 indiderenter
836 1692 1213 1761 laudaverunt,
1247 1697 1391 1752 sicut
1424 1713 1519 1754 vos
1550 1698 1730 1756 facere
1757 1703 1906 1758 vide-

2020 792 2125 848 hoc
2144 796 2311 851 etiam
2348 798 2505 854 nobis
2529 801 2736 858 crimen
2766 810 3151 877 superadditis,
3183 815 3338 882 quasi
3384 819 3605 873 rustic:-

2021 883 2148 940 tatis
2172 889 2633 957 reprehendamus
2681 893 2945 965 Spiritum
2975 911 3242 959 sanctum.
3273 905 3427 972 Quod
3455 911 3500 965 si
3531 910 3604 965 ita

2017 984 2125 1041 est,
2155 976 2209 1031 id
2236 987 2342 1046 est,
2374 981 2468 1036 tali
2498 982 2797 1042 intentione
2839 988 2944 1044 ista
2983 990 3182 1060 dicitis,
3214 997 3347 1065 quid
3388 998 3458 1053 ad
3486 1000 3603 1056 haec

2016 1070 2348 1163 respondere
2390 1075 2683 1143 possimus,
2715 1080 2862 1135 nisi:
2893 1081 3015 1153 ipse
3056 1087 3393 1145 occultorum
3422 1093 3607 1163 cogni-

2016 1164 2126 1251 tor,
2174 1159 2418 1217 sordium
2468 1166 2642 1230 testis,
2691 1176 2967 1226 scrutator
3009 1187 3223 1242 renum,
3265 1159 3606 1251 omnipotens

2014 1246 2160 1303 Deus
2187 1251 2390 1318 videat,
2434 1262 2490 1308 et
2530 1255 2733 1312 audiat.
2773 1260 2942 1315 Extra
2970 1263 3075 1319 hoc
3104 1274 3283 1322 autem
3313 1246 3455 1339 quod
3498 1274 3605 1329 tale

2012 1340 2353 1412 sacrilegium
2376 1344 2535 1401 nobis
2561 1347 2862 1420 impingere
2885 1353 3164 1422 videmini,
3188 1369 3413 1428 apparet
3436 1362 3600 1418 etiam

2010 1429 2065 1484 in
2096 1431 2183 1486 his
2217 1434 2398 1489 verbis
2426 1438 2624 1493 vestris
2661 1442 2806 1508 quod
2832 1441 2910 1496 ita
2938 1438 3189 1502 sontiatis
3215 1449 3282 1504 de
3322 1452 3603 1521 prophetis

2007 1527 2063 1574 et
2092 1522 2368 1591 apostolis,
2401 1533 2461 1578 ut
2505 1540 2610 1581 non
2640 1528 2815 1584 solum
2844 1547 3064 1589 sensum
3092 1538 3515 1609 praedicationis,
3545 1551 3604 1599 et

2007 1611 2195 1667 modos
2217 1613 2302 1669 vel
2327 1626 2647 1685 argumenta
2676 1619 2974 1679 dictionum
3007 1623 3241 1696 Spiritus
3271 1641 3493 1688 sanctus
3516 1634 3607 1691 eis

2007 1700 2374 1771 inspiraverit,
2426 1707 2521 1760 sed
2568 1708 2734 1763 etiam
2778 1710 2890 1780 ipsa
2943 1716 3246 1784 corporalia
3288 1719 3454 1775 verba
3499 1737 3598 1777 ex-

313 1784 447 1839 mini
467 1825 484 1850 ,
510 1799 688 1855 neque
730 1785 987 1842 omnibus
1018 1788 1299 1857 aequaliter
1331 1789 1492 1846 ﬁdem
1520 1791 1901 1848 adhibuerunt.
1931 1786 1981 1844 B
2010 1791 2277 1847 trinsecus
2303 1794 2358 1849 in
2383 1809 2481 1850 ora
2519 1797 2735 1853 illorum
2763 1800 2881 1870 ipse
2905 1801 3244 1863 formaverit.
3270 1807 3423 1876 Quod
3451 1812 3497 1867 si
3523 1812 3603 1869 ita

312 1875 390 1931 De
414 1877 819 1946 expositoribus
859 1893 1077 1951 quoque
1116 1880 1287 1936 multo
1314 1882 1478 1937 aliter
1502 1898 1668 1953 quant
1695 1899 1794 1940 vos
1824 1886 1907 1940 di-

310 1968 457 2027 citis.
484 1969 676 2027 beatus
712 1969 878 2026 Pater
919 1971 1253 2044 Augustinus
1298 1977 1592 2031 tenendum
1636 1979 1899 2033 tradidit:

309 2060 405 2132 qui
437 2077 551 2117 non
582 2063 758 2118 solum
786 2064 856 2119 de
882 2065 991 2120 illis
1031 2067 1122 2137 qui
1158 2069 1470 2138 reprehensi
1506 2080 1633 2126 sunt
1664 2088 1695 2127 a
1720 2074 1901 2129 docto-

308 2151 483 2213 ribus.
508 2154 679 2209 etiam
719 2155 787 2210 de
818 2156 1240 2225 probatissimis.
1268 2160 1323 2213 in
1342 2158 1489 2214 libro
1514 2176 1674 2231 quem
1714 2163 1906 2218 adver-

228 2246 241 2251 ”
308 2259 402 2300 sus
426 2243 694 2301 Faustum
735 2246 1088 2303 Manicheum
1129 2250 1364 2319 scripsit,
1393 2250 1469 2305 ita
1499 2250 1630 2307 dicit
1654 2269 1670 2307 :
1701 2270 1722 2304 ‹
1748 2252 1904 2321 Quod

306 2350 482 2407 genus
522 2335 862 2404 litterarum,
902 2338 957 2393 id
1000 2347 1117 2406 est,
1158 2342 1588 2412 expositionum,
1622 2359 1732 2399 non
1775 2359 1903 2412 cum

307 2426 944 2496 eralendinecessitate,
971 2430 1066 2486 sed
1090 2445 1217 2486 cum
1243 2430 1523 2500 iudicandi
1550 2433 1802 2494 libertate
1824 2436 1904 2492 le-

307 2519 547 2591 gendum
578 2528 685 2576 est.
727 2520 842 2577 Soli
884 2537 1117 2593 namque
1161 2524 1357 2582 divina:
1385 2526 1733 2584 auctoritatis
1775 2528 1903 2584 libri

307 2610 693 2682 legendistmt,
719 2626 826 2668 non
868 2626 992 2668 cum
1010 2612 1289 2683 iudicanti
1327 2616 1599 2684 libertate,
1640 2618 1739 2675 sed
1776 2630 1902 2675 cum

308 2700 569 2757 credendi
604 2703 947 2759 necessitate.
980 2703 1155 2771 Quam
1196 2705 1428 2762 formam
1467 2707 1755 2779 Apostolus
1792 2717 1906 2765 tra-

2010 1881 2244 1943 sentitis,
2268 1892 2470 1952 quanta
2494 1888 2806 1945 absurditas
2827 1903 3084 1962 sequetur
3103 1898 3226 1965 quis
3251 1899 3600 1959 dinumerare

2006 1974 2241 2041 poterit?
2267 1974 2334 2053 Et
2367 1977 2421 2031 in
2452 1979 2642 2049 primis
2677 1983 2919 2051 quidem,
2947 1992 3008 2040 ut
3045 1996 3204 2043 caute
3237 1990 3480 2048 scientiae
3506 2009 3602 2050 ve-

2004 2066 2135 2123 stra;
2181 2060 2485 2134 loquamur,
2525 2071 2888 2127 recordamini
2939 2074 3071 2145 quid
3116 2076 3324 2149 Moyses
3370 2082 3600 2140 Domino

2005 2149 2170 2216 dicat,
2202 2168 2328 2208 cum
2360 2169 2419 2210 se
2453 2168 2743 2215 excusaret
2776 2177 2847 2217 ne
2887 2165 2954 2218 ad
2984 2163 3325 2224 Pharaonem
3355 2162 3618 2230 mittere-h

1985 2247 2129 2308 'tur,
2149 2258 2403 2302 asserens
2430 2261 2491 2303 se
2531 2250 2749 2320 gracilis
2791 2266 2913 2309 esse
2957 2257 3108 2313 vocis
3149 2266 3205 2314 et
3237 2259 3601 2330 impeditior-is

2005 2330 2221 2405 lingua.
2252 2335 2353 2392 Cui
2398 2337 2659 2396 Dominus
2692 2357 3036 2414 nequaquam
3074 2350 3371 2419 respondit,
3402 2351 3597 2410 Menti-

2005 2425 2111 2493 ris;
2157 2428 2253 2483 sed
2280 2443 2528 2485 annuens
2550 2433 2878 2502 obsecranti,
2907 2436 2984 2491 ait
3008 2455 3022 2490 ε
3048 2437 3188 2495 Ecce
3213 2439 3392 2497 Aaron
3429 2444 3631 2513 {rulers

2004 2523 2151 2583 tum,
2176 2518 2286 2572 scio
2310 2519 2452 2590 quod
2478 2519 2724 2593 eloquens
2754 2524 2826 2578 sit
2844 2541 2865 2580 :
2899 2526 3010 2595 ipse
3041 2530 3139 2582 erit
3161 2531 3411 2601 propheta
3435 2543 3596 2592 tuus:

2004 2610 2063 2658 tu
2089 2602 2320 2677 loqueris
2360 2606 2431 2661 ad
2471 2623 2614 2675 aut,
2643 2618 2693 2665 et
2725 2610 2816 2667 ille
2848 2612 3094 2685 loquetur
3127 2618 3199 2672 ad
3236 2618 3591 2678 Pharaonem.

2000 2691 2281 2750 Attendite
2301 2696 2429 2766 quia
2457 2697 2505 2753 ai
2533 2700 2828 2756 secundum
2855 2716 2952 2758 vos
2979 2704 3096 2774 ipsa
3137 2707 3302 2762 verba
3336 2723 3595 2782 corpora-

307 2792 452 2847 didit
492 2793 685 2850 dicens
705 2807 721 2848 :
744 2791 981 2865 Spiritus
1014 2795 1178 2851 nolite
1212 2798 1561 2869 eratneque",
1606 2798 1905 2871 prophetia

2006 2783 2074 2841 lia
2103 2786 2169 2841 in:
2185 2801 2283 2843 ore
2309 2787 2482 2860 Moysi
2509 2792 2755 2848 sonantia
2780 2791 2901 2863 ejus
2928 2805 3108 2863 erant,
3137 2805 3194 2854 et
3221 2814 3324 2856 vox
3351 2815 3473 2872 qua:
3500 2819 3590 2861 so-

306 2879 474 2936 nolt'te
497 2898 762 2953 spernere,
785 2885 964 2939 omnia
985 2895 1161 2940 autem
1184 2886 1419 2958 probate,
1438 2888 1580 2959 quod
1605 2889 1797 2945 bonum
1826 2899 1903 2945 est

2006 2878 2191 2942 nabat,
2218 2894 2388 2949 quare
2409 2894 2540 2952 ergo
2565 2883 2785 2954 gracilis
2823 2888 2966 2942 vox?
2991 2901 3161 2957 quare
3198 2903 3331 2961 ergo
3366 2892 3596 2963 impedi-

305 2982 502 3039 am,
526 2973 594 3028 ab
623 2976 765 3029 omni
787 2977 957 3047 specie
982 2976 1125 3032 mata
1152 2977 1407 3035 abstinete
1433 2997 1541 3036 nos.
1572 2981 1630 3036 ιιι
1658 2983 1762 3038 hoc
1782 2982 1902 3039 loco
2002 2967 2110 3023 ιίυτ
2135 2971 2352 3027 sermo?
2373 2970 2559 3028 Aaron
2581 2982 2700 3028 erat
2726 2977 2988 3047 propheta
3014 2976 3205 3049 Moysi.
3232 2979 3441 3052 Moyses
3466 2998 3594 3054 pro-

305 3063 592 3133 apostolus
618 3062 819 3137 Paulus
845 3066 1162 3135 prophetias
1189 3067 1329 3122 dixit
1356 3068 1632 3126 doctrinas
1655 3076 1712 3126 et
1735 3084 1902 3140 expo-

2006 3058 2163 3128 pbeta
2196 3060 2313 3115 Dei.
2353 3060 2535 3128 Quare
2566 3078 2697 3133 ergo
2742 3065 3020 3122 robustior
3062 3082 3166 3124 vox
3200 3077 3255 3123 et
3291 3073 3596 3142 expeditior

306 3155 544 3210 sitiones
572 3154 879 3220 doctonun,
907 3157 1048 3210 s‘cut
1074 3156 1201 3212 alibi
1237 3156 1478 3212 insinuat
1506 3158 1730 3215 dicens:
1762 3138 1900 3214 nm
1927 3138 1974 3202 C
2005 3163 2189 3206 senm
2231 3152 2287 3206 in
2324 3154 2590 3222 propheta
2633 3153 2800 3226 Marsi
2847 3170 3010 3226 qum
3057 3158 3112 3213 in
3155 3138 3419 3230 prouincia
3464 3164 3598 3219 om

308 3245 479 3315 pheta
496 3245 609 3299 duo
628 3254 721 3299 aut
750 3255 855 3300 tres
874 3244 1077 3312 dicunt,
1102 3255 1150 3300 et
1174 3248 1354 3302 caueri
1375 3248 1670 3319 diiudicent
1698 3249 1750 3321 (1
1773 3248 1899 3305 Cor.

312 3354 425 3405 xiv,
454 3337 568 3409 ἓ).
592 3337 711 3394 Non
741 3338 887 3394 illam
916 3340 1256 3410 prophetiam
1279 3340 1348 3395 de
1373 3355 1480 3411 qua
1510 3342 1786 3411 apostolus
1808 3342 1903 3398 Pe-

312 3437 433 3484 trus
458 3429 575 3484 ait:
603 3427 727 3484 Non
754 3430 892 3489 enim
920 3428 1183 3483 voluntate
1219 3429 1453 3485 humana
1493 3431 1660 3485 allata
1687 3441 1764 3486 est
1800 3431 1903 3486 ali-

310 3522 525 3593 ponde
552 3521 844 3591 prophetia,
868 3520 961 3575 sed
990 3519 1196 3591 Spiritu
1240 3528 1427 3575 sancto
1468 3522 1711 3593 iuspt'rati
1739 3522 1903 3578 locuti

311 3620 435 3667 sunt
462 3613 634 3666 sancti
663 3610 758 3666 Dei
782 3612 1041 3666 homines.
1067 3630 1088 3664 ι
1305 3670 1319 3685 ,

378 3703 474 3760 ιι.
498 3702 630 3760 Haec
654 3703 837 3759 omnia
876 3703 1079 3759 idcirco
1112 3702 1367 3770 dicimus,
1389 3712 1451 3759 ut
1476 3711 1738 3774 appareat
1774 3703 1903 3776 quia

311 3812 483 3869 quam
510 3794 711 3864 injuste
738 3811 771 3851 a
798 3794 955 3851 vobis
992 3795 1368 3862 criminamur,
1408 3810 1534 3852 cum
1582 3796 1765 3852 dicitis
1803 3810 1905 3852 nos

310 3889 738 3961 reprehensores
765 3887 1137 3959 apostolorum
1162 3897 1220 3943 et
1245 3887 1547 3943 divinarum
1594 3887 1904 3959 Scriptura-

310 3995 437 4036 rum
473 3991 616 4045 esse,
660 3988 773 4033 tam
812 3978 1015 4051 injuste
1051 3978 1138 4033 vel
1177 3978 1357 4049 potius
1384 3978 1415 4020 ιι
1445 3977 1612 4033 uiuite
1651 3977 1905 4046 iniustius

2004 3238 2258 3311 Nunquid
2295 3251 2351 3298 et
2380 3244 2484 3299 hoc
2524 3244 2740 3311 vitium,
2769 3247 3147 3318 gracilitatem
3175 3251 3388 3309 scilicet
3423 3255 3596 3325 vocis,

2004 3341 2062 3388 et
2102 3334 2303 3405 lingua:
2350 3334 2759 3405 impeditionem
2806 3336 3033 3409 Spiritui
3078 3352 3271 3398 sancto
3305 3344 3599 3401 tribuetis?

2006 3423 2198 3481 Restat
2227 3439 2358 3495 ergo
2386 3433 2445 3479 ut
2481 3426 2621 3482 sicut
2648 3428 2954 3484 ministerio
2979 3431 3226 3503 angelico
3248 3447 3357 3489 vox
3394 3436 3597 3490 articu-

2004 3514 2112 3570 lata
2149 3516 2380 3571 formata
2413 3526 2499 3573 est
2525 3518 2581 3572 in
2609 3533 2705 3574 ore
2732 3519 2918 3585 asinae,
2963 3522 3039 3577 ita
3063 3521 3260 3581 dicatis
3291 3525 3510 3582 formari
3538 3528 3598 3582 in

2004 3621 2101 3662 ore
2133 3607 2542 3677 prophetarum.
2570 3608 2637 3663 Et
2667 3617 2797 3666 tunc
2824 3611 2949 3667 talis
2982 3614 3149 3668 etiam
3174 3616 3481 3672 absurditas
3511 3632 3597 3673 se.

2005 3706 2217 3767 quetur,
2248 3707 2309 3754 ut
2337 3699 2384 3754 si
2422 3700 2515 3753 tali
2540 3701 2703 3756 modo
2727 3702 2893 3758 verba
2921 3712 2977 3759 et
3003 3719 3163 3760 voces
3187 3705 3477 3761 verborum
3505 3722 3600 3763 ac-

2004 3799 2296 3859 ceperunt,
2339 3804 2560 3847 sensum
2609 3793 2943 3864 ignorarent.
2982 3794 3095 3850 Sed
3122 3797 3263 3851 absit
3303 3797 3427 3852 talia
3455 3798 3593 3854 dolio

2005 3891 2251 3939 ramenta
2277 3883 2536 3954 cogitare.
2562 3883 2672 3940 Nos
2693 3886 2739 3939 si
2767 3886 2834 3940 de
2855 3885 3163 3955 eloquentia
3186 3886 3337 3963 Pauli
3364 3889 3597 3958 apostoli

2005 3975 2210 4044 aliquid
2253 3975 2512 4041 diximus,
2550 3977 2719 4030 verba
2771 3975 3084 4048 Hieronymi
3121 3978 3359 4035 doetoris
3410 3982 3596 4052 posui-

307 4084 667 4143 quoscunque
694 4070 1020 4141 interpretes
1050 4077 1214 4141 atque
1245 4070 1582 4141 expositores
1610 4071 1904 4140 comquatis
1994 4080 2146 4132 tuus,
2183 4067 2381 4136 quibus
2408 4067 2463 4121 in
2489 4068 2722 4137 quodam
2753 4067 2873 4123 loco
2903 4069 2980 4124 ait
3005 4087 3018 4123 :
3053 4086 3072 4120 ι
3105 4068 3205 4137 Qui
3235 4078 3427 4140 putant
3458 4073 3597 4129 Pau-

310 4163 577 4235 apostoiis
596 4169 654 4217 et
691 4161 1054 4233 evangelistis,
1080 4178 1207 4218 cum
1249 4161 1636 4233 Symmachum
1663 4170 1720 4217 et
1758 4160 1904 4217 Pau-

310 4255 423 4309 lum
456 4263 516 4309 et
552 4254 835 4325 Dydimum
866 4260 923 4308 et
957 4251 1222 4310 Joannem
1263 4268 1369 4308 una
1398 4251 1714 4309 defensione
1745 4253 1905 4309 indii-

311 4343 619 4414 lercntique
647 4343 804 4399 laude
851 4344 1042 4415 dignos
1078 4343 1300 4399 ducitis.
1342 4342 1552 4400 Bonum
1594 4352 1678 4399 est
1721 4359 1903 4400 recor-

310 4433 432 4488 dari
469 4431 765 4521 verborum
792 4433 1040 4499 Domini,
1080 4434 1280 4502 quibus
1311 4434 1424 4488 ait:
1452 4433 1645 4489 Nonne
1682 4436 1728 4489 si
1768 4443 1904 4490 recte

2004 4156 2117 4211 lum
2140 4155 2299 4226 juxta
2341 4158 2731 4225 humilitatem,
2765 4165 2821 4213 et
2848 4175 2957 4215 non
2999 4175 3129 4217 vere
3173 4162 3405 4230 dixisse,
3440 4164 3519 4219 Et
3548 4166 3595 4220 ai

2002 4249 2275 4320 imperitus
2302 4263 2421 4302 sum
2440 4265 2694 4316 sermone,
2718 4266 2821 4304 non
2849 4260 3024 4305 tamen
3043 4252 3283 4319 scientia,
3308 4253 3601 4312 defendant

2005 4338 2169 4410 hujus
2213 4339 2319 4395 loci
2353 4341 2815 4409 consequentiam.
2841 4361 2860 4394 ι
2903 4341 2971 4396 Et
3014 4342 3212 4398 iterum
3250 4362 3264 4398 :
3311 4364 3331 4396 ι
3368 4345 3425 4401 Si
3465 4363 3599 4405 vero

2007 4432 2100 4501 qui
2128 4439 2311 4502 potest
2339 4431 2504 4486 etiam
2526 4428 2683 4499 juxta
2724 4432 2996 4487 sermonis
3039 4433 3251 4503 eloquia
3284 4445 3597 4494 contextum

309 4528 536 4597 olera,
583 4535 633 4579 et
674 4504 777 4579 non
812 4534 947 4580 recte
984 4495 1253 4596 diiudica:
1296 4526 1526 4596 peccasti
1537 4525 1564 4580 1
1608 4525 1713 4593 Qui
1757 4527 1902 4581 enim
1929 4495 1983 4556 Β
2009 4495 2205 4577 docere
2225 4495 2545 4592 Apostolum
2574 4520 2744 4577 fuisse
2766 4522 3087 4592 perfectum,
3110 4495 3166 4577 ei
3185 4522 3238 4576 in
3260 4524 3395 4579 artis
3421 4541 3599 4595 gram-

310 4627 462 4674 necte
483 4615 662 4672 credit
698 4616 1021 4672 catholicam
1048 4615 1234 4684 ﬁdem,
1265 4624 1414 4672 recte
1440 4617 1660 4673 videtur
1683 4617 1902 4674 oﬁ'erre.

309 4708 421 4766 Sed
463 4709 513 4764 si
562 4708 974 4778 quibuscunque
1018 4708 1333 4765 doctoribus
1374 4716 1469 4763 aut
1515 4710 1907 4780 interpretibus

308 4814 437 4855 eum
468 4797 732 4868 apostolis
752 4806 809 4852 et
833 4796 1182 4868 evangelistis
1204 4797 1469 4869 aequalem
1499 4800 1905 4857 venerationem

310 4889 526 4955 tribuit,
555 4904 665 4943 tum
692 4897 842 4945 recte
867 4888 1078 4954 dividit,
1106 4895 1268 4957 atque
1295 4888 1417 4943 ideo
1440 4897 1650 4958 peccat.

380 4981 499 5036 Ili.
534 4980 670 5037 Post
708 4981 803 5036 illa
841 4996 961 5051 qua:
1000 4981 1254 5049 superius
1281 4981 1427 5035 dicta
1454 4991 1582 5036 sunt
1604 4983 1775 5038 verba
1806 4997 1905 5038 no-

310 5079 453 5135 stra,
481 5070 770 5128 addidistis
794 5070 1073 5126 dicentes:
1110 5088 1131 5122 ι
1160 5069 1342 5141 Turpe
1377 5078 1463 5126 est
1502 5072 1650 5126 enim
1677 5072 1904 5128 credere

312 5158 579 5231 Spiritum
623 5168 911 5226 sanctum,
958 5160 1052 5230 qui
1107 5160 1353 5217 omnium
1400 5162 1641 5234 gentium
1692 5161 1905 5233 linguas

2007 4615 2218 4670 maticzu
2246 4615 2377 4670 vitia
2403 4628 2511 4668 non
2541 4613 2855 4679 incurrisse,
2889 4614 2978 4669 ille
3001 4613 3183 4683 potius
3206 4616 3598 4681 auscultandus

2006 4714 2111 4763 est.
2161 4705 2270 4761 Nos
2314 4705 2743 4776 quotiescunque
2789 4704 3129 4759 soloecismos
3172 4716 3270 4761 aut
3315 4708 3422 4763 tale
3465 4713 3597 4780 quid

2006 4799 2350 4861 adnotamus,
2393 4811 2501 4850 non
2546 4793 2864 4864 Apostolutn
2924 4794 3224 4864 pulsamus,
3265 4806 3327 4851 ut
3362 4800 3598 4855 malivoli

2004 4891 2385 4954 criminantur,
2425 4887 2522 4944 sed
2561 4887 2732 4958 magis
2763 4886 3007 4957 Apostoli
3044 4895 3347 4944 assertores
3381 4905 3596 4957 Sllmlls;

2009 4983 2155 5052 quod
2183 4981 2443 5036 Hebraeus
2462 4994 2531 5034 ex
2561 4977 2800 5034 Hebraeis
2824 4979 3031 5049 absque
3052 4980 3309 5035 rhetorici
3333 4982 3600 5035 sermonis

2008 5073 2206 5136 nitore,
2232 5071 2525 5125 verborum
2548 5069 2959 5138 compositione,
2982 5076 3040 5123 et
3066 5069 3265 5138 eloquii
3290 5080 3596 5138 venustate,

1998 5176 2285 5232 nunquam
2315 5161 2385 5217 ad
2420 5160 2582 5217 ﬁdem
2610 5160 2813 5217 Christi
2844 5168 3017 5217 totum
3046 5161 3303 5215 mundum
3351 5162 3600 5217 transdu-

1665 5292 1939 5350 BALUle
1983 5292 2211 5350 NOTAE.

378 5400 410 5432 ι
459 5388 675 5462 Aquilo.
715 5385 944 5462 Carolus
988 5382 1214 5462 [agnus
1261 5385 1317 5440 in
1344 5385 1644 5462 Capitulari
1688 5386 1753 5441 de
1793 5401 1902 5441 non

310 5456 608 5543 aderandis
646 5459 972 5543 imaginibus
998 5456 1177 5543 libgmt,
1229 5472 1349 5543 cap:
1400 5458 1467 5543 l3
1501 5475 1514 5510 :
1549 5456 1746 5543 t‘Nova
1779 5464 1903 5543 post

310 5531 650 5603 septuaginta
684 5527 1045 5599 interpretes,
1082 5527 1508 5584 Theodotiouem
1539 5535 1611 5609 .et
1652 5528 1903 5599 Symma-

310 5603 470 5657 chum
496 5611 552 5656 et
586 5601 844 5672 Aquilam
863 5640 880 5664 ,
908 5599 1024 5672 sive
1046 5600 1227 5672 etiam_
1241 5600 1458 5672 beatum
1475 5597 1897 5672 iheronymnm,

310 5674 443 5744 legis
463 5668 753 5752 qttmraiur
780 5668 1085 5752 translatio.
1114 5688 1156 5752 ,ι
1196 5668 1673 5752 ΒθβῚιροάριὶοιῑς
1711 5681 1895 5750 porro,

309 5738 411 5815 qua
449 5738 610 5801 :c'tate
655 5741 900 5806 vixerit,
936 5739 1201 5797 videndus
1242 5739 1330 5796 vir
1373 5738 1582 5795 clariss.
1630 5738 1900 5798 Henricus

2011 5386 2275 5469 falesius
2298 5389 2358 5469 in_
2381 5387 2824 5444 annotationibus
2854 5387 2921 5441 ad
2948 5387 3238 5443 Eusebium
3271 5388 3366 5445 lib.
3393 5405 3443 5455 v,
3474 5404 3593 5462 cap.

2008 5458 2042 5513 8
2066 5457 2204 5513 Hist.
2236 5460 2445 5514 Ecclus.
3537 5457 3555 5462 ⁷

2079 5530 2103 5569 ιι
2142 5528 2312 5583 Multa
2344 5530 2612 5599 injustius.
2653 5527 2745 5582 Sic
2769 5525 2872 5597 legi
2915 5525 3111 5599 debere
3141 5529 3421 5585 admonuit
3458 5530 3596 5587 Mas-

2007 5613 2173 5655 sonus
2200 5599 2254 5653 in
2286 5597 2484 5653 erratis
2522 5616 2536 5650 :
2570 5613 2793 5667 prorsus
2819 5600 2974 5652 bene.
3021 5597 3156 5652 Nam
3188 5601 3242 5659 in
3271 5603 3458 5659 codice
3486 5617 3589 5659 ms.

2006 5668 2212 5728 diserte
2243 5669 2503 5740 scriptum
2526 5666 2644 5733 eat,
2675 5666 2868 5722 multos
2888 5667 3135 5739 injustas.
