2020 3091
183 151 232 180 iti'l

677 148 705 176 S.
725 145 899 176 AGOBARDI
918 141 1072 174 EPISCOPI
1090 140 1332 172 LUGDUNENSXS

1765 133 1815 161 163

176 214 239 237 cere
260 205 402 238 valuisset,
423 205 475 233 nisi
493 204 705 240 evangelizasset
722 212 787 232 eum
805 211 858 230 non
880 203 907 230 in
927 211 971 230 sa-
984 203 1009 232 Α
1022 200 1203 235 prastitulatnr
1224 199 1333 229 scribit,
1349 197 1461 224 dicens:
1480 204 1489 221 ί
1502 194 1561 223 Non
1577 198 1621 223 est
1636 201 1702 221 sane
1716 195 1816 221 mirum

176 253 279 288 pientia
290 251 375 283 verbi,
388 250 479 278 sedin
494 250 594 277 virtute
609 250 683 277 Dei.»
701 250 751 283 Qui
763 250 845 277 etiam
862 250 888 276 in
903 257 971 283 pra:-

177 297 327 326 fatiooibus
342 296 429 329 Isaia,
447 296 573 324 Ieremia:
584 300 612 322 et
628 296 787 328 Ezechielis,
801 296 864 329 quid
877 296 909 322 de
922 294 973 322 dif-

178 343 292 371 ferentia
306 342 451 370 locutionis
465 342 658 377 prophetarum
673 349 768 368 eorum
785 341 898 373 dixerit,
913 340 974 367 dili-

178 393 272 423 genter
288 388 463 423 perpendite;
487 393 515 415 et
530 388 673 415 invenietis
698 387 869 414 nobilitatem
890 386 973 413 divini

178 436 289 471 eloquii,
303 444 357 464 non
378 436 528 463 secundum
550 439 668 462 vestram
690 435 878 464 assertionem,
899 441 975 460 more

177 483 414 518 philosophorum,
428 482 456 509 in
471 485 576 508 tumore
589 485 616 508 et
629 489 727 516 pompa
741 488 802 508 esse
816 479 974 511 verborum,

180 528 229 556 sed
251 528 278 555 in
300 528 401 555 virtute
424 527 635 558 sententiarum,
657 526 806 553 secundum
824 525 895 560 quod
919 525 976 559 ipse

180 572 324 607 Apostolus
339 573 377 598 ait
389 579 397 598 :
413 571 475 598 Non
486 571 555 598 enim
569 571 597 597 in
610 579 728 598 sermone
740 575 779 597 est
794 578 901 605 regnum
916 569 975 600 Dei,

180 617 225 644 sed
249 618 276 644 in
299 617 402 643 virtute.
423 622 436 636 ι
454 616 538 643 Isaias
563 623 671 650 quoque
694 616 825 650 propheta
850 614 977 649 populum

179 662 246 690 dicit
262 670 322 690 esse
344 662 391 689 alti
412 662 562 695 sermonis,
582 663 618 689 ita
634 666 663 688 ut
686 670 739 688 non
761 662 848 696 possit
863 661 977 695 intelligi

181 708 341 735 disertitudo
360 708 459 742 linguae
474 707 542 741 ejus,
560 708 587 734 in
601 715 655 742 quo
669 707 742 734 nulla
766 711 808 734 est
831 707 975 741 sapientia.

180 753 215 780 Et
234 753 364 780 Dominus
377 753 410 780 ad
428 752 597 780 Ezechielem
613 752 698 780 dicit:
714 752 776 779 Non
790 752 860 779 enim
880 751 915 779 ad
931 759 979 786 po-

180 798 271 833 pulum
289 798 414 833 profundi
431 798 558 825 sermonis
578 803 602 825 et
617 799 712 833 ignaue
730 798 828 833 lingua:
846 802 874 824 tu
894 798 979 825 mitte-

182 843 228 874 ris,
249 851 361 877 quorum
376 851 428 869 non
441 843 524 878 possis
540 843 633 870 audire
653 851 808 870 sermonem.
822 843 861 870 Ex
881 843 979 878 quibus

1023 247 1046 274 si
1052 245 1223 280 eloquentior
1229 243 1353 271 videatur
1360 243 1387 270 in
1394 242 1516 276 proprio,
1522 241 1548 268 id
1556 245 1599 268 est
1604 239 1729 272 Hebraao,
1736 247 1818 274 quam

1024 291 1051 318 in
1062 290 1215 326 peregrino.
1228 290 1254 317 id
1265 293 1307 316 est
1318 288 1412 316 Graeco
1427 294 1562 318 sermone,
1575 294 1629 321 quo
1640 291 1745 313 czeterze
1758 286 1819 317 Epi-

1024 338 1100 365 stohe
1110 341 1172 364 sunt
1183 337 1299 371 scriptm.
1313 345 1322 361 ι
1340 335 1410 363 Ecce
1422 335 1505 362 habes
1516 333 1688 361 disertiorem
1705 332 1818 359 Paulum

1025 383 1053 409 in
1068 390 1121 409 una
1133 381 1245 416 epistola
1259 389 1340 415 quam
1358 381 1385 407 in
1397 379 1515 407 caeteris.
1530 379 1583 406 Sed
1595 382 1686 405 tamen
1700 379 1758 413 ipse
1769 387 1820 405 (ιω-

1026 431 1091 454 ῑθιτθ
1104 427 1236 461 epistolae,
1251 426 1313 453 licet
1327 426 1355 453 in
1370 432 1497 452 sermone
1511 424 1600 452 minus
1612 426 1646 452 ab
1661 425 1705 452 illa
1720 425 1821 460 aliquid

1025 473 1126 500 habere
1138 473 1289 505 videantur,
1305 476 1396 499 tamen
1414 472 1441 499 in
1456 472 1564 499 arcanis
1579 472 1713 504 sensibus,
1730 480 1822 500 secre—

1027 518 1063 545 tis
1080 517 1216 553 mysteriis
1237 525 1269 544 ac
1289 516 1382 552 ﬁguris
1403 517 1578 549 locutionum,
1594 517 1622 544 in
1640 518 1740 552 quibus
1760 526 1820 545 om-

1027 569 1088 589 nem
1106 562 1266 596 sapientiam
1289 561 1370 596 hujus
1388 561 1480 589 mundi
1504 562 1753 596 incomparabiliter
1773 571 1821 590 su-

1027 611 1134 642 perant,
1148 607 1261 634 minoris
1275 608 1382 634 virtutis
1395 615 1447 635 non
1462 612 1534 634 sunt.

1063 652 1132 680 XIV.
1145 652 1210 680 Post
1221 652 1319 679 multas
1332 656 1360 679 et
1373 660 1469 687 graves
1480 652 1641 685 calumnias,
1657 660 1727 688 quas
1738 654 1819 681 nobis

1029 697 1178 730 iullixistis,
1193 697 1317 725 dicentes
1331 704 1381 724 nos
1394 697 1492 725 divina:
1512 697 1657 726 locutionis
1671 700 1821 733 reprehen-

1028 751 1116 776 sores,
1129 742 1275 771 defenditis
1286 744 1356 771 bene
1367 751 1415 770 vos
1430 743 1544 776 dixisse,
1559 744 1655 771 Anima
1666 746 1772 780 quando
1785 747 1820 773 ad

1029 797 1125 824 corpus
1137 790 1268 824 pervenit;
1282 793 1311 816 et
1323 789 1431 817 sumitis
1442 790 1599 817 testimonia
1623 791 1657 818 de
1672 790 1822 827 Scripturis

1030 833 1174 861 dicentes:
1191 833 1307 869 Spiritus
1332 834 1421 861 redeat
1444 834 1479 861 ad
1494 843 1554 862 eum
1578 836 1622 870 qui
1646 836 1719 863 dedit
1744 837 1820 864 illum

181 891 257 922 patet
281 887 448 915 nobilitatem
468 895 554 915 sacrae
573 887 731 922 Scripturaa,
753 895 808 915 non
830 888 977 915 secundum

1035 878 1114 913 (Eccl.
1130 887 1180 912 xu,
1199 879 1236 915 7).
1254 879 1286 906 Et
1304 888 1309 906 :
1324 878 1479 908 Revertatur
1490 881 1578 908 anima
1591 882 1667 916 pueri
1677 882 1747 909 intra
1761 892 1822 910 eum

181 932 356 967 philosophos
375 933 402 959 in
418 932 607 960 disertitudine
630 941 691 961 esse
706 934 861 965 verborum,
884 933 910 959 in
925 939 979 967 quo

185 977 258 1004 nulla
272 981 314 1004 est
329 977 472 1012 sapientia,
488 977 535 1004 sed
557 977 585 1004 in
602 977 722 1012 potentia
743 981 770 1004 et
794 976 893 1004 astutia
913 984 979 1003 sen-

183 1031 272 1055 suum,
295 1027 376 1058 atque
394 1023 495 1050 virtute
514 1024 726 1055 sententiarum;
744 1023 813 1050 sicut
833 1022 980 1057 Apostolus

183 1068 321 1100 ostendit,
340 1068 435 1095 dicens
448 1078 454 1095 :
470 1068 551 1095 Arma
570 1067 671 1095 militia:
686 1073 793 1100 nostra,
818 1076 870 1094 non
885 1076 980 1094 carna-

185 1112 233 1144 lia,
246 1112 291 1140 sed
310 1113 425 1148 potentia
440 1112 489 1139 Dei
511 1112 545 1139 ad
565 1113 767 1139 destructionem
790 1112 979 1145 munitionum,

184 1157 293 1185 consilia
313 1157 485 1190 destruentes,
507 1162 531 1185 et
551 1166 654 1185 omnem
668 1158 835 1185 altitudinem
854 1158 981 1185 extollen-

184 1206 236 1229 tem
251 1210 277 1229 se
295 1202 419 1230 adversus
438 1203 575 1229 scientiam
594 1203 654 1235 Dei,
671 1207 695 1230 et
710 1204 737 1229 iu
755 1203 931 1238 captivitatem
946 1211 982 1230 re-

184 1248 300 1282 digentes
314 1256 416 1275 omnem
435 1247 595 1275 intellectum
611 1249 640 1275 in
653 1249 803 1283 obsequium
824 1248 932 1276 Christi.
949 1249 983 1276 Et

184 1293 284 1320 iterum
298 1302 305 1320 :
324 1291 385 1319 Non
405 1293 475 1319 enim
494 1293 566 1320 misit
583 1301 624 1320 me
640 1293 761 1320 Christus
777 1293 920 1328 baptizare,
936 1293 981 1320 sed

184 1337 372 1372 euangelizare,
389 1346 441 1364 twn
456 1338 484 1365 in
498 1338 627 1373 sapientia
641 1338 720 1371 verbi,
735 1343 763 1365 ut
777 1347 829 1365 non
843 1344 983 1366 eaacuetur

185 1391 251 1409 crux
265 1382 373 1410 Christi.
389 1383 423 1410 Et
437 1391 545 1410 rursum
558 1387 621 1418 post
633 1383 722 1418 aliqua
737 1393 743 1410 :
760 1384 794 1410 Et
807 1392 854 1418 ego
869 1392 928 1410 cum
942 1392 982 1411 ve-

186 1430 282 1456 nissem
296 1429 330 1456 ad
344 1438 398 1461 uos,
414 1430 522 1464 fratres,
535 1430 591 1457 ueni
606 1438 658 1456 non
669 1438 715 1464 per
729 1429 916 1457 sublimitatth
931 1437 983 1456 (eis

186 1476 272 1502 ntonis
287 1480 332 1502 aut
354 1475 505 1510 sapientiw,
529 1477 690 1502 annuntians
710 1476 781 1503 vobis
806 1474 982 1502 testimonium

187 1519 295 1547 Christi.
310 1521 342 1547 Et
360 1520 459 1547 iterum
476 1529 483 1547 :
504 1520 668 1555 Sapientiam
686 1520 820 1556 loquimur
840 1520 909 1547 inter
926 1528 984 1555 per-

1031 923 1091 958 (ΙΙΙ
1106 923 1170 958 Reg.
1187 932 1254 955 xm,
1269 924 1312 950 21.
1330 924 1394 957 Qua:
1420 926 1574 952 testimonia
1587 926 1739 955 nullatenus
1758 936 1822 955 con—

1031 976 1131 1004 gruunt
1146 970 1183 996 rei
1206 969 1247 996 cui
1264 969 1438 997 defendendae
1459 971 1632 998 adhibentur.
1658 971 1723 1005 Quis
1747 974 1820 1001 enim

1031 1015 1137 1049 ignorat
1156 1016 1275 1042 animam
1291 1015 1374 1042 semel
1389 1024 1402 1042 a
1420 1016 1474 1043 Deo
1489 1022 1623 1051 creatam,
1643 1018 1822 1047 substantiam

1032 1068 1092 1087 esse
1105 1061 1241 1095 deinceps,
1256 1066 1283 1087 et
1305 1066 1446 1093 aeternam,
1460 1067 1542 1096 atque
1557 1063 1583 1089 in
1598 1072 1646 1090 sua
1669 1064 1822 1092 substantia

1033 1106 1229 1133 immortalem?
1242 1115 1274 1133 ac
1289 1115 1337 1141 per
1354 1108 1414 1138 hoc,
1429 1109 1667 1142 post‘solutioncm
1690 1112 1822 1146 corporis,

1032 1160 1112 1186 posse
1125 1153 1158 1179 ad
1173 1160 1235 1179 cum
1251 1152 1339 1178 redire
1349 1152 1464 1186 justam,
1479 1158 1506 1180 et
1518 1154 1644 1181 deorsum
1660 1155 1824 1184 descendere

1033 1197 1170 1231 injustam,
1184 1202 1212 1224 et
1224 1198 1292 1224 intra
1308 1204 1406 1231 corpus
1420 1199 1519 1225 reverti
1537 1200 1570 1226 ad
1588 1200 1659 1227 hanc
1675 1201 1755 1228 vitam
1781 1209 1825 1229 re-

1033 1243 1237 1270 suscitandam?
1257 1243 1320 1269 llaec
1335 1243 1367 1269 de
1382 1243 1525 1270 animabus
1548 1252 1561 1270 a
1587 1246 1747 1279 corporibus
1767 1245 1824 1281 jam

1034 1288 1128 1315 solutis
1146 1287 1204 1315 ﬁeri
1219 1287 1308 1315 nullus
1323 1288 1438 1323 ignorat.
1457 1288 1510 1315 Sed
1525 1297 1573 1316 nos
1586 1290 1637 1317 hoc
1651 1291 1827 1325 reprehendi~

1034 1342 1093 1361 mus
1107 1334 1179 1368 quod
1194 1342 1241 1361 vos
1260 1333 1293 1361 de
1317 1334 1460 1361 animabus
1474 1336 1634 1369 corporibus
1652 1335 1826 1365 inlundendis

1035 1381 1272 1408 dixistisuinima
1285 1381 1391 1416 quando
1415 1382 1449 1409 ad
1477 1390 1570 1417 corpus
1591 1383 1716 1417 pervenit.
1741 1383 1825 1416 Quasi

1034 1426 1164 1453 noveritis
1180 1426 1211 1453 de
1224 1434 1277 1461 qua
1294 1427 1402 1461 regione
1417 1428 1551 1459 adveniat,
1565 1427 1731 1455 autforsitan
1740 1428 1826 1455 nostis

1034 1470 1060 1497 in
1081 1479 1133 1505 qua
1148 1472 1256 1507 regione
1267 1472 1357 1505 jaceat
1371 1472 1414 1499 illa
1431 1473 1566 1507 incognita
1591 1473 1730 1505 materies,
1755 1473 1826 1500 unde

1035 1517 1139 1545 animas
1159 1519 1249 1545 dicitis
1263 1520 1351 1546 creari
1376 1520 1402 1546 in
1417 1528 1512 1552 vacuo,
1536 1527 1617 1555 super
1640 1527 1719 1554 quem
1736 1520 1827 1554 aquilo

187 1565 284 1600 festos;
301 1566 456 1601 sapientiam
470 1574 524 1593 non
537 1566 617 1601 hujus
630 1566 732 1598 seculi,
745 1575 827 1601 neque
838 1567 985 1602 principum
999 1563 1021 1594 C
1036 1569 1166 1592 extensus
1180 1568 1234 1597 est,
1251 1568 1299 1591 aut
1312 1565 1339 1592 iu
1352 1566 1527 1593 interioribus
1538 1566 1640 1599 austri,
1655 1566 1698 1593 vel
1713 1566 1828 1594 forsitan

188 1610 268 1645 hujus
285 1610 386 1643 saeculi,
399 1611 444 1646 qui
462 1611 654 1638 destruantur:
671 1611 716 1638 sed
738 1611 869 1647 loquimur
881 1611 930 1639 Dei
943 1620 983 1638 sa-

187 1655 313 1690 pientiam
333 1655 361 1682 in
385 1656 518 1690 mysterio,
539 1664 598 1691 qua:
619 1656 774 1684 abscondita
794 1662 843 1684 est.
867 1657 901 1684 Et
922 1660 986 1692 post

189 1708 295 1734 pauca:
316 1700 381 1733 Qua:
391 1706 416 1728 et
429 1701 571 1737 loquimur,
584 1710 637 1729 non
657 1703 685 1729 in
698 1702 782 1730 doctis
800 1703 924 1729 humana:
942 1711 987 1729 sa—

188 1747 293 1782 pientia:
307 1747 401 1780 verbis,
413 1748 459 1775 sed
474 1749 501 1775 in
514 1748 633 1775 doctrina
645 1748 764 1783 spiritus.

208 1791 294 1818 .Xlll.
316 1792 387 1820 Ecce
401 1792 466 1827 quia
487 1792 546 1821 laus
567 1793 667 1820 divinae
691 1793 834 1828 sapientiae
856 1794 884 1820 in
900 1794 988 1822 sacris

191 1836 331 1871 mysteriis
349 1841 377 1865 et
394 1837 422 1864 in
440 1837 564 1865 doctrina
587 1837 701 1872 spiritus
724 1838 872 1869 invenitur,
888 1846 943 1865 non
959 1841 987 1865 in

191 1881 431 1909 adinventionibus
447 1882 603 1910 verborum.
622 1883 677 1911 Vos
691 1883 844 1918 sumpsistis
863 1884 988 1911 testimo-

190 1925 234 1953 nia
252 1926 324 1954 beati
336 1927 480 1962 Augustini
503 1927 586 1954 multa
602 1927 637 1956 de
656 1927 737 1955 laude
757 1927 924 1963 Scriptum;
940 1928 989 1956 sed

192 1978 247 1998 non
260 1971 306 1999 illo
325 1973 404 2000 modo
427 1980 476 2000 vos
499 1972 626 2005 laudatis,
642 1980 696 2008 quo
715 1973 838 2001 laudavit
858 1973 989 2009 Augusti-

192 2024 253 2048 nus,
268 2021 315 2044 aut
333 2017 525 2053 Hieronymus,
541 2018 711 2051 Ambrosius,
728 2024 810 2054 atque
829 2019 989 2055 Gregorius.

192 2061 259 2088 Nam
276 2061 315 2088 illi
339 2062 509 2096 majestatem
523 2063 622 2090 divina:
642 2064 788 2092 locutionis
809 2065 989 2099 admirantes,

141 2110 143 2112 '
193 2106 241 2133 sed
257 2100 314 2133 rem
329 2106 492 2134 ineffabilem
511 2107 592 2135 modo
607 2116 661 2135 nou
674 2109 852 2143 explicantes,
866 2112 990 2145 oppressi

195 2150 281 2186 gloria
296 2151 323 2177 in
336 2150 415 2179 laude
429 2151 488 2186 ejus
501 2153 714 2186 succubuerunt,
727 2161 788 2181 cum
803 2155 889 2190 magis
908 2156 991 2184 admi-

195 2196 281 2223 rando
296 2196 462 2230 suﬂicerent,
474 2205 555 2232 quam
571 2198 716 2234 loquendo.
737 2200 788 2228 Vos
803 2200 842 2228 sic
861 2200 989 2235 laudatis,

195 2248 223 2271 ut
244 2243 322 2271 laude
340 2248 431 2271 vestra
452 2244 537 2280 magis
554 2245 714 2278 minoretur,
734 2254 815 2281 quam
838 2252 988 2283 augeatur:
1004 2238 1030 2268 Ῑ)

195 2290 323 2324 quoniam
337 2290 364 2317 in
382 2290 425 2317 his
443 2298 504 2326 qua:
518 2291 690 2319 extrinsecus
705 2297 779 2325 sunt,
798 2293 890 2321 dicitis
913 2294 992 2321 nobi-

194 2335 299 2363 litatem
322 2336 473 2372 linguarum
500 2338 670 2365 ministrasse
691 2338 829 2373 Apostolis
859 2339 991 2374 Spiritum

194 2386 331 2414 sanctum,
350 2386 379 2409 ut
400 2382 514 2410 confuse
533 2387 560 2411 et
580 2383 767 2411 indiﬂ‘erenter
779 2392 841 2411 cum
862 2386 991 2420 apostolis

194 2435 291 2455 omnes
314 2428 478 2462 interpretes
492 2433 520 2457 et
541 2437 716 2464 quoscunque
740 2431 909 2465 expositorcs
931 2432 990 2459 lauc

195 2474 265 2501 detis
278 2477 307 2500 et
323 2472 483 2501 defendatis.
498 2474 567 2502 Nam
581 2475 615 2507 si,
628 2475 777 2503 secundum
792 2483 850 2509 vos,
866 2478 992 2507 omnibus

197 2518 353 2546 auctoribus
367 2519 521 2546 divinorum
541 2519 673 2548 librorum
690 2522 853 2549 exteriorem
867 2523 992 2551 nobilita-

197 2568 250 2591 tem
265 2565 409 2600 :equaliter
433 2566 599 2593 ministravit
621 2566 739 2602 Spiritus
758 2573 884 2601 sanctus;
907 2578 993 2605 quare

197 2617 266 2636 unius
277 2610 430 2645 Apostolus,
446 2611 472 2639 id
485 2616 527 2640 est
539 2612 649 2645 Paulus,
666 2613 796 2643 disertior
815 2615 952 2644 invenitur
965 2618 993 2645 in

199 2653 328 2683 llnbraica
340 2656 430 2692 lingua
443 2665 524 2692 quam
538 2658 565 2685 in
576 2657 680 2690 Graeca,
692 2659 763 2687 sicut
773 2661 920 2695 przedietus
931 2662 993 2690 Hie-

198 2707 328 2735 ronymus
346 2702 373 2730 in
392 2703 551 2738 praefatione
578 2704 705 2740 Epistulae
728 2713 788 2741 quae
804 2707 838 2735 ad
865 2707 994 2737 Hebraaos

1037 1609 1064 1636 in
1077 1614 1139 1637 ortu
1166 1609 1231 1638 solis
1258 1615 1305 1638 aut
1323 1618 1433 1644 occasu,
1457 1616 1504 1639 aut
1529 1612 1601 1639 unde
1624 1612 1714 1640 dicitis
1740 1612 1830 1639 anima

1036 1655 1179 1689 pervenire
1193 1664 1199 1681 :
1215 1656 1309 1691 utique
1321 1656 1385 1684 inde
1395 1657 1539 1691 pervenire
1548 1661 1670 1692 possunt,
1679 1657 1725 1685 ubi
1735 1665 1828 1685 crean-

1037 1705 1092 1733 tur,
1107 1706 1138 1729 ut
1149 1702 1183 1729 ad
1196 1709 1311 1737 corpora
1326 1703 1556 1731 transmittuntur.
1579 1703 1633 1731 Sed
1655 1712 1716 1731 cum
1739 1705 1829 1733 dicitis

1037 1754 1084 1774 eas
1101 1747 1254 1782 pervenire,
1267 1755 1321 1775 non
1335 1748 1402 1782 ipsis
1416 1756 1463 1776 eas
1476 1750 1635 1784 corporibus
1649 1754 1756 1777 creatas
1767 1758 1828 1778 cre-

1038 1793 1111 1825 ditis,
1119 1793 1166 1821 sed
1174 1793 1253 1828 longe
1261 1794 1369 1832 alicubi.
1378 1794 1410 1822 Et
1418 1795 1607 1830 inquisivimus
1620 1804 1635 1823 a
1648 1797 1725 1824 vobis
1736 1801 1827 1823 utrum

1039 1838 1067 1865 in
1079 1838 1238 1866 cwlestibus
1256 1847 1290 1866 an
1305 1839 1332 1866 in
1347 1839 1436 1874 aliqua
1455 1845 1533 1875 parte
1557 1842 1650 1868 mundi
1665 1842 1701 1868 sit
1715 1842 1772 1876 ipse
1791 1842 1830 1869 lo-

1039 1891 1099 1916 cus,
1114 1883 1157 1910 vel
1169 1889 1247 1911 extra
1260 1885 1401 1912 mundum.
1431 1885 1484 1913 Sed
1507 1887 1540 1914 de
1560 1887 1611 1914 hoc
1624 1887 1661 1914 sit
1685 1891 1715 1914 ut
1738 1887 1830 1919 vultis,

1040 1933 1145 1956 tantum
1159 1933 1189 1957 ut
1204 1929 1390 1965 cujuscunque
1404 1932 1586 1960 testimonium
1599 1941 1662 1960 cum
1680 1933 1831 1969 Augustino

1040 1975 1200 2003 altercantis
1218 1980 1346 2011 tanquam
1361 1976 1482 2011 ejusdem
1509 1977 1652 2013 Augustini
1677 1987 1730 2006 non
1754 1979 1833 2006 nobis

1040 2021 1193 2055 opponatis.
1209 2020 1265 2048 Nos
1279 2026 1370 2049 tamen
1388 2021 1453 2050 illud
1467 2023 1602 2058 praecipue
1627 2024 1772 2051 tenendum
1787 2032 1834 2059 pu-

1041 2070 1141 2099 tamus,
1154 2068 1227 2102 quod
1247 2068 1340 2095 divina
1360 2067 1501 2103 Scriptura
1516 2069 1550 2096 de
1563 2070 1615 2097 hac
1634 2078 1663 2097 re
1676 2070 1766 2102 docet,
1790 2070 1833 2097 di-

1041 2119 1105 2139 cens
1121 2120 1127 2138 :
1144 2112 1281 2145 Quomodo
1298 2114 1381 2140 nescis
1403 2122 1462 2149 qua:
1474 2114 1507 2141 sit
1531 2115 1574 2141 via
1598 2115 1718 2150 spiritus,
1739 2120 1763 2142 et
1781 2123 1834 2151 qua

1042 2158 1144 2185 ratione
1158 2159 1360 2194 compingantur
1374 2168 1434 2187 ossa
1450 2160 1478 2187 in
1492 2165 1580 2187 ventre
1600 2162 1780 2196 prtugnantis;
1795 2162 1833 2188 sic

1042 2204 1126 2230 nescis
1151 2212 1230 2238 opera
1245 2204 1303 2236 Dei,
1320 2205 1365 2241 qui
1380 2205 1526 2240 fabricator
1539 2210 1577 2233 est
1590 2207 1717 2233 omnium.
1742 2207 1836 2234 Eccle-

1043 2248 1145 2277 siastici
1157 2256 1265 2284 quoque
1275 2249 1401 2277 doctores
1424 2251 1451 2277 in
1477 2251 1533 2278 suis
1558 2251 1729 2286 dogmatibus
1754 2252 1834 2280 [idem

1045 2294 1189 2322 tenendam
1203 2295 1364 2328 docuerunt,
1380 2296 1500 2323 animam
1525 2304 1578 2324 non
1592 2304 1654 2325 esse
1676 2302 1781 2331 partem
1795 2298 1836 2325 di-

1042 2341 1112 2368 vinae
1136 2341 1295 2369 substantia:
1317 2342 1359 2369 vel
1382 2346 1497 2374 naturae,
1517 2350 1568 2370 nec
1591 2350 1653 2371 esse
1677 2351 1738 2370 eam
1761 2344 1837 2379 prius

1043 2386 1237 2420 quamcorpori
1248 2387 1411 2420 misceatur;
1426 2388 1472 2414 sed
1486 2392 1616 2415 tunceam
1623 2389 1711 2416 creari
1725 2390 1836 2424 quando

1043 2434 1071 2457 et
1085 2438 1183 2466 corpus
1198 2436 1317 2464 creatur,
1334 2432 1376 2460 cui
1405 2433 1550 2460 admisceri
1565 2433 1681 2460 videtur.
1708 2433 1835 2462 Philoso-

1045 2477 1161 2512 phorum
1174 2478 1319 2505 sententire
1341 2478 1436 2506 dicunt
1449 2486 1510 2506 esse
1525 2479 1644 2506 animam
1659 2480 1735 2515 prius
1752 2487 1836 2515 quam

1044 2527 1173 2550 nascatur
1186 2523 1214 2550 in
1227 2531 1342 2558 corpore
1354 2532 1361 2550 :
1378 2524 1450 2559 quod
1466 2533 1559 2552 verum
1570 2531 1631 2553 esse
1645 2525 1726 2552 nullis
1739 2533 1836 2560 appro-

1045 2568 1124 2595 batur
1138 2569 1247 2596 indiciis
1260 2578 1266 2596 :
1283 2577 1347 2596 liam
1362 2574 1453 2597 utrum
1468 2575 1532 2598 ante
1552 2570 1707 2604 fuissemus,
1722 2579 1772 2598 nec
1786 2570 1837 2605 ipsi

1046 2614 1180 2647 novimus,
1201 2622 1252 2642 nec
1271 2616 1332 2650 quis
1350 2616 1490 2644 hominum
1514 2617 1587 2644 dicat
1614 2617 1756 2645 habemus.
1777 2616 1837 2644 Non

1046 2664 1164 2696 estergo
1181 2661 1357 2695 quaerendum
1379 2663 1450 2697 quod
1478 2662 1656 2698 quaerendum
1683 2662 1771 2699 magis
1795 2665 1839 2689 est

1047 2706 1224 2734 irridendum.

876 2764 1011 2793 BALUZII
1029 2764 1145 2793 ΝΟΤιΕ.

235 2820 249 2835 ι
259 2813 345 2853 Isaias
351 2823 453 2853 quoque
458 2818 594 2853 propheta.
605 2818 634 2846 In
643 2827 694 2846 ms.
709 2819 828 2853 itemque
840 2820 865 2846 in
873 2820 991 2848 editione

199 2849 316 2878 Massoni
329 2849 462 2886 scriptum
470 2849 530 2879 erat
540 2852 627 2881 Isaias
633 2862 734 2884 quoque
746 2849 923 2890 ohilusophus,
936 2861 989 2883 etc.

1045 2820 1140 2855 Itaque
1154 2827 1216 2857 cum
1237 2826 1375 2849 constaret
1389 2819 1483 2850 vit'ium
1496 2830 1557 2851 esse
1569 2823 1690 2857 librarii,
1703 2831 1757 2852 non
1773 2830 1840 2852 vero

1044 2856 1191 2892 Aphardi,
1203 2856 1292 2885 locum
1309 2857 1384 2885 illum
1400 2857 1486 2885 libere
1498 2859 1676 2887 correximus.
