4040 6182
392 208 505 267 169

1500 203 1629 257 LIB.
1670 195 2040 254 ADVERSUS
2078 196 2541 256 FREDEGISUM.

3562 201 3665 256 £70

464 316 584 373 XV.
635 314 842 370 Deinde
893 314 1271 385 interrogastis
1318 329 1447 378 nos,
1494 322 1674 368 utrum
1724 310 1872 366 aliud
1889 289 1983 364 ’δὴ
2012 308 2054 368 Α
2088 308 2144 361 id
2175 310 2320 377 quod
2344 309 2508 364 homo
2529 276 2706 364 factus
2732 318 2836 375 est,
2864 312 3121 380 pertinet,
3164 310 3214 365 id
3238 317 3342 376 est,
3372 311 3518 381 quod
3562 309 3667 365 for-

396 408 561 474 Deus,
601 406 750 461 aliud
802 406 1028 471 veritas,
1061 406 1139 461 ita
1190 414 1251 460 ut
1279 404 1422 461 Deus
1466 406 1585 475 ipse
1620 405 1824 460 veritas
1868 418 1978 457 non

394 500 487 556 sit.
509 499 664 554 Hanc
693 505 936 552 vestram
973 496 1456 568 interrogationem
1494 496 1547 550 in
1582 502 1787 549 tantum
1817 492 1982 548 mira.

393 607 537 656 mur,
563 596 623 644 ut
646 597 902 661 putemus
940 603 1039 644 vos
1065 587 1214 641 illam
1258 585 1496 654 jocando
1538 594 1593 639 ct
1625 585 1848 640 ridendo
1895 583 1982 637 di-

394 691 595 739 ctasse.
640 680 773 748 Quis
821 679 1029 734 audivit
1058 679 1218 733 talem
1262 675 1788 747 interrogationem?
1834 673 1984 728 Nun-

391 776 524 848 quid
552 774 602 829 si
623 772 768 827 aliud
798 771 1001 840 aliquid
1030 771 1231 826 veritas
1266 769 1443 834 fuerit,
1468 767 1583 837 jam
1608 768 1751 822 Deus
1783 768 1983 823 veritas

392 882 503 921 non
537 864 685 920 erit?
710 863 886 918 Dicite
920 877 1036 927 vos,
1059 861 1106 916 si
1130 861 1437 930 ubicunque
1466 858 1521 914 in
1546 859 1722 914 sacris
1744 858 1984 928 Scriptu-

393 957 472 1012 ris
518 956 724 1009 veritas
770 954 1105 1018 nominatur,
1158 966 1374 1023 semper
1424 951 1567 1006 Deus
1608 950 1985 1021 intelligendus

390 1048 515 1103 est?
566 1046 725 1102 Certe
775 1060 875 1100 nos
918 1044 1151 1099 dicimus
1208 1042 1526 1113 frequenter
1570 1041 1625 1096 in
1688 1040 1984 1110 Scripturis

394 1137 669 1195 nominari
722 1136 1007 1191 veritatem
1040 1174 1056 1199 ,
1116 1148 1239 1203 quae
1296 1129 1572 1188 contraria
1629 1138 1714 1187 est
1762 1130 1986 1186 menda-

394 1230 483 1285 cio
505 1245 519 1295 ;
544 1229 685 1283 sicut
710 1227 877 1281 etiam
906 1226 1043 1281 solet
1077 1225 1352 1279 nominari
1387 1225 1633 1281 charitas
1678 1224 1981 1287 hominum,

394 1320 639 1384 dilectio,
666 1312 786 1389 quae
810 1317 1083 1372 contraria
1113 1324 1200 1371 est
1233 1317 1380 1381 odio,
1413 1324 1472 1371 et
1498 1314 1816 1380 concordia,
1864 1328 1986 1382 qua:

391 1411 639 1482 opposita
681 1418 769 1465 est
791 1409 1095 1466 discordiae.
1128 1409 1271 1482 Ergo
1319 1409 1413 1465 ubi
1441 1408 1642 1463 Paulus
1667 1408 1793 1463 ait:
1836 1402 1986 1461 Veri-

396 1518 560 1562 tatem
583 1507 701 1561 dico
725 1508 780 1561 in
818 1504 1028 1560 Christo
1057 1503 1207 1570 Jesu,
1244 1520 1350 1558 non
1389 1504 1634 1567 mentior,
1662 1501 1743 1556 sic
1787 1498 1987 1554 intelli-

397 1600 550 1673 gitis,
580 1599 736 1669 quasi
762 1597 989 1663 diceret,
1023 1596 1193 1651 Deum
1224 1596 1367 1663 dico,
1393 1603 1490 1650 aut
1510 1593 1789 1649 Christum
1836 1591 1980 1657 dico,

2085 414 2232 454 mam
2263 402 2407 455 servi
2428 402 2723 472 accipiens,
2756 403 2944 458 habitu
2973 413 3060 459 est
3093 403 3347 459 inventus
3387 412 3448 458 ut
3478 403 3663 468 homo,

2082 493 2175 562 qui
2206 493 2393 564 utique
2417 494 2634 550 habitus
2673 496 2841 566 ccepit
2883 511 2952 550 ex
2994 505 3235 568 tempore
3265 515 3278 550 :
3311 497 3378 551 de
3426 497 3543 566 ipso
3586 505 3667 552 ta-

2084 594 2208 634 men
2244 581 2544 653 eodemque
2589 581 2809 639 Christo
2852 585 3055 640 dictum
3097 595 3199 653 est,
3236 601 3361 641 cum
3395 588 3451 641 in
3491 586 3665 643 forma

2084 668 2179 724 Dei
2230 680 2397 726 esset.
2440 692 2459 724 ›
2490 672 2559 727 Et
2599 681 2724 741 post
2753 688 2926 743 pauca
2955 694 2966 728 :
3000 692 3020 726 ι
3076 676 3326 732 Nondum
3373 692 3506 747 ergo
3550 686 3671 734 erat

2084 758 2337 819 Christus
2377 764 2524 833 quod
2548 778 2670 820 esse
2718 766 2904 836 caepit,
2937 781 3062 820 cum
3098 768 3449 838 semetipsum
3478 769 3669 824 exina-

2084 852 2243 918 nivit,
2284 868 2395 909 non
2422 852 2654 910 formam
2674 855 2769 911 Dei
2792 856 3073 923 amittens,
3105 859 3199 912 sed
3248 857 3478 913 formam
3521 861 3668 915 servi

2081 944 2376 1015 accipiens.
2412 966 2433 1000 ›
2467 947 2609 1004 Ecce
2637 949 2802 1005 verba
2825 950 2971 1005 beati
2997 951 3318 1021 Augustini,
3363 952 3429 1008 de
3474 952 3671 1023 quibus

2085 1051 2182 1091 vos
2214 1039 2381 1095 vultis
2410 1040 2689 1097 afﬁrmare
2737 1044 2907 1099 Deum
2954 1046 3191 1101 Verbum
3225 1047 3428 1103 Christi
3470 1063 3670 1103 nomen

2085 1127 2237 1195 prius
2284 1144 2392 1184 non
2424 1131 2680 1188 habuisse
2709 1148 2871 1203 quam
2903 1150 3031 1191 caro
3074 1134 3275 1191 factum
3318 1145 3423 1203 est,
3472 1153 3596 1192 cum
3641 1152 3674 1192 e

2085 1220 2361 1275 contrario
2381 1222 2787 1294 Augustinusin
2808 1225 3065 1296 przedicta
3090 1227 3360 1284 sententia
3390 1228 3565 1283 dicat:
3589 1227 3671 1282 De

2084 1308 2197 1379 ipso
2217 1319 2391 1366 tamen
2413 1314 2695 1386 eodemque
2721 1314 2932 1371 Christo
2946 1318 3155 1372 .dictum
3182 1328 3256 1372 est
3283 1335 3301 1374 :
3327 1317 3461 1374 Cum
3485 1320 3540 1374 in
3562 1318 3675 1389 for-

2086 1419 2173 1458 ma
2194 1404 2295 1460 Dei
2335 1417 2488 1462 esset.
2532 1408 2672 1465 Ecce
2717 1411 2886 1466 habes
2930 1410 3205 1467 Christum
3253 1414 3308 1467 in
3360 1412 3537 1468 forma
3574 1412 3672 1468 Dei

2084 1510 2223 1559 esse,
2253 1494 2451 1553 deinde
2475 1497 2706 1554 formam
2753 1501 2895 1555 servi
2920 1502 3195 1571 accepisse
3227 1520 3240 1556 :
3267 1517 3432 1571 quam
3479 1503 3670 1573 utique

2087 1594 2381 1657 antequam
2396 1589 2685 1660 acciperet,
2707 1592 2945 1646 nondum
2967 1602 3084 1648 erat
3108 1592 3253 1648 ﬁlius
3279 1594 3516 1649 hominis
3533 1634 3548 1660 ,
3574 1595 3672 1649 sed

399 1663 457 1745 in
478 1663 695 1746 Christo
717 1688 866 1745 Iesu.
894 1682 1004 1743 Aut
1025 1688 1117 1742 ubi
1139 1687 1252 1741 ait:
1276 1686 1606 1757 Deponentes
1630 1682 1983 1745 mendacium,
2014 1663 2061 1722 Β
2089 1675 2258 1734 Filius
2270 1678 2388 1746 Dei,
2408 1689 2586 1740 tamen
2610 1683 2883 1741 Christus.
2916 1685 3119 1741 Iterum
3132 1687 3467 1759 Augustinus
3494 1687 3629 1742 dicit
3654 1706 3670 1741 :

399 1781 673 1853 loquimini
717 1783 986 1836 veritatem
1026 1779 1382 1850 unusquisque
1410 1791 1529 1831 cum
1577 1774 1817 1845 proximo
1868 1788 1988 1838 suo,

400 1875 576 1943 ipsum
619 1873 790 1927 Deum
818 1871 1117 1942 intelligitis
1159 1870 1471 1924 veritatem.
1520 1866 1588 1920 Et
1632 1865 1851 1929 iterum,
1897 1863 1990 1918 ubi

400 1965 665 2034 scriptum
687 1974 809 2020 est:
849 1962 964 2018 Rea:
981 1963 1072 2033 qui
1093 1961 1299 2032 judicat
1337 1960 1395 2015 in
1450 1958 1666 2012 veritate
1712 1970 1989 2025 pauperes,

401 2057 621 2110 thronus
650 2054 764 2122 eius
792 2055 846 2108 in
869 2062 1124 2107 wternum
1143 2049 1464 2121 ﬁrmabitur.
1498 2046 1565 2101 Et
1598 2046 1801 2101 iterum
1828 2061 1845 2100 :
1886 2043 1992 2098 La-

402 2149 546 2202 bium
572 2148 805 2203 veritatis
829 2147 1043 2216 firmum
1080 2145 1199 2198 erit.
1227 2143 1295 2197 Et
1322 2156 1539 2197 rursum
1566 2158 1580 2194 :
1614 2138 1719 2206 Qui
1760 2137 1993 2209 loquitur

400 2240 674 2294 veritatem
699 2239 757 2291 in
798 2236 956 2290 corde
987 2251 1104 2289 suo.
1141 2233 1200 2288 In
1241 2232 1480 2288 Ieremia
1526 2226 1990 2301 quoque:0mnis

400 2330 607 2382 amicus
640 2324 1008 2397 fraudulenter
1027 2323 1247 2388 incedet,
1274 2332 1322 2377 et
1360 2322 1629 2377 ueritatem
1679 2336 1787 2374 non
1814 2317 1992 2390 loque-

398 2428 516 2473 tur.
541 2419 611 2473 Et
633 2417 788 2474 Osca:
825 2434 838 2471 :
874 2416 998 2470 Non
1031 2425 1110 2470 est
1140 2415 1279 2468 enim
1303 2412 1518 2479 veritas,
1545 2421 1591 2466 et
1618 2428 1722 2465 non
1747 2420 1820 2465 est
1834 2410 1994 2481 justi~

400 2508 502 2574 tia,
544 2517 595 2562 et
622 2525 726 2561 non
746 2514 821 2561 est
850 2504 1208 2560 misericordia
1231 2503 1332 2558 Dei
1353 2504 1407 2557 in
1426 2512 1588 2557 terra.
1611 2501 1679 2557 Et
1704 2502 1758 2556 in
1781 2501 1992 2557 Zacha-

403 2600 488 2654 ria
530 2612 544 2652 :
580 2596 865 2653 Veritatem
908 2605 957 2651 et
987 2596 1254 2667 judicium
1289 2595 1434 2664 pacis
1454 2593 1698 2669 judicate
1727 2593 1783 2647 in
1826 2592 1993 2662 portis

402 2691 609 2745 uestris.
636 2688 887 2758 Nunquid
917 2689 995 2744 sic
1023 2686 1251 2757 intelligi
1291 2687 1510 2756 poterit,
1559 2685 1717 2755 quasi
1764 2685 1992 2750 diceret,

2098 1786 2115 1815 ε
2144 1766 2391 1826 Nondum
2418 1785 2548 1844 ergo
2569 1782 2691 1830 erat
2721 1775 2971 1832 Christus
2995 1777 3141 1846 quod
3169 1777 3339 1847 cuspit
3363 1791 3506 1843 esse,
3546 1792 3674 1833 cum

2090 1862 2442 1932 semetipsum
2483 1865 2808 1922 exinanivit.
2845 1886 2863 1919 ι
2906 1866 3046 1923 Ecce
3074 1874 3130 1921 et
3179 1866 3269 1922 hic
3308 1865 3562 1923 Christus
3587 1867 3673 1922 di-

2091 1949 2251 2017 citur,
2293 1953 2386 2023 qui
2425 1955 2667 2011 nondum
2716 1964 2838 2012 erat
2866 1957 2969 2012 hoc
3015 1957 3159 2029 quod
3184 1972 3304 2015 esse
3335 1959 3519 2030 etrapit,
3550 1973 3677 2014 cum

2091 2043 2443 2112 semetipsum
2463 2044 2781 2112 exinanivit,
2814 2046 2868 2101 id
2889 2056 2974 2104 est
2998 2048 3182 2104 homo.
3208 2047 3341 2104 Nam
3372 2050 3501 2121 quid
3529 2049 3677 2105 aliud

2089 2144 2211 2185 esse
2236 2132 2420 2203 coepit,
2454 2135 2559 2191 nisi
2601 2136 2783 2204 homo,
2827 2152 2951 2192 cum
2995 2138 3228 2194 formam
3257 2140 3401 2194 servi
3433 2140 3678 2210 accepit?

2091 2219 2250 2277 Certe
2296 2223 2631 2295 Augustinus
2662 2243 2771 2283 non
2817 2228 2935 2283 ait:
2972 2229 3093 2285 Non
3133 2241 3244 2286 erat
3291 2229 3532 2287 Christus
3585 2233 3679 2302 qui

2089 2326 2201 2366 esse
2213 2316 2361 2384 coepit
2377 2335 2397 2381 ;
2421 2317 2539 2383 sed,
2570 2317 2695 2373 Non
2720 2329 2833 2399 erat
2855 2320 2995 2391 quod
3023 2338 3133 2376 esse
3147 2324 3314 2392 εωρὶι.

2163 2403 2347 2460 XVIII.
2402 2407 2537 2462 Nam
2575 2410 2621 2464 si
2650 2409 2900 2467 Christus
2938 2423 3064 2469 ante
3115 2414 3340 2470 Mariam
3373 2432 3481 2472 non
3534 2427 3678 2482 erat,

2092 2494 2224 2563 quid
2251 2504 2339 2550 est
2377 2497 2521 2566 quod
2546 2496 2836 2569 Apostolus
2858 2502 2937 2556 ait
2967 2520 2979 2555 :
3017 2500 3258 2558 Christus
3296 2505 3455 2559 Jesus
3484 2505 3600 2559 lteri
3625 2517 3678 2560 et

2094 2583 2271 2650 hodie,
2301 2587 2411 2657 ipse
2435 2596 2483 2641 et
2504 2589 2558 2643 in
2590 2590 2787 2644 swcula
2816 2591 3027 2663 (Hebr.,
3051 2609 3175 2660 xm,
3205 2597 3302 2667 8)?
3343 2595 3403 2650 Si
3430 2596 3682 2654 Christus

2094 2690 2204 2731 non
2233 2685 2375 2743 erat,
2406 2686 2459 2733 et
2500 2680 2677 2734 sancti
2729 2681 2943 2737 Veteris
2987 2682 3320 2740 Testamenti
3371 2700 3479 2742 non
3523 2696 3684 2746 erant

406 2781 579 2836 Deum
619 2780 859 2850 iudicate
906 2780 960 2833 in
1018 2776 1194 2848 portis
1247 2776 1483 2832 vestris?
1536 2776 1680 2831 Ecce
1718 2775 1887 2831 habes
1939 2774 1993 2829 in
2096 2765 2435 2837 Christiani;
2467 2786 2638 2841 quare
2675 2772 2873 2828 iterum
2893 2772 3188 2844 Apostolus
3214 2776 3387 2832 dicit:
3420 2776 3683 2833 Mentorea

407 2871 706 2942 Scripturis
747 2869 1063 2940 frequenter
1096 2867 1201 2922 dici
1228 2867 1540 2932 veritatem,
1584 2881 1691 2921 non
1721 2880 1821 2935 pro
1878 2866 1996 2935 ipso
2098 2872 2257 2919 estote
2276 2865 2415 2936 quod
2438 2866 2725 2936 aliquando
2744 2884 2833 2922 vos
2846 2877 3020 2939 gentes
3044 2871 3099 2924 in
3122 2887 3303 2936 carne,
3332 2871 3422 2940 qui
3440 2870 3685 2925 diciminl

404 2962 546 3027 Deo,
574 2962 667 3017 sed
692 2976 791 3031 pro
817 2960 907 3015 illa
944 2961 1145 3014 virtute
1182 2973 1302 3029 quae
1331 2959 1578 3029 opposita
1608 2966 1693 3013 est
1716 2957 1996 3028 iniustitia
2025 3005 2067 3031 η
2098 2958 2443 3027 prteputium,
2475 2959 2540 3012 ab
2562 2975 2624 3013 ea
2662 2975 2781 3031 quae
2829 2959 3027 3014 dicitur
3053 2962 3380 3017 circumcisio
3407 2962 3463 3016 in
3488 2978 3681 3026 carne,

2023 3005 2070 3069 C

402 3046 732 3110 etfalsitati.
767 3053 1023 3109 Attamen
1046 3066 1155 3106 non
1185 3051 1328 3106 sicut
1366 3065 1463 3105 vos
1505 3050 1691 3115 vultis,
1740 3059 1800 3104 ut
1853 3048 1998 3104 Deus
2024 3046 2081 3126 υ,
2101 3065 2263 3104 manu
2314 3049 2493 3119 facta;
2522 3052 2647 3122 quia
2676 3051 2837 3105 eratis
2885 3050 2977 3106 illo
3008 3062 3235 3124 tempore
3288 3054 3400 3107 sine
3448 3051 3683 3118 Christo,

408 3148 530 3217 ipse
560 3146 762 3203 veritas
789 3161 901 3201 non
930 3144 1034 3210 sit,
1083 3143 1179 3199 sed
1210 3142 1396 3211 potius
1421 3150 1482 3196 ut
1522 3150 1579 3197 et
1612 3142 1757 3197 Deus
1795 3142 1999 3197 veritas

406 3243 504 3296 sit.

485 3330 622 3386 XVI.
670 3329 877 3386 Deinde
907 3344 1036 3384 vero
1077 3343 1203 3384 cum
1235 3328 1434 3383 vestris
1483 3325 1813 3399 syllogismis
1858 3327 2001 3383 afﬁr—

411 3437 563 3477 mare
599 3421 856 3487 nitimini,
883 3420 1223 3476 Christianos
1250 3435 1358 3475 non
1381 3418 1550 3476 fuisse
1571 3434 1764 3475 omnes
1783 3428 2002 3475 sanctos

402 3513 754 3583 patriarchas
780 3519 838 3567 et
874 3511 1193 3582 prophetas,
1241 3524 1398 3581 reges
1448 3517 1505 3564 et
1554 3509 1897 3575 sacerdotes,
1944 3509 1999 3564 in

414 3601 597 3656 Veteri
629 3600 1002 3664 Testamento,
1032 3599 1277 3653 dicentes
1326 3599 1485 3654 nobis
1518 3617 1532 3653 :
1570 3616 1589 3650 ο
1625 3597 1685 3653 Si
1719 3613 1814 3655 eos
1842 3598 2001 3655 Chri-

412 3694 620 3749 stianos
673 3691 936 3758 dicendo,
996 3705 1092 3747 eos
1119 3705 1242 3746 esse
1292 3690 1570 3771 afﬁrmare
1619 3691 1804 3758 vultis,
1861 3692 2002 3746 mul-

413 3791 532 3839 tum
559 3790 643 3838 est
671 3782 962 3838 absurdum
1009 3792 1071 3839 ut
1110 3781 1407 3838 Christiani
1454 3790 1639 3837 essent
1683 3782 2001 3852 priusquam

413 3874 687 3931 Christus.
721 3894 741 3926 ι
782 3874 921 3930 Ecce
954 3873 1151 3945 quibus
1186 3873 1367 3929 verbis
1395 3873 1609 3943 negatis
1650 3881 1872 3929 sanctos
1905 3874 2004 3930 Ve-

413 3968 551 4024 teris
580 3966 913 4022 Testamenti
963 3965 1305 4021 Christianos
1336 3963 1526 4018 fuisse.
1554 3963 1662 4019 Sed
1712 3963 1882 4020 multo
1908 3980 2003 4035 pe-

404 4059 502 4129 jus
527 4059 741 4129 negatis
769 4057 860 4113 illo
887 4067 1128 4127 tempore
1150 4070 1260 4110 non
1283 4069 1403 4110 esse
1425 4054 1722 4111 Christum.
1751 4054 1998 4123 Credite,

413 4149 741 4205 venerabilis
771 4149 1042 4218 magister,
1072 4147 1199 4217 quia
1231 4147 1275 4202 si
1300 4145 1579 4202 dixissetis
1614 4162 1630 4202 :
1671 4165 1690 4199 ι
1723 4144 1841 4203 Non
1861 4148 2002 4204 dice.

414 4243 617 4296 bantur
642 4238 960 4304 Christiani,
993 4258 1013 4292 ι
1030 4253 1200 4308 parva
1228 4236 1458 4293 forsitan
1472 4247 1620 4293 esset
1639 4237 1997 4309 blasphemia.

2100 3138 2317 3194 alienati
2333 3158 2365 3194 a
2381 3142 2773 3196 conversatione
2798 3140 2991 3208 Israel,
3020 3151 3069 3197 et
3098 3143 3323 3214 hospites
3347 3152 3685 3198 testamento-

2100 3245 2242 3293 rum,
2273 3230 2636 3299 promissionis
2680 3247 2823 3303 spem
2860 3248 2963 3288 non
2989 3232 3257 3299 habentes,
3281 3243 3328 3288 et
3359 3234 3473 3289 sine
3491 3232 3603 3287 Deo
3626 3234 3684 3288 in

2100 3323 2298 3377 mundo
2335 3323 2555 3395 (Ephes.
2604 3341 2665 3391 ιι,
2717 3326 2806 3393 11,
2852 3326 2961 3401 12).
3005 3328 3146 3384 Ecce
3193 3328 3482 3400 Apostolus
3527 3331 3687 3385 docet

2101 3423 2291 3485 gentes
2311 3416 2428 3471 sine
2453 3415 2674 3473 Christo
2703 3417 2871 3474 fuisse
2893 3419 2986 3475 illo
3017 3428 3283 3491 tempore,
3316 3421 3533 3491 quando
3558 3434 3687 3490 pro-

2101 3501 2377 3563 missionis
2413 3523 2564 3578 spem
2596 3510 2832 3566 habebat
2865 3510 3053 3567 Israel.
3085 3512 3151 3568 Et
3174 3512 3303 3582 quid
3328 3521 3414 3568 est
3457 3512 3684 3568 dicere:

2100 3593 2285 3650 Eratis
2308 3597 2419 3652 sine
2449 3596 2683 3665 Christo,
2721 3598 2941 3655 alienati
2990 3619 3022 3656 a
3051 3602 3445 3657 conversatione
3488 3600 3683 3667 Israel,

2102 3685 2212 3740 nisi
2261 3686 2480 3757 oblique
2504 3690 2909 3758 demonstrare,
2944 3708 3050 3748 non
3096 3692 3264 3748 fuisse
3303 3693 3422 3747 sine
3465 3691 3689 3749 Christo

2100 3775 2268 3832 Israel
2292 3787 2536 3849 tempore
2569 3782 2985 3850 promissionis?
3014 3783 3073 3839 Si
3111 3783 3361 3840 Christus
3390 3800 3498 3841 non
3533 3795 3683 3851 erat,

2100 3882 2279 3937 neque
2299 3868 2625 3937 Christiani;
2650 3887 2750 3938 cur
2792 3873 2935 3928 idem
2963 3874 3253 3945 Apostolus
3289 3877 3356 3931 de
3379 3875 3563 3949 Moyse
3609 3877 3692 3933 di-

2104 3956 2180 4011 cit
2212 3975 2225 4011 :
2260 3955 2487 4030 Negavit
2529 3977 2585 4015 se
2628 3978 2739 4017 esse
2774 3962 2946 4032 ﬁlium
2992 3964 3120 4036 ﬁlia:
3159 3964 3479 4035 Pharaonis,
3517 3971 3687 4042 magis

2101 4047 2297 4120 eligens
2325 4052 2485 4123 αηϊίςὶ
2518 4068 2638 4107 cum
2661 4053 2855 4125 populo
2886 4055 3005 4123 Dei,
3027 4074 3183 4129 quam
3209 4059 3514 4132 temporalis
3561 4077 3688 4134 pec-

2104 4143 2211 4195 cati
2239 4142 2431 4198 habere
2459 4145 2879 4215 jocunditatem;
2909 4150 3137 4221 majores
3164 4152 3374 4208 divitias
3419 4156 3689 4215 a'stimans

2101 4234 2350 4289 thesauro
2386 4236 2783 4308 IEgyptiorum,
2812 4241 3186 4314 improperium
3214 4244 3431 4301 Christi.
3460 4248 3690 4320 Aspicie-

415 4330 553 4388 Cum
599 4338 781 4385 autem
830 4329 1029 4395 dicitis,
1085 4327 1213 4383 Non
1257 4336 1409 4382 erant
1446 4327 1756 4395 Christiani,
1802 4329 2002 4401 injuste
2026 4363 2081 4424 Β
2106 4324 2193 4380 bal
2217 4328 2357 4381 enim
2399 4329 2457 4383 in
2508 4331 2984 4387 remunerationem
3013 4333 3200 4403 (Hebr.
3228 4353 3307 4404 χι,
3352 4338 3444 4403 24,
3475 4340 3587 4411 25).
3627 4340 3687 4396 Si

419 4432 625 4480 tantam
669 4421 1071 4478 multitudinem
1117 4428 1432 4477 sanctorum
1467 4422 1879 4494 blasphematis.
1919 4422 2004 4478 Si-

417 4513 531 4569 mili
550 4512 718 4568 etiam
742 4512 907 4567 modo
927 4512 974 4566 si
998 4511 1067 4567 de
1089 4511 1319 4567 Domino
1335 4509 1463 4567 Jesu
1484 4510 1703 4568 Christo
1728 4513 2000 4580 diceretis,

422 4624 441 4656 ι
479 4604 721 4660 Necdum
746 4605 815 4659 ab
831 4602 1085 4658 omnibus
1113 4601 1365 4657 ﬁdelibus
1386 4601 1674 4659 manifeste
1711 4606 2007 4661 vocabatur

417 4696 692 4762 Christus,
726 4715 745 4749 ι
774 4694 1054 4750 tolerabile
1067 4702 1231 4749 esset.
1249 4691 1320 4747 At
1345 4708 1471 4749 cum
1501 4694 1706 4761 dicitis,
1740 4692 1861 4749 Non
1892 4705 2004 4750 erat

418 4784 679 4854 Christus,
713 4795 826 4842 tam
859 4785 1080 4857 grandis
1106 4785 1460 4856 blasphemia:
1493 4795 1596 4853 est,
1629 4794 1689 4841 ut
1713 4802 1819 4842 non
1866 4786 2006 4842 mul—

414 4886 535 4934 tum
564 4880 731 4934 distet
758 4879 829 4933 ab
860 4878 951 4933 illa
972 4877 1123 4932 Pauli
1151 4875 1497 4933 Samosateni
1522 4878 1930 4948 praedicatione.

491 4966 652 5023 XVII.
681 4967 889 5041 Deinde
935 4963 1281 5037 subjungitis,
1324 4966 1480 5036 quasi
1516 4968 1872 5023 exhortantes
1907 4984 2006 5025 nos

418 5077 484 5119 ac
507 5062 779 5117 dicentes:
802 5079 822 5112 ί
856 5059 967 5116 Sed
992 5061 1264 5130 quomodo
1277 5060 1517 5116 nondum
1533 5070 1656 5117 erat
1676 5060 1961 5118 Christus?
1982 5083 2000 5114 ι

416 5153 626 5222 Legitis
644 5153 844 5208 librum
869 5151 1171 5223 supradicti
1203 5152 1350 5207 beati
1379 5150 1558 5207 Patris
1581 5151 1892 5223 Augustini,
1922 5168 2011 5209 ca-

412 5247 594 5319 pitulo
618 5245 671 5313 6,
713 5252 768 5301 et
812 5244 1017 5316 ponitis
1064 5243 1243 5316 ipsum
1272 5242 1591 5314 capitulum,
1623 5243 1793 5299 multo
1840 5244 2007 5299 alium

420 5350 643 5391 sensum
667 5336 1044 5391 continentem
1080 5349 1244 5404 quam
1275 5349 1374 5389 vos
1397 5334 1631 5389 sentitis.
1659 5333 1721 5388 In
1736 5333 1827 5389 illo
1862 5334 2007 5390 enim

421 5427 662 5499 capitulo
687 5428 952 5498 scriptum
974 5435 1089 5482 est:
1120 5445 1139 5478 ι
1162 5425 1296 5483 Cum
1323 5442 1454 5499 ergo
1481 5426 1683 5483 Christi
1713 5442 1912 5483 nomen
1941 5443 2010 5485 ex

418 5519 588 5576 eoilli
617 5520 690 5575 sit
719 5520 864 5591 quod
911 5519 1173 5590 scriptum
1214 5527 1320 5586 est,
1372 5518 1537 5575 Una-it
1566 5530 1615 5573 te
1654 5518 1816 5587 Deus,
1865 5520 2009 5576 Deus

425 5620 545 5669 tuus
573 5610 686 5667 oleo
717 5608 1081 5665 exsultationis
1105 5627 1214 5681 pra:
1242 5611 1583 5682 participibus
1608 5613 1728 5667 tuis.
1758 5612 1912 5669 Unde
1939 5614 2007 5669 ad

786 5723 1063 5787 ΡΑτιιοι.
1110 5720 1271 5789 CIV.

2105 4419 2207 4475 sub
2232 4418 2350 4489 lege
2378 4419 2540 4490 positi
2566 4420 2841 4477 Christum
2892 4432 2947 4479 et
2981 4425 3108 4481 boni
3145 4442 3252 4483 non
3284 4429 3587 4495 coluerunt,
3632 4440 3690 4488 et

2104 4508 2230 4565 mali
2260 4524 2369 4564 non
2424 4518 2804 4578 tentaverunt,
2843 4527 2942 4568 cur
2987 4515 3186 4570 iterum
3230 4517 3365 4573 dicit
3399 4519 3468 4574 de
3503 4521 3688 4577 colen-

2106 4602 2252 4657 tibus
2294 4618 2418 4658 eum
2447 4621 2459 4657 ;
2487 4602 2742 4660 Bibebant
2764 4606 2828 4660 de
2855 4607 3086 4677 spiritali
3125 4613 3460 4683 consequenti
3482 4630 3569 4669 eos
3599 4632 3689 4687 pec

2106 4703 2209 4747 tra.
2249 4690 2407 4749 Petra
2427 4704 2601 4750 autem
2627 4706 2738 4750 erat
2768 4694 3030 4753 Christus.
3054 4699 3130 4755 De
3148 4704 3485 4759 tentanttbus
3510 4719 3638 4760 vero
3671 4720 3686 4762 :

2110 4783 2293 4857 Neque
2313 4795 2566 4841 tentemus
2590 4786 2881 4855 Christum,
2916 4791 3051 4847 sicut
3093 4792 3309 4864 quidam
3338 4812 3519 4851 eorum
3569 4774 3686 4852 ten-

2107 4885 2365 4943 taverunt,
2392 4887 2443 4931 et
2466 4894 2500 4931 a
2524 4879 2851 4950 serpentibus
2869 4881 3156 4953 perierunt.
3185 4883 3322 4939 Nam
3349 4893 3409 4940 ut
3428 4887 3691 4944 noveritis

2107 4965 2211 5021 sub
2257 4965 2374 5037 lege
2422 4981 2531 5021 non
2576 4968 2752 5025 solum
2792 4970 3152 5039 Christianos,
3205 4976 3301 5030 sed
3346 4977 3508 5032 etiam
3546 4976 3685 5035 (ilics

2109 5057 2314 5115 Christi
2362 5058 2547 5126 fuisse,
2586 5062 2770 5118 audite
2820 5065 3019 5122 iterum
3062 5066 3414 5135 Apostolum:
3463 5069 3691 5131 Decebat

2108 5150 2266 5215 enim,
2296 5150 2493 5221 inquit,
2520 5168 2640 5206 eum
2677 5162 2889 5224 propter
2905 5171 3059 5227 quem
3091 5156 3290 5223 omnia,
3332 5168 3384 5212 et
3404 5175 3497 5231 per
3534 5176 3689 5232 quem

2109 5243 2309 5310 omnia,
2328 5243 2418 5315 qui
2445 5244 2638 5300 multos
2656 5244 2797 5313 ﬁlios
2820 5247 2875 5301 in
2901 5245 3126 5318 gloriam
3152 5245 3471 5317 adduxerat,
3495 5262 3686 5307 aucto-

2110 5350 2219 5389 rem
2251 5334 2438 5390 salutis
2480 5353 2664 5391 eorum
2687 5354 2780 5409 per
2799 5337 3067 5410 passiones
3115 5348 3493 5397 consummari.
3530 5342 3689 5402 Anna

2110 5436 2287 5484 mater
2315 5427 2585 5484 Samuelis
2609 5443 2773 5484 orans
2797 5428 2853 5483 in
2881 5427 3083 5499 templo
3110 5428 3240 5485 dicit
3268 5445 3285 5485 :
3316 5431 3575 5491 Dominus
3588 5434 3691 5506 ju-

2111 5521 2305 5576 dicabit
2331 5521 2460 5592 ﬁnes
2484 5529 2656 5587 terra,
2680 5530 2732 5574 et
2750 5520 2898 5575 dabit
2928 5522 3205 5595 imperium
3237 5527 3346 5597 regi
3380 5542 3496 5595 suo,
3530 5537 3577 5584 et
3600 5545 3691 5585 su-

2113 5611 2346 5666 blimabit
2370 5627 2535 5667 cornu
2565 5608 2762 5665 Christi
2789 5611 2892 5666 sui.
2925 5612 2992 5667 Et
3021 5614 3123 5669 hoc
3152 5622 3207 5670 et
3233 5616 3285 5671 in
3314 5616 3407 5674 illo
3445 5626 3691 5693 tempore

3294 5730 3339 5798 ϐ
