3962 6180
348 282 451 337 171

1316 284 1372 342 S.
1416 279 1767 343 ACOBARDI
1803 278 2111 336 EPISCOPI
2148 279 2640 341 LUGDUNENSIS

3521 277 3627 332 ns

351 409 461 464 quo
486 394 715 449 necdum
743 403 864 450 erat
893 412 987 452 rex
1013 397 1067 451 in
1092 396 1283 464 Israel,
1327 407 1385 453 et
1435 406 1730 468 antequam
1773 409 1939 465 unge-
1963 399 2013 459 Α
2040 396 2325 453 destinatis
2345 396 2560 454 ﬁerent.
2591 396 2746 453 Unde
2791 404 2848 452 et
2888 393 3201 467 Apostolus,
3235 408 3361 451 cum
3402 409 3628 451 enume-

265 498 278 553 ῖ
350 495 505 542 retur
527 486 612 540 vel
640 485 807 541 etiam
836 496 1153 543 nasceretur
1171 486 1332 555 Saul,
1365 504 1528 559 quem
1560 489 1784 559 dignum
1825 487 1939 542 ele-

348 576 508 645 gistis
530 574 598 629 ad
629 576 903 647 negandos
928 576 1290 635 Christianos.
1332 581 1410 635 De
1450 580 1621 635 David
1669 580 1936 650 scriptum

349 675 434 722 est
466 685 478 720 :
508 665 657 721 Dixit
686 667 783 733 vir,
812 668 898 722 cui
927 670 1268 725 constitutum
1287 680 1364 726 est
1389 671 1455 726 de
1478 669 1690 726 Christo
1720 671 1821 726 Dei
1839 672 1939 727 Ja-

348 762 463 827 rob,
495 760 732 833 egregius
762 760 1037 833 psalmista
1076 762 1269 819 Israel.
1297 764 1419 835 Ipse
1446 764 1616 820 David
1660 765 1737 819 ait
1763 783 1776 818 :
1818 763 1939 818 Ha-

346 848 607 920 gniﬁcans
637 849 836 906 salutes
863 861 999 924 regis
1032 870 1167 924 ejus,
1195 863 1246 909 et
1282 855 1484 927 faciens
1519 856 1935 910 misericordiam

347 939 555 995 Christo
576 958 695 996 suo.
726 942 897 998 Eman
931 959 1147 1015 quoque
1171 947 1251 1001 ait
1277 963 1292 1000 :
1334 945 1414 1000 Tu
1452 962 1576 1000 uero
1603 945 1842 1017 repuliin
1884 954 1935 1000 et

344 1030 650 1101 despexisti,
680 1030 935 1086 distulisti
957 1031 1228 1088 Christum
1253 1044 1422 1088 tuum.
1456 1034 1713 1090 Habacuc
1756 1034 1930 1089 dicit:

343 1119 607 1201 Egressus
633 1139 687 1175 es
713 1124 770 1176 in
790 1128 963 1177 salute
986 1122 1167 1193 populi
1187 1125 1284 1189 tui,
1310 1126 1366 1178 in
1392 1123 1564 1179 salute
1584 1141 1701 1179 cum
1724 1125 1934 1181 Christo

336 1220 455 1265 tuo.
484 1210 751 1266 Jeremias
779 1211 1027 1282 deplorat
1075 1213 1261 1269 dicens
1294 1232 1308 1268 :
1340 1214 1580 1286 Spiritus
1603 1216 1715 1270 oris
1766 1218 1933 1272 nostri

276 1344 287 1351 .
337 1300 583 1359 Christus
608 1303 871 1358 Dominus
904 1314 1089 1376 captus
1111 1315 1187 1360 est
1208 1307 1264 1360 in
1288 1308 1518 1378 peccatis
1545 1307 1760 1362 nostris.

412 1398 557 1454 XIX.
614 1399 819 1456 Deinde
851 1401 1209 1472 subjungitis,
1254 1400 1543 1458 dicentes:
1588 1421 1606 1453 ι
1655 1401 1773 1459 Νοη
1802 1417 1932 1475 ergo

336 1493 520 1548 omnis
560 1492 858 1549 chrismate
904 1503 1119 1560 unctus,
1145 1494 1490 1552 Christianus
1526 1496 1788 1553 dicendus
1823 1506 1928 1554 est.

336 1581 527 1637 Potius
548 1582 692 1636 enim
722 1581 798 1636 illi
828 1581 1030 1638 Christi
1062 1599 1225 1653 quam
1256 1584 1557 1641 Christiani
1581 1587 1928 1655 dicebantur,

336 1684 398 1730 ut
423 1674 553 1729 illud
577 1676 633 1729 in
661 1674 895 1730 Psalmis
921 1693 935 1729 :
966 1674 1148 1730 Nolite
1189 1687 1406 1749 tangere
1448 1678 1676 1733 christos
1707 1694 1869 1733 meos.
1902 1698 1921 1732 ι

2042 494 2218 542 rasset
2246 488 2428 544 omnia
2458 488 2597 544 dona
2618 487 2915 559 gratiarum
2942 503 3064 557 quae
3081 502 3183 557 per
3204 485 3476 557 Spiritum
3503 501 3630 541 san-

2038 586 2185 632 ctum
2216 585 2328 633 tam
2354 578 2566 635 Veteris
2606 577 2940 634 Testamenti
2979 568 3232 643 ﬁdelibus
3276 591 3440 647 quam
3489 574 3627 632 Novi

2039 667 2329 725 distributa
2354 678 2503 737 sunt,
2534 668 2814 738 subjunxit
2846 688 2859 723 :
2891 669 3044 725 Sicut
3073 669 3215 724 enim
3246 685 3437 741 corpus
3459 684 3625 723 unum

2038 768 2136 825 est,
2162 768 2212 814 et
2241 762 2472 816 membra
2511 761 2667 817 habet
2717 760 2906 829 multa,
2960 762 3136 815 omnia
3176 771 3353 816 autem
3393 761 3627 816 membra

2037 853 2270 922 corporis
2299 870 2417 907 cum
2447 854 2551 908 sint
2597 850 2788 918 multa,
2821 868 2985 906 unum
3032 868 3223 923 corpus
3270 861 3431 918 sunt;
3461 852 3537 905 ita
3576 862 3627 905 et

2037 939 2299 996 Christus.
2325 942 2535 997 Etenim
2560 943 2616 998 in
2636 960 2741 997 uno
2762 944 2953 1014 spiritu
2975 959 3153 997 omnes
3175 944 3229 998 in
3251 961 3413 999 unum
3435 961 3625 1015 corpus

2037 1030 2289 1101 baptizati
2319 1048 2521 1098 sumus,
2553 1033 2661 1087 sive
2685 1032 2889 1098 Judwi,
2918 1034 3027 1088 sive
3053 1032 3289 1104 gentiles,
3328 1034 3436 1088 sive
3454 1035 3624 1100 servi,

2035 1122 2140 1176 sive
2158 1120 2329 1187 liberi,
2358 1131 2409 1176 et
2457 1139 2634 1178 omnes
2673 1126 2729 1178 in
2769 1140 2875 1179 uno
2908 1123 3113 1195 Spiritu
3145 1136 3170 1164 δ
3206 1125 3373 1195 potati
3417 1141 3622 1180 sumus.

2036 1212 2151 1269 Hoc
2180 1213 2385 1284 Spiritu
2415 1216 2564 1271 uncti
2586 1224 2714 1271 sunt
2734 1217 3081 1287 patriarchae,
3110 1218 3214 1273 hoc
3238 1218 3267 1257 ι)
3297 1218 3451 1273 multi
3478 1234 3626 1274 mar-

2035 1313 2204 1375 tyres,
2227 1305 2319 1374 qui
2349 1305 2468 1361 sine
2497 1306 2822 1376 baptismate
2865 1308 3137 1378 corporali
3171 1310 3240 1364 ad
3264 1310 3433 1364 vitam
3467 1320 3626 1366 mter-

2032 1410 2158 1449 nam
2185 1395 2539 1451 transierunt.
2578 1395 2679 1463 Qui
2702 1412 2891 1452 omnes
2918 1398 3191 1469 quomodo
3219 1416 3389 1456 unum
3423 1418 3625 1472 corpus

2031 1484 2291 1554 baptizati
2312 1494 2460 1553 sunt,
2485 1487 2811 1556 patriarchae
2840 1488 3049 1544 scilicet
3071 1497 3126 1544 et
3158 1500 3429 1562 martyres
3450 1533 3465 1559 ,
3498 1509 3621 1548 cum

2028 1576 2241 1631 caeteris
2266 1577 2517 1633 ﬁdelibus
2546 1578 2763 1634 Veteris
2812 1589 2869 1634 et
2912 1579 3048 1635 Novi
3075 1580 3430 1650 Testamenti,
3482 1595 3539 1640 et
3565 1586 3621 1641 in

2029 1681 2140 1721 uno
2167 1667 2382 1738 spiritu,
2423 1669 2549 1724 audi
2575 1670 2777 1725 iterum
2803 1672 3056 1727 eumdem
3087 1671 3406 1743 Apostolum
3444 1676 3623 1731 dicen-

337 1768 390 1824 ln
422 1770 510 1825 his
555 1769 739 1825 verbis
763 1769 964 1824 vestris
1010 1770 1224 1840 negatis
1255 1779 1471 1838 unctos,
1511 1771 1567 1825 id
1605 1778 1724 1838 est,
1772 1786 1930 1843 reges
1957 1762 2005 1823 B
2033 1764 2142 1811 tem
2174 1772 2189 1811 ε
2217 1756 2271 1810 Ν
2275 1757 2357 1812 οίο
2384 1759 2520 1814 enim
2544 1776 2629 1814 υοδ
2659 1761 2927 1830 ignorare.
2960 1761 3174 1828 fratres.
3221 1767 3474 1834 quoniam
3521 1784 3620 1838 Ρη·-

334 1868 391 1914 et
413 1858 719 1929 pontiﬁces,
754 1858 925 1915 fuisse
958 1860 1331 1929 Christianos;
1360 1872 1418 1916 et
1460 1862 1664 1933 ponitis
1689 1863 1932 1920 testimo-

335 1951 485 2005 nium
512 1950 729 2021 psalmi,
763 1950 908 2021 quod
937 1966 1046 2005 non
1069 1951 1135 2006 de
1155 1951 1526 2023 pontiﬁcibus,
1560 1960 1658 2007 aut
1684 1953 1924 2023 regibus,

333 2043 432 2099 sed
457 2051 669 2099 tantum
688 2041 756 2099 de
780 2042 1132 2113 patriarchis,
1169 2042 1447 2098 Abraham
1474 2043 1704 2109 scilicet,
1754 2042 1925 2109 Isaac,

329 2144 389 2191 et
406 2136 596 2203 Jacob,
630 2135 913 2206 Scriptura
945 2136 1080 2191 dicit
1111 2155 1124 2190 :
1159 2134 1273 2206 Ipsi
1302 2137 1439 2191 enim
1482 2136 1812 2192 transierunt
1862 2136 1927 2190 de

332 2238 483 2299 gente
512 2230 567 2283 in
589 2237 813 2299 gentem,
837 2237 885 2283 et
916 2229 982 2283 de
1021 2245 1181 2299 regno
1202 2229 1272 2283 ad
1308 2228 1560 2300 populum
1593 2228 1842 2295 alterum,
1871 2226 1927 2284 id

325 2328 417 2377 est
447 2320 512 2376 de
535 2318 788 2375 Chaldzea
828 2321 883 2374 in
915 2319 1378 2391 Mcsopotomiam,
1412 2320 1609 2376 deinde
1638 2321 1694 2375 in
1722 2330 1925 2375 terram

329 2410 610 2477 Chanaan,
641 2418 697 2465 et
719 2410 1039 2482 Egyptum,
1069 2424 1132 2464 ac
1170 2426 1386 2464 rursum
1436 2410 1490 2464 in
1545 2408 1770 2464 Gerare.
1818 2409 1926 2464 Pro

326 2503 462 2573 ipsis
483 2501 720 2571 correpti
749 2511 878 2557 sunt
912 2515 1091 2572 reges,
1143 2499 1457 2555 Abimelech
1511 2500 1743 2566 scilicet,
1792 2498 1928 2555 Pha-

320 2608 425 2648 rao
464 2591 687 2657 Hetuor,
715 2599 771 2648 et
796 2590 1037 2653 Sichem,
1065 2600 1121 2645 et
1148 2590 1263 2644 alii.
1298 2589 1475 2660 Super
1503 2590 1634 2661 ipsis
1662 2591 1924 2661 praecepit

320 2681 608 2749 Dominus,
645 2679 825 2736 Nolite
850 2691 1065 2752 tangere
1108 2680 1334 2735 christos
1370 2697 1532 2747 meos,
1567 2681 1757 2737 dicens
1807 2696 1917 2736 non

319 2785 440 2832 tam
471 2778 674 2843 verbis,
718 2792 884 2849 quam
913 2774 1241 2831 certiludine
1270 2771 1625 2829 defensionis.
1660 2774 1799 2829 Ecce
1827 2775 1924 2829 ha-

324 2866 466 2922 betis
507 2867 743 2922 christos
766 2867 943 2922 dictos
964 2865 1330 2935 patriarchas,
1357 2879 1495 2935 quos
1518 2864 1665 2919 nulla
1695 2866 1922 2920 omnino

318 2958 596 3029 corporali
623 2958 880 3013 unctione
915 2956 1151 3027 probare
1197 2955 1450 3026 poteritis
1491 2953 1661 3011 fuisse
1703 2963 1916 3011 unctos.

324 3049 478 3105 Unde
497 3064 627 3121 ergo
667 3047 882 3113 christi,
917 3047 963 3102 si
998 3062 1105 3102 non
1143 3045 1338 3101 uncti?
1371 3045 1510 3113 Quia
1540 3046 1745 3112 dicitis,
1777 3045 1919 3117 Ergo

319 3139 401 3194 illi
420 3149 569 3193 erant
607 3139 671 3193 ab
727 3138 972 3193 unctione
1020 3136 1175 3192 multi
1218 3136 1440 3203 christi,
1480 3152 1603 3192 cum
1640 3152 1918 3206 nunquam

322 3228 516 3300 legatis
544 3229 625 3284 vel
656 3228 840 3299 plures
862 3228 1026 3284 simul
1056 3227 1225 3283 fuisse
1253 3241 1411 3299 reges
1429 3268 1444 3295 ,
1476 3243 1579 3300 nec
1607 3228 1716 3284 duo
1756 3229 1918 3284 simul

316 3320 606 3389 pontiﬁces
630 3319 723 3375 illo
756 3328 1017 3390 tempore.
1042 3317 1178 3373 Nam
1209 3320 1355 3389 quod
1375 3334 1530 3390 reges
1555 3329 1612 3376 et
1633 3323 1919 3391 pontiﬁces

321 3410 695 3482 angebantur,
745 3423 853 3464 non
885 3408 1065 3475 aliter,
1119 3410 1225 3464 nisi
1255 3425 1364 3465 uno
1406 3409 1723 3475 decedente,
1774 3426 1918 3466 unus

319 3499 619 3555 succedens
647 3499 954 3569 angebatur
978 3499 1030 3553 in
1063 3499 1233 3570 ﬁgura
1264 3499 1425 3555 unius
1445 3500 1561 3555 veri
1587 3498 1792 3556 Christi
1825 3519 1837 3554 :
1864 3510 1919 3555 et

320 3592 376 3646 hi
402 3591 620 3661 quidem
647 3592 976 3647 dicebantur
1004 3591 1216 3647 christi.

388 3682 509 3737 XX.
541 3681 649 3739 Sed
675 3698 775 3739 nos
795 3682 861 3737 de
886 3683 1214 3753 patriarchis
1239 3682 1663 3756 interrogamus,
1692 3700 1917 3755 quomo-

316 3773 387 3829 do
412 3787 506 3829 eos
527 3773 755 3830 creditis
776 3773 894 3828 sine
919 3772 1119 3828 visibili
1165 3772 1483 3840 chrismate,
1515 3774 1723 3845 absque
1772 3791 1913 3847 aqua

317 3864 683 3934 baptismatis,
715 3862 810 3917 sed
851 3871 1047 3918 unctos
1077 3862 1335 3918 invisibili
1372 3871 1583 3919 tantum
1602 3875 1657 3920 et
1685 3866 1914 3937 spiritali

316 3956 647 4013 chrismate?
674 3955 941 4011 Similiter
963 3956 1016 4010 in
1068 3956 1251 4012 Veteri
1291 3956 1659 4023 Testamento,
1689 3974 1797 4015 non
1826 3975 1915 4015 so-

316 4048 428 4103 lum
446 4061 638 4103 omnes
666 4054 888 4102 sanctos
920 4047 1284 4115 patriarchas,
1315 4049 1412 4104 sed
1440 4056 1495 4103 et
1519 4050 1717 4105 multos
1743 4051 1910 4107 etiam

318 4138 374 4191 in
401 4136 706 4208 gentilitate
727 4135 939 4206 positos
975 4136 1253 4191 credimus
1302 4137 1563 4193 invisibili
1614 4140 1912 4197 chrismate

318 4234 541 4291 unctos;
591 4240 690 4297 per
737 4241 903 4295 quam
941 4227 1252 4282 unctionem
1300 4229 1543 4284 membra
1599 4229 1804 4289 Christi
1856 4243 1912 4290 et

317 4331 484 4370 unum
512 4330 710 4386 corpus
744 4330 868 4371 cum
898 4315 1151 4372 omnibus
1183 4316 1251 4372 ad
1276 4325 1542 4373 aeternam
1570 4320 1737 4376 vitam
1771 4338 1910 4393 prae-

2031 1856 2136 1902 tres
2186 1850 2353 1904 nostri
2400 1866 2577 1905 omnes
2615 1850 2712 1904 sub
2764 1852 2898 1907 nube
2946 1852 3183 1922 fuerunt,
3229 1868 3279 1909 et
3303 1872 3480 1911 omnes
3527 1875 3621 1929 per

2029 1954 2175 1993 mare
2196 1941 2542 2007 transierunt,
2574 1953 2623 1995 et
2663 1958 2840 1996 omnes
2867 1943 2925 1996 in
2967 1942 3152 2014 Moyse
3173 1944 3426 2015 baptizati
3471 1959 3616 2013 sunt,

2028 2032 2085 2085 in
2114 2031 2248 2087 nube
2275 2041 2323 2087 et
2363 2033 2420 2087 in
2447 2034 2606 2100 mari,
2633 2044 2682 2088 et
2713 2050 2891 2089 omnes
2917 2035 3153 2089 eamdem
3202 2053 3375 2091 escam
3402 2039 3621 2110 spirita-

2024 2122 2131 2179 lem
2163 2125 2634 2191 manducaverunt,
2665 2135 2715 2180 et
2755 2143 2933 2181 omnes
2963 2128 3206 2182 eumdem
3232 2139 3414 2200 potum
3455 2132 3618 2201 spiri-

2028 2214 2187 2270 talem
2217 2215 2472 2270 biberunt.
2505 2216 2675 2284 Quem
2701 2218 2925 2287 potum?
2951 2217 3104 2273 Illum
3135 2235 3299 2290 quem
3346 2222 3403 2276 in
3455 2238 3619 2293 supr.»

2027 2307 2159 2363 riori
2184 2309 2457 2364 sententia
2481 2311 2768 2380 praemisit,
2792 2327 2899 2365 uno
2940 2312 3131 2382 spiritu
3181 2315 3350 2384 potati
3385 2332 3569 2371 sumus
3594 2331 3613 2370 :

2022 2407 2084 2455 et
2110 2414 2274 2469 quam
2298 2415 2480 2457 escam
2503 2400 2826 2470 spiritalem,
2853 2402 2957 2457 nisi
2985 2404 3459 2474 participationem
3491 2422 3615 2463 eor-
3716 2467 3733 2485 ,

2026 2490 2175 2560 poris
2202 2488 2441 2545 Christi?
2466 2490 2712 2562 Denique
2734 2491 3029 2563 Apostolus
3059 2494 3231 2550 dicit:
3260 2493 3452 2552 Omnes
3473 2500 3614 2554 enini

2025 2598 2116 2637 uos
2139 2598 2303 2636 unum
2328 2584 2453 2637 estis
2479 2584 2535 2637 in
2563 2580 2775 2638 Christo
2798 2583 2953 2639 Iesu.
2978 2584 3043 2641 Si
3072 2597 3245 2642 autem
3272 2605 3358 2643 vos
3387 2587 3612 2657 Christi,

2022 2690 2148 2745 ergo
2185 2673 2411 2735 Abrahce
2447 2691 2624 2730 semen
2646 2678 2791 2731 estis.
2831 2677 2901 2732 Et
2920 2693 3018 2734 vos
3038 2680 3218 2735 dicitis
3234 2720 3251 2746 ,
3276 2683 3404 2751 quia
3430 2683 3611 2739 Abra-

2025 2769 2152 2824 ham
2178 2783 2287 2823 non
2312 2768 2417 2824 fuit
2436 2768 2799 2837 Christianus,
2845 2786 2969 2827 cum
3005 2788 3105 2829 nos
3148 2771 3445 2831 Christiani
3487 2792 3613 2833 esse

2024 2873 2131 2913 non
2154 2861 2447 2929 possimus,
2470 2860 2576 2915 nisi
2599 2860 2899 2917 eﬁiciamur
2928 2877 3112 2918 semen
3155 2862 3427 2921 Abrahae?
3472 2866 3611 2938 Αρον

2023 2949 2197 3004 stolus
2223 2950 2355 3004 dicit
2382 2967 2397 3003 ε
2430 2948 2657 3004 Abrahrc
2682 2951 2839 3006 dicta:
2865 2960 2989 3005 sunt
3022 2954 3420 3023 promissiones,
3449 2966 3497 3010 et
3530 2973 3612 3012 se-

2022 3043 2153 3095 mini
2180 3042 2317 3113 ejus,
2346 3044 2437 3113 qui
2460 3052 2535 3097 est
2581 3040 2843 3098 Christus.
2888 3045 2955 3098 Et
2981 3060 3078 3101 vos
3106 3046 3288 3103 dicitis
3331 3048 3609 3106 Abraham

1946 3111 1990 3175 C
2026 3132 2191 3188 fuisse
2205 3111 2330 3188 vsine
2351 3111 2592 3189 Christo.
2612 3134 2904 3205 Apostolus
2935 3137 3015 3191 ait
3041 3155 3055 3192 :
3080 3136 3257 3208 Igitur
3279 3141 3370 3211 qui
3403 3157 3469 3196 ea:
3500 3142 3611 3211 [ide

2024 3233 2169 3287 sunt,
2210 3223 2577 3278 benedicentur
2614 3240 2734 3278 cum
2756 3225 2904 3294 ﬁdeli
2932 3226 3223 3282 Abraham.
3264 3230 3332 3284 Et
3364 3231 3602 3287 iterum:

2025 3316 2263 3371 Christus
2287 3333 2379 3370 nos
2414 3316 2628 3371 redemit
2667 3317 2732 3371 de
2778 3316 3060 3373 maledicto
3104 3318 3256 3392 legis,
3299 3322 3473 3393 factus
3508 3342 3607 3399 pro

2024 3406 2171 3460 nobis
2200 3405 2558 3472 maledictum,
2588 3416 2642 3461 ut
2669 3409 2724 3461 in
2749 3409 2989 3479 gentibus
3039 3411 3328 3469 benedictio
3374 3416 3606 3472 Abrahtc

2021 3497 2169 3566 ﬁeret
2195 3499 2251 3552 in
2278 3496 2485 3552 Christo
2507 3498 2660 3565 Jesu,
2694 3509 2748 3553 ut
2787 3499 3222 3569 pollicitationem
3257 3503 3488 3577 Spiritus
3514 3510 3608 3562 ad—

2019 3589 2277 3658 cipiamus
2296 3606 2389 3659 per
2414 3589 2593 3659 ﬁdem.
2623 3590 2689 3645 Et
2708 3605 2804 3646 vos
2836 3591 3016 3648 dicitis
3046 3600 3157 3649 tam
3181 3595 3396 3652 diversa
3442 3598 3609 3653 bene-

2017 3683 2253 3739 dictione
2275 3683 2553 3738 Abraham
2582 3693 2639 3741 et
2682 3700 2784 3741 nos
2811 3686 3149 3754 bcnedictos,
3178 3689 3342 3743 etiam
3384 3691 3606 3747 diverso

2016 3777 2210 3847 spiritu
2236 3786 2452 3845 unctos,
2488 3788 2550 3833 ut
2592 3778 2681 3834 ille
2729 3779 2980 3837 Christus
3026 3784 3266 3853 potuerit
3301 3799 3443 3851 esse,
3493 3802 3606 3843 non

2013 3868 2378 3936 Christianus,
2420 3884 2625 3940 nosque
2651 3869 2951 3926 Christiani
2993 3874 3266 3942 possimus
3302 3891 3444 3943 esse,
3492 3894 3605 3934 non

2014 3960 2289 4017 Christus.

2088 4053 2230 4109 XXI.
2268 4054 2558 4123 Apostolus
2593 4054 2723 4111 dicit
2740 4056 2868 4129 quia
2895 4056 3040 4113 Deus
3064 4057 3227 4114 Pater
3255 4062 3605 4133 omnipotens

2003 4143 2198 4213 ‘omnia
2244 4142 2473 4213 subjecit
2515 4145 2616 4200 sub
2656 4146 2886 4216 pedibus
2926 4147 3051 4203 Filii
3086 4151 3171 4205 sui
3217 4150 3430 4208 Domini
3467 4153 3603 4211 Jesu

2010 4234 2236 4301 Christi,
2268 4244 2317 4290 et
2341 4236 2513 4306 ipsum
2537 4235 2678 4290 dedit
2703 4248 2860 4307 caput
2874 4255 3033 4310 super
3052 4258 3257 4298 omnem
3287 4243 3605 4313 Ecclesium,

2011 4341 2130 4397 qua:
2162 4334 2239 4379 est
2280 4342 2471 4396 corpus
2507 4326 2693 4396 ipsius,
2729 4336 2777 4381 et
2815 4327 3088 4398 plenitudo
3117 4332 3233 4402 ejus
3274 4336 3367 4405 qui
3421 4340 3607 4394 omnia

1677 4436 1951 4493 BALUZII
1988 4438 2223 4493 ΝΟΤΛΕ.

1677 4438 1809 4493 BAL
1988 4439 2035 4494 N
2131 4438 2223 4493 [Ε.

389 4528 870 4608 ηέΡρεαιρβωηιέπδ.
901 4528 1078 4608 Locus
1098 4537 1192 4584 est
1210 4528 1361 4608 Pauli
1386 4543 1463 4608 et
1478 4528 1707 4608 epistola
1730 4439 1983 4608 prtgtztli)
2160 4547 2256 4608 nt,
2288 4546 2343 4608 ρ.
2369 4530 2447 4608 _28
2480 4548 2500 4608 _:
2555 4548 2573 4581 ί
2629 4530 2858 4608 Nullum.
2891 4541 3073 4608 autem
3126 4537 3607 4608 catechumcnum,

315 4599 384 4672 ad
417 4599 762 4672 Corinthios.
800 4600 864 4672 Et
906 4600 961 4654 in
1012 4608 1269 4672 contextu
1307 4599 1467 4672 Pauli
1502 4604 1691 4672 (prout
1730 4599 1905 4658 etiam

316 4670 501 4742 laudat
517 4669 832 4742 Agebat-dus
854 4671 907 4742 in
930 4672 1106 4742 capite
1127 4672 1193 4742 ὃ]
1218 4670 1341 4742 libri
1358 4669 1629 4742 adversus
1643 4671 1902 4739 Felicem,

313 4748 371 4795 et
397 4741 453 4795 in
482 4739 601 4809 cap.
643 4739 675 4794 7
707 4739 829 4795 libri
858 4740 926 4811 de
964 4739 1137 4811 Modo
1159 4740 1458 4811 Regiminis
1485 4740 1857 4799 Ecclesiastici
1887 4784 1903 4809 ,

314 4811 555 4885 itemque
573 4811 627 4865 in
647 4810 823 4879 capite
843 4811 873 4885 '_7
896 4810 1175 4885 Sermonis
1193 4810 1562 4885 _EXhortatorii
1583 4811 1651 4866 ad
1672 4812 1904 4885 plebem)

317 4879 538 4953 legitur,
563 4889 611 4935 et
645 4896 822 4953 omnes
846 4882 902 4935 in
925 4897 1030 4953 uno
1060 4879 1263 4953 Spiritu
1300 4881 1464 4953 p_o_tati
1495 4879 1699 4953 sumus“.
1729 4883 1786 4938 In
1813 4879 1906 4939 co-

314 4949 434 5008 dice
462 4960 647 5024 tamen
676 4950 825 5024 regi_o
844 4990 859 5016 ,
892 4951 1027 5024 etin
1057 4950 1296 5024 editione
1322 4949 1580 5016 Massoni,
1615 4952 1832 5024 legitur,
1854 4964 1904 5008 et

315 5039 494 5078 omnes
531 5023 587 5077 in
628 5018 964 5092 uno'Spiritu
994 5019 1246 5092 baptizati
1267 5037 1449 5092 sumus
1473 5036 1492 5074 :
1521 5018 1905 5092 quod—mutari

314 5092 515 5151 debere
537 5090 841 5161 visumest.
865 5090 1002 5147 Nam
1026 5090 1186 5161 paulo
1214 5099 1336 5161 post
1366 5090 1707 5161 Agobardus,
1745 5094 1905 5161 repli-

313 5178 449 5220 cans
477 5162 654 5234 locum
689 5160 883 5234 illum,
910 5177 975 5217 ac
998 5160 1191 5231 petens
1216 5160 1446 5232 quinam
1478 5171 1638 5234 potus
1678 5165 1749 5219 sit
1790 5160 1899 5231 ille,

313 5236 393 5291 ait
418 5253 433 5289 :
466 5250 572 5305 uno
602 5233 809 5305 Spiritu
827 5234 1215 5305 potatisumus.

386 5305 415 5377 ξι
453 5302 615 5360 Multi
642 5301 918 5377 martyres.
960 5301 1251 5377 _Se_ntiebat
1278 5318 1410 5377 ergo
1434 5303 1775 5377 Agobardus,
1804 5319 1900 5377 eos

312 5374 405 5445 qui
442 5389 543 5445 pro
584 5373 804 5445 nomine
845 5373 1048 5445 Christi
1092 5373 1719 5429 contumeliam‘mortis
1753 5375 1897 5443 passi

311 5443 488 5508 erant,
520 5451 668 5513 recta
694 5443 749 5498 in
777 5444 973 5500 coelum
1005 5444 1155 5510 ferri,
1194 5445 1482 5499 tamenetsi
1502 5444 1758 5513 baptizati
1787 5459 1895 5500 non

309 5515 566 5570 fuissent.
600 5512 802 5583 Eadem
823 5514 924 5569 fuit
939 5515 1211 5571 sententia
1240 5513 1437 5568 vetusti
1467 5512 1746 5583 scriptoris
1772 5513 1895 5570 libri

312 5584 382 5641 de
428 5582 812 5655 Stingularitate
840 5586 1196 5650 Clericorum,
1240 5584 1332 5654 qui
1371 5582 1733 5655 vulgottribui
1759 5583 1897 5655 solet

313 5653 605 5728 Cypriane.
652 5670 671 5703 ς
704 5653 839 5708 Ideo
866 5655 1010 5728 enim
1034 5653 1374 5728 martyrium,
1403 5653 1626 5728 inquit,
1661 5654 1899 5728 appella-

317 5723 410 5781 an;
437 5736 544 5779 tam
574 5738 774 5779 corona
810 5739 970 5796 quam
996 5723 1261 5796 baptisma
1280 5766 1294 5787 ,
1324 5726 1451 5793 quia
1484 5723 1897 5796 haptizatpari-

306 5806 401 5855 ter
445 5806 497 5851 et
526 5808 769 5852 coronet.
812 5813 830 5848 ι
857 5793 988 5850 Item
1032 5794 1243 5852 Alcuini
1276 5796 1332 5850 in
1371 5794 1722 5854 Confessionc
1752 5793 1896 5853 'Iidei

2010 4603 2258 4674 quamvis
2285 4602 2349 4674 in,
2368 4602 2526 4674 bonis
2549 4603 2802 4671 operibus
2825 4602 3137 4660 defunctum
3159 4647 3173 4670 ,
3201 4608 3369 4661 vitam
3396 4602 3611 4667 habere}

2010 4673 2269 4752 aeternam
2303 4673 2564 4752 dicimus;
2601 4682 2830 4752 excepto
2853 4676 3254 4752 martyrio,_ubi
3284 4686 3394 4752 tota
3423 4680 3610 4752 bapti-

2007 4745 2113 4801 smi
2154 4750 2496 4816 sacramenta
2538 4744 2899 4816 complentur.
2954 4744 3230 4816 Sanguine
3274 4749 3418 4803 enim
3443 4790 3458 4815 ,
3493 4744 3609 4807 'veI

2011 4761 2113 4801 sun
2154 4760 2496 4801 sacramenta
2538 4760 2899 4868 comgremur.
2954 4760 3230 4816 Sanguine
3274 4764 3418 4803 enim
3443 4790 3458 4815 ,
3514 4760 3609 4807 vel

2011 4816 2164 4887 igne,
2196 4814 2281 4870 vel
2307 4814 2484 4887 poenis
2514 4813 2634 4868 aliis
2701 4815 3011 4887 aptizantur
3037 4818 3400 4884 confessores,
3436 4839 3455 4872 ι
3491 4821 3609 4878 Ve-

2005 4885 2099 4958 tus
2126 4898 2343 4958 quoque
2379 4885 2615 4958 scriptor
2636 4899 2800 4958 supra
2836 4885 3104 4958 laudatus,
3138 4897 3300 4958 atque
3328 4890 3606 4949 hactenus

2010 4954 2283 5023 ineditus',
2325 4956 2381 5010 in
2420 4954 2775 5011 Confessione
2827 4955 2954 5011 ﬁdei
2991 4998 3004 5010 .
3039 4975 3059 5008 s
3105 4954 3320 5013 Nullum
3347 4962 3610 5016 catechu-

2010 5042 2230 5083 menum
2250 5068 2264 5093 ,
2296 5026 2543 5096 quamvis
2578 5026 2632 5080 in
2662 5026 2820 5081 bonis
2859 5027 3115 5096 operibus
3144 5029 3483 5096 defunctum,
3515 5033 3608 5087 vi-

2008 5095 2412 5184 tam‘azternam.
2448 5095 2651 5179 habere
2690 5095 3010 5184 credamus;
3043 5110 3271 5184 etcepto
3309 5095 3602 5184 martyrio,

2004 5167 2097 5241 ubi
2130 5175 2244 5223 tota
2260 5167 2537 5241 baptismi
2551 5176 2894 5222 sacramenta
2922 5167 3283 5238 complentur.
3311 5167 3610 5241 BaptizanL

2001 5237 2105 5293 dus
2144 5238 2435 5294 conﬁtetur
2470 5237 2628 5293 ﬁdem
2667 5252 2821 5293 suam
2848 5237 3472 5306 coram’sacerdote,'et
3503 5242 3604 5297 in-

2005 5314 2309 5383 terrogatus
2337 5308 2646 5383 respondet.
2677 5308 2791 5383 [Ioc
2817 5317 2873 5363 et
2900 5318 3107 5383 martyr
3128 5325 3310 5383 coram
3338 5327 3607 5383 persecu-

2002 5386 2120 5434 tore
2158 5378 2325 5454 i‘aeit,
2366 5378 2458 5454 qui
2486 5389 2542 5434 et
2580 5378 2874 5454 conﬁtetur
2903 5378 3097 5454 ﬁdem,
3131 5378 3608 5454 etintei'rogatus

2000 5450 2310 5524 respondet.
2345 5447 2488 5524 _Ille_
2511 5457 2638 5520 post
2683 5447 3082 5524 confessionem
3135 5450 3220 5524 vel
3288 5447 3615 5524 aspergitur

1998 5519 2170 5595 aqua,
2207 5520 2294 5595 vel
2321 5519 2704 5595 tinguitur_;__et
2739 5520 2830 5575 hic
2855 5520 3277 5595 velaspergitur
3304 5519 3604 5595 sanguine,

1999 5592 2085 5645 vel
2102 5591 2373 5664 tinguitur
2397 5589 2538 5662 igne.
2585 5589 2677 5645 Ille
2706 5606 2902 5664 manus
2944 5589 3289 5664 irnposiiione
3314 5589 3609 5664 pontiﬁcii

1998 5660 2488 5732 accipit'Spiritu'm
2523 5669 2772 5717 sanctum
2793 5702 2809 5729 ,
2834 5662 2921 5718 hic
2948 5660 3332 5720 habitaculum
3351 5661 3613 5727 efﬁcitur

2001 5730 2235 5803 Spiritus
2265 5730 2459 5787 Sancti.
2509 5751 2529 5785 ι
