3962 6180
309 292 420 357 ἰτδ

1422 294 1634 351 EPIST.
1678 296 1770 350 AD
1809 292 2172 350 PROCERES
2209 293 2496 351 PALATH.

3492 295 3592 351 Πῑ

305 422 370 477 in
409 417 649 473 omnibus
672 413 1010 486 adimpletur.
1047 412 1115 468 Et
1149 414 1374 468 iterum:
1403 412 1524 482 Ipse
1544 423 1618 466 est
1645 412 1780 465 enim
1801 426 1907 480 pax
1933 410 1985 469 Α
2083 410 2242 464 XXII.
2277 410 2334 466 Si
2361 413 2482 481 quis
2507 418 2687 465 autem
2712 408 2779 464 ad
2799 410 2914 465 hzec
2932 409 3296 481 objiciendum
3323 398 3593 482 putaverit

310 519 519 575 nostra,
547 509 635 580 qui
677 507 799 576 fecit
829 513 1051 570 utraque
1097 522 1282 569 unum,
1314 515 1361 558 et
1403 505 1630 558 medium
1656 503 1905 574 parietem

307 603 799 667 maceriw,solvens
826 599 1154 652 inimicitiam
1174 599 1226 653 in
1257 615 1414 651 carne
1432 615 1550 661 sua,
1579 597 1738 668 legem
1757 613 1905 649 man-

309 695 562 748 datorum
593 692 815 746 decretis
841 708 1122 754 evacuans,
1147 701 1203 744 ut
1249 691 1382 744 duos
1419 690 1612 744 condat
1638 691 1692 743 in
1718 700 1906 744 semet-

306 787 483 856 ipsum
530 785 586 836 in
617 798 781 836 unum
829 797 1016 835 norum
1054 781 1338 844 hominem,
1384 781 1580 851 faciens
1609 797 1812 851 pacem,
1856 788 1904 833 et

309 872 661 928 reconcilians
698 874 880 925 ambos
913 872 966 924 in
1001 887 1103 924 uno
1134 887 1352 940 corpore
1392 870 1502 924 Deo
1530 888 1626 942 per
1657 887 1865 926 crucem
1886 911 1901 936 ,

305 964 630 1033 interﬁn'ens
686 963 1023 1016 inimicitiam
1079 963 1133 1016 in
1195 964 1490 1033 semetipso.
1554 962 1624 1016 Et
1695 964 1902 1017 veniens

306 1053 687 1124 euangelizavit
725 1069 910 1122 pacem
934 1051 1076 1106 vobis
1097 1052 1187 1124 qui
1211 1051 1363 1122 longe
1407 1053 1610 1122 fuistis,
1633 1063 1682 1106 el
1721 1070 1901 1124 pacem

307 1146 390 1199 his
414 1144 505 1214 qui
540 1159 731 1213 prope;
761 1143 1013 1212 quoniam
1035 1158 1129 1211 per
1149 1142 1321 1212 ipsum
1355 1142 1608 1197 habemus
1631 1159 1900 1197 accessum

305 1236 464 1289 ambo
490 1237 545 1288 in
572 1252 676 1288 uno
706 1233 896 1304 spiritu
927 1233 996 1286 ad
1026 1232 1259 1287 Patrem.
1295 1233 1436 1305 Ergo
1475 1234 1593 1304 jam
1633 1251 1736 1288 non
1775 1235 1899 1288 estis

304 1328 537 1398 hospites
562 1336 611 1380 et
640 1326 877 1390 advena',
920 1326 1011 1378 sed
1037 1327 1159 1380 estis
1181 1328 1315 1380 cives
1357 1337 1680 1391 sanctorum,
1729 1337 1776 1381 et
1805 1327 1901 1380 do-

302 1420 511 1475 mestici
546 1417 665 1483 Dei,
704 1417 1116 1488 supera’diﬁcati
1139 1435 1295 1489 super
1326 1417 1727 1488 fundamentum
1765 1437 1898 1490 apo-

301 1511 561 1565 stolorum
591 1519 640 1563 et
685 1509 1078 1579 prophetarum,
1126 1509 1238 1580 ipso
1285 1526 1488 1563 summa
1529 1510 1776 1580 angulari
1820 1511 1900 1566 la-

301 1601 429 1671 pide
459 1599 665 1654 Christo
689 1597 844 1662 Jesu,
864 1599 919 1651 in
941 1614 1042 1668 quo
1082 1598 1363 1667 aediﬁcatio
1390 1608 1687 1654 constructa
1713 1602 1899 1655 crescit

302 1692 356 1743 in
385 1689 637 1760 templum
667 1699 908 1743 sanctum
947 1690 1003 1742 in
1033 1688 1281 1754 Domino,
1313 1690 1368 1744 in
1397 1707 1498 1761 quo
1517 1701 1564 1744 et
1592 1708 1678 1745 vos
1705 1693 1898 1746 eamdi-

2010 498 2158 562 illud,
2186 502 2329 570 quod
2357 501 2409 554 in
2437 501 2595 565 lsaia,
2621 501 2698 554 vel
2730 502 2783 555 izt
2806 500 3147 571 Apocalypsi,
3172 515 3368 554 nomen
3391 514 3592 556 novum

2007 590 2225 655 dicitur,
2259 591 2399 660 quod
2428 591 2615 661 procul
2647 590 2815 646 dubio
2839 590 3208 646 Christianum
3233 591 3590 662 intelligitur;

2007 685 2142 738 sciat
2170 693 2387 739 sanctos
2417 683 2664 740 doctores
2689 683 2763 738 ita
2799 685 3125 740 intellexisse
3144 725 3159 750 ,
3189 693 3250 739 ut
3278 700 3476 740 novum
3505 686 3592 739 di-

2005 783 2180 842 catur,
2227 785 2518 848 propterea
2567 777 2694 846 quia
2739 789 2913 847 nuper
2945 777 3272 847 dispersum,
3305 792 3414 832 non
3464 776 3592 846 quia

2005 883 2177 938 nuper
2207 867 2526 934 inventum;
2567 884 2632 924 ac
2666 883 2762 938 per
2785 869 2888 923 hoc
2920 884 3027 923 non
3059 869 3264 924 novella
3294 869 3381 924 vel
3419 885 3592 938 nuper

2004 967 2192 1014 exorta
2219 968 2301 1014 est
2327 957 2761 1013 Christianorum
2789 958 3002 1029 religio,
3031 959 3124 1014 sed
3163 960 3231 1013 ab
3258 960 3371 1030 ipsa
3405 959 3591 1014 mundi

2003 1048 2211 1120 origine
2238 1049 2592 1111 descendens,
2623 1049 2812 1103 eodem
2839 1048 3057 1102 Christo
3095 1049 3319 1104 doctore
3349 1059 3402 1104 et
3435 1050 3593 1104 insti-

2004 1147 2201 1194 tutore.
2231 1137 2368 1192 Nam
2400 1140 2526 1194 inde
2559 1139 2628 1193 ab
2656 1138 2813 1193 initio
2841 1140 3074 1207 speciem
3110 1137 3450 1210 formamque
3473 1156 3594 1195 sus-

2000 1231 2226 1300 piciens.
2266 1231 2437 1284 Porro
2479 1231 2546 1285 de
2587 1231 2791 1284 unitate
2825 1229 3061 1284 ﬁdelium
3105 1231 3319 1285 Veteris
3354 1246 3417 1285 ac
3455 1231 3591 1285 Novi

2003 1323 2334 1377 Testamenti
2367 1322 2562 1376 beatus
2593 1320 2951 1392 Hieronymus
2997 1321 3162 1375 dicit:
3205 1339 3222 1371 ε
3273 1320 3389 1388 Quo
3430 1323 3591 1376 modo

2000 1416 2146 1470 enim
2185 1430 2372 1470 omnes
2399 1415 2453 1468 in
2481 1413 2814 1484 protoplasto
2853 1413 3026 1468 Adam
3055 1414 3284 1468 necdum
3327 1415 3441 1468 nati
3471 1429 3590 1468 mo-

2001 1507 2256 1572 riuntur;
2305 1507 2378 1560 ita
2421 1521 2642 1570 omnes,
2683 1506 2845 1559 etiam
2889 1505 2941 1558 hi
2992 1506 3084 1574 qui
3127 1514 3252 1559 ante
3298 1506 3589 1560 adventum

2000 1599 2199 1654 Christi
2227 1598 2340 1652 nati
2368 1605 2517 1664 sunt,
2548 1599 2602 1652 in
2633 1598 2871 1652 secundo
2894 1596 3065 1651 Adam
3095 1597 3469 1652 viviﬁcantur;
3509 1607 3592 1650 at-

2000 1707 2105 1761 que
2133 1691 2206 1745 ita
2239 1689 2298 1744 ﬁt
2327 1697 2388 1744 ut
2411 1696 2466 1744 et
2510 1704 2608 1744 nos
2638 1689 2740 1759 legi
2768 1689 3118 1743 servierimus
3146 1689 3198 1742 in
3229 1689 3498 1759 patribus,
3534 1697 3592 1745 et

300 1781 543 1849 [icamini
590 1782 644 1834 in
692 1779 1052 1833 habitaculum
1096 1779 1194 1834 Dei
1245 1781 1299 1834 in
1349 1777 1548 1851 Spiritu
1583 1791 1784 1836 sancto.
1832 1783 1899 1837 Et
1927 1769 1974 1828 Β
2003 1782 2078 1836 illi
2106 1781 2278 1852 gratia
2305 1779 2582 1835 salventur
2610 1779 2662 1833 in
2688 1778 2830 1832 ﬁliis.
2870 1797 2888 1830 t
2934 1778 3036 1832 lsle
3064 1777 3370 1834 intellectus
3398 1779 3589 1834 Eccle-

300 1887 478 1943 quare
505 1872 647 1926 hanc
671 1871 990 1934 Ecclesium,
1031 1871 1132 1926 hoc
1180 1886 1399 1940 corpus,
1427 1873 1569 1941 quod
1601 1881 1684 1927 est
1730 1875 1901 1944 pleni-

301 1965 434 2017 tudo
464 1962 678 2031 capitis,
706 1961 814 2017 hoc
844 1977 1034 2027 unum,
1067 1962 1212 2032 quod
1237 1977 1306 2016 ex
1343 1971 1571 2032 utraque
1597 1963 1747 2030 fecit,
1798 1966 1898 2021 hos

299 2056 559 2110 conditos
584 2055 637 2108 in
685 2055 1002 2124 semetipso,
1051 2055 1152 2109 bos
1187 2054 1376 2109 ambos
1416 2057 1794 2112 reconciliatos
1837 2058 1896 2112 in

299 2164 413 2224 uno
462 2161 693 2217 corpore
739 2146 854 2201 Deo
903 2161 1000 2218 per
1020 2162 1270 2217 crucem,
1313 2148 1454 2202 hanc
1482 2147 1896 2204 aediﬁcationem

298 2249 704 2305 constructam,
732 2239 836 2294 hoc
871 2240 1128 2308 templum
1155 2249 1403 2295 sanctum
1434 2241 1488 2294 in
1517 2240 1768 2307 Domino,
1794 2243 1899 2299 hoc

298 2330 678 2386 habitaculum
706 2330 803 2384 Dei
849 2330 901 2384 in
948 2331 1179 2400 spiritu,
1211 2331 1374 2386 vultis
1404 2332 1478 2386 ita
1521 2333 1782 2398 dividere,
1839 2341 1900 2389 ut

300 2421 453 2474 aliud
501 2421 580 2475 illi
627 2419 847 2484 fuerint,
881 2419 1027 2475 aliud
1055 2436 1157 2476 nos
1201 2422 1406 2476 simus?
1431 2421 1573 2488 Quid
1601 2437 1730 2494 ergo
1771 2439 1898 2493 pro-

297 2514 406 2570 fuit
439 2515 582 2583 quod
609 2529 708 2584 per
728 2521 892 2584 caput
922 2513 1182 2568 habemus
1213 2529 1494 2570 accessum
1517 2515 1676 2570 ambo
1705 2515 1759 2570 in
1790 2531 1898 2571 uno

297 2607 499 2677 spiritu
555 2607 621 2660 ad
647 2604 889 2671 Patrem,
923 2605 968 2659 si
996 2605 1201 2659 nullam
1245 2607 1681 2661 communionem
1734 2606 1900 2662 habet

297 2697 460 2750 radix
497 2695 656 2750 oliva:
696 2710 820 2750 cum
849 2693 1086 2750 oleastro
1122 2696 1225 2750 sibi
1277 2696 1519 2751 inserto?
1547 2696 1743 2752 Tribus
1794 2696 1899 2752 Ru-

295 2786 430 2851 ben,
459 2794 516 2840 et
545 2785 868 2851 tribusGad,
902 2801 966 2841 ac
1015 2786 1240 2841 dimidia
1266 2788 1443 2842 tribus
1475 2786 1745 2853 Manasse,
1771 2803 1896 2858 pro-

293 2885 492 2944 pterea
533 2884 959 2930 construxerunt
991 2876 1164 2932 altare
1208 2876 1350 2932 ultra
1401 2875 1717 2944 Iordanem,
1767 2879 1897 2948 quia

289 2965 411 3034 jam
449 2965 711 3021 timebant
743 2983 862 3033 vos,
899 2983 968 3023 ne
998 2968 1255 3024 diceretis
1279 2969 1407 3035 illis,
1433 2985 1558 3024 cum
1602 2969 1895 3026 Jordanem

296 3057 670 3112 transissent:
718 3057 838 3112 Non
892 3059 1177 3128 pertinetis
1225 3059 1293 3114 ad
1348 3075 1468 3126 nos,
1524 3071 1548 3100 α
1602 3076 1710 3114 non
1763 3060 1896 3116 estis

1999 1875 2094 1930 sia:
2122 1873 2405 1928 catholica:
2432 1873 2718 1937 convenit,
2755 1887 2874 1941 qua:
2901 1871 3113 1925 Veteris
3142 1879 3197 1926 et
3226 1870 3361 1926 Novi
3401 1873 3590 1927 Testa-

2000 1966 2170 2020 menti
2193 1981 2358 2020 unam
2393 1965 2588 2019 asserit
2616 1963 3042 2033 providentiam,
3075 1978 3175 2018 nec
3218 1963 3502 2034 distinguit
3533 1965 3588 2018 iu

2002 2061 2243 2124 tempore
2280 2069 2416 2124 quos
2457 2053 2769 2109 conditione
2813 2053 3057 2107 sociavit.
3097 2051 3296 2108 Omnes
3334 2054 3590 2109 tediﬁcatt

1999 2145 2168 2200 simus
2197 2160 2362 2214 super
2390 2144 2801 2200 fundamentum
2833 2144 3195 2213 apostolorum
3217 2153 3273 2199 et
3297 2146 3590 2214 propheta-

2001 2255 2158 2303 rum,
2207 2239 2522 2294 continente
2565 2253 2665 2293 nos
2713 2236 2956 2308 angulari
2996 2237 3174 2307 lapide
3211 2237 3336 2292 Jesu
3367 2238 3590 2294 Christo

1999 2329 2228 2384 Domino
2257 2338 2464 2395 nostro,
2493 2329 2585 2398 qui
2618 2328 2744 2383 fecit
2771 2337 2998 2398 utraque
3027 2345 3230 2394 unum,
3269 2338 3324 2384 et
3350 2331 3590 2386 medium

1998 2421 2262 2490 parietem
2287 2420 2576 2489 dissipans,
2616 2419 2957 2474 inimicitiam
3000 2421 3284 2490 utriusque
3320 2421 3499 2491 populi
3534 2423 3590 2476 in

2000 2527 2096 2566 sua
2126 2524 2291 2566 carne
2326 2508 2615 2573 destruxit,
2663 2517 2719 2563 et
2761 2509 2997 2577 antiqua:
3041 2509 3175 2580 legis
3217 2509 3590 2566 difﬁcultatem

2000 2602 2435 2674 evangelicorum
2471 2601 2782 2672 dogmatum
2819 2600 3133 2672 integritate
3169 2602 3418 2656 mutavit.
3449 2603 3591 2660 Vere

1999 2697 2055 2752 in
2077 2695 2294 2754 Christo
2321 2710 2460 2750 unus
2493 2694 2650 2764 panis
2688 2709 2911 2760 sumus,
2961 2701 3016 2748 et
3063 2694 3169 2750 duo
3213 2695 3590 2751 consensimus

2002 2804 2167 2860 super
2193 2797 2427 2853 terram;
2468 2796 2522 2844 et
2551 2787 2820 2857 quomodo
2846 2802 2946 2842 nos
2972 2802 3133 2858 super
3159 2787 3452 2859 prophetas
3473 2788 3594 2844 fun-

2003 2882 2114 2938 dati
2137 2897 2348 2948 sumus,
2373 2880 2450 2934 ita
2485 2886 2541 2935 et
2575 2878 2900 2948 patriarcha:
2919 2879 3032 2950 jam
3064 2878 3430 2948 apostolorum
3470 2878 3595 2936 fun-

2001 2975 2219 3030 damine
2241 2973 2625 3029 constiterunt.
2665 2971 2742 3026 De
2767 2971 2996 3028 Domino
3029 2988 3247 3043 quoque
3277 2971 3406 3030 Jesu
3431 2972 3591 3030 Chri-

2001 3073 2087 3121 sto
2106 3064 2398 3136 prmdictus
2423 3065 2616 3118 doctor
2659 3063 2772 3118 ait:
2817 3081 2836 3114 ‹
2890 3062 3188 3134 Postquam
3233 3066 3302 3119 ob
3342 3075 3590 3122 nostram

297 3146 621 3213 Christiani,
679 3148 798 3205 sine
845 3148 1064 3204 Christo
1102 3150 1264 3217 estis;
1319 3151 1448 3220 quia
1499 3152 1732 3206 necdum
1778 3158 1897 3205 erat
1925 3146 1968 3210 C
2002 3155 2231 3212 salutem
2259 3153 2326 3210 de
2352 3154 2591 3225 Virginis
2617 3161 2773 3208 utero
2802 3154 3058 3224 dignatus
3082 3162 3166 3209 est
3193 3155 3374 3221 nasci,
3406 3156 3503 3214 Dei
3530 3167 3590 3216 et

295 3238 573 3296 Christus.
600 3241 744 3296 Nihil
770 3242 992 3297 omnino
1014 3241 1193 3297 differt
1214 3244 1360 3298 aliud
1388 3244 1532 3299 inter
1552 3243 1672 3300 illos
1696 3251 1751 3299 et
1773 3260 1892 3312 nos,

297 3331 406 3385 nisi
450 3332 579 3400 quia
620 3341 966 3387 sacramenta
1013 3332 1206 3388 salutis
1252 3348 1371 3402 qua:
1407 3349 1505 3404 per
1541 3335 1893 3390 mediatorem

293 3432 524 3494 operata
561 3433 686 3479 sunt
731 3432 956 3495 propter
978 3439 1078 3480 nos
1107 3433 1164 3480 et
1201 3437 1424 3496 propter
1468 3425 1610 3492 illos,
1640 3441 1740 3481 nos
1787 3425 1895 3480 sal-

296 3521 430 3566 vant
458 3514 752 3582 praeterita,
782 3514 904 3569 illos
934 3512 1135 3582 futura,
1191 3516 1316 3585 quia
1346 3531 1466 3586 qua:
1490 3530 1592 3570 nos
1621 3515 1894 3571 credimus

299 3611 354 3656 et
381 3613 633 3659 tenemus
670 3605 971 3674 praeterita,
1007 3605 1083 3660 illi
1115 3607 1463 3662 crediderunt
1506 3623 1569 3662 ac
1603 3615 1896 3661 tenuerunt

298 3693 517 3762 futura;
557 3706 614 3750 et
643 3697 718 3750 illi
757 3698 812 3752 in
841 3698 955 3753 sola
992 3698 1324 3754 conscientia
1356 3707 1411 3754 et
1452 3698 1641 3770 ﬁguris
1685 3697 1895 3753 futuro-

300 3806 445 3855 rum,
477 3806 580 3846 nos
603 3791 768 3846 etiam
800 3791 856 3844 in
891 3791 1106 3861 publica
1149 3791 1508 3860 professione,
1532 3791 1674 3846 votis
1699 3797 1754 3845 et
1792 3806 1892 3844 an-

298 3885 644 3940 nuntiatione
665 3885 1071 3955 praeteritarum
1099 3900 1281 3939 rerum
1333 3899 1456 3938 cum
1494 3883 1894 3954 signiﬁcatione

304 3974 677 4028 tractabilium
714 3983 1218 4040 sacramentorum;
1263 3974 1406 4030 sicut
1431 3981 1486 4028 et
1535 3974 1610 4028 illi
1663 3974 1771 4029 duo
1799 3976 1892 4044 qui

298 4083 466 4122 unum
488 4067 706 4122 botrnm
744 4071 799 4122 in
833 4067 1046 4138 falango
1081 4068 1393 4137 portabant,
1424 4081 1590 4119 unum
1634 4081 1772 4135 opus
1820 4065 1895 4119 fa-

299 4158 522 4212 ciebant
575 4157 968 4223 indifferenter,
1014 4158 1118 4212 nisi
1169 4159 1294 4227 quia
1342 4157 1590 4211 eumdem
1648 4157 1891 4222 botrum,

299 4261 442 4302 nus
463 4257 589 4318 post
612 4249 858 4314 dorsum,
889 4249 1028 4303 alter
1051 4257 1177 4303 ante
1207 4247 1398 4303 faciem
1427 4248 1729 4314 habebant;
1754 4249 1895 4304 sicut

298 4337 461 4392 etilli
509 4339 605 4408 qui
649 4340 1040 4409 praecedentes,
1093 4349 1148 4395 et
1174 4349 1486 4409 sequentes,
1537 4338 1766 4394 Domino
1814 4340 1894 4395 in-

297 4429 468 4483 tranti
499 4427 842 4485 Hierusalem
869 4430 1108 4485 clamant
1133 4431 1368 4486 Osanna.

2000 3246 2279 3301 hominum
2303 3245 2465 3299 homo
2485 3243 2736 3300 Christus
2757 3241 2916 3299 Jesus
2937 3252 3218 3314 sequester
3240 3255 3325 3301 est
3345 3246 3538 3302 dictus.
3565 3269 3584 3302 ι

1999 3337 2306 3408 Antequam
2333 3353 2462 3393 vero
2491 3339 2773 3393 hominum
2803 3353 3001 3408 corpus
3023 3345 3349 3403 assumeret,
3374 3347 3428 3395 et
3447 3349 3592 3396 esset

1999 3430 2144 3499 apud
2167 3428 2386 3485 Patrem
2410 3437 2466 3485 et
2500 3445 2692 3485 omnes
2719 3437 2938 3484 sanctos
2973 3445 3109 3500 quos
3137 3428 3414 3500 Scriptura
3439 3446 3592 3486 com-

1999 3527 2287 3586 memorat,
2323 3520 2442 3576 sine
2468 3520 2839 3576 additamento
2860 3520 3098 3575 hominis
3117 3561 3132 3585 ,
3165 3535 3324 3590 quem
3355 3523 3584 3576 necdum

1999 3618 2410 3680 assumpserat,
2462 3611 2731 3666 mediator
2783 3609 3158 3665 tantummodo
3217 3619 3583 3680 nuncupatur.

1998 3703 2119 3773 Ipse
2141 3704 2338 3774 quippe
2365 3704 2606 3773 pretioso
2631 3703 2892 3774 sanguine
2921 3717 3019 3757 suo
3045 3709 3100 3756 et
3132 3717 3230 3756 nos
3252 3709 3306 3756 et
3326 3701 3467 3766 illos,
3495 3717 3591 3764 pa-

2002 3793 2271 3848 triarchas
2307 3793 2513 3848 scilicet
2547 3800 2602 3847 et
2630 3792 2924 3862 pr0phetas
2951 3831 2966 3856 ,
3013 3791 3079 3845 de
3125 3790 3414 3845 maledicto
3458 3791 3590 3862 legis

2000 3883 2249 3939 redemit.
2276 3882 2474 3939 Omnes
2500 3883 2643 3937 enim
2673 3896 2738 3936 ex
2770 3881 2873 3937 fide
2904 3880 3105 3936 Christi
3126 3878 3411 3949 iustiﬁcati
3435 3893 3586 3940 sunt.

2002 3981 2281 4052 Siquidem
2320 3980 2593 4036 Abraham
2630 3979 2767 4036 vidit
2807 3981 2950 4036 diem
2984 3979 3223 4048 Christi,
3274 3991 3330 4038 et
3374 3981 3591 4037 ltetatus

2001 4079 2124 4138 est;
2165 4079 2221 4126 et
2256 4071 2468 4142 Moyses
2493 4071 2728 4140 majores
2759 4071 2978 4127 divitias
3014 4072 3306 4127 aestimavit
3329 4071 3590 4126 thesauro

2001 4163 2400 4236 liigyptiorum,
2441 4163 2829 4234 impmperium
2851 4162 3072 4218 Christi.
3097 4162 3410 4234 Aspiciebat
3442 4161 3591 4217 enim

2002 4259 2055 4312 in
2083 4256 2600 4314 remunerationem.

368 4609 572 4685 {ﬁeri
603 4611 726 4685 estis
759 4611 1068 4668 Christiani.
1125 4613 1225 4670 Hic
1262 4613 1612 4685 Fredegisum
1657 4521 2350 4685 ἓέέξίῗοῗιὲῗιῖἷῇέυάω
2372 4611 2636 4685 Baronius
2659 4611 2893 4685 ininitio
2921 4609 3229 4685 Apparatus
3259 4609 3328 4685 ad
3349 4607 3587 4685 Annales

298 4682 502 4755 tpfellit
532 4682 853 4755 Agobardus
873 4725 888 4748 ,
914 4685 1058 4755 quod
1089 4685 1290 4740 dixerit
1311 4682 1652 4755 patriarchas
1667 4682 1894 4740 ’Veteris

297 4752 640 4808 Testamen’ti
672 4769 782 4808 non
814 4752 982 4809 fuisse
1005 4752 1367 4810 Christianos.
1400 4755 1468 4808 Et
1499 4763 1897 4810 consentaneas

299 4824 798 4894 habetAgobardus
819 4822 1088 4879 Justinum
1118 4833 1413 4895 martyrem
1435 4834 1490 4880 et
1509 4824 1894 4895 Augustinum,

2003 4680 2434 4811 Ecdeisiasﬁcos.
2488 4683 2622 4738 Vide
2675 4682 2870 4737 librum
2934 4680 3194 4738 adversus
3252 4680 3587 4738 Amalarium

2005 4774 2123 4811 can.
2192 4779 2245 4811 ο.

2005 4774 2123 4829 cap.
2160 4774 2245 4811 ID.

1013 5073 1521 5152 EPISTOLA
1577 5077 1708 5153 AD
1789 5074 2297 5154 PROCERES
2373 5071 2797 5150 PALATII

649 5262 931 5322 CONTRA
970 5265 1418 5323 PRECEPTUM
1458 5263 1706 5320 IMPIUM
1745 5260 1836 5318 DE
1868 5258 2218 5318 BAPTISMO
2254 5258 2697 5318 JUDAICORUM
2742 5251 3242 5314 MANCIPIORUM.

367 5493 612 5549 [hminis
637 5503 695 5549 et
722 5493 1112 5560 sanctissimis,
1141 5494 1492 5560 beatissimis,
1520 5493 1652 5550 viris
1681 5492 1903 5547 illustri-

2010 5491 2112 5546 bus
2139 5502 2190 5552 a,
2219 5487 2471 5544 llilduino
2500 5487 2639 5542 sacri
2676 5485 2858 5548 palatii
2887 5485 3113 5541 antistiti
3161 5484 3310 5558 [Al.,
3341 5490 3586 5548 archica-

1651 5583 1927 5641 BALUZII
1965 5581 2173 5638 ΝΟΤᾹΞ
2185 5621 2198 5635 .

368 5692 391 5750 ρ
431 5679 688 5737 Hilduino
721 5681 864 5736 sacri
905 5679 1094 5750 palatii
1127 5677 1371 5741 antistiti,
1409 5676 1462 5731 id
1504 5683 1608 5750 est,
1647 5675 1894 5750 archica-

302 5749 528 5821 pellano,
557 5756 642 5809 vel
677 5744 1224 5820 summo'rapellano,
1255 5763 1363 5820 quo
1393 5749 1553 5801 modo
1587 5754 1815 5802 vocatur
1843 5744 1898 5799 in

1999 5679 2270 5742 praecepto
2292 5669 2559 5742 Ludovici
2590 5668 2671 5722 Pii
2701 5681 2800 5742 pro
2835 5667 3151 5742 llil‘debaldo
3191 5673 3443 5742 episcopo
3481 5671 3590 5726 Ma-

2009 5737 2328 5808 tisconensi,
2368 5739 2508 5808 quod
2544 5747 2724 5794 exstat
2762 5737 2816 5793 in
2859 5739 3183 5798 bibliotheca
3213 5737 3584 5798 Cluniacensi.
