3962 6180
333 338 442 393 175
1286 339 1356 393 -s.
1400 336 1749 397 accusant
1788 339 2094 397 EPISCOPl
2131 340 2614 401 LUGDUNENSIS
3506 332 3608 406 ire

335 450 602 525 pcllauo],
627 458 695 508 .et
722 462 749 492 κ
776 448 948 507 Walae
1012 450 1217 518 abbati,
1282 450 1601 523 Agobardus
1651 453 1917 510 servulus.
1949 466 2000 525 Α
2024 455 2293 526 praecipue
2322 454 2376 510 in
2409 456 2722 526 apostolicis
2751 458 2946 516 litteris
2969 463 3115 519 omni
3143 462 3265 521 luce
3296 463 3498 522 clarius
3519 469 3613 523 de-

405 543 628 599 Noverit
657 543 1016 597 mansuetudo
1045 547 1229 598 vestra
1265 544 1686 613 prudentissima
1721 546 1924 603 idcirco

334 650 421 688 me
451 634 516 688 ad
546 642 835 703 utrumque
860 633 1272 704 przesumpsisse
1312 650 1433 705 qua:
1466 644 1768 706 sequuntur
1791 637 1926 693 scri-

331 728 483 791 bere,
513 727 769 796 quoniam
799 726 1006 796 absque
1036 725 1291 799 ambiguo
1316 743 1414 784 vos
1455 728 1580 784 novi
1623 730 1925 800 prtecipuos

331 829 386 874 et
408 834 545 890 pene
573 818 715 874 solus
741 819 797 873 in
826 818 915 873 via
942 819 1039 875 Dei
1074 833 1197 877 esse
1221 819 1498 889 adjutores
1521 822 1551 862 ιι
1576 821 1931 878 Οὴτίειὶςιηίεα

332 911 453 967 simi
480 910 844 980 imperatoris,
869 919 925 966 et
942 916 1228 982 propterea
1258 911 1312 966 in
1334 908 1537 982 palatio
1560 927 1682 967 esse
1710 923 1731 951 ε
1757 928 1924 967 unum

330 1017 564 1075 semper,
595 1012 651 1059 et
680 1003 707 1043 ἀ
737 1005 967 1059 alterum
1000 1003 1334 1075 frequenter,
1362 1013 1424 1059 ut
1451 1005 1505 1059 in
1529 1006 1784 1074 operibus
1812 1006 1927 1076 pie-

332 1099 462 1154 tatis
486 1114 605 1169 quae
628 1099 830 1168 absque
850 1099 996 1153 omni
1020 1110 1209 1153 errore
1235 1099 1547 1168 quazrenda,
1578 1098 1923 1165 invenienda,

333 1188 561 1244 tenenda
591 1197 746 1252 sunt,
792 1202 891 1242 vos
933 1188 1011 1242 illi
1039 1187 1477 1259 prudentissimis
1515 1190 1711 1245 vestris
1735 1205 1925 1263 sugge-

330 1284 599 1338 stionihus
612 1283 735 1337 sitis
748 1284 1129 1339 exliortatores
1144 1293 1222 1348 et,
1240 1284 1444 1351 utdixi,
1463 1282 1755 1354 adjutores.
1779 1285 1927 1341 Scri-

331 1373 415 1443 psi
462 1372 765 1427 sinceritati
794 1379 991 1427 vestra:
1025 1370 1266 1442 singulos
1294 1372 1491 1429 breves
1520 1374 1788 1430 indiculos
1806 1415 1820 1440 ,
1851 1375 1925 1429 si—

334 1462 598 1534 gnificans
634 1464 785 1518 vobis
832 1463 1127 1533 quamdam
1156 1463 1415 1518 feminam
1440 1481 1509 1520 ex
1541 1463 1820 1527 Judaismo
1857 1464 1926 1521 ad

334 1552 807 1608 Christianismum
858 1553 1029 1623 gratia
1080 1551 1284 1609 Christi
1334 1553 1689 1623 translatam,
1734 1571 1927 1627 graves

330 1645 742 1716 persecutiones
767 1645 1037 1700 sustinere
1062 1652 1287 1715 propter
1310 1642 1469 1701 ﬁdem
1498 1662 1658 1716 quam
1687 1648 1928 1718 suscepit

326 1736 560 1801 Christi,
590 1751 726 1805 quas
760 1749 858 1805 per
892 1734 1061 1805 ipsius
1086 1733 1301 1790 femina:
1338 1735 1671 1792 breviculum
1701 1740 1928 1807 potestis

2025 554 2379 601 monstratur.
2418 547 2673 617 Legimus
2711 564 2947 621 namque
2995 552 3050 608 in
3094 553 3203 610 ﬁne
3252 554 3504 626 Epistolas
3543 558 3611 614 ad

2023 634 2393 704 Philippenses
2419 634 2514 707 (tv,
2543 635 2634 708 22)
2666 637 2738 691 ita
2764 656 2778 692 :
2813 637 3059 695 Salutant
3098 659 3186 698 vos
3213 658 3392 699 omnes
3419 647 3613 711 sancti,

2023 725 2251 779 maxime
2279 735 2453 780 autem
2484 727 2573 798 qui
2598 726 2663 781 de
2692 725 2920 783 Ctesaris
2949 730 3104 785 domo
3132 743 3272 787 sunt.
3303 733 3473 801 Quem
3506 737 3612 790 im-

2022 817 2327 887 piissimum
2350 818 2620 874 Neronem
2651 818 2817 876 fuisse
2843 836 3006 876 nemo
3036 823 3159 892 quis
3193 823 3433 892 dubitet;
3460 825 3621 894 cujus

2024 911 2349 966 domesticos
2394 920 2449 967 et
2486 912 2765 967 ministros
2809 912 2945 967 aulze
2989 912 3150 984 regia:
3187 915 3366 972 nullus
3390 918 3617 991 ambigit

2023 1001 2407 1071 praedicatione
2423 1002 2715 1072 apostolica
2741 1018 3054 1070 conversos,
3073 1019 3348 1075 nunquam
3361 1007 3616 1077 baptismi

2025 1092 2198 1162 gratia
2225 1092 2555 1148 sanctiﬁcari
2584 1096 2847 1164 potuisse,
2876 1095 2922 1150 si
2951 1094 3069 1163 ejus
3105 1111 3268 1165 super
3295 1097 3399 1152 hac
3428 1115 3488 1155 re
3514 1115 3614 1156 vo-

2024 1182 2208 1238 luntas
2226 1193 2318 1238 aut
2338 1184 2625 1255 permissio
2647 1193 3089 1254 exspectaretur;
3114 1186 3205 1256 qui
3230 1187 3466 1244 maximo
3490 1206 3615 1260 per-

2025 1272 2320 1327 secutionis
2346 1277 2575 1337 terrore,
2594 1288 2701 1327 non
2728 1273 2899 1328 solum
2922 1274 3248 1341 incredulos,
3272 1291 3339 1331 ne
3362 1277 3429 1331 ad
3450 1278 3614 1334 ﬁdem

2025 1364 2294 1429 venirent,
2325 1363 2657 1430 deterrebat,
2687 1365 2783 1419 sed
2822 1364 2985 1419 etiam
3011 1365 3295 1422 credentes
3324 1382 3354 1421 a
3381 1366 3487 1423 ﬁde
3522 1369 3619 1423 de-

2020 1454 2190 1525 jicere
2224 1454 2526 1510 insistebat.
2561 1454 2714 1511 Unde
2742 1463 2798 1535 e_t
2830 1455 2976 1525 ipsos
3005 1456 3172 1513 duces
3212 1472 3278 1513 ac
3322 1459 3619 1529 magistros

2027 1548 2152 1605 ﬁdei
2180 1548 2519 1615 Christianae,
2553 1565 2783 1620 quorum
2805 1552 3049 1607 doctrina
3073 1559 3243 1609 totum
3271 1569 3408 1624 pene
3427 1556 3617 1612 orbem

2028 1647 2217 1695 contra
2264 1656 2360 1695 sua
2401 1642 2536 1696 scita
2565 1642 2782 1697 videbat
2815 1641 3015 1698 Christi
3064 1642 3189 1699 ﬁdei
3235 1645 3614 1717 subjugatum,

2028 1731 2319 1786 novissima
2362 1731 2562 1788 furoris
2611 1732 2694 1787 sui
2735 1734 3024 1789 atrocitate
3071 1734 3380 1791 trucidavit.
3409 1736 3466 1792 ln
3497 1740 3617 1808 epi-

334 1841 699 1897 cognoscere:
745 1828 797 1883 in
828 1842 936 1897 qua
959 1841 1021 1881 re
1045 1834 1156 1880 tam
1180 1825 1452 1882 excellens
1473 1826 1813 1919 eleemosyna
1837 1843 1931 1883 vo-
1957 1824 2005 1884 B
2030 1822 2168 1877 stola
2190 1837 2404 1892 quoque
2432 1823 2501 1877 ad
2529 1821 2894 1889 Timotheum,
2915 1830 3198 1893 postquam
3233 1840 3332 1895 pro
3366 1827 3619 1883 omnibus

335 1918 420 1974 bis
448 1925 651 1983 manet,
684 1926 744 1972 ut
768 1918 835 1973 de
860 1916 1009 1972 nulla
1046 1917 1153 1970 alia
1178 1917 1351 1986 possit
1378 1932 1500 1973 esse
1540 1916 1732 1990 major.
1772 1918 1927 1974 Nunc

332 2018 519 2064 autem
561 2024 787 2065 causam
834 2006 993 2077 hujus
1020 2008 1447 2077 persecutionis,
1496 2021 1618 2079 qua:
1657 2016 1714 2064 et
1758 2007 1928 2064 fomes

336 2101 491 2170 impii
535 2100 742 2155 erroris
778 2113 900 2155 esse
923 2106 1129 2168 potest,
1170 2114 1257 2153 mc
1284 2098 1438 2155 vobis
1468 2097 1808 2168 signiﬁcante
1837 2114 1928 2154 co-

334 2196 600 2263 gnoscere
653 2189 973 2261 dignamini.
1030 2188 1310 2257 Quoddam
1366 2196 1698 2261 praeceptum
1758 2187 1929 2244 Judaei

324 2283 746 2349 :circuml‘crunt,
765 2282 906 2353 quod
930 2281 1033 2337 sibi
1059 2282 1244 2337 datum
1266 2282 1335 2337 ab
1356 2282 1682 2353 imperatore
1702 2282 1931 2354 glorian-

338 2386 462 2441 tur,
512 2376 567 2430 in
598 2389 705 2444 quo
749 2374 1059 2430 continetur
1110 2385 1132 2413 ε
1182 2381 1242 2428 ιιι
1288 2374 1614 2444 mancipium
1644 2372 1927 2429 Iudaicum

328 2467 539 2536 absque
567 2465 842 2520 voluntate
869 2464 1071 2519 domini
1101 2463 1182 2519 sui
1212 2480 1372 2519 nemo
1392 2465 1674 2535 ,baptizet.
1706 2464 1861 2531 Quod
1896 2479 1928 2518 a

336 2558 494 2612 nobis
518 2556 740 2611 omnino
763 2571 871 2611 non
896 2554 1160 2620 creditur,
1183 2564 1243 2609 ut
1268 2571 1298 2610 a
1321 2554 1457 2611 faeie
1483 2553 1929 2611 Christianissimi

336 2656 391 2702 et
436 2647 667 2717 piissimi
712 2645 1053 2716 imperatoris
1084 2652 1194 2699 tam
1232 2647 1505 2701 contraria
1549 2646 1930 2701 ecclesiasticae

334 2740 537 2810 regulae
566 2739 636 2793 sit
656 2752 875 2809 egressa
906 2738 1194 2791 sententia.
1228 2736 1389 2791 Novit
1416 2736 1561 2791 enim
1589 2738 1792 2806 optime
1818 2737 1929 2792 Deo

325 2829 588 2884 amabilis
616 2828 901 2898 prudentia
931 2836 1135 2893 vestra,
1161 2828 1432 2898 quomodo
1454 2827 1522 2882 ab
1547 2828 1701 2882 initio
1728 2828 1930 2883 sanctis

326 2923 600 2993 apostolis
628 2936 790 2990 super
825 2921 927 2975 hac
975 2935 1035 2976 re
1078 2919 1146 2975 ab
1189 2919 1303 2990 ipsa
1339 2920 1574 2976 Veritate
1602 2928 1930 2989 praeceptum

328 3018 428 3081 sit,
460 3015 656 3086 quibus
685 3015 889 3083 absque
916 3011 1025 3067 ulla
1060 3012 1390 3068 discretione
1412 3026 1785 3081 personarum,
1812 3011 1933 3066 abs-

337 3125 443 3181 que
466 3109 574 3163 ulla
603 3115 921 3176 exceptione
947 3104 1339 3170 conditionum,
1372 3103 1699 3175 generaliter
1724 3102 1929 3158 dictum

2021 1914 2339 1993 hominibus
2368 1915 2514 1969 orari
2538 1922 2595 1969 et
2618 1915 3022 1971 obsecrationes
3053 1914 3169 1971 ﬁeri
3189 1915 3455 1989 praecepit
3479 1920 3621 1991 Apo-

2026 2006 2217 2072 stolus,
2248 2006 2315 2061 ad
2342 2014 2644 2062 extremum
2670 2006 2852 2061 intulit
2877 2026 2888 2060 :
2930 2004 3047 2062 Hoc
3074 2009 3211 2063 enim
3243 2010 3433 2064 bonum
3465 2020 3541 2066 est
3571 2022 3621 2066 et

2028 2107 2295 2168 acceptum
2324 2114 2502 2153 coram
2527 2097 2797 2154 Saluatore
2836 2109 3012 2155 nostro
3042 2100 3175 2167 Deo,
3203 2103 3293 2173 qui
3322 2119 3500 2157 omnes
3524 2104 3622 2159 ho-

2027 2190 2193 2244 mines
2221 2188 2327 2244 vult
2354 2189 2525 2245 salvos
2548 2190 2684 2259 ﬁeri,
2715 2200 2765 2244 et
2799 2191 2869 2245 ad
2896 2193 3241 2262 cognitionem
3272 2194 3504 2248 veritatis
3529 2210 3619 2250 ve-

2031 2280 2162 2335 nire.
2194 2278 2342 2336 Unus
2369 2282 2506 2336 enim
2533 2280 2696 2348 Deus,
2727 2299 2865 2337 unus
2892 2294 2940 2338 et
2964 2285 3226 2338 mediator
3253 2284 3352 2339 Dei
3376 2296 3426 2341 et
3454 2286 3624 2340 Itami-

2030 2386 2156 2424 num
2184 2370 2339 2426 homo
2376 2369 2616 2427 Christus
2642 2372 2799 2427 Iesus
2820 2414 2834 2439 ,
2877 2373 2968 2444 qui
3004 2373 3147 2428 dedit
3178 2376 3509 2446 semetipsum
3541 2393 3623 2431 re-

2030 2460 2378 2532 demptionem
2407 2479 2502 2534 pro
2529 2463 2788 2519 omnibus.
2822 2464 2890 2519 Et
2914 2466 2979 2520 ad
3006 2464 3204 2532 Titum,
3228 2474 3513 2537 postquam
3536 2482 3623 2522 se-

2031 2568 2146 2617 nes,
2180 2561 2237 2608 et
2261 2568 2417 2619 anus,
2448 2555 2895 2622 adolescentulus,
2918 2556 3147 2626 juvenes
3167 2598 3180 2621 ,
3232 2571 3447 2623 servos,
3488 2573 3624 2613 con-

2034 2643 2186 2714 gruis
2230 2645 2516 2713 prteceptis
2567 2646 2914 2702 instruendos
2965 2661 3086 2701 esse
3130 2649 3471 2713 monstravit,
3520 2648 3625 2704 hoc

2030 2737 2193 2790 modo
2218 2735 2484 2791 conclusit
2511 2754 2523 2789 :
2566 2738 2821 2808 Apparuit
2846 2738 2983 2793 enim
3009 2739 3183 2809 gratia
3208 2738 3307 2793 Dei
3334 2737 3627 2795 Saluatoris

2034 2827 2198 2880 nostri
2226 2827 2464 2883 omnibus
2489 2829 2807 2895 hominibus,
2856 2830 3101 2885 erudiens
3131 2847 3255 2895 nos,
3303 2839 3358 2886 et
3403 2838 3622 2887 extera.

2036 2916 2093 2970 Si
2130 2932 2280 2988 ergo,
2311 2928 2369 2972 ut
2395 2919 2512 2974 istis
2537 2919 2799 2990 exemplis
2828 2919 3272 2977 manifestissime
3303 2923 3627 2992 comproba-

2039 3017 2148 3074 tur,
2179 3010 2427 3065 voluntas
2455 3010 2552 3065 Dei
2597 3010 2894 3067 Salvatoris
2928 3012 3098 3066 nostri
3124 3020 3209 3067 est
3235 3027 3423 3067 omnes
3453 3012 3629 3067 homi-

2037 3119 2134 3159 nes
2159 3104 2336 3159 salvos
2369 3104 2502 3171 fieri,
2534 3112 2590 3159 et
2618 3104 2684 3160 ad
2709 3105 3037 3176 agnitionem
3066 3105 3309 3161 veritatis
3336 3105 3542 3172 venire,
3572 3114 3632 3162 et

326 3209 460 3256 est:
503 3199 703 3254 Euntes
743 3198 923 3251 docete
953 3212 1132 3250 omnes
1169 3204 1379 3265 gentes,
1414 3195 1738 3264 baptisantes
1766 3210 1852 3248 eos
1878 3195 1934 3248 in
1960 3182 2005 3244 C
2036 3210 2133 3265 per
2170 3210 2336 3248 unum
2372 3195 2727 3250 mediatorem
2759 3195 2853 3249 Dei
2884 3205 2939 3249 et
2978 3195 3289 3260 hominum,
3343 3195 3434 3264 qui
3480 3195 3635 3251 dedit

336 3293 556 3348 nomine
585 3288 765 3344 Patris
794 3299 841 3343 et
878 3287 1006 3342 Filii
1034 3297 1081 3342 et
1117 3286 1345 3358 Spiritus
1374 3287 1563 3340 sancti.
1595 3286 1660 3340 Et
1697 3286 1929 3340 iterum:

340 3383 540 3437 Euntes
568 3382 622 3435 in
648 3379 903 3434 mundum
926 3380 1248 3442 universum,
1279 3376 1560 3447 prmdicate
1589 3374 1933 3445 Evangelium

328 3472 481 3527 omni
510 3479 797 3525 'crcaturte.
839 3465 944 3533 Qui
983 3465 1296 3531 crediderit,
1326 3474 1373 3519 et
1403 3463 1702 3534 baptizatus
1740 3463 1930 3533 fuerit,

337 3566 514 3621 salvus
541 3565 658 3618 erit.
709 3560 864 3630 Quod
891 3570 947 3616 et
974 3560 1049 3616 illi
1082 3567 1136 3616 et
1171 3574 1361 3615 omnes
1390 3559 1647 3628 deinceps
1677 3557 1933 3613 ecclesia-

336 3655 461 3710 stici
507 3662 748 3709 rectorcs
775 3651 924 3708 omni
959 3650 1065 3705 ﬁde
1109 3658 1166 3705 et
1205 3649 1510 3704 constantia
1554 3648 1928 3714 observantes,

337 3764 448 3804 non
497 3748 672 3804 solum
721 3761 907 3803 servos
955 3743 1323 3815 quorumlibet
1372 3742 1694 3809 hominum,
1740 3757 1932 3798 verum

332 3843 502 3897 ‘etiam
531 3840 786 3910 conjuges
809 3846 864 3895 et
893 3836 1108 3895 soboles
1136 3838 1522 3906 imperatorum
1553 3843 1607 3890 et
1625 3835 1928 3902 consulum,

338 3941 394 3987 ct
419 3932 765 4004 praedicando
788 3930 853 3985 ad
878 3928 1038 3984 ﬁdem
1066 3934 1407 3993 convertere,
1429 3936 1485 3982 et
1504 3941 1795 3982 conversos
1816 3925 1933 3982 nul-

331 4025 444 4080 lius
468 4022 1017 4096 exspectata‘licentia
1046 4021 1326 4092 baptizare
1345 4020 1569 4076 minime
1590 4019 1928 4076 dubitarunt.

338 4114 495 4180 Quod
523 4128 645 4171 cum
678 4113 731 4167 in
766 4113 996 4167 aliorum
1026 4113 1194 4183 gestis
1216 4110 1374 4166 facile
1400 4111 1470 4167 sit
1507 4126 1928 4184 recognoscere,

2034 3290 2381 3360 semetipsum
2405 3290 2825 3358 redemptionem
2844 3303 2943 3359 pro
2962 3288 3233 3355 omnibus,
3252 3289 3626 3357 reconciliari;

2034 3384 2080 3439 si
2108 3382 2265 3452 hujus
2291 3382 2463 3454 gratia
2498 3376 2950 3436 reconciliationis
2970 3386 3024 3434 et
3051 3381 3238 3436 salutis
3267 3381 3520 3437 omnibus
3541 3381 3625 3436 in-

2036 3473 2348 3531 dill'erenter
2384 3474 2586 3539 illuxit,
2619 3474 2740 3543 quis
2772 3480 2939 3528 tanta:
2983 3472 3210 3529 bonitati
3248 3472 3343 3530 Dei
3375 3472 3632 3542 injuriam

2036 3565 2218 3621 facere
2257 3573 2580 3637 przcsumat,
2625 3565 2874 3637 ponendo
2908 3564 3079 3636 legem
3112 3566 3446 3621 miserationi
3474 3566 3631 3635 ejus,

2037 3664 2092 3711 et
2121 3657 2188 3712 ad
2217 3656 2501 3711 arbitrium
2526 3657 2814 3727 impiorum
2843 3672 2961 3711 eam
2988 3656 3397 3727 implorantibus
3430 3657 3635 3728 imper-

2039 3746 2274 3802 tiendam
2303 3748 2699 3811 constituendo,
2740 3763 2969 3817 quorum
2997 3748 3427 3818 pertinacissima
3458 3746 3633 3817 perli-

2038 3837 2126 3893 dia
2170 3852 2279 3893 non
2327 3838 2500 3893 solum
2546 3839 2819 3893 neminem
2869 3853 3089 3894 suorum
3119 3838 3186 3893 ad
3217 3837 3375 3893 ﬁdem
3423 3836 3635 3894 Christi

2035 3929 2301 3999 permittit
2348 3929 2622 3993 accedere,
2657 3930 2751 3984 sed
2796 3929 2959 3984 etiam
2999 3929 3285 3984 credentes
3322 3929 3536 4000 publice
3571 3938 3636 3985 et

2037 4021 2246 4077 occulte
2265 4019 2644 4091 blasphemare
2663 4030 2717 4075 et
2739 4018 2997 4075 detestari
3021 4035 3125 4075 non
3149 4020 3363 4074 cessat?
3385 4018 3635 4089 Denique

2036 4119 2092 4166 et
2130 4112 2218 4181 pie
2260 4110 2732 4167 considerantibus
2776 4111 3121 4183 perSpicuum
3168 4118 3253 4166 est
3300 4113 3443 4182 quod
3483 4126 3636 4166 unus

1694 4220 1963 4279 BALUle
1998 4220 2231 4279 NOT/E.

343 4318 626 4375 Habebam
648 4318 794 4373 enim
816 4315 1087 4386 principes
1110 4314 1283 4370 nostri
1310 4313 1365 4368 in
1396 4311 1600 4386 palatio
1625 4328 1725 4386 suo
1746 4327 1933 4386 quem-

341 4391 488 4460 piam
523 4384 877 4460 ecelesiastici
903 4386 1109 4460 ordinis
1137 4386 1347 4460 virum,
1366 4384 1458 4460 qui
1487 4385 1698 4460 caeteris
1718 4384 1933 4460 praemi:

349 4453 535 4526 iteret,
574 4460 776 4514 dictum
821 4457 891 4512 ob
928 4457 1034 4511 hoc
1077 4456 1219 4509 sacri
1256 4453 1445 4526 palatii
1488 4453 1805 4519 antistitem;
1845 4453 1931 4526 vel

343 4531 483 4601 sacri
504 4523 705 4601 palatii
725 4527 1225 4601 “archiepiscopum,
1252 4523 1616 4601 siepiscopus
1646 4534 1810 4581 esset.
1840 4523 1933 4601 Sic

344 4594 692 4657 Hildebaldus
713 4594 1514 4665 Coloniensis'archiepiseOpus
1541 4602 1769 4651 vocatur
1794 4594 1934 4665 sacri

334 4668 530 4742 palatii
549 4664 967 4742 archiepiscopus
991 4664 1387 4742 inpraefatione
1409 4664 1624 4742 concilii
1652 4666 1791 4742 apud
1821 4664 1934 4742 Mq-

343 4682 723 4742 palamarcme
761 4683 967 4738 tscoptts
991 4683 1043 4722 in
1110 4682 1387 4721 raetauone
1409 4682 1624 4719 concuti
1652 4682 1791 4734 apuu
1824 4682 1934 4719 mo-

343 4742 584 4812 guntiam
619 4689 786 4795 habrti
811 4750 955 4812 anno
980 4682 1125 4793 81!:
1146 4737 1347 4812 _is_ipse
1377 4734 1935 4812 nimirum__llildebal-

343 4803 445 4866 dus
473 4826 635 4881 quem
678 4811 734 4881 in
779 4809 982 4881 palatio
1023 4824 1122 4862 suo
1146 4803 1345 4861 habere
1373 4812 1493 4873 post
1520 4803 1959 4881 Angilramnum.

343 4876 512 4951 cupiit
536 4879 767 4951 Carolus
784 4876 1033 4951 Magnus,
1061 4887 1122 4951 ut
1149 4883 1308 4951 patet
1330 4890 1395 4929 ex
1427 4889 1637 4951 canone
1659 4876 1729 4951 5_6
1754 4877 1935 4951 conci-

342 4953 398 5007 lii
414 4944 940 5009 'Francofordicnsi's.
961 4944 1278 5002 Autistitem
1298 4960 1427 5016 ergo
1449 4946 1589 5016 sacri
1616 4946 1800 5016 palatii
1827 4944 1935 5001 Hil-

341 5023 564 5079 duinum
587 5028 764 5083 vocat,
796 5018 937 5090 quod
963 5033 1211 5090 summus
1236 5014 1385 5090 esset
1419 5014 1767 5090 capellauus,
1784 5032 1933 5071 eam-

342 5093 573 5164 demque
600 5086 1145 5164 ob_causam_Lupus
1172 5086 1537 5164 Ferrariepsis
1579 5089 1723 5164 hunc
1756 5088 1931 5158 ipsum

344 5154 660 5232 llilduinum
682 5162 734 5216 in
762 5158 989 5232 epistola
1018 5154 1114 5232 illi
1144 5164 1305 5213 vocat
1325 5154 1793 5211 ecclesiasticorum
1819 5174 1933 5212 ma-

341 5234 582 5302 gistrum.
620 5231 755 5287 Nam
783 5229 1105 5302 abbates,_si
1137 5243 1319 5302 rerum
1341 5242 1622 5302 summam
1663 5236 1927 5302 tenerent,

341 5298 593 5370 praelatos
619 5302 747 5359 olim
772 5302 940 5358 fuisse
962 5298 1444 5372 episcopis,_etiar_n
1472 5298 1527 5351 in
1554 5298 1791 5372 synodis,
1816 5298 1930 5370 jam

344 5367 503 5427 antea
544 5373 923 5429 adnotavimus
962 5367 1031 5428 all
1076 5367 1366 5426 concilium
1409 5367 1702 5423 Vernense.
1746 5367 1931 5439 Neque

344 5442 398 5494 id
429 5442 565 5496 adeo
591 5451 747 5497 vetus
770 5452 871 5508 est,
897 5443 1029 5514 quin
1055 5450 1112 5497 et
1134 5440 1345 5511 Sugerii
1374 5454 1588 5563 quoque
1610 5454 1725 5494 aevo
1746 5439 1799 5493 in
1827 5455 1929 5495 usu

344 5510 543 5563 fuerit.
571 5519 633 5563 ut
655 5520 803 5563 natet
834 5529 899 5563 ex
929 5515 1050 5563 Vita
1079 5511 1199 5563 eitts
1228 5525 1346 5563 ean.
1418 5549 1429 5561 .

333 5510 545 5581 fuerit,
571 5519 633 5581 ut
648 5520 803 5580 patet
834 5510 1050 5569 ett—Vita
1079 5511 1199 5581 ejus
1220 5510 1353 5581 cap.
1375 5510 1429 5563 2.

414 5592 442 5622 α
477 5578 671 5635 Wale
678 5582 852 5636 abbati
877 5578 1191 5639 Corbeiensi
1221 5582 1275 5636 in
1293 5578 1528 5649 dioecesi
1553 5578 1927 5649 Ambianensi,

342 5650 689 5734 utidiximus
711 5652 778 5705 ad
802 5652 997 5707 librum
1019 5655 1084 5709 de
1107 5653 1382 5724 Baptismo
1404 5648 1751 5705 Judaicorum
1775 5648 1929 5709 man?

434 5739 447 5774 ι
490 5735 629 5774 tum.

330 5736 916 5846 mgoﬂltristianissimi
943 5793 1289 5863 imperatoris,
1314 5793 1574 5852 Ludovici
1610 5790 1720 5850 Pii.

1957 4493 2011 4553 D

2110 4321 2135 4351 ε
2168 4309 2342 4367 Unum
2362 4329 2583 4383 semper,
2613 4311 2664 4368 id
2690 4311 3150 4383 estLHilduinum.
3181 4310 3315 4367 Nam
3344 4313 3502 4368 istum
3531 4328 3638 4371 ne-

2036 4396 2189 4438 cesse
2224 4390 2342 4437 erat
2373 4380 2610 4438 residere
2648 4383 2702 4437 in
2730 4380 2951 4453 palatio,
2983 4391 3207 4453 propter
3232 4398 3427 4439 causas
3451 4385 3639 4440 cccle-

2037 4453 2309 4525 siasticas.
2341 4455 2473 4511 Vide
2508 4469 2629 4525 qua:
2659 4455 2725 4509 de
2762 4469 2989 4509 munere
3025 4453 3445 4525 archicapellani
3483 4455 3636 4511 dixi-

2037 4469 2309 4508 stasucas.
2348 4469 2473 4511 vtae
2508 4469 2629 4577 qua:
2659 4469 2725 4509 uc
2762 4469 2933 4508 munct

2037 4539 2159 4594 mus
2183 4524 2251 4594 ad
2276 4523 2482 4594 Lupum
2554 4526 2933 4579 errariensem.

2106 4592 2133 4633 ἀ
2174 4592 2409 4667 Alterum
2439 4595 2756 4667 frequenter,
2799 4596 2853 4650 id
2885 4603 2998 4667 est,
3040 4595 3285 4667 Walam,
3321 4610 3429 4667 quo
3454 4594 3642 4664 pluri-

2035 4679 2183 4736 mum
2230 4663 2485 4731 utebatur
2533 4663 2837 4736 Ludovicus
2883 4665 2935 4736 in
2986 4663 3413 4736 administranda
3457 4663 3640 4736 repu-

2033 4733 2194 4861 lblicg,
2225 4742 2284 4789 ut
2307 4742 2457 4806 patet
2485 4750 2552 4791 ex
2576 4735 2868 4792 Paschasio
2898 4735 3173 4792 Radberto
3214 4736 3271 4791 in
3304 4735 3421 4791 Vita
3461 4733 3639 4791 Adal-

2072 4821 2134 4860 ar
2174 4821 2210 4859 ι.

2072 4821 2210 4860 31⁸01.

2109 4887 2132 4915 ε
2172 4873 2239 4947 Ut
2272 4877 2594 4947 mancipium
2619 4875 2924 4931 Iudaicum.
2953 4876 3169 4946 Optimo
3197 4890 3319 4947 jure
3356 4877 3639 4933 excande-

2109 4893 2132 4915 ε
2172 4893 2239 4929 ur
2272 4893 2594 4947 mancipium
2619 4893 2924 4931 matricum.
2953 4893 3169 4946 upumo
3223 4893 3319 4932 ure
3356 4893 3638 4933 excande-

2033 4947 2137 5002 scit
2163 4945 2480 5016 Agobardus
2506 4948 2766 5002 adversus
2795 4959 3124 5018 praeceptum
3152 4893 3302 5013 illud,
3330 4950 3473 5018 quod
3502 4957 3638 5003 erat

2032 5019 2363 5089 contrarium
2398 5018 2624 5072 vetustis
2646 5017 2942 5072 canonibus
2975 5026 3030 5071 et
3060 5018 3264 5089 legibus
3294 5017 3634 5089 principum.

2032 5088 2167 5142 Nam
2194 5089 2359 5144 etiam
2391 5089 2446 5142 in
2478 5097 2661 5143 nostra
2690 5088 2861 5143 Gallia
2889 5088 3177 5143 concilium
3204 5089 3438 5157 primum
3468 5088 3642 5144 Mati-

2032 5173 2297 5216 sconcnse
2334 5158 2507 5230 servis
2550 5164 2867 5230 potestatem
2911 5158 3114 5230 fecerat
3152 5158 3640 5230 suscipiendiba-

2032 5230 2307 5301 ptismum,
2327 5229 2488 5285 etiam
2511 5229 2695 5284 invitis
2714 5229 2966 5285 dominis.
2984 5228 3462 5301 Etgconstantinus
3478 5228 3636 5301 Aug.

2032 5298 2099 5354 ad
2146 5298 2378 5355 Felicem
2424 5314 2619 5370 papam
2660 5301 2934 5365 scribens,
2971 5298 3171 5356 Judazis
3215 5301 3272 5355 in
3310 5298 3641 5359 universum

2029 5371 2277 5440 permisit
2305 5370 2667 5442 Christianam
2696 5371 3010 5442 religionem
3036 5372 3308 5442 amplecti,
3343 5370 3642 5440 vetuitque

2032 5457 2101 5513 ne
2133 5449 2354 5513 propter
2384 5442 2485 5513 hoc
2516 5440 2727 5513 facinus
2753 5440 3048 5513 quidquam
3077 5457 3106 5494 a
3129 5440 3328 5497 Jndtcis
3354 5442 3647 5513 inquietu—

2028 5511 2173 5583 dinis
2207 5512 2290 5566 vel
2317 5512 2575 5567 molestiae
2595 5511 2835 5581 patiatur
2862 5513 2909 5567 is
2938 5514 3030 5583 qui
3058 5513 3276 5568 Christo
3307 5527 3503 5567 nomen
3531 5512 3647 5569 de-

2031 5581 2192 5638 derit.
2244 5582 2432 5654 Itaque
2477 5584 2758 5654 prohabile
2798 5581 3087 5654 Agobardo
3129 5583 3304 5638 visum
3355 5598 3462 5654 non
3517 5592 3640 5651 est,

2032 5663 2363 5725 praeceptum
2383 5652 2511 5709 illud
2535 5670 2565 5708 a
2589 5652 2869 5711 Ludovico
2888 5656 3235 5725 imperatore,
3262 5655 3354 5724 qui
3375 5653 3504 5709 Pius
3526 5667 3647 5725 per

2028 5724 2461 5794 antonomasiam
2494 5724 2670 5779 dictus
2709 5732 2822 5791 est,
2854 5723 3055 5781 editum
3084 5723 3407 5794 fuisse,quo
3441 5724 3641 5780 mani-

2033 5792 2167 5848 festa
2198 5794 2520 5849 contumelia
2553 5796 2895 5866 irrogabatur
2920 5796 3122 5851 nomini
3145 5792 3475 5853 Christiano.
