4040 6182
382 313 489 368 177

1466 308 1682 367 EPIST.
1718 313 1811 369 AD
1848 310 2219 371 PROCERES
2257 310 2550 365 PALA'l'll.

3570 319 3701 373 {73-

371 426 726 497 omnipotens
772 421 939 484 Deus,
988 436 1228 476 omnium
1276 422 1524 478 conditor
1558 432 1613 480 et
1660 426 1972 484 moderator
1998 431 2050 489 Α
2075 431 2450 492 sequerentur.
2479 420 2663 476 Lassus
2691 433 2774 476 est
2803 421 3084 477 Philemon
3115 439 3145 477 a
3177 440 3338 478 servo
3370 422 3625 483 Onesimo
3650 472 3665 495 ,

371 515 727 588 iustissimus,
760 512 852 583 qui
884 512 1121 583 primum
1143 512 1419 567 hominem
1441 514 1509 570 de
1535 522 1693 571 terrae
1719 516 1847 573 limo
1866 517 1975 573 for-

378 609 582 673 mavit,
624 613 682 661 et
716 605 782 661 de
807 612 961 660 costa
989 604 1107 676 ejus
1150 603 1481 674 adjutorium
1506 605 1584 661 illi
1614 607 1842 663 similem
1871 610 1973 666 sibi

378 700 546 764 fecit,
576 696 780 768 quique
806 710 872 750 ex
902 696 983 750 eis
1018 710 1178 750 omne
1203 711 1372 766 genus
1400 696 1697 753 humanum
1725 701 1879 769 quasi
1906 716 1973 756 ex

375 803 489 845 uno
513 786 660 843 fonte
682 793 738 841 et
762 801 870 840 una
896 784 1079 840 radice
1098 787 1436 856 propagavit.
1461 802 1649 843 omnes
1668 791 1827 847 unius
1846 807 1976 847 con-

377 879 603 935 ditionis
624 877 838 934 fecerit.
877 877 948 931 Et
975 876 1103 932 licet
1127 880 1364 946 peccatis
1393 878 1753 949 exigentibus,
1778 878 1973 950 justis-

378 973 523 1029 simo
551 981 606 1028 et
646 972 1020 1028 occultissimo
1047 971 1164 1042 ejus
1200 974 1438 1044 judicio,
1466 975 1557 1029 alii
1603 976 1836 1032 diversis
1878 978 1976 1033 ho-

378 1060 606 1116 noribus
639 1060 937 1126 sublimati,
969 1059 1060 1114 alii
1090 1062 1367 1118 servitutis
1390 1063 1524 1134 jugo
1551 1064 1793 1135 depressi
1818 1073 1975 1134 sunt,

379 1156 462 1212 ita
506 1165 687 1211 tamen
732 1169 763 1209 a
810 1155 985 1211 servis
1031 1155 1311 1225 corporale
1355 1157 1716 1213 ministerium
1746 1159 1977 1217 dominis

379 1247 629 1304 exhiberi
654 1246 1039 1311 sordiuaverit,
1078 1253 1139 1302 ut
1174 1259 1201 1288 ι
1242 1247 1556 1305 interiorem
1599 1249 1873 1306 hominem
1908 1252 1978 1308 ad

381 1338 675 1410 imaginem
702 1352 857 1393 suam
891 1336 1191 1403 conditum,
1218 1339 1352 1395 nulli
1378 1339 1656 1395 hominum
1673 1380 1689 1406 ,
1718 1341 1849 1395 nulli
1876 1357 1975 1397 an-

380 1430 647 1502 gelorum,
684 1428 819 1484 nulli
846 1429 1069 1485 omnino
1096 1439 1385 1497 creaturae,
1412 1432 1509 1488 sed
1538 1433 1641 1489 sibi
1665 1432 1764 1489 soli
1792 1432 1978 1490 volue-

385 1523 460 1578 rit
485 1537 607 1578 esse
630 1521 952 1593 subjectum.
986 1521 1139 1578 Unde
1159 1530 1216 1579 et
1240 1523 1295 1578 in
1318 1522 1438 1595 lege
1470 1540 1588 1592 sua,
1617 1525 1684 1581 de
1708 1526 1807 1582 hac
1832 1542 1978 1583 men-

383 1615 457 1668 tis
481 1615 762 1680 servitute,
807 1628 928 1683 quae
974 1613 1053 1669 illi
1096 1622 1306 1670 tantum
1350 1615 1614 1683 debetur,
1659 1618 1972 1674 mandavit:

345 1704 670 1776 ,Dominum
694 1706 864 1761 Deum
885 1714 1034 1761 tuum
1062 1707 1269 1763 timebis
1287 1749 1303 1773 ,
1334 1717 1388 1763 et
1412 1709 1494 1764 illi
1534 1709 1638 1765 soli
1663 1710 1878 1766 seruies.
1911 1712 1979 1767 Et

2076 528 2238 582 quem
2261 512 2463 568 Paulus
2495 511 2770 582 apostolus
2800 512 2855 567 in
2884 512 3113 568 vinculis
3137 514 3345 584 positus
3367 516 3432 570 ad
3466 516 3669 575 Christi

2074 604 2239 661 ﬁdem
2272 602 2562 669 convertit,
2594 602 2737 659 sacri
2774 602 3117 676 baptismatis
3144 604 3291 661 fonte
3320 606 3527 674 abluit;
3566 626 3669 666 nec

2075 710 2240 766 super
2268 695 2353 750 his
2379 693 2661 748 Philemon
2689 695 3071 764 conqueritur,
3112 697 3207 751 sed
3251 697 3415 752 etiam
3445 701 3673 757 creden-

2077 797 2188 844 tem
2216 796 2378 857 atque
2412 785 2749 857 baptizatum
2779 786 2935 856 quasi
2966 787 3178 843 viscera
3221 787 3463 859 Apostoli
3499 793 3671 848 susei-

2073 881 2191 950 piat
2216 880 2561 935 admonetur.
2579 877 2727 945 Quas
2751 892 2853 933 nos
2880 877 3233 933 auctoritates
3259 881 3413 949 sequi
3440 883 3666 951 cupien—

2075 978 2179 1037 tes,
2208 980 2264 1026 et
2287 976 2640 1042 przeceptum,
2665 967 2811 1038 quod
2832 968 2988 1039 quasi
3012 983 3077 1027 ex
3106 968 3370 1038 imperiali
3398 971 3674 1040 profertur

2074 1061 2428 1125 auctoritate,
2461 1058 2765 1131 transgredi
2795 1064 3119 1125 metuentes,
3163 1060 3308 1116 inter
3333 1059 3441 1115 duo
3484 1076 3671 1117 versa-

2074 1166 2198 1206 mur
2224 1149 2484 1220 pericula.
2526 1147 2583 1205 Si
2613 1148 2758 1203 enim
2785 1157 3116 1220 praeceptum
3146 1148 3274 1205 illud
3297 1150 3671 1216 observamus.
3718 1202 3728 1227 ,

2075 1238 2333 1310 neglectis
2357 1237 2743 1294 ecclesiasticis
2780 1237 3005 1309 regulis,
3029 1237 3200 1295 Deum
3235 1238 3592 1308 offendimus;
3626 1246 3672 1299 si

2075 1331 2175 1386 has
2202 1331 2500 1400 sequimur,
2532 1330 2877 1400 imperatoris
2920 1330 3349 1403 indignationem
3379 1349 3673 1401 veremur;

2074 1422 2312 1476 maxime
2337 1435 2463 1477 cum
2492 1421 2521 1461 δ
2548 1420 2809 1492 magister
2838 1420 3136 1477 inﬁdelium
3165 1420 3474 1479 Judaiorum
3498 1425 3676 1481 inces-

2075 1518 2264 1565 santer
2285 1509 2443 1566 nobis
2464 1510 2829 1566 comminctur
2850 1524 2909 1565 se
2926 1520 2946 1548 ε
2968 1510 3166 1565 missos
3186 1511 3252 1566 de
3268 1512 3470 1583 palatio
3498 1513 3673 1570 addu—

2077 1608 2311 1667 cturum,
2339 1600 2431 1670 qui
2467 1615 2566 1672 pro
2593 1599 2898 1656 istiusmodi
2925 1601 3086 1656 rebus
3115 1616 3215 1657 nos
3238 1602 3481 1673 judicent
3509 1613 3564 1659 et
3592 1605 3674 1660 di-

2077 1692 2366 1765 stringam.
2398 1691 2530 1760 Quae
2553 1706 2642 1747 res
2667 1707 2773 1747 non
2806 1690 2979 1746 solum
3018 1691 3177 1747 nobis
3206 1693 3677 1764 perturbationem

382 1796 677 1868 Apostolus
723 1797 974 1852 eumdem
1023 1797 1342 1854 interiorem
1389 1798 1665 1855 hominem
1714 1802 1781 1856 ab
1827 1803 1976 1857 omni
2003 1793 2052 1855 Β
2078 1781 2275 1851 aﬂ'ert;
2314 1799 2503 1839 verum
2535 1784 2699 1839 etiam
2729 1783 2809 1839 eis
2845 1782 2937 1853 qui
2964 1783 3031 1837 ad
3060 1783 3220 1839 ﬁdem
3247 1782 3406 1840 facile
3428 1788 3691 1842 converti.

384 1901 548 1957 segus
572 1886 919 1955 diversitate,
949 1889 1019 1944 ab
1054 1890 1202 1946 omni
1240 1890 1539 1947 conditoris
1568 1899 1624 1948 et
1651 1895 1868 1965 generis
1891 1894 1981 1950 di-

384 1977 587 2032 stantia
613 1977 845 2035 liberum
871 1996 993 2037 esse
1017 1981 1419 2050 demonstrans,
1444 1984 1521 2039 ita
1552 1984 1746 2040 docet:
1774 1986 1980 2058 Exspa-

380 2065 572 2123 liantes
601 2087 689 2124 ros
712 2080 935 2126 veterem
961 2073 1222 2127 hominem
1252 2090 1373 2128 cum
1404 2074 1609 2129 actibus
1634 2076 1750 2146 ejus
1770 2117 1785 2142 ,
1814 2087 1862 2131 et
1890 2079 1978 2132 in-

385 2160 605 2215 duentes
630 2178 838 2228 novum,
872 2180 993 2218 eum
1019 2165 1109 2236 qui
1136 2176 1417 2221 renovatur
1439 2167 1497 2221 in
1523 2169 1867 2239 agnitionem,
1899 2189 1981 2227 se-

381 2252 617 2306 cundum
654 2254 937 2325 imaginem
964 2255 1079 2326 ejus
1106 2259 1198 2327 qui
1225 2258 1418 2312 creavit
1457 2275 1577 2313 eum
1600 2276 1620 2323 ;
1656 2259 1745 2314 ubi
1774 2278 1878 2316 non
1903 2272 1979 2318 est

381 2340 593 2409 gentilis
628 2351 676 2396 et
699 2342 946 2408 Judwus,
976 2346 1307 2401 circumcisio
1336 2357 1385 2402 et
1409 2351 1747 2419 pra’pntium,
1776 2343 1983 2407 Barba-

383 2445 477 2483 rus
509 2440 559 2484 et
588 2431 808 2502 Scytha,
834 2450 1016 2489 seruus
1042 2445 1091 2489 et
1124 2435 1287 2502 liber;
1315 2437 1405 2492 sed
1437 2439 1613 2492 omnia
1640 2450 1689 2493 et
1723 2440 1780 2494 in
1811 2445 1981 2497 omni-

380 2523 483 2578 bus
512 2523 775 2580 Christus.

450 2612 590 2669 Cum
623 2630 754 2686 ergo
784 2616 839 2671 hi
861 2618 954 2688 qui
981 2619 1049 2674 ad
1077 2618 1405 2690 baptismum
1434 2625 1676 2691 veniunt,
1703 2642 1801 2698 per
1827 2627 1980 2699 agni-

382 2705 587 2760 tionem
632 2705 913 2764 Creatoris
956 2709 1012 2765 in
1060 2710 1321 2769 interiore
1366 2715 1588 2772 homine
1610 2717 1701 2788 qui
1733 2718 1802 2774 ab
1830 2720 1981 2775 omni

378 2797 661 2852 servitutis
681 2799 992 2855 conditione
1011 2800 1149 2857 liber
1175 2811 1277 2867 est,
1305 2817 1666 2875 renoventur;
1693 2823 1813 2877 quae
1840 2810 1980 2866 ratio

381 2901 511 2971 esse
540 2895 718 2958 potest
747 2898 807 2945 ut
830 2891 885 2946 id
913 2893 1056 2947 servi
1082 2893 1302 2965 absque
1330 2897 1601 2967 permissu
1634 2897 1978 2956 dominorum

379 2995 606 3036 suorum
633 2984 895 3054 consequi
922 2985 1319 3055 prohibeantur
1342 3028 1357 3054 ,
1388 3003 1491 3046 nec
1520 2991 1729 3047 servire
1758 2993 1838 3048 eis
1866 2992 1979 3049 Deo

377 3072 575 3140 liceat,
618 3074 723 3130 nisi
763 3075 1041 3132 licentiam
1078 3078 1149 3134 ab
1182 3080 1494 3137 hominibus
1523 3083 1979 3153 impetraverint?

2077 1882 2365 1945 poterant,
2398 1884 2662 1944 quantum
2716 1876 2929 1947 ingerat
2979 1875 3444 1946 impedimentum,
3476 1888 3675 1938 vestrae

2078 1977 2165 2026 est
2188 1969 2491 2040 prudentia:
2518 1970 2811 2025 mstimare.
2837 1968 3010 2037 Unde,
3039 1968 3233 2026 Patres
3259 1971 3586 2029 sanctissimi
3609 1968 3675 2029 aé

2079 2063 2191 2120 Deo
2224 2065 2607 2130 amantissimi,
2653 2064 2769 2120 Inice
2807 2072 2995 2120 nostra
3039 2064 3279 2134 pericula
3308 2065 3465 2135 quasi
3492 2073 3675 2121 vestra

2078 2156 2182 2227 piis
2202 2157 2400 2211 animis
2425 2154 2816 2226 perpendentes
2834 2195 2848 2220 ,
2886 2153 3206 2209 iutercedite
3234 2154 3375 2225 apud
3410 2155 3678 2211 Christia-

2079 2248 2363 2305 nissimum
2387 2258 2440 2303 ct
2461 2248 2945 2304 clementissimum
2967 2247 3375 2319 imperatorem,
3410 2256 3466 2302 ut
3489 2248 3680 2319 hujus-

2079 2341 2225 2397 modi
2264 2341 2707 2413 impedimentum
2745 2340 2812 2397 de
2846 2348 3035 2397 sancta
3082 2339 3325 2396 Ecclesia
3371 2340 3671 2408 auferatur,

2079 2444 2135 2490 ct
2164 2437 2307 2491 inter
2330 2435 2500 2490 multa
2531 2445 2586 2490 et
2609 2434 2849 2489 maxima
2875 2449 2998 2504 quae
3025 2433 3269 2504 piissime
3293 2442 3344 2488 et
3372 2432 3677 2502 justissima

2079 2527 2135 2583 in
2159 2527 2356 2582 tradito
2387 2536 2444 2583 et
2472 2534 2796 2583 conservato
2842 2525 2945 2580 sibi
2985 2540 3016 2579 a
3052 2524 3271 2580 Christo
3300 2524 3541 2594 disponit
3569 2525 3675 2579 im-

2078 2622 2249 2691 perio,
2280 2623 2444 2677 etiam
2474 2620 2601 2676 huic
2631 2620 2711 2677 rei
2737 2626 2956 2690 propter
2988 2632 3229 2673 amorem
3269 2617 3439 2687 ipsius
3468 2616 3685 2672 Christi

2079 2714 2592 2771 misericordissima
2637 2721 2694 2768 et
2736 2711 2898 2767 solita
2938 2710 3181 2767 bonitate
3233 2717 3553 2775 succurrat;
3604 2726 3676 2765 ne

2080 2804 2294 2869 animae,
2320 2819 2388 2860 ex
2416 2804 2614 2874 quibus
2651 2817 2785 2874 grex
2828 2800 3072 2857 ﬁdelium
3117 2801 3305 2872 augeri
3334 2808 3586 2871 poterat,
3620 2808 3681 2855 et

2078 2911 2178 2966 pro
2207 2910 2436 2965 quarum
2471 2894 2703 2950 salutem
2742 2893 2798 2947 in
2834 2891 3025 2947 diebus
3075 2891 3349 2960 passionis
3378 2889 3676 2947 Dominicae

2081 2985 2149 3040 ab
2174 2984 2466 3041 universali
2492 2983 2734 3041 Ecclesia
2758 2981 2871 3039 Deo
2901 2980 2925 3022 ἀ
2952 2981 3165 3052 publice
3195 2981 3552 3052 supplicatur,
3577 2981 3677 3035 ob-

2081 3077 2309 3133 sistente
2362 3075 2663 3151 inﬁdelium
2719 3082 2776 3129 et
2816 3074 2930 3129 Deo
2977 3073 3383 3129 adversantium
3440 3071 3670 3135 duritia,

377 3163 541 3220 Certe
569 3165 622 3220 in
647 3166 878 3236 epistola
906 3168 973 3223 ad
1012 3168 1361 3244 Timotheum
1401 3172 1543 3229 idem
1573 3174 1867 3244 Apostolus
1895 3175 1974 3230 sic
2000 3162 2045 3226 C
2078 3171 2241 3225 etiam
2275 3169 2406 3226 dicti
2433 3166 2690 3240 praecepti
2717 3167 3008 3225 occasione
3036 3164 3232 3222 diaboli
3264 3164 3471 3234 laqueis
3499 3179 3672 3219 rema-

372 3256 669 3326 prtccepit:
702 3257 1012 3331 Quicunque
1056 3268 1179 3316 sunt
1210 3240 1319 3316 'sub
1351 3262 1484 3334 jugo
1522 3240 1687 3331 serui,
1734 3266 1976 3322 dominos

375 3361 503 3400 suos
532 3349 674 3402 omni
697 3349 897 3404 honore
936 3350 1123 3421 dignos
1148 3348 1519 3421 arbitrentur,
1560 3371 1624 3409 ne
1653 3372 1842 3410 nomen
1867 3356 1975 3412 Do-

378 3440 514 3492 mini
540 3449 589 3494 et
615 3440 858 3496 doctrina
883 3441 1288 3513 blasphemetur.
1325 3445 1430 3513 Qui
1452 3456 1629 3503 autem
1652 3446 1835 3518 ﬁdeles
1869 3449 1973 3503 ha-

379 3528 502 3583 bent
529 3529 800 3596 dominos,
841 3547 946 3586 non
993 3543 1363 3601 contemnant,
1412 3537 1537 3607 quia
1582 3538 1774 3609 fratres
1801 3548 1971 3605 sunt;

378 3620 473 3675 sed
493 3624 656 3692 magis
682 3624 928 3691 serviant,
943 3626 1067 3693 quia
1089 3626 1269 3696 ﬁdeles
1290 3638 1431 3696 sunt,
1456 3637 1514 3685 et
1531 3640 1732 3687 caetera
1754 3631 1807 3704 (I
1833 3631 1966 3688 Tim.

378 3726 457 3777 vt,
493 3711 569 3784 1).
602 3712 661 3768 In
688 3714 886 3785 quibus
912 3717 1097 3773 verbis
1126 3719 1409 3776 evidenter
1441 3722 1509 3777 de
1538 3723 1791 3781 omnibus
1816 3723 1976 3781 Chri-

380 3801 577 3858 stianis
604 3804 800 3871 servis,
832 3807 927 3862 sed
965 3822 1197 3878 quorum
1225 3809 1318 3864 alii
1346 3810 1616 3880 ﬁdelibus,
1656 3813 1748 3869 alii
1778 3814 1974 3871 inﬁde—

381 3893 522 3949 libus
543 3894 778 3952 dominis
801 3899 1134 3968 serviebant,
1167 3901 1425 3972 loquitur.
1457 3904 1529 3960 Et
1565 3914 1749 3962 tamen
1779 3906 1973 3964 inﬁde--

379 3983 513 4040 lium
536 3985 876 4045 dominorum
899 3991 1072 4047 servis
1091 4002 1364 4066 praecepta
1385 3996 1701 4051 constituit:
1728 3997 1820 4066 qui
1845 4006 1977 4053 tunc

381 4077 570 4149 utique
599 4079 775 4137 adhuc
807 4081 1146 4140 infidelitatis
1173 4084 1390 4141 vinculo
1429 4092 1744 4142 tenerentur
1770 4088 1971 4143 obstri-

380 4172 477 4239 cti,
507 4172 555 4228 si
585 4174 639 4228 in
665 4174 766 4229 hac
802 4191 862 4230 re
887 4190 1076 4232 eorum
1114 4177 1312 4247 quibus
1340 4179 1649 4235 serviebant
1687 4180 1972 4237 arbitrium

2077 3271 2244 3318 neant
2269 3261 2575 3332 implicatae.
2608 3258 2769 3317 Certe
2794 3259 2850 3314 in
2880 3257 3051 3315 sacris
3076 3255 3377 3313 canonibus
3404 3254 3672 3311 constitu—

2079 3358 2214 3418 tum,
2244 3358 2307 3405 ut
2333 3351 2378 3406 si
2407 3350 2501 3422 qui
2531 3364 2599 3406 ex
2627 3348 2707 3404 eis
2736 3348 2803 3403 ad
2833 3348 3162 3419 baptismum
3189 3345 3471 3411 venerint,
3510 3344 3553 3400 si
3580 3360 3676 3399 vo-

2075 3442 2237 3500 luerit
2265 3443 2575 3515 episeopus,
2601 3440 2686 3498 vel
2713 3440 2939 3511 quilibet
2966 3439 3229 3506 ﬁdelium,
3258 3436 3559 3494 redimendi
3580 3450 3674 3492 eos

2076 3536 2276 3593 habeat
2324 3544 2647 3608 potestatem
2700 3534 2880 3606 (Vide
2926 3533 3019 3589 lib.
3074 3532 3139 3587 de
3175 3530 3308 3586 Jud.
3359 3531 3625 3602 superstit.
3656 3571 3693 3593 ,-

2075 3644 2196 3700 cap.
2233 3627 2307 3700 6).
2337 3627 2491 3696 Quod
2519 3642 2621 3683 nos
2651 3625 3009 3682 libentissime
3044 3622 3229 3680 facere
3254 3623 3537 3693 cupimus;
3567 3621 3673 3676 hoc

2076 3718 2449 3774 tantummodo
2469 3716 2812 3789 postulantes
2836 3723 2898 3770 ut
2922 3715 3004 3772 eis
3032 3713 3282 3770 veniendi
3315 3713 3383 3768 ad
3406 3712 3568 3767 fidem
3599 3711 3677 3766 ia-

2075 3809 2250 3865 cultas
2279 3807 2449 3863 libera
2489 3806 2777 3861 tribuatur.
2826 3803 2939 3860 Nec
2985 3805 3089 3859 hoc
3122 3803 3358 3858 dicimus
3403 3800 3549 3871 quod
3591 3801 3672 3856 eis

2077 3896 2219 3952 ﬁlios
2268 3896 2352 3952 vel
2400 3910 2589 3952 servos
2637 3908 2827 3949 eorum
2870 3891 3136 3947 violenter
3180 3889 3508 3945 auferendos
3547 3904 3673 3946 esse

2077 3986 2396 4049 sentiamus,
2426 3984 2522 4040 sed
2546 3990 2609 4038 ut
2635 3982 2975 4055 venientibus
2996 3981 3063 4038 ad
3090 3979 3253 4037 ﬁdem
3276 3978 3671 4038 abinﬁdelibus

2079 4077 2299 4132 licentia
2329 4091 2438 4132 non
2470 4081 2718 4147 negetur.

1756 4272 2032 4331 BALUZII
2068 4255 2303 4330 NOTE.

451 4354 684 4448 ξηραῖς.
706 4359 861 4448 [ιοπξζ
888 4360 959 4443 ad
986 4363 1270 4448 imaginem
1293 4378 1466 4448 suam.
1493 4363 1811 4448 Agobardus
1831 4379 1967 4448 ergo

2143 4364 2170 4405 ἀ
2212 4362 2432 4422 Publice
2470 4365 2817 4438 supplicatur,
2848 4360 3105 4438 nimirum
3142 4374 3243 4431 pro
3286 4360 3675 4438 Jugmi_s,_pro

381 4426 786 4508 similitudinem
812 4431 908 4487 Dei
944 4448 1065 4508 quae
1090 4426 1174 4489 ést
1209 4434 1266 4487 in
1306 4426 1570 4508 homine:
1589 4435 1873 4508 constituit
1899 4426 1963 4491 ἶιι
1992 4437 2046 4497 D
2070 4452 2314 4508 quorum
2335 4426 2689 4508 conversione
2715 4426 2943 4508 singulis
2977 4426 3162 4508 annis:
3182 4438 3304 4508 orat
3340 4426 3585 4508 Ecclesia
3613 4435 3669 4489 in

380 4498 721 4587 animmnnon
748 4510 928 4587 autem
957 4498 1283 4587 in_corpore_.
1316 4498 1632 4587 Videnotas
1669 4507 1737 4587 a_d
1765 4506 1967 4587 episto-

378 4566 487 4642 lam
538 4567 610 4642 5_0
646 4569 783 4642 Lupi
819 4566 1183 4629 Ferrariensis
1226 4583 1280 4630 et
1318 4577 1388 4631 ad
1431 4576 1628 4632 librum
1672 4577 1738 4633 de
1771 4566 1968 4633 Tribus

383 4637 811 4715 Quaestionihtis,
842 4658 966 4715 pag.
999 4644 1125 4698 471.
1155 4644 1273 4699 Alia
1303 4647 1454 4702 fuere
1488 4645 1797 4704 Judfeorum
1833 4647 1965 4702 deli-

378 4716 661 4789 ramenta,
708 4714 800 4789 qui
841 4714 1037 4784 corpus
1069 4717 1369 4789 humanum
1416 4718 1507 4789 ad,
1534 4718 1823 4789 imaginem
1870 4716 1966 4772 Dei

378 4778 586 4858 (actum
620 4778 1015 4858 putabant,'ut
1052 4786 1371 4858 Agobardus
1406 4788 1596 4844 scribit
1634 4778 1688 4843 in
1725 4787 1866 4843 libro
1899 4789 1968 4843 de

379 4848 1145 4929 Judaicis'superstitionibus',
1177 4873 1298 4929 cap.
1332 4858 1418 4929 lt).
1451 4858 1571 4925 Quo
1611 4858 1741 4929 loco;
1768 4858 1970 4913 Masso-

379 4935 500 5001 ξηιξὶ
531 4923 810 5001 adnotavit
847 4927 901 4981 in
923 4923 1181 5001 margine
1216 4923 1333 4985 Haec
1361 4923 1670 4985 Iudaeorum
1715 4926 1971 4999 ﬁgmenta

379 4991 434 5045 in
454 4988 668 5078 Cabala
685 5010 901 5078 quoque
923 4998 1049 5078 legi.

380 5129 394 5142 ι
454 5062 482 5102 δ
521 5062 904 5142 liagisjerinf.
935 5062 1267 5142 Judajorum.
1302 5068 1594 5142 Evrardus.
1639 5068 1773 5126 Vide
1810 5085 1975 5140 supra

379 5134 438 5214 in
469 5134 708 5192 notis’ad
744 5134 940 5194 librum
975 5140 1043 5196 de
1068 5140 1344 5211 Baptismo
1382 5139 1734 5198 Iudaicarum
1770 5134 1975 5197 manci-

376 5216 614 5273 piorum.

455 5284 478 5312 ο
523 5272 713 5332 Missos
741 5278 806 5334 de
825 5279 1044 5352 palatio,
1073 5282 1127 5339 id
1151 5289 1252 5350 est,
1281 5283 1478 5340 missos
1506 5281 1826 5340 dominieos.

2075 4500 2264 4563 diebus
2293 4506 2571 4561 Passionis
2596 4500 2915 4568 Dominicze,
2937 4510 2998 4557 ut
3020 4501 3096 4555 ait
3113 4500 3452 4571 Agobardus,
3482 4502 3535 4557 id
3559 4513 3668 4568 est,

2076 4576 2210 4634 feria
2238 4586 2434 4650 quarta
2462 4577 2682 4650 Majoris
2702 4573 3082 4650 Hebdomadaa.
3109 4571 3300 4650 Exstat
3322 4572 3466 4650 enim
3491 4573 3670 4650 oratio

2076 4663 2197 4720 quae
2226 4641 2338 4703 tum
2370 4641 2629 4720 temporis
2648 4644 2867 4716 publice
2874 4641 3320 4720 _a_sa_eerdotibus_
3330 4641 3400 4720 _i_n
3423 4641 3663 4699 Ecclesia

2076 4711 2337 4792 recitatur
2366 4711 2608 4792 pro:hae
2646 4711 2832 4792 causa.
2874 4711 3167 4792 ljhabanus
3212 4711 3266 4792 i_n
3307 4711 3446 4792 libro
3477 4720 3666 4792 contra

2078 4780 2502 4865 Judaeoseamﬁ
2527 4789 2751 4865 loquens
2781 4785 2847 4865 de
2877 4780 3090 4865 Iudaeis
3114 4798 3128 4835 :
3151 4799 3187 4865 ’ς
3224 4781 3337 4836 lmo
3372 4790 3428 4835 et
3445 4781 3670 4865 pejores

2079 4851 2556 4934 haereticisfsicu}
2581 4851 2675 4934 eos
2710 4853 2952 4934 Ecclesia
2974 4851 3262 4934 catholica
3286 4868 3408 4934 esse
3434 4852 3662 4934 judicat,
3711 4868 3718 4895 ι

2071 4948 2192 5002 qua:
2223 4932 2278 4986 in
2306 4923 2495 4987 diebus
2520 4926 2814 4985 Dominiea:
2836 4923 3111 4981 Passionis
3147 4930 3271 5002 post
3299 4924 3582 5002 haereticos
3608 4933 3665 4978 et

2071 4992 2466 5077 schismaticos,
2498 5010 2553 5056 ct
2578 5014 2746 5071 prope
2768 5010 3027 5068 paganos,
3058 5008 3158 5077 pro
3184 4995 3263 5048 eis
3293 5004 3435 5048 orat.
3474 5012 3495 5046 ι
3528 4992 3660 5077 Item

2071 5088 2193 5142 cap.
2221 5072 2290 5127 59
2324 5088 2353 5144 :_
2379 5090 2396 5122 ι
2431 5063 2544 5127 imo
2579 5063 2982 5126 eorum'véram
3012 5065 3267 5144 salutem,
3298 5078 3397 5144 pro
3421 5078 3528 5144 qua
3556 5063 3663 5143 Ee-

2072 5135 2238 5200 clésia
2279 5142 2589 5199 solemniter
2624 5154 2784 5195 orare
2826 5135 3154 5215 consuevit,_
3182 5135 3669 5215 veraciter_inqu_i-

2074 5222 2285 5275 rentes,
2334 5227 2611 5270 servemus
2648 5224 2775 5282 erga
2821 5223 2916 5265 eos
2963 5204 3386 5261 ecclesiasticam
3436 5204 3662 5260 sinceri.

2072 5293 2260 5342 tatem.
2295 5304 2312 5338 ι
2762 5288 2771 5301 “
