4010 6184
382 334 481 393 181
1517 340 1734 399 EPIST.
1775 343 1868 398 AD
1899 342 1938 398 Β

2043 342 2524 405 ΤΗΟιΟΜίΕυΜ.
3559 357 3678 419 ιω

376 450 655 516 videntes,
684 458 810 504 cum
832 463 972 506 unus
999 449 1071 506 sit
1098 450 1339 506 omnium
1363 451 1645 521 Dominus,
1677 455 1771 525 qui
1790 453 1973 527 ﬂaget-
1999 460 2048 518 Α
2077 455 2237 512 nibus
2296 467 2536 515 tractare
2577 464 2758 518 conati
2813 473 2962 531 sunt,
3031 469 3426 544 quinquaginta
3493 476 3673 535 millia»

376 544 457 598 tat
481 550 538 599 et
563 542 835 607 medetur,
870 543 1106 613 percutit
1135 552 1191 599 et
1235 551 1415 611 sanat,
1462 545 1611 601 ducit
1642 546 1710 600 ad
1750 544 1972 611 inferos,
2074 549 2248 620 plebis
2277 555 2521 622 percussi
2547 556 2805 613 dicuntur
2833 575 2865 614 a
2896 559 3148 626 Domino,
3182 542 3443 633 quivnihil
3466 568 3663 626 horum

381 641 440 689 et
468 631 728 689 reducit?
764 632 842 687 De
870 647 980 702 quo
1006 631 1200 688 beatus
1225 630 1328 689 Job
1355 633 1719 690 conﬁtebatur
1743 634 1969 690 dicens:
2075 638 2268 696 fecisse
2302 644 2559 700 credendi
2620 657 2787 702 sunt:
2844 651 2935 721 qui
2973 660 3154 709 tamen
3199 630 3307 711 etsi
3358 659 3665 719 ministerio

382 724 711 780 Miseremini
752 724 874 791 mei,
921 724 1241 779 miseremini
1287 724 1408 791 mei,
1451 723 1639 779 saltem
1687 740 1776 779 vos
1815 725 1974 779 amici
2072 731 2248 802 angeli
2283 735 2642 802 percutientis
2687 738 2962 795 interfecti
2997 752 3145 809 sunt,
3207 756 3357 802 recte
3391 749 3651 808 dicuntur

380 817 506 882 mei,
557 816 684 887 quia
734 831 926 869 manus
969 814 1183 870 Domini
1212 816 1380 887 tetigit
1413 832 1516 882 me,
1549 831 1672 871 cum
1699 825 1849 873 certe
1876 832 1972 873 ea-
2072 832 2102 871 a
2140 819 2367 877 Domino
2423 825 2689 893 percussi,
2728 830 3052 903 .sccundum
3109 835 3353 904 regulam
3408 841 3661 911 superius

378 909 505 965 dem
539 908 823 979 Scriptura
875 907 1067 963 dicat:
1122 907 1392 962 Percussit
1433 924 1552 963 eum
1596 907 1765 964 Satan
1798 908 1972 964 ulcere
2069 918 2367 966 ostensam.

374 1001 623 1071 pessimo.
657 998 765 1054 Sed
794 998 922 1054 licet
978 1014 1269 1070 percussor
1295 1000 1647 1072 percusserit,
1680 1015 1969 1070 percusso-
2140 998 2227 1054 VI.
2264 1001 2518 1060 Forsitan
2567 1006 2821 1065 similiter
2855 1011 3064 1069 dubitet
3115 1017 3312 1088 aliquis
3342 1021 3410 1077 de
3442 1024 3658 1084 duobus

332 1080 338 1084 ’
375 1108 496 1149 rem
518 1100 699 1148 tamen
721 1091 931 1147 habens
958 1092 1013 1146 in
1048 1099 1317 1162 potestate
1343 1092 1587 1164 tetigisse
1615 1092 1832 1159 dicitur,
1856 1109 1966 1149 non
2066 1089 2546 1164 quinqua‘genariis
2610 1114 2736 1157 cum
2770 1103 3165 1176 quinquagenis
3206 1080 3341 1167 'suis
3384 1114 3452 1169 ad
3483 1080 3659 1173 Etiam

372 1186 555 1243 εοιυιη
576 1186 630 1240 in
662 1199 910 1255 corpore,
937 1198 1124 1238 verum
1145 1184 1313 1239 etiam
1338 1184 1393 1239 in
1419 1184 1713 1240 amissione
1737 1199 1918 1240 rerum
1944 1201 1959 1250 ;
2065 1182 2270 1249 missis,
2299 1192 2485 1240 utrum
2516 1187 2821 1246 ministerio
2870 1193 3113 1264 angelico
3167 1199 3277 1253 sint
3307 1203 3493 1258 occisi.
3521 1204 3659 1263 Pro-

368 1279 516 1334 sicut
551 1277 692 1332 idem
716 1277 914 1331 iterum
935 1275 1012 1330 ait
1041 1293 1055 1329 :
1084 1274 1346 1330 Dominus
1369 1276 1534 1343 dedit,
1562 1276 1824 1331 Dominus
1849 1277 1965 1332 abs-
2060 1279 2184 1341 pter
2237 1274 2380 1342 quod
2437 1274 2719 1347 Scriptura
2782 1281 2916 1337 dicit
2963 1285 3145 1356 ignem
3209 1289 3559 1351 descendisse
3587 1297 3658 1354 de

362 1366 510 1434 tulit,
540 1382 667 1422 cum
708 1366 968 1421 Dominus
1002 1366 1203 1421 dixerit
1251 1366 1353 1438 ipsi
1373 1367 1589 1423 diabolo
1623 1385 1636 1421 :
1676 1366 1812 1421 Ecce
1842 1384 1960 1439 qua:
2059 1361 2220 1452 caelo,
2246 1372 2300 1418 et
2328 1365 2619 1423 devorasse
2643 1385 2758 1426 eos.
2795 1371 2902 1429 Sed
2943 1379 3185 1434 attendat
3223 1384 3339 1452 pari
3387 1387 3549 1443 modo
3583 1391 3652 1445 de

361 1457 521 1512 habet
556 1457 822 1523 universa,
877 1456 934 1510 in
968 1473 1131 1511 manu
1165 1465 1257 1510 tua
1288 1466 1431 1510 sunt.
1490 1456 1596 1511 Sed
1633 1457 1762 1527 quia
1815 1457 1958 1513 hanc
2056 1451 2202 1507 beati
2234 1452 2336 1511 Job
2365 1455 2557 1513 ovibus
2580 1458 2825 1516 dictum:
2864 1462 3012 1535 Ignis
3038 1468 3138 1522 Dei
3179 1451 3363 1528 cecidit
3409 1477 3474 1531 de
3496 1480 3661 1547 castor

361 1560 658 1617 percussor
685 1552 1010 1616 potestatem
1050 1546 1252 1600 habere
1303 1561 1583 1617 nunquam
1623 1556 1824 1617 potest,
1852 1547 1955 1602 nisi
2055 1552 2104 1596 et
2134 1553 2301 1599 tactas
2323 1562 2441 1601 oves
2468 1564 2761 1619 puerosque
2787 1560 3107 1628 consumpsit
3139 1578 3158 1615 :
3190 1577 3315 1618 cum
3345 1581 3507 1624 nemo
3551 1570 3653 1625 du-

363 1637 640 1709 acceperit
666 1638 733 1693 ab
763 1652 829 1693 eo
854 1637 911 1692 in
942 1637 1099 1708 cujus
1130 1644 1187 1692 et
1217 1636 1331 1707 ipse
1368 1644 1641 1708 potestate
1671 1646 1755 1693 est
1782 1656 1797 1704 ;
1825 1654 1952 1708 pro-
2054 1632 2189 1688 bitet
2221 1634 2323 1690 hoc
2357 1636 2664 1694 ministerio
2689 1639 2909 1699 Satanae
2936 1644 3156 1703 factum.

360 1738 550 1801 pterea
584 1728 688 1800 ipsi
716 1728 1003 1785 tribuenda
1029 1736 1118 1784 est
1144 1737 1387 1799 potestas
1411 1730 1504 1799 qui
1530 1730 1627 1785 dat
1647 1739 1705 1786 et
1729 1731 1947 1799 retinet,

2121 1723 2229 1779 Vit.
2265 1725 2511 1783 Alterum
2539 1746 2669 1786 vero
2701 1746 2871 1803 genus
2894 1746 2999 1803 est,
3031 1755 3139 1810 quo
3176 1742 3228 1797 in
3254 1746 3517 1815 quosdam
3545 1751 3643 1805 lto-

359 1819 627 1889 permittit
659 1826 727 1874 et
767 1819 1000 1875 cohibet.
1061 1817 1281 1874 Talibus
1327 1819 1590 1890 exemplis
1618 1821 1790 1890 plena:
1821 1831 1947 1878 sunt
1974 1814 2022 1873 Β
2047 1816 2221 1915 ῐῐξῘηίξε
2248 1819 2544 1888 Ρνεενθιθτε
2568 1821 2782 1880 Videtur
2802 1827 3070 1915 diabolus,
3087 1843 3328 1895 nontam
3358 1839 3428 1899 ad
3453 1855 3647 1915 percu-

360 1908 680 1979 Scriptum,
716 1910 862 1967 sicut
881 1920 935 1968 et
956 1912 1086 1968 illud
1107 1914 1253 1985 quod
1277 1914 1474 1986 legitur
1508 1917 1575 1971 de
1599 1914 1784 1981 Saule,
1807 1918 1938 1986 quod

2053 1905 2295 1962 ticndum
2352 1924 2517 1984 quam
2566 1914 2635 1971 ad
2685 1914 3050 1992 illudend'um;
3086 1928 3153 1982 de
3183 1930 3383 1998 quibus
3441 1905 3643 1992 inultos

359 2000 588 2072 spiritus
620 2001 794 2059 maius
817 2004 1110 2075 arripuerit
1135 2019 1281 2061 eum.
1312 2007 1373 2061 In
1419 2007 1617 2081 quibus
1646 2008 1828 2066 verbis
1857 2010 1951 2067 ad.
2054 1999 2359 2056 audiVimus
2410 2012 2467 2057 ει
2512 2009 2866 2078 εοεηονίωιιε
2893 2027 2927 2066 ³
2956 2015 3314 2086 daemonibus:
3371 2022 3651 2094 lapidibus

358 2091 686 2151 mirabiliter
712 2095 950 2153 ostendit
984 2094 1270 2170 Scriptura
1304 2100 1486 2156 divina
1519 2109 1575 2156 et
1617 2108 1946 2171 potestatem

362 2186 595 2242 Domino
618 2188 959 2244 tribuendam
981 2205 1119 2254 esse,
1143 2199 1201 2246 et
1220 2190 1481 2246 malitiam
1504 2178 1718 2247 diabolo
1746 2211 1757 2245 :
1783 2209 1946 2263 quam

358 2278 554 2349 utique
600 2294 709 2335 non
756 2279 975 2348 accipit,
1025 2280 1177 2335 seda
1226 2281 1519 2351 semetipso
1561 2282 1769 2337 habet:
1804 2282 1945 2353 quod

354 2379 546 2427 autem
573 2387 681 2427 non
712 2372 881 2428 habet
912 2373 1128 2442 accipit,
1165 2374 1222 2428 id
1244 2381 1350 2438 est,
1378 2383 1724 2444 potestatem.

426 2459 517 2514 ili.
556 2458 665 2515 Sed
694 2460 760 2516 de
786 2461 873 2517 his
899 2476 1005 2516 non
1034 2476 1259 2519 necesse
1288 2464 1551 2520 habemus
1575 2466 1814 2521 scribere
1843 2482 1942 2522 vo—

352 2549 460 2613 bis,
502 2549 757 2619 quoniam
809 2550 1237 2607 habetis'multa
1294 2553 1607 2609 sublimium
1661 2556 1942 2612 doctorum

349 2639 663 2697 sublimiter
689 2640 852 2696 dicta.
892 2641 1098 2698 Tamen
1130 2643 1239 2699 duo
1278 2643 1534 2699 videntur
1561 2645 1716 2700 nobis
1743 2661 1941 2717 genera

349 2731 511 2786 vobis
544 2729 919 2802 signiﬁcanda,
956 2747 1078 2803 quae
1103 2734 1260 2789 nobis
1281 2743 1337 2788 et
1378 2734 1531 2790 vobis
1569 2735 1774 2805 pariter
1795 2752 1942 2806 quac-

351 2820 526 2876 renda
570 2828 842 2891 putamus.
899 2821 969 2876 Et
1016 2838 1181 2877 unum
1213 2824 1432 2894 quidem
1490 2824 1622 2880 illud
1657 2834 1764 2892 est,
1795 2827 1941 2896 quod

350 2922 538 2970 utrum
597 2913 888 2984 correptio,
927 2929 997 2969 an
1047 2914 1359 2981 infirmitas,
1413 2916 1499 2971 vel
1526 2918 1706 2988 potius
1767 2918 1941 2975 virtus

349 3004 582 3061 dicenda
609 3004 700 3071 sit,
730 3005 1023 3060 nescimus.
1062 3005 1175 3061 Hoc
1221 3014 1434 3061 tantum
1460 3007 1516 3062 in
1539 3008 1729 3063 eadem
1759 3023 1818 3063 re
1838 3023 1939 3065 nos

345 3099 495 3154 scire
540 3106 817 3169 putamus,
864 3098 1009 3169 quod
1044 3099 1241 3156 nullius
1292 3099 1618 3155 adversaria:
1649 3101 1938 3171 potestatis

345 3190 657 3247 ministerio
680 3198 943 3262 geratur;
982 3191 1125 3247 sicut
1152 3201 1238 3248 est
1263 3193 1332 3248 de
1365 3194 1525 3249 beato
1560 3194 1824 3251 Zacharia
1844 3210 1933 3251 sa—
1961 3174 2006 3235 (ἶ

348 3283 571 3339 cerdote
596 3282 879 3338 incedente
911 3283 966 3337 in
998 3284 1250 3340 omnibus
1279 3286 1547 3342 mandatis
1590 3296 1645 3343 et
1663 3286 1931 3357 iustiﬁca-

348 3372 591 3429 tionibus
616 3372 829 3428 Domini
876 3374 995 3429 sine
1044 3374 1302 3444 querela;
1343 3376 1433 3447 qui
1463 3379 1720 3455 quoniam
1749 3380 1927 3435 incre-

345 3464 507 3522 dulus
551 3463 654 3520 fuit
685 3466 1063 3536 promissionis
1108 3467 1158 3521 ei
1182 3466 1338 3523 factae
1367 3484 1397 3523 a
1423 3468 1678 3527 Gabriele
1698 3471 1930 3526 archan-

345 3555 489 3627 gcio,
516 3555 735 3613 silentio
780 3556 1071 3612 mulctatus
1097 3565 1200 3613 est.
1232 3558 1389 3626 Quod
1438 3569 1493 3614 ει
1527 3561 1612 3615 vir
1634 3561 1930 3618 desiderio-

344 3665 470 3705 rum
524 3650 718 3706 beatus
773 3649 964 3725 Daniel
1017 3650 1239 3719 fatetur,
1293 3653 1527 3710 dicens:
1566 3655 1815 3722 Domine,
1872 3658 1928 3711 in

343 3740 543 3795 uisione
568 3750 659 3795 tua
692 3742 964 3798 dissoluta:
997 3753 1120 3798 sunt
1168 3761 1442 3817 compages
1496 3764 1627 3802 mea:
1652 3761 1671 3799 :
1702 3747 1848 3803 unde
1870 3764 1930 3804 se

343 3832 478 3889 dicit
530 3842 716 3904 postea
771 3835 1043 3908 languisse
1096 3853 1195 3908 per
1233 3827 1364 3896 dies
1386 3840 1669 3910 plurimos.
1702 3842 1771 3896 Et
1798 3842 1929 3896 bea-

344 3932 434 3981 tus
486 3922 656 3981 Jacob
706 3926 919 3983 luctans
975 3944 1099 3984 cum
1155 3929 1367 4001 angelo,
1426 3930 1653 3987 claudus
1705 3931 1928 3989 effectus

340 4024 446 4073 εει.

395 4128 488 4184 ιν.
526 4129 714 4201 Neque
743 4130 848 4186 hoc
872 4131 1102 4187 dicimus
1131 4131 1289 4204 quasi
1323 4131 1570 4191 diabolus
1620 4135 1677 4191 in
1712 4144 1929 4193 sanctos

340 4221 489 4276 nulla
515 4230 739 4293 accepta
768 4232 1038 4293 potestate
1065 4235 1326 4297 operetur
1359 4229 1750 4300 correptiones,
1802 4247 1927 4287 cum

341 4313 631 4384 Apostolus
661 4323 846 4385 aperte
875 4316 1020 4372 dicat
1051 4318 1238 4374 datum
1284 4319 1385 4375 sibi
1415 4321 1693 4381 stimulum
1720 4325 1923 4389 carnis,

343 4405 594 4477 angelum
622 4405 875 4474 Satanae;
907 4409 1002 4465 sed
1030 4410 1156 4480 quia
1184 4411 1267 4466 hae
1295 4411 1428 4467 tales
1474 4413 1651 4484 excipi
1697 4425 1929 4483 possunt

2050 2103 2105 2149 et
2140 2094 2372 2152 fustibus
2400 2114 2591 2168 cassos,
2621 2111 2677 2158 et
2711 2104 2766 2159 in
2793 2106 2942 2163 nullo
2993 2109 3189 2180 laesos;
3225 2114 3435 2186 aliquos
3459 2129 3653 2177 tamen

2050 2193 2105 2239 et
2134 2185 2321 2243 illusos
2351 2198 2408 2245 et
2434 2191 2590 2249 laesos
2617 2213 2630 2249 :
2661 2196 2716 2251 in
2755 2200 2952 2268 quibus
2988 2204 3135 2261 nulla
3163 2207 3267 2263 alia
3293 2185 3459 2267 causa
3488 2216 3639 2271 vide-

2051 2286 2139 2334 tur
2164 2295 2270 2350 qua
2299 2282 2354 2338 id
2384 2283 2501 2351 flat,
2530 2286 2634 2343 nisi
2662 2298 2757 2345 aut
2777 2292 3014 2352 inanitas
3036 2296 3181 2367 fidei,
3214 2311 3309 2357 aut
3352 2304 3653 2365 delectatio

2049 2371 2342 2470 vanitatis:
2382 2374 2539 2446 cujus
2588 2380 2669 2435 rei
2719 2386 2964 2457 exempla
3011 2387 3168 2447 facile
3223 2394 3293 2449 de
3340 2396 3647 2470 Scripturis

2041 2461 2287 2559 proferre
2320 2481 2429 2521 non
2460 2483 2787 2538 possumus:
2822 2477 2917 2533 sed
2944 2487 3125 2536 tamen
3156 2485 3334 2542 nullus
3362 2461 3501 2559 pene
3526 2492 3628 2549 bo-

2044 2551 2252 2646 minum
2300 2563 2384 2611 est
2410 2558 2503 2628 qui
2534 2560 2660 2615 talia
2694 2578 2801 2619 non
2833 2567 3089 2637 audierit,
3126 2573 3209 2629 vel
3242 2551 3477 2646 viderit;
3509 2598 3635 2638 cum

2041 2643 2290 2715 plerique
2315 2661 2457 2703 vano
2480 2657 2690 2708 terrore
2716 2662 2811 2709 aut
2837 2671 2976 2712 vana
3005 2661 3367 2723 admiratione
3388 2643 3630 2741 attoniti,

2042 2735 2366 2791 inanescunt
2391 2754 2553 2794 sensu
2575 2749 2631 2797 et
2676 2743 2875 2801 virtute
2903 2749 3093 2805 animi.
3134 2752 3294 2811 Novit
3342 2761 3488 2816 enim
3518 2735 3635 2821 dia:-

2039 2823 2215 2893 bolus,
2243 2835 2305 2883 ut
2327 2828 2404 2883 ait
2422 2829 2617 2926 beatus
2651 2832 2765 2890 Leo
2796 2835 2998 2908 (Serm.
3035 2840 3066 2893 7
3095 2843 3152 2898 in
3186 2844 3370 2903 Natio.
3422 2850 3630 2928 Dom),

2040 2932 2201 2987 quem
2235 2917 2473 3017 mturare
2517 2922 2755 2996 dejiciat,
2806 2944 2965 2998 quem
3018 2931 3171 2990 fallat
3216 2942 3431 3010 gaudio,
3464 2917 3666 3017 quein-

2041 3016 2189 3064 metu
2226 3011 2521 3081 opprimat,
2570 3029 2732 3084 quem
2781 3019 3141 3081 admiratione
3194 3031 3438 3088 seducat.
3475 3011 3668 3095 illide-

2040 3109 2095 3155 et
2132 3101 2426 3172 Apostolus
2453 3116 2637 3162 monet
2667 3127 2679 3161 :
2709 3106 2808 3164 Cui
2833 3113 3056 3169 resistite
3087 3117 3253 3187 fortes
3279 3124 3334 3177 in
3365 3123 3490 3193 ﬁde.
3521 3128 3663 3197 Qui‘

2037 3208 2253 3264 semper
2278 3198 2506 3253 nocendi
2559 3199 2789 3270 cupidus
2835 3213 2940 3271 est,
2968 3215 3023 3261 et
3058 3222 3184 3264 cum
3221 3211 3273 3267 id
3308 3229 3368 3270 se
3391 3220 3655 3277 ostendit.

2036 3285 2181 3353 quod
2227 3295 2331 3352 est,
2363 3295 2420 3344 et
2453 3305 2578 3345 cum
2610 3306 2670 3346 se
2700 3293 3055 3379 transﬁgurat
3089 3298 3145 3355 in
3180 3306 3432 3376 angelum
3461 3309 3656 3380 lucis,.

2033 3385 2088 3431 et
2115 3376 2280 3433 veluti
2311 3381 2557 3451 quaedam
2596 3376 2891 3441 sanitatum
2930 3389 3084 3461 signa
3134 3393 3491 3457 demonstrat.
3524 3376 3647 3462 Cui

2032 3473 2218 3542 utique
2253 3475 2306 3529 in
2345 3484 2578 3547 utroque
2612 3494 2738 3535 vere
2774 3483 3136 3541 resistendum
3176 3499 3278 3555 est,
3319 3502 3507 3552 utnec
3531 3513 3627 3553 va-

2032 3580 2133 3620 nos
2166 3577 2406 3625 terrores
2464 3568 2844 3641 formidemus,
2880 3591 2982 3633 nec
3024 3580 3180 3637 vanis
3218 3584 3495 3644 miraculis
3531 3591 3625 3646 de-

2031 3655 2315 3713 lectemur.

2107 3767 2236 3823 Vill.
2278 3768 2405 3826 Haec
2435 3773 2502 3828 de
2539 3774 2751 3831 duobus
2779 3780 3102 3849 quibusdam
3131 3788 3423 3853 generibus
3448 3790 3623 3848 inter-

2029 3854 2340 3923 posuimus;
2382 3873 2573 3924 unum,
2604 3861 2697 3916 ubi
2728 3863 2863 3917 nihil
2917 3866 3268 3926 admixtionis
3322 3873 3486 3931 habet
3519 3878 3623 3934 mi-

2030 3943 2314 4000 nisterium
2350 3948 2577 4015 diaboli,
2633 3951 2776 4007 sicut
2801 3953 2869 4010 de
2905 3956 3069 4012 beato
3117 3959 3385 4019 Z'acharia
3426 3976 3482 4023 et
3510 3968 3617 4026 Da.

2029 4034 2170 4091 niele
2192 4052 2257 4093 ac
2281 4036 2383 4095 Job
2419 4040 2695 4110 diximus;
2744 4044 2996 4113 alterum,
3028 4050 3120 4106 ubi
3151 4051 3439 4114 infirmitas
3469 4060 3619 4129 ﬁdei,

2030 4134 2085 4181 et
2111 4127 2348 4186 inanitas
2384 4132 2635 4201 rationis,
2677 4136 2792 4192 sive
2821 4139 3091 4210 exiguitas
3129 4159 3342 4215 sensus,
3372 4150 3426 4205 in
3454 4127 3619 4209 causa

2028 4228 2132 4276 est.
2171 4222 2327 4279 Libet
2372 4234 2553 4283 autem
2585 4229 2675 4286 hic
2724 4229 3019 4305 adiungere
3057 4236 3146 4291 illa
3176 4253 3371 4312 magna
3409 4253 3465 4299 ει
3491 4244 3621 4302 lior-

2028 4313 2208 4370 ribilia
2262 4332 2383 4387 quae
2417 4318 2679 4378 Dominus
2716 4322 2834 4379 ﬁeri
2862 4327 3035 4383 voluit
3063 4330 3133 4385 ad
3160 4335 3525 4395 eruditionem
3550 4341 3617 4397 ii-

2028 4405 2264 4463 delium:
2316 4410 2368 4463 in
2399 4412 2596 4479 quibus
2624 4413 2884 4470 docemur
2916 4419 3084 4474 etiam
3136 4422 3411 4481 diabolum
3440 4431 3618 4489 rebel-

339 4513 372 4552 a
401 4498 616 4553 επιει-ίε
665 4499 1127 4568 νενουεείουίδυς,
1165 4501 1329 4556 etiam
1363 4502 1433 4557 ab
1478 4502 1568 4557 illa
1610 4519 1717 4575 qua
1753 4504 1922 4560 Maria
1946 4528 2001 4586 Ι)
2027 4495 2131 4551 lem
2156 4499 2377 4554 luminis
2405 4500 2517 4556 Deo
2549 4505 2777 4569 servire,
2828 4517 2884 4562 et
2909 4508 3219 4567 ministrant
3269 4532 3389 4571 esse
3417 4520 3616 4580 divina:

338 4604 494 4645 εοιιοιι
532 4589 703 4662 ﬂoysi
728 4599 784 4646 ει
804 4592 986 4648 Aaron
1016 4602 1073 4648 ει
1101 4593 1258 4650 Osias
1292 4610 1390 4650 rex
1417 4598 1663 4666 percussi
1690 4607 1816 4654 sunt
1838 4598 1919 4655 le-
2024 4593 2379 4660 operationis,
2404 4608 2527 4649 cum
2558 4610 2657 4665 per
2689 4596 2837 4651 illiilli
2875 4614 2981 4654 non
3014 4602 3189 4658 solum
3228 4608 3405 4674 malis,
3437 4614 3531 4669 εει]
3558 4626 3615 4672 ει

337 4693 469 4747 pra;
511 4678 601 4734 illa
637 4689 858 4751 propter
907 4692 1190 4753 peccatum
1246 4686 1622 4755 detractionis,
1678 4689 1768 4743 ille
1795 4706 1922 4760 pro.
2020 4683 2179 4737 bonis
2234 4684 2446 4755 ﬂagella
2493 4693 2550 4740 et
2598 4686 2976 4744 tribulationes
3029 4693 3401 4754 admoventur.
3457 4704 3616 4770 Quod

337 4776 460 4839 pter
520 4772 831 4841 superbiam
887 4777 1341 4846 praesumptionis.
1411 4776 1469 4834 Si
1519 4794 1650 4835 vero
1696 4782 1752 4836 in
1809 4781 1915 4848 his,
2020 4774 2164 4829 enim
2198 4778 2576 4846 percussiones
2627 4778 2810 4850 impiis
2848 4788 2910 4836 ει-
2954 4782 3262 4844 inﬁdelibus
3313 4805 3413 4862 per
3438 4795 3618 4851 malos

335 4868 520 4918 utrum
549 4863 666 4919 solo
699 4864 798 4920 Dei
832 4875 986 4933 nutu,
1037 4884 1107 4924 an
1138 4870 1445 4926 ministerio
1474 4872 1788 4943 angelorum
1822 4873 1919 4927 bo-
2019 4868 2260 4937 angelos,
2318 4869 2645 4941 irrogentur,
2709 4871 2998 4931 Psalmista
3055 4877 3121 4933 dc
3157 4880 3353 4953 plagis,
3413 4887 3609 4955 quibus

338 4966 532 5007 norum
561 4968 657 5009 seu
688 4955 975 5022 malorum,
1002 4968 1154 5030 gesta
1198 4959 1328 5026 sint,
1379 4960 1696 5029 dubitatur;
1735 4963 1917 5017 nesci-
2019 4956 2285 5028 Aigyptus
2312 4974 2569 5027 percussa
2603 4972 2710 5027 est,
2740 4963 2988 5035 loquens,
3020 4980 3206 5037 aperte
3237 4974 3497 5043 declarat,
3531 4980 3609 5033 di-

336 5058 458 5098 mus
485 5052 667 5100 utrum
704 5047 779 5102 ita
812 5047 1047 5104 dubitari
1106 5051 1281 5119 possit
1328 5051 1396 5107 de
1448 5050 1638 5107 Nadab
1665 5060 1721 5107 et
1748 5051 1914 5115 Abiu.
2019 5067 2182 5107 cens:
2212 5051 2357 5104 Misit
2388 5053 2442 5104 in
2476 5069 2563 5106 eos
2592 5055 2729 5108 iram
2760 5057 3139 5129 indignationis
3183 5080 3314 5130 sum,
3361 5069 3608 5141 indigna-

334 5134 400 5190 de
428 5135 628 5206 quibus
690 5139 954 5210 scriptum
1009 5149 1096 5196 est
1119 5142 1262 5213 quod
1294 5159 1545 5215 egressus
1585 5145 1725 5217 ignis
1754 5161 1784 5200 a
1812 5144 1918 5202 Do-
2016 5143 2232 5207 tionem,
2283 5151 2329 5196 et
2359 5143 2517 5206 iram,
2568 5153 2617 5198 et
2669 5146 3083 5216 tribulationem,
3129 5134 3608 5233 immissionesvper

333 5227 483 5281 mino
508 5228 781 5287 interfecit
830 5248 944 5289 eos.
976 5233 1075 5290 Cui
1106 5236 1186 5290 rei
1230 5236 1407 5291 simile
1434 5237 1649 5293 videtur
1677 5238 1747 5293 de
1778 5237 1913 5302 Oza,
2016 5230 2227 5300 angelos
2276 5232 2445 5287 malos
2482 5231 2657 5306 (Psal.
2705 5253 2911 5303 cxxvu,
2950 5238 3063 5311 «59).
3117 5240 3175 5295 in
3202 5241 3340 5301 libro
3390 5227 3606 5323 quoque

330 5318 426 5389 qui
456 5333 640 5376 arcam
675 5322 887 5379 Domini
934 5332 1243 5383 sustentare
1291 5343 1642 5398 praesumens,
1694 5344 1916 5400 percus-
2014 5324 2388 5382 Ecclesiastici
2442 5327 2643 5400 legitur
2674 5328 2885 5400 (χχχιχ,
2916 5330 3049 5402 55):
3093 5330 3228 5390 Sunt
3261 5339 3477 5409 spiritus
3510 5318 3604 5417 qui

329 5419 427 5464 eus
462 5424 494 5463 a
525 5410 756 5469 Domino
784 5413 1003 5486 legitur,
1034 5424 1088 5472 et
1112 5417 1347 5474 occisus.
2014 5416 2085 5471 ad
2108 5417 2389 5472 vindictam
2417 5422 2578 5473 creati
2627 5430 2770 5483 sunt,
2800 5431 2848 5475 et
2892 5423 2949 5476 in
2978 5422 3160 5492 furore
3194 5443 3289 5483 suo
3317 5410 3601 5503 con/inna-

400 5499 467 5555 ν.
500 5499 611 5558 Sed
656 5504 1014 5576 quiajudicia
1072 5508 1291 5564 Domini
1343 5525 1558 5581 semper
1599 5507 1771 5580 justa,
1800 5510 1907 5567 fre-
2014 5520 2196 5566 verunt
2237 5520 2495 5567 tormenta
2519 5530 2638 5567 sua.
2680 5511 2830 5568 Unde
2855 5520 2911 5568 et
2939 5514 2992 5569 in
3023 5515 3162 5572 libro
3196 5519 3379 5579 Tobiae
3407 5499 3510 5597 (tu,
3542 5528 3600 5595 8)

275 5662 287 5673 κ
328 5598 563 5663 quenter
581 5596 794 5653 occulta
825 5606 971 5667 sunt,
1001 5599 1300 5657 occultiora
1328 5603 1503 5657 adhuc
1532 5604 1689 5659 nobis
1727 5605 1916 5662 viden-
2014 5606 2080 5660 de
2115 5603 2251 5659 Sara
2312 5605 2420 5660 tilia
2459 5606 2718 5673 itaguclis
2776 5606 2974 5676 legitur
3009 5611 3153 5680 quod
3182 5615 3381 5671 tradita
3420 5596 3600 5689 fuerat

331 5695 421 5741 tur
438 5687 497 5742 in
520 5696 694 5745 morte
720 5690 1176 5749 Bethsamitarum
1202 5711 1215 5746 :
1246 5693 1338 5748 ubi
1363 5696 1607 5764 exceptis
1628 5712 1732 5751 Lxx
1753 5697 1906 5763 viris,
2013 5706 2202 5766 septem
2227 5695 2368 5759 viris,
2393 5706 2440 5749 ct
2464 5696 2784 5751 da'moninm
2829 5702 3033 5757 nomine
3061 5702 3372 5763 Asmodams
3394 5687 3601 5765 occide-

327 5778 423 5849 qui
454 5779 686 5837 forsitan
735 5789 829 5839 aut
861 5781 1168 5841 sacriﬁcare
1204 5790 1299 5841 aut
1324 5797 1508 5842 arcam
1557 5785 1771 5843 Domini
1797 5804 1911 5842 ma-
2017 5796 2094 5842 rat
2120 5802 2227 5853 eos,
2267 5801 2390 5842 mox
2433 5794 2488 5839 ut
2521 5786 2739 5858 ingrcssi
2790 5787 3009 5861 fuissent
3039 5794 3112 5852 ad
3162 5815 3299 5855 «im.
3345 5799 3417 5856 De
3464 5815 3595 5877 rogo
