3962 6180
333 354 436 414 483

1289 349 1346 411 Β.
1385 350 1735 410 AGOBARDI
1772 349 2080 409 EPISCOPI
2118 350 2611 415 LUGDUNENSIS

3502 359 3605 418 184

328 457 509 507 autem
535 447 700 518 impio
717 444 900 504 Acbaz
926 447 981 500 in
1006 447 1144 503 libro
1162 443 1609 515 Paralipomenon
1633 444 1917 515 Scriptura
1943 444 1997 505 Α
2022 460 2148 498 num
2177 447 2395 502 extollat
2424 466 2524 515 me,
2554 450 2711 506 datus
2737 462 2812 506 est
2843 454 2971 508 mihi
2991 450 3238 508 stimulus
3254 449 3433 507 carnis
3452 468 3606 524 mete,

324 546 581 606 testatur,
614 540 837 596 dicens:
880 538 997 605 ipse
1036 556 1127 611 per
1169 556 1223 594 se
1258 556 1362 617 rex
1404 538 1584 593 Achaz
1628 536 1916 593 immolavit

328 630 432 688 diis
462 629 714 685 Damasci
760 630 998 685 victimas
1049 630 1442 701 percussoribus
1489 629 1625 696 suis,
1655 638 1704 682 et
1735 628 1912 682 dixit:

328 724 420 778 Dii
448 739 624 795 regum
658 720 829 793 Syria:
860 722 1192 779 auxiliantur
1231 724 1347 789 eis;
1378 740 1508 795 quos
1558 740 1652 795 ego
1697 720 1916 792 placabo

327 816 534 881 hostiis,
564 824 612 870 et
633 815 857 871 aderunt
880 817 1007 869 mihi
1031 833 1048 870 :
1072 831 1194 872 cum
1224 831 1256 870 e
1283 815 1559 871 contrario
1588 813 1691 885 ipsi
1719 814 1919 869 fuerint

328 906 484 959 ruina
521 904 659 974 ejus,
690 914 745 960 et
778 907 1032 961 universo
1086 906 1290 961 lsraeli.
1334 905 1433 972 Qui
1490 905 1599 960 sint
1634 912 1816 959 autem
1842 902 1917 957 dii

326 995 592 1064 gentium,
625 996 866 1052 ostendit
894 996 1203 1061 Psalmista,
1250 1011 1375 1051 cum
1410 994 1542 1049 dicit
1574 1012 1587 1047 :
1628 992 1821 1048 Omnes
1841 993 1918 1046 dii

326 1087 560 1155 gentium
589 1086 875 1143 dcemonia.
912 1084 1203 1155 Apostolus
1259 1100 1475 1154 quoque
1503 1085 1574 1139 ad
1602 1082 1918 1140 Corinthios

324 1177 380 1231 in
412 1178 652 1247 Epistula
683 1179 898 1246 prima:
940 1177 1073 1243 Quae
1124 1177 1419 1242 immolant,
1473 1177 1672 1247 inquit,
1718 1186 1914 1246 gentes,

326 1268 601 1324 dwmoniis
628 1268 925 1335 immolant,
947 1278 995 1324 et
1027 1286 1129 1325 non
1155 1269 1284 1324 Deo.

397 1358 487 1414 IX.
525 1358 677 1427 Quod
724 1367 905 1415 autem
957 1360 1120 1415 etiam
1168 1361 1319 1431 impii
1349 1368 1405 1416 et
1451 1359 1634 1415 ﬁdeles
1665 1358 1918 1431 malignis

326 1450 602 1506 interdum
634 1452 921 1506 tradantur
967 1451 1246 1522 spiritibus
1276 1454 1343 1508 ad
1368 1453 1796 1522 percutiendum,
1835 1452 1920 1508 hi-

329 1543 499 1601 storia
537 1543 680 1598 beati
709 1541 811 1598 Iob
852 1543 973 1599 luce
1003 1543 1202 1599 clarius
1231 1542 1583 1599 manifestat:
1618 1543 1711 1599 ubi
1736 1553 1793 1599 et
1817 1560 1916 1599 ex-

323 1636 527 1705 peditio
555 1635 772 1691 Satanae
795 1643 852 1691 et
878 1636 975 1691 Dei
998 1636 1284 1706 permissio
1318 1644 1510 1707 aperte
1562 1635 1913 1701 describitur,

326 1735 382 1780 et
410 1725 476 1780 ad
500 1733 827 1791 extremum,
877 1734 1004 1795 post
1031 1726 1226 1781 damna
1254 1742 1459 1793 rerum,
1486 1733 1610 1796 post
1637 1725 1828 1781 funera
1856 1726 1918 1780 li-

2020 534 2240 606 angelus
2271 536 2512 605 Satanae,
2543 541 2635 611 qui
2661 559 2742 597 me
2770 541 3078 614 colaphiset.

2089 628 2157 683 X.
2199 629 2460 687 Terrores
2503 633 2670 689 etiam
2720 635 3133 691 tribulationum
3181 653 3280 708 per
3326 638 3607 699 damon-es

2018 717 2138 774 ﬁeri
2162 720 2218 775 in
2248 721 2389 778 libro
2419 721 2711 795 Sapientiae
2737 726 2969 798 legimus
3015 745 3028 781 :
3061 728 3153 783 ubi
3183 745 3311 784 cum
3354 741 3609 788 narraret

2020 808 2300 881 Scriptura
2330 814 2396 869 de
2423 817 2869 898 percussionibus
2891 817 3132 889 Egypti,
3157 835 3293 889 quas
3312 836 3411 892 per
3436 823 3612 880 malos

2018 903 2241 974 angelos
2284 905 2557 962 immissas
2601 907 2892 964 Psalmista
2933 909 3305 978 demonstrat,
3350 913 3430 967 ait
3468 914 3611 970 inter

2018 995 2124 1050 alia
2150 1010 2165 1050 :
2199 996 2383 1069 Neque
2407 1000 2547 1054 enim
2576 1016 2694 1071 quae
2718 1000 3018 1056 continebat
3046 1000 3166 1056 illos
3195 1002 3464 1074 spelunca,
3498 1004 3613 1059 sine

2017 1086 2205 1140 timore
2232 1089 2556 1144 custodiebat
2581 1108 2600 1145 :
2633 1094 2887 1161 quoniam
2914 1093 3116 1146 sonitus
3143 1093 3462 1149 descendens
3492 1113 3611 1167 per-
3630 1140 3649 1166 ,

2018 1175 2261 1231 turbabat
2289 1176 2432 1245 illos,
2462 1188 2512 1234 et
2537 1198 2775 1251 persome
2798 1183 2970 1237 tristes
3001 1193 3334 1254 apparentes,
3362 1172 3641 1244 pavorem‘

2016 1264 2125 1321 illis
2165 1268 2487 1337 prwstabant
2541 1270 2696 1343 (Sap.
2730 1287 2880 1339 xvn,
2925 1272 3005 1345 4).
3039 1271 3193 1328 Unde
3239 1281 3293 1328 et
3337 1260 3643 1344 Propheta.

2017 1358 2407 1424 protectionem
2434 1358 2533 1414 Dei
2558 1360 2678 1417 viro
2697 1360 2849 1431 justo
2876 1361 3166 1431 promittit,
3193 1362 3376 1418 dicens
3404 1382 3417 1416 :
3444 1362 3611 1419 Scuto

2019 1449 2367 1503 circumdabit
2388 1459 2438 1504 te
2463 1452 2654 1506 veritas
2685 1453 2822 1523 ejus.
2867 1452 2993 1508 Non
3021 1454 3226 1509 timebis
3251 1472 3284 1509 a
3313 1456 3498 1510 timore
3517 1472 3615 1511 no-

1993 1546 2226 1606 .cturno,
2253 1558 2286 1594 a
2312 1541 2507 1612 sagitta
2544 1541 2753 1597 volante
2778 1559 2872 1614 per
2897 1542 3059 1610 diem,
3089 1561 3123 1599 a
3153 1545 3358 1615 negotio
3399 1562 3611 1615 peram-

2021 1628 2235 1684 bulante
2262 1631 2320 1685 in
2336 1630 2583 1696 tenebris,
2608 1631 2673 1686 ab
2695 1633 2910 1688 incursu
2938 1643 2986 1689 et
3010 1634 3271 1689 da’monio
3292 1636 3609 1692 meridiano.

2024 1717 2133 1774 Has
2166 1721 2350 1790 itaque
2378 1721 2726 1778 adversariae
2750 1730 3051 1795 potestates
3096 1739 3126 1779 a
3155 1723 3268 1780 Deo
3291 1734 3614 1795 exspectare

326 1818 548 1883 liorum,
582 1832 707 1872 cum
732 1832 795 1873 os
827 1817 971 1874 illius
998 1825 1053 1873 et
1076 1833 1295 1874 carnem
1330 1818 1427 1874 Dei
1455 1834 1620 1873 manu
1650 1816 1799 1889 tangi
1828 1834 1923 1873 ex-
1948 1805 1998 1866 B
2024 1821 2082 1868 et
2104 1812 2415 1869 desiderare
2438 1822 2768 1884 potestatem
2795 1813 3027 1872 feriendi
3056 1825 3113 1871 et
3135 1817 3367 1873 nocendi
3397 1826 3453 1872 et
3495 1817 3612 1874 Do-

325 1908 677 1979 postulasset,
706 1918 761 1964 et
794 1909 1057 1966 Dominus
1098 1910 1461 1981 permitteret,
1510 1909 1739 1965 dicens:
1784 1908 1923 1963 Ecce

323 2002 384 2056 in
409 2018 572 2057 manu
616 2010 708 2057 tua
735 2010 850 2058 est:
881 2011 1236 2058 verumtamen
1275 2003 1510 2057 animam
1565 2001 1711 2056 illius
1749 2016 1921 2067 serva,

331 2092 535 2149 dictum
568 2094 633 2149 de
658 2109 724 2149 eo
754 2101 841 2149 est
867 2113 880 2148 :
918 2093 1173 2165 Egressus
1203 2095 1368 2165 igitur
1397 2094 1568 2150 Satan
1594 2111 1626 2148 a
1651 2094 1789 2163 facie
1814 2093 1924 2147 Do—

326 2182 478 2249 mini,
538 2185 795 2255 percussit
839 2184 942 2239 Job
983 2183 1154 2239 ulcere
1191 2185 1415 2250 pessimo
1466 2202 1500 2239 a
1540 2183 1724 2254 planta
1774 2184 1922 2255 pedis

330 2290 499 2346 usque
527 2276 598 2329 ad
637 2278 885 2331 verticem.
924 2277 1041 2347 ejus
1072 2275 1195 2349 (Iob
1218 2292 1281 2343 ιι,
1313 2277 1389 2348 7).
1418 2276 1769 2333 lnlirmitates
1790 2292 1925 2347 quo-

332 2379 440 2434 que
458 2373 515 2420 et
537 2363 849 2436 languores,
873 2367 1069 2437 quibus
1095 2366 1171 2438 pii
1199 2366 1285 2423 vel
1309 2366 1458 2437 impii
1484 2366 1656 2422 multo
1683 2375 1924 2437 tempore

327 2456 666 2530 afﬂiguntur,
720 2475 818 2530 per
872 2460 1044 2516 malos
1100 2459 1321 2532 angelos
1382 2461 1622 2532 inrogari
1666 2459 1926 2516 Dominus

326 2549 571 2606 ostendit
606 2551 661 2606 in
688 2550 982 2622 Evangelio
1019 2569 1033 2606 :
1071 2551 1164 2621 qui
1195 2566 1318 2607 cum
1362 2553 1429 2607 de
1473 2551 1723 2618 muliere,
1756 2566 1921 2622 quam

325 2641 579 2712 spiritum
613 2639 950 2698 infirmitatis
984 2642 1279 2698 habentem
1334 2642 1451 2713 ipse
1477 2649 1783 2707 sanaverat,
1821 2641 1925 2697 Ar-

326 2733 695 2805 ehisynagogo
743 2733 1099 2789 calumnianti
1153 2734 1525 2803 responderet,
1575 2733 1775 2802 adjecit
1800 2740 1926 2803 post

327 2826 551 2896 aliqua:
587 2826 743 2882 Hanc
768 2837 945 2881 autem
973 2827 1141 2895 ﬁliam
1178 2826 1425 2889 Abrahce,
1472 2842 1631 2897 quam
1686 2825 1921 2898 alligavit

328 2917 566 2971 Satanas
611 2932 728 2970 ecce
759 2915 1051 2971 octodecim
1078 2914 1254 2980 annis,
1308 2931 1412 2968 non
1456 2915 1687 2985 oportuit
1733 2915 1864 2969 solvi
1889 2932 1923 2969 a

324 3006 658 3064 vinculoisto
700 3007 785 3062 die
818 3006 1024 3062 sabbati
1049 3007 1074 3061 ν
1098 3006 1236 3063 Hinc
1270 3014 1357 3061 est
1399 3005 1543 3077 quod
1591 3005 1779 3062 beatus
1824 3005 1924 3062 Pe-

325 3097 528 3153 trusin
580 3096 809 3153 Actibus
862 3096 1249 3170 apostolorum,
1306 3112 1430 3152 eum
1460 3097 1527 3152 de
1583 3098 1923 3155 mirabilibus

2027 1904 2210 1961 minus
2251 1906 2589 1962 demonstrat
2626 1907 2683 1962 in
2717 1908 3033 1980 Evangelia,
3075 1910 3169 1965 ubi
3216 1910 3295 1966 ait
3333 1910 3615 1981 discipulis

2025 1998 2143 2053 suis
2173 2039 2185 2052 .
2224 1997 2344 2054 Hac
2372 2009 2520 2055 nocte
2567 1999 2800 2056 Satanas
2838 2001 3083 2075 expetivit
3110 2018 3216 2067 vos,
3261 2011 3319 2056 ut
3356 2003 3614 2058 cribraret

2023 2089 2159 2143 sicut
2184 2090 2439 2145 triticum.
2469 2091 2541 2146 Et
2562 2089 2870 2157 Psalmista,
2902 2108 3028 2148 cum
3070 2094 3199 2149 dicit
3238 2112 3253 2147 :
3284 2093 3354 2150 In
3380 2095 3517 2166 ipsa,
3559 2095 3617 2152 id

2024 2187 2131 2244 est,
2156 2181 2211 2236 in
2240 2189 2422 2247 nocte,
2450 2182 2843 2253 pertransibunt
2873 2198 3051 2237 omnes
3087 2182 3264 2239 bestia:
3302 2183 3471 2251 silvae,
3519 2203 3614 2240 ca-

2025 2271 2125 2327 tuli
2165 2271 2374 2326 leonum
2418 2273 2702 2344 rugientes,
2732 2282 2789 2328 ut
2814 2273 3023 2344 rapiant
3064 2286 3111 2329 et
3138 2285 3378 2346 qua-rant
3424 2294 3457 2331 a
3503 2276 3639 2332 Deo.

2025 2380 2199 2419 escam
2226 2362 2359 2428 sibi;
2390 2371 2445 2418 et
2470 2363 2656 2419 multis
2690 2365 2812 2420 aliis
2836 2365 2973 2422 locis
2997 2366 3192 2423 divinis
3221 2367 3539 2438 Scripturze.

2094 2455 2187 2511 XI.
2228 2455 2463 2522 Etcum,
2492 2456 2633 2513 sicut
2654 2473 2817 2529 supra
2839 2458 3096 2525 diximus,
3129 2475 3235 2514 non
3265 2475 3480 2530 semper
3507 2442 3637 2516 nec.

2026 2550 2086 2609 in
2108 2550 2361 2606 omnibus
2386 2550 2631 2606 diabolus
2657 2551 2891 2623 accipiat
2913 2559 3263 2624 potestatem,
3294 2567 3509 2624 semper
3533 2561 3616 2607 ta-

2024 2657 2149 2697 men
2178 2641 2344 2697 habet
2368 2642 2423 2697 in
2450 2642 2705 2700 omnibus
2728 2651 2783 2699 et
2807 2659 2907 2715 per
2929 2646 3113 2700 omnia
3137 2645 3500 2701 omnimodam
3518 2662 3616 2702 no-

2026 2732 2182 2788 cendi
2209 2733 2565 2800 voluntatem,
2593 2735 2831 2791 maxime
2860 2737 2915 2789 in
2946 2735 3066 2791 illos
3104 2736 3278 2791 inhiat
3305 2738 3521 2807 quibus,
3553 2746 3617 2792 ut

2025 2826 2233 2882 dictum
2258 2835 2363 2893 est,
2392 2828 2691 2898 praevalere
2722 2844 2780 2885 se
2830 2845 2988 2901 posse
3018 2830 3181 2895 videt,
3220 2846 3288 2887 eo
3331 2832 3476 2902 quod
3505 2832 3617 2887 sint

2026 2919 2234 2990 exiguae
2263 2917 2391 2974 fidei
2424 2929 2480 2975 et
2516 2921 2675 2975 vacui
2719 2922 2958 2991 pondere
2993 2922 3243 2978 rationis.
3275 2923 3344 2978 Et
3379 2923 3504 2977 inde
3528 2928 3615 2977 est

2025 3012 2170 3083 quod
2219 3027 2443 3083 pueros,
2480 3028 2543 3068 ac
2574 3012 2798 3083 puellas,
2848 3022 2906 3070 et
2940 3015 3163 3071 hebetes
3190 3030 3434 3086 quosque
3479 3015 3614 3086 deji-

2027 3117 2154 3159 cere
2197 3102 2435 3164 videtur.
2481 3111 2538 3159 et
2576 3104 2807 3160 maculis
2857 3104 3157 3161 exustionis
3208 3114 3423 3160 notare.
3460 3105 3618 3173 Quod

326 3185 549 3245 Domini
572 3163 916 3259 loqueretur,
939 3190 1017 3244 ait
1040 3189 1107 3245 de
1132 3203 1199 3244 eo
1229 3206 1243 3242 :
1274 3188 1380 3255 Qui
1406 3189 1740 3260 pertransivit
1769 3190 1921 3244 bene-
1949 3163 1993 3225 Ο
2023 3196 2212 3265 utique
2237 3195 2687 3267 tidelisquisque,
2720 3204 2775 3253 et
2804 3198 3017 3252 ratione
3061 3198 3347 3269 praeditus,
3378 3163 3505 3253 cuni
3535 3198 3618 3254 vi-

328 3282 571 3350 faciendo
613 3291 663 3336 et
691 3282 930 3336 sanando
962 3298 1139 3337 omnes
1165 3298 1436 3353 oppressos
1465 3299 1499 3337 a
1534 3280 1766 3347 diabolo,
1790 3300 1921 3354 quo-

327 3375 474 3429 niam
504 3373 648 3429 Deus
682 3382 796 3428 erat
844 3387 964 3427 cum
1015 3371 1128 3428 illo.
1166 3371 1364 3429 Paulus
1393 3388 1609 3444 quoque
1647 3375 1922 3444 apostolus

324 3468 596 3528 Philetqu
622 3481 677 3530 et
700 3472 1094 3543 Hermogenem
1121 3474 1255 3528 dicit
1281 3489 1340 3529 se
1365 3474 1655 3530 tradidisse
1682 3474 1918 3542 Satanae,

325 3574 389 3621 ut
415 3567 690 3623 discerent
710 3580 816 3621 non
844 3566 1245 3636 blasphemare.
1269 3566 1346 3620 De
1369 3581 1434 3622 eo
1458 3575 1639 3621 autem
1665 3568 1758 3638 qui
1781 3584 1919 3624 uxo-

327 3673 447 3713 rem
479 3658 652 3729 patris
673 3657 756 3713 sui
778 3657 1033 3722 habebat,
1062 3656 1358 3713 Corinthiis
1393 3657 1467 3712 ita
1496 3657 1733 3728 loquitur
1757 3675 1770 3712 :
1801 3658 1915 3729 Ego

327 3749 541 3819 quidem
557 3748 742 3804 absens
769 3764 1009 3818 corpore,
1052 3763 1283 3819 praesens
1333 3756 1505 3803 autem
1558 3749 1768 3820 spiritu,
1796 3748 1916 3819 jam

317 3837 562 3908 judicavi
596 3846 653 3892 ut
677 3853 907 3908 prwsens
944 3853 1063 3891 eum
1088 3836 1177 3907 qui
1212 3836 1289 3891 sic
1328 3846 1574 3907 operatus
1619 3838 1795 3905 est,in
1824 3854 1918 3893 no-

324 3934 466 3989 mine
490 3932 704 3988 Domini
726 3932 892 3988 nostri
913 3932 1043 3989 Iesu
1082 3930 1300 3998 Christi,
1332 3933 1664 4003 congregatis
1693 3933 1838 3988 vobis
1866 3943 1915 3987 et

326 4038 441 4077 meo
474 4022 687 4093 spiritu,
731 4038 850 4076 cum
900 4021 1089 4076 virtute
1135 4019 1353 4075 Domini
1382 4018 1537 4087 Iesu,
1574 4023 1784 4078 tradere
1811 4024 1914 4078 Itu-

319 4113 562 4184 jusmodi
597 4123 801 4168 satana:
828 4113 887 4166 in
925 4113 1195 4167 interitum
1242 4113 1442 4180 carnis,
1481 4123 1538 4167 ut
1563 4115 1781 4186 spiritus
1808 4117 1917 4171 sal-

326 4218 422 4258 vus
450 4205 518 4257 sit
545 4204 600 4256 in
625 4203 712 4257 die
743 4201 957 4256 Domini
984 4202 1136 4256 Iesu.
1166 4201 1303 4256 Hinc
1337 4203 1403 4257 de
1429 4204 1609 4273 seipso
1634 4206 1779 4274 quod
1800 4204 1913 4276 jam

328 4293 879 4350 commemoravimus
915 4292 1029 4346 ait:
1063 4290 1131 4346 Et
1178 4308 1242 4346 ne
1285 4294 1594 4363 magnitudo
1641 4295 1918 4350 revelatio-

2026 3285 2136 3352 det,
2168 3293 2263 3340 aut
2288 3287 2461 3353 audit,
2492 3302 2589 3343 cor
2617 3289 2684 3342 ad
2715 3287 2882 3343 solius
2911 3287 3011 3343 Dei
3041 3288 3293 3343 timorem
3321 3288 3493 3355 levat,
3517 3289 3615 3359 qui

2025 3395 2133 3436 non
2158 3381 2425 3450 permittit
2448 3396 2546 3436 nos
2574 3381 2771 3436 tentari
2798 3397 2961 3452 supra
2990 3380 3045 3436 id
3071 3381 3215 3453 quod
3245 3381 3389 3437 ferre
3421 3398 3618 3453 possu-

2024 3485 2164 3525 mus.
2210 3470 2365 3526 Sicut
2401 3470 2709 3527 faciendum
2756 3481 2843 3527 est
2891 3473 3080 3538 etiam,
3133 3488 3260 3528 cum
3314 3474 3615 3529 bestiarum

2023 3560 2279 3616 dentibus
2304 3569 2398 3615 aut
2423 3561 2784 3633 undecunque
2810 3563 2895 3618 vel
2916 3564 3227 3634 ubicunque
3256 3562 3616 3637 ﬂagellamur,

2024 3650 2111 3707 vel
2140 3651 2275 3707 alios
2304 3650 2564 3723 ﬂagellari
2594 3653 2976 3722 conspicimus.

2096 3741 2209 3797 ΧΠ.
2238 3740 2394 3808 Quod
2415 3758 2547 3797 vero
2572 3741 2650 3797 illi
2680 3743 2746 3798 de
2782 3743 2980 3813 quibus
3012 3744 3170 3800 nobis
3196 3744 3528 3812 innotuistis,
3544 3746 3621 3803 ad

2023 3832 2243 3888 easdem
2292 3831 2556 3887 ecclesias
2601 3832 2657 3886 in
2706 3833 2904 3901 quibus
2950 3834 3335 3903 percutiuntur
3384 3851 3620 3892 concur-

2023 3934 2168 3991 runt,
2217 3932 2274 3979 et
2314 3923 2579 3994 quidquid
2608 3931 2850 3993 possunt,
2901 3914 3137 3990 donant;
3192 3940 3292 3980 nos
3338 3926 3619 3984 credimus

2023 4018 2245 4074 omnino
2276 4017 2421 4087 quod
2444 4016 2745 4072 terroribus
2772 4016 2983 4087 decepti
3013 4017 3117 4072 hoc
3148 4016 3373 4080 faciant,
3396 4015 3617 4087 perdito

2023 4110 2250 4166 consilio
2279 4108 2523 4164 meliore.
2552 4119 2578 4147 α
2602 4106 2792 4162 Melius
2819 4108 2964 4163 enim
2993 4106 3261 4174 facerent,
3293 4109 3337 4162 si
3364 4122 3460 4162 sua
3480 4120 3619 4175 pau-

2023 4204 2244 4273 peribus
2277 4209 2334 4257 et
2363 4201 2390 4240 b
2422 4200 2727 4272 hospitibus
2751 4208 3061 4271 erogarent,
3090 4209 3147 4256 et
3172 4201 3239 4256 ad
3262 4201 3619 4272 presbyteros

2024 4296 2279 4352 Ecclesiae
2306 4304 2611 4360 currerent,
2642 4304 2662 4332 ο
2703 4295 2938 4364 ungendi
2979 4294 3118 4360 oleo,
3148 4296 3445 4351 secundum
3470 4309 3621 4364 prte-

1685 4385 1962 4445 BALUZIl
1995 4387 2228 4445 NOTAE.

402 4491 427 4519 α
466 4475 655 4550 Melius
693 4481 832 4532 enim
870 4478 1120 4550 facerent.
1153 4476 1377 4533 Videtur
1403 4478 1661 4550 damnare
1695 4495 1789 4534 eos
1820 4482 1912 4550 qui

327 4548 577 4620 donariis
594 4548 1187 4620 illustrantgmemorias
1213 4557 1534 4620 martyrum,
1559 4549 1684 4603 dum
1720 4551 1797 4605 ait
1822 4548 1915 4607 eos

324 4620 525 4677 melius
554 4618 810 4683 facturos,
841 4618 885 4672 si
913 4634 1009 4673 sua
1034 4618 1367 4689 pauperibus
1387 4627 1441 4672 et
1469 4618 1772 4689 hospitibus
1797 4637 1917 4677 ero-

323 4689 629 4772 garent.
652 4690 801 4772 enim.
823 4697 950 4745 sunt
981 4689 1107 4771 viva
1128 4688 1332 4772 Christi
1373 4688 1591 4757 templa.
1624 4689 1917 4772 Nequenta.

326 4759 449 4818 inea
487 4760 724 4817 arbitror
750 4761 877 4816 hinc
906 4760 1201 4828 sumpsisse
1230 4759 1535 4824 Erasmum,
1564 4774 1685 4814 cum
1715 4759 1769 4814 in
1798 4761 1918 4816 Col-

322 4832 506 4903 loquio
529 4829 596 4903 _de
624 4830 1058 4903 peregrinatione
1069 4829 1357 4903 religionis
1382 4844 1509 4903 ergo
1538 4828 1917 4903 aitquamplu-

322 4899 493 4959 rimos
527 4899 1002 4970 invisere’quidem
1029 4899 1273 4953 divorum
1303 4899 1519 4968 templa,
1549 4900 1642 4954 sed
1670 4899 1916 4957 nihil—aut

325 4988 490 5042 quam
542 4971 824 5026 minimum
865 4970 1097 5033 donare,
1148 4970 1449 5042 dictitantes
1486 4987 1601 5042 eam
1639 4973 1914 5041 pecuniam

323 5040 517 5098 rectius
559 5041 806 5097 collocari
842 5042 899 5095 in
936 5054 1142 5110 egenos.
1185 5040 1327 5095 Sane
1367 5040 1791 5097 subveniendum
1833 5053 1918 5098 est

321 5114 635 5171 necessitati
664 5127 989 5183 pauperum,
1032 5112 1154 5181 quis
1196 5112 1389 5183 negat?
1423 5110 1527 5165 Sed
1566 5120 1751 5183 tamen
1783 5113 1915 5167 inte-

324 5185 429 5255 rim
461 5182 777 5255 negligenda
821 5196 926 5255 non
966 5190 1049 5255 est
1082 5182 1275 5255 domus
1306 5182 1396 5236 Dei
1418 5198 1453 5255 ;ﬂ
1476 5183 1552 5255 uti
1582 5182 1818 5255 diximus
1846 5184 1912 5239 ad

320 5252 521 5311 librum
537 5252 862 5309 Vt'Sulviani
898 5254 963 5308 de
1011 5252 1414 5307 Gubernat'one
1442 5253 1557 5307 Dei.
1592 5253 1722 5305 Vide
1752 5269 1913 5311 porro

320 5324 637 5380 Antidotum
674 5324 880 5379 Erasmi
923 5325 976 5379 in
1011 5322 1357 5394 Epitaphium
1402 5320 1582 5377 Paulae
1617 5320 1912 5394 abiliero-

324 5409 486 5464 nymo
521 5394 923 5464 conscriptum,
956 5402 1011 5448 et
1048 5392 1348 5449 Launoium
1389 5394 1440 5446 in
1473 5408 1590 5461 cap.
1626 5393 1658 5445 6
1696 5392 1817 5445 libri
1848 5394 1913 5448 de

321 5461 465 5535 Cura
480 5461 752 5535 Ecclesiai
771 5482 869 5535 pro
894 5465 1106 5519 miseris
1129 5473 1183 5520 et
1207 5464 1552 5534 pauperibus.

396 5534 424 5573 ι’
466 5533 789 5604 Ποερὶιὶιιιιςζ
830 5534 1180 5604 llospitalitas
1213 5533 1411 5602 magno
1441 5540 1551 5604 tum
1588 5533 1641 5585 in
1668 5548 1766 5604 usu
1794 5541 1914 5587 erat

322 5604 465 5674 apud
490 5603 808 5659 Ecclesium.
837 5603 954 5659 Lib.
982 5621 997 5658 ι
1040 5604 1357 5674 Capitular..
1383 5618 1501 5671 cap.
1534 5603 1600 5657 75
1632 5621 1654 5674 τί
1675 5622 1692 5652 ι
1725 5603 1913 5674 Etboc

321 5673 478 5733 nabis
510 5680 823 5742 competens
860 5683 915 5729 et
949 5673 1255 5731 venerabile
1295 5674 1528 5737 videtur,
1557 5682 1617 5727 ut
1645 5673 1907 5744 hospites,

320 5746 592 5817 peregrini
629 5750 975 5817 etpauperes
1020 5745 1693 5817 susceptioneSIegulares
1730 5750 1779 5817 et
1814 5760 1904 5817 ca—

322 5808 546 5873 nonica:
571 5830 667 5887 per
691 5808 801 5869 loe‘a
820 5808 1030 5871 libersa
1058 5808 1307 5870 habeant.
1345 5835 1364 5869 ι
1394 5808 1526 5871 Υίιῖρ
1548 5815 1778 5886 capitula
1806 5814 1905 5869 Ca-

1940 4485 1993 4548 D
2020 4482 2122 4555 [ali
2150 4481 2299 4555 Calvi
2333 4478 2414 4534 tit.
2442 4480 2494 4546 6,
2525 4496 2643 4555 cap.
2681 4478 2770 4555 ἀρ)
2802 4480 3114 4555 et_tit.___f23,_
3129 4497 3259 4555 _cap._
3284 4481 3370 4535 10.
3399 4464 3629 4555 Ιλιιριιηιν

2019 4550 2423 4606 Ferrariensem
2456 4566 2543 4621 ep.
2575 4549 2632 4604 Η
2657 4592 2672 4616 ,
2703 4550 2801 4615 42,
2829 4551 2900 4605 45
2920 4594 2934 4616 ,
2961 4551 3057 4617 55,
3083 4552 3145 4606 71
3175 4549 3211 4617 ;”
3229 4549 3421 4607 Ionam
3445 4549 3621 4607 A'ure-

2017 4622 2316 4692 lianensemr
2341 4622 2393 4674 in
2421 4621 2514 4676 lib.
2544 4637 2583 4675 ιι
2624 4622 2691 4677 de
2720 4620 3063 4677 institutione
3100 4621 3336 4687 Laicali,
3371 4637 3492 4692 cap.
3514 4622 3613 4689 29,

2016 4692 2253 4775 et‘alios.
2282 4691 2675 4775 liospitalitatis
2715 4708 2880 4775 porri)
2910 4693 3215 4775 epneqmi'um
3247 4691 3469 4775 enarrat
3496 4693 3619 4748 [lil-

2015 4763 2272 4834 debertus
2300 4764 2352 4817 in
2381 4762 2625 4834 pluribus
2652 4762 2915 4834 epistolis.
2946 4763 3081 4819 Vide
3108 4762 3411 4818 Launoium
3438 4762 3492 4817 in
3523 4779 3616 4819 ca-

2016 4835 2128 4904 pite
2148 4834 2185 4904 8
2212 4833 2336 4888 libri
2368 4833 2490 4887 mox
2514 4833 2735 4889 laudati.

2089 4916 2111 4944 ο
2142 4903 2379 4975 Ungendi
2398 4904 2530 4968 oleo,
2555 4919 2620 4959 eo
2640 4904 2895 4960 nimirum
2917 4919 3026 4975 quo
3049 4904 3313 4959 ardebant
3331 4903 3617 4973 lampades

2016 4976 2082 5030 ad
2110 4977 2355 5044 sepulcra
2377 4982 2672 5044 martyrum
2697 4990 2963 5044 appetisse.
2993 4975 3129 5029 Nam
3152 4976 3319 5029 multa
3344 4975 3614 5031 miracula

2013 5061 2113 5117 per
2141 5044 2445 5113 hujusmodi
2479 5044 2667 5117 oleum;
2685 5046 2798 5100 ﬁeri
2828 5047 3171 5117 consuevisse
3192 5061 3259 5100 ex
3279 5045 3610 5117 Augustino,

2018 5114 2354 5171 Theodoreto
2386 5123 2440 5170 et
2462 5115 2582 5170 aliis
2606 5115 2826 5169 adnotat
2858 5116 3123 5171 Baronius
3144 5117 3209 5169 ad
3230 5130 3432 5169 annum
3453 5114 3617 5169 Chri-

2015 5189 2084 5241 sti
2125 5184 2213 5242 55.
2253 5185 2488 5256 Ali‘eram
2527 5195 2736 5240 tantum
2776 5186 2951 5240 locum
2985 5185 3269 5256 Augustini
3315 5202 3379 5239 ex
3421 5199 3539 5253 cap.
3570 5185 3613 5241 8

2015 5257 2135 5311 libri
2170 5274 2288 5313 χχιι
2325 5257 2393 5311 de
2425 5254 2660 5312 Civitate
2695 5255 2788 5311 Dei
2821 5274 2834 5310 :
2872 5275 2893 5308 ‹
2936 5254 3173 5324 Rursum
3219 5256 3419 5311 ibidem
3463 5256 3615 5324 apud

2015 5343 2114 5384 nos
2161 5326 2349 5383 irentei
2394 5325 2675 5396 cujusdam
2723 5327 3018 5383 collectarii
3060 5322 3236 5391 ﬁlius,
3286 5322 3615 5396 aegritudine

2014 5399 2313 5453 exstinctus
2344 5408 2443 5453 est.
2475 5396 2717 5468 Cumque
2752 5413 2947 5468 corpus
2970 5397 3177 5468 jacerct
3212 5396 3488 5458 exanime,
3531 5403 3615 5449 at—

2013 5485 2117 5537 que
2145 5469 2264 5523 aliis
2298 5467 2644 5541 gementibus
2665 5477 2719 5522 et
2745 5467 3124 5541 plangentibus
3149 5468 3419 5541 exsequiae
3446 5480 3617 5535 para-

2014 5546 2217 5604 rentur,
2253 5537 2551 5594 amicorum
2582 5537 2700 5607 ejus
2726 5537 2946 5610 quidam
2980 5539 3124 5593 inter
3148 5539 3391 5610 aliorum
3413 5550 3615 5610 conso-

2013 5609 2236 5665 lantium
2283 5610 2446 5664 verba
2495 5606 2761 5680 suggessit
2804 5619 2865 5666 ut
2900 5608 3137 5678 ejusdem
3169 5608 3426 5679 martyris
3454 5606 3613 5678 (Ste-

2011 5680 2198 5753 phani)
2230 5680 2347 5737 oleo
2376 5696 2571 5750 corpus
2595 5687 3004 5753 perungeretur.
3044 5680 3270 5736 Factum
3298 5685 3403 5744 est,
3436 5686 3491 5733 et
3519 5691 3619 5735 re-

2012 5751 2162 5806 vixit.
2198 5772 2214 5803 ι
