3962 6180
348 224 457 285 185

1498 225 1831 285 EPISTOLA
1868 225 1962 281 AD
1998 222 2456 284 MATFREDBM.

3510 236 3612 292 186

346 348 571 412 ceptum
598 334 973 408 evangelicum
1001 343 1057 394 et
1090 339 1465 411 apostolicum.
1497 340 1857 415 cumjejuuiis
1883 352 1939 399 et
1963 346 2017 408 Α
2042 341 2309 398 dicentem
2341 362 2354 397 :
2396 341 2653 413 Nunquid
2694 343 2913 413 o/feram
2956 340 3060 398 Deo
3111 343 3532 400 holocaulomata
3564 356 3615 401 et

350 429 717 497 orationibus;
756 427 957 501 quibus
994 430 1192 487 sociari
1225 432 1389 489 debet
1410 433 1768 505 eleemosyna.
1797 434 1935 491 Nam

354 526 400 582 si
438 531 624 579 essent
650 522 807 593 signa
853 521 1179 586 sanitatum,
1209 538 1330 594 quae
1377 524 1487 580 Deo
1532 524 1798 596 largiente
1837 542 1937 598 per

350 615 552 671 merita
597 621 917 669 sanctorum
964 627 1222 668 concessa
1274 614 1604 681 viderentur,
1640 633 1937 675 concursus

349 706 423 763 ad
454 706 645 761 eadem
675 703 796 758 loca
822 718 1161 773 consequens
1190 712 1368 770 esset;
1395 713 1449 760 et
1478 706 1524 761 si
1548 707 1751 777 aliquid
1787 708 1939 763 obla-

358 799 567 854 tionum
594 797 668 851 ibi
695 796 926 850 daretur
955 811 1107 851 more
1133 796 1527 864 ecclesiastico,
1558 807 1616 854 et
1638 800 1938 855 secundum

356 888 768 959 dispositionem
792 886 1038 950 Patrum,
1071 895 1216 941 esset
1242 888 1426 957 utique
1455 887 1794 944 fructuosum
1823 893 1939 960 ipso

356 994 463 1036 usu
490 978 904 1034 misericordiae.
941 976 1095 1033 Nunc
1122 986 1307 1035 autem
1343 981 1470 1050 quia
1499 982 1779 1052 cupiditati
1806 997 1940 1053 quo-

355 1072 604 1127 rumdam
631 1077 688 1125 et
713 1068 958 1124 avaritiae
990 1067 1340 1137 famulantur,
1386 1086 1493 1125 non
1544 1072 1737 1126 exinde
1765 1071 1937 1126 hono-

353 1171 516 1217 ratur
551 1161 714 1228 Deus,
755 1173 782 1202 ι
833 1174 936 1215 nec
986 1159 1316 1229 pauperibus
1372 1162 1728 1216 succurritur.
1790 1160 1942 1217 lianc

349 1253 506 1308 enim
561 1267 677 1307 rem
719 1251 765 1306 si
811 1250 1108 1306 secundum
1156 1250 1488 1305 voluntatem
1542 1249 1639 1305 Dei
1695 1258 1938 1322 agerent,

343 1342 509 1412 juxta
540 1341 680 1411 quod
708 1356 802 1410 per
827 1354 1018 1396 omnes
1044 1347 1261 1396 sanctas
1291 1339 1602 1409 Scripturas
1631 1355 1750 1395 eam
1798 1340 1941 1397 Deus

350 1435 677 1490 hominibus
703 1434 862 1491 voluit
889 1434 1153 1500 indicari;
1202 1433 1405 1489 scirent
1435 1434 1621 1503 utique
1647 1448 1810 1502 quam
1850 1449 1941 1488 su-

350 1529 605 1585 blimiter
628 1537 681 1584 et
705 1527 1101 1583 admirabiliter
1120 1525 1282 1599 hujus
1302 1526 1381 1581 rei
1411 1526 1659 1582 semitam
1681 1525 1940 1582 Dominus

350 1619 732 1676 demonstrare
761 1618 1015 1690 dignatus
1043 1618 1113 1672 sit
1148 1633 1249 1688 per
1292 1617 1572 1673 Michaeam
1617 1616 1935 1689 prophetam

2035 434 2225 488 vitulos
2247 433 2560 489 anniculos?
2588 434 2841 507 Nunquid
2867 434 3069 505 placari
3091 443 3255 506 potest
3279 434 3534 490 Dominus
3557 436 3613 490 in

2037 522 2269 578 millibus
2314 528 2559 591 arietum,
2604 533 2695 579 aut
2741 525 2795 579 in
2846 523 3023 580 multis
3070 524 3298 579 millibus
3344 525 3610 580 hircorum

2035 620 2344 691 pinguium?
2394 619 2650 694 Nunquid
2696 622 2830 677 dabo
2876 624 3274 694 primogenitum
3306 640 3479 679 meum
3518 641 3616 695 pro

2037 713 2227 769 scelere
2271 731 2406 781 meo,
2436 715 2666 785 fructum
2711 716 2904 770 ventris
2933 716 3034 769 mei
3066 733 3161 787 pro
3186 724 3394 786 peccato
3422 718 3612 771 animi:

2038 806 2209 858 mete?
2245 806 2464 861 Etcum
2514 807 2570 860 in
2601 806 2687 862 his
2711 805 2962 860 omnibus
2989 815 3231 877 negetur,
3281 807 3616 860 subinl'crtur

2039 893 2183 948 illico
2210 895 2264 948 in
2291 896 2488 964 quibus
2515 896 2776 951 Dominus
2817 896 3021 967 placari
3049 898 3235 966 possit,
3271 912 3395 951 cum
3439 898 3571 952 dicit
3597 915 3613 951 :

2038 983 2290 1038 Indicabo
2318 985 2432 1051 tibi,
2465 1001 2494 1039 ο
2523 986 2698 1050 homo,
2725 985 2851 1056 quid
2878 986 3182 1050 sit‘bonum,
3208 994 3257 1039 et
3279 986 3404 1055 quid
3432 985 3612 1039 Domi-

2041 1090 2137 1128 nus
2162 1083 2363 1146 quzcrat
2400 1092 2432 1128 a
2472 1084 2541 1130 te.
2575 1064 2761 1145 Utique
2786 1074 2958 1144 facere
2985 1076 3271 1146 judicium,
3304 1085 3351 1129 et
3397 1074 3615 1145 diligere

2039 1164 2471 1231 misericordiam,
2503 1174 2550 1219 et
2592 1164 2873 1220 sollicitum
2906 1165 3175 1220 ambulare
3198 1182 3315 1219 cum
3360 1166 3467 1221 Deo
3498 1177 3613 1221 tuo.

2042 1252 2195 1308 Sicut
2236 1254 2382 1309 enim
2432 1255 2856 1325 reprehensibile
2899 1264 2985 1310 est
3020 1270 3133 1311 rem
3179 1271 3476 1327 pauperum
3505 1271 3614 1312 non

2038 1346 2365 1415 pauperibus
2391 1346 2746 1412 distribuere;
2778 1347 2857 1402 sic
2885 1345 3303 1414 infructuosum,
3330 1347 3377 1402 si
3403 1362 3463 1402 ea
3491 1363 3617 1417 quae

2040 1437 2300 1493 deberent
2333 1437 2591 1494 Eeclesire
2627 1439 2863 1494 debitam
2902 1439 3259 1494 reverentiam
3313 1438 3619 1493 exhibenti-

2037 1526 2160 1593 bus,
2210 1528 2444 1599 erogari,
2494 1528 2805 1599 cupiditatis
2854 1536 2988 1584 testu
3048 1528 3459 1592 anhelantibus,
3515 1526 3611 1583 vel

2038 1633 2201 1674 avare
2238 1620 2501 1676 servanda
2535 1620 2621 1676 vel
2654 1621 2921 1677 abutenda
2950 1620 3173 1691 prodige
3200 1617 3565 1676 conferantur.

1712 1721 1983 1780 BALUZII
2020 1724 2249 1782 NOTAE.

429 1828 455 1857 ι
472 1813 608 1894 ’Νες
648 1815 965 1894 pauperibus
1009 1818 1352 1894 succurritur.
1379 1813 1760 1894 _Existimabat
1806 1830 1937 1885 ergo
1965 1822 2012 1880 B
2038 1821 2821 1894 conservandisnonulaborent
2846 1829 3101 1892 tanquam
3124 1837 3225 1894 pro
3245 1822 3355 1878 aris
3369 1831 3424 1878 et
3448 1822 3618 1878 focis?

349 1886 670 1958 Agobardus
690 1885 994 1940 oblationes
1020 1901 1139 1956 quae
1166 1885 1302 1938 ﬁunt
1329 1884 1395 1939 ad
1417 1884 1705 1958 memorias
1730 1884 1935 1958 martyf

353 1954 476 2037 ru'm
499 1971 632 2037 _rem
678 1971 799 2011 esse
839 1954 1166 2037 pauperum,
1200 1969 1388 2037 neque
1429 1954 1673 2037 inventas
1714 1968 1837 2037 esse
1868 1954 1937 2037 ad

353 2026 604 2081 alendam
630 2024 1041 2095 praepositorum
1066 2026 1374 2089 avaritiam,
1404 2032 1499 2078 aut
1523 2024 1727 2089 luxum,
1748 2026 1841 2095 vel
1868 2025 1937 2081 ad

352 2099 522 2151 vitam
547 2094 885 2151 commodius
914 2097 1294 2151 transeundum
1328 2110 1342 2148 :
1375 2095 1557 2164 itaque
1589 2107 1682 2149 eas
1712 2094 1938 2150 oblatio-

353 2182 455 2221 nes
483 2182 603 2222 esse
628 2167 1019 2221 convertendus
1037 2167 1089 2219 in
1117 2166 1365 2220 solatium
1390 2180 1710 2235 pauperum,
1736 2166 1936 2235 alioqui

351 2237 499 2291 enim
537 2237 831 2306 pessimum
869 2252 990 2291 esse
1025 2251 1211 2290 earnm
1240 2252 1415 2290 usum.
1447 2235 1517 2288 At
1546 2235 1705 2290 hodie
1741 2245 1939 2305 quotus

350 2308 587 2375 quisque
634 2307 851 2360 tandem
892 2317 977 2361 est
1014 2321 1200 2361 eorum
1235 2307 1326 2374 qui
1364 2307 1432 2359 ad
1471 2320 1595 2359 aras
1631 2314 1943 2360 sanctorum

353 2377 580 2446 sedent.
610 2377 696 2430 cui
724 2391 1043 2446 persuasum
1077 2393 1182 2431 non
1220 2376 1292 2430 sit
1318 2376 1453 2430 nihil
1483 2391 1549 2430 ex
1581 2376 1943 2430 oblationibus

352 2444 606 2501 decidere
635 2444 827 2502 debere
855 2446 1203 2516 pauperibus,
1228 2446 1427 2516 quique
1448 2462 1547 2515 pro
1574 2446 1813 2501 donariis
1837 2445 1941 2500 illis

2037 1887 2280 1963 Denique
2303 1890 2534 1960 plurima
2561 1892 2676 1948 loca
2703 1901 2847 1958 sunt,
2876 1887 3072 1963 inclyta
3099 1887 3247 1949 certe
3272 1910 3370 1963 per
3404 1894 3614 1963 indige-

2037 1974 2135 2034 nas
2153 1960 2508 2034 advenasque
2531 2002 2544 2026 ,
2576 1963 2772 2034 quibus
2802 1980 2905 2018 non
2937 1960 3075 2019 alius
3107 1960 3312 2034 certior
3349 1973 3441 2017 aut
3468 1960 3618 2019 lucu-

2036 2027 2234 2103 lentiur
2262 2027 2458 2103 fundus
2484 2027 2780 2102 estfquam
2808 2034 2900 2103 qui
2938 2050 3006 2090 ex
3035 2033 3392 2088 oblationibus
3421 2048 3614 2102 prove-

2037 2100 2136 2153 nit.
2170 2100 2236 2155 Et
2260 2100 2419 2174 laudo
2455 2100 2679 2157 istorum
2704 2100 2977 2174 pietatem.
3006 2104 3111 2158 Sed
3141 2104 3291 2159 valde
3318 2100 3610 2174 optandum

2038 2179 2266 2244 essetin
2293 2171 2527 2244 aliquam
2554 2189 2682 2244 erga
2706 2171 2968 2243 pauperes
2999 2174 3315 2230 charitatem
3351 2171 3616 2244 haberent

2039 2239 2076 2294 ii
2107 2242 2302 2311 quibus
2336 2239 2751 2313 colllgendarnm
2791 2239 3120 2300 oblationum
3156 2259 3285 2300 cura
3321 2242 3617 2299 committi-

2040 2317 2162 2435 tur,t
2181 2326 2281 2365 nec
2298 2327 2400 2436 teas
2427 2320 2635 2369 tantum
2659 2315 2726 2370 ad
2750 2317 2990 2371 ornanda
3019 2315 3211 2386 templa
3244 2323 3454 2369 mortua
3487 2328 3617 2368 con-

2041 2395 2139 2436 ver
2164 2395 2293 2436 eren
2325 2421 2337 2435 .

2041 2395 2337 2436 verterent.

350 2552 2763 2579 mm

991 2656 1124 2731 AD
1178 2655 1823 2733 MATFBEDUM
1898 2655 2433 2735 PROCEBEM
2508 2659 2925 2738 PALATII
2963 2716 2983 2753 ,

1418 2808 1953 2866 DEPLORATORIA
1987 2809 2078 2864 DE
2113 2807 2533 2866 INJUSTITUS.

1798 2926 2197 2940 —

430 2983 681 3041 Virorum
698 2981 1145 3056 prtestantissimo
1164 2991 1327 3053 atque
1358 2981 1724 3037 illustrissimo
1748 2995 1772 3023 ι
1797 2982 1931 3037 Mat-
1956 2989 2001 3052 ς,
2032 2985 2133 3040 bus
2157 2983 2187 3023 δ
2224 2982 2534 3037 ministrum
2559 2981 2903 3051 imperatoris
2928 2990 2984 3038 et
3023 2981 3266 3053 imperii,
3295 2995 3352 3041 et
3371 3002 3482 3057 prie
3506 3005 3614 3046 caa-

350 3077 508 3134 l’redo
545 3076 864 3148 Agobardus
889 3075 946 3129 in
983 3073 1199 3130 Christo
1238 3074 1471 3155 Domino.
1506 3073 1841 3130 viviticatore
1869 3089 1932 3130 ac

351 3169 629 3225 salvatore
662 3176 850 3223 nostro
874 3168 1052 3237 vitam
1080 3174 1137 3221 et
1163 3165 1393 3221 salutem
1428 3173 1706 3221 aeternam.

422 3258 663 3315 Obsecro
688 3255 1245 3328 pnecellentissimam
1271 3255 1574 3310 claritatem
1613 3263 1847 3311 vestram
1875 3264 1936 3312 ut

346 3351 620 3421 patienter
659 3357 715 3405 et
754 3349 1051 3404 clementer
1093 3347 1282 3402 audire
1312 3346 1562 3416 dignetur
1602 3361 1724 3416 quae
1758 3346 1933 3403 ﬁdelis

351 3444 598 3514 suggerit
643 3441 894 3497 servulus
939 3439 1133 3509 :quia,
1185 3446 1321 3494 teste
1350 3439 1463 3494 Deo
1510 3440 1605 3510 qui
1652 3449 1928 3497 scrutatur

349 3536 513 3589 corda
542 3543 599 3589 et
626 3548 805 3597 renes,
831 3548 940 3586 non
967 3531 1070 3586 alia
1098 3533 1395 3588 intentione
1420 3532 1560 3596 dico,
1584 3533 1690 3587 nisi
1711 3541 1932 3603 propter

346 3624 651 3693 profectum
690 3623 1069 3694 prosperitatis
1091 3630 1287 3678 vestra:
1330 3623 1613 3693 praesentis
1638 3624 1844 3692 pariter
1874 3632 1930 3680 et

346 3713 566 3769 lutum.
619 3713 1012 3783 Omnipotens,
1061 3713 1452 3782 sempiternus,
1507 3721 1562 3768 et
1618 3714 1931 3769 misericors

344 3803 513 3870 Deus,
551 3805 694 3874 apud
743 3818 905 3874 quem
940 3804 1076 3859 nihil
1114 3805 1465 3875 praeteritum,
1503 3804 1639 3859 nihil
1686 3804 1930 3859 futurum

340 3903 455 3959 est,
482 3895 578 3949 sed
614 3896 794 3949 omnia
817 3895 1089 3949 volumina
1112 3895 1432 3950 saeculorum
1460 3910 1581 3965 qua:
1616 3896 1756 3964 apud
1784 3910 1929 3949 mor-

348 3984 488 4039 tales
533 3993 588 4040 et
622 3985 950 4054 temporales
977 3984 1281 4049 volvuntur.
1316 3985 1743 4055 intemporaliter
1784 3985 1926 4055 apud

344 4092 477 4131 eum
520 4076 810 4146 praesentia
854 4084 1188 4144 permanent,
1237 4075 1399 4146 elegit
1443 4090 1539 4131 vos
1585 4084 1711 4132 ante
1738 4076 1925 4133 mundi

349 4165 801 4222 constitutionem
831 4164 1069 4219 futurum
1099 4166 1301 4222 nostris
1325 4166 1645 4237 periculosis
1671 4167 1931 4237 tempori-

2042 3075 2174 3151 teris
2216 3073 2595 3130 honoriﬁcavit
2636 3082 2692 3130 et
2732 3074 2942 3139 ditavit,
2978 3090 3086 3130 non
3131 3076 3303 3133 solum
3347 3081 3605 3148 exterius,

2038 3180 2228 3222 verum
2262 3166 2428 3220 etiam
2472 3164 2716 3228 interius,
2750 3165 3034 3235 prudentia
3062 3166 3330 3235 videlicet,
3367 3168 3604 3241 juStitia,

2036 3257 2358 3314 fertitudine
2386 3264 2441 3312 et
2488 3257 2866 3326 temperantia,
2907 3255 3100 3326 quibus
3126 3260 3417 3315 secundum
3460 3261 3607 3318 Scri—

2035 3358 2226 3422 pturas
2260 3349 2394 3404 nihil
2422 3347 2607 3406 utilius
2633 3351 2718 3404 e‘st
2759 3348 2815 3404 in
2854 3347 2963 3402 vita
2999 3348 3265 3415 hominis;
3304 3352 3608 3408 constituit-

2036 3452 2143 3510 que
2177 3454 2274 3494 vos
2311 3439 2367 3493 in
2399 3438 2569 3494 latere
2596 3448 2618 3478 ο
2650 3453 2837 3493 rerum
2866 3454 3133 3495 summam
3162 3441 3431 3510 regentis;
3473 3457 3610 3511 qua-

2031 3538 2191 3587 tenus
2227 3539 2283 3585 et
2320 3531 2377 3587 in
2425 3530 2779 3602 dispositione
2817 3531 3094 3601 aequitatis
3142 3531 3220 3586 illi
3262 3534 3455 3589 essetis
3502 3534 3611 3591 suf-

2029 3619 2309 3694 fragator,
2357 3630 2414 3678 et
2466 3622 2523 3675 in
2568 3622 3406 3694 remuneratione.beatitudinis
3444 3626 3610 3693 parti-

2032 3727 2178 3783 ceps.
2223 3711 2378 3767 Nunc
2422 3712 2588 3782 igitur
2630 3711 2758 3780 quid
2802 3710 3145 3781 potissimum
3196 3711 3414 3780 expedit
3450 3713 3610 3768 devo-

2030 3804 2254 3859 tissimus
2294 3804 2579 3858 intentioni
2620 3812 2819 3857 vestra:
2844 3841 2860 3866 ,
2901 3802 3005 3856 nisi
3043 3810 3102 3856 ut
3134 3803 3283 3857 omni
3322 3806 3609 3860 conamine

2031 3894 2286 3963 omnique
2329 3893 2529 3947 mentis
2554 3892 2766 3958 adnisu,
2807 3892 2883 3945 ita
2913 3892 2967 3945 in
2994 3891 3399 3962 dispositionem
3426 3910 3609 3951 rerum

2033 3974 2379 4054 sagacissime
2413 3981 2670 4051 vigiletis,
2720 3989 2780 4036 ut
2822 3981 3159 4053 opprimatur
3193 3982 3471 4054 iniquitas,
3510 3985 3605 4041 de-

2033 4079 2277 4128 struatur
2313 4072 2465 4127 fraus
2508 4079 2565 4126 et
2604 4071 2781 4136 dolus,
2811 4072 3102 4143 dissipetur
3127 4074 3388 4144 pravitas,
3418 4083 3607 4130 eonte-

2032 4172 2186 4220 ratur
2210 4164 2529 4230 crudelitas,
2565 4165 2808 4237 erigatur
2830 4164 3061 4236 iustitia,
3090 4165 3399 4221 consoletur
3425 4165 3600 4221 humi-

1696 4274 1969 4331 BALUZII
2005 4273 2233 4331 NOTE.

418 4396 444 4423 ο
488 4381 774 4457 μαεῐνςάῄο.
804 4382 904 4439 Vel
929 4396 996 4439 ex
1030 4383 1145 4457 solo
1182 4382 1339 4457 istius
1365 4383 1615 4457 epistolae
1653 4384 1811 4457 titulo
1831 4400 1924 4457 pa—
1950 4367 2003 4428 D
2028 4386 2191 4457 taniaa
2216 4400 2341 4457 rege
2364 4401 2433 4457 a_c_
2446 4385 2766 4456 proceribus
2789 4385 2973 4457 palatii
2997 4385 3327 4457 conspiravit
3347 4384 3607 4457 adversus

343 4460 424 4509 tet
454 4453 631 4523 virum
659 4452 824 4507 fuisse
858 4469 1064 4523 magna:
1088 4452 1487 4522 dignationis’el
1511 4452 1848 4509 auctoritatis
1871 4456 1924 4510 in

343 4523 550 4590 palatio
584 4521 840 4593 Ludovici
869 4521 969 4575 Pii;
994 4522 1128 4576 Nam
1153 4521 1207 4577 et
1232 4523 1537 4578 Ludovicus
1562 4525 1673 4593 ipse
1694 4540 1815 4579 eum
1840 4541 1930 4579 voc

343 4600 437 4663 eat
480 4593 657 4663 virum
681 4592 971 4663 uillustrem
1030 4593 1085 4663 iu
1132 4600 1398 4663 praecepto
1448 4607 1549 4663 pro
1582 4592 1928 4650 ’monasterio

343 4662 529 4717 Grata
572 4661 627 4714 in
675 4660 734 4715 S.
777 4662 996 4716 dicecesi
1035 4660 1366 4733 Urgellensi,
1399 4660 1551 4729 cujus
1583 4672 1792 4733 partem
1835 4664 1930 4718 ali-

341 4747 511 4854 ἕξεσι
542 4746 684 4811 anno
709 4732 988 4812 superiore
1011 4731 1277 4812 edidimus
1304 4731 1357 4811 in
1384 4734 1529 4813 notis
1551 4731 1617 4786 ad
1646 4734 1928 4802 epistolam

452 4799 583 4854 Lum
617 4800 1001 4854 Ferranensrs.
1028 4799 1119 4854 Sic
1140 4815 1269 4854 emo
1289 4808 1675 4854 attumnerator
1700 4820 1713 4854 :
1747 4821 1765 4854 ε
1798 4803 1928 4854 Mat-

452 4799 583 4870 Lupi
617 4800 1001 4854 Ferrariensis.
1028 4799 1119 4854 Sic
1140 4815 1269 4870 ergo
1289 4799 1713 4870 aitimperator}
1747 4821 1765 4854 ε
1798 4803 1931 4857 Mat.

345 4868 739 4924 frcdns‘comes
760 4870 847 4923 vir
867 4870 1077 4924 illuster
1095 4868 1280 4925 adiens
1306 4868 1653 4925 serenitatem
1677 4872 1929 4927 culminis

344 4940 539 5003 nostri,
555 4949 661 4994 etc.
684 4958 707 5009 »γ
721 4939 798 5009 Ac
813 4940 1065 5009 comitem
1087 4940 1301 5009 quidem
1313 4936 1751 4996 Aurelianéusem
1765 4942 1929 4997 fuisse

344 5017 654 5093 faustatnex
681 5008 986 5093 Adreualdo
1002 5008 1521 5093 floriaceiisi;'lib.'l
1539 5050 1554 5074 ,
1575 5026 1728 5093 βαρ..
1860 5013 1927 5093 de

348 5076 618 5132 ﬂiraculis
640 5078 811 5131 sancti
838 5076 1134 5141 Benedicti,
1163 5087 1218 5132 et
1241 5095 1306 5133 ex
1333 5078 1451 5134 Vita
1476 5076 1729 5134 Ludovici
1755 5079 1833 5133 Pii
1860 5081 1928 5135 ad

344 5161 435 5219 an.
466 5147 589 5219 829.
622 5146 724 5202 ιηο
753 5147 937 5215 itaque
970 5157 1208 5219 tempore
1241 5147 1405 5203 Jonas
1436 5150 1719 5219 cpiscopus
1756 5149 1928 5203 Aure-

343 5215 602 5272 lianensis
645 5219 715 5272 ad
760 5232 885 5271 cum
931 5215 1092 5272 misit
1123 5218 1289 5273 libros
1337 5215 1544 5274 tres'de
1587 5215 1927 5275 institutione

344 5285 584 5351 Laicali,
628 5289 729 5357 qui
765 5303 796 5341 a
834 5287 1031 5341 domno
1070 5286 1212 5341 Luca
1249 5288 1511 5343 Dacherio
1543 5291 1672 5343 editi
1714 5296 1842 5343 sunt
1870 5291 1924 5343 in

344 5363 490 5411 tomo
509 5356 688 5426 primo
712 5356 1017 5425 Spicilegii;
1044 5372 1166 5410 cum
1184 5365 1340 5412 antea
1361 5360 1489 5413 editi
1513 5358 1738 5413 fuissent
1762 5359 1924 5414 Duaci

341 5439 484 5482 anno
520 5428 661 5483 1645
704 5444 771 5483 ex
808 5428 975 5480 veteri
1014 5427 1202 5481 codice
1237 5443 1338 5482 ms.
1389 5429 1559 5482 sancti
1600 5429 1827 5483 Amandi
1870 5430 1923 5483 in

341 5491 564 5567 Pabula,
591 5514 725 5554 cura
756 5498 819 5552 D.
842 5496 1145 5566 lldephonsi
1164 5496 1553 5567 Goetghebneri
1579 5498 1926 5553 bibliotheca-

344 5565 410 5650 rii
437 5569 680 5650 ejusdem
708 5565 1023 5650 monasterii
1035 5566 1231 5650 .mdnno
1260 5565 1382 5650 dein
1420 5568 1627 5650 8501M
1651 5569 1723 5649 .in
1750 5569 1924 5650 capite

343 5635 620 5708 trigesimo
646 5646 806 5694 sexto
828 5645 1016 5692 narrat
1042 5635 1343 5710 Theganns)
1368 5655 1486 5693 cum
1514 5635 1738 5708 Pippino
1758 5635 1925 5708 Aqui—

2029 4454 2356 4526 Ludovicum
2380 4454 2558 4521 Pium,
2581 4471 2739 4526 quem
2763 4454 2828 4511 de
2853 4472 3017 4526 regno
3033 4454 3305 4526 expellere
3332 4454 3603 4526 volebant.

2029 4525 2135 4581 Sed
2183 4526 2311 4579 huic
2351 4522 2856 4594 pessimo'l‘acinori
2905 4522 3123 4594 obstitit
3160 4522 3414 4577 Ludovici
3465 4523 3607 4578 ﬁlius

2025 4593 2610 4651 Ludoviculeursum
2650 4595 2704 4647 in
2736 4603 2920 4663 partes
2961 4593 3197 4663 Lotharii
3237 4608 3356 4646 cum
3397 4595 3606 4663 caeteris

2025 4665 2393 4736 perduellibus
2416 4660 2785 4736 transgressus
2813 4672 3067 4736 estaan
3092 4661 3227 4736 855,
3261 4676 3491 4736 eumque
3527 4660 3606 4715 lu-

2027 4730 2259 4805 gientem
2288 4735 2342 4788 in
2374 4730 3155 4805 Italianiiseeutus,_illic_obiit
3179 4746 3333 4805 anno
3368 4730 3472 4805 855
3492 4771 3506 4797 ,
3547 4741 3606 4805 ut

2026 4800 2191 4859 tradit
2210 4811 2398 4858 auctor
2419 4804 2552 4859 Vita:
2582 4804 2836 4859 Ludovici
2867 4802 2969 4858 Pii.
3000 4802 3134 4856 Vide.
3174 4800 3521 4857 Sirmundum
3548 4801 3603 4856 in

2025 4874 2263 4945 notis‘ad
2288 4873 2666 4945 Theodulfum,
2694 4889 2815 4945 pag.
2850 4873 2971 4945 50d.

2099 4942 2135 5013 ᾔ
2166 4942 2465 5013 Ministrum
2494 4946 2620 5013 imp.
2650 4940 2948 5013 eiiniperii,
2971 4940 3025 5013 id
3049 4948 3153 5005 est,
3181 4941 3487 5013 ministt'um
3509 4955 3604 5011 pa-

2026 5010 2143 5067 latii
2171 5019 2226 5082 et
2264 5012 2418 5082 regni
2449 5030 2461 5065 :
2491 5008 2802 5068 ministrum
2827 5011 3043 5081 palatii,
3071 5012 3196 5082 quia
3222 5024 3328 5063 non
3357 5008 3601 5082 discede-

2026 5082 2170 5159 bata
2192 5078 2362 5159 latere
2389 5080 2676 5150 Principis,
2698 5078 3103 5159 principemque
3121 5079 3296 5159 locum
3318 5078 3457 5159 apud
3479 5094 3600 5136 eum

2026 5151 2321 5232 obtinebat,
2355 5146 2685 5232 secretprum
2699 5146 2823 5221 ejus
2848 5146 3115 5232 particeps
3135 5157 3195 5232 et
3213 5146 3600 5232 consiliorum;

2027 5222 2332 5297 ministrum
2354 5220 2563 5289 imperii
2587 5223 2701 5297 sive
2721 5217 2898 5297 regni,
2921 5218 3045 5287 quia
3065 5226 3265 5297 praeter
3285 5217 3600 5297 comitatum

2025 5287 2488 5353 Aurelianensem,
2521 5291 2606 5345 cui
2641 5287 2859 5359 speciali
2898 5302 3024 5359 cura
3062 5287 3601 5359 invigilareteneba-

2027 5368 2135 5441 tur,
2158 5362 2389 5441 maxima
2410 5374 2535 5428 pars
2553 5356 2800 5441 curarum
2820 5356 3075 5441 Ludovici
3098 5356 3151 5411 in
3172 5356 3600 5414 administrando

2027 5429 2254 5500 imperio
2275 5438 2392 5483 erat
2415 5427 2595 5499 penes
2624 5427 2962 5482 Matfredum.

2099 5513 2121 5539 ο
2168 5500 2360 5553 Rerum
2393 5514 2650 5553 summam
2706 5497 2949 5567 regentis,
3008 5496 3058 5551 id
3097 5505 3201 5561 est,
3231 5495 3597 5567 LudoviciPii

2027 5569 2381 5640 imperatoris,
2416 5586 2445 5623 a
2474 5568 2625 5640 cujus
2655 5567 2824 5622 latere
2872 5582 2978 5621 non
3019 5566 3329 5624 discedebat
3379 5566 3599 5622 blatire-

2026 5638 2147 5707 dtts,
2181 5640 2256 5693 uti
2280 5639 2390 5708 jam
2422 5638 2672 5692 diximus.
