3962 6180
301 217 401 276 187

1267 211 1325 266 S.
1367 205 1717 266 AGOBARDI
1749 202 2056 264 EPISCOPI
2093 195 2579 263 LUGDUNENSIS

3468 207 3573 265 588

293 335 439 398 litas,
491 329 778 388 roboretur
822 327 977 393 ﬁdes,
1026 332 1309 381 serenetur
1344 321 1617 378 Ecclesia?
1663 319 1884 376 Noverit
1910 327 1964 386 Α
1987 320 2186 376 dantur
2210 336 2241 375 a
2285 320 2645 376 correctione.
2692 318 2835 386 Quin
2864 317 3061 390 potius,
3116 318 3572 390 prmstantissime

295 437 530 493 namque
566 419 851 492 prudentia
893 427 1101 483 vestra,
1139 417 1195 471 in
1244 416 1365 471 istis
1399 415 1728 485 regionibus,
1768 415 1889 482 qui-

295 514 397 570 bus
425 528 524 567 nos
549 509 714 566 vicini
742 524 946 573 sumus,
975 508 1034 562 in
1054 516 1262 562 tantam
1293 506 1644 561 securitatem
1671 504 1887 558 venisse

297 604 655 676 impietatem,
684 610 742 654 ut
771 614 908 671 pene
947 599 1129 654 nullus
1161 598 1471 653 inveniatur
1498 597 1590 667 qui
1616 594 1887 666 justitiam

298 695 487 765 diligat
511 693 580 748 ab
606 691 983 762 injustitiaque
1008 692 1246 757 recedat,
1273 689 1379 746 nisi
1405 690 1560 760 cujus
1587 689 1770 744 divina
1806 688 1889 741 iu-

299 785 526 855 spiratio
555 793 792 838 mentem
821 784 992 854 tangit
1018 791 1072 839 et
1096 783 1315 838 deducit
1343 782 1707 846 voluntatem;
1731 781 1806 835 ita
1828 790 1891 834 ut

298 875 593 948 gratuitum
618 883 860 945 putetur,
885 875 1195 942 ubicunque
1216 871 1476 926 bonitatis
1504 869 1730 939 vestigia
1759 885 1888 924 con-

299 964 620 1034 spiciuntur.
654 975 680 1003 ι
707 962 925 1029 Quievit
949 962 1113 1015 timor
1138 974 1326 1030 regum
1349 967 1405 1013 et
1425 959 1609 1029 legum
1654 959 1710 1012 in
1747 957 1889 1012 mul-

302 1053 403 1118 tis;
443 1053 579 1106 adeo
632 1059 691 1104 ut
725 1051 971 1120 plerique
1013 1050 1066 1103 in
1108 1048 1364 1117 prazsenti
1395 1047 1666 1102 neminem
1696 1048 1888 1102 timeu-

301 1144 429 1199 dum
465 1148 676 1212 putent,
710 1148 1024 1210 reputantes
1067 1139 1208 1209 apud
1250 1139 1593 1206 semetipsos,
1627 1144 1682 1191 et
1709 1139 1888 1192 dicen-

300 1244 383 1291 tes
413 1235 465 1288 in
503 1233 758 1289 cordibus
799 1233 914 1287 suis
943 1246 957 1284 :
991 1230 1048 1285 Si
1077 1231 1297 1300 querela
1325 1231 1389 1285 de
1419 1246 1506 1285 me
1532 1229 1598 1284 ad
1624 1229 1885 1298 palatium

298 1323 528 1386 venerit,
580 1337 745 1378 causa
787 1322 855 1376 ad
883 1322 909 1360 δ
941 1321 1244 1376 causidicos
1273 1320 1555 1391 dirigetur.
1589 1319 1699 1374 Illic
1740 1319 1888 1373 inve—

299 1413 448 1466 niam
478 1423 500 1450 c
541 1419 795 1481 parentes
826 1410 909 1465 vel
935 1410 1138 1464 amicos
1178 1410 1385 1479 plures,
1430 1423 1529 1479 per
1558 1425 1694 1478 quos
1724 1411 1884 1465 indu-

299 1503 540 1557 bitanter
581 1500 674 1556 fiet
715 1509 774 1554 ut
812 1500 1045 1571 regalem
1084 1499 1436 1555 offensionem
1471 1500 1669 1554 nullam
1705 1501 1887 1555 incur-

302 1608 437 1655 ram,
485 1591 610 1660 quia
645 1591 844 1646 donum
875 1591 1251 1645 absconditum
1292 1590 1600 1662 exstinguet
1635 1590 1746 1645 iras
1769 1631 1782 1653 ,
1829 1599 1884 1646 et

1988 413 2252 478 virorum,
2285 411 2410 466 date
2451 425 2674 480 operam
2714 417 2775 464 ut
2804 410 2924 466 sitis
2964 426 3154 466 murus
3197 411 3255 466 in
3282 420 3575 481 augmento

1989 501 2329 567 felicitatum,
2353 501 2446 572 qui
2468 501 2660 556 noxios
2678 508 2970 572 expugnet,
2994 501 3309 556 innocentes
3331 508 3571 576 tueatur,

1987 592 2100 647 Deo
2128 599 2412 662 congruat,
2461 591 2530 646 ab
2579 590 2802 644 inimico
2825 590 3116 660 diserepet,
3166 605 3456 661 supernam
3488 607 3576 646 re-

1988 681 2419 736 munerationem
2449 680 2772 736 accumulet.
2829 679 2896 734 Et
2925 679 3053 735 licet
3099 681 3234 736 satis
3276 697 3344 736 ex
3391 681 3571 737 verbis

1987 772 2413 841 praecedentibus
2433 771 2598 826 animi
2627 771 2798 826 nostri
2821 770 3091 826 clarescat
3114 771 3378 837 intentio;
3411 781 3472 826 ut
3496 779 3572 825 ta-

1987 877 2111 916 men
2137 862 2340 932 absque
2364 861 2471 916 ulla
2499 861 2835 916 dubitatione
2863 860 3049 917 sciatis
3077 877 3164 915 me
3190 877 3294 916 non
3325 862 3571 931 proprias

1987 952 2238 1023 querelas
2281 952 2584 1024 deplorare,
2641 961 2936 1021 cognoscat
2969 953 3206 1023 prudens
3261 954 3570 1026 benignitas

1986 1051 2206 1111 vestra,
2243 1047 2359 1099 haec
2394 1058 2424 1097 a
2461 1058 2547 1097 me
2584 1043 2689 1098 dici
2723 1058 2834 1097 non
2874 1057 3034 1113 posse
3075 1043 3363 1098 adversum
3417 1043 3436 1082 ί
3484 1059 3575 1100 co-

1985 1135 2173 1190 mitem
2213 1143 2458 1191 nostrum
2504 1134 2893 1190 Bertmundum
2927 1154 2940 1188 :
2975 1135 3172 1205 quippe
3198 1137 3290 1205 qui
3321 1135 3458 1192 bene
3485 1153 3575 1193 sa-

1987 1226 2058 1280 tis
2096 1215 2622 1281 babeatordina'tum
2665 1225 2732 1280 de
2767 1224 2996 1294 justitiis
3018 1227 3334 1281 comitatum
3373 1243 3572 1293 suum;

1985 1332 2052 1374 eo
2093 1319 2238 1388 quod
2263 1321 2288 1359 ⁸
2337 1318 2500 1374 talem
2544 1319 2721 1374 virum
2754 1333 2854 1388 pro
2881 1335 2940 1374 se
2965 1319 3311 1374 constituerit
3358 1321 3426 1375 ad
3457 1321 3578 1375 hcce

1985 1407 2311 1477 peragenda,
2354 1408 2446 1479 qui
2488 1423 2594 1464 non
2645 1409 2832 1464 solum-
2863 1416 3084 1479 propter
3130 1424 3370 1465 amorem
3402 1418 3458 1465 et
3508 1411 3578 1464 ti-

1985 1514 2191 1552 morem
2215 1499 2243 1537 ιι
2274 1499 2505 1554 senioris
2530 1499 2612 1554 sui
2639 1499 2694 1554 id
2721 1507 2938 1555 strenue
2963 1508 3133 1570 gerat,
3166 1516 3354 1555 verum
3382 1502 3570 1566 etiam,

1985 1589 2130 1658 quod
2159 1589 2447 1645 sublimius
2478 1599 2533 1646 et
2579 1591 2899 1647 laudabilius
2927 1601 3029 1656 est,
3058 1601 3282 1662 propter
3329 1609 3575 1649 amorem

303 1683 348 1735 is
385 1683 475 1752 qui
520 1681 789 1736 timendus
829 1689 930 1747 est,
973 1682 1094 1736 aliis
1133 1681 1484 1752 interpositis,
1541 1697 1651 1737 non
1682 1682 1885 1736 videbit
1912 1679 1960 1737 B
1987 1681 2081 1734 Dei
2111 1690 2168 1736 et
2193 1697 2434 1737 amorem
2480 1683 2652 1753 ipsius
2681 1684 2956 1754 aequitatis
3002 1693 3058 1739 et
3099 1683 3344 1752 justitim,
3394 1685 3470 1739 ita
3515 1693 3578 1739 ut

303 1777 642 1847 insipientias
668 1784 905 1831 nostras.

373 1868 618 1934 Talibus,
648 1868 732 1922 vir
755 1868 973 1934 eximie,
999 1867 1374 1922 occasionibus
1395 1874 1566 1921 totum
1596 1880 1733 1936 pene
1757 1865 1887 1919 illud

302 1961 601 2016 miserabili
654 1976 770 2015 aevo
821 1968 1007 2014 nostro
1057 1958 1251 2029 viguit,
1305 1959 1446 2027 quod
1495 1971 1592 2012 suo
1646 1965 1889 2026 tempore

301 2051 638 2106 Christianos
663 2052 880 2121 quidem
913 2051 1151 2105 evasisse
1180 2049 1536 2121 gloriabatur,
1565 2047 1706 2118 apud
1728 2062 1891 2116 paga-

302 2156 402 2194 nos
433 2154 564 2194 vero
613 2140 994 2194 vehementius
1037 2138 1395 2194 effervescere
1444 2145 1652 2208 martyr
1698 2138 1890 2192 beatus

302 2229 607 2300 Cyprianus
629 2229 843 2300 lugubri
865 2231 1029 2284 nimis
1052 2247 1116 2284 ac
1135 2229 1388 2284 mmrenti
1412 2243 1544 2284 voce
1567 2225 1801 2282 deflebat
1819 2225 1842 2265 δ
1873 2245 1885 2280 :

307 2340 326 2372 ι
358 2320 502 2374 Ιηιει·
531 2320 698 2392 leges,
731 2321 1006 2390 inquiens,
1032 2320 1178 2390 ipsas
1218 2319 1581 2388 delinquitur,
1610 2317 1752 2371 inter
1763 2315 1889 2385 jura

302 2423 563 2482 peccatur
591 2431 604 2466 :
634 2413 949 2467 innocentia
980 2428 1079 2468 nec
1113 2412 1226 2466 illic
1256 2412 1344 2465 ubi
1373 2411 1682 2465 defenditur
1713 2425 1890 2466 reser-

305 2511 482 2558 vatur.
534 2502 668 2570 Quis
707 2504 850 2559 inter
877 2505 994 2558 haec
1038 2518 1168 2557 vero
1209 2501 1534 2558 subveniat?
1583 2502 1894 2556 Patronus?

306 2593 413 2648 Sed
436 2594 851 2663 pnevaricatur,
879 2603 935 2648 et
955 2594 1173 2664 decipit.
1199 2592 1407 2647 Judex?
1434 2592 1541 2648 Sed
1565 2593 1890 2646 sententiam

297 2686 525 2740 vendit:
574 2686 665 2754 qui
695 2686 848 2741 sedet
879 2685 1112 2740 crimina
1159 2684 1557 2748 vindicaturus,
1609 2684 1888 2747 admittit;

301 2783 357 2828 et
384 2783 438 2828 ut
468 2791 593 2830 reus
621 2777 881 2830 innocens
906 2783 1114 2845 pereat,
1149 2774 1209 2828 fit
1242 2789 1446 2829 noeens
1485 2773 1672 2843 judex.
1706 2774 1894 2830 Nullus

302 2865 368 2921 de
394 2865 599 2938 legibus
623 2875 802 2922 metus
829 2885 842 2920 :
867 2867 934 2921 de
958 2873 1228 2936 quaestore
1247 2905 1260 2930 ,
1286 2866 1351 2919 de
1368 2864 1552 2933 judice
1575 2880 1742 2934 pavor
1776 2865 1894 2920 nul-

301 2956 424 3012 lus:
462 2957 605 3028 quod
635 2966 812 3028 potest
841 2957 1058 3024 redimi,
1091 2971 1198 3012 non
1222 2956 1449 3012 timetur
1482 2956 1714 3010 admitti.
1753 2955 1894 3012 Con-

1989 1773 2241 1827 videatur
2281 1774 2438 1829 nobis
2476 1775 2530 1828 in
2583 1775 2668 1830 his
2698 1775 2945 1844 partibus
2988 1791 3252 1844 nusquam
3302 1775 3418 1830 fieri
3466 1783 3578 1830 tam

1989 1862 2278 1933 diligenter
2305 1873 2360 1919 et
2409 1873 2634 1919 attente.
2675 1863 2781 1920 Sed
2811 1881 3035 1936 prorsus
3079 1867 3193 1920 haec
3221 1865 3403 1920 omnia
3439 1864 3579 1920 dici.

1989 1968 2110 2007 mus
2162 1964 2386 2024 propter
2433 1953 2592 2010 fidem
2641 1971 2803 2024 quam
2853 1955 2953 2010 sub
2985 1957 3114 2021 Deo,
3150 1956 3369 2011 domino
3407 1956 3575 2009 etiam

1991 2044 2304 2112 imperatori
2335 2045 2613 2110 debemus,
2645 2055 2698 2100 et
2718 2062 2814 2116 pro
2843 2055 3022 2102 vestra
3051 2047 3384 2103 beatitudine
3420 2055 3581 2101 mter—

1991 2151 2082 2198 na,
2113 2143 2168 2190 et
2196 2137 2480 2205 prmsentis
2528 2137 2652 2192 vitae
2699 2136 2959 2193 felicitate
3009 2138 3376 2208 adipiscenda.
3427 2136 3574 2204 Quo-

1992 2225 2159 2290 niam,
2215 2233 2275 2278 ut
2328 2225 2429 2296 ipsi
2479 2241 2585 2281 non
2641 2226 2936 2296 ambigitis,
2992 2235 3144 2282 tanta
3192 2227 3578 2293 familiaritas,

1992 2330 2157 2384 quam
2209 2315 2350 2384 apud
2405 2315 2684 2370 dominum
2736 2317 3120 2386 imperatorem
3181 2319 3427 2374 obtinere
3477 2335 3579 2375 vos

1996 2405 2141 2460 Deus
2177 2403 2322 2471 fecit,
2357 2421 2456 2476 pro
2483 2421 2680 2477 magno
2708 2407 2864 2462 vobis
2886 2407 3088 2462 talento
3117 2408 3345 2478 spiritali
3373 2408 3440 2462 ab
3463 2408 3582 2478 ipso

1993 2497 2352 2566 omnipotenti
2382 2497 2612 2552 Domino
2655 2497 3088 2568 eomputabitur;
3121 2507 3177 2554 et
3207 2499 3581 2554 desideramus

1993 2597 2053 2644 ut
2083 2599 2190 2644 tam
2219 2599 2439 2644 strenue
2484 2589 2614 2645 illud
2661 2591 3006 2661 impendatis,
3045 2603 3105 2646 ut
3148 2593 3342 2648 merito
3391 2593 3582 2647 audire

1994 2678 2309 2734 mercamini
2341 2695 2370 2732 a
2412 2678 2642 2733 Domino
2686 2679 2738 2734 in
2765 2680 2972 2751 judicio
2999 2680 3117 2750 ejus
3166 2699 3179 2736 :
3215 2681 3386 2751 Euge,
3433 2698 3578 2738 serve

1995 2768 2126 2823 bone
2148 2779 2195 2823 et
2221 2768 2415 2838 ﬁdelis,
2445 2770 2570 2840 quia
2599 2786 2757 2840 super
2781 2788 2954 2840 pauca
2993 2771 3142 2842 fuisti
3166 2770 3362 2840 ﬁdelis,
3393 2779 3448 2827 et
3477 2785 3585 2828 eae-

1995 2867 2111 2914 tera
2137 2875 2150 2913 :
2184 2868 2460 2914 avertatur
2487 2867 2663 2914 autem
2694 2876 2724 2914 a
2750 2861 2904 2916 vobis
2934 2861 3021 2915 illa
3051 2861 3186 2916 dura
3223 2870 3280 2916 et
3309 2862 3582 2917 irrevoca-

1995 2951 2119 3006 bilis
2154 2951 2560 3021 improperatio,
2592 2966 2712 3020 qum
2757 2951 2809 3006 in
2836 2953 3170 3024 negligentes
3212 2953 3582 3008 redundatura
3669 2965 3675 2970 ·

303 3066 524 3106 sensere
552 3053 789 3122 peccatis
818 3051 963 3121 jura,
1008 3060 1064 3106 ει
1110 3063 1134 3090 ο
1157 3049 1323 3119 ρωρίι
1349 3049 1556 3106 licitum
1585 3066 1704 3106 esse
1747 3050 1890 3120 quod
1917 3031 1960 3092 C
1993 3049 2098 3106 est,
2148 3041 2376 3095 Domino
2410 3041 2621 3095 dicente
2651 3057 2663 3093 :
2717 3039 2875 3095 Serve
2919 3042 3056 3096 male
3083 3053 3130 3097 et
3161 3043 3329 3113 piger,
3381 3043 3583 3098 sciebas

303 3141 578 3210 publicum
608 3152 712 3196 est.
741 3142 872 3209 Quis
895 3142 1212 3196 illicirerum
1240 3141 1438 3210 pudor,
1464 3157 1584 3212 quae
1614 3157 1734 3196 esse
1764 3157 1890 3212 pos-

303 3230 376 3284 sit
421 3231 736 3306 integritas;
770 3233 860 3287 ubi
893 3232 986 3301 qui
1037 3232 1302 3286 damnant
1346 3231 1625 3301 improbos
1655 3234 1888 3300 desunt,

298 3319 398 3375 soli
432 3321 527 3375 tibi
550 3321 640 3390 qui
669 3322 995 3376 damnentur
1022 3323 1356 3376 occurrunt?
1395 3341 1414 3374 ι
1466 3322 1728 3394 Quodque
1765 3325 1884 3379 sine

300 3408 543 3478 periculo
569 3410 748 3466 dicere
775 3426 1006 3481 nequeo,
1035 3409 1189 3465 multi
1216 3409 1401 3465 talium
1428 3419 1624 3482 putant
1646 3428 1742 3468 vos
1770 3427 1892 3468 esse

302 3517 518 3557 murum
565 3504 708 3558 inter
744 3518 802 3559 se
829 3513 886 3559 et
928 3504 1332 3574 imperatorem,
1362 3518 1462 3573 per
1502 3519 1664 3574 quem
1706 3503 1891 3560 defen-

1995 3133 2120 3202 quia
2169 3141 2305 3185 meto
2358 3132 2443 3186 ubi
2491 3149 2593 3185 non
2643 3133 2918 3198 seminari,
2968 3143 3014 3187 et
3045 3150 3297 3204 congrege
3346 3135 3433 3187 ubi
3478 3151 3584 3189 non

1995 3225 2273 3294 sparsi,et
2319 3232 2534 3280 caetera.
2587 3223 2695 3279 Sed
2743 3240 2920 3296 neque
2958 3228 3275 3282 nominatim
3321 3243 3585 3298 personas

1996 3323 2304 3394 exprimere
2350 3323 2538 3388 debeo,
2569 3323 2768 3392 quibus
2813 3325 3192 3380 emendatione
3235 3325 3404 3380 multa
3443 3340 3584 3396 opus

1994 3421 2098 3475 est,
2130 3428 2198 3468 ne
2224 3423 2512 3467 accusator
2541 3413 2750 3478 videar,
2778 3415 2922 3483 quod
2954 3417 2971 3455 ί
3007 3431 3115 3470 non
3145 3424 3230 3470 est
3256 3416 3415 3471 ollicii
3439 3416 3580 3481 mei;

1997 3504 2089 3558 sed
2120 3503 2278 3574 cupio
2306 3518 2404 3558 vos
2445 3503 2519 3558 ita
2564 3519 2684 3559 esse
2711 3503 3020 3572 sollicitum,
3065 3507 3207 3560 sicut
3253 3505 3585 3562 studiosissi-

1667 3593 1942 3650 BALUZII
1977 3593 2209 3649 NOTAE.

377 3697 402 3725 α
445 3682 652 3750 Quievit
703 3685 862 3739 timor
915 3701 1115 3755 regum.
1155 3683 1248 3740 Sic
1275 3686 1458 3755 Lupus
1518 3682 1889 3755 Ferrariensis

377 3701 402 3725 ι
445 3701 652 3750 autem
703 3701 862 3739 umor
915 3702 971 3739 re
1009 3702 1115 3738 um.
1155 3701 1248 3740 Sic
1278 3701 1458 3755 Lupus
1519 3701 1886 3738 rerranensrs

300 3755 652 3830 conqueritur
684 3756 739 3830 in
795 3701 1024 3826 epistol’a
1068 3755 1171 3810 126
1225 3758 1300 3830 ad
1332 3763 1542 3830 tantam
1561 3754 1886 3830 libertatem

300 3823 439 3879 vitia
486 3826 802 3896 prorupisse
829 3823 973 3881 aevo
1006 3842 1130 3892 suo,
1161 3834 1220 3880 ut
1251 3826 1534 3882 vindicata
1561 3823 1889 3896 impunitate

302 3894 504 3966 apertis
531 3894 854 3966 quibusque,
888 3912 987 3951 nec
1025 3897 1187 3961 Deus,
1221 3912 1324 3952 nec
1371 3913 1490 3961 rex,
1524 3894 1650 3950 nec
1679 3894 1893 3963 episco—

300 3981 411 4036 pus
434 3966 708 4036 timeatur.
747 3966 820 4036 Et
845 3966 1087 4020 videndae
1115 3974 1241 4022 sunt
1270 3967 1494 4021 omnino
1523 3972 1663 4019 notae
1690 3973 1893 4019 nostrae

302 4035 371 4088 ad
402 4035 542 4088 hanc
569 4035 871 4102 epistolam.

374 4104 404 4177 ξ)
443 4103 770 4177 Causidicos,
826 4105 880 4158 id
913 4111 1020 4177 est,
1051 4121 1144 4160 eos
1173 4107 1267 4177 qui
1311 4120 1504 4161 causas
1553 4103 1892 4177 referunt_ad

301 4173 632 4244 principem;
666 4173 906 4242 adeoque
935 4175 990 4227 in
1017 4173 1208 4230 eorum
1259 4184 1530 4244 potestate
1558 4183 1642 4228 est
1667 4175 1894 4243 provin-

303 4243 519 4312 cialium
549 4243 743 4297 delicta
777 4245 1075 4312 publicare,
1113 4255 1207 4300 aut
1236 4243 1452 4300 silentio
1482 4254 1683 4312 tegere.

381 4261 519 4296 mum
549 4261 743 4297 ueneta
777 4261 1075 4312 pumicare,
1113 4261 1207 4300 aut
1236 4261 1452 4300 snenuo
1482 4261 1535 4300 te

381 4324 403 4351 ο
436 4310 725 4387 furentes,
755 4313 808 4368 id
839 4322 944 4379 εει,
981 4317 1439 4387 consanguineos,
1473 4261 1568 4369 ve?

303 4383 558 4452 putabam
576 4383 729 4454 istud
753 4400 876 4439 esse
906 4383 1537 4449 ex‘infima'Latinitate,
1578 4393 1892 4454 parentum-

303 4467 409 4522 que
439 4453 699 4508 vocabulo
728 4455 855 4509 olim
880 4463 1086 4523 patrem
1118 4464 1325 4510 tantum
1354 4453 1695 4523 matremque
1723 4453 1894 4510 fuisse

303 4523 748 4591 comprehensos.
781 4534 839 4579 ut
866 4523 1070 4580 dictum
1101 4536 1183 4581 est
1218 4527 1273 4581 in
1303 4527 1447 4582 notis
1485 4526 1550 4580 ad
1580 4526 1777 4578 librum
1827 4541 1890 4579 In

305 4592 548 4647 Salviani
579 4595 644 4648 ad
674 4595 975 4650 Ecclesiam
1030 4597 1376 4651 catholicam.
1412 4597 1613 4652 Verum
1645 4594 1890 4649 Sallustii

303 4664 599 4734 auctoritas
649 4681 794 4720 nunc
821 4665 952 4721 facit
978 4675 1039 4720 ut
1069 4667 1225 4721 aliter
1271 4666 1525 4728 sentiam,
1559 4666 1700 4734 apud
1729 4681 1890 4734 quem

212 4789 224 4800 κ
305 4731 460 4806 Su_|la_
497 4733 766 4806 Bocchum
808 4735 1146 4790 Mauritaniae
1197 4751 1377 4806 regem
1403 4737 1509 4806 sic
1555 4731 1886 4806 alloquitur:

310 4819 328 4851 ι
368 4802 525 4867 Dein,
571 4805 713 4873 quod
743 4815 1001 4874 parentes
1057 4802 1281 4860 abunde'
1326 4805 1628 4860 habemus:
1680 4802 1892 4860 amico-

303 4888 425 4997 Ριξξι
473 4889 651 4944 neque
697 4875 872 4940 nobis,
923 4891 1098 4946 neque
1155 4877 1406 4945 cuiquam
1461 4876 1703 4931 omnium
1757 4876 1890 4933 satis

328 4959 377 4996 Ill
411 4985 424 4997 .
475 4962 494 4996 ι

328 4943 424 4998 itit.
475 4962 494 4996 ι

373 5013 399 5052 ά
440 5013 496 5069 1η
525 5015 750 5085 epistola
784 5015 850 5070 ad
882 5015 1171 5071 Donatum.
1226 5015 1332 5072 Sed
1366 5017 1543 5072 locum
1588 5032 1656 5071 ex
1683 5031 1745 5070 ea
1775 5017 1890 5085 cpi-

373 5032 399 5052 υ
440 5032 496 5069 ιη
525 5032 555 5070 ε
599 5032 750 5071 ιειοιίι
784 5032 850 5070 aa
882 5032 1171 5071 uonatum.
1226 5032 1332 5072 Seu
1368 5032 1543 5072 locum
1588 5032 1656 5071 ex
1683 5032 1712 5069 ε

305 5032 641 5156 ειοιεᾲγεῶε
670 5087 994 5151 decurtavit,
1028 5096 1088 5142 ut
1118 5088 1341 5152 assolet,
1372 5087 1712 5156 Agobardus.

379 5166 404 5194 ε
441 5154 603 5230 Carpit
634 5157 836 5230 licitum
865 5175 1014 5230 esse.
1059 5159 1347 5230 Eleganter
1384 5154 1687 5230 CS'prianus
1717 5156 1771 5211 in
1800 5173 1891 5213 ea-

304 5225 445 5296 dem;
481 5225 706 5296 epistola
742 5248 754 5281 :
803 5246 821 5278 ι
863 5228 1038 5283 Madet
1091 5225 1242 5284 orbis
1275 5225 1800 5295 mutuo—sanguine;
1837 5238 1889 5281 et

303 5294 653 5369 homicidium
706 5312 829 5350 cum
883 5301 1178 5354 admittunt
1232 5297 1478 5369 singuli,_
1502 5294 1883 5369 crimcn_cst;

301 5364 478 5440 virtus
503 5375 748 5440 vocatur,
771 5383 892 5440 cum
914 5370 1126 5438 publice
1150 5364 1376 5440 geritur.
1402 5388 1419 5418 ι
1449 5367 1539 5421 Sic
1557 5366 1702 5440 apud
1723 5367 1888 5422 Pseu-

302 5432 614 5506 doplautum
645 5432 1010 5501 Qucrolus'ait
1040 5432 1244 5493 licitum
1277 5454 1398 5492 esse
1429 5438 1570 5506 quod
1596 5432 1887 5492 commune

303 5511 406 5578 est,
437 5503 622 5578 idest,
649 5507 791 5578 quod
843 5508 1000 5578 vulgo
1031 5511 1090 5562 fit
1120 5529 1131 5562 :
1171 5531 1191 5557 ‹
1230 5509 1352 5562 Lar.
1384 5503 1522 5575 Quid
1549 5508 1615 5562 dc
1652 5506 1788 5561 falso
1808 5509 1886 5563 di—

301 5573 476 5647 rimus
499 5575 522 5628 ?
549 5572 832 5643 Querolus.
869 5572 1024 5642 "eiu,
1080 5580 1201 5647 quis
1256 5572 1436 5633 autem
1493 5591 1682 5631 verum
1709 5579 1886 5632 dicit?

300 5637 446 5699 Istud
474 5637 762 5702 commune
803 5656 905 5712 cst,
959 5637 1064 5702 alii.
1100 5637 1247 5703 'l.ar.
1305 5649 1509 5705 Idcirco
1539 5648 1744 5705 crimen
1776 5664 1882 5703 non

1997 3689 2080 3737 est
2105 3682 2128 3734 ?
2158 3681 2298 3748 Quid
2327 3683 2394 3737 de
2423 3682 2727 3738 adulterio?
2755 3683 2920 3752 Quer.
2948 3685 3119 3749 Attat,
3150 3687 3313 3741 etiam
3353 3688 3455 3743 hoc
3482 3690 3586 3743 cri-

1995 3767 2122 3806 men
2153 3767 2261 3808 non
2293 3759 2396 3807 est.
2439 3752 2563 3807 Lar.
2603 3753 2828 3820 Quando
2859 3764 3039 3811 autem
3072 3757 3279 3811 licitum
3313 3773 3436 3812 esse
3469 3772 3584 3812 caa—

1995 3823 2076 3891 pit
2097 3821 2312 3894 ?_Quer.
2364 3821 2709 3894 Men‘rogas?
2745 3826 2898 3894 quasi
2951 3834 3008 3880 tu
3041 3828 3276 3882 nescias.
3337 3827 3449 3884 Hoc
3496 3837 3587 3886 est

1997 3891 2140 3966 quod
2151 3893 2533 3966 _nec‘permitti
2560 3891 2661 3948 nec
2681 3891 2955 3966 prohiberi
2980 3904 3175 3966 potest.
3216 3917 3234 3948 ι

2073 3962 2094 4000 ί
2137 3961 2390 4037 Comitem
2454 3961 2699 4037 {insnum—
2741 3961 3144 4037 Beirtmiuiridum,
3203 3967 3586 4037 Lugdunensis

1995 4033 2288 4157 plrovénciae
2336 4033 2675 4102 prmfectum,
2715 4043 2776 4088 ut
2811 4036 2865 4090 in
2906 4036 3042 4091 libro
3080 4037 3258 4106 primo
3292 4033 3455 4092 'vocat
3491 4039 3584 4092 Ni-

2059 4117 2120 4156 ar
2159 4118 2242 4157 us.

1995 4112 2242 4157 thardus.

2070 4175 2096 4213 8
2139 4172 2317 4250 Talem
2344 4173 2536 4250 virum,
2594 4174 2645 4250 id
2672 4183 2775 4240 est,
2806 4177 3203 4250 vicecomitem.
3252 4177 3403 4233 Unde
3434 4182 3584 4250 patet

1991 4244 2374 4319 viceeomitum
2412 4245 2807 4319 institutionem
2834 4246 3003 4304 fuisse
3032 4264 3130 4318 per
3153 4264 3247 4303 eas
3289 4244 3586 4319 tempesta-

1587 4313 1793 4369 aﬂines.
1823 4314 1892 4369 Et
1916 4320 1970 4379 D
1996 4323 2079 4368 tes
2106 4313 2160 4368 in
2188 4313 2412 4369 arbitrio
2437 4315 2716 4368 comitum.

2069 4386 2096 4423 ιι
2137 4384 2376 4465 Senioris
2429 4385 2534 4449 sui,
2591 4385 2644 4438 id
2684 4394 2786 4452 est,
2818 4388 3044 4454 domini,
3099 4388 3314 4444 comitis
3365 4389 3588 4460 Lugdu-

1996 4470 2202 4510 nensns.

2073 4526 2086 4564 ί
2149 4522 2271 4577 Νοη
2318 4536 2391 4578 est
2439 4524 2592 4594 officii
2639 4527 2764 4591 mei,
2821 4528 3078 4583 nimirum
3116 4532 3410 4586 accusatio.
3441 4531 3582 4586 Nam

1995 4595 2235 4663 episcopi
2263 4610 2370 4650 non
2411 4596 2612 4651 debent
2661 4613 2784 4652 esse
2823 4607 3188 4655 accusatores.
3230 4601 3498 4661 Arcadius
3525 4613 3584 4657 et

1994 4663 2267 4742 Honorius
2290 4665 2407 4742 _AA.
2437 4666 2505 4742 ad
2560 4665 2905 4742 Theodorum
2935 4669 3249 4738 praefectum
3279 4674 3533 4742 praetorio
3567 4691 3580 4726 :

1999 4753 2017 4786 ‹
2053 4735 2354 4789 Provinciae
2379 4737 2690 4792 moderator
2718 4735 3060 4793 sacerdotum
3091 4748 3147 4796 et
3173 4735 3455 4797 catholicre
3481 4743 3588 4796 Ec-

1993 4805 2617 4884 clesimministrorum‘,
2673 4807 2781 4884 loci
2836 4824 3052 4884 quoque
3082 4812 3275 4884 ipsius,
3305 4821 3362 4866 et
3409 4813 3584 4884 divini

1993 4875 2172 4930 cultus
2199 4875 2453 4942 injuriam
2491 4877 2710 4946 capitali
2745 4878 2800 4932 in
2831 4875 3117 4936 conv—ictos-
3160 4875 3275 4938 sive
3300 4881 3586 4938 confessos

1992 4961 2114 5000 reos
2142 4947 2659 5022 sententianoverit
2693 4949 3099 5022 vindicandum.
3132 4951 3244 5006 Nec
3296 4961 3586 5022 exspectet

1990 5015 2372 5092 tit-episcopus
2422 5018 2640 5092 injuria:
2699 5020 2931 5092 propriae
2959 5021 3248 5092 gultionem
3297 5015 3582 5092 deposcat.

1990 5035 2051 5070 ιιι
2086 5035 2372 5084 episcopus
2426 5035 2640 5088 ιῐῃιιιῚεε
2684 5035 2931 5141 rpropria”:
2985 5035 3248 5077 Ultionem
3297 5035 3579 5092 deposcat.

1989 5085 2077 5162 cui
2109 5085 2368 5162 sanctitas
2421 5087 2678 5162 ignoscen
2720 5089 2889 5162 i_soli
2925 5089 3164 5162 gloriam,
3200 5093 3506 5162 dereliquit.
3557 5113 3579 5146 ι

1990 5155 2180 5226 Exstat
2205 5155 2320 5210 1|:ch
2343 5157 2426 5210 lex
2447 5155 2512 5211 in
2536 5159 2723 5213 codice
2753 5155 3128 5216 Theodosiano
3154 5161 3192 5215 ι.
3225 5163 3315 5226 51,
3347 5155 3423 5217 De
3454 5163 3586 5226 Epi-

1989 5225 2186 5304 scopis.
2218 5242 2283 5279 ac
2337 5227 2740 5304 re_lata_dein_de
2769 5239 2854 5284 est
2882 5232 2936 5284 in
2985 5231 3184 5304 librum
3221 5249 3271 5304 vi
3302 5225 3586 5304 Capitula-

1991 5299 2150 5372 rium,
2169 5311 2309 5372 cap:
2340 5298 2465 5352 504.
2495 5298 2872 5372 _Theodoretus
2913 5303 3200 5372 cpiscopus
3228 5298 3487 5372 Cyretisis
3521 5305 3582 5359 iu

1988 5367 2214 5436 epistola
2245 5367 2316 5420 42
2368 5386 2380 5420 :
2425 5387 2441 5418 ι
2480 5368 2664 5438 Angor
2720 5386 2852 5426 sane
2881 5367 2962 5424 ac'
3001 5367 3154 5426 doleo
3202 5367 3581 5431 vehementer.

1987 5438 2128 5505 quod
2158 5438 2399 5493 scribere
2455 5439 2716 5493 adversus
2744 5441 3012 5496 hominem
3045 5458 3226 5513 cogor,
3259 5457 3414 5509 cujus
3442 5445 3570 5497 deli-

1986 5517 2328 5584 ctaproptcr
2357 5525 2550 5564 nomen
2606 5513 2896 5566 sacerdotii
2956 5512 3229 5568 occultare
3280 5529 3380 5584 par
3431 5524 3579 5568 erat.

1987 5578 2179 5702 get-ibo
2237 5586 2436 5644 tamen,
2491 5588 2549 5634 ut
2579 5597 2868 5650 oppressos
2921 5584 2990 5637 ab
3043 5599 3108 5639 eo
3161 5578 3429 5654 pauperes
3458 5585 3584 5640 vin-

2026 5664 2178 5701 lCt‘llI.
2222 5664 2238 5698 ι

2026 5664 2178 5701 lCt‘llI.
2222 5664 2238 5698 ι
