4010 6184
387 240 487 302 189

1194 246 1415 304 EPIST.
1453 248 1547 305 AD
1583 247 1920 306 CLERICOS
1956 251 2047 307 ET
2084 250 2461 309 MONACHOS
2499 254 2801 315 LUGDUN.

3565 261 3666 319 {90

377 375 531 419 mum
558 358 655 448 Dei
681 358 1015 429 ministrum,
1047 368 1104 417 et
1131 372 1556 421 consentaneum
1580 366 1707 422 boni
1734 381 1972 437 impera-
1997 371 2051 432 Α
2074 366 2251 425 ﬁdelis
2273 380 2547 440 inventus,
2575 376 2771 433 merito
2791 369 3075 446 utriusque
3105 381 3663 448 recompensationem

374 451 519 508 toris
563 447 889 518 adiutorem,
923 450 1015 521 qui
1056 452 1125 507 ab
1154 461 1389 525 utroque
1413 455 1644 511 Domino
1689 456 1887 528 dignus
1912 466 1969 512 ct

2076 460 2362 532 percipiat.

450 593 3603 636 ___—_—__________________________________

554 698 1065 781 EPISTOLA
1122 704 1252 780 AD
1304 688 1794 784 CLEBICOS
1873 708 2005 788 ET
2064 710 2621 792 MONACHOS
2683 716 3485 819 LUGDUNENSES,

1369 881 1459 937 DE
1493 882 1685 941 IIODO
1722 885 2081 944 REGIMINIS
2121 890 2658 951 ECCLESIASTICI.

445 1113 489 1170 1.
531 1110 669 1180 Quia
696 1108 824 1165 novi
856 1108 999 1163 inter
1042 1106 1274 1178 aliquos,
1306 1109 1572 1178 quosdam
1620 1122 1869 1163 rumores
1900 1114 1957 1162 et

369 1203 715 1276 suspiciones
744 1199 1011 1264 diversas,
1048 1197 1165 1253 haac
1193 1197 1591 1268 subteradjecta
1619 1197 1835 1268 scripsi,
1861 1212 1960 1267 per

368 1309 494 1365 qua:
513 1306 845 1364 cognoscere
872 1288 1165 1361 dignemini
1188 1303 1307 1359 quae
1331 1304 1431 1358 ego
1466 1289 1520 1343 in
1547 1288 1763 1344 actione
1788 1288 1964 1343 eccle-

367 1383 576 1439 siastici
608 1380 888 1453 regiminis
916 1379 1146 1434 tenenda
1176 1387 1383 1448 putem,
1434 1386 1718 1449 eessetquc
1764 1393 1954 1449 pauco—

368 1487 496 1527 rum
532 1468 914 1534 murmuratio,
947 1484 1073 1523 cum
1097 1468 1351 1523 omnibus
1377 1484 1499 1524 mea
1524 1466 1690 1523 fuerit
1732 1468 1966 1523 intentio

2131 1107 2216 1191 Ill.
2234 1109 2351 1179 Ipse
2360 1110 2614 1181 princeps
2627 1122 2785 1182 pater
2794 1128 3007 1184 sponsa:
3020 1130 3151 1183 suae,
3175 1126 3231 1172 et
3245 1118 3413 1174 frater
3427 1118 3543 1190 ejus
3555 1132 3660 1181 est.

2057 1199 2199 1254 Dicit
2230 1202 2374 1255 enim
2402 1202 2503 1272 ipsi
2539 1204 2694 1257 uxori
2729 1212 2785 1258 et
2820 1206 2995 1260 sorori
3034 1221 3147 1263 suae
3178 1226 3191 1261 :
3232 1207 3532 1267 Vulnerasti
3570 1232 3663 1270 cor

2064 1304 2262 1354 meum,
2291 1306 2445 1344 soror
2473 1308 2590 1345 mea
2610 1309 2827 1363 sponsa,
2850 1293 3140 1352 vulnerasti
3166 1316 3257 1353 cor
3281 1319 3454 1356 meum
3478 1306 3533 1358 in
3555 1322 3660 1362 uno

2067 1376 2341 1432 oculorum
2366 1388 2600 1446 tuorum,
2628 1392 2676 1435 et
2698 1383 2754 1436 in
2779 1400 2884 1437 uno
2908 1386 3052 1440 crine
3077 1388 3198 1441 colli
3220 1390 3316 1444 tui.
3350 1380 3521 1457 Quam
3543 1394 3663 1465 pul-

2070 1466 2210 1521 chrte
2239 1477 2360 1522 sunt
2389 1487 2634 1525 mamma:
2660 1481 2788 1538 tute,
2818 1490 2970 1527 soror
2995 1492 3112 1529 mea
3140 1481 3374 1547 sponsa!
3408 1481 3518 1538 Nec
3558 1485 3661 1539 mi-

365 1566 664 1639 patet‘acta.
698 1577 724 1605 ι
759 1563 912 1621 Unus
938 1570 1023 1619 est
1064 1577 1317 1633 sponsus,
1351 1562 1444 1632 qui
1474 1561 1639 1617 habet
1675 1577 1962 1631 sponsam;
1993 1546 2042 1605 Β
2070 1571 2191 1611 rum
2222 1559 2267 1613 si
2297 1574 2436 1615 uxor
2466 1576 2624 1616 soror
2649 1571 2762 1629 est;
2793 1564 2920 1637 quia
2946 1573 3001 1619 et
3025 1546 3276 1623 mammae
3300 1577 3465 1640 atque
3488 1575 3656 1630 ubera

369 1659 467 1730 qui
503 1656 806 1729 diligendus
832 1664 917 1710 est
940 1662 1165 1726 propter
1189 1670 1269 1719 se,
1297 1670 1404 1710 non
1439 1661 1663 1725 propter
1689 1654 1837 1710 aliud
1868 1654 1967 1709 ali-

364 1754 523 1825 quid,
553 1768 674 1808 cum
705 1752 819 1824 ipse
848 1752 920 1806 sit
951 1765 1076 1821 pax,
1106 1750 1343 1815 veritas,
1371 1749 1607 1821 justitia,
1653 1745 1966 1803 sanctiﬁca—

366 1846 468 1910 tio,
520 1852 574 1899 et
603 1843 924 1913 redemptio,
955 1849 1010 1897 et
1036 1856 1198 1896 omne
1227 1841 1455 1905 bonum,
1484 1848 1541 1895 et
1569 1839 1687 1894 sine
1722 1836 1817 1891 illo
1845 1835 1966 1890 nul-

362 1933 480 1989 lum
512 1934 742 1999 bonum;
770 1933 861 2016 (ιμί
889 1932 956 1988 de
980 1932 1120 1987 caelo
1146 1932 1321 1997 venit,
1349 1938 1406 1986 et
1429 1944 1596 2000 super
1620 1941 1817 1983 omnes
1846 1933 1962 1994 est;

362 2025 458 2094 qui
514 2040 649 2095 quos
691 2023 851 2094 eripit
897 2023 963 2078 de
1008 2032 1170 2086 terra,
1228 2022 1370 2078 levat
1425 2022 1493 2076 ad
1536 2020 1758 2077 caelum.
1786 2018 1965 2075 Amici

361 2115 549 2184 sponsi
585 2121 732 2201 sunt,
772 2112 864 2183 qui
910 2128 969 2168 se
999 2112 1244 2169 videntes
1287 2124 1343 2169 et
1372 2113 1659 2168 audientes
1686 2111 1966 2167 aediﬁcant

359 2206 423 2261 in
450 2220 695 2261 amorem
724 2212 779 2260 et
804 2203 1008 2258 cultum
1036 2204 1244 2272 sponsi,
1273 2203 1369 2258 ﬁlii
1397 2217 1530 2259 vero
1560 2202 1768 2274 sponsi,
1793 2210 1850 2257 et
1871 2202 1963 2271 qui

358 2296 663 2361 aediﬁcant,
692 2305 749 2350 et
778 2294 870 2363 qui
897 2293 1254 2349 mdiﬁcantur.
1300 2294 1453 2350 Unus
1484 2303 1571 2350 est
1610 2308 1781 2365 agnus
1806 2334 1821 2357 ,
1869 2293 1962 2363 qui

359 2390 534 2444 habet
575 2402 852 2458 sponsam,
896 2386 961 2441 de
1017 2402 1123 2457 qua
1175 2385 1374 2441 dicitur
1421 2384 1618 2441 Joanni
1666 2384 1957 2457 apostolo:

369 2475 532 2544 Veni,
548 2477 819 2531 ostendam
842 2476 937 2530 tibi
956 2493 1222 2546 sponsam,
1244 2492 1462 2530 uxorem
1486 2478 1609 2547 agni
1633 2494 1652 2531 :
1669 2486 1721 2532 et
1740 2486 1962 2532 ostensa

360 2578 449 2624 est
481 2568 555 2622 illi
577 2569 772 2623 civitas
787 2576 977 2624 sancta
1004 2566 1342 2623 Hierusalem
1370 2567 1705 2624 descendens
1727 2567 1795 2623 de
1820 2568 1961 2624 caelo

360 2673 397 2712 a
427 2657 561 2723 Deo,
592 2657 798 2714 habens
824 2659 1131 2713 claritatem
1161 2658 1278 2713 Dei.

435 2745 503 2802 ll.
542 2748 616 2802 De
645 2747 748 2803 hac
775 2763 971 2817 sponsa
998 2756 1051 2803 et
1082 2748 1303 2803 civitate
1329 2756 1586 2804 cantatur
1626 2749 1680 2803 in
1707 2747 1847 2804 cmlo
1869 2747 1961 2801 Al-

2068 1647 2186 1717 ejus
2218 1652 2402 1716 turris,
2432 1664 2487 1706 et
2511 1653 2625 1722 ipsa
2656 1671 2863 1711 murus.
2902 1654 2995 1712 Sic
3023 1659 3169 1713 enim
3199 1661 3266 1716 de
3293 1662 3383 1718 illa
3423 1674 3578 1735 pater
3600 1677 3658 1723 et

2068 1754 2299 1808 sponsus
2352 1741 2589 1812 loquitur
2633 1763 2646 1799 :
2694 1744 2835 1811 Quid
2868 1747 3123 1817 faciemus
3157 1755 3327 1808 sorori
3369 1768 3562 1814 nostra:
3600 1761 3656 1815 in

2065 1833 2151 1886 die
2189 1838 2401 1906 quando
2429 1836 2745 1909 alloquenda
2775 1840 2881 1895 est!
2906 1839 2967 1896 Si
3006 1860 3190 1900 murus
3211 1856 3307 1914 est,
3330 1850 3652 1919 (ediﬁcemus

2064 1941 2221 1995 super
2272 1943 2389 1981 eum
2428 1931 2827 2000 propugnacula
2874 1944 3158 2003 argentea;
3194 1938 3242 1992 si
3298 1941 3488 1995 ostium
3537 1953 3646 2009 est,

2066 2017 2459 2088 compingamus
2478 2018 2613 2073 illud
2636 2021 2828 2077 tabulis
2855 2024 3104 2081 cedrinis.
3132 2027 3196 2083 Et
3219 2028 3308 2085 illa
3340 2035 3649 2104 respondit:

2065 2106 2180 2178 Ego
2211 2124 2413 2173 murus,
2447 2120 2495 2164 et
2542 2113 2702 2193 ubera
2746 2131 2862 2169 mea
2908 2119 3104 2185 turris,
3134 2138 3199 2175 ea:
3232 2140 3335 2194 quo
3361 2125 3503 2195 facta
3532 2147 3652 2185 sum

2064 2212 2241 2250 coram
2276 2215 2335 2252 eo
2360 2200 2513 2270 quasi
2540 2218 2719 2271 pacem
2745 2207 3023 2275 reperiens.
3054 2209 3193 2276 Quid
3225 2214 3422 2270 mirum
3456 2218 3500 2272 si
3533 2234 3652 2274 mu-

2065 2300 2159 2339 rus
2180 2294 2235 2341 et
2275 2287 2487 2354 civitas,
2523 2306 2646 2345 cum
2692 2300 2747 2347 et
2769 2295 2928 2350 vinea
2976 2298 3184 2355 habens
3216 2304 3432 2360 virum?
3489 2305 3652 2365 Vinea

2062 2378 2220 2468 enim,
2254 2380 2444 2448 inquit,
2474 2381 2576 2452 fuit
2618 2381 2853 2453 Paciﬁco
2882 2387 2936 2440 in
2975 2406 3055 2452 ea,
3083 2409 3200 2462 φατε
3227 2394 3379 2449 habet
3405 2399 3647 2468 populos.
3726 2421 3741 2430 ‘

2066 2464 2305 2560 Tradidit
2350 2488 2466 2525 eam
2513 2473 2812 2530 custodibus
2855 2491 2875 2529 :
2906 2479 2985 2532 vir
3012 2482 3166 2549 affert
3187 2501 3281 2552 pro
3308 2464 3487 2554 fructu
3532 2490 3648 2560 ejus

2061 2558 2205 2613 mille
2232 2574 2524 2631 argenteos.
2552 2564 2628 2619 De
2660 2581 2766 2636 qua
2791 2567 2905 2636 ipse
2926 2570 3011 2623 vir
3040 2579 3096 2625 et
3124 2582 3280 2641 pater
3306 2580 3489 2632 statim
3521 2558 3653 2635 sub-

2053 2647 2252 2721 jungit,
2312 2650 2473 2707 Vinea
2520 2670 2637 2709 mea
2676 2674 2855 2712 coram
2903 2676 2985 2714 me
3032 2672 3126 2716 est.
3170 2663 3289 2734 Ipsa
3330 2667 3487 2723 vinea
3535 2672 3650 2727 vir-

2059 2744 2202 2814 ginis
2252 2762 2465 2817 quoque
2511 2758 2596 2803 est
2642 2758 2698 2804 et
2743 2750 2974 2822 conjux,
3029 2755 3096 2810 de
3145 2772 3252 2827 qua
3301 2761 3355 2813 in
3402 2763 3648 2821 carmine

361 2836 551 2902 leluia,
573 2838 820 2907 quoniam
850 2839 1084 2908 regnavit
1110 2837 1368 2893 Dominus
1406 2837 1551 2893 Deus
1579 2848 1755 2893 noster
1788 2840 1959 2893 omni-
1985 2897 2028 2923 η
2062 2835 2284 2906 nuptiali
2313 2838 2526 2893 canitur
2551 2840 2652 2909 ipsi
2684 2843 2797 2913 regi
2836 2851 2893 2898 et
2920 2859 3123 2915 sponso
3150 2862 3163 2900 :
3197 2845 3350 2904 Stetit
3374 2854 3571 2923 conjua:
3594 2853 3652 2909 in

360 2897 935 2989 potens.'Gaudeamus
977 2934 1024 2979 et
1055 2926 1398 2992 exsultemus,
1434 2936 1481 2981 et
1507 2927 1692 2982 demus
1728 2927 1955 2998 gloriam
1984 2897 2029 2960 Ο
2060 2926 2275 2981 dextera
2301 2938 2413 2994 tua,
2441 2930 2495 2983 in
2524 2897 2821 2987 diademlitc
2848 2897 3029 2991 aureo.
3060 2938 3127 2994 Et
3177 2940 3292 3007 ipse
3331 2897 3561 3011 sponsus
3596 2897 3652 3001 et

360 3015 437 3081 ei,
465 3015 592 3086 quia
618 3024 866 3070 venerunt
895 3018 1091 3087 nuptite
1124 3018 1267 3088 agni,
1297 3027 1346 3072 et
1382 3035 1519 3072 uxor
1541 3022 1658 3090 ejus
1685 3036 1958 3090 prmpara-

361 3107 438 3160 vit
460 3123 548 3171 se;
579 3116 626 3159 et
655 3106 837 3160 datum
881 3116 958 3161 est
993 3106 1095 3171 illi,
1124 3116 1182 3161 ut
1222 3110 1489 3179 cooperiat
1517 3126 1574 3164 se
1602 3109 1834 3179 byssina.
1879 3108 1957 3165 De

362 3196 470 3252 hac
498 3211 667 3251 uxore
690 3205 745 3252 et
769 3197 991 3252 civitate
1018 3197 1149 3252 dicit
1172 3196 1413 3254 Joannes
1434 3199 1763 3270 evangelista
1810 3198 1955 3269 quod

363 3289 482 3358 ipsa
509 3289 582 3343 sit
610 3296 665 3343 et
697 3289 1105 3344 tabernaculum
1152 3290 1268 3345 Dei.
1300 3290 1389 3346 Ait
1429 3290 1577 3346 enim
1618 3309 1631 3345 :
1672 3290 1741 3345 Et
1772 3292 1956 3345 civita-

363 3391 469 3435 tem
495 3391 734 3436 sanctam
765 3380 1100 3436 Hierusalem
1124 3383 1230 3438 vidi
1257 3399 1442 3437 novam
1471 3383 1868 3439 descendentem
1888 3385 1953 3440 de

364 3468 515 3535 caelo,
554 3486 588 3523 a
637 3469 748 3524 Deo
790 3479 1068 3541 paratam,
1115 3470 1249 3524 sicut
1294 3487 1539 3541 sponsam
1566 3481 1810 3526 ornatam
1841 3473 1952 3527 viro

362 3576 481 3615 suo.
510 3560 579 3615 Et
608 3562 789 3616 audivi
831 3578 1006 3617 vocem
1033 3579 1282 3634 magnam
1327 3563 1392 3618 de
1415 3563 1604 3618 throno
1643 3565 1901 3621 dicentem
1933 3580 1954 3620 :

364 3651 505 3707 Ecce
536 3652 936 3708 tabernaculum
973 3652 1073 3708 Dei
1100 3670 1221 3708 cum
1265 3654 1581 3719 hominibus,
1615 3664 1665 3709 et
1688 3656 1947 3713 habitabit

363 3760 482 3797 cum
510 3745 603 3799 eis.
638 3743 707 3797 Et
729 3745 831 3815 ipsi
854 3743 1081 3816 populus
1111 3744 1226 3814 ejus
1261 3754 1435 3809 erunt,
1463 3754 1513 3799 et
1536 3746 1648 3816 ipse
1684 3745 1828 3801 Deus
1853 3747 1954 3801 erit

364 3853 485 3893 cum
515 3844 592 3891 eis
621 3852 801 3891 eorum
828 3835 1000 3903 Deus,
1024 3844 1073 3891 et
1094 3836 1351 3906 absterget
1382 3835 1522 3891 Deus
1553 3853 1758 3891 omnem
1779 3837 1955 3908 lacrg-

363 3946 507 3983 mam
534 3928 603 3982 ab
632 3927 794 3983 oculis
822 3945 1037 3994 eorum;
1071 3937 1120 3983 et
1147 3944 1287 3981 mors
1318 3926 1459 3981 ultra
1489 3945 1593 3982 non
1620 3928 1718 3982 erit
1736 3968 1750 3993 ,
1790 3944 1955 4001 neque

364 4022 559 4086 luctus,
592 4038 757 4093 neque
786 4020 1008 4087 clamor,
1050 4036 1213 4091 neque
1239 4018 1392 4073 dolor
1413 4020 1513 4073 erit
1544 4019 1704 4074 ultra.
1747 4004 1823 4076 Ue
1849 4021 1952 4076 hac

366 4112 586 4167 civitate
632 4120 687 4168 et
714 4127 883 4167 uxore
920 4110 1131 4181 virgine
1161 4117 1389 4181 generat
1419 4124 1592 4177 agnus
1612 4108 1742 4175 'Dei,
1777 4126 1951 4182 agnus

365 4204 530 4267 Deus,
556 4218 726 4273 agnus
753 4203 1116 4273 omnipotens,
1143 4215 1313 4272 agnus
1340 4199 1746 4269 omnipotentis,
1778 4216 1948 4272 agnos

364 4301 419 4349 et
442 4308 574 4349 oves
596 4307 733 4362 quos
759 4292 789 4332 ιι
816 4291 1160 4347 commendat
1189 4292 1349 4345 beato
1376 4290 1538 4346 Petro
1581 4291 1826 4361 apostolo
1867 4292 1949 4347 di-

364 4400 541 4440 cens:
585 4383 754 4439 Pasce
804 4400 968 4455 agnos
1016 4400 1176 4438 meos.
1204 4383 1273 4438 Et
1318 4383 1515 4439 iterum
1555 4401 1567 4437 :
1615 4383 1781 4439 Pasce
1834 4402 1951 4440 oves

363 4491 528 4529 meas.
588 4473 692 4530 Hic
762 4490 998 4545 sponsus
1070 4481 1126 4528 et
1178 4489 1351 4545 agnus
1415 4474 1763 4544 omnipotens
1824 4476 1957 4531 dicit

361 4582 575 4638 sponsae
617 4575 673 4622 et
702 4568 856 4622 uxori
906 4583 1017 4622 sua:
1053 4585 1066 4621 :
1108 4564 1301 4638 Capilli
1338 4567 1417 4619 tui
1462 4566 1595 4621 sicut
1641 4584 1818 4638 greges
1863 4586 1953 4623 ca-

359 4676 598 4730 prarum,
643 4677 774 4731 qua:
819 4660 1163 4715 ascenderunt
1218 4658 1283 4713 de
1327 4669 1502 4713 monte
1558 4657 1783 4715 Galaad.
1810 4660 1954 4715 Den-

362 4758 440 4804 tes
464 4752 558 4804 tui
607 4751 743 4806 sicut
793 4767 920 4822 grex
963 4751 1135 4804 ovium
1160 4789 1175 4814 ,
1218 4766 1338 4820 qua:
1371 4749 1718 4804 ascenderunt
1761 4751 1827 4805 de
1869 4751 1951 4807 la-

361 4856 541 4905 vacro,
571 4857 749 4896 omnes
778 4838 1007 4911 gemellis
1056 4839 1265 4909 fetibus,
1308 4850 1355 4894 et
1393 4839 1588 4894 sterilis
1637 4857 1744 4895 non
1790 4852 1866 4896 est
1893 4844 1950 4898 in

360 4932 460 4985 eis.
487 4932 557 4987 Et
592 4933 791 4988 iterum
816 4950 830 4986 :
880 4932 998 4986 Duo
1023 4938 1186 4987 ubera
1212 4941 1304 4985 tua
1326 4931 1461 4985 sicut
1487 4931 1593 4986 duo
1619 4932 1826 4987 hinnuli
1860 4952 1952 4989 ca-

361 5040 505 5095 prea:
531 5024 757 5094 gemelli,
779 5026 871 5097 qui
893 5035 1184 5096 pascuntur
1208 5026 1264 5079 in
1297 5023 1445 5078 liliis.
1484 5023 1611 5081 Haec
1640 5042 1782 5082 uxor
1806 5036 1863 5083 et
1886 5027 1951 5083 ﬁ-

361 5113 436 5170 lia
464 5124 552 5171 est
572 5117 670 5172 viri
701 5118 784 5173 sui
809 5118 929 5188 agni
954 5125 1010 5171 et
1030 5117 1312 5187 principis,
1338 5115 1425 5173 cui
1447 5116 1563 5187 ipse
1583 5116 1746 5173 dicit:
1775 5117 1950 5184 Quam

360 5202 571 5275 pulchri
598 5216 717 5261 sunt
754 5222 963 5279 gressus
994 5208 1071 5261 tui
1100 5207 1156 5261 in
1192 5206 1572 5273 calciamentis,
1602 5205 1718 5277 ﬁlia
1754 5209 1955 5280 princi-

360 5295 487 5367 pisl

1972 4250 2026 4310 D

2058 3026 2213 3089 pater
2234 3019 2312 3073 ait
2340 3020 2514 3075 eidem
2558 3020 2773 3095 conjugi
2806 3042 2819 3077 :
2851 3025 2992 3079 Audi
3037 3027 3152 3096 ﬁlia
3176 3038 3224 3082 et
3252 3030 3387 3085 vide.
3418 3031 3483 3085 Et
3527 3033 3645 3102 ipse

2058 3117 2251 3163 cantor
2286 3108 2445 3178 hujus
2475 3112 2734 3167 carminis
2781 3114 2957 3169 eidem
2988 3116 3119 3172 dicit
3152 3137 3163 3171 :
3200 3116 3292 3174 Et.
3325 3136 3356 3173 ο
3394 3120 3509 3186 ﬁlia
3539 3121 3650 3192 for.

2058 3197 2266 3264 tissimi,
2298 3199 2353 3253 in
2383 3201 2684 3256 muneribus
2712 3202 2901 3273 faciem
2940 3216 3085 3260 tuam
3119 3207 3536 3280 deprecabuntur
3568 3213 3651 3268 di-

2056 3289 2185 3344 vites
2210 3289 2410 3361 populi.
2437 3289 2563 3347 Hazc
2581 3290 2737 3360 juxta
2769 3294 3116 3353 Hebraicum.
3157 3299 3447 3371 Antiquior
3468 3311 3649 3359 autem

2059 3377 2365 3442 translatio,
2404 3384 2464 3431 ut
2508 3379 2753 3434 eamdem
2800 3381 3084 3455 conjugem
3118 3387 3358 3455 reginam
3395 3394 3449 3441 et
3480 3387 3649 3443 ﬁliam

2059 3469 2204 3539 regis
2231 3468 2561 3535 ostenderet,
2599 3471 2679 3526 sic
2708 3471 2785 3525 ait
2833 3473 2935 3543 ipsi
2984 3475 3138 3545 regi:
3182 3477 3361 3531 Aslitit
3398 3479 3576 3548 regina
3615 3496 3650 3533 a

2056 3557 2256 3612 dextris
2283 3560 2410 3612 tuis.
2441 3559 2507 3613 Et
2530 3569 2655 3631 post
2696 3577 2908 3632 pauca:
2954 3563 3140 3621 Omnis
3173 3568 3343 3637 gloria
3372 3568 3487 3639 ejus
3520 3569 3650 3638 ﬁliae

2057 3648 2193 3717 regis
2216 3647 2281 3700 ab
2311 3648 2472 3703 intus.
2505 3650 2633 3705 Hatc
2662 3653 2849 3722 regina
2894 3669 3002 3708 non
3029 3655 3202 3710 solum
3237 3657 3393 3710 vinea
3421 3665 3523 3722 est,
3553 3659 3650 3714 sed

2056 3745 2111 3791 et
2132 3738 2341 3803 hortus,
2356 3747 2412 3793 et
2434 3739 2576 3794 fons.
2611 3738 2808 3796 Hortus
2832 3743 3111 3798 conclusus
3126 3761 3277 3798 soror
3296 3763 3413 3800 mea
3430 3764 3645 3818 sponsa,

2055 3827 2238 3881 hortus
2274 3827 2573 3892 conclusus,
2619 3830 2737 3899 fons
2774 3833 3034 3900 signatus.
3092 3832 3306 3888 Dicitur
3330 3845 3386 3891 et
3428 3837 3645 3905 mulier,

2055 3918 2198 3973 sicut
2245 3917 2506 3986 scriptum
2533 3926 2618 3974 est
2661 3937 2674 3973 :
2707 3920 2983 3975 Mulierem
3015 3922 3204 3993 fortem
3229 3928 3345 3997 quis
3375 3930 3645 3985 inveniet?

2054 4014 2122 4068 Et
2144 4019 2268 4083 post
2296 4011 2478 4084 aliqua
2504 4031 2517 4067 :
2549 4012 2757 4069 Nobilis
2786 4016 2841 4069 in
2866 4018 3032 4087 portis
3057 4018 3135 4072 vir
3160 4019 3298 4089 ejus,
3321 4022 3532 4093 quando
3565 4041 3647 4079 se-

2052 4104 2188 4160 derit
2218 4123 2337 4160 cum
2361 4107 2690 4161 senatoribus
2718 4115 2891 4163 terrw.
2924 4108 2980 4163 lu
3009 4109 3130 4181 ejus
3159 4126 3392 4182 persona
3420 4115 3645 4185 quibus-

2053 4198 2178 4253 dam
2218 4198 2467 4255 ﬁdelibus
2494 4207 2551 4254 et
2577 4198 2778 4255 Paulus
2819 4201 3010 4256 scribit
3050 4242 3064 4257 .
3101 4202 3367 4275 Despondi
3392 4208 3531 4261 enim
3558 4224 3646 4263 vos

2054 4289 2148 4341 uni
2178 4288 2288 4342 viro
2314 4290 2568 4359 virginem
2596 4299 2797 4344 castam
2843 4292 3085 4347 exhibere
3114 4291 3344 4348 Christo.
3388 4295 3488 4351 Cui
3531 4298 3647 4367 ipse

2054 4379 2303 4436 Christus
2332 4380 2593 4437 Dominus
2623 4382 2864 4453 loquitur
2897 4402 2909 4436 :
2953 4383 3085 4438 Tota
3125 4386 3347 4456 pulchra
3368 4404 3442 4454 es,
3472 4390 3644 4443 amica

2053 4487 2190 4537 mea,
2221 4480 2269 4526 et
2294 4472 2506 4526 macula
2530 4490 2634 4527 non
2660 4485 2735 4529 est
2760 4475 2816 4527 in
2840 4484 2908 4528 te.
2948 4475 3018 4530 Et
3048 4475 3135 4530 illa
3172 4476 3240 4532 de
3269 4476 3361 4532 illo
3398 4496 3411 4532 :
3454 4478 3645 4533 Veniat

2053 4560 2275 4616 dilectus
2325 4578 2468 4618 meus
2494 4564 2553 4618 in
2597 4564 2806 4618 hortum
2834 4580 3013 4631 suum,
3050 4575 3099 4619 et
3141 4568 3382 4621 comedat
3411 4568 3642 4638 fructum

2051 4667 2324 4723 pomorum
2350 4672 2587 4711 suorum.

2128 4753 2214 4809 lV.
2252 4752 2358 4808 Ista
2391 4765 2586 4821 sponsa
2613 4749 2816 4821 regina,
2849 4756 2904 4803 et
2930 4764 3068 4805 uxor
3096 4757 3153 4804 et
3181 4749 3375 4805 ancilla
3397 4760 3500 4807 est.
3537 4751 3647 4808 Sed

2056 4844 2160 4903 hoc
2197 4859 2304 4898 non
2330 4843 2550 4897 mirum.
2583 4840 2778 4895 Mirum
2810 4848 2989 4896 tamen
3016 4848 3072 4897 et
3095 4840 3243 4896 omni
3271 4841 3645 4897 misericordia

2059 4935 2310 5007 plenum,
2342 4933 2487 5003 quod
2527 4932 2613 4985 vir
2640 4929 2760 5001 ejus
2808 4937 2866 4985 et
2908 4930 3190 4998 dominus,
3233 4930 3399 4985 etiam
3429 4930 3645 4987 domina

2056 5038 2142 5086 est
2178 5028 2273 5091 illi,
2306 5026 2447 5081 sicut
2478 5024 2768 5081 Psalmista
2813 5024 3067 5080 decantat
3111 5042 3125 5077 :
3171 5023 3324 5080 Sicut
3368 5023 3509 5076 oculi
3550 5040 3648 5078 an-

2052 5119 2192 5177 cillce
2213 5119 2283 5174 ad
2306 5133 2522 5193 manujn
2542 5116 2771 5171 domina:
2802 5130 2932 5182 sua,
2962 5116 3039 5169 ita
3068 5113 3209 5168 oculi
3239 5112 3410 5167 nostri
3431 5112 3502 5167 ad
3527 5113 3640 5169 Do-

2054 5210 2257 5264 minum
2290 5207 2460 5262 Deum
2500 5214 2759 5261 nostrum.
2806 5204 2938 5272 Quae
2985 5203 3150 5259 etiam
3197 5200 3395 5258 mulier
3445 5203 3649 5260 dicitur

2055 5302 2262 5357 habens
2289 5300 2543 5371 dragmas
2563 5299 2783 5366 decem,
2808 5312 2959 5368 quae,
2989 5294 3201 5366 perdita
3224 5310 3333 5351 una
3349 5337 3365 5364 ,
3397 5298 3648 5355 accendit

1751 5417 2023 5476 BALUZII
2062 5416 2296 5475 NOTAE.

436 5519 462 5549 ι
506 5505 654 5562 Unus
708 5517 782 5562 est
833 5523 1074 5577 sponsus,
1133 5507 1185 5562 id
1239 5515 1346 5573 est,
1400 5507 1673 5577 Christus,
1704 5528 1867 5568 verus
1894 5520 1951 5569 et

362 5594 506 5649 unus
535 5585 738 5634 sanctae
768 5576 1023 5649 Ecclesia:
1040 5593 1299 5649 sponsus.
1334 5578 1468 5635 Vide
1501 5595 1664 5649 supra
1720 5583 1772 5637 in
1805 5584 1949 5639 notis

360 5648 430 5703 ad
460 5649 743 5719 epistulam
772 5648 837 5703 ad
868 5646 1185 5704 Nibridium.

2133 5511 2160 5552 ι’
2191 5508 2535 5566 Commendat
2586 5508 2738 5581 beato
2790 5505 2974 5574 Petro,
3016 5506 3213 5581 idest,
3258 5507 3561 5581 episcopis.
3591 5516 3647 5564 ut

2060 5582 2335 5666 explicant
2363 5589 2596 5637 veteres.
2642 5578 2775 5635 Vide
2821 5587 2981 5637 notas
3027 5579 3096 5636 ad
3127 5595 3213 5652 ep.
3249 5578 3316 5637 84
3347 5578 3481 5650 Lupi
3512 5579 3644 5633 Fer-

2063 5671 2118 5708 ra
2127 5668 2321 5708 l‘lBllSlS
2335 5689 2357 5708 ο
