4010 6184
348 268 443 327 Νι

1340 263 1396 317 S.
1437 261 1788 321 ACOBARDI
1826 258 2134 318 EPISCOPl
2168 258 2656 319 LUGDUNENSIS

3527 264 3623 323 191

340 381 655 445 lucernam,
686 379 889 434 everrit
912 378 1160 443 domum,
1193 364 1470 447 quaesivit,
1500 385 1557 433 et
1585 376 1808 432 invenit.
1842 374 1935 430 Di-
1960 375 2014 435 Α
2037 380 2085 425 et
2137 371 2447 427 habitabant
2493 376 2548 427 in
2596 381 2644 428 te
2693 374 2793 443 ﬁlii
2848 374 2945 427 tui.
2999 372 3066 427 Et
3112 373 3357 444 gaudebit
3403 390 3629 444 sponsus

343 474 488 530 citur
529 479 585 527 et
611 479 806 536 mater,
848 469 987 524 sicut
1015 469 1129 539 ipse
1163 483 1262 537 per
1303 466 1499 522 Isaiam
1542 467 1802 537 loquitur,
1844 465 1926 522 di-

345 580 475 623 oens
505 579 519 618 :
556 562 830 630 Quomodo
854 562 901 616 si
931 562 1016 614 cui
1052 570 1221 615 mater
1255 559 1547 626 blanditur,
1578 561 1653 613 ita
1680 575 1773 629 ego
1801 575 1929 612 con-

344 656 546 711 solabor
605 670 713 709 vos.
764 654 904 708 Vere
955 653 1100 707 enim
1150 660 1205 707 et
1248 662 1424 707 mater
1461 661 1519 706 et
1570 651 1787 707 domina
1824 656 1929 712 est,

343 748 517 802 virtus
543 754 598 801 et
624 745 909 816 sapientia,
938 743 1196 799 fortitudo
1224 752 1279 799 et
1308 744 1501 815 gloria,
1528 742 1859 797 resurrectio
1878 747 1934 796 et

343 839 453 893 vita
474 878 488 900 ,
521 838 608 891 via
637 845 692 891 et
720 836 951 900 veritas,
981 835 1307 890 illuminatio
1346 842 1402 888 et
1431 834 1608 901 salus,
1648 842 1704 889 et
1736 841 1934 889 cratera

346 929 674 1000 huiusmodi.

421 1021 484 1076 γ.
529 1019 662 1073 illud
686 1033 899 1088 quoque
926 1033 1034 1071 non
1058 1017 1238 1071 minus
1266 1016 1465 1071 mirum
1490 1015 1635 1084 quod
1660 1014 1855 1069 ancilla
1880 1020 1938 1069 et

345 1112 517 1167 amica
544 1111 709 1166 etiam
738 1118 913 1163 mater
941 1108 1155 1163 Domini
1179 1108 1260 1161 sui
1282 1123 1403 1163 esse
1428 1116 1628 1177 potest,
1662 1106 1752 1161 illo
1776 1106 1936 1162 modo

248 1246 263 1256 .
345 1217 454 1272 quo
482 1201 744 1255 Dominus
770 1201 848 1253 ait
879 1217 894 1254 :
926 1197 1236 1268 Quicunque
1255 1200 1394 1252 enim
1421 1197 1598 1265 fecerit
1620 1196 1936 1252 voluntatem

345 1290 528 1346 Patris
558 1292 678 1353 mei,
705 1290 795 1361 qui
818 1291 875 1343 in
902 1288 1042 1344 caelis
1070 1300 1169 1354 est,
1207 1290 1316 1360 ipse
1347 1306 1497 1343 meus
1520 1288 1688 1358 frater
1709 1296 1758 1341 et
1785 1304 1939 1342 soror

343 1392 392 1436 et
420 1390 588 1435 mater
609 1388 707 1435 est.
743 1380 897 1448 Quod
931 1388 987 1435 et
1020 1379 1313 1451 Apostolus
1346 1379 1413 1433 de
1443 1394 1501 1434 se
1528 1379 1645 1449 ipso
1674 1378 1753 1433 ait
1787 1397 1799 1431 :
1836 1376 1935 1431 Fi-

341 1472 458 1527 lioli
500 1472 625 1539 mei,
652 1488 781 1543 quos
816 1472 1004 1525 iterum
1027 1470 1269 1542 parturio
1306 1471 1471 1525 donec
1502 1469 1760 1539 formetur
1784 1466 1938 1524 Chri-

344 1575 456 1621 stus
487 1566 542 1621 in
570 1566 732 1620 vobis.

424 1656 505 1711 Vl.
546 1655 673 1711 Haec
719 1655 1038 1726 multiplicia
1083 1654 1306 1710 nomina
1361 1653 1547 1722 sponsi
1593 1661 1651 1708 et
1697 1668 1927 1723 sponsae,

2031 480 2187 534 super
2215 479 2484 534 sponsam,
2516 473 2565 518 et
2616 464 2863 534 gaudebit
2892 480 3047 535 super
3092 474 3142 518 te
3186 465 3328 521 Deus
3375 475 3501 519 tuus
3563 465 3627 523 Et

2030 556 2321 627 Apostolus
2344 564 2529 627 aperte
2555 557 2813 622 ostendit,
2846 559 3032 613 dicens
3058 577 3071 612 :
3104 556 3252 614 Sicut
3276 558 3413 613 enim
3437 576 3629 629 corpus

2033 660 2195 698 unum
2243 653 2361 711 est,
2412 655 2460 699 et
2496 646 2723 700 membra
2771 646 2924 701 habet
2970 646 3168 711 multa,
3222 649 3401 701 omnia
3451 659 3626 704 autent

2031 737 2263 793 membra
2288 740 2523 810 corporis
2564 757 2682 794 cum
2710 750 2813 796 sint
2844 738 3033 806 multa,
3061 758 3225 795 unum
3251 758 3444 813 corpus
3480 751 3627 809 sunt,

2034 829 2108 882 ita
2144 839 2192 883 et
2232 829 2491 885 Christus.
2537 831 2747 886 Etenim
2784 834 2839 887 in
2874 849 2980 887 uno
3019 834 3207 903 spiritu
3243 850 3419 888 omnes
3451 851 3542 888 nos
3570 834 3629 891 in

2032 936 2198 973 unum
2227 937 2415 991 corpus
2444 921 2697 992 baptizati
2723 939 2904 976 sumus
2928 962 2942 987 ,
2982 923 3086 976 sive
3112 922 3291 977 Juda’i
3313 964 3326 989 ,
3368 924 3475 979 sive
3503 942 3626 994 geu-

2035 1009 2149 1063 tiles
2171 1051 2184 1074 ,
2218 1012 2323 1064 sive
2352 1013 2515 1076 servi,
2556 1014 2660 1067 sive
2688 1013 2868 1079 liberi,
2911 1023 2960 1068 et
2988 1031 3166 1068 omnes
3205 1016 3261 1069 in
3296 1033 3401 1071 uno
3438 1019 3625 1087 spiritu

2034 1102 2199 1172 potati
2237 1119 2439 1157 sumus.
2488 1103 2626 1170 Quia
2663 1104 2914 1160 videlicet
2938 1106 3082 1161 hanc
3111 1106 3372 1162 unitatem
3403 1108 3625 1178 spiritus

2036 1194 2239 1249 Christi
2270 1194 2420 1249 facit.

2108 1285 2239 1341 Vlll.
2279 1286 2405 1342 llmc
2449 1296 2577 1345 sunt
2614 1304 2735 1359 quae
2782 1287 3130 1346 ineﬁ‘abiliter
3168 1288 3625 1359 iucundissimam

2037 1384 2299 1446 prtestant
2324 1378 2696 1433 avocationem
2724 1378 2826 1449 pia:
2850 1387 2905 1434 et
2930 1378 3074 1434 ﬁdeli
3105 1380 3302 1435 anima:
3326 1423 3340 1447 ,
3374 1390 3430 1437 et
3461 1382 3625 1438 talem

2037 1466 2434 1534 avocationem,
2465 1466 2638 1538 qualis
2685 1469 2739 1523 in
2787 1471 3043 1541 pncsenti
3083 1470 3195 1526 vita
3243 1486 3310 1526 ex
3350 1482 3626 1527 creatura-

2039 1573 2158 1612 rum
2206 1559 2661 1629 contemplatione
2703 1559 2850 1613 nulla
2903 1576 3024 1616 esse
3071 1570 3287 1632 potest,
3327 1570 3412 1628 et,
3454 1571 3514 1617 ut
3551 1564 3625 1617 ita

2039 1650 2216 1706 dicam
2261 1650 2617 1715 conﬁdenter,
2660 1652 2714 1707 in
2745 1654 2997 1708 omnibus
3030 1655 3287 1725 Operibus
3313 1654 3407 1710 Dei
3436 1656 3623 1710 visibi-

344 1746 549 1803 Christi
586 1753 642 1801 et
684 1722 969 1810 Ecclesiae,
1001 1761 1111 1800 non
1143 1746 1209 1801 de
1248 1745 1517 1815 aliquibus
1554 1722 1741 1817 gestis
1761 1745 1934 1800 hisls-
1960 1722 2009 1782 Β
2035 1743 2177 1799 libus
2212 1752 2270 1799 et
2318 1743 2681 1800 invisibilihus
2714 1745 2859 1800 nulla
2907 1722 3100 1802 similis
3146 1747 3376 1803 inveniri
3423 1757 3623 1819 potest.

346 1837 474 1893 ricis
502 1837 667 1908 (sicut
709 1846 811 1903 est,
861 1852 984 1891 cum
1029 1836 1311 1909 Scriptura
1352 1837 1418 1892 de
1465 1836 1625 1903 Sara,
1648 1835 1932 1903 'Rehecca,

347 1927 547 1985 Rachel
598 1930 856 2001 loquitur,
905 1928 960 1983 in
1004 1930 1198 2000 quibus
1254 1928 1565 1998 coniunctio
1623 1926 1828 1984 Christi
1880 1935 1937 1983 et

346 2019 603 2076 Ecclesia:
632 2020 861 2093 ﬁgurata
902 2020 1007 2094 cst)
1026 2062 1040 2087 ,
1071 2036 1172 2075 nec
1198 2020 1264 2075 de
1300 2034 1365 2074 eo
1402 2018 1688 2075 locutionis
1714 2033 1931 2090 genere,

345 2127 453 2181 quo
492 2111 545 2166 in
590 2113 750 2167 rebus
796 2111 1144 2168 sensibilibus
1191 2110 1548 2184 signiﬁcativa
1592 2113 1936 2182 praenuntia-

349 2205 498 2259 tione
535 2212 808 2273 ponuntur
843 2202 1006 2275 (sicut
1045 2211 1130 2259 est
1155 2218 1311 2259 mons
1348 2204 1540 2259 domus
1566 2204 1813 2271 Domini,
1843 2204 1936 2259 ubi

348 2310 508 2350 mons
540 2289 828 2349 Dominum
867 2303 923 2349 et
966 2294 1158 2350 domus
1202 2293 1489 2350 ecclesiam
1539 2294 1832 2367 signiﬁcat)
1881 2301 1939 2374 et

347 2385 517 2441 multa
546 2383 871 2453 huiusmodi,
906 2392 1182 2454 assumpta
1229 2391 1386 2450 sunt;
1430 2384 1525 2439 sed
1553 2382 1621 2437 de
1657 2383 1764 2437 illis
1803 2382 1937 2437 locis

350 2479 441 2534 ubi
474 2478 526 2532 in
559 2478 704 2532 illam
732 2478 1041 2532 ordinatam
1079 2476 1445 2531 narrationem
1479 2484 1754 2546 gestorum
1785 2472 1935 2530 Scri-

349 2578 471 2625 tura
499 2570 845 2638 exsequitur,
876 2569 973 2624 sed
1000 2575 1209 2623 tantum
1241 2568 1473 2624 diversis
1499 2565 1808 2635 huiusmodi
1834 2555 1935 2621 nol

346 2660 582 2715 minibus
613 2659 890 2715 Christum
914 2665 968 2713 et
992 2658 1291 2713 Ecclesiam
1322 2657 1546 2722 indicat,
1575 2664 1630 2711 et
1656 2657 1712 2711 in
1741 2656 1940 2725 quibus

342 2753 522 2810 nullus
553 2754 627 2808 ita
670 2752 933 2822 insipiens
978 2759 1061 2806 est
1105 2759 1167 2806 ut
1199 2750 1346 2805 aliud
1372 2749 1723 2819 qurerendum
1752 2748 1940 2804 existi-

349 2853 479 2910 met,
504 2845 609 2900 nisi
636 2843 912 2899 Christum
940 2850 998 2897 et
1029 2841 1351 2897 Ecelesiam.

419 2933 530 2989 Vll.
574 2932 817 2987 Miranda
850 2945 982 2985 vero
1010 2929 1321 2986 Conditoris
1357 2928 1667 3001 benignitas
1702 2929 1940 2986 ostendi-

347 3032 466 3091 tur;
499 3039 624 3079 cum
670 3030 822 3078 tanta
856 3022 1075 3100 imitate
1112 3034 1138 3063 ι
1182 3036 1382 3097 corpus
1419 3022 1583 3091 capiti
1635 3023 1934 3089 adhaereat,
1965 3065 2010 3128 Ο

345 3122 399 3171 et
432 3122 594 3186 caput
622 3114 837 3185 corpori
882 3113 1200 3183 praesideat,
1252 3114 1390 3169 sicut
1429 3112 1698 3185 Propheta
1742 3115 1942 3171 decan-

351 3215 429 3263 tat
481 3224 494 3261 :
549 3206 735 3261 Induit
787 3222 867 3259 me
909 3206 1223 3259 vestimentis
1271 3202 1492 3271 salutis,
1537 3215 1585 3259 et
1636 3206 1938 3261 indumento

335 3298 565 3366 justitiw
592 3296 935 3351 circumdedit
964 3312 1046 3350 me
1068 3295 1221 3368 quasi
1246 3310 1496 3367 sponsum
1524 3296 1827 3350 decoratum
1851 3314 1940 3350 co-

348 3406 515 3454 rona,
548 3396 597 3442 et
624 3389 775 3458 quasi
805 3404 1052 3458 sponsam
1084 3396 1326 3441 ornatam
1367 3386 1648 3442 monilibus
1687 3388 1816 3442 suis.
1870 3388 1941 3443 Et

347 3489 473 3549 post
505 3480 687 3550 aliqua
735 3498 749 3534 :
801 3478 1077 3569 Habitabit
1118 3480 1256 3533 enim
1297 3478 1500 3547 iuvenis
1551 3496 1670 3533 cum
1715 3480 1935 3549 virgine,

2034 1832 2112 1888 De
2160 1833 2264 1888 hac
2308 1833 2630 1889 avocatione
2659 1833 2921 1889 Dominus
2959 1836 3207 1907 praecipit
3245 1852 3343 1908 per
3384 1837 3627 1908 Prophe-

2036 1930 2146 1978 tam
2177 1940 2189 1977 :
2224 1922 2526 1994 Loquimini
2565 1923 2635 1978 ad
2672 1941 2764 1978 cor
2794 1923 2996 1991 Israel,
3032 1936 3081 1981 et
3123 1937 3335 1982 avocata
3370 1945 3506 1983 eam.
3549 1928 3628 1985 De

2034 2013 2138 2069 hac
2188 2013 2355 2070 etiam
2403 2014 2488 2069 vir
2533 2031 2656 2070 cum
2702 2031 2811 2085 quo
2858 2025 2941 2072 est
2981 2018 3122 2075 Deus
3169 2018 3220 2073 in
3266 2020 3474 2075 visione
3518 2038 3625 2094 qua

2034 2104 2271 2160 erudivit
2301 2120 2427 2160 eum
2456 2113 2634 2161 mater
2661 2120 2778 2172 sua,
2809 2108 3041 2179 mystico
3084 2124 3354 2173 sermone,
3383 2110 3461 2165 sic
3489 2126 3629 2180 pne-

2035 2196 2212 2267 cipit:
2256 2196 2393 2251 Date
2435 2196 2661 2251 siceram
2702 2198 3053 2261 maerentibus,
3103 2209 3151 2254 et
3205 2200 3381 2254 vinum
3419 2201 3499 2255 his
3534 2202 3625 2273 qui

2035 2303 2219 2341 amaro
2256 2296 2377 2341 sunt
2415 2287 2612 2341 animo.
2649 2286 2865 2352 Bibant,
2904 2287 3360 2343 et‘obliviscantur
3387 2291 3627 2360 egestatis

2034 2394 2165 2442 suae,
2204 2386 2250 2431 et
2288 2376 2490 2431 doloris
2515 2378 2599 2432 sui
2630 2394 2735 2431 non
2764 2377 3106 2431 recordentur
3133 2378 3379 2450 amplius.
3420 2380 3495 2436 De
3525 2381 3627 2436 hac

2036 2474 2092 2521 et
2140 2466 2467 2534 Psalmista,
2506 2483 2628 2523 cum
2676 2468 2895 2523 beatum
2942 2468 3152 2524 diceret
3193 2485 3316 2525 eum
3375 2472 3466 2541 qui
3519 2487 3628 2527 non

2038 2560 2276 2630 respexit
2300 2560 2355 2613 in
2384 2560 2684 2615 vanitatem
2712 2567 2766 2614 et
2792 2561 3037 2617 insanias
3065 2560 3250 2626 falsas,
3279 2562 3365 2617 vel
3394 2563 3537 2618 sicut
3568 2562 3628 2618 in

2037 2651 2304 2707 Hebraico
2354 2652 2592 2721 legitur,
2648 2653 2716 2707 ad
2763 2652 3045 2723 superbias
3092 2669 3421 2724 pompasque
3476 2670 3631 2711 men-

2038 2742 2213 2808 dacii,
2262 2742 2317 2797 in
2345 2743 2544 2813 quibus
2588 2752 2714 2798 sunt
2755 2744 3103 2800 avocationes
3148 2745 3449 2800 carnalium
3479 2762 3632 2803 nien-

1976 2856 1983 2863 ·
2039 2836 2209 2902 tium,
2259 2834 2539 2907 subiunxit
2592 2854 2605 2892 :
2644 2836 2819 2891 Multa
2865 2837 3074 2908 fecisti,
3109 2847 3166 2892 tu
3215 2838 3437 2894 Domine
3488 2839 3629 2895 Deus

2038 2943 2187 2983 meus
2211 2967 2227 2994 ,
2273 2927 2539 2983 mirabilia
2578 2937 2669 2983 tua
2699 2970 2712 2994 ,
2745 2937 2795 2982 et
2833 2928 3232 3000 cegitationibus
3265 2930 3368 2984 tuis
3403 2948 3505 2985 non
3552 2940 3627 2985 est

2039 3016 2129 3089 qui
2155 3019 2345 3074 similis
2376 3020 2442 3074 sit
2469 3021 2566 3075 tui.

2111 3111 2204 3166 1X.
2235 3111 2376 3182 Ergo
2400 3110 2708 3182 quicunque
2729 3110 3131 3184 praedicationis
3152 3109 3385 3168 ollicium
3415 3122 3471 3168 ct
3496 3114 3522 3153 ι)
3553 3114 3631 3168 Ιο-

2042 3219 2165 3259 cum
2196 3202 2474 3274 regimiuis
2520 3204 2800 3275 suscepit,
2831 3212 2888 3259 et
2932 3201 3158 3275 negligit
3195 3203 3251 3258 in
3289 3204 3373 3260 his
3404 3206 3631 3261 summis

2041 3295 2226 3359 rebus,
2256 3294 2399 3365 quod
2430 3302 2513 3349 est
2541 3311 2811 3350 summum
2837 3295 3225 3351 misericordiae
3255 3295 3370 3363 Dei,
3399 3312 3630 3352 avocare

2041 3389 2247 3443 amicos
2286 3386 2546 3451 ﬁdelium,
2587 3394 2640 3441 et
2683 3385 2879 3456 quznrit
2925 3386 3350 3441 consolationem
3399 3396 3455 3442 et
3503 3403 3629 3441 avo-

2040 3479 2314 3534 cationem
2346 3487 2369 3515 ο
2403 3476 2459 3531 in
2489 3476 2724 3541 divitiis,
2767 3477 2821 3532 in
2870 3475 2896 3516 δ
2935 3477 3276 3532 ornamentis
3316 3478 3625 3544 metallicis,

1706 3594 1983 3653 BALUZII
2020 3591 2254 3651 NOTAE.

420 3702 447 3730 ι
486 3687 688 3759 Corpus
736 3688 914 3759 capiti,
944 3688 1002 3744 id
1039 3695 1145 3753 est,
1185 3688 1438 3745 Christus
1470 3688 1746 3745 Ecclesiae.
1778 3688 1935 3743 Chri-

344 3768 462 3817 stus
487 3758 633 3842 enim
662 3767 748 3814 est
776 3758 1268 3842 caputﬂEcclesim.
1317 3760 1584 3842 Episcopi
1596 3768 1776 3842 autem
1805 3766 1934 3842 sunt

343 3830 589 3885 membra
644 3828 891 3899 corporis
945 3828 1171 3896 Christi,
1231 3828 1488 3899 quodest
1515 3828 1805 3885 'Ecclesia.
1840 3828 1934 3883 Sic

344 3900 489 3971 enim
519 3900 709 3971 scribit
734 3898 1035 3969 Gregorius
1061 3899 1081 3954 1
1108 3898 1259 3971 papa
1274 3900 1343 3955 ad
1371 3898 1690 3956 Ianuarium
1720 3900 1935 3971 archie-

385 3970 629 4040 iscopum
679 3969 1049 4025 Calaritauum
1097 3969 1194 4025 lib.
1230 3986 1266 4033 ι,
1298 3972 1460 4040 epist.
1502 3971 1616 4026 60:
1657 3989 1675 4020 ι
1729 3969 1788 4025 Si
1819 3971 1934 4040 ipse

430 4040 607 4095 minus
636 4048 827 4111 noster
845 4041 1130 4095 viduarum
1160 4057 1220 4096 se
1246 4043 1502 4096 maritum
1530 4042 1935 4111 orphanorum-

343 4124 449 4180 que
476 4120 686 4180 patrem
715 4108 1013 4181 Scriptorte
1038 4126 1205 4165 sacrm
1248 4110 1543 4181 proﬁtetur
1597 4108 1932 4181 testimonio,

345 4178 447 4234 rios
478 4178 717 4249 'quoque
751 4178 997 4234 meinbra
1047 4178 1289 4249 corporis
1323 4178 1441 4249 ejus
1494 4180 1561 4234 ad
1612 4180 1935 4234 imitandum

346 4254 512 4317 caput
538 4264 752 4304 summo
789 4249 1046 4304 debemus
1095 4248 1294 4304 mentis
1324 4248 1520 4304 aﬁ'ectu
1568 4250 1871 4305 intendere.
1909 4269 1927 4303 ι

349 4315 485 4373 Vide
513 4320 762 4373 eumdem
791 4317 1112 4388 Gregorium
1142 4319 1234 4373 lib.
1293 4336 1358 4387 ii,
1415 4321 1575 4389 epist.
1630 4319 1722 4385 37,
1752 4328 1808 4376 et
1838 4321 1932 4376 lib.

350 4404 445 4443 vn.
504 4389 665 4443 eoist.
700 4387 821 4443 no.

350 4404 445 4451 vn.
504 4389 665 4451 epist.
700 4389 821 4443 no.

700 4406 978 4532 irietg’intinis
1014 4462 1260 4532 suscepit.
1292 4461 1530 4532 Audiant
1554 4459 1821 4532 episcopi.-
1841 4460 1933 4516 Ait

346 4528 665 4600 Agobardus
697 4528 823 4584 eum
850 4530 940 4600 qui
970 4528 1378 4599 praedicationis
1409 4528 1642 4589 oﬁieiuin
1672 4528 1932 4587 et'locum

342 4600 625 4673 regiminis
651 4603 966 4673 suscepitet
1014 4601 1260 4673 negligit,
1292 4617 1627 4673 operamque
1651 4601 1748 4657 dat
1767 4617 1935 4657 vena-

342 4668 501 4734 tio'ni,
554 4668 922 4740 aucupationi,
986 4668 1296 4740 pisc'ati'oni,
1328 4668 1685 4741 laterisque
1746 4673 1927 4727 saeculi

340 4740 778 4804 oblectamentis,
832 4743 1000 4812 hunc,
1039 4742 1355 4812 episcopum
1389 4759 1508 4812 non
1528 4740 1667 4804 esse,
1716 4742 1810 4796 sed
1839 4743 1932 4797 de-

342 4818 669 4882 stmctorem
706 4811 889 4882 operis
911 4810 1029 4875 Dei,
1056 4810 1121 4865 ac
1147 4810 1248 4882 per
1276 4813 1379 4868 hoc
1430 4811 1729 4880 adiutorem
1775 4812 1931 4867 Anti-

341 4881 559 4937 christi.
597 4879 716 4935 Non
743 4879 757 4880 “
778 4881 1109 4935 abhorrebat
1135 4879 1166 4935 si
1192 4883 1465 4937 sententia
1497 4879 1797 4939 ’Auobardi
1823 4883 1929 4939 Ar-

344 4950 577 5023 nulphus
607 4964 894 5023 episcopus
946 4948 1369 5023 Aurelianensis,
1428 4969 1552 5009 cum
1575 4948 1699 5009 haec
1739 4954 1932 5009 adver-

345 5018 456 5095 sus
491 5018 801 5095 episcopum
858 5018 1160 5095 Romanum
1198 5021 1564 5095 geloqueretur
1590 5024 1674 5095 fin
1722 5025 1931 5095 synodo

342 5089 637 5165 lthemensi
673 5089 934 5165 adversus
986 5089 1347 5165 Arqulphom',
1401 5111 1524 5165 cap.
1578 5094 1648 5149 28
1681 5113 1693 5149 :
1731 5089 1766 5145 «⁷
1788 5095 1930 5160 Quid

344 5161 511 5226 hunc,
539 5161 742 5232 inquit,
774 5161 1057 5221 reverendi
1086 5161 1297 5229 Patres,
1323 5165 1379 5218 in
1409 5161 1631 5221 sublimi
1664 5165 1805 5221 solio
1842 5180 1932 5219 re-

345 5232 635 5305 sidentem,
662 5241 816 5289 veste
847 5247 1120 5303 purpurea
1163 5242 1410 5305 etaurea
1442 5237 1766 5299 radiantem,
1799 5234 1930 5305 quid

343 5300 509 5373 hunc,
538 5303 781 5373 inquam,
808 5300 929 5357 esse
950 5300 1248 5358 censetis?
1286 5304 1551 5359 Nimirum
1582 5305 1626 5359 si
1658 5300 1928 5360 charitate

344 5370 673 5443 destituitur,
728 5373 949 5443 solaque
998 5373 1231 5429 scientia
1285 5374 1499 5429 inﬂatur
1549 5383 1603 5428 et
1628 5374 1922 5435 extollit-ir,

341 5438 714 5513 Antichristus
737 5451 822 5498 est
850 5438 903 5496 in
933 5444 1133 5513 templo
1164 5444 1257 5499 Dei
1300 5445 1518 5510 sedens,
1575 5454 1629 5499 et
1658 5460 1716 5499 se
1743 5452 1928 5499 osten-

343 5510 479 5586 deus
538 5520 819 5586 tanquam
854 5513 927 5566 sit
985 5510 1149 5586 Deus.
1186 5534 1205 5567 ι
1242 5514 1309 5586 Et
1368 5531 1582 5586 semper
1636 5516 1811 5568 visunt
1844 5522 1927 5569 est

344 5578 593 5656 alienum-
623 5578 937 5656 a’dignitatc
965 5583 1283 5656 sacerdotali
1314 5578 1666 5656 s.'ec_ularibusr
1694 5586 1926 5656 negotiis

342 5657 398 5723 et
422 5650 874 5723 soliicitudin'ibns
901 5652 1085 5723 mundi
1114 5655 1386 5723 occupari.
1414 5654 1560 5709 Istud
1586 5655 1729 5709 enim
1759 5650 1923 5709 ctiam

343 5719 401 5775 in
439 5720 632 5793 scipsis
661 5720 880 5793 culpant
907 5721 1141 5793 episcopi
1168 5724 1219 5778 in
1246 5719 1452 5793 synodo
1478 5725 1771 5782 Parisiensi
1799 5740 1924 5779 con-

1957 4424 2013 4483 D

2038 3688 2248 3759 gregali
2300 3703 2390 3759 an.
2437 3688 2543 3745 8‘29
2570 3687 2640 3743 ad
2686 3686 3021 3759 Ludovicum
3076 3686 3234 3743 Pium
3285 3690 3623 3744 scribentes:

2045 3757 2064 3809 ἆ
2112 3757 2444 3831 Sacerdotes
2462 3759 2662 3831 partim
2702 3757 3043 3831 negligentia,
3070 3758 3622 3831 partimgignorantia,

2037 3828 2237 3900 partim
2267 3828 2586 3900 cupiditate,
2618 3827 2673 3900 in
2710 3827 3399 3900 Stecularibus'negotiis'et
3424 3829 3627 3885 sollici-

2041 3898 2317 3954 tudinibus
2346 3899 2530 3954 mundi
2580 3898 2720 3953 ultra
2787 3914 2952 3969 quam
2975 3898 3262 3955 debuerint
3296 3914 3355 3955 so
3389 3915 3622 3971 occupa-

2040 3976 2252 4026 verunt.
2292 3988 2312 4022 ι

2112 4038 2248 4112 ομιῃ
2282 4039 2499 4112 divitiis.
2541 4038 3008 4112 Damnatdiviti‘as
3036 4039 3093 4112 in
3144 4040 3506 4112 episcopOLut
3532 4042 3625 4111 qui

2037 4108 2242 4181 Christi
2272 4111 2526 4181 pauperis
2571 4110 2755 4181 locum
2777 4111 2833 4163 in
2883 4109 3125 4165 Ecclesia
3158 4108 3356 4181 teneat.
3400 4109 3508 4166 Sed
3537 4108 3624 4166 in-

2038 4179 2251 4252 telligit,
2275 4179 2495 4252 opinor,
2525 4194 2651 4252 eum
2677 4180 2987 4252 episcopum
3007 4196 3128 4236 esse
3144 4180 3501 4252 culpandum,
3531 4182 3625 4252 qui

2038 4250 2244 4304 divitiis
2275 4250 2416 4304 male
2460 4250 2648 4313 utitur,
2680 4249 2749 4305 ad
2779 4249 2966 4304 luxum
3016 4249 3291 4316 videlicet,
3347 4252 3414 4307 ad
3450 4249 3627 4308 libidi-

2038 4334 2187 4383 nem,
2219 4321 2527 4384 avaritiam,
2554 4328 2610 4375 et
2657 4328 2852 4375 caetera
2878 4319 3146 4376 malarum
3176 4322 3436 4377 mentium
3468 4321 3621 4377 vitia.

2039 4388 2173 4444 Nam
2202 4389 2313 4461 quir
2328 4404 2593 4461 pauperes
2620 4391 2811 4461 nutrit,
2857 4389 3122 4446 ecclesias
3169 4393 3419 4456 aediﬁcat,
3452 4392 3624 4445 mittit

2074 4461 2126 4515 ui
2157 4460 2381 4530 populos
2410 4460 2463 4515 in
2509 4460 2933 4531 ﬁdeinstruant,
2974 4461 3021 4516 is
3048 4477 3179 4518 vero
3234 4478 3512 4531 nunquam
3540 4471 3625 4517 sat

2072 4531 2184 4586 ives
2212 4531 2338 4595 erit,
2377 4532 2593 4585 tametsi
2626 4530 2920 4585 immensos
2947 4532 3142 4587 habeat
3165 4530 3469 4587 thesauros.

2102 4600 2146 4674 d_
2172 4597 2509 4674 Ornamentis
2538 4599 2831 4674 metallicis.
2865 4602 3010 4656 Istud
3059 4603 3235 4674 ipsum
3256 4604 3492 4674 graviter
3522 4618 3618 4657 ex-

2032 4670 2455 4743 prohratumalis
2511 4672 2782 4743 cpisQOpis
2834 4680 3056 4743 sanctus
3082 4670 3408 4728 Bernartius
3452 4674 3624 4727 abbas

2031 4740 2465 4805 Clarevallensis,
2492 4740 2561 4796 ad
2612 4740 2904 4795 chrieum
2951 4741 3323 4799 Senouensem
3354 4744 3624 4812 archiepi-

2032 4827 2256 4883 scopum
2313 4814 2600 4868 scribens:
2641 4829 2659 4862 ‹
2691 4812 2945 4868 Clamant
2992 4828 3123 4867 vero
3176 4814 3327 4877 nudi,
3382 4813 3623 4883 clamant

2034 4881 2290 4956 famelici,
2322 4889 2750 4956 conquerantur,
2789 4882 3062 4956 et‘dicunt
3091 4902 3106 4956 :_
3133 4883 3307 4956 Dicite
3334 4881 3621 4956 pontiﬁces

2032 4950 2087 5006 in
2121 4950 2595 5034 freuonquid'facit
2625 4953 2863 5034 aurum?
2894 4951 3149 5034 Quoquid
3176 4950 3369 5034 aurum
3394 4950 3620 5034 a'nfrcno

2032 5022 2244 5093 repellit
2270 5020 2472 5095 frigus
2500 5024 2613 5077 sive
2660 5022 2948 5078 esuriem?
2983 5020 3238 5077 Iumenta
3297 5024 3621 5095 gradiuntur

2031 5101 2225 5147 onusta
2278 5093 2528 5162 gemmis.
2557 5100 2614 5147 et
2646 5100 2829 5147 nostra
2881 5109 2988 5147 non
3019 5094 3225 5148 curatis
3278 5093 3438 5149 crura
3477 5093 3618 5147 nuda

2030 5162 2317 5232 caligulis?
2344 5162 2564 5227 Annuli,
2594 5163 2878 5228 catenulze,
2909 5164 3296 5225 tintinnabula.
3317 5172 3372 5218 et
3400 5164 3620 5218 clavsae

2030 5234 2280 5306 quaedam
2309 5232 2580 5302 corrigiae,
2605 5233 2909 5306 _multaque
2955 5234 3082 5306 talia
3122 5242 3237 5306 tam
3265 5234 3505 5306 speciosa
3531 5248 3619 5286 co-

2028 5301 2250 5373 loribus,
2284 5317 2447 5372 quam
2467 5301 2808 5363 ponderibus
2823 5301 3094 5373 pretiosa,
3133 5301 3402 5360 mulorum
3425 5304 3622 5373 depen-

2029 5372 2158 5427 dent
2194 5373 2532 5435 cervicibus;
2566 5373 2796 5427 fratrum
2826 5372 3010 5429 autem
3040 5375 3300 5431 lateribus
3330 5389 3431 5429 nec
3454 5372 3618 5429 semi—

2028 5442 2228 5498 ciuctia
2290 5444 2629 5515 miserantes
2666 5445 2954 5513 apponitis.
3002 5464 3020 5496 ι
3063 5444 3247 5515 Neque
3277 5445 3369 5515 ab
3401 5444 3622 5515 institu-

2030 5521 2145 5566 tore
2173 5520 2226 5566 et
2251 5521 2403 5582 patre
2456 5528 2554 5568 suo
2604 5514 2854 5569 dissentit
2885 5514 3079 5569 Petrus
3112 5513 3528 5571 Clarevallensis
3564 5513 3620 5567 in

2028 5583 2258 5655 cpistola
2289 5584 2600 5655 AqllﬂlliSllb
2643 5584 2861 5639 nomine
2905 5584 3033 5639 Jesu
3069 5586 3271 5642 Christi
3297 5586 3516 5655 scripsit
3552 5584 3620 5637 ad

2028 5652 2396 5735 {ILIIQCCl-I'llllm.
2450 5653 2515 5707 Vl
2565 5663 2845 5735 papam-et
2867 5656 3072 5735 curiam
3135 5652 3434 5735 Romanam
3478 5668 3622 5710 anno

2035 5722 2185 5777 1555.
2227 5722 2359 5778 Nam
2384 5723 2437 5779 in
2468 5722 2649 5797 capite
2666 5724 2734 5777 50
2760 5726 2832 5779 ita
2872 5725 3109 5793 loquitur
3139 5744 3151 5779 :
3197 5746 3214 5778 ‹
3251 5728 3633 5781 Exhortatnur
