4010 6184
419 4700 522 4738 nus

420 234 529 337 iss

1249 275 1469 332 EPIST.
1511 275 1605 332 AD
1639 272 1977 332 CLERICOS
2014 273 2103 330 ET
2144 269 2518 331 MONACHOS
2555 266 2858 329 LUGDUN.

3598 273 3704 334 194

417 403 449 434 ι
478 393 533 446 ἰη
566 386 972 453 venationibus,
1014 389 1466 458 aucupationibus
1501 405 1564 445 ac
1604 389 2015 461 piscationibus,
2045 403 2097 462 Α
2122 398 2177 445 et
2240 388 2366 444 licet
2413 389 2467 443 in
2522 387 2693 443 oculis
2744 386 2997 442 humanis
3050 386 3306 443 sacerdos
3354 402 3474 445 esse
3522 388 3709 445 videa-

415 489 496 540 et.
529 478 674 549 quod
715 475 871 548 pejus
896 484 999 543 est,
1033 478 1087 531 in
1117 478 1145 517 ι)
1194 480 1697 544 comessationibus,
1736 488 1791 534 et
1837 479 2014 535 ebrie-

415 571 656 634 tatibus,
693 578 748 623 et
778 567 930 622 sonis
959 568 1182 623 musicis
1204 609 1219 634 ,
1259 569 1401 624 sicut
1434 569 1695 626 Dominus
1740 585 1839 640 per
1881 584 2012 639 pro-

414 661 640 731 phetam
668 657 991 724 detestatur,
1020 659 1207 714 dicens
1237 677 1250 713 :
1290 658 1380 714 Va:
1404 662 1493 732 qui
1517 662 1827 733 consurgitis
1859 676 2013 716 mane

415 753 488 808 ad
534 750 837 805 ebrietatem
888 751 1230 816 sectandam,
1292 762 1340 807 et
1390 753 1682 823 potandum
1728 770 1893 825 usque
1942 754 2011 808 ad

414 859 706 915 vesperam,
736 850 796 895 ut
825 843 943 896 vino
976 843 1225 897 trstuetis.
1258 841 1499 911 Cithara,
1540 856 1587 899 et
1629 847 1766 915 lyra,
1798 855 1846 899 et
1874 854 2012 916 tym-

413 951 614 1007 panum
644 975 659 998 ,
699 944 748 988 et
796 932 956 998 tibia,
993 941 1040 986 et
1086 934 1260 987 vinum
1313 935 1369 989 in
1415 937 1661 992 conviviis
1697 936 1916 1002 vestris;
1962 945 2012 989 et

415 1042 547 1095 opus
575 1022 789 1078 Domini
836 1039 941 1076 non
968 1024 1258 1093 respicitis,
1295 1042 1388 1080 nec
1431 1042 1590 1097 opera
1615 1043 1866 1082 manuum
1894 1026 2009 1096 ejus

415 1114 787 1170 consideratis.
827 1112 937 1169 Iste
989 1113 1113 1169 talis
1150 1130 1257 1170 non
1289 1126 1375 1172 est
1420 1116 1637 1186 adjutor
1681 1117 1815 1183 Dei,
1869 1117 2014 1173 sicut

412 1208 617 1264 Paulus
660 1207 780 1261 ait:
830 1205 928 1261 Dei
973 1207 1112 1261 enim
1153 1224 1335 1263 sumus
1382 1209 1673 1279 adjutores.
1720 1208 1819 1263 Dei
1868 1208 2014 1279 agri-

413 1301 628 1356 cultura
666 1302 812 1367 estis,
862 1299 958 1355 Dei
1003 1300 1289 1371 ardiﬁcatio
1339 1301 1483 1357 estis.
1532 1300 1639 1357 Sed
1675 1309 1760 1356 est
1792 1301 2009 1356 destru-

413 1400 537 1449 ctor
585 1393 766 1460 operis
812 1390 948 1452 Dei,
989 1406 1054 1447 ac
1091 1406 1190 1461 per
1240 1393 1345 1449 hoc
1391 1391 1607 1458 adiutor
1650 1391 2008 1458 Antichristi;

2121 488 2226 542 tur,
2267 491 2289 520 ο
2344 479 2397 534 in
2439 480 2611 535 oculis
2636 490 2817 534 tamen
2857 479 2954 535 Dei
2980 495 3087 535 non
3114 488 3199 535 est
3232 498 3244 533 :
3288 480 3414 549 quia
3456 479 3709 539 veniente

2118 571 2351 627 Domino
2387 572 2455 628 ad
2495 572 2760 642 judicium
2782 615 2796 640 ,
2839 573 3131 639 dividetur,
3179 581 3233 629 et
3268 590 3395 646 pars
3425 574 3542 645 ejus
3580 590 3707 630 cum

2119 660 2425 719 inﬁdelibus
2467 672 2717 734 ponetur,
2764 674 2820 718 et
2862 664 2928 719 dc
2972 664 3221 735 qualibus
3263 665 3525 735 scriptum
3567 672 3652 720 est
3687 682 3701 719 :

2127 751 2249 808 Vidi
2276 755 2465 825 impios
2496 752 2723 823 sepultos
2750 768 2767 805 :
2797 754 2887 826 qui
2917 755 3073 809 etiam
3116 772 3233 809 cum
3261 756 3433 810 adhuc
3460 755 3702 821 viverent,

2117 844 2174 899 in
2217 844 2331 899 loco
2374 855 2557 900 sancto
2614 856 2797 909 erant,
2853 855 2899 899 et
2955 844 3313 899 laudabuntur
3365 848 3421 900 in
3474 847 3704 912 civitate,

2112 936 2264 1007 quasi
2302 936 2570 1005 justorum
2598 952 2832 1007 operum.
2866 935 3056 991 Nullus
3088 950 3218 1005 ergo
3249 951 3314 990 ex
3344 935 3431 990 his
3463 935 3570 990 dux
3607 950 3704 1006 po-

2112 1026 2223 1098 puli
2253 1026 2347 1081 Dei
2376 1041 2497 1081 esse
2526 1027 2707 1091 debet,
2737 1041 2804 1081 ne
2837 1034 3143 1096 quaerentes
3170 1040 3337 1096 regna
3367 1026 3610 1081 caalestia
3645 1026 3701 1079 in

2114 1115 2327 1171 foveam
2377 1117 2689 1187 demergat,
2737 1116 2828 1171 ubi
2875 1117 2990 1186 ipse
3028 1115 3233 1185 judicio
3280 1115 3375 1171 Dei
3424 1118 3705 1173 demersus

2116 1217 2217 1274 est,
2252 1209 2393 1264 sicut
2422 1208 2683 1263 Dominus
2723 1208 2790 1262 ad
2832 1208 3050 1263 beatum
3101 1206 3202 1263 Job
3231 1207 3589 1276 demonstrat,
3622 1209 3705 1264 di-

2115 1314 2245 1354 cens
2271 1317 2283 1353 :
2318 1297 2380 1354 Si
2404 1298 2565 1353 habes
2608 1299 2880 1353 brachium
2905 1300 3040 1355 sicut
3068 1299 3210 1355 Deus
3232 1300 3259 1355 ?
3283 1301 3350 1355 Et
3380 1301 3701 1373 quibusdam

2117 1390 2455 1460 interpositis
2486 1403 2500 1443 :
2531 1388 2802 1445 Absconde
2829 1406 2915 1444 eos
2936 1432 2951 1458 ,
2978 1390 3191 1460 inquit,
3225 1390 3279 1446 id
3306 1401 3410 1458 est,
3441 1394 3703 1465 superbos

1778 1501 2053 1559 BALUZII
2092 1499 2328 1558 NOTAE.

415 1596 563 1668 quod
585 1606 691 1676 non
727 1595 974 1676 nimium“
989 1594 1109 1650 sitis
1131 1594 1347 1676 curioso
1379 1594 1722 1676 spectabiles
1740 1593 2009 1676 equitatu,

417 1663 525 1722 non
576 1667 723 1722 circa
764 1681 863 1721 vos
924 1665 1234 1721 discurrant
1282 1663 1643 1720 hinnientium
1694 1663 2010 1718 frendentes

2118 1592 2261 1666 scire
2285 1605 2399 1666 quo
2420 1588 2675 1660 ejiciendi
2698 1599 2855 1666 sunt,
2881 1590 3242 1666 Evangelium
3280 1594 3434 1666 lege:
3464 1593 3533 1649 In
3563 1605 3702 1652 tene-

2118 1661 2260 1746 blras.
2286 1662 2495 1746 scilicet
2544 1663 2865 1746 exteriores,
2910 1663 2998 1746 ubi
3031 1661 3155 1746 :erit
3211 1661 3365 1746 ﬂetus
3420 1673 3468 1746 et
3504 1666 3703 1746 s‘tridor

416 1704 563 1793 3322s
577 1704 957 1801 κυεῖ)ἷίιοῖυωῖ
980 1704 1088 1791 Si...
1121 1751 1252 1791 auro
1274 1737 1490 1791 curiose
1526 1737 1807 1806 tinguntur
1833 1733 2009 1799 frena,
2039 1704 2088 1765 Β
2114 1733 2372 1806 dentium.
2410 1733 2605 1787 Annon
2631 1704 2903 1806 confusio
2938 1741 2992 1788 et
3030 1704 3324 1805 ignominia
3377 1743 3481 1800 est,
3513 1736 3699 1792 Jesum

414 1823 519 1864 nec
541 1823 607 1863 ex
643 1807 835 1863 sericis
871 1807 989 1862 lora
1037 1814 1434 1877 componantur
1464 1806 1592 1871 ﬁlis,
1638 1813 2010 1877 nonrargento

414 1878 651 1934 calcaria
690 1877 964 1948 rutilent,
994 1894 1104 1933 non
1152 1875 1429 1948 squarleto
1484 1875 1838 1948 spectabilive
1880 1890 2012 1948 pur-

414 1964 555 2073 pura
588 1957 840 2019 tegantur
873 1947 1038 2014 sell:e,
1075 1963 1177 2003 nec
1199 1944 1458 2018 'pretiosi
1502 1944 1802 2017 pendentes
1841 1944 2009 1999 conli-

455 2020 605 2073 ulent
639 2034 806 2073 zonas
852 2018 991 2073 clavi
1023 2017 1288 2073 micantes
1323 2033 1476 2073 auro.
1520 2032 1622 2072 nec
1662 2016 1889 2071 muricis
1917 2030 2009 2070 ea.

455 2020 605 2074 ulent
639 2016 806 2074 ionas
852 2018 991 2073 clavi
1023 2016 1288 2073 micantes
1323 2033 1476 2080 auro,
1504 2016 1622 2072 inec
1662 2016 1889 2071 muricis
1917 2030 2011 2070 eaq

419 2089 668 2144 rumdem
717 2089 1075 2160 corrigiarum
1105 2097 1360 2160 ornatus
1397 2089 1571 2144 soleat
1620 2087 1868 2160 redolere
1899 2086 2009 2160 tino:

416 2167 651 2224 cturam,
679 2175 790 2215 non
814 2157 998 2214 eboris
1026 2159 1430 2230 pulchritudine
1464 2158 1653 2230 obryzi
1676 2157 1760 2230 vel
1796 2157 2010 2230 argenti

416 2229 690 2303 metallive
718 2230 947 2303 pretiosi
975 2227 1456 2303 cujusvisalterius
1476 2227 1727 2303 gomphis
1749 2227 2009 2283 sellarum

414 2299 992 2369 conclavet’amictus,
1025 2315 1131 2353 non
1168 2300 1391 2354 micanti
1418 2299 1717 2369 pectoralia
1756 2305 2033 2369 tegantur

412 2377 597 2435 ostro,
635 2384 739 2423 nec
786 2368 1096 2423 febrescens
1126 2384 1193 2423 ex
1230 2384 1363 2423 auro
1415 2368 1637 2439 gestetis
1663 2369 1867 2434 frenos,
1900 2382 2008 2423 non

413 2439 766 2494 radiantibus
813 2439 1040 2494 fastuosi
1090 2439 1379 2509 sonipedes
1407 2447 1701 2494 onerantur
1755 2439 2007 2509 gemmis,

412 2518 528 2564 etc.
555 2529 593 2591 Δι
633 2509 713 2563 Ex
740 2517 1052 2591 pervetusto
1080 2508 1284 2590 codice
1321 2517 1522 2591 nostro
1553 2524 1654 2563 ms.
1687 2508 1832 2591 unde
1862 2508 2011 2591 frag-

417 2587 667 2633 mentum
727 2578 872 2632 aliud
910 2594 1052 2633 anno
1106 2578 1385 2648 superiore
1416 2579 1624 2634 editum
1656 2587 1741 2634 est
1772 2579 1827 2634 in
1862 2578 2008 2634 notis

414 2650 487 2704 ad
518 2648 731 2721 Lupum
762 2648 1193 2721 Ferrariensem,
1230 2664 1365 2721 pag.
1386 2649 1513 2706 478.

492 2732 519 2760 ι
556 2719 624 2772 1η
650 2719 1029 2773 venationibus.
1067 2718 1278 2789 Quippe
1301 2718 1528 2775 vetitum
1552 2719 1824 2790 episcopis
1858 2720 2006 2775 alere

414 2803 598 2860 canes,
627 2796 721 2843 aut
752 2789 1389 2860 venationemexercere
1418 2809 1430 2843 :
1466 2792 1523 2844 in
1545 2789 1710 2860 quam
1758 2804 1873 2845 rem
1897 2791 2009 2844 val-

418 2860 488 2914 de
517 2859 743 2941 celebris
773 2866 857 2941 est
890 2859 1159 2941 canon.55
1188 2860 1377 2941 synodi
1414 2859 1742 2941 A‘gatliensis
1769 2878 1780 2913 :
1822 2880 1840 2912 ‹
1876 2860 2008 2941 _Epi-

417 2928 618 3011 scopis,
641 2929 1003 3011 presbyteris,
1026 2928 1364 3011 diaconibiis,
1398 2928 1563 3011 canes
1588 2928 2003 3011 ad_venandum,

416 3007 512 3069 aut
545 3000 855 3069 accipitres,
916 3000 1120 3054 habere
1165 3014 1271 3053 non
1302 3000 1480 3055 liceat.
1521 3000 1674 3067 Quod
1700 3001 1745 3054 si
1767 3001 1890 3069 quis
1926 3008 2007 3055 ta-

418 3068 551 3151 lium
567 3068 929 3152 personarum
957 3070 1013 3152 in
1044 3070 1150 3152 hac
1172 3069 1449 3152 voluptate
1497 3070 1748 3126 detectus
1786 3068 2000 3152 luerit;
2033 3088 2077 3152 ρ

418 3140 463 3195 si
496 3143 780 3222 episcopus
836 3149 939 3204 est,
992 3140 1167 3222 tribus
1218 3142 1498 3222 mensibus
1552 3156 1611 3196 se
1644 3142 2005 3222 suspende-ta

417 3210 836 3275 communione;
874 3211 1180 3281 presbyter,
1231 3210 1439 3266 duobus
1485 3210 1763 3281 mensibus
1789 3227 1849 3266 se
1881 3213 2005 3267 abs-

418 3281 624 3346 tineat;
661 3282 925 3335 diaconus
971 3280 1225 3345 vero,‘ab
1258 3282 1406 3335 omni
1439 3280 1615 3336 oﬂieio
1643 3281 1725 3336 vel
1767 3297 2007 3336 commu-

418 3350 583 3422 nione
645 3351 898 3406 cessabit.
956 3371 975 3404 ι
1033 3351 1168 3407 Vide
1219 3352 1384 3407 etiam
1435 3367 1701 3407 canonem
1748 3362 2004 3422 quartum

418 3420 814 3490 Epaonensem,
854 3430 909 3478 et
933 3422 1203 3477 decimum
1241 3422 1455 3477 tertium
1495 3420 2004 3477 canonem'concilii

419 3489 836 3563 alatisconensis
894 3492 1138 3563 secundi.
1166 3561 1177 3563 _
1208 3490 1604 3548 Carlomannus
1665 3494 1918 3563 princeps
1948 3495 2005 3548 in

416 3562 625 3633 synodo
654 3563 740 3616 cui
776 3574 984 3633 martyr
1018 3561 1328 3633 Bonifacius
1351 3563 1603 3619 interfuit
1628 3581 1641 3616 :
1671 3561 1702 3613 ί(
1752 3561 1868 3618 Nec
1893 3578 2002 3618 non

416 3631 622 3703 et‘illas
658 3631 993 3703 venationes,
1020 3642 1077 3686 et
1105 3632 1398 3703 sylvaticas
1418 3635 1734 3703 vagationes
1760 3649 1885 3688 cum
1912 3649 2004 3689 ca-

418 3700 596 3765 nibus,
635 3701 888 3757 oninibus
933 3703 1108 3758 servis
1137 3700 1255 3758 'Dei
1306 3700 1706 3769 interdi’ximus,
1755 3704 2004 3758 similiter

417 3778 480 3823 ut
510 3773 797 3854 accipitres
842 3781 897 3854 ei
932 3772 1172 3830 falcones
1220 3789 1328 3854 non
1387 3773 2005 3854 habeantiknyenatio:

416 3843 712 3914 nem‘enim
733 3843 789 3897 in
814 3843 1068 3914 episcopo
1090 3844 1329 3914 graviter
1346 3845 1693 3914 reprehendit
1716 3843 2003 3899 Nicolausl

416 3911 561 3981 apud
590 3911 907 3967 Gratianum
950 3911 1078 3969 dist.
1097 3911 1114 3914 ⁷
1133 3914 1224 3978 54,
1278 3911 1814 3982 cap—Quorumdam.
1842 3914 2004 3968 Item-

414 3996 544 4054 que,
569 3983 825 4054 Nicolaus
852 3984 896 4038 ll
933 3986 986 4039 in
1019 3984 1284 4048 Decretis,
1331 3998 1453 4052 cap.
1488 3984 1560 4038 6:
1603 4001 1621 4034 ι
1663 3983 1734 4039 Ut
1763 3984 2001 4054 episcopi

416 4060 474 4107 et
496 4052 685 4109 clerici
735 4070 886 4109 arma
921 4070 1030 4110 non
1067 4054 1278 4121 ferant;
1339 4068 1516 4124 neque
1564 4052 2007 4124 venatui'neqtie

415 4125 652 4194 aucupio
676 4126 944 4194 studeant.
993 4144 1012 4177 ι
1046 4124 1230 4194 Itaque
1277 4139 1373 4179 eos
1395 4125 1486 4194 qui
1517 4125 1807 4179 venatione
1855 4124 2004 4181 dele-

415 4193 659 4267 ctantur,
685 4193 875 4267 lubens
898 4195 1267 4267 revocaverim
1292 4193 1443 4267 adea
1463 4210 1583 4267 quae
1606 4195 2006 4267 SngUllS~Cllri-

415 4262 612 4335 stianis
659 4267 735 4320 ait
775 4264 1010 4335 Prosper
1056 4265 1110 4319 in
1142 4262 1497 4335 peroratione
1547 4265 1667 4323 libri
1696 4262 1785 4322 'de
1816 4265 2002 4322 Gloria

420 4333 722 4406 Regnoque
786 4333 1159 4391 Sanctorumf
1196 4354 1215 4386 ι
1258 4334 1315 4390 Si
1335 4337 1575 4392 venandi
1629 4344 1711 4392 est
1761 4336 1998 4403 affectio,

417 4404 616 4473 inquit,
636 4404 824 4461 'liabes
881 4414 1097 4461 montes
1128 4406 1441 4471 altissimos,
1496 4423 1686 4463 cervos
1741 4408 2004 4464 velociter

417 4453 789 4548 apbstolorum
857 4478 1349 4546 prophetarumque
1387 4453 1544 4548 dicta
1597 4486 1998 4548 percurrentes.
2026 4453 2080 4514 Β

470 4544 602 4600 abes
624 4554 679 4601 et
703 4547 757 4601 in
807 4544 1011 4616 campis
1043 4544 1279 4617 petram;
1317 4546 1430 4601 refu
1473 4544 1815 4621 ium—eryciis
1853 4557 1909 4603 et
1929 4548 2005 4604 le-

470 4615 667 4673 aribns.
696 4631 834 4673 quos
886 4618 941 4671 in
966 4617 1311 4673 simplicitate
1337 4565 1513 4673 cordis
1547 4618 1794 4673 Christus
1821 4616 2005 4673 Domi-

417 4615 667 4684 poribns,
696 4631 834 4686 quos
886 4615 941 4671 in
966 4615 1311 4687 simplicitate
1337 4615 1513 4673 cordis
1547 4615 1794 4674 Christus
1821 4616 2006 4674 Domi-

544 4700 643 4755 per
678 4703 805 4742 suos
835 4702 1000 4758 canes
1029 4695 1277 4753 venatur,
1309 4699 1371 4741 ut
1418 4689 1588 4758 spinis
1628 4697 1851 4743 careant
1874 4690 2007 4745 deli-

419 4761 652 4811 ciorum.
697 4777 717 4810 ι
755 4758 888 4813 Vide
914 4756 1106 4812 Ionam
1138 4756 1582 4815 Aurelianensem
1608 4759 1664 4813 in
1710 4758 1850 4814 libro
1876 4761 2007 4817 nde

419 4822 767 4883 Institutione
800 4828 1027 4892 Laicali,
1060 4843 1179 4892 cap.
1208 4827 1299 4882 25.

492 4896 522 4935 δ
576 4894 1074 4953 Comessationibus.
1116 4894 1311 4953 Mirum
1352 4907 1438 4954 est
1490 4906 1599 4954 tam
1655 4896 1920 4956 sdiicitos
1949 4901 2005 4955 in

420 4963 528 5042 hoc
555 4965 725 5042 fuisse
756 4977 990 5042 veteres.
1022 4979 1083 5042 ut
1104 4968 1308 5024 nullam
1343 4970 1684 5025 occasionem
1708 4972 2008 5042 praetermi-

422 5035 595 5110 serim
627 5040 957 5094 admonendi
983 5040 1269 5110 episcopos
1295 5050 1357 5096 ut
1386 5055 1416 5094 a
1438 5035 1930 5097 comessationibus
1952 5049 2009 5097 et

423 5105 709 5183 ebrietate
741 5105 1097 5183 abstinerent,
1144 5105 1298 5180 juxta
1333 5119 1659 5183 prmceptum
1707 5111 2008 5183 Pauli,qui

422 5176 593 5250 edixit
626 5179 939 5250 episcopum
965 5176 1161 5235 debere
1210 5176 1351 5237 esse'
1373 5198 1477 5236 non
1506 5176 1846 5236 vinolentum.
1875 5176 2011 5237 ln'si-

423 5246 546 5322 gnis
580 5246 676 5305 est'
706 5246 1020 5322 Hieronymi
1069 5250 1218 5308 locus
1263 5268 1330 5308 ex
1381 5254 1776 5307 commentario
1816 5252 1872 5307 in
1913 5252 2010 5308 Mi-

424 5317 632 5395 ἀξιωθεπὲ
655 5317 1001 5395 prophetam,
1032 5322 1240 5395 relatus
1263 5339 1293 5378 a
1317 5322 1578 5395 Gratiano
1596 5324 1735 5395 dist.
1770 5322 1859 5395 5‘57,
1885 5339 2002 5395 cap.

420 5386 497 5471 ιρι
524 5407 557 5471 _¢
588 5386 849 5471 Ecclesia:
871 5386 1164 5471 principes,
1188 5393 1382 5471 inquit,
1406 5394 1499 5466 qui
1524 5394 1734 5471 deliciis
1757 5386 2004 5458 afﬂuunt,

422 5466 480 5512 et
522 5463 665 5517 inter
699 5463 883 5535 epulas
916 5472 1079 5533 atque
1130 5463 1381 5520 lascivias
1424 5463 1758 5535 pudicitiam
1815 5480 2008 5520 serva-

423 5479 480 5512 et
522 5479 665 5517 inter
699 5479 883 5588 egeras
916 5479 1079 5533 atque
1131 5479 1381 5520 iascmas
1439 5479 1758 5535 pudicuiam
1815 5480 2008 5520 serva-

423 5542 571 5612 rgse
625 5539 881 5612 ere_unt,_
911 5535 1270 5612 propheticus
1309 5550 1491 5612 sermo
1527 5536 1807 5612 describit,
1865 5536 2011 5612 quod

423 5601 680 5677 ejiciendi
707 5605 815 5677 sint
849 5601 1193 5677 defspatiosis
1238 5606 1805 5677 domibus,lautisque
1832 5601 2012 5677 ρόηνὶτ

426 5671 643 5759 ἕψε-ει
670 5674 840 5759 multo
863 5671 1050 5759 labore
1086 5677 1258 5759 epulis
1289 5676 1627 5759 conquisitis,
1672 5671 1736 5732 et
1758 5675 2012 5759 giciendi

425 5752 649 5815 propter
697 5746 868 5803 malas
911 5746 1268 5820 cogitationes
1325 5756 1378 5803 et
1404 5761 1567 5819 opera
1610 5762 1726 5805 sua.
1759 5747 1826 5803 Et
1854 5747 1899 5803 si
1930 5746 2013 5802 vis

2114 1804 2458 1877 crucilixum,
2502 1803 2822 1877 magistrum
2871 1803 3189 1877 pauperum,
3216 1876 3221 1877 ί
3250 1814 3412 1877 atque
3458 1807 3702 1869 esurien-

2116 1881 2249 1948 tem,
2284 1873 2441 1928 fartis
2462 1873 2760 1948 prmdicare
2790 1873 3131 1948 corporibus,
3153 1873 3589 1948 jejuniorumque
3611 1878 3701 1933 do-

2114 1945 2345 2017 ctrinam
2401 1942 2660 2017 rubentes
2723 1942 2924 2017 buccas
2981 1942 3381 2017 eminentiaque
3440 1942 3534 2002 ora
3574 1962 3701 2017 pro-

2112 2013 2303 2088 ferre?
2343 2033 2362 2066 ι
2388 2014 2470 2088 Et
2509 2014 2734 2088 Magnus
2759 2015 2847 2088 iile
2880 2015 3176 2087 Gregorius
3202 2013 3393 2088 lib.'_ti,
3420 2013 3695 2088 epistfll,

2113 2085 2320 2157 acriter
2351 2084 2615 2157 obiurgat
2640 2085 2883 2157 Natalem
2935 2084 3248 2157 episcopum
3302 2084 3696 2157 Salen—uanum,

2112 2157 2257 2224 quod
2291 2154 2547 2212 derelicta
2595 2156 2854 2224 pastorali
2880 2154 3032 2223 cura,
3088 2154 3218 2214 solis
3239 2172 3298 2214 se
3321 2154 3584 2214 conviviis
3612 2174 3701 2216 oc-

2111 2226 2913 2299 cuparet._Undeeteumdem
2942 2227 3188 2283 Natalem
3251 2229 3364 2299 (qui
3407 2230 3700 2299 reprehen-

2111 2296 2323 2368 sionem
2357 2296 2685 2368 Gregoriiin
2714 2296 2898 2365 jocum
2919 2306 3196 2363 verterat;
3229 2296 3536 2367 exemplum
3569 2297 3699 2353 affe-

2112 2382 2241 2440 rens
2274 2366 2507 2421 Abrahae
2529 2376 2585 2422 et
2617 2366 2788 2440 Isaac,
2828 2382 3056 2436 quorum
3100 2385 3240 2425 unus
3267 2366 3484 2440 angelos
3513 2370 3698 2424 convi-

2109 2437 2199 2506 vio
2261 2445 2572 2506 exceperat,
2609 2438 2748 2493 alter
2788 2453 2918 2493 vero
2971 2441 3200 2494 satiatus
3265 2437 3697 2495 benedictionem

2109 2505 2220 2561 ﬁlio
2242 2505 2511 2576 dederat),
2548 2520 2769 2578 postea
2795 2523 3009 2563 rursum
3045 2510 3323 2564 admonuit
3366 2509 3643 2565 abstinere
3665 2525 3695 2565 a

2110 2577 2652 2661 cont'iviis,_scripia
2689 2579 2787 2661 ad”
2806 2578 3393 2661 eummelegantissima.
3441 2580 3696 2661 epistola,

2109 2661 2229 2716 quae
2258 2656 2345 2702 est
2374 2649 2440 2702 57
2469 2648 2708 2718 ejusdem
2734 2648 2876 2701 libri.
2909 2649 2977 2703 Et
3004 2648 3153 2718 patet
3183 2650 3429 2704 convivia
3469 2648 3559 2703 illa
3586 2666 3693 2706 non

2108 2718 2277 2791 fuisse
2340 2716 2632 2791 admodum
2667 2716 3019 2791 Christiana;
3051 2735 3172 2791 cum
3196 2728 3393 2791 praeter
3436 2721 3698 2791 temulen-

2110 2787 2240 2842 tiam
2288 2796 2341 2843 ct
2386 2788 2761 2850 voraritatem,
2819 2789 2984 2844 etiam
3012 2805 3042 2843 a
3076 2787 3512 2846 Christianorum
3547 2788 3699 2845 ditia-

2109 2858 2343 2930 matione
2378 2874 2485 2912 non
2510 2858 2870 2930 abstinerent,
2912 2875 3180 2930 nemoque
3211 2876 3277 2915 ex
3332 2860 3587 2915 irrisione
3609 2876 3699 2915 re-

2106 2929 2555 3010 prehenderetur.
2594 2928 2730 2983 Nam
2765 2929 3011 2984 convivia
3068 2928 3447 3001 episcoporum
3495 2931 3696 2985 debent

2106 3013 2226 3053 esse
2261 3014 2399 3054 seria
2408 3037 2422 3051 .

2170 3079 2191 3107 ε
2230 3069 2298 3141 In
2331 3068 2497 3123 oculis
2527 3078 2704 3124 tamen
2726 3069 2826 3124 Dei
2863 3086 2968 3125 non
2995 3078 3089 3125 est.
3126 3068 3228 3141 Ait
3248 3085 3377 3141 ergo
3427 3084 3549 3124 eum
3598 3070 3692 3140 qui

2110 3140 2177 3195 ad
2206 3139 2575 3209 episcopatum
2598 3150 2822 3196 vocatus
2856 3150 2959 3206 est,
2988 3141 3034 3195 si
3071 3140 3251 3196 saeculi
3281 3139 3694 3196 oblectamentis

2109 3210 2369 3280 indulget,
2405 3212 2456 3264 in
2486 3210 2657 3265 oculis
2688 3210 2784 3265 Dei
2813 3227 2916 3265 non
2939 3226 3061 3265 esse
3088 3212 3445 3276 sacerdotem,
3477 3211 3695 3266 tametsi

2106 3294 2393 3353 personam
2420 3281 2654 3350 episcopi
2704 3290 2856 3353 gerat
2884 3295 3070 3353 coram
3101 3282 3409 3353 hominibus
3452 3282 3695 3353 adeoque

2106 3351 2396 3420 episcopus
2420 3367 2540 3406 esse
2588 3351 2858 3406 videatur.
2892 3351 2983 3407 Sic
3031 3361 3254 3408 sanctus
3288 3351 3608 3407 Ambrosius
3636 3352 3692 3407 in

2106 3421 2302 3494 capite
2318 3422 2478 3494 tertio
2513 3421 2637 3476 libri
2672 3421 2739 3494 de
2761 3422 3033 3494 Dignitate
3062 3422 3420 3494 Sacerdotali,
3469 3421 3694 3494 loquens

2106 3490 2340 3563 deimalo
2362 3492 2633 3563 episcopo,
2660 3493 2737 3563 ait
2762 3512 2774 3547 :
2819 3490 2853 3543 «⁷
2877 3492 3199 3547 Pronuntiat
3232 3493 3377 3549 enim
3406 3490 3692 3563 episcopus

2108 3560 2419 3634 hujusmodi
2454 3560 2845 3634 adipOpulum,
2885 3563 3072 3618 dicens
3102 3581 3114 3617 :
3152 3564 3261 3617 Pax
3290 3560 3461 3617 vobis.
3510 3560 3693 3617 Oculis

2105 3633 2324 3704 quidem
2354 3633 2662 3704 carnalibus
2695 3633 2907 3689 videtur
2937 3634 3094 3704 quasi
3126 3635 3410 3703 episc0pus
3433 3646 3683 3702 magnus,

2105 3710 2161 3773 et
2191 3702 2390 3773 divinis
2419 3703 2703 3758 intuitibus
2756 3702 3041 3773 inspicitur
3082 3702 3331 3773 leprosos
3379 3716 3624 3771 magnus.
3663 3721 3685 3756 ι

2107 3770 2199 3843 Sic
2225 3771 2564 3827 Marcellinus
2591 3776 2645 3827 et
2667 3770 2960 3829 Faustinus
2988 3774 3045 3827 in
3065 3770 3267 3843 Libello
3286 3770 3537 3843 Precuin,
3563 3785 3689 3843 pag.

2104 3840 2196 3912 46,
2237 3843 2390 3896 aiunt
2446 3845 2707 3911 quosdam
2759 3844 3041 3912 episcopos
3091 3842 3332 3912 perﬁdia:
3362 3840 3689 3912 Arianorum

2105 3910 2513 3982 subscripsisse,
2554 3930 2573 3963 ‹
2610 3922 2670 3967 ut
2692 3910 2997 3982 episcopale
3022 3910 3217 3982 nomen
3269 3910 3406 3981 apud
3437 3911 3686 3982 homines

2105 3981 2344 4053 retinere
2392 3981 2740 4053 viderentur,
2779 3981 2921 4052 qudd
2951 3984 3138 4053 utique
3161 3981 3273 4053 jam
3326 3981 3477 4053 apud
3519 3981 3690 4053 Deum

2104 4051 2687 4125 postsubscriptiones
2718 4050 2915 4125 impias
2941 4050 3374 4125 non—habebant.
3406 4072 3424 4105 ι
3456 4050 3548 4107 Sic
3570 4051 3693 4106 Ful-

2105 4123 2320 4248 gentius
2352 4122 2652 4248 Ruspensis
2672 4122 2959 4195 episcopus
2982 4125 3037 4179 in
3071 4124 3247 4195 capite
3275 4123 3450 4194 primo
3499 4129 3691 4179 contra

2149 4208 2427 4248 ermouem
2507 4196 2771 4248 astidiosi.
2808 4197 2884 4248 ait
2925 4210 3068 4248 eum.
3099 4195 3316 4248 tametsi
3365 4194 3688 4248 nresbvterii

2149 4208 2427 4265 ermouem
2463 4194 2771 4261 Fastidiosi,
2808 4197 2884 4250 ait
2925 4210 3068 4262 eum,
3099 4194 3316 4250 tametsi
3365 4194 3688 4265 presbyterii

2106 4266 2367 4320 honorem
2400 4262 2456 4337 in
2478 4277 2768 4337 conspectu
2794 4266 3076 4321 hominum
3108 4266 3333 4337 ceperit,
3364 4262 3546 4319 coram
3572 4262 3683 4337 Do—

2105 4336 2257 4390 mino
2286 4351 2393 4389 non
2420 4335 2692 4391 habuisse.
2747 4337 2948 4392 Eadem
2978 4337 3079 4391 fuit
3111 4335 3378 4391 sententia
3406 4335 3689 4390 haeretico-

2106 4421 2242 4478 runr
2289 4404 2681 4478 Albigensium,
2733 4410 2847 4478 qui,
2896 4416 2956 4462 ut
3005 4407 3266 4478 Rogerius
3312 4408 3382 4478 de
3420 4405 3689 4478 _llol'ed_en

2106 4476 2299 4548 tradit,
2319 4473 2608 4548 dicebant:
2646 4495 2665 4527 ι
2697 4473 2838 4548 quod
2882 4486 3065 4532 essent
3087 4473 3386 4548 fordiinandi
3416 4475 3473 4529 in
3502 4473 3689 4548 Eccle-

2104 4545 2185 4618 sia
2217 4546 2458 4618 episcopi
2486 4553 2543 4600 et
2569 4545 2910 4618 presbyteri;
2949 4556 3004 4602 et
3055 4547 3099 4601 si
3134 4545 3269 4600 tales
3318 4560 3424 4618 non
3473 4545 3690 4618 ordina-

2104 4615 2303 4671 bantur
2337 4615 2525 4686 quales
2548 4615 2916 4687 prmcipiebat,
2943 4632 3051 4671 non
3084 4624 3269 4687 essent
3295 4615 3552 4687 episcopi,
3588 4628 3689 4668 nec

2104 4633 2303 4671 bantur
2337 4633 2525 4686 quales
2588 4633 2916 4687 raecipienai,
2943 4633 3051 4671 non
3084 4633 3269 4671 essent
3295 4633 3552 4684 episcopi,
3588 4633 3687 4668 nec

2103 4687 2432 4765 presbyieri,
2464 4633 2583 4743 sed)
2602 4687 2714 4759 lupi
2746 4701 2993 4765 rapaces,
3025 4686 3322 4765 hypocrita;
3355 4695 3411 4740 et
3436 4683 3687 4765 scd-ueto-

2107 4755 2213 4813 res.
2254 4755 2286 4810 ί
2312 4758 2513 4814 Verum
2536 4755 2682 4815 recte
2711 4755 3026 4814 adnotatum
3051 4755 3131 4811 est
3156 4772 3187 4811 a
3210 4756 3344 4811 viris
3390 4755 3689 4810 eruditissi-

2107 4830 2230 4895 mis,
2257 4843 2380 4884 eam
2403 4844 2524 4884 esse
2546 4837 2885 4885 constantem
2937 4828 3191 4885 Ecclesiae
3247 4827 3530 4883 catholica:
3561 4839 3686 4881 sen-

2107 4901 2357 4965 tentiam,
2419 4914 2489 4954 ex
2544 4899 2791 4956 doctrina
2854 4908 2908 4955 et
2935 4901 3228 4956 traditione
3265 4897 3562 4970 apostolica
3596 4896 3689 4970 de-

2107 4970 2475 5042 scendentem,
2518 4972 2682 5026 etiam
2741 4972 3045 5042 improbum
3091 4967 3393 5042 hominem,
3426 4967 3687 5023 canonice

2107 5040 2440 5106 ordinatum,
2465 5056 2593 5096 vere
2620 5039 2959 5098 sacerdotem
2995 5057 3060 5096 ac
3089 5041 3184 5096 Dei
3213 5039 3515 5108 adiutorem
3541 5051 3685 5096 esse.

2107 5110 2243 5183 Nam
2277 5110 2322 5165 si
2355 5112 2470 5183 haec
2501 5112 2685 5183 regula
2720 5129 2825 5167 non
2849 5121 2995 5168 esset
3021 5120 3193 5183 certa,
3222 5110 3691 5183 Διι-οῃιηδιξςιειίίιωι-

2106 5180 2248 5236 fusio
2279 5178 2898 5249 uirbassetEcclesiam,
2931 5184 3095 5239 etiam
3129 5181 3183 5235 in
3220 5179 3389 5234 initiis
3425 5178 3687 5236 Christia—

2108 5252 2293 5324 nismi.
2328 5251 2467 5324 Nam
2494 5261 2552 5324 et
2583 5251 2748 5309 Judas
2772 5254 2945 5308 malus
2980 5261 3117 5318 erat,
3141 5250 3446 5324 quitamen
3475 5259 3691 5324 aposto-

2107 5320 2412 5394 lustristi
2445 5322 2568 5377 fuit.
2606 5324 2671 5379 Et
2707 5324 2903 5380 multos
2928 5332 3112 5394 postea
3147 5320 3335 5394 variis~
3358 5320 3691 5394 temporibus

2109 5393 2280 5464 malos
2331 5393 2615 5464 episcopos
2667 5394 2834 5450 fuisse
2885 5392 3043 5448 nemo
3088 5392 3383 5464 negaverit.
3445 5393 3690 5464 Denique

2109 5463 2453 5536 Christus’a‘it
2477 5463 2698 5536 scribas
2722 5477 2779 5519 et
2809 5464 3113 5536 Phariszcos
3135 5534 3144 5536 _
3164 5463 3368 5536 Sedisse
3405 5479 3576 5536 super
3602 5463 3683 5521 ca-

2102 5534 2361 5607 ‘thedram
2393 5534 2582 5607 Moysi.
2615 5534 2805 5605 Itaque
2850 5535 2930 5591 sic
2956 5534 3240 5607 scripsisse
3284 5533 3500 5607 videtur
3550 5534 3682 5607 Ago-

2108 5605 2311 5679 ba_rdus
2368 5604 2746 5679 vehementer,
2806 5615 2867 5662 ut
2918 5604 3203 5679 episcopos
3261 5604 3579 5679 admoneret
3606 5604 3690 5661 sui

2110 5674 2295 5750 oﬂicii,
2331 5684 2387 5750 et
2430 5683 2490 5728 ut
2516 5675 2910 5750 _in_telligerent
2951 5674 3219 5750 quantum
3262 5674 3374 5732 Deo
3409 5676 3687 5749 displiceat

2112 5744 2256 5800 mala
2292 5744 2531 5817 episcOpi
2563 5745 2694 5802 vita.
2726 5744 2745 5747 ’
2976 5744 2993 5750 ’
3294 5752 3302 5759 ’
