4010 6184
320 277 423 334 195

1251 263 1312 324 8.
1349 263 1698 322 AGOBARDl
1733 259 2040 318 EPISCOPI
2074 260 2568 318 LUGDUNENSIS

3470 255 3571 313 {96

317 397 376 445 ει
399 384 614 456 impios,
632 384 687 438 in
706 381 966 454 pulverem
990 376 1166 445 simul,
1189 383 1238 432 et
1268 377 1428 449 facies
1456 392 1635 430 eorum
1655 375 1894 445 demerge
1921 372 1972 432 A
1997 379 2106 427 tem
2133 375 2329 443 quaerit
2355 389 2586 443 sponsa,
2619 372 2919 441 meritoque
2947 371 3172 441 suscipit
3194 372 3435 444 regimen
3459 379 3576 431 ani-

328 477 378 530 in
402 477 623 530 foveam.

328 477 342 491 ⁶
424 491 623 530 oveam.

319 494 378 532 ,η
514 562 653 616 Sunt
691 559 782 614 alii
808 558 920 627 qui,
952 557 1094 612 sicut
1127 564 1183 610 et
1225 555 1333 620 isti,
1376 570 1483 609 non
1513 560 1774 624 apparent
1798 553 1898 608 ho-

323 656 557 712 minibus
601 652 783 721 impii,
818 651 913 705 sed
959 665 1054 720 per
1107 648 1413 703 simulatam
1451 647 1717 716 justitiam
1765 645 1900 699 ﬁunt

323 747 379 800 in
428 744 598 798 oculis
644 744 924 797 hominum
977 741 1221 810 sepulcra
1278 739 1562 805 dealbata;
1622 738 1676 791 in
1730 737 1899 792 oculis

325 831 511 888 autem
550 833 681 899 Dei,
721 833 773 887 id
820 840 905 886 est
950 831 1125 896 intus,
1164 829 1308 899 pleni
1345 837 1471 884 sunt
1508 829 1722 883 ossibus
1757 843 1902 882 mor-

322 933 538 980 tuorum
588 933 642 979 et
680 924 826 979 omni
859 923 1138 993 spurcitia.
1189 921 1278 974 Ait
1306 923 1493 976 beatus
1531 920 1731 974 Paulus
1766 933 1897 988 apo—

323 1015 494 1070 stolus
527 1032 540 1067 :
588 1013 711 1067 Non
737 1015 873 1067 enim
895 1029 1074 1066 sumus
1105 1013 1239 1065 sicut
1263 1010 1498 1081 plurimi,
1544 1007 1900 1062 adulterantes

323 1109 531 1162 verbum
559 1106 671 1166 Dei,
704 1105 792 1158 sed
829 1121 894 1158 ea:
928 1104 1247 1166 sinceritate,
1290 1102 1426 1154 sicut
1464 1115 1528 1153 ea:
1556 1099 1690 1163 Deo,
1721 1113 1901 1152 coram

325 1195 456 1260 Deo,
483 1197 536 1248 in
559 1194 763 1248 Christo
792 1193 1074 1264 loquimur.
1107 1191 1174 1244 Et
1198 1192 1394 1245 iterum
1429 1208 1442 1242 :
1476 1188 1741 1242 Habentes
1767 1187 1902 1241 hanc

327 1285 783 1346 ministrationem,
805 1284 966 1353 juxta
1002 1281 1140 1350 quod
1186 1279 1596 1334 misericordiam
1643 1277 1905 1331 consecuti

325 1394 526 1438 sumus,
556 1392 658 1428 non
689 1375 991 1442 deficimus,
1032 1373 1121 1426 sed
1165 1373 1468 1426 abdicantus
1506 1370 1708 1424 occulta
1745 1370 1902 1423 dede-

329 1467 485 1528 coris,
518 1481 619 1518 non
660 1461 986 1515 ambulantes
1024 1463 1078 1515 in
1114 1463 1332 1526 astutia,
1362 1478 1522 1532 neque
1551 1460 1900 1514 adulterantes

325 1556 534 1609 verbum
586 1553 701 1616 Dei,
750 1552 838 1605 sed
885 1552 940 1604 in
987 1552 1406 1620 manifestatione
1448 1552 1700 1604 veritatis.
1753 1549 1898 1603 Sicut

331 1643 477 1696 enim
527 1640 738 1694 adulter
765 1655 873 1694 non
903 1640 1096 1709 quaerit
1142 1641 1374 1693 fructum
1416 1640 1604 1709 prolis,
1653 1639 1746 1694 sed
1786 1647 1905 1692 tan-

1997 478 2228 518 marum.
2276 462 2464 518 Omnis
2503 463 2751 526 clericus,
2797 468 2891 516 aut
2930 463 3248 528 monachus,
3295 463 3382 517 cui
3420 464 3578 520 datus

1997 566 2080 610 est
2119 555 2624 626 quantuluscunque
2672 569 2850 610 sermo
2894 553 3202 622 sapientiae,
3258 563 3351 608 aut
3398 571 3580 611 sermo

1999 646 2269 711 scientiae,
2310 653 2365 700 et
2413 646 2541 699 dum
2570 645 2824 714 loquitur,
2859 645 3008 713 cupit
3051 645 3332 700 audientes
3368 645 3422 700 in
3458 663 3582 716 pro-

1998 739 2175 808 prium
2205 753 2446 793 amorem
2495 746 2549 792 et
2587 737 2863 807 propriam
2908 736 3121 790 laudem
3166 747 3482 793 convertere
3527 747 3585 794 et

2002 829 2340 884 inﬂammare
2363 869 2376 893 ,
2407 831 2507 883 iste
2541 843 2598 882 se
2625 828 2797 896 ipsum
2825 828 3084 896 praidicat
3103 867 3118 893 ,
3149 844 3258 882 non
3286 845 3579 900 sponsum;

2003 930 2058 974 et
2087 921 2287 975 ideirco
2332 920 2613 990 pellendus
2647 929 2730 974 est
2769 920 2834 973 de
2862 919 3107 973 interiori
3149 921 3385 978 thalamo
3407 964 3422 988 ,
3456 926 3582 994 quia

2003 1009 2214 1062 adulter
2246 1016 2357 1074 est;
2408 1008 2540 1062 foris
2584 1009 2636 1061 in
2685 1009 2824 1062 atrio
2867 1009 3163 1077 przesidet,
3215 1026 3323 1065 non
3371 1029 3586 1082 sponsa:

2000 1097 2193 1168 jussu,
2243 1098 2338 1152 sed
2388 1099 2660 1169 patientia:
2708 1099 2975 1166 permissu
3022 1116 3035 1151 :
3089 1099 3218 1168 quia
3265 1101 3378 1154 sive
3427 1118 3582 1157 occa-

2005 1187 2186 1251 sione,
2237 1187 2350 1241 sive
2379 1188 2610 1240 veritate
2650 1203 2878 1256 sponsus
2924 1190 3294 1254 annunlietur,
3346 1192 3583 1261 gauden-

2006 1276 2132 1331 dum
2178 1284 2279 1331 est.
2319 1277 2520 1332 Fidelis
2565 1277 2708 1330 enim
2754 1278 2933 1332 anima
2980 1294 3010 1332 a
3054 1295 3372 1350 quocunque
3401 1285 3586 1339 audiat

2007 1367 2193 1422 laudes
2240 1369 2451 1436 sponsi,
2503 1368 2558 1421 in
2605 1384 2846 1422 amorem
2880 1370 3063 1439 sponsi
3105 1374 3436 1439 accenditur,
3477 1392 3588 1431 non

2009 1459 2062 1512 in
2100 1459 2434 1530 negligenter
2458 1459 2744 1514 laudantis.
2781 1460 2916 1515 Nam
2955 1471 3009 1517 et
3058 1464 3367 1534 diligentem
3404 1467 3588 1522 lauda-

2011 1556 2184 1602 torem
2216 1557 2362 1602 amat
2404 1559 2462 1602 ut
2491 1550 2793 1618 proximum
2817 1591 2831 1612 ,
2869 1567 2975 1605 non
3018 1560 3076 1606 ut
3119 1568 3407 1623 sponsum,
3441 1566 3587 1612 amat

2011 1640 2066 1694 in
2099 1656 2314 1710 sponso,
2352 1657 2458 1696 non
2497 1658 2596 1711 pro
2625 1657 2840 1710 sponso.
2872 1643 3167 1698 Ambulans
3203 1645 3258 1698 in
3285 1646 3370 1701 via
3399 1648 3588 1702 imma-

329 1740 442 1785 tum
484 1738 542 1782 ut
575 1745 687 1783 sua:
717 1729 980 1783 voluntati
1010 1729 1174 1783 faciat
1218 1737 1273 1784 et
1318 1729 1592 1784 libidinem
1641 1729 1903 1799 impleat;
1934 1716 1983 1776 Β
2013 1731 2221 1797 culata,
2270 1733 2358 1787 hic
2387 1733 2614 1787 Domino
2651 1733 2952 1798 ministrat,
2987 1750 3092 1788 non
3133 1736 3268 1802 sibi;
3315 1746 3369 1792 et
3414 1749 3590 1808 potest

326 1821 403 1875 ita
435 1821 610 1876 omnis
657 1821 748 1888 qui
785 1819 1304 1873 administrationem
1341 1820 1494 1874 verbi
1532 1820 1807 1888 suscepit,
1862 1819 1908 1874 si

333 1929 400 1968 ex
437 1912 747 1967 sinceritate
776 1910 1003 1965 salutem
1033 1910 1364 1965 audientium
1409 1920 1464 1965 et
1500 1909 1910 1965 aediﬁcationem

331 2003 586 2059 Ecclesiae
640 2018 747 2056 non
799 2002 1030 2071 quzerit,
1063 2001 1159 2055 sed
1199 2017 1364 2056 causa
1410 2001 1632 2056 alterius
1661 2001 1762 2066 rei,
1791 2016 1912 2071 quae

337 2095 517 2148 minor
544 2101 630 2148 est
653 2108 814 2161 quam
840 2091 985 2146 salus
1014 2092 1341 2157 auditorum,
1366 2092 1590 2146 verbum
1615 2091 1709 2145 Dei
1738 2092 1912 2162 loqui-

339 2194 448 2248 tur,
483 2193 540 2238 ut
580 2199 689 2238 suae
715 2183 969 2236 nimirum
998 2182 1230 2252 propriae
1260 2183 1523 2238 voluntati
1553 2183 1910 2253 obtemperet,

344 2275 558 2329 adulter
582 2281 681 2330 est.

403 2365 494 2418 XI.
536 2367 676 2437 Ergo
729 2382 834 2420 non
890 2365 988 2420 soli
1040 2365 1286 2421 hacretici
1333 2366 1642 2421 adulterant
1688 2353 1914 2422 verbum

331 2456 451 2521 Dei,
485 2456 762 2511 miscendo
790 2455 1034 2511 fallacias
1071 2472 1216 2511 suas.
1255 2456 1361 2512 Sed
1387 2465 1442 2511 et
1469 2471 1658 2512 omnes
1687 2459 1779 2528 qui
1818 2475 1917 2527 per

337 2567 552 2607 sacrum
586 2551 942 2605 ministerium
980 2537 1046 2604 ad
1085 2551 1320 2605 honores
1363 2559 1418 2605 et
1463 2551 1681 2606 divitias
1712 2561 1918 2621 tempo—

338 2641 481 2696 rales
533 2641 814 2710 pervenire
861 2640 1136 2704 festinant,
1169 2641 1332 2696 etiam
1375 2649 1429 2696 et
1476 2642 1551 2696 illi
1579 2643 1671 2714 qui
1711 2646 1779 2699 ad
1819 2645 1918 2699 ho-

331 2747 492 2788 nores
523 2741 577 2786 et
613 2731 829 2786 divitias
856 2731 1136 2786 sublimari
1182 2747 1288 2787 non
1330 2741 1586 2802 possunt,
1627 2741 1683 2788 et
1711 2736 1917 2790 victum

332 2830 426 2876 aut
469 2829 838 2892 tegumentum
887 2821 1261 2889 quotidianum
1291 2837 1359 2875 ex
1407 2837 1564 2876 sacro
1614 2823 1917 2880 ministerio

335 2911 556 2979 adipisci
589 2911 812 2978 cupiunt
861 2909 1010 2981 (quia
1056 2925 1162 2964 non
1206 2909 1326 2966 ideo
1367 2921 1612 2981 sumptus
1649 2914 1920 2983 accipiunt

335 3012 397 3060 ut
443 3005 767 3074 praedicent,
805 3005 898 3059 sed
938 3005 1060 3059 ideo
1097 3017 1124 3046 ιι
1163 3004 1463 3074 praedicant
1507 3011 1567 3058 ut
1615 3005 1914 3075 accipiant;

334 3109 437 3149 nec
487 3093 778 3164 loquuntur
814 3108 880 3148 ex
921 3094 1232 3148 sinceritate
1268 3095 1410 3149 sicut
1455 3110 1521 3149 ex
1570 3095 1701 3159 Deo,
1735 3111 1917 3150 coram

335 3181 486 3246 Deo;
534 3184 626 3237 sed
653 3183 928 3236 ambulant
960 3184 1012 3236 in
1041 3184 1263 3249 astutia,
1292 3199 1391 3239 nec
1426 3185 1676 3240 abdicant
1707 3187 1918 3242 occulta

339 3274 655 3338 dedecoris,
688 3275 778 3328 sed
815 3273 1267 3346 amplectuntur),
1299 3275 1526 3330 adulteri
1557 3285 1701 3330 sunt.
1732 3277 1919 3333 Omnis

335 3379 466 3434 ergo
508 3365 595 3432 qui
649 3365 983 3433 prreponitur
1023 3365 1270 3430 caeteris,
1324 3366 1436 3420 sive
1491 3367 1756 3435 clericus,
1804 3370 1918 3426 sive

339 3457 658 3518 monachus,
705 3455 748 3510 si
804 3459 877 3510 ita
916 3457 1129 3510 videtur
1165 3457 1456 3514 benevolus
1507 3467 1562 3514 et
1603 3471 1917 3518 mansuetus

341 3555 503 3615 atque
562 3545 824 3611 all’abilis,
871 3554 933 3600 ut
971 3547 1307 3602 subditorum
1357 3551 1520 3603 corda
1563 3551 1616 3604 in
1657 3551 1738 3606 sui
1775 3569 1924 3608 amo-

338 3651 453 3690 rem
481 3644 536 3688 et
571 3635 597 3674 b
634 3636 904 3705 propriam
930 3636 1144 3691 laudem
1172 3646 1472 3704 convertat,
1507 3641 1716 3696 adulter
1739 3651 1843 3708 est,
1869 3652 1925 3698 et

338 3724 584 3794 regimen
629 3725 934 3778 animarum
977 3726 1251 3795 suscipere
1292 3742 1565 3796 nunquam
1598 3729 1774 3784 debet.
1821 3731 1922 3799 Qui

343 3825 522 3870 autem
553 3816 625 3869 ita
670 3817 929 3886 prudens,
963 3825 1299 3882 mansuetus,
1331 3827 1386 3872 et
1414 3819 1595 3874 suavis
1618 3828 1723 3886 est,
1773 3830 1830 3876 ut
1865 3839 1923 3878 se

337 3909 582 3964 videntes
611 3918 666 3964 et
710 3909 993 3964 audientes
1040 3910 1109 3963 ad
1137 3926 1376 3964 amorem
1411 3919 1466 3964 et
1495 3910 1707 3966 laudem
1741 3917 1920 3983 sponsi

339 4005 622 4053 convertat
660 4006 715 4052 et
756 4000 1015 4054 accendat
1089 3999 1297 4054 amicus
1327 4008 1412 4055 est
1447 4001 1652 4070 sponsi,
1695 4007 1914 4061 castita-

2013 1826 2238 1897 proponi
2261 1826 2470 1880 czeteris
2499 1843 2510 1878 :
2543 1841 2650 1879 non
2677 1825 2988 1889 ambulans,
3029 1827 3120 1880 sed
3140 1827 3328 1895 jacens
3360 1828 3412 1882 in
3441 1830 3591 1898 igna-

2012 1915 2098 1968 via
2123 1955 2136 1979 ,
2164 1922 2220 1967 et
2255 1913 2344 1982 qui
2385 1914 2464 1967 sic
2502 1914 2805 1978 ministrat,
2849 1913 2951 1967 sibi
2990 1915 3297 1981 ministrat,
3349 1933 3455 1972 non
3488 1918 3592 1972 Do-

2015 1988 2198 2065 mino,
2253 2017 2358 2055 non
2409 2003 2567 2056 debet
2612 2001 2850 2072 praeponi
2903 2003 3133 2058 czeteris.
3198 2003 3299 2070 Qui
3344 2008 3593 2062 custodes

2013 2093 2449 2147 Observationum
2495 2095 2562 2149 ad
2606 2087 2817 2148 libitum
2867 2109 3020 2148 suum
3045 2135 3060 2161 ,
3111 2103 3166 2148 et
3207 2113 3316 2151 non
3353 2097 3418 2150 ad
3454 2099 3594 2152 utili-

2017 2188 2183 2235 tatem
2219 2182 2675 2248 domesticorum,
2724 2184 2940 2238 sibimet
2985 2185 3289 2255 dispensat,
3341 2204 3445 2244 non
3489 2189 3592 2245 Do-

2016 2273 2184 2336 mino,
2216 2289 2320 2328 non
2369 2283 2452 2328 est
2491 2274 2662 2330 ﬁdelis
2688 2275 3028 2344 dispensator
3053 2285 3107 2331 et
3147 2279 3404 2346 prudens,
3431 2294 3592 2348 quem

2019 2363 2313 2416 constituat
2358 2363 2617 2418 Dominus
2667 2378 2831 2432 super
2880 2364 3140 2419 familiam
3190 2381 3364 2420 suam.
3421 2366 3593 2420 Labor

2016 2452 2296 2507 stultorum
2331 2453 2515 2525 aﬂliget
2563 2471 2648 2507 eos
2695 2456 2784 2524 qui
2825 2457 3061 2509 nesciunt
3105 2457 3162 2510 in
3199 2457 3376 2510 urbem
3415 2459 3591 2528 sponsi

2017 2561 2259 2614 pergere;
2309 2553 2362 2598 et
2408 2546 2527 2599 ideo
2575 2561 2680 2600 non
2723 2545 2921 2601 debent
2970 2547 3086 2601 ﬁeri
3139 2548 3301 2603 duces
3341 2549 3593 2603 aliorum.

2020 2632 2198 2688 Labor
2247 2634 2548 2704 sapientum
2595 2643 2751 2689 sanat
2793 2651 2905 2690 eos.
2953 2635 3299 2691 Deducuntur
3337 2637 3480 2690 enim
3527 2638 3596 2691 ab

2021 2741 2218 2796 sponso
2249 2725 2304 2780 in
2333 2725 2477 2780 viam
2521 2734 2758 2792 rectam,
2786 2735 2846 2780 ut
2890 2735 3018 2782 eant
3056 2728 3110 2780 in
3141 2728 3414 2782 civitatem
3444 2728 3597 2784 habi-

2023 2815 2272 2880 tationis;
2307 2815 2548 2885 talesque
2577 2816 2692 2870 ﬁeri
2725 2817 2923 2871 debent
2952 2817 3117 2872 duces
3143 2833 3329 2872 eorum
3365 2818 3456 2887 qui
3487 2833 3594 2872 non

2023 2907 2222 2962 habent
2254 2909 2344 2962 hic
2371 2915 2676 2962 manentem
2703 2907 2997 2974 civitatem,
3037 2911 3131 2963 sed
3155 2907 3391 2964 futuram
3421 2910 3597 2978 inqui-

2024 3006 2150 3052 runt
2177 2999 2230 3052 in
2263 3014 2425 3070 grege
2467 2999 2557 3069 qui
2587 2999 2829 3054 ascendit
2856 3000 2922 3053 de
2960 2999 3196 3054 lavacro.
3244 3000 3311 3054 Et
3356 2998 3600 3054 fecunda:

2023 3097 2148 3144 sunt
2176 3091 2448 3156 amandare,
2495 3098 2550 3143 et
2581 3090 2793 3144 steriles
2831 3090 3150 3155 tolerandae;
3183 3098 3238 3145 et
3266 3092 3388 3146 sani
3421 3098 3600 3146 custo-

2021 3181 2234 3245 diendi,
2274 3189 2328 3233 et
2370 3179 2569 3233 inﬁrmi
2603 3180 2830 3234 sanandi
2882 3199 2894 3233 :
2936 3181 3063 3250 quia
3100 3196 3329 3252 sponsus
3358 3182 3424 3235 de
3461 3181 3599 3236 cmlo

2021 3273 2171 3326 venit
2215 3271 2359 3341 quod
2397 3271 2634 3341 perierat
2678 3272 2953 3340 requirere
2981 3313 2996 3337 ,
3045 3282 3099 3326 et
3138 3273 3282 3341 quod
3330 3272 3600 3340 abjcctum

2017 3371 2138 3415 erat
2187 3361 2488 3426 reducere,
2539 3368 2594 3414 et
2652 3361 2794 3430 quod
2850 3361 3182 3417 confractum
3235 3363 3494 3433 alligare,
3546 3371 3602 3420 et

2020 3455 2160 3524 quod
2189 3453 2459 3508 inﬁrmum
2505 3453 2841 3508 consolidare
2862 3495 2877 3520 ,
2927 3463 2982 3510 et
3016 3456 3214 3525 pingue
3241 3463 3295 3511 et
3329 3456 3466 3511 forte
3509 3473 3602 3512 cu-

2029 3547 2252 3603 stodire.

2103 3637 2212 3692 ΧΠ.
2252 3637 2379 3691 Haec
2404 3637 2456 3690 in
2489 3634 2747 3705 subjectis
2771 3636 2963 3691 ovibus
2985 3637 3058 3691 ita
3085 3637 3420 3692 observanda
3447 3647 3596 3692 sunt.

2029 3730 2086 3784 ln
2116 3729 2352 3800 praelatis
2401 3737 2582 3782 autem
2624 3735 2678 3783 et
2722 3730 3029 3797 pastoribus
3072 3729 3176 3782 alia
3218 3729 3456 3784 conditio
3497 3735 3599 3782 est.

2031 3821 2295 3888 Quoniam
2328 3819 2469 3874 sicut
2508 3821 2699 3874 beatus
2737 3827 2820 3873 est
2856 3817 3028 3888 ﬁdelis
3065 3835 3238 3872 servus
3267 3829 3313 3872 et
3352 3817 3599 3888 prudens,

2028 3930 2179 3986 quem
2225 3911 2491 3965 constituit
2523 3909 2780 3964 Dominus
2817 3925 2972 3980 super
3013 3909 3269 3978 familiam
3315 3926 3500 3973 suam,
3546 3917 3601 3962 ut

2021 4010 2105 4064 det
2132 4002 2237 4058 illis
2279 4001 2450 4056 cibum
2488 4001 2546 4054 in
2588 4009 2836 4070 tempore,
2865 4000 2959 4070 qui
2994 4000 3238 4054 imitatur
3272 4011 3295 4039 ο
3332 4009 3601 4071 pastorem

1686 4093 1961 4157 BALUZII
2001 4096 2227 4155 ΝΟΤίΕ.

410 4191 436 4218 a
483 4175 782 4252 Prwdicant
832 4185 889 4252 ut
926 4179 1206 4252 accipiant.
1249 4178 1387 4232 Tum
1438 4180 1604 4252 enim,
1636 4184 1780 4252 quod
1810 4202 1923 4243 me-

337 4249 447 4321 rito
480 4247 704 4321 damnat
732 4245 1065 4315 Agobardus,
1102 4255 1258 4301 erant
1290 4249 1530 4303 nonnulli
1574 4245 1669 4321 qui
1697 4256 1922 4311 verbum

338 4316 432 4371 Dei
458 4314 822 4383 praedicabant
852 4325 1090 4384 quaestus
1111 4332 1293 4377 causa,
1323 4331 1430 4370 non
1456 4327 1562 4374 tam
1591 4314 1826 4378 'solliciti
1859 4327 1925 4380 de

338 4401 481 4462 cura
522 4385 845 4462 animarum,
900 4386 1171 4462 quamde
1217 4387 1816 4462 colligendapecunia.
1854 4395 1919 4450 Et

337 4455 559 4529 omnin_o
593 4455 868 4529 accepisse
899 4455 1000 4529 ista
1027 4455 1248 4529 videtur
1301 4455 1616 4529 Agobardus
1651 4477 1681 4516 a
1730 4474 1920 4520 sancto

334 4541 472 4596 papa
490 4523 776 4596 Gregorio,
829 4525 982 4594 cujus
1027 4526 1144 4579 haec
1169 4534 1295 4581 sunt
1343 4523 1503 4584 verba
1539 4547 1604 4585 ex
1655 4532 1794 4587 libro
1825 4551 1920 4590 xxx

336 4593 544 4666 ing’Job,
570 4593 688 4666 cap.
718 4595 777 4648 11
810 4614 821 4648 :
855 4614 873 4644 ι
899 4593 1114 4666 Βυιγνο
1141 4599 1308 4666 pedes
1343 4597 1612 4664 lavantur,
1641 4603 1766 4656 dum
1790 4619 1919 4658 san-

336 4655 920 4741 ctisnprwdi'catoribus
946 4655 1124 4741 debita
1145 4655 1159 4666 ’
1177 4669 1245 4741 ab
1275 4655 1617 4741 audientibus
1649 4655 1921 4741 stipendia

335 4732 788 4809 conferuntur,_et
818 4751 954 4809 quos
985 4735 1181 4809 fatigat
1208 4738 1486 4809 injunetus
1519 4732 1920 4809 praedicationis

335 4804 506 4866 labor,
546 4805 785 4881 exhibita
813 4804 1143 4881 adiscipulis
1170 4804 1452 4881 pinguedo
1483 4804 1606 4864 boni
1632 4814 1812 4881 operis
1845 4812 1922 4867 fo-

337 4881 465 4932 vet;
507 4889 613 4927 non
643 4873 783 4940 quod
818 4874 937 4927 ideo
965 4873 1290 4942 praidicent;
1317 4884 1377 4930 ut
1406 4877 1635 4940 alantur,
1667 4873 1767 4935 sed
1792 4883 1919 4938 ideo

339 4943 556 4998 alantur
611 4951 670 4995 ut
699 4943 1016 5015 praedicent,
1072 4945 1123 4997 id
1148 4952 1250 5008 est,
1308 4957 1368 5000 ut
1390 4949 1684 5015 prmdicarc
1737 4952 1918 5007 subsi-

341 5021 489 5068 stant
517 5028 532 5078 ;
564 5027 670 5066 non
698 5022 755 5066 ut
789 5012 1142 5067 intentionem
1193 5012 1438 5070 sumendi
1472 5019 1648 5074 victus
1677 5029 1922 5077 transeat

341 5083 484 5137 actio
511 5082 930 5152 praedicationis,
976 5084 1067 5138 sed
1091 5084 1156 5137 ad
1203 5085 1485 5140 utilitatem

339 5153 646 5207 deserviant
702 5152 1002 5206 ministeria
1037 5155 1461 5210 sustentationis.

1563 5091 1920 5147 raedicationis

1576 5161 1678 5214 nde
1710 5177 1739 5216 a
1767 5163 1920 5216 bonis

336 5222 781 5301 prredicatoribus
813 5238 919 5276 non
949 5239 1112 5301 causa
1146 5224 1321 5301 victus
1364 5227 1676 5301 praedicatio
1709 5231 1919 5301 impen-

337 5291 502 5366 ditur,
554 5293 649 5346 sed
690 5307 854 5366 causa
897 5293 1298 5366 praedicationis
1351 5291 1615 5366 accipitur
1664 5291 1856 5356 victus.
1895 5322 1914 5352 ι

340 5358 541 5434 Reque
577 5375 708 5434 vero
753 5358 1162 5434 discrimﬁnihil
1221 5358 1665 5434 praedicatoribus
1717 5370 1918 5426 debere

342 5429 460 5506 dari
494 5429 560 5483 ab
588 5431 942 5506 auditoribus.
977 5433 1111 5488 Nam
1138 5429 1448 5506 dig-nusrest
1468 5439 1748 5506 operarius
1774 5456 1921 5496 mer-

341 5498 473 5579 cede
496 5513 592 5552 sua
617 5516 630 5561 ;
664 5499 948 5579 etojustum
978 5513 1061 5558 est
1083 5513 1143 5558 ut
1163 5498 1254 5575 qui
1279 5498 1540 5579 spiritalia
1559 5509 1725 5579 nobis
1751 5511 1917 5564 semi-

341 5576 520 5649 itaut,“
531 5569 768 5649 carnalia
796 5581 977 5649 nostra
1005 5569 1230 5639 metant,
1255 5569 1323 5649 ut:
1340 5575 1405 5630 ad
1445 5575 1754 5633 Corinthios
1779 5580 1918 5634 scri-

343 5636 428 5691 bit
483 5637 680 5693 Paulus
732 5640 1040 5708 apostolus:
1105 5636 1264 5712 quem
1307 5646 1480 5702 locum
1535 5649 1716 5703 attulit
1777 5649 1918 5704 idem

1953 4345 2005 4406 ι)
2029 4323 2250 4406 talionis
2302 4334 2480 4406 suppe

2028 4184 2319 4256 Gregorius
2371 4180 2590 4234 homilia
2640 4180 2706 4256 l7
2736 4179 2813 4256 iri
2851 4178 3254 4256 Evangelia,_ut
3293 4182 3604 4238 ostendere;

2030 4248 2243 4326 aequvum
2273 4266 2393 4306 esse
2415 4257 2474 4302 ιιι
2483 4250 2725 4373 ίΡοριιιυε
2755 4248 3094 4304 Christianus
3115 4250 3367 4307 alimenta
3391 4262 3604 4308 susten-

2030 4323 2250 4373 talionis
2312 4334 2480 4373 suone
2519 4322 2617 4373 itet
2674 4319 3134 4373 praedicatoribus.
3191 4321 3303 4373 Hoc
3338 4323 3505 4373 enim.
3543 4331 3604 4373 ut

2519 4322 2617 4374 itet
2674 4319 3134 4389 praedicatoribus.
3191 4321 3303 4376 Hoc
3338 4323 3505 4388 enim,
3543 4331 3604 4377 ut

2027 4395 2165 4459 dixi,
2205 4391 2414 4460 justum
2443 4399 2545 4454 est,
2585 4396 2639 4444 et
2668 4404 2889 4463 prorsus
2937 4405 3172 4463 aequum.
3211 4390 3316 4446 Sed
3364 4395 3484 4463 quis
3516 4392 3598 4446 fe-

2023 4473 2114 4520 rat
2147 4463 2533 4534 praedicatores
2584 4460 2863 4534 quosdam,
2899 4460 2992 4530 qui
3043 4460 3176 4515 nihil
3200 4477 3308 4534 non
3339 4460 3602 4534 aguntut

2023 4530 2314 4588 cathedras
2367 4538 2645 4601 occupent
2683 4530 2934 4599 majores.
2987 4539 3042 4584 et
3067 4546 3135 4585 ex
3182 4530 3398 4601 quibus"
3426 4532 3602 4601 majus

2022 4605 2277 4659 salarium
2311 4598 2579 4670 provenit.
2615 4598 2780 4666 Quasi
2811 4608 3087 4655 constaret
3111 4598 3333 4656 verbum
3361 4603 3459 4659 Dei
3486 4598 3595 4659 non

2021 4674 2226 4738 valere,
2249 4671 2351 4725 nisi
2382 4678 2642 4736 quantum
2669 4671 2985 4724 aestimatur.

2094 4744 2123 4783 b
2156 4743 2224 4798 In
2255 4741 2522 4812 propriam
2553 4740 2779 4813 laudem.
2809 4740 2982 4794 Taxat
3008 4740 3233 4813 alterum
3264 4757 3433 4813 genus
3471 4758 3598 4798 con-

2023 4811 2362 4869 cionatorum
2413 4825 2565 4880 aeque
2603 4811 2872 4882 odiosum,
2915 4824 3010 4864 eos
3061 4811 3345 4882 nimirum,
3400 4813 3598 4882 quibus

2020 4885 2138 4938 haec
2164 4883 2325 4937 unica
2351 4896 2481 4936 cura
2511 4889 2614 4945 est,
2659 4888 2720 4933 ut
2761 4880 2896 4934 belle
2921 4881 3235 4935 concionari
3267 4880 3550 4938 videantur
3582 4901 3594 4936 :

2021 4952 2324 5022 cujusmodi
2374 4950 2599 5022 nimium
2628 4949 2782 5022 multi
2821 4960 2986 5022 sunt;
3020 4961 3182 5022 atque
3213 4952 3417 5006 utinam
3467 4953 3597 5009 nulli

2021 5020 2243 5078 essent!
2277 5021 2414 5074 Tum
2446 5020 2698 5074 admonet
2737 5020 3009 5074 vitandum
3043 5020 3095 5074 id
3145 5037 3287 5076 esse.
3332 5023 3599 5078 Praeclare

2021 5100 2240 5147 sanctus
2264 5091 2406 5144 idem
2435 5089 2728 5158 Gregorius
2749 5090 2800 5143 in
2829 5090 3050 5144 homilia
3079 5091 3238 5158 paulo
3263 5101 3389 5147 ante
3409 5093 3598 5146 lauda-

2020 5171 2074 5216 ta
2110 5182 2122 5215 :
2163 5179 2181 5210 ι
2215 5159 2472 5231 Quisquis
2494 5175 2726 5231 namque
2753 5159 2874 5214 ideo
2893 5160 3175 5231 praedicat,
3206 5163 3398 5231 inquit,
3426 5172 3483 5216 ut
3513 5163 3599 5217 hic

2019 5232 2105 5286 vel
2160 5231 2336 5301 laudis
2362 5229 2444 5283 vel
2477 5230 2717 5284 muneris
2758 5229 3062 5301 mercedem
3096 5229 3340 5301 recipiat,
3393 5242 3595 5288 aeterna

2019 5301 2208 5371 procul
2231 5300 2392 5371 dubio
2416 5301 2665 5371 mercede
2691 5314 2748 5354 se
2762 5300 2974 5371 privata
2993 5319 3010 5351 ι
3041 5301 3172 5355 Vide
3205 5300 3420 5357 rursum
3441 5318 3597 5358 eum-

2020 5370 2145 5426 dem
2173 5370 2490 5440 Gregorium
2525 5370 2742 5424 homilia
2766 5371 2830 5423 21
2868 5371 2920 5424 in
2951 5370 3308 5426 Ezechielem.

2097 5453 2141 5512 εί
2161 5441 2437 5494 Pastorem
2457 5449 2749 5512 pastorum,
2778 5440 2828 5493 id
2852 5447 2954 5503 est,
2981 5440 3279 5512 Christum,
3302 5458 3409 5512 quo
3434 5442 3596 5496 etiam

2020 5511 2182 5583 modo
2220 5525 2343 5583 eum
2372 5509 2952 5583 nominant_Prosper,_
2978 5511 3173 5583 Petrus
3199 5509 3564 5583 Chrjsologus
3581 5557 3595 5573 .

2019 5579 2264 5653 Julianus
2307 5578 2604 5653 Pomerius,
2652 5578 2908 5653 Ruricius
2934 5578 3357 5653 Lemovicensis,
3387 5578 3595 5653 Grego-

2020 5651 2132 5706 rius
2162 5649 2396 5720 Magnus,
2429 5648 2750 5706 llincmarus
2773 5690 2787 5717 ,
2825 5651 2934 5704 alii.
2983 5650 3095 5718 Sic,
3123 5652 3265 5720 quod
3306 5653 3448 5710 idem
3490 5648 3595 5718 Est,
