  <div class='ocr_page' id='page_1' title='image "/cluster/home/n/w/nwhite01/storage/ocr_20150623/104/hvd.32044052819794/104.png"; bbox 0 0 4010 6184; ppageno 0'>
   <div class='ocr_carea' id='block_1_1' title="bbox 372 273 473 331">
    <p class='ocr_par' dir='ltr' id='par_1_1' title="bbox 372 273 473 331">
     <span class='ocr_line' id='line_1_1' title="bbox 372 273 473 331; baseline -0.01 -2"><span class='ocrx_word' id='word_1_1' title='bbox 372 273 473 331; x_wconf 62' lang='lat' dir='ltr'><strong>I97</strong></span> 
     </span>
    </p>
   </div>
   <div class='ocr_carea' id='block_1_2' title="bbox 1199 261 2819 324">
    <p class='ocr_par' dir='ltr' id='par_1_2' title="bbox 1199 261 2819 324">
     <span class='ocr_line' id='line_1_2' title="bbox 1199 261 2819 324; baseline -0.001 -2"><span class='ocrx_word' id='word_1_2' title='bbox 1199 265 1417 323; x_wconf 82' lang='lat' dir='ltr'><strong>EPIST.</strong></span> <span class='ocrx_word' id='word_1_3' title='bbox 1456 266 1550 321; x_wconf 88' lang='lat' dir='ltr'><strong>AD</strong></span> <span class='ocrx_word' id='word_1_4' title='bbox 1587 261 1926 322; x_wconf 81' lang='lat' dir='ltr'><strong>CLERICOS</strong></span> <span class='ocrx_word' id='word_1_5' title='bbox 1967 261 2055 317; x_wconf 83' lang='lat' dir='ltr'>ET</span> <span class='ocrx_word' id='word_1_6' title='bbox 2095 262 2473 322; x_wconf 76' lang='lat' dir='ltr'><strong>MONACHOS</strong></span> <span class='ocrx_word' id='word_1_7' title='bbox 2515 264 2819 324; x_wconf 80' lang='lat' dir='ltr'><strong>LUGDUN.</strong></span> 
     </span>
    </p>
   </div>
   <div class='ocr_carea' id='block_1_3' title="bbox 3544 269 3646 324">
    <p class='ocr_par' dir='ltr' id='par_1_3' title="bbox 3544 269 3646 324">
     <span class='ocr_line' id='line_1_3' title="bbox 3544 269 3646 324; baseline 0.02 -2"><span class='ocrx_word' id='word_1_8' title='bbox 3544 269 3646 324; x_wconf 73' lang='grc'><strong>198</strong></span> 
     </span>
    </p>
   </div>
   <div class='ocr_carea' id='block_1_4' title="bbox 366 378 3647 459">
    <p class='ocr_par' dir='ltr' id='par_1_4' title="bbox 366 378 3647 459">
     <span class='ocr_line' id='line_1_4' title="bbox 366 378 3647 459; baseline -0.001 -18"><span class='ocrx_word' id='word_1_9' title='bbox 366 395 653 459; x_wconf 75' lang='lat' dir='ltr'><strong>pastorum</strong></span> <span class='ocrx_word' id='word_1_10' title='bbox 682 384 735 437; x_wconf 92' lang='lat' dir='ltr'><strong>in</strong></span> <span class='ocrx_word' id='word_1_11' title='bbox 765 382 1235 441; x_wconf 73' lang='lat' dir='ltr'><strong>administratione</strong></span> <span class='ocrx_word' id='word_1_12' title='bbox 1274 398 1523 453; x_wconf 66' lang='lat' dir='ltr'><strong>pascuae;</strong></span> <span class='ocrx_word' id='word_1_13' title='bbox 1565 383 1639 438; x_wconf 88' lang='lat' dir='ltr'><strong>ita</strong></span> <span class='ocrx_word' id='word_1_14' title='bbox 1669 396 1700 436; x_wconf 90' lang='lat' dir='ltr'><strong>e</strong></span> <span class='ocrx_word' id='word_1_15' title='bbox 1740 388 1953 436; x_wconf 88' lang='lat' dir='ltr'><strong>contra-</strong></span> <span class='ocrx_word' id='word_1_16' title='bbox 1983 378 2250 450; x_wconf 76' lang='lat' dir='ltr'><strong>Ainquit,</strong></span> <span class='ocrx_word' id='word_1_17' title='bbox 2301 395 2408 436; x_wconf 90' lang='lat' dir='ltr'><strong>non</strong></span> <span class='ocrx_word' id='word_1_18' title='bbox 2449 391 2605 449; x_wconf 83' lang='lat' dir='ltr'><strong>tuos;</strong></span> <span class='ocrx_word' id='word_1_19' title='bbox 2650 391 2707 439; x_wconf 93' lang='lat' dir='ltr'><strong>et</strong></span> <span class='ocrx_word' id='word_1_20' title='bbox 2753 382 2958 438; x_wconf 89' lang='lat' dir='ltr'><strong>idcirco</strong></span> <span class='ocrx_word' id='word_1_21' title='bbox 3005 382 3160 449; x_wconf 85' lang='lat' dir='ltr'><strong>mihi,</strong></span> <span class='ocrx_word' id='word_1_22' title='bbox 3210 398 3318 438; x_wconf 89' lang='lat' dir='ltr'><strong>non</strong></span> <span class='ocrx_word' id='word_1_23' title='bbox 3366 382 3482 438; x_wconf 92' lang='lat' dir='ltr'><strong>tibi.</strong></span> <span class='ocrx_word' id='word_1_24' title='bbox 3533 384 3647 440; x_wconf 79' lang='lat' dir='ltr'><strong>Hoc</strong></span> 
     </span>
    </p>
   </div>
   <div class='ocr_carea' id='block_1_5' title="bbox 367 471 1959 545">
    <p class='ocr_par' dir='ltr' id='par_1_5' title="bbox 367 471 1959 545">
     <span class='ocr_line' id='line_1_5' title="bbox 367 471 1959 545; baseline -0.004 -12"><span class='ocrx_word' id='word_1_25' title='bbox 367 476 565 533; x_wconf 67' lang='lat' dir='ltr'><strong>rio.de</strong></span> <span class='ocrx_word' id='word_1_26' title='bbox 612 475 924 545; x_wconf 70' lang='lat' dir='ltr'><strong>pastoribus</strong></span> <span class='ocrx_word' id='word_1_27' title='bbox 974 474 1067 543; x_wconf 88' lang='lat' dir='ltr'><strong>qui</strong></span> <span class='ocrx_word' id='word_1_28' title='bbox 1119 482 1348 545; x_wconf 87' lang='lat' dir='ltr'><strong>pascunt</strong></span> <span class='ocrx_word' id='word_1_29' title='bbox 1404 474 1761 545; x_wconf 85' lang='lat' dir='ltr'><strong>semetipsos,</strong></span> <span class='ocrx_word' id='word_1_30' title='bbox 1814 471 1959 543; x_wconf 89' lang='lat' dir='ltr'><strong>quod</strong></span> 
     </span>
    </p>
   </div>
   <div class='ocr_carea' id='block_1_6' title="bbox 368 566 1958 635">
    <p class='ocr_par' dir='ltr' id='par_1_6' title="bbox 368 566 1958 635">
     <span class='ocr_line' id='line_1_6' title="bbox 368 566 1958 635; baseline -0.004 -11"><span class='ocrx_word' id='word_1_31' title='bbox 368 568 649 624; x_wconf 80' lang='lat' dir='ltr'><strong>inﬁrmum</strong></span> <span class='ocrx_word' id='word_1_32' title='bbox 696 574 783 623; x_wconf 88' lang='lat' dir='ltr'><strong>est</strong></span> <span class='ocrx_word' id='word_1_33' title='bbox 836 581 943 621; x_wconf 93' lang='lat' dir='ltr'><strong>non</strong></span> <span class='ocrx_word' id='word_1_34' title='bbox 990 566 1368 631; x_wconf 74' lang='lat' dir='ltr'><strong>consolidant,</strong></span> <span class='ocrx_word' id='word_1_35' title='bbox 1415 573 1473 620; x_wconf 93' lang='lat' dir='ltr'><strong>et</strong></span> <span class='ocrx_word' id='word_1_36' title='bbox 1515 566 1658 635; x_wconf 91' lang='lat' dir='ltr'><strong>quod</strong></span> <span class='ocrx_word' id='word_1_37' title='bbox 1697 572 1958 634; x_wconf 78' lang='lat' dir='ltr'><strong>aegrotum</strong></span> 
     </span>
    </p>
   </div>
   <div class='ocr_carea' id='block_1_7' title="bbox 367 655 1957 728">
    <p class='ocr_par' dir='ltr' id='par_1_7' title="bbox 367 655 1957 728">
     <span class='ocr_line' id='line_1_7' title="bbox 367 655 1957 728; baseline -0.003 -13"><span class='ocrx_word' id='word_1_38' title='bbox 367 675 476 715; x_wconf 79' lang='lat' dir='ltr'><strong>non</strong></span> <span class='ocrx_word' id='word_1_39' title='bbox 503 666 732 725; x_wconf 88' lang='lat' dir='ltr'><strong>sanant,</strong></span> <span class='ocrx_word' id='word_1_40' title='bbox 764 666 819 713; x_wconf 91' lang='lat' dir='ltr'><strong>et</strong></span> <span class='ocrx_word' id='word_1_41' title='bbox 845 657 988 728; x_wconf 87' lang='lat' dir='ltr'><strong>quod</strong></span> <span class='ocrx_word' id='word_1_42' title='bbox 1019 656 1249 713; x_wconf 88' lang='lat' dir='ltr'><strong>fractum</strong></span> <span class='ocrx_word' id='word_1_43' title='bbox 1282 673 1388 712; x_wconf 91' lang='lat' dir='ltr'><strong>non</strong></span> <span class='ocrx_word' id='word_1_44' title='bbox 1418 657 1641 728; x_wconf 84' lang='lat' dir='ltr'><strong>alligant</strong></span> <span class='ocrx_word' id='word_1_45' title='bbox 1662 697 1677 722; x_wconf 91' lang='lat'><strong>,</strong></span> <span class='ocrx_word' id='word_1_46' title='bbox 1715 665 1772 712; x_wconf 89' lang='lat' dir='ltr'><strong>et</strong></span> <span class='ocrx_word' id='word_1_47' title='bbox 1812 655 1957 726; x_wconf 92' lang='lat' dir='ltr'><strong>quod</strong></span> 
     </span>
    </p>
   </div>
   <div class='ocr_carea' id='block_1_8' title="bbox 365 746 1959 820">
    <p class='ocr_par' dir='ltr' id='par_1_8' title="bbox 365 746 1959 820">
     <span class='ocr_line' id='line_1_8' title="bbox 365 746 1959 820; baseline -0.003 -15"><span class='ocrx_word' id='word_1_48' title='bbox 365 749 643 820; x_wconf 71' lang='lat' dir='ltr'><strong>abiectum</strong></span> <span class='ocrx_word' id='word_1_49' title='bbox 680 763 790 803; x_wconf 89' lang='lat' dir='ltr'><strong>non</strong></span> <span class='ocrx_word' id='word_1_50' title='bbox 828 750 1134 811; x_wconf 88' lang='lat' dir='ltr'><strong>reducunt,</strong></span> <span class='ocrx_word' id='word_1_51' title='bbox 1176 747 1318 817; x_wconf 91' lang='lat' dir='ltr'><strong>quod</strong></span> <span class='ocrx_word' id='word_1_52' title='bbox 1356 746 1596 817; x_wconf 86' lang='lat' dir='ltr'><strong>perierat</strong></span> <span class='ocrx_word' id='word_1_53' title='bbox 1635 762 1741 801; x_wconf 89' lang='lat' dir='ltr'><strong>non</strong></span> <span class='ocrx_word' id='word_1_54' title='bbox 1774 746 1959 817; x_wconf 91' lang='lat' dir='ltr'><strong>requi-</strong></span> 
     </span>
    </p>
   </div>
   <div class='ocr_carea' id='block_1_9' title="bbox 366 836 1957 907">
    <p class='ocr_par' dir='ltr' id='par_1_9' title="bbox 366 836 1957 907">
     <span class='ocr_line' id='line_1_9' title="bbox 366 836 1957 907; baseline -0.003 -12"><span class='ocrx_word' id='word_1_55' title='bbox 366 847 499 897; x_wconf 87' lang='lat' dir='ltr'><strong>runt</strong></span> <span class='ocrx_word' id='word_1_56' title='bbox 538 856 553 890; x_wconf 88' lang='lat'><strong>:</strong></span> <span class='ocrx_word' id='word_1_57' title='bbox 594 837 663 899; x_wconf 85' lang='lat' dir='ltr'><strong>de</strong></span> <span class='ocrx_word' id='word_1_58' title='bbox 690 851 921 907; x_wconf 88' lang='lat' dir='ltr'><strong>quorum</strong></span> <span class='ocrx_word' id='word_1_59' title='bbox 953 850 1047 891; x_wconf 90' lang='lat' dir='ltr'><strong>ore</strong></span> <span class='ocrx_word' id='word_1_60' title='bbox 1081 836 1274 891; x_wconf 77' lang='lat' dir='ltr'><strong>liberet</strong></span> <span class='ocrx_word' id='word_1_61' title='bbox 1311 844 1497 905; x_wconf 77' lang='lat' dir='ltr'><strong>pastor</strong></span> <span class='ocrx_word' id='word_1_62' title='bbox 1524 845 1801 907; x_wconf 75' lang='lat' dir='ltr'><strong>pastorum</strong></span> <span class='ocrx_word' id='word_1_63' title='bbox 1826 849 1957 891; x_wconf 90' lang='lat' dir='ltr'><strong>oves</strong></span> 
     </span>
    </p>
   </div>
   <div class='ocr_carea' id='block_1_10' title="bbox 367 925 1958 997">
    <p class='ocr_par' dir='ltr' id='par_1_10' title="bbox 367 925 1958 997">
     <span class='ocr_line' id='line_1_10' title="bbox 367 925 1958 997; baseline -0.002 -13"><span class='ocrx_word' id='word_1_64' title='bbox 367 943 520 994; x_wconf 88' lang='lat' dir='ltr'><strong>suas,</strong></span> <span class='ocrx_word' id='word_1_65' title='bbox 548 936 608 982; x_wconf 92' lang='lat' dir='ltr'><strong>et</strong></span> <span class='ocrx_word' id='word_1_66' title='bbox 638 942 733 982; x_wconf 88' lang='lat' dir='ltr'><strong>eas</strong></span> <span class='ocrx_word' id='word_1_67' title='bbox 771 932 963 997; x_wconf 87' lang='lat' dir='ltr'><strong>pascat</strong></span> <span class='ocrx_word' id='word_1_68' title='bbox 997 925 1049 979; x_wconf 92' lang='lat' dir='ltr'><strong>in</strong></span> <span class='ocrx_word' id='word_1_69' title='bbox 1079 925 1294 996; x_wconf 82' lang='lat' dir='ltr'><strong>pascuis</strong></span> <span class='ocrx_word' id='word_1_70' title='bbox 1325 926 1637 990; x_wconf 86' lang='lat' dir='ltr'><strong>uberrimis,</strong></span> <span class='ocrx_word' id='word_1_71' title='bbox 1667 926 1833 980; x_wconf 91' lang='lat' dir='ltr'><strong>etiam</strong></span> <span class='ocrx_word' id='word_1_72' title='bbox 1863 940 1958 981; x_wconf 90' lang='lat' dir='ltr'><strong>eas</strong></span> 
     </span>
    </p>
   </div>
   <div class='ocr_carea' id='block_1_11' title="bbox 366 1015 1955 1091">
    <p class='ocr_par' dir='ltr' id='par_1_11' title="bbox 366 1015 1955 1091">
     <span class='ocr_line' id='line_1_11' title="bbox 366 1015 1955 1091; baseline -0.003 -15"><span class='ocrx_word' id='word_1_73' title='bbox 366 1036 492 1091; x_wconf 74' lang='lat' dir='ltr'><strong>qua:</strong></span> <span class='ocrx_word' id='word_1_74' title='bbox 513 1020 570 1076; x_wconf 91' lang='lat' dir='ltr'><strong>in</strong></span> <span class='ocrx_word' id='word_1_75' title='bbox 599 1016 854 1089; x_wconf 67' lang='lat' dir='ltr'><strong>praesenti</strong></span> <span class='ocrx_word' id='word_1_76' title='bbox 885 1016 996 1070; x_wconf 86' lang='lat' dir='ltr'><strong>vita</strong></span> <span class='ocrx_word' id='word_1_77' title='bbox 1019 1030 1232 1085; x_wconf 85' lang='lat' dir='ltr'><strong>semper</strong></span> <span class='ocrx_word' id='word_1_78' title='bbox 1260 1032 1357 1087; x_wconf 92' lang='lat' dir='ltr'><strong>pro</strong></span> <span class='ocrx_word' id='word_1_79' title='bbox 1382 1030 1441 1071; x_wconf 92' lang='lat' dir='ltr'><strong>se</strong></span> <span class='ocrx_word' id='word_1_80' title='bbox 1475 1015 1708 1071; x_wconf 86' lang='lat' dir='ltr'><strong>tolerant</strong></span> <span class='ocrx_word' id='word_1_81' title='bbox 1730 1032 1955 1086; x_wconf 90' lang='lat' dir='ltr'><strong>pravum</strong></span> 
     </span>
    </p>
   </div>
   <div class='ocr_carea' id='block_1_12' title="bbox 367 1107 1957 1181">
    <p class='ocr_par' dir='ltr' id='par_1_12' title="bbox 367 1107 1957 1181">
     <span class='ocr_line' id='line_1_12' title="bbox 367 1107 1957 1181; baseline 0 -17"><span class='ocrx_word' id='word_1_82' title='bbox 367 1119 667 1181; x_wconf 73' lang='lat' dir='ltr'><strong>pastorem.</strong></span> <span class='ocrx_word' id='word_1_83' title='bbox 708 1107 772 1162; x_wconf 85' lang='lat' dir='ltr'><strong>Et</strong></span> <span class='ocrx_word' id='word_1_84' title='bbox 798 1107 1015 1177; x_wconf 85' lang='lat' dir='ltr'><strong>quidem</strong></span> <span class='ocrx_word' id='word_1_85' title='bbox 1044 1108 1132 1177; x_wconf 89' lang='lat' dir='ltr'><strong>pia</strong></span> <span class='ocrx_word' id='word_1_86' title='bbox 1159 1107 1276 1162; x_wconf 90' lang='lat' dir='ltr'><strong>ovis</strong></span> <span class='ocrx_word' id='word_1_87' title='bbox 1298 1124 1515 1179; x_wconf 88' lang='lat' dir='ltr'><strong>semper</strong></span> <span class='ocrx_word' id='word_1_88' title='bbox 1540 1110 1735 1179; x_wconf 72' lang='lat' dir='ltr'><strong>quaerit</strong></span> <span class='ocrx_word' id='word_1_89' title='bbox 1756 1109 1957 1164; x_wconf 88' lang='lat' dir='ltr'><strong>bonum</strong></span> 
     </span>
    </p>
   </div>
   <div class='ocr_carea' id='block_1_13' title="bbox 368 1196 1956 1270">
    <p class='ocr_par' dir='ltr' id='par_1_13' title="bbox 368 1196 1956 1270">
     <span class='ocr_line' id='line_1_13' title="bbox 368 1196 1956 1270; baseline -0.002 -14"><span class='ocrx_word' id='word_1_90' title='bbox 368 1209 668 1270; x_wconf 86' lang='lat' dir='ltr'><strong>pastorem.</strong></span> <span class='ocrx_word' id='word_1_91' title='bbox 724 1197 832 1253; x_wconf 87' lang='lat' dir='ltr'><strong>Sed</strong></span> <span class='ocrx_word' id='word_1_92' title='bbox 877 1200 924 1252; x_wconf 89' lang='lat' dir='ltr'><strong>si</strong></span> <span class='ocrx_word' id='word_1_93' title='bbox 976 1196 1130 1253; x_wconf 83' lang='lat' dir='ltr'><strong>deest</strong></span> <span class='ocrx_word' id='word_1_94' title='bbox 1174 1196 1228 1251; x_wconf 93' lang='lat' dir='ltr'><strong>in</strong></span> <span class='ocrx_word' id='word_1_95' title='bbox 1282 1198 1387 1253; x_wconf 88' lang='lat' dir='ltr'><strong>hac</strong></span> <span class='ocrx_word' id='word_1_96' title='bbox 1432 1197 1799 1263; x_wconf 82' lang='lat' dir='ltr'><strong>mortalitate,</strong></span> <span class='ocrx_word' id='word_1_97' title='bbox 1847 1213 1956 1253; x_wconf 90' lang='lat' dir='ltr'><strong>non</strong></span> 
     </span>
    </p>
   </div>
   <div class='ocr_carea' id='block_1_14' title="bbox 369 1287 1954 1359">
    <p class='ocr_par' dir='ltr' id='par_1_14' title="bbox 369 1287 1954 1359">
     <span class='ocr_line' id='line_1_14' title="bbox 369 1287 1954 1359; baseline -0.003 -12"><span class='ocrx_word' id='word_1_98' title='bbox 369 1294 523 1347; x_wconf 82' lang='lat' dir='ltr'><strong>deest</strong></span> <span class='ocrx_word' id='word_1_99' title='bbox 560 1290 649 1345; x_wconf 91' lang='lat' dir='ltr'><strong>ille</strong></span> <span class='ocrx_word' id='word_1_100' title='bbox 678 1289 769 1359; x_wconf 88' lang='lat' dir='ltr'><strong>qui</strong></span> <span class='ocrx_word' id='word_1_101' title='bbox 797 1288 1032 1342; x_wconf 88' lang='lat' dir='ltr'><strong>animam</strong></span> <span class='ocrx_word' id='word_1_102' title='bbox 1068 1304 1224 1342; x_wconf 91' lang='lat' dir='ltr'><strong>suam</strong></span> <span class='ocrx_word' id='word_1_103' title='bbox 1260 1288 1438 1359; x_wconf 91' lang='lat' dir='ltr'><strong>posuit</strong></span> <span class='ocrx_word' id='word_1_104' title='bbox 1471 1304 1570 1358; x_wconf 91' lang='lat' dir='ltr'><strong>pro</strong></span> <span class='ocrx_word' id='word_1_105' title='bbox 1604 1287 1796 1343; x_wconf 87' lang='lat' dir='ltr'><strong>ovibus</strong></span> <span class='ocrx_word' id='word_1_106' title='bbox 1822 1289 1954 1344; x_wconf 86' lang='lat' dir='ltr'><strong>suis.</strong></span> 
     </span>
    </p>
   </div>
   <div class='ocr_carea' id='block_1_15' title="bbox 367 1380 1958 1455">
    <p class='ocr_par' dir='ltr' id='par_1_15' title="bbox 367 1380 1958 1455">
     <span class='ocr_line' id='line_1_15' title="bbox 367 1380 1958 1455; baseline -0.003 -15"><span class='ocrx_word' id='word_1_107' title='bbox 367 1385 597 1455; x_wconf 75' lang='lat' dir='ltr'><strong>Propter</strong></span> <span class='ocrx_word' id='word_1_108' title='bbox 622 1382 796 1453; x_wconf 88' lang='lat' dir='ltr'><strong>quod,</strong></span> <span class='ocrx_word' id='word_1_109' title='bbox 826 1381 919 1436; x_wconf 89' lang='lat' dir='ltr'><strong>ubi</strong></span> <span class='ocrx_word' id='word_1_110' title='bbox 948 1380 1225 1436; x_wconf 89' lang='lat' dir='ltr'><strong>emendari</strong></span> <span class='ocrx_word' id='word_1_111' title='bbox 1267 1396 1372 1435; x_wconf 91' lang='lat' dir='ltr'><strong>non</strong></span> <span class='ocrx_word' id='word_1_112' title='bbox 1411 1388 1624 1450; x_wconf 91' lang='lat' dir='ltr'><strong>potest,</strong></span> <span class='ocrx_word' id='word_1_113' title='bbox 1670 1381 1737 1436; x_wconf 90' lang='lat' dir='ltr'><strong>ab</strong></span> <span class='ocrx_word' id='word_1_114' title='bbox 1765 1381 1958 1437; x_wconf 85' lang='lat' dir='ltr'><strong>ovibus</strong></span> 
     </span>
    </p>
   </div>
   <div class='ocr_carea' id='block_1_16' title="bbox 370 1472 1957 1532">
    <p class='ocr_par' dir='ltr' id='par_1_16' title="bbox 370 1472 1957 1532">
     <span class='ocr_line' id='line_1_16' title="bbox 370 1472 1957 1532; baseline -0.002 -1"><span class='ocrx_word' id='word_1_115' title='bbox 370 1475 687 1532; x_wconf 84' lang='lat' dir='ltr'><strong>tolerandas</strong></span> <span class='ocrx_word' id='word_1_116' title='bbox 734 1481 817 1529; x_wconf 91' lang='lat' dir='ltr'><strong>est</strong></span> <span class='ocrx_word' id='word_1_117' title='bbox 856 1482 916 1527; x_wconf 89' lang='lat' dir='ltr'><strong>ut</strong></span> <span class='ocrx_word' id='word_1_118' title='bbox 958 1472 1326 1527; x_wconf 81' lang='lat' dir='ltr'><strong>mercenarius</strong></span> <span class='ocrx_word' id='word_1_119' title='bbox 1364 1473 1559 1527; x_wconf 90' lang='lat' dir='ltr'><strong>sedens</strong></span> <span class='ocrx_word' id='word_1_120' title='bbox 1599 1472 1654 1526; x_wconf 91' lang='lat' dir='ltr'><strong>in</strong></span> <span class='ocrx_word' id='word_1_121' title='bbox 1699 1473 1957 1528; x_wconf 84' lang='lat' dir='ltr'><strong>cathedra</strong></span> 
     </span>
    </p>
   </div>
   <div class='ocr_carea' id='block_1_17' title="bbox 366 1561 1955 1638">
    <p class='ocr_par' dir='ltr' id='par_1_17' title="bbox 366 1561 1955 1638">
     <span class='ocr_line' id='line_1_17' title="bbox 366 1561 1955 1638; baseline -0.003 -17"><span class='ocrx_word' id='word_1_122' title='bbox 366 1567 561 1638; x_wconf 82' lang='lat' dir='ltr'><strong>Moysi.</strong></span> <span class='ocrx_word' id='word_1_123' title='bbox 609 1563 870 1631; x_wconf 83' lang='lat' dir='ltr'><strong>Quoniam</strong></span> <span class='ocrx_word' id='word_1_124' title='bbox 907 1561 1071 1632; x_wconf 86' lang='lat' dir='ltr'><strong>jussit</strong></span> <span class='ocrx_word' id='word_1_125' title='bbox 1102 1562 1222 1632; x_wconf 90' lang='lat' dir='ltr'><strong>pius</strong></span> <span class='ocrx_word' id='word_1_126' title='bbox 1258 1578 1523 1633; x_wconf 90' lang='lat' dir='ltr'><strong>sponsus,</strong></span> <span class='ocrx_word' id='word_1_127' title='bbox 1564 1578 1723 1617; x_wconf 82' lang='lat' dir='ltr'><strong>verus</strong></span> <span class='ocrx_word' id='word_1_128' title='bbox 1748 1572 1955 1633; x_wconf 89' lang='lat' dir='ltr'><strong>pastor,</strong></span> 
     </span>
    </p>
   </div>
   <div class='ocr_carea' id='block_1_18' title="bbox 366 1652 1955 1728">
    <p class='ocr_par' dir='ltr' id='par_1_18' title="bbox 366 1652 1955 1728">
     <span class='ocr_line' id='line_1_18' title="bbox 366 1652 1955 1728; baseline -0.001 -18"><span class='ocrx_word' id='word_1_129' title='bbox 366 1666 432 1712; x_wconf 86' lang='lat' dir='ltr'><strong>ut</strong></span> <span class='ocrx_word' id='word_1_130' title='bbox 468 1672 590 1728; x_wconf 74' lang='lat' dir='ltr'><strong>qua:</strong></span> <span class='ocrx_word' id='word_1_131' title='bbox 628 1655 814 1709; x_wconf 89' lang='lat' dir='ltr'><strong>dicunt</strong></span> <span class='ocrx_word' id='word_1_132' title='bbox 844 1652 977 1708; x_wconf 88' lang='lat' dir='ltr'><strong>tales</strong></span> <span class='ocrx_word' id='word_1_133' title='bbox 1002 1692 1018 1718; x_wconf 92' lang='lat'><strong>,</strong></span> <span class='ocrx_word' id='word_1_134' title='bbox 1070 1652 1273 1708; x_wconf 83' lang='lat' dir='ltr'><strong>faciant</strong></span> <span class='ocrx_word' id='word_1_135' title='bbox 1305 1668 1466 1716; x_wconf 89' lang='lat' dir='ltr'><strong>oves;</strong></span> <span class='ocrx_word' id='word_1_136' title='bbox 1497 1670 1617 1724; x_wconf 76' lang='lat' dir='ltr'><strong>quce</strong></span> <span class='ocrx_word' id='word_1_137' title='bbox 1643 1662 1823 1709; x_wconf 88' lang='lat' dir='ltr'><strong>autem</strong></span> <span class='ocrx_word' id='word_1_138' title='bbox 1870 1654 1955 1709; x_wconf 85' lang='lat' dir='ltr'><strong>fa-</strong></span> 
     </span>
    </p>
   </div>
   <div class='ocr_carea' id='block_1_19' title="bbox 366 1745 927 1815">
    <p class='ocr_par' dir='ltr' id='par_1_19' title="bbox 366 1745 927 1815">
     <span class='ocr_line' id='line_1_19' title="bbox 366 1745 927 1815; baseline -0.011 -10"><span class='ocrx_word' id='word_1_139' title='bbox 366 1750 544 1815; x_wconf 82' lang='lat' dir='ltr'><strong>ciunt,</strong></span> <span class='ocrx_word' id='word_1_140' title='bbox 574 1763 682 1803; x_wconf 89' lang='lat' dir='ltr'><strong>nou</strong></span> <span class='ocrx_word' id='word_1_141' title='bbox 710 1745 927 1802; x_wconf 82' lang='lat' dir='ltr'><strong>faciant.</strong></span> 
     </span>
    </p>
   </div>
   <div class='ocr_carea' id='block_1_20' title="bbox 442 1840 1955 1912">
    <p class='ocr_par' dir='ltr' id='par_1_20' title="bbox 442 1840 1955 1912">
     <span class='ocr_line' id='line_1_20' title="bbox 442 1840 1955 1912; baseline 0.001 -15"><span class='ocrx_word' id='word_1_142' title='bbox 442 1842 575 1898; x_wconf 77' lang='lat' dir='ltr'><strong>XIII.</strong></span> <span class='ocrx_word' id='word_1_143' title='bbox 615 1841 744 1896; x_wconf 68' lang='lat' dir='ltr'><strong>Hmc</strong></span> <span class='ocrx_word' id='word_1_144' title='bbox 788 1841 842 1895; x_wconf 90' lang='lat' dir='ltr'><strong>in</strong></span> <span class='ocrx_word' id='word_1_145' title='bbox 890 1847 1164 1911; x_wconf 88' lang='lat' dir='ltr'><strong>postremo</strong></span> <span class='ocrx_word' id='word_1_146' title='bbox 1213 1848 1499 1910; x_wconf 88' lang='lat' dir='ltr'><strong>propterea</strong></span> <span class='ocrx_word' id='word_1_147' title='bbox 1524 1840 1634 1895; x_wconf 84' lang='lat' dir='ltr'><strong>dixi</strong></span> <span class='ocrx_word' id='word_1_148' title='bbox 1662 1882 1678 1906; x_wconf 93' lang='lat'><strong>,</strong></span> <span class='ocrx_word' id='word_1_149' title='bbox 1726 1857 1795 1897; x_wconf 90' lang='lat' dir='ltr'><strong>ne</strong></span> <span class='ocrx_word' id='word_1_150' title='bbox 1832 1843 1955 1912; x_wconf 89' lang='lat' dir='ltr'><strong>quis</strong></span> 
     </span>
    </p>
   </div>
   <div class='ocr_carea' id='block_1_21' title="bbox 369 1931 1955 2005">
    <p class='ocr_par' dir='ltr' id='par_1_21' title="bbox 369 1931 1955 2005">
     <span class='ocr_line' id='line_1_21' title="bbox 369 1931 1955 2005; baseline 0.001 -16"><span class='ocrx_word' id='word_1_151' title='bbox 369 1950 459 1989; x_wconf 91' lang='lat' dir='ltr'><strong>me</strong></span> <span class='ocrx_word' id='word_1_152' title='bbox 487 1942 636 2005; x_wconf 88' lang='lat' dir='ltr'><strong>putet</strong></span> <span class='ocrx_word' id='word_1_153' title='bbox 676 1932 941 2004; x_wconf 87' lang='lat' dir='ltr'><strong>perditam</strong></span> <span class='ocrx_word' id='word_1_154' title='bbox 981 1931 1297 1986; x_wconf 81' lang='lat' dir='ltr'><strong>existimare</strong></span> <span class='ocrx_word' id='word_1_155' title='bbox 1338 1931 1551 1986; x_wconf 91' lang='lat' dir='ltr'><strong>ﬁdelem</strong></span> <span class='ocrx_word' id='word_1_156' title='bbox 1594 1948 1787 1999; x_wconf 89' lang='lat' dir='ltr'><strong>ovem,</strong></span> <span class='ocrx_word' id='word_1_157' title='bbox 1835 1950 1955 2004; x_wconf 62' lang='lat' dir='ltr'><strong>quae</strong></span> 
     </span>
    </p>
   </div>
   <div class='ocr_carea' id='block_1_22' title="bbox 367 2022 1955 2096">
    <p class='ocr_par' dir='ltr' id='par_1_22' title="bbox 367 2022 1955 2096">
     <span class='ocr_line' id='line_1_22' title="bbox 367 2022 1955 2096; baseline 0 -16"><span class='ocrx_word' id='word_1_158' title='bbox 367 2025 664 2096; x_wconf 85' lang='lat' dir='ltr'><strong>prudenter</strong></span> <span class='ocrx_word' id='word_1_159' title='bbox 696 2023 891 2077; x_wconf 85' lang='lat' dir='ltr'><strong>tolerat</strong></span> <span class='ocrx_word' id='word_1_160' title='bbox 928 2037 1158 2092; x_wconf 90' lang='lat' dir='ltr'><strong>pravum</strong></span> <span class='ocrx_word' id='word_1_161' title='bbox 1191 2029 1504 2092; x_wconf 86' lang='lat' dir='ltr'><strong>pastorem;</strong></span> <span class='ocrx_word' id='word_1_162' title='bbox 1547 2022 1679 2077; x_wconf 93' lang='lat' dir='ltr'><strong>illud</strong></span> <span class='ocrx_word' id='word_1_163' title='bbox 1710 2039 1955 2081; x_wconf 91' lang='lat' dir='ltr'><strong>summo—</strong></span> 
     </span>
    </p>
   </div>
   <div class='ocr_carea' id='block_1_23' title="bbox 366 2113 1959 2188">
    <p class='ocr_par' dir='ltr' id='par_1_23' title="bbox 366 2113 1959 2188">
     <span class='ocr_line' id='line_1_23' title="bbox 366 2113 1959 2188; baseline 0.002 -18"><span class='ocrx_word' id='word_1_164' title='bbox 366 2131 501 2188; x_wconf 91' lang='lat' dir='ltr'><strong>pere</strong></span> <span class='ocrx_word' id='word_1_165' title='bbox 527 2129 901 2179; x_wconf 88' lang='lat' dir='ltr'><strong>commonens,</strong></span> <span class='ocrx_word' id='word_1_166' title='bbox 931 2122 991 2168; x_wconf 92' lang='lat' dir='ltr'><strong>ut</strong></span> <span class='ocrx_word' id='word_1_167' title='bbox 1022 2113 1200 2168; x_wconf 90' lang='lat' dir='ltr'><strong>omnis</strong></span> <span class='ocrx_word' id='word_1_168' title='bbox 1224 2121 1409 2184; x_wconf 86' lang='lat' dir='ltr'><strong>pastor</strong></span> <span class='ocrx_word' id='word_1_169' title='bbox 1438 2130 1547 2169; x_wconf 90' lang='lat' dir='ltr'><strong>non</strong></span> <span class='ocrx_word' id='word_1_170' title='bbox 1576 2114 1705 2182; x_wconf 90' lang='lat' dir='ltr'><strong>sibi,</strong></span> <span class='ocrx_word' id='word_1_171' title='bbox 1731 2117 1826 2172; x_wconf 90' lang='lat' dir='ltr'><strong>sed</strong></span> <span class='ocrx_word' id='word_1_172' title='bbox 1851 2117 1959 2174; x_wconf 89' lang='lat' dir='ltr'><strong>Do-</strong></span> 
     </span>
    </p>
   </div>
   <div class='ocr_carea' id='block_1_24' title="bbox 369 2203 1954 2277">
    <p class='ocr_par' dir='ltr' id='par_1_24' title="bbox 369 2203 1954 2277">
     <span class='ocr_line' id='line_1_24' title="bbox 369 2203 1954 2277; baseline 0.003 -18"><span class='ocrx_word' id='word_1_173' title='bbox 369 2205 520 2259; x_wconf 90' lang='lat' dir='ltr'><strong>mino</strong></span> <span class='ocrx_word' id='word_1_174' title='bbox 560 2204 766 2259; x_wconf 87' lang='lat' dir='ltr'><strong>nutriat</strong></span> <span class='ocrx_word' id='word_1_175' title='bbox 804 2212 859 2258; x_wconf 89' lang='lat' dir='ltr'><strong>et</strong></span> <span class='ocrx_word' id='word_1_176' title='bbox 883 2203 1097 2258; x_wconf 86' lang='lat' dir='ltr'><strong>erudiat</strong></span> <span class='ocrx_word' id='word_1_177' title='bbox 1123 2211 1286 2273; x_wconf 86' lang='lat' dir='ltr'><strong>atque</strong></span> <span class='ocrx_word' id='word_1_178' title='bbox 1307 2203 1565 2274; x_wconf 85' lang='lat' dir='ltr'><strong>corripiat</strong></span> <span class='ocrx_word' id='word_1_179' title='bbox 1591 2204 1647 2258; x_wconf 89' lang='lat' dir='ltr'><strong>in</strong></span> <span class='ocrx_word' id='word_1_180' title='bbox 1669 2205 1954 2277; x_wconf 87' lang='lat' dir='ltr'><strong>disciplina</strong></span> 
     </span>
    </p>
   </div>
   <div class='ocr_carea' id='block_1_25' title="bbox 366 2293 1955 2356">
    <p class='ocr_par' dir='ltr' id='par_1_25' title="bbox 366 2293 1955 2356">
     <span class='ocr_line' id='line_1_25' title="bbox 366 2293 1955 2356; baseline 0.001 -3"><span class='ocrx_word' id='word_1_181' title='bbox 366 2308 426 2353; x_wconf 89' lang='lat' dir='ltr'><strong>et</strong></span> <span class='ocrx_word' id='word_1_182' title='bbox 469 2298 662 2353; x_wconf 84' lang='lat' dir='ltr'><strong>timore</strong></span> <span class='ocrx_word' id='word_1_183' title='bbox 704 2295 918 2351; x_wconf 90' lang='lat' dir='ltr'><strong>Domini</strong></span> <span class='ocrx_word' id='word_1_184' title='bbox 966 2293 1212 2351; x_wconf 89' lang='lat' dir='ltr'><strong>subditos</strong></span> <span class='ocrx_word' id='word_1_185' title='bbox 1253 2312 1266 2348; x_wconf 93' lang='lat'><strong>:</strong></span> <span class='ocrx_word' id='word_1_186' title='bbox 1307 2296 1447 2351; x_wconf 90' lang='lat' dir='ltr'><strong>sicut</strong></span> <span class='ocrx_word' id='word_1_187' title='bbox 1488 2304 1545 2351; x_wconf 90' lang='lat' dir='ltr'><strong>et</strong></span> <span class='ocrx_word' id='word_1_188' title='bbox 1584 2296 1745 2352; x_wconf 90' lang='lat' dir='ltr'><strong>beato</strong></span> <span class='ocrx_word' id='word_1_189' title='bbox 1793 2297 1955 2356; x_wconf 91' lang='lat' dir='ltr'><strong>Petro</strong></span> 
     </span>
    </p>
   </div>
   <div class='ocr_carea' id='block_1_26' title="bbox 366 2385 1951 2459">
    <p class='ocr_par' dir='ltr' id='par_1_26' title="bbox 366 2385 1951 2459">
     <span class='ocr_line' id='line_1_26' title="bbox 366 2385 1951 2459; baseline 0.001 -14"><span class='ocrx_word' id='word_1_190' title='bbox 366 2404 614 2446; x_wconf 88' lang='lat' dir='ltr'><strong>summus</strong></span> <span class='ocrx_word' id='word_1_191' title='bbox 637 2395 825 2458; x_wconf 87' lang='lat' dir='ltr'><strong>pastor</strong></span> <span class='ocrx_word' id='word_1_192' title='bbox 856 2385 1104 2457; x_wconf 62' lang='lat' dir='ltr'><strong>praecipit</strong></span> <span class='ocrx_word' id='word_1_193' title='bbox 1128 2385 1317 2441; x_wconf 91' lang='lat' dir='ltr'><strong>dicens</strong></span> <span class='ocrx_word' id='word_1_194' title='bbox 1345 2404 1357 2439; x_wconf 91' lang='lat'><strong>:</strong></span> <span class='ocrx_word' id='word_1_195' title='bbox 1397 2386 1565 2442; x_wconf 88' lang='lat' dir='ltr'><strong>Pasce</strong></span> <span class='ocrx_word' id='word_1_196' title='bbox 1594 2404 1759 2459; x_wconf 87' lang='lat' dir='ltr'><strong>agnos</strong></span> <span class='ocrx_word' id='word_1_197' title='bbox 1787 2407 1951 2458; x_wconf 85' lang='lat' dir='ltr'><strong>meos,</strong></span> 
     </span>
    </p>
   </div>
   <div class='ocr_carea' id='block_1_27' title="bbox 1983 1742 2031 1802">
    <p class='ocr_par' dir='ltr' id='par_1_27' title="bbox 1983 1742 2031 1802">
     <span class='ocr_line' id='line_1_27' title="bbox 1983 1742 2031 1802; baseline 0 0"><span class='ocrx_word' id='word_1_198' title='bbox 1983 1742 2031 1802; x_wconf 90' lang='grc' dir='ltr'><strong>Β</strong></span> 
     </span>
    </p>
   </div>
   <div class='ocr_carea' id='block_1_28' title="bbox 2060 472 3649 546">
    <p class='ocr_par' dir='ltr' id='par_1_28' title="bbox 2060 472 3649 546">
     <span class='ocr_line' id='line_1_28' title="bbox 2060 472 3649 546; baseline 0.004 -20"><span class='ocrx_word' id='word_1_199' title='bbox 2060 480 2145 526; x_wconf 92' lang='lat' dir='ltr'><strong>est</strong></span> <span class='ocrx_word' id='word_1_200' title='bbox 2172 480 2381 528; x_wconf 89' lang='lat' dir='ltr'><strong>certum</strong></span> <span class='ocrx_word' id='word_1_201' title='bbox 2422 472 2681 529; x_wconf 89' lang='lat' dir='ltr'><strong>indicium</strong></span> <span class='ocrx_word' id='word_1_202' title='bbox 2734 474 2878 544; x_wconf 93' lang='lat' dir='ltr'><strong>quod</strong></span> <span class='ocrx_word' id='word_1_203' title='bbox 2907 488 2994 530; x_wconf 89' lang='lat' dir='ltr'><strong>me</strong></span> <span class='ocrx_word' id='word_1_204' title='bbox 3040 474 3308 530; x_wconf 84' lang='lat' dir='ltr'><strong>veraciter</strong></span> <span class='ocrx_word' id='word_1_205' title='bbox 3343 474 3570 546; x_wconf 85' lang='lat' dir='ltr'><strong>diligas,</strong></span> <span class='ocrx_word' id='word_1_206' title='bbox 3600 476 3649 532; x_wconf 79' lang='lat' dir='ltr'><strong>si</strong></span> 
     </span>
    </p>
   </div>
   <div class='ocr_carea' id='block_1_29' title="bbox 2058 565 3650 639">
    <p class='ocr_par' dir='ltr' id='par_1_29' title="bbox 2058 565 3650 639">
     <span class='ocr_line' id='line_1_29' title="bbox 2058 565 3650 639; baseline 0.005 -22"><span class='ocrx_word' id='word_1_207' title='bbox 2058 578 2226 635; x_wconf 88' lang='lat' dir='ltr'><strong>agnos</strong></span> <span class='ocrx_word' id='word_1_208' title='bbox 2262 579 2412 619; x_wconf 89' lang='lat' dir='ltr'><strong>meos</strong></span> <span class='ocrx_word' id='word_1_209' title='bbox 2454 565 2685 622; x_wconf 85' lang='lat' dir='ltr'><strong>sollicite</strong></span> <span class='ocrx_word' id='word_1_210' title='bbox 2721 582 2936 638; x_wconf 88' lang='lat' dir='ltr'><strong>pascas,</strong></span> <span class='ocrx_word' id='word_1_211' title='bbox 2963 576 3187 639; x_wconf 88' lang='lat' dir='ltr'><strong>propter</strong></span> <span class='ocrx_word' id='word_1_212' title='bbox 3218 569 3363 639; x_wconf 90' lang='lat' dir='ltr'><strong>quod</strong></span> <span class='ocrx_word' id='word_1_213' title='bbox 3398 576 3650 639; x_wconf 55' lang='lat' dir='ltr'><strong>receptub</strong></span> 
     </span>
    </p>
   </div>
   <div class='ocr_carea' id='block_1_30' title="bbox 2059 654 3646 733">
    <p class='ocr_par' dir='ltr' id='par_1_30' title="bbox 2059 654 3646 733">
     <span class='ocr_line' id='line_1_30' title="bbox 2059 654 3646 733; baseline 0.004 -22"><span class='ocrx_word' id='word_1_214' title='bbox 2059 672 2153 712; x_wconf 90' lang='lat' dir='ltr'><strong>rus</strong></span> <span class='ocrx_word' id='word_1_215' title='bbox 2178 670 2239 712; x_wconf 88' lang='lat' dir='ltr'><strong>es</strong></span> <span class='ocrx_word' id='word_1_216' title='bbox 2264 654 2487 725; x_wconf 76' lang='lat' dir='ltr'><strong>juStitize</strong></span> <span class='ocrx_word' id='word_1_217' title='bbox 2512 673 2790 713; x_wconf 88' lang='lat' dir='ltr'><strong>coronam.</strong></span> <span class='ocrx_word' id='word_1_218' title='bbox 2822 658 2912 714; x_wconf 91' lang='lat' dir='ltr'><strong>Sic</strong></span> <span class='ocrx_word' id='word_1_219' title='bbox 2940 667 2996 714; x_wconf 91' lang='lat' dir='ltr'><strong>et</strong></span> <span class='ocrx_word' id='word_1_220' title='bbox 3020 661 3241 731; x_wconf 86' lang='lat' dir='ltr'><strong>quidam</strong></span> <span class='ocrx_word' id='word_1_221' title='bbox 3268 662 3525 732; x_wconf 87' lang='lat' dir='ltr'><strong>antiquus</strong></span> <span class='ocrx_word' id='word_1_222' title='bbox 3548 676 3646 733; x_wconf 83' lang='lat' dir='ltr'><strong>pa-</strong></span> 
     </span>
    </p>
   </div>
   <div class='ocr_carea' id='block_1_31' title="bbox 2058 749 3645 825">
    <p class='ocr_par' dir='ltr' id='par_1_31' title="bbox 2058 749 3645 825">
     <span class='ocr_line' id='line_1_31' title="bbox 2058 749 3645 825; baseline 0.003 -22"><span class='ocrx_word' id='word_1_223' title='bbox 2058 755 2173 803; x_wconf 87' lang='lat' dir='ltr'><strong>stor</strong></span> <span class='ocrx_word' id='word_1_224' title='bbox 2191 763 2375 803; x_wconf 88' lang='lat' dir='ltr'><strong>curam</strong></span> <span class='ocrx_word' id='word_1_225' title='bbox 2407 749 2787 804; x_wconf 88' lang='lat' dir='ltr'><strong>sollicitudinis</strong></span> <span class='ocrx_word' id='word_1_226' title='bbox 2819 750 3068 818; x_wconf 86' lang='lat' dir='ltr'><strong>mysticis</strong></span> <span class='ocrx_word' id='word_1_227' title='bbox 3095 753 3279 807; x_wconf 81' lang='lat' dir='ltr'><strong>verbis</strong></span> <span class='ocrx_word' id='word_1_228' title='bbox 3299 753 3645 825; x_wconf 90' lang='lat' dir='ltr'><strong>signiﬁcavit,</strong></span> 
     </span>
    </p>
   </div>
   <div class='ocr_carea' id='block_1_32' title="bbox 2056 839 3640 913">
    <p class='ocr_par' dir='ltr' id='par_1_32' title="bbox 2056 839 3640 913">
     <span class='ocr_line' id='line_1_32' title="bbox 2056 839 3640 913; baseline 0.003 -18"><span class='ocrx_word' id='word_1_229' title='bbox 2056 839 2243 898; x_wconf 87' lang='lat' dir='ltr'><strong>dicens</strong></span> <span class='ocrx_word' id='word_1_230' title='bbox 2273 858 2286 895; x_wconf 89' lang='lat'><strong>:</strong></span> <span class='ocrx_word' id='word_1_231' title='bbox 2321 841 2445 896; x_wconf 87' lang='lat' dir='ltr'><strong>Non</strong></span> <span class='ocrx_word' id='word_1_232' title='bbox 2475 852 2550 897; x_wconf 85' lang='lat' dir='ltr'><strong>est</strong></span> <span class='ocrx_word' id='word_1_233' title='bbox 2575 841 2747 896; x_wconf 82' lang='lat' dir='ltr'><strong>adhuc</strong></span> <span class='ocrx_word' id='word_1_234' title='bbox 2774 851 2973 913; x_wconf 78' lang='lat' dir='ltr'><strong>tempus</strong></span> <span class='ocrx_word' id='word_1_235' title='bbox 3003 850 3059 896; x_wconf 88' lang='lat' dir='ltr'><strong>ut</strong></span> <span class='ocrx_word' id='word_1_236' title='bbox 3085 845 3139 898; x_wconf 87' lang='lat' dir='ltr'><strong>in</strong></span> <span class='ocrx_word' id='word_1_237' title='bbox 3168 844 3335 900; x_wconf 88' lang='lat' dir='ltr'><strong>caulis</strong></span> <span class='ocrx_word' id='word_1_238' title='bbox 3359 845 3640 900; x_wconf 83' lang='lat' dir='ltr'><strong>includan-</strong></span> 
     </span>
    </p>
   </div>
   <div class='ocr_carea' id='block_1_33' title="bbox 2058 932 3643 1007">
    <p class='ocr_par' dir='ltr' id='par_1_33' title="bbox 2058 932 3643 1007">
     <span class='ocr_line' id='line_1_33' title="bbox 2058 932 3643 1007; baseline 0.002 -19"><span class='ocrx_word' id='word_1_239' title='bbox 2058 942 2149 988; x_wconf 93' lang='lat' dir='ltr'><strong>tur</strong></span> <span class='ocrx_word' id='word_1_240' title='bbox 2172 950 2309 989; x_wconf 78' lang='lat' dir='ltr'><strong>oves.</strong></span> <span class='ocrx_word' id='word_1_241' title='bbox 2351 932 2486 987; x_wconf 86' lang='lat' dir='ltr'><strong>Date</strong></span> <span class='ocrx_word' id='word_1_242' title='bbox 2516 943 2670 987; x_wconf 81' lang='lat' dir='ltr'><strong>antea</strong></span> <span class='ocrx_word' id='word_1_243' title='bbox 2696 943 2876 1004; x_wconf 88' lang='lat' dir='ltr'><strong>potum</strong></span> <span class='ocrx_word' id='word_1_244' title='bbox 2902 933 3112 1001; x_wconf 84' lang='lat' dir='ltr'><strong>ovibus,</strong></span> <span class='ocrx_word' id='word_1_245' title='bbox 3143 944 3192 989; x_wconf 90' lang='lat' dir='ltr'><strong>et</strong></span> <span class='ocrx_word' id='word_1_246' title='bbox 3219 936 3295 990; x_wconf 87' lang='lat' dir='ltr'><strong>sic</strong></span> <span class='ocrx_word' id='word_1_247' title='bbox 3318 953 3408 991; x_wconf 88' lang='lat' dir='ltr'><strong>eas</strong></span> <span class='ocrx_word' id='word_1_248' title='bbox 3439 936 3509 991; x_wconf 84' lang='lat' dir='ltr'><strong>ad</strong></span> <span class='ocrx_word' id='word_1_249' title='bbox 3544 953 3643 1007; x_wconf 89' lang='lat' dir='ltr'><strong>pa-</strong></span> 
     </span>
    </p>
   </div>
   <div class='ocr_carea' id='block_1_34' title="bbox 2055 1023 3644 1096">
    <p class='ocr_par' dir='ltr' id='par_1_34' title="bbox 2055 1023 3644 1096">
     <span class='ocr_line' id='line_1_34' title="bbox 2055 1023 3644 1096; baseline 0.002 -18"><span class='ocrx_word' id='word_1_250' title='bbox 2055 1033 2196 1079; x_wconf 87' lang='lat' dir='ltr'><strong>stum</strong></span> <span class='ocrx_word' id='word_1_251' title='bbox 2234 1024 2453 1078; x_wconf 77' lang='lat' dir='ltr'><strong>reducit.</strong></span> <span class='ocrx_word' id='word_1_252' title='bbox 2496 1023 2650 1091; x_wconf 83' lang='lat' dir='ltr'><strong>Quod</strong></span> <span class='ocrx_word' id='word_1_253' title='bbox 2692 1024 2782 1078; x_wconf 91' lang='lat' dir='ltr'><strong>ubi</strong></span> <span class='ocrx_word' id='word_1_254' title='bbox 2812 1039 2919 1079; x_wconf 91' lang='lat' dir='ltr'><strong>non</strong></span> <span class='ocrx_word' id='word_1_255' title='bbox 2946 1023 3027 1090; x_wconf 88' lang='lat' dir='ltr'><strong>ﬁt,</strong></span> <span class='ocrx_word' id='word_1_256' title='bbox 3054 1033 3110 1081; x_wconf 92' lang='lat' dir='ltr'><strong>et</strong></span> <span class='ocrx_word' id='word_1_257' title='bbox 3147 1026 3299 1081; x_wconf 82' lang='lat' dir='ltr'><strong>venit</strong></span> <span class='ocrx_word' id='word_1_258' title='bbox 3337 1026 3466 1081; x_wconf 90' lang='lat' dir='ltr'><strong>illud</strong></span> <span class='ocrx_word' id='word_1_259' title='bbox 3499 1027 3644 1096; x_wconf 88' lang='lat' dir='ltr'><strong>quod</strong></span> 
     </span>
    </p>
   </div>
   <div class='ocr_carea' id='block_1_35' title="bbox 2055 1112 3643 1186">
    <p class='ocr_par' dir='ltr' id='par_1_35' title="bbox 2055 1112 3643 1186">
     <span class='ocr_line' id='line_1_35' title="bbox 2055 1112 3643 1186; baseline 0.002 -17"><span class='ocrx_word' id='word_1_260' title='bbox 2055 1116 2319 1186; x_wconf 84' lang='lat' dir='ltr'><strong>propheta</strong></span> <span class='ocrx_word' id='word_1_261' title='bbox 2346 1114 2593 1184; x_wconf 88' lang='lat' dir='ltr'><strong>deplorat</strong></span> <span class='ocrx_word' id='word_1_262' title='bbox 2623 1115 2807 1169; x_wconf 89' lang='lat' dir='ltr'><strong>dicens</strong></span> <span class='ocrx_word' id='word_1_263' title='bbox 2832 1134 2843 1167; x_wconf 90' lang='lat'><strong>:</strong></span> <span class='ocrx_word' id='word_1_264' title='bbox 2878 1112 3164 1186; x_wconf 84' lang='lat' dir='ltr'><strong>Propterea</strong></span> <span class='ocrx_word' id='word_1_265' title='bbox 3191 1118 3424 1186; x_wconf 86' lang='lat' dir='ltr'><strong>captivus</strong></span> <span class='ocrx_word' id='word_1_266' title='bbox 3450 1117 3643 1172; x_wconf 78' lang='lat' dir='ltr'><strong>ductus</strong></span> 
     </span>
    </p>
   </div>
   <div class='ocr_carea' id='block_1_36' title="bbox 2055 1205 3644 1277">
    <p class='ocr_par' dir='ltr' id='par_1_36' title="bbox 2055 1205 3644 1277">
     <span class='ocr_line' id='line_1_36' title="bbox 2055 1205 3644 1277; baseline 0 -15"><span class='ocrx_word' id='word_1_267' title='bbox 2055 1216 2132 1262; x_wconf 83' lang='lat' dir='ltr'><strong>est</strong></span> <span class='ocrx_word' id='word_1_268' title='bbox 2152 1205 2376 1277; x_wconf 88' lang='lat' dir='ltr'><strong>populus</strong></span> <span class='ocrx_word' id='word_1_269' title='bbox 2396 1221 2563 1271; x_wconf 89' lang='lat' dir='ltr'><strong>meus,</strong></span> <span class='ocrx_word' id='word_1_270' title='bbox 2589 1206 2716 1275; x_wconf 84' lang='lat' dir='ltr'><strong>quia</strong></span> <span class='ocrx_word' id='word_1_271' title='bbox 2741 1222 2844 1259; x_wconf 88' lang='lat' dir='ltr'><strong>non</strong></span> <span class='ocrx_word' id='word_1_272' title='bbox 2878 1205 3061 1260; x_wconf 80' lang='lat' dir='ltr'><strong>habuit</strong></span> <span class='ocrx_word' id='word_1_273' title='bbox 3083 1208 3387 1272; x_wconf 77' lang='lat' dir='ltr'><strong>scientiam;</strong></span> <span class='ocrx_word' id='word_1_274' title='bbox 3413 1216 3462 1262; x_wconf 85' lang='lat' dir='ltr'><strong>et</strong></span> <span class='ocrx_word' id='word_1_275' title='bbox 3492 1207 3644 1262; x_wconf 82' lang='lat' dir='ltr'><strong>nobi-</strong></span> 
     </span>
    </p>
   </div>
   <div class='ocr_carea' id='block_1_37' title="bbox 2056 1296 3647 1369">
    <p class='ocr_par' dir='ltr' id='par_1_37' title="bbox 2056 1296 3647 1369">
     <span class='ocr_line' id='line_1_37' title="bbox 2056 1296 3647 1369; baseline 0 -17"><span class='ocrx_word' id='word_1_276' title='bbox 2056 1298 2131 1354; x_wconf 88' lang='lat' dir='ltr'><strong>les</strong></span> <span class='ocrx_word' id='word_1_277' title='bbox 2156 1299 2272 1369; x_wconf 88' lang='lat' dir='ltr'><strong>ejus</strong></span> <span class='ocrx_word' id='word_1_278' title='bbox 2308 1297 2619 1351; x_wconf 75' lang='lat' dir='ltr'><strong>interierunt</strong></span> <span class='ocrx_word' id='word_1_279' title='bbox 2658 1296 2820 1366; x_wconf 80' lang='lat' dir='ltr'><strong>fame,</strong></span> <span class='ocrx_word' id='word_1_280' title='bbox 2859 1306 2907 1350; x_wconf 87' lang='lat' dir='ltr'><strong>et</strong></span> <span class='ocrx_word' id='word_1_281' title='bbox 2947 1296 3231 1353; x_wconf 86' lang='lat' dir='ltr'><strong>multitudo</strong></span> <span class='ocrx_word' id='word_1_282' title='bbox 3260 1298 3376 1367; x_wconf 87' lang='lat' dir='ltr'><strong>ejus</strong></span> <span class='ocrx_word' id='word_1_283' title='bbox 3401 1298 3489 1352; x_wconf 92' lang='lat' dir='ltr'><strong>siti</strong></span> <span class='ocrx_word' id='word_1_284' title='bbox 3520 1314 3647 1352; x_wconf 67' lang='lat' dir='ltr'><strong>exa—</strong></span> 
     </span>
    </p>
   </div>
   <div class='ocr_carea' id='block_1_38' title="bbox 2057 1384 3647 1457">
    <p class='ocr_par' dir='ltr' id='par_1_38' title="bbox 2057 1384 3647 1457">
     <span class='ocr_line' id='line_1_38' title="bbox 2057 1384 3647 1457; baseline -0.003 -14"><span class='ocrx_word' id='word_1_285' title='bbox 2057 1391 2186 1443; x_wconf 86' lang='lat' dir='ltr'><strong>ruit.</strong></span> <span class='ocrx_word' id='word_1_286' title='bbox 2219 1388 2286 1443; x_wconf 84' lang='lat' dir='ltr'><strong>Et</strong></span> <span class='ocrx_word' id='word_1_287' title='bbox 2311 1387 2450 1442; x_wconf 90' lang='lat' dir='ltr'><strong>alius</strong></span> <span class='ocrx_word' id='word_1_288' title='bbox 2490 1404 2504 1440; x_wconf 89' lang='lat'><strong>:</strong></span> <span class='ocrx_word' id='word_1_289' title='bbox 2550 1384 2769 1440; x_wconf 80' lang='lat' dir='ltr'><strong>Parvuli</strong></span> <span class='ocrx_word' id='word_1_290' title='bbox 2796 1386 3056 1457; x_wconf 85' lang='lat' dir='ltr'><strong>petierunt</strong></span> <span class='ocrx_word' id='word_1_291' title='bbox 3082 1402 3296 1457; x_wconf 84' lang='lat' dir='ltr'><strong>panem,</strong></span> <span class='ocrx_word' id='word_1_292' title='bbox 3329 1396 3377 1440; x_wconf 92' lang='lat' dir='ltr'><strong>et</strong></span> <span class='ocrx_word' id='word_1_293' title='bbox 3406 1404 3509 1442; x_wconf 84' lang='lat' dir='ltr'><strong>non</strong></span> <span class='ocrx_word' id='word_1_294' title='bbox 3534 1396 3647 1441; x_wconf 87' lang='lat' dir='ltr'><strong>erat</strong></span> 
     </span>
    </p>
   </div>
   <div class='ocr_carea' id='block_1_39' title="bbox 2055 1478 2556 1550">
    <p class='ocr_par' dir='ltr' id='par_1_39' title="bbox 2055 1478 2556 1550">
     <span class='ocr_line' id='line_1_39' title="bbox 2055 1478 2556 1550; baseline -0.01 -16"><span class='ocrx_word' id='word_1_295' title='bbox 2055 1481 2146 1545; x_wconf 85' lang='lat' dir='ltr'><strong>qui</strong></span> <span class='ocrx_word' id='word_1_296' title='bbox 2173 1479 2438 1550; x_wconf 80' lang='lat' dir='ltr'><strong>frangeret</strong></span> <span class='ocrx_word' id='word_1_297' title='bbox 2461 1478 2556 1532; x_wconf 88' lang='lat' dir='ltr'><strong>eis.</strong></span> 
     </span>
    </p>
   </div>
   <div class='ocr_carea' id='block_1_40' title="bbox 2130 1567 3642 1640">
    <p class='ocr_par' dir='ltr' id='par_1_40' title="bbox 2130 1567 3642 1640">
     <span class='ocr_line' id='line_1_40' title="bbox 2130 1567 3642 1640; baseline 0 -15"><span class='ocrx_word' id='word_1_298' title='bbox 2130 1571 2265 1626; x_wconf 77' lang='lat' dir='ltr'><strong>XIV.</strong></span> <span class='ocrx_word' id='word_1_299' title='bbox 2306 1570 2433 1625; x_wconf 80' lang='lat' dir='ltr'><strong>Haec</strong></span> <span class='ocrx_word' id='word_1_300' title='bbox 2477 1567 2645 1624; x_wconf 89' lang='lat' dir='ltr'><strong>verba</strong></span> <span class='ocrx_word' id='word_1_301' title='bbox 2694 1583 2800 1623; x_wconf 89' lang='lat' dir='ltr'><strong>non</strong></span> <span class='ocrx_word' id='word_1_302' title='bbox 2840 1568 3122 1638; x_wconf 87' lang='lat' dir='ltr'><strong>imperita,</strong></span> <span class='ocrx_word' id='word_1_303' title='bbox 3172 1569 3425 1640; x_wconf 83' lang='lat' dir='ltr'><strong>imperite</strong></span> <span class='ocrx_word' id='word_1_304' title='bbox 3458 1577 3642 1625; x_wconf 89' lang='lat' dir='ltr'><strong>tamen</strong></span> 
     </span>
    </p>
   </div>
   <div class='ocr_carea' id='block_1_41' title="bbox 2056 1659 3645 1730">
    <p class='ocr_par' dir='ltr' id='par_1_41' title="bbox 2056 1659 3645 1730">
     <span class='ocr_line' id='line_1_41' title="bbox 2056 1659 3645 1730; baseline -0.001 -13"><span class='ocrx_word' id='word_1_305' title='bbox 2056 1661 2125 1717; x_wconf 87' lang='lat' dir='ltr'><strong>ab</strong></span> <span class='ocrx_word' id='word_1_306' title='bbox 2154 1660 2405 1730; x_wconf 88' lang='lat' dir='ltr'><strong>imperito</strong></span> <span class='ocrx_word' id='word_1_307' title='bbox 2428 1659 2693 1723; x_wconf 87' lang='lat' dir='ltr'><strong>ordinata,</strong></span> <span class='ocrx_word' id='word_1_308' title='bbox 2725 1659 2981 1714; x_wconf 89' lang='lat' dir='ltr'><strong>omnibus</strong></span> <span class='ocrx_word' id='word_1_309' title='bbox 3006 1660 3317 1716; x_wconf 90' lang='lat' dir='ltr'><strong>necessaria</strong></span> <span class='ocrx_word' id='word_1_310' title='bbox 3341 1668 3487 1727; x_wconf 92' lang='lat' dir='ltr'><strong>sunt,</strong></span> <span class='ocrx_word' id='word_1_311' title='bbox 3521 1672 3547 1702; x_wconf 76' lang='grc' dir='ltr'>ι</span> <span class='ocrx_word' id='word_1_312' title='bbox 3577 1661 3645 1715; x_wconf 91' lang='lat' dir='ltr'><strong>ab</strong></span> 
     </span>
    </p>
   </div>
   <div class='ocr_carea' id='block_1_42' title="bbox 2058 1750 3642 1823">
    <p class='ocr_par' dir='ltr' id='par_1_42' title="bbox 2058 1750 3642 1823">
     <span class='ocr_line' id='line_1_42' title="bbox 2058 1750 3642 1823; baseline -0.003 -14"><span class='ocrx_word' id='word_1_313' title='bbox 2058 1753 2149 1810; x_wconf 93' lang='lat' dir='ltr'><strong>illo</strong></span> <span class='ocrx_word' id='word_1_314' title='bbox 2177 1751 2270 1823; x_wconf 88' lang='lat' dir='ltr'><strong>qui</strong></span> <span class='ocrx_word' id='word_1_315' title='bbox 2299 1751 2450 1806; x_wconf 89' lang='lat' dir='ltr'><strong>sedet</strong></span> <span class='ocrx_word' id='word_1_316' title='bbox 2476 1751 2530 1805; x_wconf 91' lang='lat' dir='ltr'><strong>in</strong></span> <span class='ocrx_word' id='word_1_317' title='bbox 2560 1750 2696 1805; x_wconf 89' lang='lat' dir='ltr'><strong>solio</strong></span> <span class='ocrx_word' id='word_1_318' title='bbox 2716 1789 2731 1816; x_wconf 91' lang='lat'><strong>,</strong></span> <span class='ocrx_word' id='word_1_319' title='bbox 2764 1765 2936 1820; x_wconf 90' lang='lat' dir='ltr'><strong>usque</strong></span> <span class='ocrx_word' id='word_1_320' title='bbox 2975 1750 3041 1805; x_wconf 91' lang='lat' dir='ltr'><strong>ad</strong></span> <span class='ocrx_word' id='word_1_321' title='bbox 3082 1765 3206 1805; x_wconf 91' lang='lat' dir='ltr'><strong>eum</strong></span> <span class='ocrx_word' id='word_1_322' title='bbox 3250 1750 3278 1790; x_wconf 73' lang='grc' dir='ltr'>δ</span> <span class='ocrx_word' id='word_1_323' title='bbox 3308 1750 3401 1820; x_wconf 92' lang='lat' dir='ltr'><strong>qui</strong></span> <span class='ocrx_word' id='word_1_324' title='bbox 3434 1750 3642 1806; x_wconf 90' lang='lat' dir='ltr'><strong>laborat</strong></span> 
     </span>
    </p>
   </div>
   <div class='ocr_carea' id='block_1_43' title="bbox 2057 1841 3646 1914">
    <p class='ocr_par' dir='ltr' id='par_1_43' title="bbox 2057 1841 3646 1914">
     <span class='ocr_line' id='line_1_43' title="bbox 2057 1841 3646 1914; baseline -0.004 -13"><span class='ocrx_word' id='word_1_325' title='bbox 2057 1846 2123 1901; x_wconf 94' lang='lat' dir='ltr'><strong>ad</strong></span> <span class='ocrx_word' id='word_1_326' title='bbox 2152 1843 2369 1899; x_wconf 90' lang='lat' dir='ltr'><strong>molam.</strong></span> <span class='ocrx_word' id='word_1_327' title='bbox 2422 1843 2535 1914; x_wconf 84' lang='lat' dir='ltr'><strong>Ego</strong></span> <span class='ocrx_word' id='word_1_328' title='bbox 2574 1858 2682 1897; x_wconf 91' lang='lat' dir='ltr'><strong>non</strong></span> <span class='ocrx_word' id='word_1_329' title='bbox 2728 1849 2837 1897; x_wconf 89' lang='lat' dir='ltr'><strong>tam</strong></span> <span class='ocrx_word' id='word_1_330' title='bbox 2884 1842 2990 1898; x_wconf 91' lang='lat' dir='ltr'><strong>illis</strong></span> <span class='ocrx_word' id='word_1_331' title='bbox 3031 1842 3245 1908; x_wconf 91' lang='lat' dir='ltr'><strong>scribo,</strong></span> <span class='ocrx_word' id='word_1_332' title='bbox 3285 1841 3481 1912; x_wconf 91' lang='lat' dir='ltr'><strong>quibus</strong></span> <span class='ocrx_word' id='word_1_333' title='bbox 3510 1841 3646 1897; x_wconf 86' lang='lat' dir='ltr'><strong>nihrl</strong></span> 
     </span>
    </p>
   </div>
   <div class='ocr_carea' id='block_1_44' title="bbox 2057 1933 3645 2003">
    <p class='ocr_par' dir='ltr' id='par_1_44' title="bbox 2057 1933 3645 2003">
     <span class='ocr_line' id='line_1_44' title="bbox 2057 1933 3645 2003; baseline -0.005 -9"><span class='ocrx_word' id='word_1_334' title='bbox 2057 1938 2226 1994; x_wconf 89' lang='lat' dir='ltr'><strong>debeo</strong></span> <span class='ocrx_word' id='word_1_335' title='bbox 2274 1934 2379 1990; x_wconf 89' lang='lat' dir='ltr'><strong>nisi</strong></span> <span class='ocrx_word' id='word_1_336' title='bbox 2423 1934 2771 2000; x_wconf 88' lang='lat' dir='ltr'><strong>charitatem,</strong></span> <span class='ocrx_word' id='word_1_337' title='bbox 2817 1933 2913 1989; x_wconf 88' lang='lat' dir='ltr'><strong>sed</strong></span> <span class='ocrx_word' id='word_1_338' title='bbox 2940 1933 3018 1989; x_wconf 90' lang='lat' dir='ltr'><strong>eis</strong></span> <span class='ocrx_word' id='word_1_339' title='bbox 3049 1933 3141 2003; x_wconf 87' lang='lat' dir='ltr'><strong>qui</strong></span> <span class='ocrx_word' id='word_1_340' title='bbox 3171 1933 3329 1988; x_wconf 89' lang='lat' dir='ltr'><strong>nobis</strong></span> <span class='ocrx_word' id='word_1_341' title='bbox 3366 1933 3645 1989; x_wconf 90' lang='lat' dir='ltr'><strong>commissi</strong></span> 
     </span>
    </p>
   </div>
   <div class='ocr_carea' id='block_1_45' title="bbox 2056 2024 3642 2095">
    <p class='ocr_par' dir='ltr' id='par_1_45' title="bbox 2056 2024 3642 2095">
     <span class='ocr_line' id='line_1_45' title="bbox 2056 2024 3642 2095; baseline -0.004 -10"><span class='ocrx_word' id='word_1_342' title='bbox 2056 2037 2211 2094; x_wconf 88' lang='lat' dir='ltr'><strong>sunt;</strong></span> <span class='ocrx_word' id='word_1_343' title='bbox 2260 2028 2335 2082; x_wconf 92' lang='lat' dir='ltr'><strong>ita</strong></span> <span class='ocrx_word' id='word_1_344' title='bbox 2382 2035 2564 2081; x_wconf 90' lang='lat' dir='ltr'><strong>tamen</strong></span> <span class='ocrx_word' id='word_1_345' title='bbox 2600 2032 2661 2079; x_wconf 90' lang='lat' dir='ltr'><strong>ut</strong></span> <span class='ocrx_word' id='word_1_346' title='bbox 2704 2024 2760 2079; x_wconf 92' lang='lat' dir='ltr'><strong>in</strong></span> <span class='ocrx_word' id='word_1_347' title='bbox 2801 2024 3020 2080; x_wconf 89' lang='lat' dir='ltr'><strong>nomine</strong></span> <span class='ocrx_word' id='word_1_348' title='bbox 3044 2031 3321 2095; x_wconf 89' lang='lat' dir='ltr'><strong>pastorum</strong></span> <span class='ocrx_word' id='word_1_349' title='bbox 3361 2032 3418 2080; x_wconf 91' lang='lat' dir='ltr'><strong>et</strong></span> <span class='ocrx_word' id='word_1_350' title='bbox 3462 2030 3642 2079; x_wconf 84' lang='lat' dir='ltr'><strong>recto-</strong></span> 
     </span>
    </p>
   </div>
   <div class='ocr_carea' id='block_1_46' title="bbox 2061 2117 3647 2190">
    <p class='ocr_par' dir='ltr' id='par_1_46' title="bbox 2061 2117 3647 2190">
     <span class='ocr_line' id='line_1_46' title="bbox 2061 2117 3647 2190; baseline -0.002 -13"><span class='ocrx_word' id='word_1_351' title='bbox 2061 2136 2182 2176; x_wconf 89' lang='lat' dir='ltr'><strong>rum</strong></span> <span class='ocrx_word' id='word_1_352' title='bbox 2213 2119 2584 2190; x_wconf 76' lang='lat' dir='ltr'><strong>intelligantur</strong></span> <span class='ocrx_word' id='word_1_353' title='bbox 2612 2118 2869 2183; x_wconf 86' lang='lat' dir='ltr'><strong>abbates,</strong></span> <span class='ocrx_word' id='word_1_354' title='bbox 2896 2125 2953 2173; x_wconf 90' lang='lat' dir='ltr'><strong>et</strong></span> <span class='ocrx_word' id='word_1_355' title='bbox 2979 2117 3284 2188; x_wconf 59' lang='lat' dir='ltr'><strong>praepositi,</strong></span> <span class='ocrx_word' id='word_1_356' title='bbox 3324 2127 3484 2187; x_wconf 91' lang='lat' dir='ltr'><strong>atque</strong></span> <span class='ocrx_word' id='word_1_357' title='bbox 3501 2133 3647 2188; x_wconf 56' lang='lat' dir='ltr'><strong>pres.</strong></span> 
     </span>
    </p>
   </div>
   <div class='ocr_carea' id='block_1_47' title="bbox 2059 2207 3644 2285">
    <p class='ocr_par' dir='ltr' id='par_1_47' title="bbox 2059 2207 3644 2285">
     <span class='ocr_line' id='line_1_47' title="bbox 2059 2207 3644 2285; baseline -0.003 -17"><span class='ocrx_word' id='word_1_358' title='bbox 2059 2211 2236 2285; x_wconf 82' lang='lat' dir='ltr'><strong>bytcri</strong></span> <span class='ocrx_word' id='word_1_359' title='bbox 2265 2229 2278 2265; x_wconf 89' lang='lat'><strong>:</strong></span> <span class='ocrx_word' id='word_1_360' title='bbox 2311 2225 2449 2281; x_wconf 91' lang='lat' dir='ltr'><strong>quos</strong></span> <span class='ocrx_word' id='word_1_361' title='bbox 2492 2216 2549 2263; x_wconf 94' lang='lat' dir='ltr'><strong>et</strong></span> <span class='ocrx_word' id='word_1_362' title='bbox 2582 2207 2782 2263; x_wconf 83' lang='lat' dir='ltr'><strong>obnixe</strong></span> <span class='ocrx_word' id='word_1_363' title='bbox 2812 2208 3076 2279; x_wconf 88' lang='lat' dir='ltr'><strong>deprecor</strong></span> <span class='ocrx_word' id='word_1_364' title='bbox 3110 2217 3170 2263; x_wconf 89' lang='lat' dir='ltr'><strong>ut</strong></span> <span class='ocrx_word' id='word_1_365' title='bbox 3217 2215 3332 2264; x_wconf 90' lang='lat' dir='ltr'><strong>toto</strong></span> <span class='ocrx_word' id='word_1_366' title='bbox 3370 2208 3531 2263; x_wconf 91' lang='lat' dir='ltr'><strong>corde</strong></span> <span class='ocrx_word' id='word_1_367' title='bbox 3561 2208 3644 2263; x_wconf 89' lang='lat' dir='ltr'><strong>in-</strong></span> 
     </span>
    </p>
   </div>
   <div class='ocr_carea' id='block_1_48' title="bbox 2061 2300 3646 2361">
    <p class='ocr_par' dir='ltr' id='par_1_48' title="bbox 2061 2300 3646 2361">
     <span class='ocr_line' id='line_1_48' title="bbox 2061 2300 3646 2361; baseline -0.004 0"><span class='ocrx_word' id='word_1_368' title='bbox 2061 2304 2285 2361; x_wconf 87' lang='lat' dir='ltr'><strong>tendant</strong></span> <span class='ocrx_word' id='word_1_369' title='bbox 2340 2302 2395 2356; x_wconf 93' lang='lat' dir='ltr'><strong>in</strong></span> <span class='ocrx_word' id='word_1_370' title='bbox 2443 2300 2881 2356; x_wconf 80' lang='lat' dir='ltr'><strong>exhortationem</strong></span> <span class='ocrx_word' id='word_1_371' title='bbox 2928 2307 2983 2355; x_wconf 92' lang='lat' dir='ltr'><strong>et</strong></span> <span class='ocrx_word' id='word_1_372' title='bbox 3024 2300 3453 2356; x_wconf 86' lang='lat' dir='ltr'><strong>obsecrationem</strong></span> <span class='ocrx_word' id='word_1_373' title='bbox 3499 2300 3646 2356; x_wconf 87' lang='lat' dir='ltr'><strong>beati</strong></span> 
     </span>
    </p>
   </div>
   <div class='ocr_carea' id='block_1_49' title="bbox 2061 2389 3645 2463">
    <p class='ocr_par' dir='ltr' id='par_1_49' title="bbox 2061 2389 3645 2463">
     <span class='ocr_line' id='line_1_49' title="bbox 2061 2389 3645 2463; baseline -0.003 -14"><span class='ocrx_word' id='word_1_374' title='bbox 2061 2394 2206 2451; x_wconf 79' lang='lat' dir='ltr'><strong>Petri</strong></span> <span class='ocrx_word' id='word_1_375' title='bbox 2247 2391 2507 2463; x_wconf 86' lang='lat' dir='ltr'><strong>apostoli,</strong></span> <span class='ocrx_word' id='word_1_376' title='bbox 2559 2406 2667 2461; x_wconf 88' lang='lat' dir='ltr'><strong>qua</strong></span> <span class='ocrx_word' id='word_1_377' title='bbox 2717 2390 2849 2446; x_wconf 89' lang='lat' dir='ltr'><strong>dicit</strong></span> <span class='ocrx_word' id='word_1_378' title='bbox 2891 2407 2906 2446; x_wconf 85' lang='lat'>:</span> <span class='ocrx_word' id='word_1_379' title='bbox 2960 2389 3203 2446; x_wconf 83' lang='lat' dir='ltr'><strong>Seniores</strong></span> <span class='ocrx_word' id='word_1_380' title='bbox 3251 2408 3409 2462; x_wconf 89' lang='lat' dir='ltr'><strong>ergo,</strong></span> <span class='ocrx_word' id='word_1_381' title='bbox 3463 2393 3552 2463; x_wconf 86' lang='lat' dir='ltr'><strong>qui</strong></span> <span class='ocrx_word' id='word_1_382' title='bbox 3590 2392 3645 2445; x_wconf 85' lang='lat' dir='ltr'><strong>in</strong></span> 
     </span>
    </p>
   </div>
   <div class='ocr_carea' id='block_1_50' title="bbox 1724 2480 2274 2541">
    <p class='ocr_par' dir='ltr' id='par_1_50' title="bbox 1724 2480 2274 2541">
     <span class='ocr_line' id='line_1_50' title="bbox 1724 2480 2274 2541; baseline 0.004 -6"><span class='ocrx_word' id='word_1_383' title='bbox 1724 2480 2002 2541; x_wconf 85' lang='lat' dir='ltr'><strong>BALUZII</strong></span> <span class='ocrx_word' id='word_1_384' title='bbox 2038 2482 2274 2541; x_wconf 76' lang='grc' dir='ltr'><strong>ΝΟΤᾹΞ.</strong></span> 
     </span>
    </p>
   </div>
   <div class='ocr_carea' id='block_1_51' title="bbox 366 2570 1957 2641">
    <p class='ocr_par' dir='ltr' id='par_1_51' title="bbox 366 2570 1957 2641">
     <span class='ocr_line' id='line_1_51' title="bbox 366 2570 1957 2641; baseline 0.001 -12"><span class='ocrx_word' id='word_1_385' title='bbox 366 2574 502 2630; x_wconf 86' lang='lat' dir='ltr'><strong>alibi</strong></span> <span class='ocrx_word' id='word_1_386' title='bbox 544 2579 771 2641; x_wconf 83' lang='lat' dir='ltr'><strong>vocatur</strong></span> <span class='ocrx_word' id='word_1_387' title='bbox 792 2570 1044 2641; x_wconf 75' lang='lat' dir='ltr'><strong>princeps</strong></span> <span class='ocrx_word' id='word_1_388' title='bbox 1078 2576 1377 2641; x_wconf 88' lang='lat' dir='ltr'><strong>pastorum,</strong></span> <span class='ocrx_word' id='word_1_389' title='bbox 1416 2570 1671 2641; x_wconf 86' lang='lat' dir='ltr'><strong>sacerdos</strong></span> <span class='ocrx_word' id='word_1_390' title='bbox 1701 2574 1957 2630; x_wconf 90' lang='lat' dir='ltr'><strong>sacerdo-</strong></span> 
     </span>
    </p>
   </div>
   <div class='ocr_carea' id='block_1_52' title="bbox 365 2638 1950 2724">
    <p class='ocr_par' dir='ltr' id='par_1_52' title="bbox 365 2638 1950 2724">
     <span class='ocr_line' id='line_1_52' title="bbox 365 2638 1950 2724; baseline 0.001 -26"><span class='ocrx_word' id='word_1_391' title='bbox 365 2654 511 2724; x_wconf 81' lang='lat' dir='ltr'><strong>t_um,</strong></span> <span class='ocrx_word' id='word_1_392' title='bbox 567 2638 808 2724; x_wconf 53' lang='lat' dir='ltr'><strong>pontifex:</strong></span> <span class='ocrx_word' id='word_1_393' title='bbox 840 2638 1507 2724; x_wconf 45' lang='lat' dir='ltr'><strong>poptiﬁcum,‘_episc.opus</strong></span> <span class='ocrx_word' id='word_1_394' title='bbox 1553 2640 1950 2724; x_wconf 76' lang='lat' dir='ltr'><strong>episcoporum.</strong></span> 
     </span>
    </p>
   </div>
   <div class='ocr_carea' id='block_1_53' title="bbox 368 2707 1956 2782">
    <p class='ocr_par' dir='ltr' id='par_1_53' title="bbox 368 2707 1956 2782">
     <span class='ocr_line' id='line_1_53' title="bbox 368 2707 1956 2782; baseline -0.009 -13"><span class='ocrx_word' id='word_1_395' title='bbox 368 2707 774 2769; x_wconf 84' lang='lat' dir='ltr'><strong>Posterioribus</strong></span> <span class='ocrx_word' id='word_1_396' title='bbox 794 2707 1012 2764; x_wconf 75' lang='lat' dir='ltr'><strong>tandem</strong></span> <span class='ocrx_word' id='word_1_397' title='bbox 1028 2707 1251 2782; x_wconf 66' lang='lat' dir='ltr'><strong>saeculis</strong></span> <span class='ocrx_word' id='word_1_398' title='bbox 1290 2707 1821 2782; x_wconf 47' lang='lat' dir='ltr'><strong>episcopus—quoque</strong></span> <span class='ocrx_word' id='word_1_399' title='bbox 1846 2713 1956 2769; x_wconf 81' lang='lat' dir='ltr'><strong>Bo-</strong></span> 
     </span>
    </p>
   </div>
   <div class='ocr_carea' id='block_1_54' title="bbox 370 2778 1955 2860">
    <p class='ocr_par' dir='ltr' id='par_1_54' title="bbox 370 2778 1955 2860">
     <span class='ocr_line' id='line_1_54' title="bbox 370 2778 1955 2860; baseline 0.001 -22"><span class='ocrx_word' id='word_1_400' title='bbox 370 2788 819 2860; x_wconf 70' lang='lat' dir='ltr'><strong>manusvocatus</strong></span> <span class='ocrx_word' id='word_1_401' title='bbox 841 2787 929 2860; x_wconf 89' lang='lat' dir='ltr'><strong>est</strong></span> <span class='ocrx_word' id='word_1_402' title='bbox 956 2780 1241 2860; x_wconf 80' lang='lat' dir='ltr'><strong>episcopus</strong></span> <span class='ocrx_word' id='word_1_403' title='bbox 1266 2778 1666 2860; x_wconf 44' lang='lat' dir='ltr'><strong>episcoporum;</strong></span> <span class='ocrx_word' id='word_1_404' title='bbox 1698 2778 1851 2860; x_wconf 77' lang='lat' dir='ltr'><strong>Quod</strong></span> <span class='ocrx_word' id='word_1_405' title='bbox 1879 2784 1955 2840; x_wconf 88' lang='lat' dir='ltr'><strong>ita</strong></span> 
     </span>
    </p>
   </div>
   <div class='ocr_carea' id='block_1_55' title="bbox 371 2849 1958 2924">
    <p class='ocr_par' dir='ltr' id='par_1_55' title="bbox 371 2849 1958 2924">
     <span class='ocr_line' id='line_1_55' title="bbox 371 2849 1958 2924; baseline -0.009 -14"><span class='ocrx_word' id='word_1_406' title='bbox 371 2852 598 2924; x_wconf 78' lang='lat' dir='ltr'><strong>intelligi</strong></span> <span class='ocrx_word' id='word_1_407' title='bbox 630 2851 810 2915; x_wconf 89' lang='lat' dir='ltr'><strong>debet,</strong></span> <span class='ocrx_word' id='word_1_408' title='bbox 840 2859 901 2904; x_wconf 92' lang='lat' dir='ltr'><strong>ut</strong></span> <span class='ocrx_word' id='word_1_409' title='bbox 919 2849 1044 2924; x_wconf 85' lang='lat' dir='ltr'><strong>quia</strong></span> <span class='ocrx_word' id='word_1_410' title='bbox 1069 2856 1232 2924; x_wconf 81' lang='lat' dir='ltr'><strong>caput</strong></span> <span class='ocrx_word' id='word_1_411' title='bbox 1250 2856 1334 2902; x_wconf 88' lang='lat' dir='ltr'><strong>est</strong></span> <span class='ocrx_word' id='word_1_412' title='bbox 1360 2849 1602 2924; x_wconf 67' lang='lat' dir='ltr'><strong>muluium</strong></span> <span class='ocrx_word' id='word_1_413' title='bbox 1629 2851 1843 2908; x_wconf 81' lang='lat' dir='ltr'><strong>Domini</strong></span> <span class='ocrx_word' id='word_1_414' title='bbox 1870 2870 1958 2909; x_wconf 72' lang='lat' dir='ltr'><strong>sa-</strong></span> 
     </span>
    </p>
   </div>
   <div class='ocr_carea' id='block_1_56' title="bbox 370 2919 1958 3002">
    <p class='ocr_par' dir='ltr' id='par_1_56' title="bbox 370 2919 1958 3002">
     <span class='ocr_line' id='line_1_56' title="bbox 370 2919 1958 3002; baseline -0.002 -24"><span class='ocrx_word' id='word_1_415' title='bbox 370 2919 1279 3002; x_wconf 40' lang='lat' dir='ltr'><strong>cerdot&#39;umietpmcipuusntotius</strong></span> <span class='ocrx_word' id='word_1_416' title='bbox 1312 2920 1463 3002; x_wconf 65' lang='lat' dir='ltr'><strong>urbis</strong></span> <span class='ocrx_word' id='word_1_417' title='bbox 1503 2920 1810 3002; x_wconf 84' lang='lat' dir='ltr'><strong>episcopus,</strong></span> <span class='ocrx_word' id='word_1_418' title='bbox 1846 2927 1958 3002; x_wconf 81' lang='lat' dir='ltr'><strong>pri-</strong></span> 
     </span>
    </p>
   </div>
   <div class='ocr_carea' id='block_1_57' title="bbox 369 2989 1958 3072">
    <p class='ocr_par' dir='ltr' id='par_1_57' title="bbox 369 2989 1958 3072">
     <span class='ocr_line' id='line_1_57' title="bbox 369 2989 1958 3072; baseline 0.001 -24"><span class='ocrx_word' id='word_1_419' title='bbox 369 2994 570 3064; x_wconf 77' lang='lat' dir='ltr'><strong>vilegio</strong></span> <span class='ocrx_word' id='word_1_420' title='bbox 594 2992 739 3047; x_wconf 88' lang='lat' dir='ltr'><strong>sedis</strong></span> <span class='ocrx_word' id='word_1_421' title='bbox 764 3005 896 3072; x_wconf 62' lang='lat' dir='ltr'><strong>suae,</strong></span> <span class='ocrx_word' id='word_1_422' title='bbox 945 2989 1287 3072; x_wconf 64' lang='lat' dir='ltr'><strong>intelligatur</strong></span> <span class='ocrx_word' id='word_1_423' title='bbox 1304 2989 1376 3043; x_wconf 92' lang='lat' dir='ltr'><strong>ob</strong></span> <span class='ocrx_word' id='word_1_424' title='bbox 1397 2990 1500 3045; x_wconf 90' lang='lat' dir='ltr'><strong>hoc</strong></span> <span class='ocrx_word' id='word_1_425' title='bbox 1529 2989 1706 3072; x_wconf 77' lang='lat' dir='ltr'><strong>ipsum</strong></span> <span class='ocrx_word' id='word_1_426' title='bbox 1753 2989 1958 3051; x_wconf 64' lang='lat' dir='ltr'><strong>con&#39;sti-</strong></span> 
     </span>
    </p>
   </div>
   <div class='ocr_carea' id='block_1_58' title="bbox 372 3059 1959 3135">
    <p class='ocr_par' dir='ltr' id='par_1_58' title="bbox 372 3059 1959 3135">
     <span class='ocr_line' id='line_1_58' title="bbox 372 3059 1959 3135; baseline -0.002 -17"><span class='ocrx_word' id='word_1_427' title='bbox 372 3059 527 3119; x_wconf 69' lang='lat' dir='ltr'><strong>tutus</strong></span> <span class='ocrx_word' id='word_1_428' title='bbox 552 3077 716 3135; x_wconf 79' lang='lat' dir='ltr'><strong>super</strong></span> <span class='ocrx_word' id='word_1_429' title='bbox 742 3060 983 3135; x_wconf 76' lang='lat' dir='ltr'><strong>reliquos</strong></span> <span class='ocrx_word' id='word_1_430' title='bbox 1009 3060 1159 3116; x_wconf 90' lang='lat' dir='ltr'><strong>orbis</strong></span> <span class='ocrx_word' id='word_1_431' title='bbox 1203 3059 1506 3135; x_wconf 82' lang='lat' dir='ltr'><strong>episcopos,</strong></span> <span class='ocrx_word' id='word_1_432' title='bbox 1551 3059 1782 3133; x_wconf 88' lang='lat' dir='ltr'><strong>ideoque</strong></span> <span class='ocrx_word' id='word_1_433' title='bbox 1822 3079 1959 3135; x_wconf 88' lang='lat' dir='ltr'><strong>quo-</strong></span> 
     </span>
    </p>
   </div>
   <div class='ocr_carea' id='block_1_59' title="bbox 373 3129 1959 3252">
    <p class='ocr_par' dir='ltr' id='par_1_59' title="bbox 373 3129 1959 3252">
     <span class='ocr_line' id='line_1_59' title="bbox 373 3129 1959 3252; baseline 0.003 -65"><span class='ocrx_word' id='word_1_434' title='bbox 373 3136 498 3188; x_wconf 85' lang='lat' dir='ltr'><strong>dam</strong></span> <span class='ocrx_word' id='word_1_435' title='bbox 551 3129 711 3186; x_wconf 80' lang='lat' dir='ltr'><strong>modo</strong></span> <span class='ocrx_word' id='word_1_436' title='bbox 756 3129 816 3185; x_wconf 91' lang='lat' dir='ltr'><strong>ﬁt</strong></span> <span class='ocrx_word' id='word_1_437' title='bbox 866 3129 1153 3212; x_wconf 84' lang='lat' dir='ltr'><strong>episcopus</strong></span> <span class='ocrx_word' id='word_1_438' title='bbox 1197 3131 1572 3252; x_wconf 56' lang='lat' dir='ltr'><strong>episcoiiorum</strong></span> <span class='ocrx_word' id='word_1_439' title='bbox 1593 3171 1607 3195; x_wconf 90' lang='lat'><strong>,</strong></span> <span class='ocrx_word' id='word_1_440' title='bbox 1656 3129 1959 3202; x_wconf 62' lang='lat' dir='ltr'><strong>praesertim</strong></span> 
     </span>
     <span class='ocr_line' id='line_1_60' title="bbox 373 3200 1959 3252; baseline 0 0"><span class='ocrx_word' id='word_1_441' title='bbox 373 3220 498 3252; x_wconf 79' lang='lat' dir='ltr'><strong>cum</strong></span> <span class='ocrx_word' id='word_1_442' title='bbox 528 3203 594 3252; x_wconf 87' lang='lat' dir='ltr'><strong>ad</strong></span> <span class='ocrx_word' id='word_1_443' title='bbox 624 3217 748 3252; x_wconf 88' lang='lat' dir='ltr'><strong>eum</strong></span> <span class='ocrx_word' id='word_1_444' title='bbox 771 3207 1042 3252; x_wconf 77' lang='lat' dir='ltr'><strong>pertineat</strong></span> <span class='ocrx_word' id='word_1_445' title='bbox 1068 3216 1199 3252; x_wconf 88' lang='lat' dir='ltr'><strong>cura</strong></span> <span class='ocrx_word' id='word_1_446' title='bbox 1223 3208 1278 3252; x_wconf 89' lang='lat' dir='ltr'><strong>et</strong></span> <span class='ocrx_word' id='word_1_447' title='bbox 1301 3201 1379 3252; x_wconf 89' lang='lat' dir='ltr'><strong>sol</strong></span> <span class='ocrx_word' id='word_1_448' title='bbox 1403 3200 1608 3252; x_wconf 80' lang='lat' dir='ltr'><strong>leltudo</strong></span> <span class='ocrx_word' id='word_1_449' title='bbox 1637 3203 1959 3252; x_wconf 69' lang='lat' dir='ltr'><strong>universalis</strong></span> 
     </span>
    </p>
   </div>
   <div class='ocr_carea' id='block_1_60' title="bbox 369 3200 1962 3270">
    <p class='ocr_par' dir='ltr' id='par_1_60' title="bbox 369 3200 1962 3270">
     <span class='ocr_line' id='line_1_61' title="bbox 369 3200 1962 3270; baseline 0.001 -12"><span class='ocrx_word' id='word_1_450' title='bbox 369 3220 498 3259; x_wconf 85' lang='lat' dir='ltr'><strong>cum</strong></span> <span class='ocrx_word' id='word_1_451' title='bbox 528 3203 595 3257; x_wconf 89' lang='lat' dir='ltr'><strong>ad</strong></span> <span class='ocrx_word' id='word_1_452' title='bbox 624 3217 748 3257; x_wconf 91' lang='lat' dir='ltr'><strong>eum</strong></span> <span class='ocrx_word' id='word_1_453' title='bbox 771 3200 1042 3270; x_wconf 88' lang='lat' dir='ltr'><strong>pertineat</strong></span> <span class='ocrx_word' id='word_1_454' title='bbox 1068 3216 1199 3255; x_wconf 90' lang='lat' dir='ltr'><strong>cura</strong></span> <span class='ocrx_word' id='word_1_455' title='bbox 1223 3208 1278 3254; x_wconf 90' lang='lat' dir='ltr'><strong>et</strong></span> <span class='ocrx_word' id='word_1_456' title='bbox 1301 3200 1608 3255; x_wconf 90' lang='lat' dir='ltr'><strong>sollicitudo</strong></span> <span class='ocrx_word' id='word_1_457' title='bbox 1637 3200 1962 3261; x_wconf 78' lang='lat' dir='ltr'><strong>universalis</strong></span> 
     </span>
    </p>
   </div>
   <div class='ocr_carea' id='block_1_61' title="bbox 375 3270 1959 3347">
    <p class='ocr_par' dir='ltr' id='par_1_61' title="bbox 375 3270 1959 3347">
     <span class='ocr_line' id='line_1_62' title="bbox 375 3270 1959 3347; baseline 0.001 -20"><span class='ocrx_word' id='word_1_458' title='bbox 375 3273 654 3347; x_wconf 72' lang='lat' dir='ltr'><strong>Ecclesiae.</strong></span> <span class='ocrx_word' id='word_1_459' title='bbox 686 3271 872 3347; x_wconf 72' lang='lat' dir='ltr'><strong>Neque</strong></span> <span class='ocrx_word' id='word_1_460' title='bbox 908 3278 1090 3347; x_wconf 78' lang='lat' dir='ltr'><strong>tamen</strong></span> <span class='ocrx_word' id='word_1_461' title='bbox 1118 3270 1541 3347; x_wconf 83' lang='lat' dir='ltr'><strong>existimandum</strong></span> <span class='ocrx_word' id='word_1_462' title='bbox 1569 3280 1655 3347; x_wconf 66' lang='lat' dir='ltr'><strong>esi</strong></span> <span class='ocrx_word' id='word_1_463' title='bbox 1681 3273 1821 3330; x_wconf 89' lang='lat' dir='ltr'><strong>hanc</strong></span> <span class='ocrx_word' id='word_1_464' title='bbox 1856 3291 1959 3347; x_wconf 71' lang='lat' dir='ltr'><strong>ap-</strong></span> 
     </span>
    </p>
   </div>
   <div class='ocr_carea' id='block_1_62' title="bbox 372 3341 1962 3415">
    <p class='ocr_par' dir='ltr' id='par_1_62' title="bbox 372 3341 1962 3415">
     <span class='ocr_line' id='line_1_63' title="bbox 372 3341 1962 3415; baseline 0.001 -17"><span class='ocrx_word' id='word_1_465' title='bbox 372 3343 717 3414; x_wconf 87' lang='lat' dir='ltr'><strong>pellationem</strong></span> <span class='ocrx_word' id='word_1_466' title='bbox 749 3341 1208 3415; x_wconf 64' lang='lat' dir='ltr'><strong>fuissetributam</strong></span> <span class='ocrx_word' id='word_1_467' title='bbox 1233 3341 1535 3415; x_wconf 82' lang='lat' dir='ltr'><strong>antiquitus</strong></span> <span class='ocrx_word' id='word_1_468' title='bbox 1567 3342 1823 3415; x_wconf 89' lang='lat' dir='ltr'><strong>episcopo</strong></span> <span class='ocrx_word' id='word_1_469' title='bbox 1854 3341 1962 3401; x_wconf 77' lang='lat' dir='ltr'><strong>Ro-</strong></span> 
     </span>
    </p>
   </div>
   <div class='ocr_carea' id='block_1_63' title="bbox 374 3410 1962 3481">
    <p class='ocr_par' dir='ltr' id='par_1_63' title="bbox 374 3410 1962 3481">
     <span class='ocr_line' id='line_1_64' title="bbox 374 3410 1962 3481; baseline 0.001 -13"><span class='ocrx_word' id='word_1_470' title='bbox 374 3410 535 3469; x_wconf 78' lang='lat' dir='ltr'><strong>inano</strong></span> <span class='ocrx_word' id='word_1_471' title='bbox 562 3429 576 3476; x_wconf 90' lang='lat'><strong>;</strong></span> <span class='ocrx_word' id='word_1_472' title='bbox 613 3411 827 3468; x_wconf 83' lang='lat' dir='ltr'><strong>tametsi</strong></span> <span class='ocrx_word' id='word_1_473' title='bbox 850 3410 1066 3481; x_wconf 77' lang='lat' dir='ltr'><strong>quidam</strong></span> <span class='ocrx_word' id='word_1_474' title='bbox 1098 3412 1173 3466; x_wconf 89' lang='lat' dir='ltr'><strong>ita</strong></span> <span class='ocrx_word' id='word_1_475' title='bbox 1206 3425 1265 3466; x_wconf 91' lang='lat' dir='ltr'><strong>se</strong></span> <span class='ocrx_word' id='word_1_476' title='bbox 1294 3411 1547 3481; x_wconf 83' lang='lat' dir='ltr'><strong>colligere</strong></span> <span class='ocrx_word' id='word_1_477' title='bbox 1580 3410 1772 3480; x_wconf 76' lang='lat' dir='ltr'><strong>putent</strong></span> <span class='ocrx_word' id='word_1_478' title='bbox 1801 3432 1865 3471; x_wconf 78' lang='lat' dir='ltr'><strong>ex</strong></span> <span class='ocrx_word' id='word_1_479' title='bbox 1898 3417 1962 3471; x_wconf 88' lang='lat' dir='ltr'><strong>li-</strong></span> 
     </span>
    </p>
   </div>
   <div class='ocr_carea' id='block_1_64' title="bbox 375 3479 1961 3556">
    <p class='ocr_par' dir='ltr' id='par_1_64' title="bbox 375 3479 1961 3556">
     <span class='ocr_line' id='line_1_65' title="bbox 375 3479 1961 3556; baseline 0.002 -22"><span class='ocrx_word' id='word_1_480' title='bbox 375 3484 477 3556; x_wconf 73' lang='lat' dir='ltr'><strong>bro</strong></span> <span class='ocrx_word' id='word_1_481' title='bbox 515 3482 829 3556; x_wconf 69' lang='lat' dir='ltr'><strong>Tertulliani</strong></span> <span class='ocrx_word' id='word_1_482' title='bbox 860 3479 925 3556; x_wconf 69' lang='lat' dir='ltr'><strong>de</strong></span> <span class='ocrx_word' id='word_1_483' title='bbox 951 3479 1236 3556; x_wconf 77' lang='lat' dir='ltr'><strong>Pudicitia,</strong></span> <span class='ocrx_word' id='word_1_484' title='bbox 1255 3489 1321 3556; x_wconf 83' lang='lat' dir='ltr'><strong>et</strong></span> <span class='ocrx_word' id='word_1_485' title='bbox 1342 3497 1408 3556; x_wconf 72' lang='lat' dir='ltr'><strong>ex</strong></span> <span class='ocrx_word' id='word_1_486' title='bbox 1428 3479 1705 3556; x_wconf 71' lang='lat' dir='ltr'><strong>Cypriane</strong></span> <span class='ocrx_word' id='word_1_487' title='bbox 1730 3484 1781 3556; x_wconf 90' lang='lat' dir='ltr'><strong>in</strong></span> <span class='ocrx_word' id='word_1_488' title='bbox 1816 3502 1961 3556; x_wconf 69' lang='lat' dir='ltr'><strong>pne-</strong></span> 
     </span>
    </p>
   </div>
   <div class='ocr_carea' id='block_1_65' title="bbox 375 3550 1963 3622">
    <p class='ocr_par' dir='ltr' id='par_1_65' title="bbox 375 3550 1963 3622">
     <span class='ocr_line' id='line_1_66' title="bbox 375 3550 1963 3622; baseline 0.003 -14"><span class='ocrx_word' id='word_1_489' title='bbox 375 3552 580 3608; x_wconf 86' lang='lat' dir='ltr'><strong>fatione</strong></span> <span class='ocrx_word' id='word_1_490' title='bbox 608 3552 821 3607; x_wconf 89' lang='lat' dir='ltr'><strong>concilii</strong></span> <span class='ocrx_word' id='word_1_491' title='bbox 852 3550 1319 3622; x_wconf 86' lang='lat' dir='ltr'><strong>Carthaginensis.</strong></span> <span class='ocrx_word' id='word_1_492' title='bbox 1355 3550 1586 3615; x_wconf 32' lang='lat' dir='ltr'><strong>Nam,’si</strong></span> <span class='ocrx_word' id='word_1_493' title='bbox 1616 3554 1746 3622; x_wconf 88' lang='lat' dir='ltr'><strong>quid</strong></span> <span class='ocrx_word' id='word_1_494' title='bbox 1778 3550 1833 3610; x_wconf 80' lang='lat' dir='ltr'><strong>in</strong></span> <span class='ocrx_word' id='word_1_495' title='bbox 1878 3557 1963 3612; x_wconf 87' lang='lat' dir='ltr'><strong>his</strong></span> 
     </span>
    </p>
   </div>
   <div class='ocr_carea' id='block_1_66' title="bbox 374 3620 1959 3691">
    <p class='ocr_par' dir='ltr' id='par_1_66' title="bbox 374 3620 1959 3691">
     <span class='ocr_line' id='line_1_67' title="bbox 374 3620 1959 3691; baseline 0.003 -14"><span class='ocrx_word' id='word_1_496' title='bbox 374 3625 543 3679; x_wconf 86' lang='lat' dir='ltr'><strong>rebus</strong></span> <span class='ocrx_word' id='word_1_497' title='bbox 564 3623 742 3685; x_wconf 88' lang='lat' dir='ltr'><strong>video,</strong></span> <span class='ocrx_word' id='word_1_498' title='bbox 774 3620 1141 3677; x_wconf 80' lang='lat' dir='ltr'><strong>Tertullianus</strong></span> <span class='ocrx_word' id='word_1_499' title='bbox 1170 3621 1259 3676; x_wconf 89' lang='lat' dir='ltr'><strong>hic</strong></span> <span class='ocrx_word' id='word_1_500' title='bbox 1294 3623 1604 3691; x_wconf 87' lang='lat' dir='ltr'><strong>pontiﬁcem</strong></span> <span class='ocrx_word' id='word_1_501' title='bbox 1632 3620 1959 3681; x_wconf 67' lang='lat' dir='ltr'><strong>Romanum</strong></span> 
     </span>
    </p>
   </div>
   <div class='ocr_carea' id='block_1_67' title="bbox 374 3691 1963 3764">
    <p class='ocr_par' dir='ltr' id='par_1_67' title="bbox 374 3691 1963 3764">
     <span class='ocr_line' id='line_1_68' title="bbox 374 3691 1963 3764; baseline 0.003 -17"><span class='ocrx_word' id='word_1_502' title='bbox 374 3692 747 3764; x_wconf 78' lang='lat' dir='ltr'><strong>satyricosale</strong></span> <span class='ocrx_word' id='word_1_503' title='bbox 797 3691 1027 3747; x_wconf 77' lang='lat' dir='ltr'><strong>defricat</strong></span> <span class='ocrx_word' id='word_1_504' title='bbox 1052 3709 1066 3747; x_wconf 89' lang='lat'><strong>:</strong></span> <span class='ocrx_word' id='word_1_505' title='bbox 1090 3700 1240 3764; x_wconf 76' lang='lat' dir='ltr'><strong>certe</strong></span> <span class='ocrx_word' id='word_1_506' title='bbox 1265 3694 1423 3763; x_wconf 88' lang='lat' dir='ltr'><strong>palpo</strong></span> <span class='ocrx_word' id='word_1_507' title='bbox 1468 3708 1572 3746; x_wconf 90' lang='lat' dir='ltr'><strong>non</strong></span> <span class='ocrx_word' id='word_1_508' title='bbox 1602 3696 1859 3762; x_wconf 89' lang='lat' dir='ltr'><strong>percutit.</strong></span> <span class='ocrx_word' id='word_1_509' title='bbox 1894 3698 1963 3751; x_wconf 87' lang='lat' dir='ltr'><strong>Et</strong></span> 
     </span>
    </p>
   </div>
   <div class='ocr_carea' id='block_1_68' title="bbox 377 3762 1960 3835">
    <p class='ocr_par' dir='ltr' id='par_1_68' title="bbox 377 3762 1960 3835">
     <span class='ocr_line' id='line_1_69' title="bbox 377 3762 1960 3835; baseline 0.003 -18"><span class='ocrx_word' id='word_1_510' title='bbox 377 3766 432 3817; x_wconf 91' lang='lat' dir='ltr'><strong>in</strong></span> <span class='ocrx_word' id='word_1_511' title='bbox 467 3762 723 3835; x_wconf 72' lang='lat' dir='ltr'><strong>Cypriani</strong></span> <span class='ocrx_word' id='word_1_512' title='bbox 753 3778 913 3835; x_wconf 83' lang='lat' dir='ltr'><strong>sensu</strong></span> <span class='ocrx_word' id='word_1_513' title='bbox 956 3762 1303 3835; x_wconf 81' lang='lat' dir='ltr'><strong>manifestum</strong></span> <span class='ocrx_word' id='word_1_514' title='bbox 1331 3762 1415 3818; x_wconf 84' lang='lat' dir='ltr'><strong>est</strong></span> <span class='ocrx_word' id='word_1_515' title='bbox 1460 3778 1555 3817; x_wconf 89' lang='lat' dir='ltr'><strong>eos</strong></span> <span class='ocrx_word' id='word_1_516' title='bbox 1584 3764 1718 3817; x_wconf 79' lang='lat' dir='ltr'><strong>t‘alli.</strong></span> <span class='ocrx_word' id='word_1_517' title='bbox 1776 3766 1960 3835; x_wconf 75' lang='lat' dir='ltr'><strong>Neque</strong></span> 
     </span>
    </p>
   </div>
   <div class='ocr_carea' id='block_1_69' title="bbox 374 3831 1963 3914">
    <p class='ocr_par' dir='ltr' id='par_1_69' title="bbox 374 3831 1963 3914">
     <span class='ocr_line' id='line_1_70' title="bbox 374 3831 1963 3914; baseline 0.002 -27"><span class='ocrx_word' id='word_1_518' title='bbox 374 3831 527 3887; x_wconf 81' lang='lat' dir='ltr'><strong>enim</strong></span> <span class='ocrx_word' id='word_1_519' title='bbox 550 3831 623 3914; x_wconf 78' lang='lat' dir='ltr'><strong>ait</strong></span> <span class='ocrx_word' id='word_1_520' title='bbox 673 3831 976 3914; x_wconf 72' lang='lat' dir='ltr'><strong>Cyprianus</strong></span> <span class='ocrx_word' id='word_1_521' title='bbox 1011 3833 1399 3914; x_wconf 70' lang='lat' dir='ltr'><strong>removendam</strong></span> <span class='ocrx_word' id='word_1_522' title='bbox 1436 3848 1557 3888; x_wconf 89' lang='lat' dir='ltr'><strong>esse</strong></span> <span class='ocrx_word' id='word_1_523' title='bbox 1585 3831 1963 3914; x_wconf 69' lang='lat' dir='ltr'><strong>praesumptio-</strong></span> 
     </span>
    </p>
   </div>
   <div class='ocr_carea' id='block_1_70' title="bbox 376 3902 1960 3985">
    <p class='ocr_par' dir='ltr' id='par_1_70' title="bbox 376 3902 1960 3985">
     <span class='ocr_line' id='line_1_71' title="bbox 376 3902 1960 3985; baseline 0.001 -28"><span class='ocrx_word' id='word_1_524' title='bbox 376 3919 506 3958; x_wconf 83' lang='lat' dir='ltr'><strong>nem</strong></span> <span class='ocrx_word' id='word_1_525' title='bbox 535 3902 804 3985; x_wconf 51' lang='lat' dir='ltr'><strong>episcopi&quot;</strong></span> <span class='ocrx_word' id='word_1_526' title='bbox 818 3902 1188 3985; x_wconf 30' lang='lat' dir='ltr'><strong>Romaniivqui</strong></span> <span class='ocrx_word' id='word_1_527' title='bbox 1238 3902 1628 3985; x_wconf 79' lang='lat' dir='ltr'><strong>saepiscopum</strong></span> <span class='ocrx_word' id='word_1_528' title='bbox 1675 3902 1960 3975; x_wconf 80' lang='lat' dir='ltr'><strong>episcopo-</strong></span> 
     </span>
    </p>
   </div>
   <div class='ocr_carea' id='block_1_71' title="bbox 377 3971 1961 4044">
    <p class='ocr_par' dir='ltr' id='par_1_71' title="bbox 377 3971 1961 4044">
     <span class='ocr_line' id='line_1_72' title="bbox 377 3971 1961 4044; baseline 0 -16"><span class='ocrx_word' id='word_1_529' title='bbox 377 3988 504 4028; x_wconf 87' lang='lat' dir='ltr'><strong>rum</strong></span> <span class='ocrx_word' id='word_1_530' title='bbox 526 3971 749 4029; x_wconf 79' lang='lat' dir='ltr'><strong>diceret.</strong></span> <span class='ocrx_word' id='word_1_531' title='bbox 773 3972 880 4027; x_wconf 86' lang='lat' dir='ltr'><strong>Scd</strong></span> <span class='ocrx_word' id='word_1_532' title='bbox 901 3972 981 4044; x_wconf 82' lang='lat' dir='ltr'><strong>ait</strong></span> <span class='ocrx_word' id='word_1_533' title='bbox 1007 3990 1020 4025; x_wconf 92' lang='lat'><strong>:</strong></span> <span class='ocrx_word' id='word_1_534' title='bbox 1051 3971 1235 4041; x_wconf 80' lang='lat' dir='ltr'><strong>Neque</strong></span> <span class='ocrx_word' id='word_1_535' title='bbox 1262 3971 1403 4044; x_wconf 76' lang='lat' dir='ltr'><strong>enim</strong></span> <span class='ocrx_word' id='word_1_536' title='bbox 1422 3971 1700 4044; x_wconf 82' lang='lat' dir='ltr'><strong>quisquam</strong></span> <span class='ocrx_word' id='word_1_537' title='bbox 1714 3971 1961 4044; x_wconf 64' lang='lat' dir='ltr'><strong>nostrum</strong></span> 
     </span>
    </p>
   </div>
   <div class='ocr_carea' id='block_1_72' title="bbox 375 4043 1963 4114">
    <p class='ocr_par' dir='ltr' id='par_1_72' title="bbox 375 4043 1963 4114">
     <span class='ocr_line' id='line_1_73' title="bbox 375 4043 1963 4114; baseline 0.001 -17"><span class='ocrx_word' id='word_1_538' title='bbox 375 4044 678 4114; x_wconf 69' lang='lat' dir='ltr'><strong>episcopum</strong></span> <span class='ocrx_word' id='word_1_539' title='bbox 725 4060 779 4096; x_wconf 88' lang='lat' dir='ltr'><strong>se</strong></span> <span class='ocrx_word' id='word_1_540' title='bbox 829 4043 1189 4114; x_wconf 85' lang='lat' dir='ltr'><strong>episcoporum</strong></span> <span class='ocrx_word' id='word_1_541' title='bbox 1240 4043 1544 4107; x_wconf 87' lang='lat' dir='ltr'><strong>constituit;</strong></span> <span class='ocrx_word' id='word_1_542' title='bbox 1579 4043 1630 4096; x_wconf 89' lang='lat' dir='ltr'><strong>id</strong></span> <span class='ocrx_word' id='word_1_543' title='bbox 1677 4052 1805 4097; x_wconf 90' lang='lat' dir='ltr'><strong>est:</strong></span> <span class='ocrx_word' id='word_1_544' title='bbox 1845 4043 1963 4099; x_wconf 89' lang='lat' dir='ltr'><strong>Non</strong></span> 
     </span>
    </p>
   </div>
   <div class='ocr_carea' id='block_1_73' title="bbox 374 4112 1964 4184">
    <p class='ocr_par' dir='ltr' id='par_1_73' title="bbox 374 4112 1964 4184">
     <span class='ocr_line' id='line_1_74' title="bbox 374 4112 1964 4184; baseline -0.001 -13"><span class='ocrx_word' id='word_1_545' title='bbox 374 4112 623 4171; x_wconf 81' lang='lat' dir='ltr'><strong>arbitror</strong></span> <span class='ocrx_word' id='word_1_546' title='bbox 641 4112 965 4184; x_wconf 82' lang='lat' dir='ltr'><strong>quemquam</strong></span> <span class='ocrx_word' id='word_1_547' title='bbox 989 4112 1393 4184; x_wconf 82' lang='lat' dir='ltr'><strong>episcoporum,</strong></span> <span class='ocrx_word' id='word_1_548' title='bbox 1421 4115 1514 4182; x_wconf 91' lang='lat' dir='ltr'><strong>qui</strong></span> <span class='ocrx_word' id='word_1_549' title='bbox 1551 4114 1638 4167; x_wconf 91' lang='lat' dir='ltr'><strong>hic</strong></span> <span class='ocrx_word' id='word_1_550' title='bbox 1665 4123 1964 4184; x_wconf 70' lang='lat' dir='ltr'><strong>prmsentes</strong></span> 
     </span>
    </p>
   </div>
   <div class='ocr_carea' id='block_1_74' title="bbox 380 4181 1964 4254">
    <p class='ocr_par' dir='ltr' id='par_1_74' title="bbox 380 4181 1964 4254">
     <span class='ocr_line' id='line_1_75' title="bbox 380 4181 1964 4254; baseline 0.001 -16"><span class='ocrx_word' id='word_1_551' title='bbox 380 4200 592 4248; x_wconf 83' lang='lat' dir='ltr'><strong>sumus,</strong></span> <span class='ocrx_word' id='word_1_552' title='bbox 617 4181 683 4238; x_wconf 80' lang='lat' dir='ltr'><strong>eo</strong></span> <span class='ocrx_word' id='word_1_553' title='bbox 707 4181 1145 4254; x_wconf 66' lang='lat' dir='ltr'><strong>prtesuuipiionis</strong></span> <span class='ocrx_word' id='word_1_554' title='bbox 1170 4181 1455 4245; x_wconf 72' lang='lat' dir='ltr'><strong>excedere,</strong></span> <span class='ocrx_word' id='word_1_555' title='bbox 1491 4191 1551 4237; x_wconf 91' lang='lat' dir='ltr'><strong>ut</strong></span> <span class='ocrx_word' id='word_1_556' title='bbox 1572 4199 1630 4239; x_wconf 91' lang='lat' dir='ltr'><strong>se</strong></span> <span class='ocrx_word' id='word_1_557' title='bbox 1653 4181 1815 4254; x_wconf 78' lang='lat' dir='ltr'><strong>supra</strong></span> <span class='ocrx_word' id='word_1_558' title='bbox 1842 4201 1964 4240; x_wconf 87' lang='lat' dir='ltr'><strong>om-</strong></span> 
     </span>
    </p>
   </div>
   <div class='ocr_carea' id='block_1_75' title="bbox 380 4251 1963 4325">
    <p class='ocr_par' dir='ltr' id='par_1_75' title="bbox 380 4251 1963 4325">
     <span class='ocr_line' id='line_1_76' title="bbox 380 4251 1963 4325; baseline 0.001 -16"><span class='ocrx_word' id='word_1_559' title='bbox 380 4270 481 4309; x_wconf 85' lang='lat' dir='ltr'><strong>nes</strong></span> <span class='ocrx_word' id='word_1_560' title='bbox 509 4251 741 4322; x_wconf 74' lang='lat' dir='ltr'><strong>collegas</strong></span> <span class='ocrx_word' id='word_1_561' title='bbox 779 4267 906 4308; x_wconf 91' lang='lat' dir='ltr'><strong>suos</strong></span> <span class='ocrx_word' id='word_1_562' title='bbox 928 4251 1158 4325; x_wconf 21' lang='lat' dir='ltr'><strong>Actl‘erat,</strong></span> <span class='ocrx_word' id='word_1_563' title='bbox 1194 4254 1627 4325; x_wconf 85' lang='lat' dir='ltr'><strong>sententiamque</strong></span> <span class='ocrx_word' id='word_1_564' title='bbox 1679 4251 1761 4310; x_wconf 82' lang='lat' dir='ltr'><strong>sui</strong></span> <span class='ocrx_word' id='word_1_565' title='bbox 1792 4255 1963 4325; x_wconf 88' lang='lat' dir='ltr'><strong>ipsius</strong></span> 
     </span>
    </p>
   </div>
   <div class='ocr_carea' id='block_1_76' title="bbox 378 4321 1962 4393">
    <p class='ocr_par' dir='ltr' id='par_1_76' title="bbox 378 4321 1962 4393">
     <span class='ocr_line' id='line_1_77' title="bbox 378 4321 1962 4393; baseline 0.001 -13"><span class='ocrx_word' id='word_1_566' title='bbox 378 4325 616 4387; x_wconf 83' lang='lat' dir='ltr'><strong>unicam,</strong></span> <span class='ocrx_word' id='word_1_567' title='bbox 643 4321 704 4378; x_wconf 90' lang='lat' dir='ltr'><strong>ut</strong></span> <span class='ocrx_word' id='word_1_568' title='bbox 727 4322 943 4393; x_wconf 81' lang='lat' dir='ltr'><strong>tyranni</strong></span> <span class='ocrx_word' id='word_1_569' title='bbox 964 4321 1158 4387; x_wconf 87' lang='lat' dir='ltr'><strong>solent,</strong></span> <span class='ocrx_word' id='word_1_570' title='bbox 1192 4323 1487 4393; x_wconf 61' lang='lat' dir='ltr'><strong>praevalere</strong></span> <span class='ocrx_word' id='word_1_571' title='bbox 1513 4321 1710 4380; x_wconf 86' lang='lat' dir='ltr'><strong>debere</strong></span> <span class='ocrx_word' id='word_1_572' title='bbox 1735 4321 1962 4380; x_wconf 79' lang='lat' dir='ltr'><strong>conten-</strong></span> 
     </span>
    </p>
   </div>
   <div class='ocr_carea' id='block_1_77' title="bbox 378 4393 1963 4465">
    <p class='ocr_par' dir='ltr' id='par_1_77' title="bbox 378 4393 1963 4465">
     <span class='ocr_line' id='line_1_78' title="bbox 378 4393 1963 4465; baseline 0.001 -16"><span class='ocrx_word' id='word_1_573' title='bbox 378 4395 475 4449; x_wconf 85' lang='lat' dir='ltr'><strong>dat</strong></span> <span class='ocrx_word' id='word_1_574' title='bbox 503 4396 758 4449; x_wconf 88' lang='lat' dir='ltr'><strong>adversus</strong></span> <span class='ocrx_word' id='word_1_575' title='bbox 772 4393 1094 4465; x_wconf 82' lang='lat' dir='ltr'><strong>sententiam</strong></span> <span class='ocrx_word' id='word_1_576' title='bbox 1107 4393 1487 4465; x_wconf 80' lang='lat' dir='ltr'><strong>plurimorum,</strong></span> <span class='ocrx_word' id='word_1_577' title='bbox 1509 4396 1809 4465; x_wconf 60' lang='lat' dir='ltr'><strong>praesertim</strong></span> <span class='ocrx_word' id='word_1_578' title='bbox 1834 4412 1963 4465; x_wconf 88' lang='lat' dir='ltr'><strong>quo-</strong></span> 
     </span>
    </p>
   </div>
   <div class='ocr_carea' id='block_1_78' title="bbox 380 4446 2739 4536">
    <p class='ocr_par' dir='ltr' id='par_1_78' title="bbox 380 4446 2739 4536">
     <span class='ocr_line' id='line_1_79' title="bbox 380 4446 2739 4536; baseline -0 -16"><span class='ocrx_word' id='word_1_579' title='bbox 380 4446 488 4520; x_wconf 64' lang='lat' dir='ltr'><strong>ties</strong></span> <span class='ocrx_word' id='word_1_580' title='bbox 504 4446 1133 4536; x_wconf 46' lang='lat' dir='ltr'><strong>ﬁdeiventilaturf</strong></span> <span class='ocrx_word' id='word_1_581' title='bbox 1164 4446 1967 4536; x_wconf 48' lang='lat' dir='ltr'><strong>Hdnc&#39;egdée’miiﬁiiiii&#39;ieiiié-</strong></span> <span class='ocrx_word' id='word_1_582' title='bbox 1989 4446 2043 4506; x_wconf 81' lang='grc' dir='ltr'><strong>Ῑ)</strong></span> <span class='ocrx_word' id='word_1_583' title='bbox 2071 4446 2739 4536; x_wconf 31' lang='grc' dir='ltr'><strong>ξῖἰξῖὀῖίξᾶῃεὶῖιυω,ὐηᾶθ</strong></span> 
     </span>
    </p>
   </div>
   <div class='ocr_carea' id='block_1_79' title="bbox 382 4534 1972 4606">
    <p class='ocr_par' dir='ltr' id='par_1_79' title="bbox 382 4534 1972 4606">
     <span class='ocr_line' id='line_1_80' title="bbox 382 4534 1972 4606; baseline 0.001 -17"><span class='ocrx_word' id='word_1_584' title='bbox 382 4552 504 4594; x_wconf 84' lang='lat' dir='ltr'><strong>rum</strong></span> <span class='ocrx_word' id='word_1_585' title='bbox 532 4534 789 4605; x_wconf 77' lang='lat' dir='ltr'><strong>Cypriani</strong></span> <span class='ocrx_word' id='word_1_586' title='bbox 821 4548 1041 4606; x_wconf 82' lang='lat' dir='ltr'><strong>sensum</strong></span> <span class='ocrx_word' id='word_1_587' title='bbox 1086 4548 1210 4588; x_wconf 92' lang='lat' dir='ltr'><strong>esse</strong></span> <span class='ocrx_word' id='word_1_588' title='bbox 1256 4534 1514 4606; x_wconf 84' lang='lat' dir='ltr'><strong>arbitror.</strong></span> <span class='ocrx_word' id='word_1_589' title='bbox 1568 4535 1856 4606; x_wconf 91' lang='lat' dir='ltr'><strong>Sumptum</strong></span> <span class='ocrx_word' id='word_1_590' title='bbox 1885 4547 1972 4591; x_wconf 87' lang='lat' dir='ltr'><strong>est</strong></span> 
     </span>
    </p>
   </div>
   <div class='ocr_carea' id='block_1_80' title="bbox 381 4603 1966 4687">
    <p class='ocr_par' dir='ltr' id='par_1_80' title="bbox 381 4603 1966 4687">
     <span class='ocr_line' id='line_1_81' title="bbox 381 4603 1966 4687; baseline 0 -26"><span class='ocrx_word' id='word_1_591' title='bbox 381 4603 734 4687; x_wconf 44' lang='lat' dir='ltr'><strong>amem&#39;iStud</strong></span> <span class='ocrx_word' id='word_1_592' title='bbox 765 4603 1014 4687; x_wconf 74' lang='lat' dir='ltr'><strong>loquendi</strong></span> <span class='ocrx_word' id='word_1_593' title='bbox 1045 4619 1217 4674; x_wconf 88' lang='lat' dir='ltr'><strong>genus</strong></span> <span class='ocrx_word' id='word_1_594' title='bbox 1243 4619 1310 4685; x_wconf 77' lang='lat' dir='ltr'><strong>ex</strong></span> <span class='ocrx_word' id='word_1_595' title='bbox 1337 4605 1621 4687; x_wconf 84' lang='lat' dir='ltr'><strong>rhetorum</strong></span> <span class='ocrx_word' id='word_1_596' title='bbox 1659 4603 1966 4687; x_wconf 78' lang='lat' dir='ltr'><strong>disciplina.</strong></span> 
     </span>
    </p>
   </div>
   <div class='ocr_carea' id='block_1_81' title="bbox 380 4674 1968 4747">
    <p class='ocr_par' dir='ltr' id='par_1_81' title="bbox 380 4674 1968 4747">
     <span class='ocr_line' id='line_1_82' title="bbox 380 4674 1968 4747; baseline -0.001 -16"><span class='ocrx_word' id='word_1_597' title='bbox 380 4675 599 4745; x_wconf 80' lang='lat' dir='ltr'><strong>Alioqui</strong></span> <span class='ocrx_word' id='word_1_598' title='bbox 627 4675 773 4729; x_wconf 89' lang='lat' dir='ltr'><strong>enim</strong></span> <span class='ocrx_word' id='word_1_599' title='bbox 805 4674 849 4747; x_wconf 85' lang='lat' dir='ltr'><strong>si</strong></span> <span class='ocrx_word' id='word_1_600' title='bbox 880 4675 971 4747; x_wconf 85' lang='lat' dir='ltr'><strong>qui</strong></span> <span class='ocrx_word' id='word_1_601' title='bbox 997 4688 1158 4747; x_wconf 84' lang='lat' dir='ltr'><strong>supra</strong></span> <span class='ocrx_word' id='word_1_602' title='bbox 1193 4674 1476 4747; x_wconf 79' lang='lat' dir='ltr'><strong>episcopos</strong></span> <span class='ocrx_word' id='word_1_603' title='bbox 1502 4684 1651 4741; x_wconf 86' lang='lat' dir='ltr'><strong>sunt,</strong></span> <span class='ocrx_word' id='word_1_604' title='bbox 1683 4674 1968 4747; x_wconf 71' lang='lat' dir='ltr'><strong>episcOpo-</strong></span> 
     </span>
    </p>
   </div>
   <div class='ocr_carea' id='block_1_82' title="bbox 385 4744 1968 4816">
    <p class='ocr_par' dir='ltr' id='par_1_82' title="bbox 385 4744 1968 4816">
     <span class='ocr_line' id='line_1_83' title="bbox 385 4744 1968 4816; baseline 0 -15"><span class='ocrx_word' id='word_1_605' title='bbox 385 4761 503 4801; x_wconf 91' lang='lat' dir='ltr'><strong>rum</strong></span> <span class='ocrx_word' id='word_1_606' title='bbox 528 4744 767 4816; x_wconf 86' lang='lat' dir='ltr'><strong>episcopi</strong></span> <span class='ocrx_word' id='word_1_607' title='bbox 794 4744 909 4816; x_wconf 87' lang='lat' dir='ltr'><strong>dici</strong></span> <span class='ocrx_word' id='word_1_608' title='bbox 932 4745 1152 4810; x_wconf 88' lang='lat' dir='ltr'><strong>debent,</strong></span> <span class='ocrx_word' id='word_1_609' title='bbox 1182 4744 1403 4816; x_wconf 75' lang='lat' dir='ltr'><strong>dubium</strong></span> <span class='ocrx_word' id='word_1_610' title='bbox 1448 4760 1555 4799; x_wconf 91' lang='lat' dir='ltr'><strong>non</strong></span> <span class='ocrx_word' id='word_1_611' title='bbox 1583 4754 1667 4801; x_wconf 92' lang='lat' dir='ltr'><strong>est</strong></span> <span class='ocrx_word' id='word_1_612' title='bbox 1692 4744 1821 4815; x_wconf 86' lang='lat' dir='ltr'><strong>quin</strong></span> <span class='ocrx_word' id='word_1_613' title='bbox 1854 4744 1968 4816; x_wconf 81' lang='lat' dir='ltr'><strong>pri-</strong></span> 
     </span>
    </p>
   </div>
   <div class='ocr_carea' id='block_1_83' title="bbox 384 4812 1970 4897">
    <p class='ocr_par' dir='ltr' id='par_1_83' title="bbox 384 4812 1970 4897">
     <span class='ocr_line' id='line_1_84' title="bbox 384 4812 1970 4897; baseline 0.001 -27"><span class='ocrx_word' id='word_1_614' title='bbox 384 4831 502 4897; x_wconf 71' lang='lat' dir='ltr'><strong>mas</strong></span> <span class='ocrx_word' id='word_1_615' title='bbox 532 4812 750 4897; x_wconf 46' lang='lat' dir='ltr'><strong>Africae}</strong></span> <span class='ocrx_word' id='word_1_616' title='bbox 779 4815 1035 4897; x_wconf 77' lang='lat' dir='ltr'><strong>nimirum</strong></span> <span class='ocrx_word' id='word_1_617' title='bbox 1057 4816 1343 4886; x_wconf 89' lang='lat' dir='ltr'><strong>episcopus</strong></span> <span class='ocrx_word' id='word_1_618' title='bbox 1360 4812 1970 4897; x_wconf 53' lang='lat' dir='ltr'><strong>Carthaginieiisisfdici</strong></span> 
     </span>
    </p>
   </div>
   <div class='ocr_carea' id='block_1_84' title="bbox 383 4883 1970 4968">
    <p class='ocr_par' dir='ltr' id='par_1_84' title="bbox 383 4883 1970 4968">
     <span class='ocr_line' id='line_1_85' title="bbox 383 4883 1970 4968; baseline 0.001 -29"><span class='ocrx_word' id='word_1_619' title='bbox 383 4887 632 4968; x_wconf 50' lang='lat' dir='ltr'><strong>tigebuerit</strong></span> <span class='ocrx_word' id='word_1_620' title='bbox 650 4886 936 4968; x_wconf 73' lang='lat' dir='ltr'><strong>episcopus</strong></span> <span class='ocrx_word' id='word_1_621' title='bbox 948 4883 1491 4968; x_wconf 22' lang='lat' dir='ltr'><strong>episcoporum.‘Na.m</strong></span> <span class='ocrx_word' id='word_1_622' title='bbox 1511 4888 1561 4968; x_wconf 75' lang='lat' dir='ltr'><strong>si</strong></span> <span class='ocrx_word' id='word_1_623' title='bbox 1576 4883 1729 4968; x_wconf 80' lang='lat' dir='ltr'><strong>istud</strong></span> <span class='ocrx_word' id='word_1_624' title='bbox 1746 4886 1970 4968; x_wconf 70' lang='lat' dir='ltr'><strong>loquen-</strong></span> 
     </span>
    </p>
   </div>
   <div class='ocr_carea' id='block_1_85' title="bbox 386 4956 1970 5026">
    <p class='ocr_par' dir='ltr' id='par_1_85' title="bbox 386 4956 1970 5026">
     <span class='ocr_line' id='line_1_86' title="bbox 386 4956 1970 5026; baseline 0.003 -19"><span class='ocrx_word' id='word_1_625' title='bbox 386 4957 437 5010; x_wconf 84' lang='lat' dir='ltr'><strong>di</strong></span> <span class='ocrx_word' id='word_1_626' title='bbox 464 4972 632 5026; x_wconf 89' lang='lat' dir='ltr'><strong>genus</strong></span> <span class='ocrx_word' id='word_1_627' title='bbox 669 4956 944 5026; x_wconf 89' lang='lat' dir='ltr'><strong>quidpiam</strong></span> <span class='ocrx_word' id='word_1_628' title='bbox 971 4956 1198 5026; x_wconf 86' lang='lat' dir='ltr'><strong>haberet</strong></span> <span class='ocrx_word' id='word_1_629' title='bbox 1238 4956 1596 5026; x_wconf 86' lang='lat' dir='ltr'><strong>auctoritatis,</strong></span> <span class='ocrx_word' id='word_1_630' title='bbox 1621 4956 1848 5011; x_wconf 88' lang='lat' dir='ltr'><strong>multum</strong></span> <span class='ocrx_word' id='word_1_631' title='bbox 1872 4958 1970 5011; x_wconf 87' lang='lat' dir='ltr'><strong>de-</strong></span> 
     </span>
    </p>
   </div>
   <div class='ocr_carea' id='block_1_86' title="bbox 388 5025 1972 5109">
    <p class='ocr_par' dir='ltr' id='par_1_86' title="bbox 388 5025 1972 5109">
     <span class='ocr_line' id='line_1_87' title="bbox 388 5025 1972 5109; baseline 0.002 -30"><span class='ocrx_word' id='word_1_632' title='bbox 388 5025 630 5109; x_wconf 47' lang='lat' dir='ltr'><strong>trahere!</strong></span> <span class='ocrx_word' id='word_1_633' title='bbox 652 5025 717 5081; x_wconf 85' lang='lat' dir='ltr'><strong>de</strong></span> <span class='ocrx_word' id='word_1_634' title='bbox 741 5026 1008 5109; x_wconf 66' lang='lat' dir='ltr'><strong>dignitate</strong></span> <span class='ocrx_word' id='word_1_635' title='bbox 1024 5025 1538 5109; x_wconf 77' lang='lat' dir='ltr'><strong>episcopiRoniani,</strong></span> <span class='ocrx_word' id='word_1_636' title='bbox 1555 5041 1689 5109; x_wconf 51' lang='lat' dir='ltr'><strong>eum</strong></span> <span class='ocrx_word' id='word_1_637' title='bbox 1709 5042 1816 5109; x_wconf 85' lang='lat' dir='ltr'><strong>quo</strong></span> <span class='ocrx_word' id='word_1_638' title='bbox 1838 5043 1972 5109; x_wconf 75' lang='lat' dir='ltr'><strong>non-</strong></span> 
     </span>
    </p>
   </div>
   <div class='ocr_carea' id='block_1_87' title="bbox 388 5095 1970 5169">
    <p class='ocr_par' dir='ltr' id='par_1_87' title="bbox 388 5095 1970 5169">
     <span class='ocr_line' id='line_1_88' title="bbox 388 5095 1970 5169; baseline 0 -20"><span class='ocrx_word' id='word_1_639' title='bbox 388 5097 518 5169; x_wconf 74' lang='lat' dir='ltr'><strong>nulli</strong></span> <span class='ocrx_word' id='word_1_640' title='bbox 547 5098 784 5169; x_wconf 86' lang='lat' dir='ltr'><strong>episcopi</strong></span> <span class='ocrx_word' id='word_1_641' title='bbox 807 5095 962 5169; x_wconf 71' lang='lat' dir='ltr'><strong>paria</strong></span> <span class='ocrx_word' id='word_1_642' title='bbox 981 5095 1163 5150; x_wconf 87' lang='lat' dir='ltr'><strong>facere</strong></span> <span class='ocrx_word' id='word_1_643' title='bbox 1180 5095 1528 5169; x_wconf 54' lang='lat' dir='ltr'><strong>jiderentur.</strong></span> <span class='ocrx_word' id='word_1_644' title='bbox 1554 5095 1809 5169; x_wconf 77' lang='lat' dir='ltr'><strong>Sidonius</strong></span> <span class='ocrx_word' id='word_1_645' title='bbox 1824 5098 1970 5153; x_wconf 90' lang='lat' dir='ltr'><strong>enim</strong></span> 
     </span>
    </p>
   </div>
   <div class='ocr_carea' id='block_1_88' title="bbox 386 5165 1972 5239">
    <p class='ocr_par' dir='ltr' id='par_1_88' title="bbox 386 5165 1972 5239">
     <span class='ocr_line' id='line_1_89' title="bbox 386 5165 1972 5239; baseline 0.001 -19"><span class='ocrx_word' id='word_1_646' title='bbox 386 5166 528 5224; x_wconf 86' lang='lat' dir='ltr'><strong>libro</strong></span> <span class='ocrx_word' id='word_1_647' title='bbox 556 5165 635 5231; x_wconf 63' lang='lat' dir='ltr'><strong>vi,</strong></span> <span class='ocrx_word' id='word_1_648' title='bbox 664 5165 826 5239; x_wconf 60' lang='lat' dir='ltr'><strong>epist:</strong></span> <span class='ocrx_word' id='word_1_649' title='bbox 857 5167 910 5232; x_wconf 79' lang='lat' dir='ltr'><strong>l,</strong></span> <span class='ocrx_word' id='word_1_650' title='bbox 940 5165 1150 5237; x_wconf 88' lang='lat' dir='ltr'><strong>Lupum</strong></span> <span class='ocrx_word' id='word_1_651' title='bbox 1177 5166 1503 5239; x_wconf 83' lang='lat' dir='ltr'><strong>Trecensem</strong></span> <span class='ocrx_word' id='word_1_652' title='bbox 1538 5167 1850 5238; x_wconf 67' lang='lat' dir='ltr'><strong>episcolium</strong></span> <span class='ocrx_word' id='word_1_653' title='bbox 1876 5183 1972 5239; x_wconf 81' lang='lat' dir='ltr'><strong>vo-</strong></span> 
     </span>
    </p>
   </div>
   <div class='ocr_carea' id='block_1_89' title="bbox 387 5238 1972 5361">
    <p class='ocr_par' dir='ltr' id='par_1_89' title="bbox 387 5238 1972 5361">
     <span class='ocr_line' id='line_1_90' title="bbox 387 5238 1972 5361; baseline -0.001 -68"><span class='ocrx_word' id='word_1_654' title='bbox 387 5246 478 5293; x_wconf 88' lang='lat' dir='ltr'><strong>cat</strong></span> <span class='ocrx_word' id='word_1_655' title='bbox 519 5238 720 5308; x_wconf 86' lang='lat' dir='ltr'><strong>patrem</strong></span> <span class='ocrx_word' id='word_1_656' title='bbox 764 5246 998 5310; x_wconf 82' lang='lat' dir='ltr'><strong>patrum,</strong></span> <span class='ocrx_word' id='word_1_657' title='bbox 1057 5243 1113 5291; x_wconf 87' lang='lat' dir='ltr'><strong>et</strong></span> <span class='ocrx_word' id='word_1_658' title='bbox 1146 5238 1442 5361; x_wconf 61' lang='lat' dir='ltr'><strong>egiscopum</strong></span> <span class='ocrx_word' id='word_1_659' title='bbox 1491 5241 1871 5309; x_wconf 85' lang='lat' dir='ltr'><strong>episcoporum.</strong></span> <span class='ocrx_word' id='word_1_660' title='bbox 1905 5238 1972 5292; x_wconf 86' lang='lat' dir='ltr'><strong>Et</strong></span> 
     </span>
     <span class='ocr_line' id='line_1_91' title="bbox 388 5307 1967 5361; baseline 0 0"><span class='ocrx_word' id='word_1_661' title='bbox 388 5308 670 5361; x_wconf 85' lang='lat' dir='ltr'><strong>Ennodius</strong></span> <span class='ocrx_word' id='word_1_662' title='bbox 706 5309 800 5361; x_wconf 90' lang='lat' dir='ltr'><strong>lib.</strong></span> <span class='ocrx_word' id='word_1_663' title='bbox 841 5323 881 5361; x_wconf 81' lang='grc' dir='ltr'><strong>ι.</strong></span> <span class='ocrx_word' id='word_1_664' title='bbox 921 5322 1094 5361; x_wconf 89' lang='lat' dir='ltr'><strong>carm.</strong></span> <span class='ocrx_word' id='word_1_665' title='bbox 1138 5307 1162 5360; x_wconf 82' lang='grc'><strong>1</strong></span> <span class='ocrx_word' id='word_1_666' title='bbox 1213 5349 1227 5361; x_wconf 92' lang='grc'>.</span> <span class='ocrx_word' id='word_1_667' title='bbox 1257 5307 1604 5361; x_wconf 88' lang='lat' dir='ltr'><strong>Ambrosium</strong></span> <span class='ocrx_word' id='word_1_668' title='bbox 1652 5310 1967 5361; x_wconf 87' lang='lat' dir='ltr'><strong>cnisconum</strong></span> 
     </span>
    </p>
   </div>
   <div class='ocr_carea' id='block_1_90' title="bbox 388 5307 1967 5379">
    <p class='ocr_par' dir='ltr' id='par_1_90' title="bbox 388 5307 1967 5379">
     <span class='ocr_line' id='line_1_92' title="bbox 388 5307 1967 5379; baseline -0.001 -16"><span class='ocrx_word' id='word_1_669' title='bbox 388 5307 670 5379; x_wconf 69' lang='lat' dir='ltr'><strong>Ennodius</strong></span> <span class='ocrx_word' id='word_1_670' title='bbox 706 5307 800 5363; x_wconf 86' lang='lat' dir='ltr'><strong>lib.</strong></span> <span class='ocrx_word' id='word_1_671' title='bbox 841 5323 881 5374; x_wconf 83' lang='grc' dir='ltr'><strong>ι,</strong></span> <span class='ocrx_word' id='word_1_672' title='bbox 921 5322 1094 5362; x_wconf 89' lang='lat' dir='ltr'><strong>carm.</strong></span> <span class='ocrx_word' id='word_1_673' title='bbox 1138 5307 1227 5374; x_wconf 76' lang='lat' dir='ltr'><strong>l5,</strong></span> <span class='ocrx_word' id='word_1_674' title='bbox 1257 5307 1604 5379; x_wconf 85' lang='lat' dir='ltr'><strong>Ambrosium</strong></span> <span class='ocrx_word' id='word_1_675' title='bbox 1652 5307 1967 5379; x_wconf 84' lang='lat' dir='ltr'><strong>episcopum</strong></span> 
     </span>
    </p>
   </div>
   <div class='ocr_carea' id='block_1_91' title="bbox 389 5377 1967 5447">
    <p class='ocr_par' dir='ltr' id='par_1_91' title="bbox 389 5377 1967 5447">
     <span class='ocr_line' id='line_1_93' title="bbox 389 5377 1967 5447; baseline 0 -15"><span class='ocrx_word' id='word_1_676' title='bbox 389 5377 846 5434; x_wconf 73' lang='lat' dir='ltr'><strong>Iediolanensem</strong></span> <span class='ocrx_word' id='word_1_677' title='bbox 869 5386 1029 5433; x_wconf 88' lang='lat' dir='ltr'><strong>vocat</strong></span> <span class='ocrx_word' id='word_1_678' title='bbox 1049 5387 1309 5447; x_wconf 85' lang='lat' dir='ltr'><strong>pastorem</strong></span> <span class='ocrx_word' id='word_1_679' title='bbox 1340 5378 1657 5431; x_wconf 89' lang='lat' dir='ltr'><strong>antistitum.</strong></span> <span class='ocrx_word' id='word_1_680' title='bbox 1686 5377 1759 5434; x_wconf 85' lang='lat' dir='ltr'><strong>Et</strong></span> <span class='ocrx_word' id='word_1_681' title='bbox 1784 5377 1967 5433; x_wconf 80' lang='lat' dir='ltr'><strong>tamen</strong></span> 
     </span>
    </p>
   </div>
   <div class='ocr_carea' id='block_1_92' title="bbox 387 5446 1970 5519">
    <p class='ocr_par' dir='ltr' id='par_1_92' title="bbox 387 5446 1970 5519">
     <span class='ocr_line' id='line_1_94' title="bbox 387 5446 1970 5519; baseline -0.001 -15"><span class='ocrx_word' id='word_1_682' title='bbox 387 5464 551 5519; x_wconf 78' lang='lat' dir='ltr'><strong>nemo</strong></span> <span class='ocrx_word' id='word_1_683' title='bbox 572 5449 774 5504; x_wconf 80' lang='lat' dir='ltr'><strong>dixerit</strong></span> <span class='ocrx_word' id='word_1_684' title='bbox 808 5446 1096 5519; x_wconf 85' lang='lat' dir='ltr'><strong>pontiﬁces</strong></span> <span class='ocrx_word' id='word_1_685' title='bbox 1119 5446 1412 5519; x_wconf 74' lang='lat' dir='ltr'><strong>Romanos,</strong></span> <span class='ocrx_word' id='word_1_686' title='bbox 1452 5448 1544 5518; x_wconf 92' lang='lat' dir='ltr'><strong>qui</strong></span> <span class='ocrx_word' id='word_1_687' title='bbox 1576 5448 1709 5519; x_wconf 87' lang='lat' dir='ltr'><strong>Lupi</strong></span> <span class='ocrx_word' id='word_1_688' title='bbox 1759 5458 1814 5505; x_wconf 91' lang='lat' dir='ltr'><strong>et</strong></span> <span class='ocrx_word' id='word_1_689' title='bbox 1840 5448 1970 5503; x_wconf 87' lang='lat' dir='ltr'><strong>Am—</strong></span> 
     </span>
    </p>
   </div>
   <div class='ocr_carea' id='block_1_93' title="bbox 389 5516 1970 5589">
    <p class='ocr_par' dir='ltr' id='par_1_93' title="bbox 389 5516 1970 5589">
     <span class='ocr_line' id='line_1_95' title="bbox 389 5516 1970 5589; baseline 0.001 -17"><span class='ocrx_word' id='word_1_690' title='bbox 389 5516 559 5575; x_wconf 84' lang='lat' dir='ltr'><strong>brosii</strong></span> <span class='ocrx_word' id='word_1_691' title='bbox 614 5534 732 5575; x_wconf 80' lang='lat' dir='ltr'><strong>:evo</strong></span> <span class='ocrx_word' id='word_1_692' title='bbox 779 5516 1098 5589; x_wconf 74' lang='lat' dir='ltr'><strong>ﬂoruerunt,</strong></span> <span class='ocrx_word' id='word_1_693' title='bbox 1152 5517 1305 5589; x_wconf 81' lang='lat' dir='ltr'><strong>Lupo</strong></span> <span class='ocrx_word' id='word_1_694' title='bbox 1351 5516 1748 5589; x_wconf 75' lang='lat' dir='ltr'><strong>Ambrosioque</strong></span> <span class='ocrx_word' id='word_1_695' title='bbox 1802 5519 1970 5574; x_wconf 89' lang='lat' dir='ltr'><strong>fuisse</strong></span> 
     </span>
    </p>
   </div>
   <div class='ocr_carea' id='block_1_94' title="bbox 389 5588 1970 5661">
    <p class='ocr_par' dir='ltr' id='par_1_94' title="bbox 389 5588 1970 5661">
     <span class='ocr_line' id='line_1_96' title="bbox 389 5588 1970 5661; baseline -0.001 -16"><span class='ocrx_word' id='word_1_696' title='bbox 389 5589 687 5661; x_wconf 78' lang='lat' dir='ltr'><strong>subjectos.</strong></span> <span class='ocrx_word' id='word_1_697' title='bbox 727 5589 869 5657; x_wconf 90' lang='lat' dir='ltr'><strong>Quin</strong></span> <span class='ocrx_word' id='word_1_698' title='bbox 915 5597 971 5644; x_wconf 88' lang='lat' dir='ltr'><strong>et</strong></span> <span class='ocrx_word' id='word_1_699' title='bbox 1019 5588 1252 5645; x_wconf 82' lang='lat' dir='ltr'><strong>Carolus</strong></span> <span class='ocrx_word' id='word_1_700' title='bbox 1298 5589 1435 5661; x_wconf 78' lang='lat' dir='ltr'><strong>ipse_</strong></span> <span class='ocrx_word' id='word_1_701' title='bbox 1464 5588 1689 5661; x_wconf 78' lang='lat' dir='ltr'><strong>Magnus</strong></span> <span class='ocrx_word' id='word_1_702' title='bbox 1744 5597 1970 5661; x_wconf 83' lang='lat' dir='ltr'><strong>vocatur</strong></span> 
     </span>
    </p>
   </div>
   <div class='ocr_carea' id='block_1_95' title="bbox 388 5657 1969 5731">
    <p class='ocr_par' dir='ltr' id='par_1_95' title="bbox 388 5657 1969 5731">
     <span class='ocr_line' id='line_1_97' title="bbox 388 5657 1969 5731; baseline -0.001 -15"><span class='ocrx_word' id='word_1_703' title='bbox 680 5660 1036 5731; x_wconf 83' lang='lat' dir='ltr'><strong>episcoporum</strong></span> <span class='ocrx_word' id='word_1_704' title='bbox 1060 5675 1090 5714; x_wconf 89' lang='lat' dir='ltr'><strong>a</strong></span> <span class='ocrx_word' id='word_1_705' title='bbox 1116 5660 1384 5731; x_wconf 79' lang='lat' dir='ltr'><strong>monacho</strong></span> <span class='ocrx_word' id='word_1_706' title='bbox 1404 5657 1738 5731; x_wconf 72' lang='lat' dir='ltr'><strong>Sangallensi</strong></span> <span class='ocrx_word' id='word_1_707' title='bbox 1763 5660 1814 5731; x_wconf 91' lang='lat' dir='ltr'><strong>in</strong></span> <span class='ocrx_word' id='word_1_708' title='bbox 1833 5659 1969 5714; x_wconf 91' lang='lat' dir='ltr'><strong>libro</strong></span> 
     </span>
    </p>
   </div>
   <div class='ocr_carea' id='block_1_96' title="bbox 388 5727 1963 5805">
    <p class='ocr_par' dir='ltr' id='par_1_96' title="bbox 388 5727 1963 5805">
     <span class='ocr_line' id='line_1_98' title="bbox 388 5727 1963 5805; baseline -0.001 -20"><span class='ocrx_word' id='word_1_709' title='bbox 388 5727 575 5805; x_wconf 79' lang='lat' dir='ltr'><strong>primo</strong></span> <span class='ocrx_word' id='word_1_710' title='bbox 603 5730 671 5789; x_wconf 87' lang='lat' dir='ltr'><strong>de</strong></span> <span class='ocrx_word' id='word_1_711' title='bbox 709 5727 1088 5787; x_wconf 82' lang='lat' dir='ltr'><strong>Ecclesiastica</strong></span> <span class='ocrx_word' id='word_1_712' title='bbox 1131 5727 1272 5785; x_wconf 87' lang='lat' dir='ltr'><strong>Cura</strong></span> <span class='ocrx_word' id='word_1_713' title='bbox 1328 5727 1568 5799; x_wconf 79' lang='lat' dir='ltr'><strong>ejusdem</strong></span> <span class='ocrx_word' id='word_1_714' title='bbox 1619 5729 1797 5786; x_wconf 83' lang='lat' dir='ltr'><strong>Caroli</strong></span> <span class='ocrx_word' id='word_1_715' title='bbox 1842 5745 1963 5801; x_wconf 87' lang='lat' dir='ltr'><strong>cap.</strong></span> 
     </span>
    </p>
   </div>
   <div class='ocr_carea' id='block_1_97' title="bbox 2060 2568 3643 2642">
    <p class='ocr_par' dir='ltr' id='par_1_97' title="bbox 2060 2568 3643 2642">
     <span class='ocr_line' id='line_1_99' title="bbox 2060 2568 3643 2642; baseline -0.003 -12"><span class='ocrx_word' id='word_1_716' title='bbox 2060 2575 2151 2630; x_wconf 76' lang='lat'><strong>27.</strong></span> <span class='ocrx_word' id='word_1_717' title='bbox 2184 2574 2254 2629; x_wconf 87' lang='lat' dir='ltr'><strong>Et</strong></span> <span class='ocrx_word' id='word_1_718' title='bbox 2281 2572 2528 2642; x_wconf 86' lang='lat' dir='ltr'><strong>Edgarus</strong></span> <span class='ocrx_word' id='word_1_719' title='bbox 2567 2568 2774 2639; x_wconf 66' lang='lat' dir='ltr'><strong>Anglias</strong></span> <span class='ocrx_word' id='word_1_720' title='bbox 2804 2584 2923 2635; x_wconf 83' lang='lat' dir='ltr'><strong>rex,</strong></span> <span class='ocrx_word' id='word_1_721' title='bbox 2952 2569 3042 2642; x_wconf 88' lang='lat' dir='ltr'><strong>qui</strong></span> <span class='ocrx_word' id='word_1_722' title='bbox 3072 2570 3643 2642; x_wconf 26' lang='lat' dir='ltr'><strong>anno‘966_vivebat,</strong></span> 
     </span>
    </p>
   </div>
   <div class='ocr_carea' id='block_1_98' title="bbox 2058 2639 3645 2717">
    <p class='ocr_par' dir='ltr' id='par_1_98' title="bbox 2058 2639 3645 2717">
     <span class='ocr_line' id='line_1_100' title="bbox 2058 2639 3645 2717; baseline -0.002 -19"><span class='ocrx_word' id='word_1_723' title='bbox 2058 2654 2242 2717; x_wconf 75' lang='lat' dir='ltr'><strong>pasth</strong></span> <span class='ocrx_word' id='word_1_724' title='bbox 2257 2639 2527 2713; x_wconf 67' lang='lat' dir='ltr'><strong>pastorum</strong></span> <span class='ocrx_word' id='word_1_725' title='bbox 2561 2649 2784 2717; x_wconf 69' lang='lat' dir='ltr'><strong>vocatur</strong></span> <span class='ocrx_word' id='word_1_726' title='bbox 2803 2640 3065 2717; x_wconf 45' lang='lat' dir='ltr'><strong>ahsyuoilo</strong></span> <span class='ocrx_word' id='word_1_727' title='bbox 3091 2639 3414 2717; x_wconf 70' lang='lat' dir='ltr'><strong>provinciali</strong></span> <span class='ocrx_word' id='word_1_728' title='bbox 3438 2640 3645 2717; x_wconf 62' lang='lat' dir='ltr'><strong>Anglia:</strong></span> 
     </span>
    </p>
   </div>
   <div class='ocr_carea' id='block_1_99' title="bbox 2059 2708 3640 2780">
    <p class='ocr_par' dir='ltr' id='par_1_99' title="bbox 2059 2708 3640 2780">
     <span class='ocr_line' id='line_1_101' title="bbox 2059 2708 3640 2780; baseline -0.003 -11"><span class='ocrx_word' id='word_1_729' title='bbox 2059 2708 2161 2770; x_wconf 75' lang='lat' dir='ltr'><strong>sub</strong></span> <span class='ocrx_word' id='word_1_730' title='bbox 2190 2708 2469 2767; x_wconf 85' lang='lat' dir='ltr'><strong>Dunstano</strong></span> <span class='ocrx_word' id='word_1_731' title='bbox 2507 2709 2801 2764; x_wconf 90' lang='lat' dir='ltr'><strong>celebrata.</strong></span> <span class='ocrx_word' id='word_1_732' title='bbox 2834 2708 2926 2763; x_wconf 88' lang='lat' dir='ltr'><strong>Sic</strong></span> <span class='ocrx_word' id='word_1_733' title='bbox 2966 2709 3232 2780; x_wconf 79' lang='lat' dir='ltr'><strong>Eusebius</strong></span> <span class='ocrx_word' id='word_1_734' title='bbox 3260 2710 3313 2763; x_wconf 92' lang='lat' dir='ltr'><strong>in</strong></span> <span class='ocrx_word' id='word_1_735' title='bbox 3360 2710 3501 2766; x_wconf 84' lang='lat' dir='ltr'><strong>libro</strong></span> <span class='ocrx_word' id='word_1_736' title='bbox 3524 2708 3640 2780; x_wconf 75' lang='lat' dir='ltr'><strong>pri-</strong></span> 
     </span>
    </p>
   </div>
   <div class='ocr_carea' id='block_1_100' title="bbox 2059 2777 3645 2849">
    <p class='ocr_par' dir='ltr' id='par_1_100' title="bbox 2059 2777 3645 2849">
     <span class='ocr_line' id='line_1_102' title="bbox 2059 2777 3645 2849; baseline -0.004 -8"><span class='ocrx_word' id='word_1_737' title='bbox 2059 2799 2151 2840; x_wconf 92' lang='lat' dir='ltr'><strong>mo</strong></span> <span class='ocrx_word' id='word_1_738' title='bbox 2184 2784 2253 2839; x_wconf 90' lang='lat' dir='ltr'><strong>de</strong></span> <span class='ocrx_word' id='word_1_739' title='bbox 2286 2782 2404 2838; x_wconf 86' lang='lat' dir='ltr'><strong>Vita</strong></span> <span class='ocrx_word' id='word_1_740' title='bbox 2441 2779 2808 2844; x_wconf 79' lang='lat' dir='ltr'><strong>Constantini,</strong></span> <span class='ocrx_word' id='word_1_741' title='bbox 2835 2794 2955 2849; x_wconf 89' lang='lat' dir='ltr'><strong>cap.</strong></span> <span class='ocrx_word' id='word_1_742' title='bbox 2986 2779 3079 2843; x_wconf 71' lang='lat'><strong>44,</strong></span> <span class='ocrx_word' id='word_1_743' title='bbox 3111 2777 3645 2849; x_wconf 45' lang='lat' dir='ltr'><strong>Constantinum—vo—</strong></span> 
     </span>
    </p>
   </div>
   <div class='ocr_carea' id='block_1_101' title="bbox 2056 2848 3639 2920">
    <p class='ocr_par' dir='ltr' id='par_1_101' title="bbox 2056 2848 3639 2920">
     <span class='ocr_line' id='line_1_103' title="bbox 2056 2848 3639 2920; baseline -0.004 -10"><span class='ocrx_word' id='word_1_744' title='bbox 2056 2862 2147 2910; x_wconf 85' lang='lat' dir='ltr'><strong>cat</strong></span> <span class='ocrx_word' id='word_1_745' title='bbox 2182 2866 2510 2908; x_wconf 85' lang='lat' dir='ltr'><strong>communem</strong></span> <span class='ocrx_word' id='word_1_746' title='bbox 2560 2850 2794 2904; x_wconf 87' lang='lat' dir='ltr'><strong>omnium</strong></span> <span class='ocrx_word' id='word_1_747' title='bbox 2831 2848 3143 2920; x_wconf 77' lang='lat' dir='ltr'><strong>episcopum</strong></span> <span class='ocrx_word' id='word_1_748' title='bbox 3165 2857 3269 2920; x_wconf 12' lang='lat' dir='ltr'><strong>;ret</strong></span> <span class='ocrx_word' id='word_1_749' title='bbox 3314 2848 3639 2920; x_wconf 84' lang='lat' dir='ltr'><strong>Clodoveum</strong></span> 
     </span>
    </p>
   </div>
   <div class='ocr_carea' id='block_1_102' title="bbox 2064 2917 3646 3007">
    <p class='ocr_par' dir='ltr' id='par_1_102' title="bbox 2064 2917 3646 3007">
     <span class='ocr_line' id='line_1_104' title="bbox 2064 2917 3646 3007; baseline -0.002 -29"><span class='ocrx_word' id='word_1_750' title='bbox 2064 2939 2282 3007; x_wconf 83' lang='lat' dir='ltr'><strong>regem,</strong></span> <span class='ocrx_word' id='word_1_751' title='bbox 2316 2920 2602 3007; x_wconf 37' lang='lat' dir='ltr'><strong>regionum.</strong></span> <span class='ocrx_word' id='word_1_752' title='bbox 2644 2917 2945 3000; x_wconf 58' lang='lat' dir='ltr'><strong>prasulein.</strong></span> <span class='ocrx_word' id='word_1_753' title='bbox 2992 2917 3272 3007; x_wconf 70' lang='lat' dir='ltr'><strong>Remigius</strong></span> <span class='ocrx_word' id='word_1_754' title='bbox 3323 2919 3646 3007; x_wconf 66' lang='lat' dir='ltr'><strong>Rhemensis</strong></span> 
     </span>
    </p>
   </div>
   <div class='ocr_carea' id='block_1_103' title="bbox 2065 2988 3648 3076">
    <p class='ocr_par' dir='ltr' id='par_1_103' title="bbox 2065 2988 3648 3076">
     <span class='ocr_line' id='line_1_105' title="bbox 2065 2988 3648 3076; baseline -0.004 -26"><span class='ocrx_word' id='word_1_755' title='bbox 2065 2988 2355 3076; x_wconf 75' lang='lat' dir='ltr'><strong>episcopus</strong></span> <span class='ocrx_word' id='word_1_756' title='bbox 2376 2988 2401 3043; x_wconf 72' lang='grc' dir='ltr'>ἐ</span> <span class='ocrx_word' id='word_1_757' title='bbox 2429 3005 2568 3076; x_wconf 80' lang='lat' dir='ltr'><strong>quos</strong></span> <span class='ocrx_word' id='word_1_758' title='bbox 2588 2988 2771 3076; x_wconf 75' lang='lat' dir='ltr'><strong>tamen</strong></span> <span class='ocrx_word' id='word_1_759' title='bbox 2793 2990 3077 3076; x_wconf 69' lang='lat' dir='ltr'><strong>episcopos</strong></span> <span class='ocrx_word' id='word_1_760' title='bbox 3103 2988 3267 3076; x_wconf 61' lang='lat' dir='ltr'><strong>fuisse</strong></span> <span class='ocrx_word' id='word_1_761' title='bbox 3286 2990 3486 3072; x_wconf 71' lang='lat' dir='ltr'><strong>itemini</strong></span> <span class='ocrx_word' id='word_1_762' title='bbox 3517 2992 3648 3076; x_wconf 68' lang='lat' dir='ltr'><strong>hae-</strong></span> 
     </span>
    </p>
   </div>
   <div class='ocr_carea' id='block_1_104' title="bbox 2065 3058 3647 3127">
    <p class='ocr_par' dir='ltr' id='par_1_104' title="bbox 2065 3058 3647 3127">
     <span class='ocr_line' id='line_1_106' title="bbox 2065 3058 3647 3127; baseline -0.003 -6"><span class='ocrx_word' id='word_1_763' title='bbox 2065 3058 2225 3120; x_wconf 88' lang='lat' dir='ltr'><strong>ténus</strong></span> <span class='ocrx_word' id='word_1_764' title='bbox 2254 3058 2310 3117; x_wconf 86' lang='lat' dir='ltr'><strong>in</strong></span> <span class='ocrx_word' id='word_1_765' title='bbox 2340 3058 2576 3116; x_wconf 87' lang='lat' dir='ltr'><strong>mentem</strong></span> <span class='ocrx_word' id='word_1_766' title='bbox 2601 3059 2768 3113; x_wconf 88' lang='lat' dir='ltr'><strong>venit.</strong></span> <span class='ocrx_word' id='word_1_767' title='bbox 2796 3058 2972 3127; x_wconf 80' lang='lat' dir='ltr'><strong>Atque</strong></span> <span class='ocrx_word' id='word_1_768' title='bbox 3020 3058 3072 3113; x_wconf 92' lang='lat' dir='ltr'><strong>id</strong></span> <span class='ocrx_word' id='word_1_769' title='bbox 3102 3059 3223 3113; x_wconf 91' lang='lat' dir='ltr'><strong>ideo</strong></span> <span class='ocrx_word' id='word_1_770' title='bbox 3247 3060 3421 3114; x_wconf 87' lang='lat' dir='ltr'><strong>visum</strong></span> <span class='ocrx_word' id='word_1_771' title='bbox 3446 3070 3530 3116; x_wconf 88' lang='lat' dir='ltr'><strong>est</strong></span> <span class='ocrx_word' id='word_1_772' title='bbox 3553 3060 3647 3116; x_wconf 86' lang='lat' dir='ltr'><strong>ad-</strong></span> 
     </span>
    </p>
   </div>
   <div class='ocr_carea' id='block_1_105' title="bbox 2063 3128 3648 3202">
    <p class='ocr_par' dir='ltr' id='par_1_105' title="bbox 2063 3128 3648 3202">
     <span class='ocr_line' id='line_1_107' title="bbox 2063 3128 3648 3202; baseline -0.003 -12"><span class='ocrx_word' id='word_1_773' title='bbox 2063 3143 2276 3199; x_wconf 87' lang='lat' dir='ltr'><strong>notare,</strong></span> <span class='ocrx_word' id='word_1_774' title='bbox 2299 3141 2362 3188; x_wconf 89' lang='lat' dir='ltr'><strong>ut</strong></span> <span class='ocrx_word' id='word_1_775' title='bbox 2386 3131 2607 3202; x_wconf 87' lang='lat' dir='ltr'><strong>planum</strong></span> <span class='ocrx_word' id='word_1_776' title='bbox 2638 3129 2897 3202; x_wconf 72' lang='lat' dir='ltr'><strong>omnibus</strong></span> <span class='ocrx_word' id='word_1_777' title='bbox 2914 3128 3069 3202; x_wconf 83' lang='lat' dir='ltr'><strong>ﬁeret</strong></span> <span class='ocrx_word' id='word_1_778' title='bbox 3103 3145 3337 3202; x_wconf 78' lang='lat' dir='ltr'><strong>quonam</strong></span> <span class='ocrx_word' id='word_1_779' title='bbox 3361 3132 3522 3202; x_wconf 78' lang='lat' dir='ltr'><strong>modo</strong></span> <span class='ocrx_word' id='word_1_780' title='bbox 3552 3146 3648 3186; x_wconf 88' lang='lat' dir='ltr'><strong>ao-</strong></span> 
     </span>
    </p>
   </div>
   <div class='ocr_carea' id='block_1_106' title="bbox 2060 3198 3645 3277">
    <p class='ocr_par' dir='ltr' id='par_1_106' title="bbox 2060 3198 3645 3277">
     <span class='ocr_line' id='line_1_108' title="bbox 2060 3198 3645 3277; baseline -0.002 -16"><span class='ocrx_word' id='word_1_781' title='bbox 2060 3198 2310 3277; x_wconf 90' lang='lat' dir='ltr'><strong>cipienda</strong></span> <span class='ocrx_word' id='word_1_782' title='bbox 2342 3198 2454 3277; x_wconf 68' lang='lat' dir='ltr'><strong>sint</strong></span> <span class='ocrx_word' id='word_1_783' title='bbox 2477 3201 2645 3277; x_wconf 78' lang='lat' dir='ltr'><strong>verba</strong></span> <span class='ocrx_word' id='word_1_784' title='bbox 2674 3198 2993 3277; x_wconf 69' lang='lat' dir='ltr'><strong>Teriuiiiani</strong></span> <span class='ocrx_word' id='word_1_785' title='bbox 3028 3214 3091 3254; x_wconf 90' lang='lat' dir='ltr'><strong>ac</strong></span> <span class='ocrx_word' id='word_1_786' title='bbox 3125 3199 3400 3271; x_wconf 80' lang='lat' dir='ltr'><strong>Cypriani.</strong></span> <span class='ocrx_word' id='word_1_787' title='bbox 3435 3200 3645 3259; x_wconf 81' lang='lat' dir='ltr'><strong>Littera</strong></span> 
     </span>
    </p>
   </div>
   <div class='ocr_carea' id='block_1_107' title="bbox 2060 3269 3005 3341">
    <p class='ocr_par' dir='ltr' id='par_1_107' title="bbox 2060 3269 3005 3341">
     <span class='ocr_line' id='line_1_109' title="bbox 2060 3269 3005 3341; baseline -0.008 -9"><span class='ocrx_word' id='word_1_788' title='bbox 2060 3269 2207 3331; x_wconf 70' lang='lat' dir='ltr'><strong>enim</strong></span> <span class='ocrx_word' id='word_1_789' title='bbox 2239 3273 2462 3336; x_wconf 90' lang='lat' dir='ltr'><strong>occidit,</strong></span> <span class='ocrx_word' id='word_1_790' title='bbox 2500 3270 2724 3341; x_wconf 91' lang='lat' dir='ltr'><strong>spiritus</strong></span> <span class='ocrx_word' id='word_1_791' title='bbox 2746 3269 3005 3341; x_wconf 80' lang='lat' dir='ltr'><strong>viviﬁcat.</strong></span> 
     </span>
    </p>
   </div>
   <div class='ocr_carea' id='block_1_108' title="bbox 2134 3340 3644 3413">
    <p class='ocr_par' dir='ltr' id='par_1_108' title="bbox 2134 3340 3644 3413">
     <span class='ocr_line' id='line_1_110' title="bbox 2134 3340 3644 3413; baseline -0.001 -14"><span class='ocrx_word' id='word_1_792' title='bbox 2134 3360 2157 3388; x_wconf 75' lang='grc' dir='ltr'><strong>ο</strong></span> <span class='ocrx_word' id='word_1_793' title='bbox 2190 3345 2266 3399; x_wconf 79' lang='lat' dir='ltr'><strong>Ab</strong></span> <span class='ocrx_word' id='word_1_794' title='bbox 2297 3341 2391 3397; x_wconf 88' lang='lat' dir='ltr'><strong>illo</strong></span> <span class='ocrx_word' id='word_1_795' title='bbox 2419 3342 2510 3413; x_wconf 88' lang='lat' dir='ltr'><strong>qui</strong></span> <span class='ocrx_word' id='word_1_796' title='bbox 2534 3340 2757 3413; x_wconf 76' lang='lat' dir='ltr'><strong>sedetin</strong></span> <span class='ocrx_word' id='word_1_797' title='bbox 2782 3340 2938 3413; x_wconf 81' lang='lat' dir='ltr'><strong>solio,</strong></span> <span class='ocrx_word' id='word_1_798' title='bbox 2956 3340 3020 3413; x_wconf 88' lang='lat' dir='ltr'><strong>id</strong></span> <span class='ocrx_word' id='word_1_799' title='bbox 3046 3349 3153 3413; x_wconf 80' lang='lat' dir='ltr'><strong>est,</strong></span> <span class='ocrx_word' id='word_1_800' title='bbox 3193 3340 3488 3413; x_wconf 28' lang='lat' dir='ltr'><strong>episcopou</strong></span> <span class='ocrx_word' id='word_1_801' title='bbox 3508 3340 3644 3413; x_wconf 83' lang='lat' dir='ltr'><strong>Nam</strong></span> 
     </span>
    </p>
   </div>
   <div class='ocr_carea' id='block_1_109' title="bbox 2062 3409 3644 3477">
    <p class='ocr_par' dir='ltr' id='par_1_109' title="bbox 2062 3409 3644 3477">
     <span class='ocr_line' id='line_1_111' title="bbox 2062 3409 3644 3477; baseline -0.003 -6"><span class='ocrx_word' id='word_1_802' title='bbox 2062 3417 2109 3472; x_wconf 90' lang='lat' dir='ltr'><strong>is</strong></span> <span class='ocrx_word' id='word_1_803' title='bbox 2156 3417 2210 3470; x_wconf 88' lang='lat' dir='ltr'><strong>in</strong></span> <span class='ocrx_word' id='word_1_804' title='bbox 2243 3409 2442 3469; x_wconf 82' lang='lat' dir='ltr'><strong>throno</strong></span> <span class='ocrx_word' id='word_1_805' title='bbox 2484 3411 2637 3466; x_wconf 89' lang='lat' dir='ltr'><strong>sedet</strong></span> <span class='ocrx_word' id='word_1_806' title='bbox 2682 3410 2735 3464; x_wconf 93' lang='lat' dir='ltr'><strong>in</strong></span> <span class='ocrx_word' id='word_1_807' title='bbox 2772 3409 3024 3477; x_wconf 88' lang='lat' dir='ltr'><strong>ecclesia,</strong></span> <span class='ocrx_word' id='word_1_808' title='bbox 3068 3411 3119 3464; x_wconf 89' lang='lat' dir='ltr'><strong>id</strong></span> <span class='ocrx_word' id='word_1_809' title='bbox 3148 3409 3249 3472; x_wconf 71' lang='lat' dir='ltr'><strong>est,</strong></span> <span class='ocrx_word' id='word_1_810' title='bbox 3287 3411 3341 3465; x_wconf 92' lang='lat' dir='ltr'><strong>in</strong></span> <span class='ocrx_word' id='word_1_811' title='bbox 3378 3409 3644 3467; x_wconf 81' lang='lat' dir='ltr'><strong>cathedra</strong></span> 
     </span>
    </p>
   </div>
   <div class='ocr_carea' id='block_1_110' title="bbox 2064 3480 3645 3563">
    <p class='ocr_par' dir='ltr' id='par_1_110' title="bbox 2064 3480 3645 3563">
     <span class='ocr_line' id='line_1_112' title="bbox 2064 3480 3645 3563; baseline -0.004 -22"><span class='ocrx_word' id='word_1_812' title='bbox 2064 3487 2400 3541; x_wconf 88' lang='lat' dir='ltr'><strong>sublimiore.</strong></span> <span class='ocrx_word' id='word_1_813' title='bbox 2432 3483 2520 3563; x_wconf 45' lang='lat' dir='ltr'><strong>Et&quot;</strong></span> <span class='ocrx_word' id='word_1_814' title='bbox 2527 3481 2844 3563; x_wconf 69' lang='lat' dir='ltr'><strong>cathedram</strong></span> <span class='ocrx_word' id='word_1_815' title='bbox 2878 3480 3025 3535; x_wconf 90' lang='lat' dir='ltr'><strong>illam</strong></span> <span class='ocrx_word' id='word_1_816' title='bbox 3062 3480 3645 3563; x_wconf 41' lang='lat' dir='ltr'><strong>episcopalem-solium</strong></span> 
     </span>
    </p>
   </div>
   <div class='ocr_carea' id='block_1_111' title="bbox 2062 3548 3647 3627">
    <p class='ocr_par' dir='ltr' id='par_1_111' title="bbox 2062 3548 3647 3627">
     <span class='ocr_line' id='line_1_113' title="bbox 2062 3548 3647 3627; baseline -0.004 -15"><span class='ocrx_word' id='word_1_817' title='bbox 2062 3562 2461 3627; x_wconf 79' lang='lat' dir='ltr'><strong>quoquevocat</strong></span> <span class='ocrx_word' id='word_1_818' title='bbox 2489 3551 2759 3627; x_wconf 84' lang='lat' dir='ltr'><strong>Sulpicius</strong></span> <span class='ocrx_word' id='word_1_819' title='bbox 2789 3548 3025 3627; x_wconf 85' lang='lat' dir='ltr'><strong>Severus</strong></span> <span class='ocrx_word' id='word_1_820' title='bbox 3064 3548 3324 3627; x_wconf 80' lang='lat' dir='ltr'><strong>i_n__capite</strong></span> <span class='ocrx_word' id='word_1_821' title='bbox 3356 3551 3647 3627; x_wconf 72' lang='lat' dir='ltr'><strong>primose-</strong></span> 
     </span>
    </p>
   </div>
   <div class='ocr_carea' id='block_1_112' title="bbox 2061 3621 3645 3707">
    <p class='ocr_par' dir='ltr' id='par_1_112' title="bbox 2061 3621 3645 3707">
     <span class='ocr_line' id='line_1_114' title="bbox 2061 3621 3645 3707; baseline -0.006 -25"><span class='ocrx_word' id='word_1_822' title='bbox 2061 3621 2221 3683; x_wconf 74' lang='lat' dir='ltr'><strong>eundi</strong></span> <span class='ocrx_word' id='word_1_823' title='bbox 2256 3624 2455 3707; x_wconf 81' lang='lat' dir='ltr'><strong>dialogi</strong></span> <span class='ocrx_word' id='word_1_824' title='bbox 2483 3662 2499 3689; x_wconf 95' lang='lat'><strong>,</strong></span> <span class='ocrx_word' id='word_1_825' title='bbox 2529 3621 2833 3703; x_wconf 46' lang='lat' dir='ltr'><strong>au&#39;gepdam</strong></span> <span class='ocrx_word' id='word_1_826' title='bbox 2862 3623 2931 3677; x_wconf 87' lang='lat' dir='ltr'><strong>ad</strong></span> <span class='ocrx_word' id='word_1_827' title='bbox 2980 3621 3271 3707; x_wconf 34' lang='lat' dir='ltr'><strong>invidiam;</strong></span> <span class='ocrx_word' id='word_1_828' title='bbox 3295 3639 3313 3671; x_wconf 75' lang='grc' dir='ltr'>ι</span> <span class='ocrx_word' id='word_1_829' title='bbox 3348 3621 3645 3707; x_wconf 68' lang='lat' dir='ltr'><strong>Qiielttdam</strong></span> 
     </span>
    </p>
   </div>
   <div class='ocr_carea' id='block_1_113' title="bbox 2063 3691 3649 3766">
    <p class='ocr_par' dir='ltr' id='par_1_113' title="bbox 2063 3691 3649 3766">
     <span class='ocr_line' id='line_1_115' title="bbox 2063 3691 3649 3766; baseline -0.005 -14"><span class='ocrx_word' id='word_1_830' title='bbox 2063 3712 2256 3766; x_wconf 89' lang='lat' dir='ltr'><strong>nuper,</strong></span> <span class='ocrx_word' id='word_1_831' title='bbox 2281 3691 2480 3765; x_wconf 80' lang='lat' dir='ltr'><strong>inquit,</strong></span> <span class='ocrx_word' id='word_1_832' title='bbox 2508 3691 2627 3766; x_wconf 65' lang='lat' dir='ltr'><strong>non</strong></span> <span class='ocrx_word' id='word_1_833' title='bbox 2644 3692 3147 3766; x_wconf 74' lang='lat' dir='ltr'><strong>sinemeopudore</strong></span> <span class='ocrx_word' id='word_1_834' title='bbox 3163 3692 3297 3755; x_wconf 90' lang='lat' dir='ltr'><strong>vidi,</strong></span> <span class='ocrx_word' id='word_1_835' title='bbox 3321 3691 3540 3766; x_wconf 77' lang='lat' dir='ltr'><strong>sublimi</strong></span> <span class='ocrx_word' id='word_1_836' title='bbox 3562 3706 3649 3744; x_wconf 89' lang='lat' dir='ltr'><strong>so-</strong></span> 
     </span>
    </p>
   </div>
   <div class='ocr_carea' id='block_1_114' title="bbox 2062 3761 3639 3835">
    <p class='ocr_par' dir='ltr' id='par_1_114' title="bbox 2062 3761 3639 3835">
     <span class='ocr_line' id='line_1_116' title="bbox 2062 3761 3639 3835; baseline -0.006 -14"><span class='ocrx_word' id='word_1_837' title='bbox 2062 3761 2311 3835; x_wconf 45' lang='lat' dir='ltr'><strong>lio—quasi</strong></span> <span class='ocrx_word' id='word_1_838' title='bbox 2352 3761 2502 3835; x_wconf 79' lang='lat' dir='ltr'><strong>regio</strong></span> <span class='ocrx_word' id='word_1_839' title='bbox 2522 3762 2779 3835; x_wconf 87' lang='lat' dir='ltr'><strong>tribunali</strong></span> <span class='ocrx_word' id='word_1_840' title='bbox 2796 3801 2825 3835; x_wconf 91' lang='lat'><strong>_,</strong></span> <span class='ocrx_word' id='word_1_841' title='bbox 2848 3761 3021 3835; x_wconf 12' lang='lat' dir='ltr'><strong>celsai</strong></span> <span class='ocrx_word' id='word_1_842' title='bbox 3054 3763 3181 3835; x_wconf 81' lang='lat' dir='ltr'><strong>sede</strong></span> <span class='ocrx_word' id='word_1_843' title='bbox 3197 3761 3576 3835; x_wconf 77' lang='lat' dir='ltr'><strong>_reside_nte_m.</strong></span> <span class='ocrx_word' id='word_1_844' title='bbox 3621 3779 3639 3811; x_wconf 74' lang='grc' dir='ltr'>ι</span> 
     </span>
    </p>
   </div>
   <div class='ocr_carea' id='block_1_115' title="bbox 2061 3829 3644 3891">
    <p class='ocr_par' dir='ltr' id='par_1_115' title="bbox 2061 3829 3644 3891">
     <span class='ocr_line' id='line_1_117' title="bbox 2061 3829 3644 3891; baseline -0.005 0"><span class='ocrx_word' id='word_1_845' title='bbox 2061 3829 2269 3891; x_wconf 77' lang='lat' dir='ltr'><strong>Addam</strong></span> <span class='ocrx_word' id='word_1_846' title='bbox 2297 3829 2442 3888; x_wconf 59' lang='lat' dir='ltr'><strong>vero&#39;</strong></span> <span class='ocrx_word' id='word_1_847' title='bbox 2465 3834 2642 3887; x_wconf 90' lang='lat' dir='ltr'><strong>locum</strong></span> <span class='ocrx_word' id='word_1_848' title='bbox 2678 3831 3024 3886; x_wconf 88' lang='lat' dir='ltr'><strong>celeberrimi</strong></span> <span class='ocrx_word' id='word_1_849' title='bbox 3049 3831 3149 3884; x_wconf 90' lang='lat' dir='ltr'><strong>viri</strong></span> <span class='ocrx_word' id='word_1_850' title='bbox 3197 3829 3342 3885; x_wconf 89' lang='lat' dir='ltr'><strong>Petri</strong></span> <span class='ocrx_word' id='word_1_851' title='bbox 3371 3830 3436 3883; x_wconf 92' lang='lat' dir='ltr'><strong>de</strong></span> <span class='ocrx_word' id='word_1_852' title='bbox 3465 3830 3644 3883; x_wconf 81' lang='lat' dir='ltr'><strong>Marra</strong></span> 
     </span>
    </p>
   </div>
   <div class='ocr_carea' id='block_1_116' title="bbox 2064 3899 3642 3972">
    <p class='ocr_par' dir='ltr' id='par_1_116' title="bbox 2064 3899 3642 3972">
     <span class='ocr_line' id='line_1_118' title="bbox 2064 3899 3642 3972; baseline -0.004 -13"><span class='ocrx_word' id='word_1_853' title='bbox 2064 3903 2456 3972; x_wconf 85' lang='lat' dir='ltr'><strong>archiepiscopi</strong></span> <span class='ocrx_word' id='word_1_854' title='bbox 2500 3901 2826 3972; x_wconf 77' lang='lat' dir='ltr'><strong>Parisiensis</strong></span> <span class='ocrx_word' id='word_1_855' title='bbox 2857 3918 2870 3953; x_wconf 88' lang='lat'><strong>:</strong></span> <span class='ocrx_word' id='word_1_856' title='bbox 2907 3901 2999 3970; x_wconf 90' lang='lat' dir='ltr'><strong>qui</strong></span> <span class='ocrx_word' id='word_1_857' title='bbox 3050 3899 3325 3972; x_wconf 59' lang='lat' dir='ltr'><strong>explicans</strong></span> <span class='ocrx_word' id='word_1_858' title='bbox 3379 3914 3642 3972; x_wconf 62' lang='lat' dir='ltr'><strong>curionem</strong></span> 
     </span>
    </p>
   </div>
   <div class='ocr_carea' id='block_1_117' title="bbox 2062 3968 3649 4041">
    <p class='ocr_par' dir='ltr' id='par_1_117' title="bbox 2062 3968 3649 4041">
     <span class='ocr_line' id='line_1_119' title="bbox 2062 3968 3649 4041; baseline -0.004 -12"><span class='ocrx_word' id='word_1_859' title='bbox 2062 3975 2132 4029; x_wconf 75' lang='lat'><strong>53</strong></span> <span class='ocrx_word' id='word_1_860' title='bbox 2156 3968 2502 4029; x_wconf 78' lang='lat' dir='ltr'><strong>Collectionis</strong></span> <span class='ocrx_word' id='word_1_861' title='bbox 2531 3969 2806 4025; x_wconf 69' lang='lat' dir='ltr'><strong>Africana:</strong></span> <span class='ocrx_word' id='word_1_862' title='bbox 2844 4011 2858 4036; x_wconf 95' lang='lat'><strong>,</strong></span> <span class='ocrx_word' id='word_1_863' title='bbox 2894 3968 3009 4024; x_wconf 67' lang='lat' dir='ltr'><strong>hinc</strong></span> <span class='ocrx_word' id='word_1_864' title='bbox 3040 3983 3115 4023; x_wconf 79' lang='lat' dir='ltr'><strong>ait</strong></span> <span class='ocrx_word' id='word_1_865' title='bbox 3142 3988 3153 4024; x_wconf 93' lang='lat'><strong>:</strong></span> <span class='ocrx_word' id='word_1_866' title='bbox 3194 3989 3210 4020; x_wconf 78' lang='grc' dir='ltr'>ι</span> <span class='ocrx_word' id='word_1_867' title='bbox 3251 3968 3529 4041; x_wconf 83' lang='lat' dir='ltr'><strong>Signiﬁcat</strong></span> <span class='ocrx_word' id='word_1_868' title='bbox 3561 3981 3649 4041; x_wconf 86' lang='lat' dir='ltr'><strong>ty-</strong></span> 
     </span>
    </p>
   </div>
   <div class='ocr_carea' id='block_1_118' title="bbox 2063 4039 3643 4115">
    <p class='ocr_par' dir='ltr' id='par_1_118' title="bbox 2063 4039 3643 4115">
     <span class='ocr_line' id='line_1_120' title="bbox 2063 4039 3643 4115; baseline -0.004 -16"><span class='ocrx_word' id='word_1_869' title='bbox 2063 4046 2231 4115; x_wconf 90' lang='lat' dir='ltr'><strong>phum</strong></span> <span class='ocrx_word' id='word_1_870' title='bbox 2254 4041 2569 4115; x_wconf 58' lang='lat' dir='ltr'><strong>saecularem</strong></span> <span class='ocrx_word' id='word_1_871' title='bbox 2591 4049 2646 4097; x_wconf 88' lang='lat' dir='ltr'><strong>et</strong></span> <span class='ocrx_word' id='word_1_872' title='bbox 2681 4048 2948 4115; x_wconf 77' lang='lat' dir='ltr'><strong>tumorem</strong></span> <span class='ocrx_word' id='word_1_873' title='bbox 2974 4041 3329 4115; x_wconf 84' lang='lat' dir='ltr'><strong>quorumdam</strong></span> <span class='ocrx_word' id='word_1_874' title='bbox 3359 4039 3643 4115; x_wconf 82' lang='lat' dir='ltr'><strong>episcopo-</strong></span> 
     </span>
    </p>
   </div>
   <div class='ocr_carea' id='block_1_119' title="bbox 2065 4111 3639 4185">
    <p class='ocr_par' dir='ltr' id='par_1_119' title="bbox 2065 4111 3639 4185">
     <span class='ocr_line' id='line_1_121' title="bbox 2065 4111 3639 4185; baseline -0.004 -15"><span class='ocrx_word' id='word_1_875' title='bbox 2065 4111 2210 4179; x_wconf 78' lang='lat' dir='ltr'><strong>rum,</strong></span> <span class='ocrx_word' id='word_1_876' title='bbox 2237 4114 2329 4185; x_wconf 91' lang='lat' dir='ltr'><strong>qui</strong></span> <span class='ocrx_word' id='word_1_877' title='bbox 2361 4112 2779 4185; x_wconf 83' lang='lat' dir='ltr'><strong>dominatumin</strong></span> <span class='ocrx_word' id='word_1_878' title='bbox 2806 4112 2954 4168; x_wconf 87' lang='lat' dir='ltr'><strong>clero</strong></span> <span class='ocrx_word' id='word_1_879' title='bbox 2976 4111 3310 4185; x_wconf 68' lang='lat' dir='ltr'><strong>exercebant</strong></span> <span class='ocrx_word' id='word_1_880' title='bbox 3340 4128 3355 4177; x_wconf 89' lang='lat'><strong>;</strong></span> <span class='ocrx_word' id='word_1_881' title='bbox 3380 4118 3434 4164; x_wconf 90' lang='lat' dir='ltr'><strong>et</strong></span> <span class='ocrx_word' id='word_1_882' title='bbox 3464 4111 3520 4185; x_wconf 70' lang='lat' dir='ltr'><strong>iu</strong></span> <span class='ocrx_word' id='word_1_883' title='bbox 3542 4124 3639 4165; x_wconf 85' lang='lat' dir='ltr'><strong>ca-</strong></span> 
     </span>
    </p>
   </div>
   <div class='ocr_carea' id='block_1_120' title="bbox 2065 4181 3643 4252">
    <p class='ocr_par' dir='ltr' id='par_1_120' title="bbox 2065 4181 3643 4252">
     <span class='ocr_line' id='line_1_122' title="bbox 2065 4181 3643 4252; baseline -0.003 -13"><span class='ocrx_word' id='word_1_884' title='bbox 2065 4181 2315 4241; x_wconf 77' lang='lat' dir='ltr'><strong>thedram</strong></span> <span class='ocrx_word' id='word_1_885' title='bbox 2337 4181 2552 4247; x_wconf 88' lang='lat' dir='ltr'><strong>elevati,</strong></span> <span class='ocrx_word' id='word_1_886' title='bbox 2580 4198 2644 4237; x_wconf 90' lang='lat' dir='ltr'><strong>ac</strong></span> <span class='ocrx_word' id='word_1_887' title='bbox 2671 4181 2717 4236; x_wconf 90' lang='lat' dir='ltr'><strong>si</strong></span> <span class='ocrx_word' id='word_1_888' title='bbox 2736 4190 2883 4237; x_wconf 89' lang='lat' dir='ltr'><strong>esset</strong></span> <span class='ocrx_word' id='word_1_889' title='bbox 2911 4182 3103 4237; x_wconf 92' lang='lat' dir='ltr'><strong>solium</strong></span> <span class='ocrx_word' id='word_1_890' title='bbox 3126 4181 3392 4252; x_wconf 83' lang='lat' dir='ltr'><strong>quoddam</strong></span> <span class='ocrx_word' id='word_1_891' title='bbox 3411 4181 3643 4252; x_wconf 88' lang='lat' dir='ltr'><strong>regium,</strong></span> 
     </span>
    </p>
   </div>
   <div class='ocr_carea' id='block_1_121' title="bbox 2064 4252 3645 4323">
    <p class='ocr_par' dir='ltr' id='par_1_121' title="bbox 2064 4252 3645 4323">
     <span class='ocr_line' id='line_1_123' title="bbox 2064 4252 3645 4323; baseline -0.003 -11"><span class='ocrx_word' id='word_1_892' title='bbox 2064 4265 2121 4312; x_wconf 90' lang='lat' dir='ltr'><strong>et</strong></span> <span class='ocrx_word' id='word_1_893' title='bbox 2148 4271 2244 4310; x_wconf 88' lang='lat' dir='ltr'><strong>arx</strong></span> <span class='ocrx_word' id='word_1_894' title='bbox 2273 4252 2421 4308; x_wconf 89' lang='lat' dir='ltr'><strong>velut</strong></span> <span class='ocrx_word' id='word_1_895' title='bbox 2451 4252 2688 4323; x_wconf 90' lang='lat' dir='ltr'><strong>imperii,</strong></span> <span class='ocrx_word' id='word_1_896' title='bbox 2716 4253 3057 4323; x_wconf 81' lang='lat' dir='ltr'><strong>tyrannicam</strong></span> <span class='ocrx_word' id='word_1_897' title='bbox 3086 4252 3187 4307; x_wconf 91' lang='lat' dir='ltr'><strong>sibi</strong></span> <span class='ocrx_word' id='word_1_898' title='bbox 3219 4252 3645 4323; x_wconf 75' lang='lat' dir='ltr'><strong>dominationem</strong></span> 
     </span>
    </p>
   </div>
   <div class='ocr_carea' id='block_1_122' title="bbox 2064 4270 3647 4393">
    <p class='ocr_par' dir='ltr' id='par_1_122' title="bbox 2064 4270 3647 4393">
     <span class='ocr_line' id='line_1_124' title="bbox 2064 4270 3645 4323; baseline -0.003 -11"><span class='ocrx_word' id='word_1_899' title='bbox 2064 4270 2121 4312; x_wconf 91' lang='lat' dir='ltr'><strong>et</strong></span> <span class='ocrx_word' id='word_1_900' title='bbox 2148 4271 2244 4310; x_wconf 89' lang='lat' dir='ltr'><strong>arx</strong></span> <span class='ocrx_word' id='word_1_901' title='bbox 2273 4270 2421 4308; x_wconf 78' lang='lat' dir='ltr'><strong>velut</strong></span> <span class='ocrx_word' id='word_1_902' title='bbox 2451 4270 2522 4307; x_wconf 86' lang='lat' dir='ltr'><strong>nn</strong></span> <span class='ocrx_word' id='word_1_903' title='bbox 2565 4270 2688 4317; x_wconf 90' lang='lat' dir='ltr'><strong>eru,</strong></span> <span class='ocrx_word' id='word_1_904' title='bbox 2716 4270 3057 4323; x_wconf 79' lang='lat' dir='ltr'><strong>tyrannicam</strong></span> <span class='ocrx_word' id='word_1_905' title='bbox 3086 4270 3187 4307; x_wconf 68' lang='lat' dir='ltr'><strong>sum</strong></span> <span class='ocrx_word' id='word_1_906' title='bbox 3219 4270 3645 4308; x_wconf 77' lang='lat' dir='ltr'><strong>dominationem</strong></span> 
     </span>
     <span class='ocr_line' id='line_1_125' title="bbox 2064 4270 3647 4393; baseline -0.003 -12"><span class='ocrx_word' id='word_1_907' title='bbox 2064 4326 2430 4381; x_wconf 87' lang='lat' dir='ltr'><strong>vindicabant.</strong></span> <span class='ocrx_word' id='word_1_908' title='bbox 2468 4342 2486 4375; x_wconf 71' lang='grc' dir='ltr'><strong>ι</strong></span> <span class='ocrx_word' id='word_1_909' title='bbox 2524 4270 2658 4376; x_wconf 44' lang='grc' dir='ltr'><strong>Ιιὶυῐη</strong></span> <span class='ocrx_word' id='word_1_910' title='bbox 2697 4324 2880 4393; x_wconf 87' lang='lat' dir='ltr'><strong>statim</strong></span> <span class='ocrx_word' id='word_1_911' title='bbox 2923 4322 3095 4378; x_wconf 91' lang='lat' dir='ltr'><strong>ferme</strong></span> <span class='ocrx_word' id='word_1_912' title='bbox 3123 4324 3405 4393; x_wconf 83' lang='lat' dir='ltr'><strong>sequitur:</strong></span> <span class='ocrx_word' id='word_1_913' title='bbox 3446 4341 3464 4373; x_wconf 75' lang='grc' dir='ltr'>ι</span> <span class='ocrx_word' id='word_1_914' title='bbox 3502 4320 3647 4393; x_wconf 82' lang='lat' dir='ltr'><strong>Sane</strong></span> 
     </span>
    </p>
   </div>
   <div class='ocr_carea' id='block_1_123' title="bbox 2067 4392 3647 4474">
    <p class='ocr_par' dir='ltr' id='par_1_123' title="bbox 2067 4392 3647 4474">
     <span class='ocr_line' id='line_1_126' title="bbox 2067 4392 3647 4474; baseline -0.004 -23"><span class='ocrx_word' id='word_1_915' title='bbox 2067 4397 2331 4474; x_wconf 77' lang='lat' dir='ltr'><strong>cathedra</strong></span> <span class='ocrx_word' id='word_1_916' title='bbox 2385 4393 2707 4474; x_wconf 73' lang='lat' dir='ltr'><strong>episcopalis</strong></span> <span class='ocrx_word' id='word_1_917' title='bbox 2742 4392 3026 4474; x_wconf 86' lang='lat' dir='ltr'><strong>sublimior</strong></span> <span class='ocrx_word' id='word_1_918' title='bbox 3063 4392 3279 4474; x_wconf 41' lang='lat' dir='ltr'><strong>e&#39;rat,’et</strong></span> <span class='ocrx_word' id='word_1_919' title='bbox 3302 4392 3456 4474; x_wconf 31' lang='lat' dir='ltr'><strong>“velut</strong></span> <span class='ocrx_word' id='word_1_920' title='bbox 3487 4392 3647 4474; x_wconf 44' lang='lat' dir='ltr'><strong>in&#39;fa:</strong></span> 
     </span>
    </p>
   </div>
   <div class='ocr_carea' id='block_1_124' title="bbox 2070 4463 3646 4601">
    <p class='ocr_par' dir='ltr' id='par_1_124' title="bbox 2070 4463 3646 4601">
     <span class='ocr_line' id='line_1_127' title="bbox 2071 4463 3646 4585; baseline -0.003 -64"><span class='ocrx_word' id='word_1_921' title='bbox 2071 4466 2234 4536; x_wconf 89' lang='lat' dir='ltr'><strong>stigio</strong></span> <span class='ocrx_word' id='word_1_922' title='bbox 2258 4472 2574 4527; x_wconf 76' lang='lat' dir='ltr'><strong>constituta,</strong></span> <span class='ocrx_word' id='word_1_923' title='bbox 2597 4464 2739 4519; x_wconf 90' lang='lat' dir='ltr'><strong>unde</strong></span> <span class='ocrx_word' id='word_1_924' title='bbox 2764 4470 2988 4585; x_wconf 59' lang='lat' dir='ltr'><strong>gossent</strong></span> <span class='ocrx_word' id='word_1_925' title='bbox 3020 4463 3257 4532; x_wconf 89' lang='lat' dir='ltr'><strong>episcopi</strong></span> <span class='ocrx_word' id='word_1_926' title='bbox 3285 4463 3351 4516; x_wconf 88' lang='lat' dir='ltr'><strong>de</strong></span> <span class='ocrx_word' id='word_1_927' title='bbox 3380 4463 3646 4530; x_wconf 84' lang='lat' dir='ltr'><strong>superiori</strong></span> 
     </span>
     <span class='ocr_line' id='line_1_128' title="bbox 2070 4531 3645 4601; baseline -0.004 -10"><span class='ocrx_word' id='word_1_928' title='bbox 2070 4536 2189 4591; x_wconf 90' lang='lat' dir='ltr'><strong>loco</strong></span> <span class='ocrx_word' id='word_1_929' title='bbox 2220 4534 2405 4589; x_wconf 90' lang='lat' dir='ltr'><strong>ﬁdeles</strong></span> <span class='ocrx_word' id='word_1_930' title='bbox 2429 4547 2670 4587; x_wconf 90' lang='lat' dir='ltr'><strong>monere.</strong></span> <span class='ocrx_word' id='word_1_931' title='bbox 2706 4553 2726 4583; x_wconf 77' lang='grc' dir='ltr'><strong><em>ι</em></strong></span> <span class='ocrx_word' id='word_1_932' title='bbox 2784 4534 3051 4601; x_wconf 83' lang='lat' dir='ltr'><strong>‘umptum</strong></span> <span class='ocrx_word' id='word_1_933' title='bbox 3084 4542 3265 4586; x_wconf 90' lang='lat' dir='ltr'><strong>autem</strong></span> <span class='ocrx_word' id='word_1_934' title='bbox 3304 4531 3451 4601; x_wconf 82' lang='lat' dir='ltr'><strong>istud</strong></span> <span class='ocrx_word' id='word_1_935' title='bbox 3472 4531 3645 4585; x_wconf 87' lang='lat' dir='ltr'><strong>videri</strong></span> 
     </span>
    </p>
   </div>
   <div class='ocr_carea' id='block_1_125' title="bbox 2070 4600 3649 4679">
    <p class='ocr_par' dir='ltr' id='par_1_125' title="bbox 2070 4600 3649 4679">
     <span class='ocr_line' id='line_1_129' title="bbox 2070 4600 3649 4679; baseline -0.004 -18"><span class='ocrx_word' id='word_1_936' title='bbox 2070 4614 2251 4679; x_wconf 84' lang='lat' dir='ltr'><strong>potest</strong></span> <span class='ocrx_word' id='word_1_937' title='bbox 2268 4620 2334 4679; x_wconf 51' lang='grc' dir='ltr'><strong>οξ</strong></span> <span class='ocrx_word' id='word_1_938' title='bbox 2364 4602 2689 4679; x_wconf 77' lang='lat' dir='ltr'><strong>Augustino,</strong></span> <span class='ocrx_word' id='word_1_939' title='bbox 2728 4600 3035 4679; x_wconf 85' lang='lat' dir='ltr'><strong>cujus</strong></span> <span class='ocrx_word' id='word_1_940' title='bbox 3060 4609 3185 4679; x_wconf 66' lang='lat' dir='ltr'><strong>sum</strong></span> <span class='ocrx_word' id='word_1_941' title='bbox 3204 4600 3368 4679; x_wconf 73' lang='lat' dir='ltr'><strong>verba</strong></span> <span class='ocrx_word' id='word_1_942' title='bbox 3396 4616 3463 4654; x_wconf 77' lang='lat' dir='ltr'><strong>ex</strong></span> <span class='ocrx_word' id='word_1_943' title='bbox 3488 4615 3649 4679; x_wconf 74' lang='lat' dir='ltr'><strong>enar-</strong></span> 
     </span>
    </p>
   </div>
   <div class='ocr_carea' id='block_1_126' title="bbox 2072 4670 3647 4743">
    <p class='ocr_par' dir='ltr' id='par_1_126' title="bbox 2072 4670 3647 4743">
     <span class='ocr_line' id='line_1_130' title="bbox 2072 4670 3647 4743; baseline -0.004 -12"><span class='ocrx_word' id='word_1_944' title='bbox 2072 4670 2281 4732; x_wconf 73' lang='lat' dir='ltr'><strong>ratione</strong></span> <span class='ocrx_word' id='word_1_945' title='bbox 2302 4676 2354 4729; x_wconf 91' lang='lat' dir='ltr'><strong>in</strong></span> <span class='ocrx_word' id='word_1_946' title='bbox 2374 4670 2642 4743; x_wconf 81' lang='lat' dir='ltr'><strong>psalmum</strong></span> <span class='ocrx_word' id='word_1_947' title='bbox 2664 4687 2825 4743; x_wconf 74' lang='lat' dir='ltr'><strong>cxxw</strong></span> <span class='ocrx_word' id='word_1_948' title='bbox 2854 4688 2916 4743; x_wconf 26' lang='lat' dir='ltr'><strong>:As</strong></span> <span class='ocrx_word' id='word_1_949' title='bbox 2941 4670 3066 4743; x_wconf 82' lang='lat' dir='ltr'><strong>Ideo</strong></span> <span class='ocrx_word' id='word_1_950' title='bbox 3089 4670 3246 4725; x_wconf 88' lang='lat' dir='ltr'><strong>altior</strong></span> <span class='ocrx_word' id='word_1_951' title='bbox 3267 4670 3416 4725; x_wconf 89' lang='lat' dir='ltr'><strong>locus</strong></span> <span class='ocrx_word' id='word_1_952' title='bbox 3438 4670 3647 4741; x_wconf 88' lang='lat' dir='ltr'><strong>positus</strong></span> 
     </span>
    </p>
   </div>
   <div class='ocr_carea' id='block_1_127' title="bbox 2071 4740 3648 4817">
    <p class='ocr_par' dir='ltr' id='par_1_127' title="bbox 2071 4740 3648 4817">
     <span class='ocr_line' id='line_1_131' title="bbox 2071 4740 3648 4817; baseline -0.006 -14"><span class='ocrx_word' id='word_1_953' title='bbox 2071 4755 2156 4803; x_wconf 89' lang='lat' dir='ltr'><strong>est</strong></span> <span class='ocrx_word' id='word_1_954' title='bbox 2183 4740 2557 4817; x_wconf 82' lang='lat' dir='ltr'><strong>episcopis,_ut</strong></span> <span class='ocrx_word' id='word_1_955' title='bbox 2580 4742 2680 4813; x_wconf 90' lang='lat' dir='ltr'><strong>ipsi</strong></span> <span class='ocrx_word' id='word_1_956' title='bbox 2693 4740 3164 4817; x_wconf 51' lang='lat' dir='ltr'><strong>superintendant</strong></span> <span class='ocrx_word' id='word_1_957' title='bbox 3186 4749 3242 4817; x_wconf 61' lang='lat' dir='ltr'><strong>ei</strong></span> <span class='ocrx_word' id='word_1_958' title='bbox 3270 4748 3524 4817; x_wconf 85' lang='lat' dir='ltr'><strong>tanquam</strong></span> <span class='ocrx_word' id='word_1_959' title='bbox 3554 4755 3648 4817; x_wconf 79' lang='lat' dir='ltr'><strong>cu-</strong></span> 
     </span>
    </p>
   </div>
   <div class='ocr_carea' id='block_1_128' title="bbox 2072 4809 3645 4886">
    <p class='ocr_par' dir='ltr' id='par_1_128' title="bbox 2072 4809 3645 4886">
     <span class='ocr_line' id='line_1_132' title="bbox 2072 4809 3645 4886; baseline -0.006 -13"><span class='ocrx_word' id='word_1_960' title='bbox 2072 4809 2314 4873; x_wconf 74' lang='lat' dir='ltr'><strong>stodiant</strong></span> <span class='ocrx_word' id='word_1_961' title='bbox 2328 4809 2616 4886; x_wconf 57' lang='lat' dir='ltr'><strong>populum;</strong></span> <span class='ocrx_word' id='word_1_962' title='bbox 2640 4832 2658 4864; x_wconf 70' lang='grc' dir='ltr'><strong>ι</strong></span> <span class='ocrx_word' id='word_1_963' title='bbox 2693 4812 2761 4866; x_wconf 86' lang='lat' dir='ltr'><strong>Et</strong></span> <span class='ocrx_word' id='word_1_964' title='bbox 2774 4809 2935 4886; x_wconf 80' lang='lat' dir='ltr'><strong>paulo</strong></span> <span class='ocrx_word' id='word_1_965' title='bbox 2954 4820 3077 4886; x_wconf 82' lang='lat' dir='ltr'><strong>post</strong></span> <span class='ocrx_word' id='word_1_966' title='bbox 3104 4830 3116 4865; x_wconf 92' lang='lat'><strong>:</strong></span> <span class='ocrx_word' id='word_1_967' title='bbox 3150 4830 3175 4886; x_wconf 59' lang='lat' dir='ltr'><strong>i</strong></span> <span class='ocrx_word' id='word_1_968' title='bbox 3198 4809 3478 4886; x_wconf 80' lang='lat' dir='ltr'><strong>Quomodo</strong></span> <span class='ocrx_word' id='word_1_969' title='bbox 3500 4810 3645 4886; x_wconf 85' lang='lat' dir='ltr'><strong>enim</strong></span> 
     </span>
    </p>
   </div>
   <div class='ocr_carea' id='block_1_129' title="bbox 2070 4880 3649 4946">
    <p class='ocr_par' dir='ltr' id='par_1_129' title="bbox 2070 4880 3649 4946">
     <span class='ocr_line' id='line_1_133' title="bbox 2070 4880 3649 4946; baseline -0.003 -7"><span class='ocrx_word' id='word_1_970' title='bbox 2070 4887 2289 4942; x_wconf 84' lang='lat' dir='ltr'><strong>vinitori</strong></span> <span class='ocrx_word' id='word_1_971' title='bbox 2319 4880 2476 4939; x_wconf 78' lang='lat' dir='ltr'><strong>altior</strong></span> <span class='ocrx_word' id='word_1_972' title='bbox 2504 4882 2566 4937; x_wconf 87' lang='lat' dir='ltr'><strong>ﬁt</strong></span> <span class='ocrx_word' id='word_1_973' title='bbox 2585 4882 2734 4937; x_wconf 90' lang='lat' dir='ltr'><strong>locus</strong></span> <span class='ocrx_word' id='word_1_974' title='bbox 2764 4880 2832 4937; x_wconf 80' lang='lat' dir='ltr'><strong>ad</strong></span> <span class='ocrx_word' id='word_1_975' title='bbox 2859 4882 3267 4937; x_wconf 87' lang='lat' dir='ltr'><strong>custodiendam</strong></span> <span class='ocrx_word' id='word_1_976' title='bbox 3294 4882 3531 4946; x_wconf 80' lang='lat' dir='ltr'><strong>vineam,</strong></span> <span class='ocrx_word' id='word_1_977' title='bbox 3567 4880 3649 4935; x_wconf 90' lang='lat' dir='ltr'><strong>sic</strong></span> 
     </span>
    </p>
   </div>
   <div class='ocr_carea' id='block_1_130' title="bbox 2069 4949 3649 5027">
    <p class='ocr_par' dir='ltr' id='par_1_130' title="bbox 2069 4949 3649 5027">
     <span class='ocr_line' id='line_1_134' title="bbox 2069 4949 3649 5027; baseline -0.005 -15"><span class='ocrx_word' id='word_1_978' title='bbox 2069 4965 2126 5012; x_wconf 87' lang='lat' dir='ltr'><strong>et</strong></span> <span class='ocrx_word' id='word_1_979' title='bbox 2159 4955 2426 5027; x_wconf 82' lang='lat' dir='ltr'><strong>episcopis</strong></span> <span class='ocrx_word' id='word_1_980' title='bbox 2473 4954 2635 5027; x_wconf 78' lang='lat' dir='ltr'><strong>altior</strong></span> <span class='ocrx_word' id='word_1_981' title='bbox 2663 4952 3032 5027; x_wconf 12' lang='lat' dir='ltr'><strong>locusifactus</strong></span> <span class='ocrx_word' id='word_1_982' title='bbox 3080 4960 3248 5027; x_wconf 68' lang='lat' dir='ltr'><strong>e_st_.__i</strong></span> <span class='ocrx_word' id='word_1_983' title='bbox 3282 4952 3417 5027; x_wconf 79' lang='lat' dir='ltr'><strong>Vide</strong></span> <span class='ocrx_word' id='word_1_984' title='bbox 3457 4949 3649 5027; x_wconf 63' lang='grc' dir='ltr'>[ξεηῇ-</span> 
     </span>
    </p>
   </div>
   <div class='ocr_carea' id='block_1_131' title="bbox 2070 5020 3648 5082">
    <p class='ocr_par' dir='ltr' id='par_1_131' title="bbox 2070 5020 3648 5082">
     <span class='ocr_line' id='line_1_135' title="bbox 2070 5020 3648 5082; baseline -0.003 -1"><span class='ocrx_word' id='word_1_985' title='bbox 2070 5020 2208 5082; x_wconf 67' lang='grc' dir='ltr'><strong>οιιηί</strong></span> <span class='ocrx_word' id='word_1_986' title='bbox 2225 5020 2495 5081; x_wconf 76' lang='lat' dir='ltr'><strong>Valesium</strong></span> <span class='ocrx_word' id='word_1_987' title='bbox 2522 5024 2576 5078; x_wconf 93' lang='lat' dir='ltr'><strong>in</strong></span> <span class='ocrx_word' id='word_1_988' title='bbox 2607 5023 3045 5078; x_wconf 89' lang='lat' dir='ltr'><strong>annotationibus</strong></span> <span class='ocrx_word' id='word_1_989' title='bbox 3063 5024 3130 5079; x_wconf 89' lang='lat' dir='ltr'><strong>ad</strong></span> <span class='ocrx_word' id='word_1_990' title='bbox 3150 5022 3446 5078; x_wconf 84' lang='lat' dir='ltr'><strong>Historiam</strong></span> <span class='ocrx_word' id='word_1_991' title='bbox 3462 5020 3648 5077; x_wconf 86' lang='lat' dir='ltr'><strong>Eccle-</strong></span> 
     </span>
    </p>
   </div>
   <div class='ocr_carea' id='block_1_132' title="bbox 2071 5092 3057 5176">
    <p class='ocr_par' dir='ltr' id='par_1_132' title="bbox 2071 5092 3057 5176">
     <span class='ocr_line' id='line_1_136' title="bbox 2071 5092 3057 5176; baseline -0.005 -24"><span class='ocrx_word' id='word_1_992' title='bbox 2071 5097 2344 5176; x_wconf 72' lang='lat' dir='ltr'><strong>siasticam</strong></span> <span class='ocrx_word' id='word_1_993' title='bbox 2372 5094 2589 5176; x_wconf 63' lang='lat' dir='ltr'><strong>Eusebii</strong></span> <span class='ocrx_word' id='word_1_994' title='bbox 2610 5093 2711 5176; x_wconf 42' lang='lat' dir='ltr'><strong>.lib.</strong></span> <span class='ocrx_word' id='word_1_995' title='bbox 2737 5094 2787 5176; x_wconf 71' lang='lat' dir='ltr'><strong>&#39;i,</strong></span> <span class='ocrx_word' id='word_1_996' title='bbox 2821 5109 2949 5176; x_wconf 42' lang='lat' dir='ltr'><strong>cap:</strong></span> <span class='ocrx_word' id='word_1_997' title='bbox 2967 5092 3057 5176; x_wconf 70' lang='grc' dir='ltr'>3οτ</span> 
     </span>
    </p>
   </div>
   <div class='ocr_carea' id='block_1_133' title="bbox 2141 5160 3645 5233">
    <p class='ocr_par' dir='ltr' id='par_1_133' title="bbox 2141 5160 3645 5233">
     <span class='ocr_line' id='line_1_137' title="bbox 2141 5160 3645 5233; baseline -0.001 -13"><span class='ocrx_word' id='word_1_998' title='bbox 2141 5167 2169 5207; x_wconf 68' lang='grc' dir='ltr'>δ</span> <span class='ocrx_word' id='word_1_999' title='bbox 2194 5166 2297 5232; x_wconf 82' lang='lat' dir='ltr'><strong>Qui</strong></span> <span class='ocrx_word' id='word_1_1000' title='bbox 2320 5164 2524 5219; x_wconf 85' lang='lat' dir='ltr'><strong>laborat</strong></span> <span class='ocrx_word' id='word_1_1001' title='bbox 2552 5164 2621 5217; x_wconf 88' lang='lat' dir='ltr'><strong>ad</strong></span> <span class='ocrx_word' id='word_1_1002' title='bbox 2650 5163 2867 5230; x_wconf 87' lang='lat' dir='ltr'><strong>molam,</strong></span> <span class='ocrx_word' id='word_1_1003' title='bbox 2890 5160 2951 5219; x_wconf 81' lang='lat' dir='ltr'><strong>id</strong></span> <span class='ocrx_word' id='word_1_1004' title='bbox 2976 5173 3080 5229; x_wconf 84' lang='lat' dir='ltr'><strong>est,</strong></span> <span class='ocrx_word' id='word_1_1005' title='bbox 3120 5179 3293 5233; x_wconf 88' lang='lat' dir='ltr'><strong>usque</strong></span> <span class='ocrx_word' id='word_1_1006' title='bbox 3314 5164 3382 5219; x_wconf 90' lang='lat' dir='ltr'><strong>ad</strong></span> <span class='ocrx_word' id='word_1_1007' title='bbox 3422 5160 3645 5219; x_wconf 86' lang='lat' dir='ltr'><strong>inferio-</strong></span> 
     </span>
    </p>
   </div>
   <div class='ocr_carea' id='block_1_134' title="bbox 2069 5234 3651 5306">
    <p class='ocr_par' dir='ltr' id='par_1_134' title="bbox 2069 5234 3651 5306">
     <span class='ocr_line' id='line_1_138' title="bbox 2069 5234 3651 5306; baseline -0.004 -13"><span class='ocrx_word' id='word_1_1008' title='bbox 2069 5238 2147 5293; x_wconf 93' lang='lat' dir='ltr'><strong>ris</strong></span> <span class='ocrx_word' id='word_1_1009' title='bbox 2172 5236 2381 5292; x_wconf 90' lang='lat' dir='ltr'><strong>ordinis</strong></span> <span class='ocrx_word' id='word_1_1010' title='bbox 2406 5242 2653 5306; x_wconf 84' lang='lat' dir='ltr'><strong>pastores</strong></span> <span class='ocrx_word' id='word_1_1011' title='bbox 2681 5242 2736 5290; x_wconf 91' lang='lat' dir='ltr'><strong>et</strong></span> <span class='ocrx_word' id='word_1_1012' title='bbox 2770 5234 3091 5305; x_wconf 62' lang='lat' dir='ltr'><strong>praepositos</strong></span> <span class='ocrx_word' id='word_1_1013' title='bbox 3117 5252 3131 5306; x_wconf 69' lang='grc' dir='ltr'><strong><em>ς</em></strong></span> <span class='ocrx_word' id='word_1_1014' title='bbox 3163 5250 3233 5289; x_wconf 92' lang='lat' dir='ltr'><strong>ue</strong></span> <span class='ocrx_word' id='word_1_1015' title='bbox 3270 5234 3651 5306; x_wconf 15' lang='lat' dir='ltr'><strong>quisiputaret</strong></span> 
     </span>
    </p>
   </div>
   <div class='ocr_carea' id='block_1_135' title="bbox 2071 5303 3649 5376">
    <p class='ocr_par' dir='ltr' id='par_1_135' title="bbox 2071 5303 3649 5376">
     <span class='ocr_line' id='line_1_139' title="bbox 2071 5303 3649 5376; baseline -0.003 -13"><span class='ocrx_word' id='word_1_1016' title='bbox 2071 5309 2187 5362; x_wconf 79' lang='lat' dir='ltr'><strong>haec</strong></span> <span class='ocrx_word' id='word_1_1017' title='bbox 2210 5306 2317 5363; x_wconf 91' lang='lat' dir='ltr'><strong>dici</strong></span> <span class='ocrx_word' id='word_1_1018' title='bbox 2356 5303 2624 5376; x_wconf 83' lang='lat' dir='ltr'><strong>episcopis</strong></span> <span class='ocrx_word' id='word_1_1019' title='bbox 2654 5303 2862 5376; x_wconf 82' lang='lat' dir='ltr'><strong>tantum</strong></span> <span class='ocrx_word' id='word_1_1020' title='bbox 2887 5303 2902 5369; x_wconf 61' lang='grc' dir='ltr'>ᾗ</span> <span class='ocrx_word' id='word_1_1021' title='bbox 2933 5313 2989 5359; x_wconf 93' lang='lat' dir='ltr'><strong>et</strong></span> <span class='ocrx_word' id='word_1_1022' title='bbox 3006 5305 3165 5373; x_wconf 91' lang='lat' dir='ltr'><strong>paulo</strong></span> <span class='ocrx_word' id='word_1_1023' title='bbox 3194 5303 3318 5374; x_wconf 82' lang='lat' dir='ltr'><strong>post</strong></span> <span class='ocrx_word' id='word_1_1024' title='bbox 3354 5304 3505 5360; x_wconf 88' lang='lat' dir='ltr'><strong>addit</strong></span> <span class='ocrx_word' id='word_1_1025' title='bbox 3532 5303 3649 5376; x_wconf 62' lang='lat' dir='ltr'><strong>haec</strong></span> 
     </span>
    </p>
   </div>
   <div class='ocr_carea' id='block_1_136' title="bbox 2070 5374 3649 5450">
    <p class='ocr_par' dir='ltr' id='par_1_136' title="bbox 2070 5374 3649 5450">
     <span class='ocr_line' id='line_1_140' title="bbox 2070 5374 3649 5450; baseline -0.003 -18"><span class='ocrx_word' id='word_1_1026' title='bbox 2070 5379 2272 5450; x_wconf 85' lang='lat' dir='ltr'><strong>scripta</strong></span> <span class='ocrx_word' id='word_1_1027' title='bbox 2290 5374 2433 5450; x_wconf 71' lang='lat' dir='ltr'><strong>esse,</strong></span> <span class='ocrx_word' id='word_1_1028' title='bbox 2456 5391 2566 5431; x_wconf 91' lang='lat' dir='ltr'><strong>non</strong></span> <span class='ocrx_word' id='word_1_1029' title='bbox 2591 5375 2763 5431; x_wconf 84' lang='lat' dir='ltr'><strong>solum</strong></span> <span class='ocrx_word' id='word_1_1030' title='bbox 2791 5383 3016 5450; x_wconf 79' lang='lat' dir='ltr'><strong>propter</strong></span> <span class='ocrx_word' id='word_1_1031' title='bbox 3039 5376 3342 5450; x_wconf 85' lang='lat' dir='ltr'><strong>episcopos,</strong></span> <span class='ocrx_word' id='word_1_1032' title='bbox 3371 5375 3467 5431; x_wconf 89' lang='lat' dir='ltr'><strong>sed</strong></span> <span class='ocrx_word' id='word_1_1033' title='bbox 3484 5374 3649 5431; x_wconf 87' lang='lat' dir='ltr'><strong>etiam</strong></span> 
     </span>
    </p>
   </div>
   <div class='ocr_carea' id='block_1_137' title="bbox 2069 5446 3651 5519">
    <p class='ocr_par' dir='ltr' id='par_1_137' title="bbox 2069 5446 3651 5519">
     <span class='ocr_line' id='line_1_141' title="bbox 2069 5446 3651 5519; baseline -0.003 -16"><span class='ocrx_word' id='word_1_1034' title='bbox 2069 5446 2291 5519; x_wconf 82' lang='lat' dir='ltr'><strong>propter</strong></span> <span class='ocrx_word' id='word_1_1035' title='bbox 2333 5448 2592 5513; x_wconf 86' lang='lat' dir='ltr'><strong>abbates,</strong></span> <span class='ocrx_word' id='word_1_1036' title='bbox 2629 5447 2949 5519; x_wconf 65' lang='lat' dir='ltr'><strong>praepositos</strong></span> <span class='ocrx_word' id='word_1_1037' title='bbox 2991 5446 3459 5519; x_wconf 16' lang='lat' dir='ltr'><strong>eti&#39;presbyteros,</strong></span> <span class='ocrx_word' id='word_1_1038' title='bbox 3512 5460 3651 5519; x_wconf 89' lang='lat' dir='ltr'><strong>quos</strong></span> 
     </span>
    </p>
   </div>
   <div class='ocr_carea' id='block_1_138' title="bbox 2068 5516 3647 5643">
    <p class='ocr_par' dir='ltr' id='par_1_138' title="bbox 2068 5516 3647 5643">
     <span class='ocr_line' id='line_1_142' title="bbox 2068 5516 3647 5643; baseline -0.002 -70"><span class='ocrx_word' id='word_1_1039' title='bbox 2068 5516 2347 5643; x_wconf 57' lang='lat' dir='ltr'><strong>Pastorum</strong></span> <span class='ocrx_word' id='word_1_1040' title='bbox 2380 5526 2433 5573; x_wconf 88' lang='lat' dir='ltr'><strong>et</strong></span> <span class='ocrx_word' id='word_1_1041' title='bbox 2462 5527 2735 5599; x_wconf 75' lang='lat' dir='ltr'><strong>rectorum</strong></span> <span class='ocrx_word' id='word_1_1042' title='bbox 2782 5516 3002 5598; x_wconf 78' lang='lat' dir='ltr'><strong>nomine</strong></span> <span class='ocrx_word' id='word_1_1043' title='bbox 3057 5516 3284 5589; x_wconf 80' lang='lat' dir='ltr'><strong>intelligi</strong></span> <span class='ocrx_word' id='word_1_1044' title='bbox 3314 5518 3515 5575; x_wconf 83' lang='lat' dir='ltr'><strong>debere</strong></span> <span class='ocrx_word' id='word_1_1045' title='bbox 3530 5516 3647 5571; x_wconf 53' lang='lat' dir='ltr'><strong>&#39;ait.</strong></span> 
     </span>
     <span class='ocr_line' id='line_1_143' title="bbox 2094 5585 3646 5643; baseline -0.002 0"><span class='ocrx_word' id='word_1_1046' title='bbox 2094 5600 2253 5643; x_wconf 88' lang='lat' dir='ltr'><strong>taaue</strong></span> <span class='ocrx_word' id='word_1_1047' title='bbox 2282 5590 2536 5643; x_wconf 78' lang='lat' dir='ltr'><strong>diaconos</strong></span> <span class='ocrx_word' id='word_1_1048' title='bbox 2560 5595 2724 5641; x_wconf 77' lang='lat' dir='ltr'><strong>etiam</strong></span> <span class='ocrx_word' id='word_1_1049' title='bbox 2759 5585 2996 5642; x_wconf 79' lang='lat' dir='ltr'><strong>excludit</strong></span> <span class='ocrx_word' id='word_1_1050' title='bbox 3018 5602 3048 5640; x_wconf 90' lang='lat' dir='ltr'><strong>a</strong></span> <span class='ocrx_word' id='word_1_1051' title='bbox 3080 5597 3359 5643; x_wconf 81' lang='lat' dir='ltr'><strong>pastorum</strong></span> <span class='ocrx_word' id='word_1_1052' title='bbox 3399 5602 3646 5643; x_wconf 85' lang='lat' dir='ltr'><strong>munere.</strong></span> 
     </span>
    </p>
   </div>
   <div class='ocr_carea' id='block_1_139' title="bbox 2094 5585 3646 5661">
    <p class='ocr_par' dir='ltr' id='par_1_139' title="bbox 2094 5585 3646 5661">
     <span class='ocr_line' id='line_1_144' title="bbox 2094 5585 3646 5661; baseline -0.001 -18"><span class='ocrx_word' id='word_1_1053' title='bbox 2094 5600 2253 5661; x_wconf 65' lang='lat' dir='ltr'><strong>iaque</strong></span> <span class='ocrx_word' id='word_1_1054' title='bbox 2282 5589 2536 5661; x_wconf 80' lang='lat' dir='ltr'><strong>diaconos</strong></span> <span class='ocrx_word' id='word_1_1055' title='bbox 2560 5587 2724 5641; x_wconf 89' lang='lat' dir='ltr'><strong>etiam</strong></span> <span class='ocrx_word' id='word_1_1056' title='bbox 2759 5585 2996 5661; x_wconf 85' lang='lat' dir='ltr'><strong>excludit</strong></span> <span class='ocrx_word' id='word_1_1057' title='bbox 3018 5602 3062 5661; x_wconf 82' lang='lat' dir='ltr'><strong>a_</strong></span> <span class='ocrx_word' id='word_1_1058' title='bbox 3080 5585 3373 5661; x_wconf 5' lang='lat' dir='ltr'><strong>pastorum,</strong></span> <span class='ocrx_word' id='word_1_1059' title='bbox 3399 5602 3646 5661; x_wconf 71' lang='lat' dir='ltr'><strong>munere.</strong></span> 
     </span>
    </p>
   </div>
   <div class='ocr_carea' id='block_1_140' title="bbox 2069 5656 3653 5731">
    <p class='ocr_par' dir='ltr' id='par_1_140' title="bbox 2069 5656 3653 5731">
     <span class='ocr_line' id='line_1_145' title="bbox 2069 5656 3653 5731; baseline -0.002 -17"><span class='ocrx_word' id='word_1_1060' title='bbox 2069 5659 2134 5715; x_wconf 88' lang='lat' dir='ltr'><strong>Et</strong></span> <span class='ocrx_word' id='word_1_1061' title='bbox 2166 5656 2348 5731; x_wconf 73' lang='lat' dir='ltr'><strong>tamen</strong></span> <span class='ocrx_word' id='word_1_1062' title='bbox 2376 5658 2431 5712; x_wconf 91' lang='lat' dir='ltr'><strong>in</strong></span> <span class='ocrx_word' id='word_1_1063' title='bbox 2458 5658 2544 5713; x_wconf 91' lang='lat' dir='ltr'><strong>his</strong></span> <span class='ocrx_word' id='word_1_1064' title='bbox 2564 5672 2778 5726; x_wconf 86' lang='lat' dir='ltr'><strong>quoque</strong></span> <span class='ocrx_word' id='word_1_1065' title='bbox 2798 5656 3162 5713; x_wconf 84' lang='lat' dir='ltr'><strong>sacerdotium</strong></span> <span class='ocrx_word' id='word_1_1066' title='bbox 3187 5659 3405 5730; x_wconf 85' lang='lat' dir='ltr'><strong>agnovit</strong></span> <span class='ocrx_word' id='word_1_1067' title='bbox 3424 5657 3653 5731; x_wconf 81' lang='lat' dir='ltr'><strong>Cypria-</strong></span> 
     </span>
    </p>
   </div>
   <div class='ocr_carea' id='block_1_141' title="bbox 2075 5729 2667 5799">
    <p class='ocr_par' dir='ltr' id='par_1_141' title="bbox 2075 5729 2667 5799">
     <span class='ocr_line' id='line_1_146' title="bbox 2075 5729 2667 5799; baseline -0.005 -15"><span class='ocrx_word' id='word_1_1068' title='bbox 2075 5744 2176 5784; x_wconf 89' lang='lat' dir='ltr'><strong>nus</strong></span> <span class='ocrx_word' id='word_1_1069' title='bbox 2206 5729 2402 5799; x_wconf 88' lang='lat' dir='ltr'><strong>aliique</strong></span> <span class='ocrx_word' id='word_1_1070' title='bbox 2435 5735 2667 5783; x_wconf 80' lang='lat' dir='ltr'><strong>veteres.</strong></span> 
     </span>
    </p>
   </div>
  </div>
