3962 6180
394 196 503 257 ωε)

1373 194 1431 249 S.
1469 192 1825 250 AGOBABDI
1862 192 2175 252 EPISCOPI
2211 195 2698 254 LUGDUNENSIS

3573 196 3687 252 200

394 311 541 367 vobis
584 319 727 379 sunt,
773 312 984 367 obsecro
1026 311 1301 365 consenior
1347 320 1396 364 et
1446 312 1587 365 testis
1628 309 1827 366 Christi
1864 326 1991 380 pas-
2019 313 2324 376 Aluntarte
2347 334 2367 382 ;
2423 334 2584 388 neque
2645 317 2969 370 dominantes
3018 316 3073 369 in
3123 313 3275 368 cleris
3302 354 3315 377 ,
3368 314 3459 366 sed
3507 313 3684 383 {arma

396 403 643 465 sianum,
696 404 787 473 qui
835 411 884 456 et
932 402 1048 471 ejus
1089 418 1208 472 quin
1254 404 1309 456 in
1358 402 1536 471 futuro
1589 401 1869 457 revelanda
1911 411 1987 456 est

401 491 586 562 gloria!
629 494 1059 560 communicator,
1105 503 1303 564 pascite
1340 496 1431 565 qui
1469 504 1544 549 est
1581 497 1639 549 in
1679 494 1823 549 vobis
1868 510 1988 565 gre-

405 600 519 654 gem
546 583 663 648 Dei,
712 584 1040 652 providentes
1083 600 1189 638 non
1223 594 1420 650 coacte,
1461 583 1552 639 sed
1589 593 1869 655 spontanee
1903 598 1987 636 se-

404 673 638 729 cundum
685 673 889 738 Deum;
937 691 1100 746 neque
1151 679 1319 745 turpis
1366 674 1501 728 lucri
1550 673 1745 745 gratia,
1785 672 1877 727 sed
1905 687 1993 725 vo-

2098 409 2225 480 [αοεὶ
2275 409 2446 480 gregis
2489 424 2554 463 ea:
2586 409 2805 473 animo;
2846 415 2894 461 et
2941 423 3061 461 cum
3101 404 3405 477 apparuerit
3445 404 3688 475 princeps

2095 511 2387 573 pastorum,
2417 500 2709 573 percipietis
2729 496 3177 553 immarcescibilis
3203 493 3388 563 gloria:
3411 510 3685 549 coronam.

2098 597 2284 650 Amen.

942 927 1247 1056 LIBER
1329 924 1723 1052 CONTRA
1801 920 2155 1048 EORUM
2241 909 3138 1043 SUPERSTITIONEM

564 1151 684 1219 QUI
720 1147 1041 1206 PICTURIS
1076 1144 1166 1203 ET
1200 1144 1601 1204 lMAGlNIBUS
1637 1143 2067 1201 SANCTORUM
2104 1138 2572 1197 ADORATIONIS
2626 1134 3029 1203 OBSEQUIUM
3074 1133 3547 1193 DEFERENDUM

1853 1236 2133 1293 PUTANT
2177 1248 2226 1289 α.

571 1442 812 1498 Primum
847 1445 1175 1511 praeceptum
1209 1436 1452 1506 decalogi
1480 1441 1564 1491 est
1590 1435 1805 1491 dicente
1850 1435 2000 1491 Deo:
2030 1439 2079 1499 B
2106 1431 2287 1495 minaz,
2323 1414 2728 1485 similitudinem‘
2749 1426 2982 1480 omnium
3001 1434 3363 1497 Jumentorum
3410 1442 3528 1497 qua:
3567 1436 3697 1483 sunt

405 1537 519 1607 Ego
549 1533 805 1589 Dominus
826 1530 968 1584 Deus
1007 1541 1150 1586 tuus.
1173 1529 1263 1600 qui
1289 1528 1447 1582 edugti
1484 1536 1534 1581 te
1562 1527 1626 1581 de
1648 1537 1790 1581 terra
1821 1526 1992 1597 1Egy-

399 1632 495 1702 pti,
523 1627 588 1681 de
616 1624 770 1679 domo
803 1623 1090 1678 servitutis.
1126 1618 1250 1675 Non
1286 1619 1497 1674 habebis
1530 1619 1654 1673 deos
1683 1618 1882 1673 alienos
1939 1618 1994 1671 in

403 1728 678 1789 conspectu
702 1733 836 1771 meo.
871 1706 996 1769 Non
1034 1715 1196 1783 facies
1217 1713 1312 1767 tibi
1352 1711 1613 1783 sculptile,
1643 1708 1995 1765 necsimilitu-

405 1810 579 1864 dinem
617 1809 851 1863 omnium
880 1822 999 1877 qua:
1021 1805 1074 1857 in
1103 1802 1229 1858 coelo
1252 1812 1372 1857 sunt
1401 1802 1644 1872 desuper,
1672 1811 1719 1855 et
1745 1817 1863 1872 qua:
1886 1816 1998 1854 ver-

404 1910 591 1958 santur
609 1900 666 1952 in
680 1898 830 1969 aquis
844 1897 939 1950 sub
955 1903 1118 1949 terra.
1145 1892 1267 1947 Non
1283 1891 1531 1947 adorabis
1545 1906 1625 1956 ea,
1645 1900 1692 1944 et
1706 1907 1808 1944 non
1835 1888 1992 1944 coles.

403 1992 486 2046 Ad
505 2004 624 2060 quae
647 1989 811 2044 verba
835 1989 1025 2042 beatus
1050 1983 1385 2054 Augustinus
1423 1980 1743 2035 brevissime
1770 1977 1996 2047 subjun-

404 2082 705 2153 git,dicens
737 2071 961 2150 (Homil.
995 2077 1049 2129 in
1078 2072 1253 2128 Exod.
1281 2087 1402 2141 cap.
1425 2069 1465 2141 ι)
1492 2084 1507 2124 :
1538 2088 1559 2122 ι
1586 2068 1643 2123 ln
1661 2071 1837 2140 primo
1858 2085 1999 2142 pra:-

410 2179 570 2242 cepto
596 2169 914 2241 prohibetur
938 2168 1119 2236 aliqua
1152 2166 1206 2221 in
1237 2164 1508 2235 figmentis
1555 2162 1837 2218 hominum
1899 2162 1997 2218 Dei

417 2266 744 2331 similitudo;
771 2281 880 2319 non
918 2262 1043 2332 quia
1071 2275 1179 2315 non
1207 2259 1368 2313 habet
1393 2257 1682 2328 imaginem
1710 2256 1872 2322 Deus,
1902 2255 1999 2311 sed

412 2358 540 2428 quia
586 2356 733 2411 nulla
760 2354 876 2423 ejus
903 2355 1081 2424 imago
1121 2348 1223 2405 coli
1277 2349 1459 2413 debet,
1496 2348 1600 2402 nisi
1650 2347 1741 2401 illa
1794 2362 1915 2417 quae
1943 2355 2000 2401 et

409 2446 513 2502 hoc
538 2452 621 2500 est
649 2443 790 2513 quod
819 2443 956 2511 ipse,
988 2454 1088 2493 nec
1121 2440 1234 2507 ipsa
1259 2452 1360 2507 pro
1384 2437 1496 2500 illo,
1530 2436 1625 2490 sed
1670 2450 1794 2491 cum
1832 2434 1941 2491 illo.
1974 2453 1993 2488 ι

413 2536 540 2591 llaec
570 2534 755 2589 dicens
804 2533 996 2586 beatus
1030 2528 1365 2599 Augustinus
1416 2527 1574 2582 docet
1613 2540 1712 2581 nos
1762 2526 2001 2581 breviter

410 2628 645 2699 qualiter
666 2634 723 2681 et
774 2632 969 2680 caetera
1018 2619 1325 2690 hujusmodi
1370 2628 1641 2689 prrecepta
1695 2620 2001 2690 intelligere

410 2720 723 2776 debeamus.
752 2714 888 2771 Nam
913 2729 1036 2770 cum
1061 2712 1315 2767 distincte
1341 2713 1673 2767 dicaturnon
1690 2709 1997 2766 faciendam

2101 1539 2263 1593 super
2289 1530 2503 1583 terram,
2529 1519 2605 1574 vel
2632 1519 2805 1573 avium
2840 1517 2936 1571 sub
2991 1515 3115 1570 coelo
3165 1515 3478 1584 volantium,
3534 1527 3696 1590 atque

2099 1614 2363 1687 reptilium
2385 1629 2503 1685 qua:
2528 1621 2800 1666 moventur
2819 1610 2875 1664 in
2917 1619 3082 1675 terra,
3104 1610 3209 1663 sive
3238 1609 3463 1680 piscium
3488 1612 3577 1681 qui
3590 1609 3691 1665 sub

2101 1717 2242 1762 terra
2268 1715 2547 1760 morantur
2566 1706 2622 1758 in
2656 1704 2846 1775 aquis;
2879 1720 2942 1757 ne
2964 1702 3098 1771 forte
3144 1701 3312 1756 oculis
3361 1702 3574 1759 elevatis
3614 1706 3687 1759 ad

2106 1799 2315 1863 caelum,
2345 1797 2520 1852 videas
2547 1794 2708 1849 solem
2738 1804 2787 1849 et
2818 1796 2995 1849 omnia
3036 1800 3181 1847 astra
3230 1792 3366 1858 caeli,
3410 1802 3461 1848 et
3511 1810 3692 1848 errore

2100 1891 2344 1961 deceptus
2368 1888 2554 1943 adores
2584 1903 2645 1941 ea
2670 1895 2719 1940 et
2743 1885 2906 1940 colas.
2933 1884 2993 1939 In
3023 1885 3220 1956 quibus
3251 1886 3431 1941 verbis
3450 1902 3693 1943 summo—

2100 1998 2231 2055 pere
2252 1982 2551 2037 notandum
2574 1988 2681 2044 est,
2708 1977 2835 2049 quia
2866 1978 2911 2033 si
2957 1993 3123 2049 opera
3150 1993 3407 2032 manuum
3435 1978 3531 2033 Dei
3580 1991 3691 2033 non

2100 2083 2227 2129 sunt
2256 2071 2532 2128 adoranda
2557 2079 2613 2125 et
2633 2069 2880 2133 colenda,
2907 2084 3006 2123 nec
3027 2071 3084 2125 in
3126 2069 3333 2124 honore
3356 2068 3451 2122 Dei
3485 2074 3693 2140 quanto

2100 2166 2277 2236 magis
2309 2178 2474 2235 opera
2507 2178 2765 2217 manuum
2786 2162 3066 2217 hominum
3088 2177 3196 2217 non
3225 2169 3351 2218 sunt
3409 2161 3690 2217 adoranda

2102 2266 2156 2312 et
2178 2256 2422 2321 colenda,
2452 2270 2553 2309 nec
2578 2254 2635 2308 in
2664 2254 2870 2308 honore
2903 2268 3092 2309 eorum
3112 2267 3345 2323 quorum
3374 2251 3689 2308 similitudi-

2101 2368 2200 2409 nes
2226 2368 2345 2408 esse
2379 2351 2655 2406 dicuntur.

2171 2442 2234 2497 ll.
2268 2442 2349 2497 Ex
2381 2443 2519 2497 libro
2540 2439 3014 2512 sanctiAugustini
3043 2440 3108 2494 de
3121 2438 3355 2495 Civitate
3368 2438 3464 2494 Dei
3487 2455 3521 2492 χ
3545 2437 3688 2509 (cap.

2103 2534 2156 2607 i)
2187 2535 2384 2606 quibus
2409 2534 2584 2589 modis
2613 2530 2792 2590 cultus
2818 2532 3029 2587 dicatur
3066 2550 3078 2585 :
3112 2548 3131 2581 ι
3163 2528 3465 2586 Videndum
3496 2545 3561 2585 ac
3579 2529 3693 2585 dis-

2103 2626 2394 2681 serendum
2443 2632 2548 2689 est,
2583 2632 2846 2693 quantum
2912 2623 3056 2677 Deus
3113 2622 3298 2685 donat,
3356 2619 3695 2675 immortales

2105 2733 2171 2773 ac
2197 2718 2411 2774 beatiin
2441 2717 2754 2773 coelestibus
2766 2716 3005 2781 sedibus,
3030 2712 3510 2778 dominationibus,
3536 2713 3695 2782 prin-

413 2810 822 2868 Simililudinem
843 2805 1085 2862 omnium
1113 2818 1233 2872 quae
1261 2803 1315 2857 ῖη
1344 2803 1483 2857 εαθιο
1515 2811 1659 2868 δυηιν
1690 2810 1783 2856 θυι
1805 2816 1924 2873 (111εὲ
1939 2801 1996 2855 ίη
2024 2787 2069 2850 α
2107 2810 2395 2880 cipatibus,
2430 2810 2793 2880 potestatibus
2822 2807 3125 2871 constituti,
3149 2822 3287 2876 quos
3328 2805 3421 2860 isti
3443 2806 3592 2871 deos,
3635 2812 3697 2860 et

412 2910 581 2964 terra,
619 2914 727 2953 non
741 2898 807 2952 de
831 2895 961 2952 solis
986 2891 1428 2948 similitudinibus
1449 2891 1749 2947 alienorum
1773 2891 1999 2949 deorum

414 2989 737 3061 intelligitur
764 2989 988 3051 dictum,
1018 2985 1111 3041 sed
1155 2990 1210 3039 et
1237 2984 1305 3041 de
1352 2983 1663 3039 cmlestibus
1709 2983 1997 3049 creaturis,

411 3087 504 3134 aut
527 3095 646 3150 qua:
680 3080 732 3133 in
764 3079 970 3133 honore
998 3079 1260 3134 creatoris
1281 3079 1550 3133 humanus
1579 3090 1773 3131 sensus
1822 3075 2001 3147 potuit

413 3173 740 3245 excogitare.
768 3172 996 3243 Propter
1029 3174 1172 3243 quod
1202 3181 1256 3228 et
1293 3182 1479 3243 aperte
1515 3171 1725 3243 Moyses
1759 3171 1999 3241 loquitur

415 3264 482 3319 ad
508 3263 784 3334 p0pulum,
811 3263 998 3318 dicens
1030 3282 1044 3317 :
1074 3263 1306 3318 Locutus
1358 3272 1431 3318 est
1479 3262 1737 3320 Dominus
1789 3264 1858 3317 ad
1907 3279 1998 3318 vos

411 3353 479 3408 de
495 3354 664 3408 medio
690 3354 845 3423 ignis.
886 3351 1074 3408 Vocem
1105 3354 1379 3407 verborum
1404 3353 1522 3425 ejus
1550 3352 1797 3418 audistis,
1824 3363 1873 3407 et
1889 3352 2003 3422 [or-

416 3464 557 3501 mam
585 3448 792 3517 penitus
821 3463 926 3502 non
958 3446 1180 3501 vidistis.
1213 3446 1282 3500 Et
1313 3454 1437 3516 post
1461 3460 1632 3516 pauca
1661 3463 1674 3500 :
1732 3443 2003 3499 Custodite

410 3538 578 3607 igitur
601 3536 823 3592 sollicite
852 3537 1059 3591 animas
1086 3545 1305 3591 vestras.
1341 3535 1465 3591 Non
1515 3536 1721 3590 vidistis
1766 3534 2001 3606 aliquam

417 3628 815 3683 similitudinem
840 3628 895 3682 in
916 3628 1000 3682 die
1027 3646 1132 3700 qua
1153 3628 1358 3683 locutus
1390 3637 1465 3683 est
1494 3628 1751 3682 Dominus
1779 3629 1919 3682 vobis
1945 3630 2002 3683 in

423 3717 598 3773 Πονεὸ
622 3719 685 3773 de
712 3719 882 3773 medio
912 3720 1082 3790 ignis;
1103 3737 1165 3775 ne
1191 3720 1324 3791 forte
1349 3720 1548 3791 decepti
1592 3720 1806 3789 faciatis
1857 3721 2000 3776 vobis

417 3807 675 3879 sculptam
700 3809 1121 3877 similitudinem,
1145 3820 1236 3865 aut
1257 3811 1537 3881 imaginem
1565 3807 1789 3865 masculi
1818 3809 1894 3864 vel
1923 3811 1998 3880 fe-

2104 2915 2173 2955 ex
2203 2900 2401 2971 quibus
2429 2900 2695 2969 quosdam
2719 2898 2805 2955 vel
2834 2899 3007 2954 bonos
3044 2898 3338 2962 daemones,
3380 2895 3467 2951 vel
3502 2895 3694 2952 nobis-

2105 3008 2230 3050 cum
2253 2994 2474 3065 angelos
2502 2992 2804 3057 nominant,
2831 2991 3102 3063 quomodo
3141 2990 3397 3046 credendi
3429 2987 3697 3044 sintvelle

2103 3102 2136 3142 a
2158 3087 2315 3142 nobis
2340 3086 2652 3156 religionem
2680 3085 3050 3155 pietatemque
3082 3083 3323 3148 servari;
3355 3083 3459 3138 hoc
3498 3089 3605 3147 est,
3633 3090 3697 3137 ut

2102 3181 2348 3251 apertius
2377 3179 2574 3244 dicam,
2605 3186 2790 3234 utrum
2813 3177 2976 3232 etiam
3008 3175 3135 3239 sibi,
3191 3190 3260 3229 an
3312 3182 3524 3228 tantum
3581 3174 3698 3228 Deo

2102 3288 2222 3338 suo,
2250 3273 2344 3343 qui
2371 3271 2535 3326 etiam
2566 3278 2753 3326 noster
2779 3278 2884 3336 est,
2916 3269 3132 3339 placeat
3158 3268 3240 3322 eis
3272 3275 3329 3321 ut
3353 3282 3511 3322 sacra
3527 3264 3698 3321 facia-

2104 3377 2230 3417 mus
2252 3371 2307 3417 ct
2328 3363 2725 3427 sacriﬁcemus,
2756 3360 2840 3415 vel
2865 3360 3046 3431 aliqua
3069 3366 3275 3424 nostra,
3297 3373 3392 3412 seu
3422 3373 3521 3411 nos
3546 3357 3698 3427 ipsos

2110 3454 2388 3525 religionis
2422 3454 2617 3508 ritibus
2639 3467 3041 3507 consecremus.
3078 3450 3178 3505 llic
3215 3457 3301 3504 est
3322 3448 3466 3503 enim
3495 3448 3699 3502 divini-

2109 3544 2227 3608 tati,
2263 3544 2368 3608 vel,
2397 3544 2442 3598 si
2471 3543 2780 3612 expressius
2811 3542 3098 3598 dicendum
3127 3549 3235 3605 est,
3258 3538 3443 3595 deitati
3479 3538 3701 3593 debitus

2109 3635 2321 3700 cultus;
2348 3644 2569 3705 propter
2597 3649 2760 3706 quem
2788 3649 2896 3689 uno
2920 3634 3088 3689 verbo
3104 3632 3541 3703 signiﬁcandum,
3557 3644 3698 3699 quo-

2104 3723 2254 3778 niam
2276 3724 2414 3780 mihi
2442 3725 2576 3780 satis
2598 3725 2853 3779 idoneum
2878 3739 2985 3779 non
3002 3730 3242 3778 OCCUI‘l‘ll
3260 3721 3534 3785 Latinum,
3550 3718 3699 3776 Gm-

2102 3831 2168 3871 co
2194 3817 2285 3872 ubi
2313 3832 2538 3873 necesse
2563 3825 2648 3873 est
2674 3817 2890 3873 insinuo
2910 3817 3041 3888 quid
3057 3815 3214 3871 velim
3230 3814 3429 3871 dicere.
3450 3812 3692 3868 Latriam

1795 3900 2070 3961 BALUZII
2109 3907 2342 3964 ΝΟΤᾹΞ.

514 3989 867 4075 {luvaluerat
885 4005 1000 4045 aevo
1031 3992 1302 4075 a‘gobardi
1331 3992 1566 4075 pessima
1596 3992 1931 4075 superstitio,
1961 4003 2023 4075 ut
2119 4001 2797 4075 movepuntauctojitatem
2814 4016 3064 4075 “censuras
3101 4000 3408 4075 Hispaniae
3430 4000 3696 4075 accardi-

426 4059 819 4133 existimarent
858 4059 1103 4133 nonnulli
1132 4059 1467 4133 imaginibus
1490 4059 1808 4133 sanctorum
1851 4064 1923 4117 ita
1957 4072 2018 4118 ut

419 4127 637 4202 Deiﬁed:
673 4129 926 4202 Trinitati
957 4127 1365 4202 servitiumfaut
1404 4131 1773 4202 adorationem
1801 4132 2011 4202 impen-

419 4197 474 4270 d_i
506 4198 727 4270 debere.
764 4197 918 4264 Quod
954 4200 1089 4270 adeo
1128 4200 1353 4270 impium
1400 4200 1580 4270 visum
1611 4208 1696 4255 est
1753 4197 2013 4259 Ecclesiae

423 4266 737 4341 Gallicanae,
771 4278 830 4341 u_t
850 4277 905 4323 et
932 4269 1173 4341 episcopi
1203 4266 1256 4324 in
1285 4271 1491 4341 synodo
1524 4268 2005 4329 Francofordiensi

420 4339 739 4410 congregati
774 4338 1151 4413 damnaverint
1191 4338 1488 4413 secundam
1534 4343 1803 4413 synodum
1832 4342 2005 4400 Nicae-

423 4424 569 4481 nam,
626 4424 745 4479 quae
770 4410 1143 4481 adorationum
1188 4411 1336 4465 illam
1387 4410 1685 4481 imaginum
1725 4412 2003 4470 videbatur

417 4479 737 4556 imperasse,
771 4489 826 4535 et
872 4479 1099 4556 Carolus
1123 4481 1241 4553 ipso
1283 4479 1525 4556 Magnus;
1553 4484 1752 4556 styluim
1790 4499 2005 4556 quoque

424 4550 685 4624 adversus
714 4550 1171 4624 eamhstrinxisse
1214 4550 1453 4624 putetur.
1503 4550 1777 4609 Ludovico
1806 4550 2005 4612 deinde

419 4618 535 4681 Pio.
585 4620 763 4676 Caroli
798 4621 931 4689 lilio,
964 4618 1246 4694 regnante,
1276 4624 1499 4694 emicuit
1537 4638 1767 4694 rursum
1818 4626 1873 4681 in
1901 4627 2005 4682 hoc

424 4701 744 4765 argumento
809 4694 974 4765 ardor
1022 4692 1407 4765 episcoporum
1453 4692 1682 4747 Galliae:
1737 4696 1831 4765 qui
1879 4712 2005 4751 cum

426 4760 799 4834 adorationem
844 4763 990 4817 illam
1020 4760 1488 4834 imaginuml‘erre
1517 4779 1623 4817 non
1652 4760 1893 4833 possent,
1916 4767 2004 4821 ni-

414 4830 495 4887 hil
520 4830 847 4887 intentatum
880 4830 1216 4902 reliquerunt
1258 4848 1365 4902 quo
1416 4842 1624 4888 mentes
1652 4830 1890 4892 ﬁdelium
1935 4838 2006 4893 ab

415 4915 482 4955 eo
507 4916 692 4958 errore
718 4911 1062 4959 revocarent.
1093 4903 1159 4957 Et
1179 4903 1417 4967 omnino,
1449 4904 1574 4958 dum
1604 4907 1893 4962 studebant
1916 4922 2007 4961 ve-

419 4972 594 5048 ritati,
628 4973 954 5048 videbantur
998 4974 1177 5028 facere
1220 4975 1622 5048 contumeliam
1652 4977 2001 5048 imaginibus,

418 5043 619 5115 quibus
655 5044 909 5100 crederes
931 5059 1278 5101 asseverasse
1305 5045 1512 5100 nullum
1541 5046 1746 5101 cultum
1766 5043 1961 5104 deberi
1988 5065 2003 5112 ;

417 5113 731 5185 retinendas
750 5121 961 5187 tamen,
1000 5123 1060 5170 ut
1086 5130 1152 5169 ex
1182 5132 1368 5171 earum
1401 5127 1622 5187 aspectu
1655 5117 1840 5175 ﬁdeles
1866 5119 2007 5174 exci-

423 5190 673 5239 tarentur
694 5186 761 5240 ad
784 5187 1144 5242 imitationem
1181 5186 1494 5242 sanctorum
1524 5189 1823 5243 hominum.
1857 5189 2006 5245 Unus

419 5253 718 5340 multorum
754 5257 907 5340 huic_
928 5259 1078 5329 operi
1105 5257 1715 5340 incubuitﬁgobardus,
1748 5260 1844 5314 sed
1870 5261 2006 5340 adeo

416 5323 795 5404 vehementer,
854 5336 913 5382 ut
959 5323 1247 5404 prepterea
1271 5323 1723 5404 existimaverint
1758 5330 2001 5404 nonnulli

415 5390 619 5448 librum
642 5390 788 5452 hunc
805 5412 911 5452 non
949 5390 1079 5455 ésse'
1092 5399 1381 5454 admodum
1405 5398 1754 5454 catholicum.
1784 5400 1892 5455 Sed
1920 5409 2005 5457 ta—

417 5476 544 5546 men
570 5465 787 5546 quidam
808 5468 884 5538 pii
910 5469 1213 5539 eruditique
1232 5469 1356 5546 viri,
1391 5476 1507 5546 post
1536 5485 1647 5523 rem
1672 5469 1832 5546 istam
1854 5485 2008 5526 accu-

422 5541 546 5610 rate
559 5533 1200 5610 discussam,_senseru'nt
1225 5539 1359 5593 nihil
1391 5533 1445 5594 in
1471 5554 1537 5593 eo
1550 5553 1670 5593 esse
1692 5541 1833 5610 quod
1852 5555 2008 5609 aper-

420 5608 476 5659 te
498 5603 663 5664 violet
688 5604 846 5662 ﬁdem
875 5607 1151 5676 Ecclesiaz,
1181 5610 1423 5683 adeoque
1460 5610 1529 5665 ab
1547 5603 1835 5684 Agobardo
1859 5603 2005 5671 sitm~

2119 4070 2258 4154 nalis
2280 4069 2519 4154 Baronii.
2559 4072 2670 4154 Ego
2688 4069 3382 4154 [crediderinrAgoba‘rdum
3411 4070 3696 4154 scripsisse

2117 4142 2258 4209 quod
2272 4157 2461 4196 omnes
2474 4150 2585 4196 tum
2615 4141 2669 4196 in
2682 4141 2851 4198 Gallia
2864 4184 2879 4207 ,
2897 4151 2956 4196 ut
2967 4141 3129 4197 etiam
3145 4158 3175 4196 a
3199 4142 3490 4196 Sirmundo
3504 4142 3695 4196 obser-

2118 4219 2300 4265 vatum
2325 4221 2423 4273 est,
2450 4213 2774 4268 sentiebant.
2796 4212 3182 4268 Saneinstituti
3199 4212 3306 4269 mei
3334 4228 3439 4267 non
3466 4218 3549 4266 est
3569 4226 3697 4280 pro-

2116 4281 2368 4337 nuntiare
2398 4283 2464 4337 de
2491 4283 2674 4338 arduis
2704 4283 2853 4339 hisce
2881 4284 3288 4352 quaestionibus.
3343 4282 3597 4337 Attamen
3620 4282 3695 4335 si-

2110 4352 2219 4424 lere
2242 4367 2346 4406 non
2375 4368 2593 4423 possum
2634 4353 2773 4424 mihi
2795 4353 2951 4410 valde
2978 4354 3196 4424 placere
3218 4354 3435 4424 decreta
3467 4352 3694 4424 concilii

2105 4420 2516 4479 Cameracensis
2562 4423 2731 4478 habiti
2754 4440 2899 4479 anno
2952 4420 3088 4480 l565
3131 4426 3231 4479 sub
3262 4421 3630 4478 Maximiliano
3661 4438 3693 4477 a

2105 4493 2315 4565 Bergis,
2338 4493 2746 4565 archiepiscopo
2774 4493 3176 4557 Cameracensi,
3199 4495 3344 4565 quod
3385 4494 3463 4565 sic
3500 4493 3694 4565 statuit

2107 4564 2161 4647 in
2185 4562 2350 4647 causa
2396 4562 2693 4647 imaginum
2720 4582 2733 4618 :
2779 4583 2798 4615 ι
2827 4565 3125 4647 .Imagines
3155 4562 3477 4647 initernplis
3494 4562 3694 4647 “nulla:

2110 4642 2440 4700 statuantur,
2473 4629 2842 4707 nisiepiscopi
2868 4629 3138 4691 consensu
3167 4643 3223 4707 et
3238 4629 3551 4707 judicio._$i
3573 4649 3695 4704 quae

2109 4715 2289 4761 autem
2331 4716 2526 4761 erecta:
2577 4703 2806 4771 fuerint,
2846 4722 2911 4760 ac
2945 4721 3058 4774 prae
3088 4722 3146 4761 se
3193 4705 3372 4760 ferant
3394 4703 3695 4774 quidquam

2107 4777 2250 4847 quod
2270 4793 2378 4831 non
2397 4778 2606 4847 deceat,
2630 4792 2804 4847 neque
2826 4773 3113 4847 prototypo
3149 4773 3429 4847 congruat,
3448 4773 3573 4847 tolli
3599 4790 3695 4829 eas

2108 4845 2203 4900 aut
2229 4848 2427 4901 mutari
2469 4845 2678 4915 jubeto.
2708 4845 2975 4901 Doceatur
3000 4845 3275 4917 prmterea'
3298 4845 3529 4916 populus
3557 4846 3695 4898 ima-

2106 4917 2218 4987 gini
2273 4918 2477 4972 nullum
2508 4918 2715 4989 cultum
2751 4917 2936 4972 deberi
2991 4926 3086 4971 aut
3122 4926 3357 4989 propter
3380 4917 3689 4989 materiam,

2108 4985 2204 5069 aut
2231 4996 2457 5069 propter
2474 4987 2827 5069 elegantiam,
2857 4995 2953 5069 aut
2972 4985 3194 5069 propter
3220 4985 3465 5069 pretium
3481 4985 3687 5069 operis,

2108 5065 2204 5111 aut
2230 5054 2450 5128 propter
2494 5054 2706 5127 quidvis
2761 5058 2907 5113 aliud
2948 5054 3093 5128 quod
3123 5060 3195 5113 sit
3224 5054 3291 5114 ’in
3323 5054 3557 5128 artificio
3602 5062 3693 5109 aut

2108 5125 2361 5199 imaginis
2389 5125 2695 5183 substantia
2720 5145 2733 5192 ;
2764 5130 2860 5183 sed
2894 5125 3117 5199 propter
3161 5146 3274 5184 rem
3304 5125 3689 5199 signiﬁcatam,

2109 5198 2177 5282 ad
2201 5194 2361 5283 quam
2393 5199 2480 5253 hic
2506 5199 2683 5283 cultus
2703 5207 2765 5283 et
2803 5194 2975 5281 honos
2997 5194 3289 5283 praecipue
3334 5194 3597 5283 refertur.

2110 5270 2189 5324 sic
2221 5266 2595 5324 admonendus
2636 5279 2721 5325 est
2755 5270 2997 5325 animum
3020 5266 3228 5326 orantis
3258 5277 3353 5325 aut
3379 5266 3695 5322 venerantis

2110 5340 2164 5395 in
2191 5355 2305 5395 rem
2336 5341 2601 5412 signatam
2627 5339 2839 5407 referri,
2867 5350 2922 5396 et
2941 5355 3045 5395 non
3063 5341 3125 5412 in
3152 5343 3404 5412 signum,_
3417 5337 3560 5407 quod
3585 5350 3695 5412 nec

2110 5411 2278 5474 audit,
2311 5406 2412 5465 nec
2435 5411 2601 5476 videt,
2650 5427 2751 5467 nec
2796 5412 2978 5467 sentit.
3017 5430 3034 5463 ι
3062 5406 3558 5467 Ἣόεᾮιιίίειιῄωη
3585 5406 3697 5461 Du-

2110 5481 2267 5557 randi
2298 5481 2351 5536 in
2383 5481 2539 5557 _l_ibro
2568 5482 2806 5557 secundo
2849 5483 2915 5540 de
2962 5482 3125 5539 modo
3165 5480 3436 5557 generalis
3474 5477 3695 5538 conetlii

2110 5551 2442 5617 celebrandi,
2460 5566 2579 5626 cap.
2606 5551 2694 5609 57.
