3962 6180
339 239 446 302 2m

1357 241 1555 303 LIBER
1594 248 1681 303 DE
1721 241 2117 303 lMAUlNlBUS
2158 241 2602 304 SANCTORUM.

3514 244 3620 301 28?.

343 364 549 434 quippe
580 362 773 427 nostri,
839 365 1148 436 ubicunque
1200 387 1479 427 sacrarum
1528 372 1935 443 Seripturarum
1962 378 2013 436 Α
2039 380 2223 440 patur,
2257 378 2312 423 et
2341 367 2532 424 Latine
2562 368 2954 437 interpretatur
2988 366 3246 432 servitus,
3277 364 3371 422 sed
3421 379 3483 421 ea
3516 383 3621 437 qua

347 452 589 522 positum
619 459 723 517 est,
753 452 1101 524 interpretati
1134 469 1263 515 sunt
1307 463 1644 517 servitutem.
1707 461 1816 516 Sed
1874 477 1939 516 ea

345 540 598 606 servitus,
630 556 752 609 quae
778 542 1012 598 debetur
1054 546 1383 616 hominibus,
1438 552 1734 606 secundum
1778 565 1937 619 quam

342 633 595 705 prmcipit
620 633 914 704 Apostolus
942 652 1127 693 servos
1146 640 1380 697 dominis
1410 643 1524 698 suis
1554 642 1800 698 subditos
1820 655 1941 696 esse

342 722 568 787 debere,
593 722 702 777 alio
732 725 958 780 nomine
986 725 1174 783 Grmce
1202 732 1503 801 nuncupari
1552 730 1709 787 solet.
1747 730 1934 786 Latria

342 828 481 868 vero
506 823 805 868 secundum
830 819 1275 875 consuetudinem
1317 836 1424 892 qua
1463 822 1631 878 locuti
1674 832 1803 878 sunt
1848 822 1940 893 qui

343 903 511 956 nobis
548 902 731 957 divina
757 904 976 975 eloquia
1022 906 1404 979 condiderunt,
1442 920 1537 967 aut
1589 928 1805 983 semper
1846 922 1940 968 aut

344 1000 465 1046 tam
482 992 800 1063 frequenter
824 1005 885 1050 ut
921 1011 1060 1066 pene
1088 1014 1317 1072 semper,
1354 1018 1420 1058 ea
1443 1003 1641 1059 dicitur
1684 1004 1937 1070 servitus,

347 1098 476 1154 quae
500 1085 734 1153 pertinet
776 1085 846 1140 ad
877 1086 1163 1144 colendum
1203 1091 1397 1148 Deum.
1444 1092 1676 1148 Proinde
1728 1094 1774 1149 si
1819 1102 1940 1149 tan-

348 1173 631 1228 tummodo
665 1175 847 1229 cultus
898 1177 1017 1245 ipse
1062 1178 1297 1246 dicatur,
1328 1197 1437 1237 non
1471 1182 1573 1238 soli
1608 1183 1721 1239 Deo
1751 1184 1937 1239 deberi

344 1263 589 1317 videtur.
622 1265 863 1321 Dicimur
888 1269 1037 1323 enim
1064 1271 1229 1325 etiam
1261 1272 1441 1328 colere
1482 1274 1753 1341 homines,
1804 1290 1940 1344 quos

344 1354 657 1412 honoriﬁca
675 1358 759 1413 vel
782 1361 1161 1418 recordatione
1178 1364 1266 1419 vel
1305 1366 1593 1435 praesentia
1632 1366 1939 1436 frequenta-

342 1460 503 1501 mus.
534 1445 644 1502 Nee
670 1448 838 1504 solum
862 1464 927 1506 ea
958 1452 1153 1522 quibus
1192 1469 1294 1510 nos
1333 1457 1589 1529 religiosa
1634 1457 1938 1515 humilitate
2020 1482 2023 1485 ν

340 1539 695 1609 subjicimus,
725 1543 819 1599 sed
859 1546 1109 1614 quredam
1151 1548 1317 1602 etiam
1367 1565 1487 1619 qua:
1528 1548 1769 1618 subjecta
1811 1552 1938 1606 sunt

342 1630 512 1686 nobis
552 1634 909 1703 perhibentur
932 1638 1058 1693 coli.
1096 1638 1234 1695 Nam
1257 1657 1323 1697 ex
1353 1643 1457 1697 hoc
1484 1644 1649 1699 verbo
1697 1650 1754 1699 et
1791 1644 1936 1715 agri-

2042 462 2271 516 colimus
2303 461 2468 515 Deum
2512 479 2524 513 :
2576 460 2659 515 vel
2708 476 2829 531 qure
2882 462 3125 536 θρησκεία
3172 458 3380 525 Graece,
3432 458 3626 516 Latine

2042 561 2223 605 autem
2244 550 2434 619 religio
2461 550 2678 616 dicitur,
2728 552 2823 607 sed
2874 566 2937 606 ea
2981 563 3101 620 quae
3154 550 3313 606 nobis
3360 560 3447 606 est
3495 567 3623 624 erga

2040 640 2212 694 Deum
2244 657 2258 705 ;
2285 639 2370 694 vel
2397 652 2560 708 quam
2586 639 2664 694 illi
2690 642 3003 706 θεοσέϐειαν,
3032 654 3132 695 nos
3178 653 3309 695 vero
3364 655 3472 695 non
3515 656 3625 696 uno

2040 732 2207 786 verbo
2231 728 2557 801 exprimere,
2588 730 2683 785 sed
2736 730 2833 785 Dei
2879 730 3084 785 cultum
3113 744 3405 800 possumus
3443 731 3625 802 appel-

2039 822 2155 879 lare
2192 843 2204 878 :
2237 825 2382 880 hanc
2403 823 2455 879 ei
2477 830 2686 878 tantum
2713 823 2825 878 Deo
2851 822 3035 879 deberi
3073 823 3305 877 dicimus
3342 823 3433 892 qui
3462 838 3625 878 verus

2037 922 2123 973 est
2147 916 2312 981 Deus,
2335 914 2572 984 facitque
2602 930 2730 970 suos
2757 913 2995 969 cultores
3016 913 3163 969 deos.
3181 912 3499 983 Quicunque
3526 913 3627 983 igi—

2040 1014 2130 1062 tur
2155 1014 2284 1061 sunt
2336 1007 2391 1061 in
2441 1005 2753 1061 coelestibus
2804 1005 3231 1061 habitationibus
3293 1004 3627 1062 immortales

2038 1104 2094 1152 et
2124 1097 2286 1161 beati,
2317 1096 2483 1151 sinos
2520 1110 2628 1155 non
2658 1102 2863 1161 amant,
2897 1110 2997 1150 nec
3044 1096 3235 1151 beatos
3269 1110 3391 1153 esse
3410 1111 3512 1153 nos
3530 1114 3629 1154 vo—

2038 1185 2174 1251 lunt,
2205 1184 2414 1239 colendi
2454 1183 2642 1252 utique
2687 1198 2794 1237 non
2825 1192 2981 1249 sunt;
3031 1184 3078 1237 si
3115 1191 3296 1238 autem
3345 1193 3533 1238 amant
3569 1197 3634 1238 et

2037 1275 2227 1331 beatos
2247 1290 2368 1331 esse
2399 1274 2604 1341 volunt,
2633 1273 2879 1344 profecto
2905 1274 3029 1329 inde
3056 1273 3266 1341 volunt,
3299 1273 3438 1329 unde
3453 1283 3507 1329 et
3524 1275 3605 1345 ips
3630 1294 3641 1327 |

2038 1375 2183 1421 sunt.
2210 1386 2227 1418 ι

2107 1456 2166 1511 In
2194 1456 2384 1511 eodem
2414 1456 2553 1512 libro
2596 1465 2720 1527 post
2760 1470 2930 1526 pauca
2983 1453 3135 1526 (Cap.
3156 1454 3212 1527 4)
3246 1473 3259 1508 :
3298 1473 3318 1507 ‹
3352 1453 3491 1511 Huic
3528 1471 3628 1511 nos

2037 1547 2375 1611 servitutem,
2408 1561 2528 1616 (jure
2546 1544 2704 1599 latria
2727 1543 2914 1599 Graece
2943 1543 3291 1610 dicitur,sive
3318 1544 3373 1599 in
3399 1545 3626 1614 quibus-

2037 1652 2142 1707 que
2173 1636 2553 1701 sacramentis,
2588 1636 2701 1690 sive
2735 1634 2788 1688 in
2813 1635 2968 1690 nobis
2996 1634 3127 1704 ipsis
3153 1634 3435 1690 debemus.
3455 1634 3627 1706 Hujus

343 1722 483 1778 0013!
502 1732 559 1778 ει
576 1724 752 1779 001οηὶ
775 1735 831 1781 ει
862 1728 1054 1784 incolae
1074 1740 1357 1787 vocantur.
1378 1731 1448 1787 Et
1474 1733 1619 1802 ipsos
1644 1735 1774 1790 deos
1823 1748 1928 1787 non
1958 1724 2005 1782 B
2033 1727 2175 1782 enim
2204 1725 2463 1796 templum
2491 1725 2649 1781 simul
2670 1733 2951 1791 omnes,et
2976 1724 3170 1793 singuli
3185 1725 3381 1797 templa
3409 1740 3623 1783 sumus:

341 1815 422 1871 ob
439 1815 584 1871 aliud
613 1817 888 1888 appellant
904 1820 1199 1890 ctelicolas,
1219 1824 1325 1878 nisi
1348 1825 1491 1894 quod
1518 1824 1713 1881 coelum
1727 1826 1936 1892 colant;

340 1920 457 1960 non
490 1907 678 1976 utique
728 1911 1058 1977 venerando,
1102 1914 1199 1969 sed
1245 1913 1627 1982 inhabitando,
1680 1926 1941 1987 tanquam

341 1995 473 2050 ραιιί
503 1997 773 2066 quosdam
795 1999 1047 2066 colonos;
1066 2018 1172 2058 non
1202 2005 1345 2060 sicut
1373 2005 1715 2076 appellantur
1739 2008 1936 2073 coloni,

342 2087 442 2157 qui
468 2089 837 2145 conditionem
879 2091 1078 2148 debent
1103 2096 1326 2165 genitali
1358 2097 1474 2153 solo
1522 2106 1746 2169 propter
1792 2100 1939 2171 agri-

342 2179 621 2234 culturam
647 2182 747 2237 sub
778 2183 1018 2240 dominio
1061 2200 1458 2255 possessorum,
1498 2190 1611 2254 sed,
1665 2190 1806 2245 sicut
1864 2191 1943 2245 ait

342 2269 571 2338 quidam
602 2269 783 2328 Latini
805 2273 1007 2343 eloquii
1036 2290 1267 2345 magnus
1292 2284 1485 2335 auctor
1516 2278 1690 2353 (Virg.
1731 2280 1864 2334 λΕη.
1896 2297 1936 2348 ι,

346 2357 479 2426 ίδ);

513 2466 638 2517 Urbs
659 2471 856 2533 antiqua
884 2469 994 2534 fuit,
1017 2470 1157 2535 Tyrii
1181 2481 1395 2526 tenuere
1422 2475 1600 2527 coloni.

344 2569 743 2627 Abincolenuo
770 2574 992 2630 colonos
1015 2579 1259 2645 vocavit,
1308 2595 1415 2634 non
1461 2581 1527 2636 ab
1576 2580 1935 2653 agricultura.

346 2658 494 2714 Hinc
523 2668 579 2715 et
607 2662 854 2719 civitates
884 2680 914 2718 a
943 2665 1236 2735 majoribus
1256 2667 1573 2726 civitatibus
1598 2670 1747 2725 velut
1770 2685 1942 2741 popu—

341 2747 533 2803 lorum
566 2751 903 2809 examinibus
957 2755 1205 2820 conditae,
1262 2757 1490 2813 coloniae
1535 2768 1935 2830 nuncupantur.

338 2838 418 2894 At
440 2854 545 2909 per
566 2840 669 2896 hoc
686 2843 892 2898 cultum
920 2845 1140 2915 quidem
1170 2862 1279 2902 non
1314 2849 1502 2905 deberi
1527 2851 1633 2906 nisi
1666 2852 1941 2926 Deo,pro-

337 2931 466 3001 pria
489 2932 722 3001 quadam
737 2935 961 2990 notione
981 2937 1132 2991 verbi
1159 2938 1319 3009 hujus
1346 2940 1568 2996 omnino
1592 2942 1940 2999 verissimum

339 3028 450 3075 est.
482 3019 592 3077 Sed
623 3024 749 3093 quia
777 3032 832 3079 et
861 3025 1092 3082 aliarum
1119 3043 1306 3086 rerum
1331 3029 1533 3087 dicitur
1572 3033 1774 3101 cultus,
1817 3035 1941 3092 ideo

339 3110 539 3167 Latine
573 3130 684 3171 uno
704 3117 871 3171 verbo
897 3118 1192 3189 signiﬁcari
1223 3121 1401 3177 cultus
1424 3122 1538 3179 Deo
1562 3125 1782 3182 debitus
1828 3130 1940 3184 nun

339 3212 545 3273 potest.
578 3206 715 3262 Nam
744 3216 800 3264 et
826 3210 943 3278 ipsa
978 3209 1189 3277 religio,
1214 3213 1464 3282 quamvis
1503 3215 1937 3274 distinctiusnon

341 3294 662 3362 quemlibet,
696 3298 791 3353 sed
805 3297 898 3352 Dei
928 3296 1131 3353 cultum
1159 3298 1467 3369 signiﬁcare
1491 3302 1740 3359 videatur
1774 3304 1939 3376 (unde

344 3384 451 3440 isto
484 3387 706 3444 nomine
732 3389 1077 3459 interpretati
1115 3400 1242 3445 sunt
1259 3392 1435 3447 nostri
1458 3409 1577 3448 eam
1605 3410 1726 3464 quae
1751 3395 1939 3454 Gratce

339 3477 592 3546 θρησκεία
619 3478 864 3551 dicitur),
896 3487 1078 3535 tamen
1101 3481 1227 3551 quia
1257 3481 1451 3537 Latina
1500 3483 1753 3553 loquendi
1808 3502 1941 3542 con-

342 3569 639 3626 suetudine
676 3586 785 3625 non
821 3570 999 3626 solum
1064 3570 1465 3642 imperitorum,
1521 3590 1711 3630 verum
1771 3576 1934 3630 etiam

342 3660 790 3717 doctissimorum
816 3669 872 3715 et
895 3661 1310 3730 cognationibus
1326 3663 1601 3732 humanis,
1627 3673 1793 3736 atque
1821 3666 1936 3721 alli-

339 3748 637 3816 nitatibus,
663 3757 720 3805 et
754 3751 1059 3822 quibusque
1084 3752 1579 3810 necessitudinibus
1608 3756 1808 3811 dicitur
1841 3772 1937 3812 ex-

338 3840 582 3897 hibenda
607 3841 817 3913 religio,
849 3857 960 3897 non
979 3858 1045 3899 eo
1075 3843 1340 3900 vocabulo
1368 3845 1570 3900 vitatur
1598 3846 1935 3918 ambiguum,

340 3947 468 3986 cum
497 3931 567 3985 de
592 3930 738 3986 cultu
766 3932 988 3988 deitatis
1027 3934 1261 3988 vertitur
1295 3934 1547 4005 quaestio,
1597 3943 1659 3990 ut
1709 3935 1938 3992 ﬁdenter

340 4021 529 4077 dicere
555 4021 835 4078 valeamus
880 4023 1199 4095 religionem
1252 4039 1363 4079 non
1409 4038 1530 4080 esse
1578 4025 1684 4080 nisi
1731 4025 1934 4080 cultum

346 4113 446 4169 Dei
472 4129 489 4167 :
527 4131 547 4164 ι
576 4115 838 4183 quoniam
864 4113 1080 4170 videtur
1111 4117 1215 4171 hoc
1236 4116 1461 4171 verbum
1496 4132 1529 4171 a
1585 4115 1935 4187 signiﬁcanda

337 4208 693 4263 observantia
735 4209 1157 4281 propinquitatis
1187 4212 1440 4268 humana:
1493 4212 1790 4268 insolenter
1834 4228 1936 4268 au.

336 4297 498 4354 ferri.
522 4298 708 4355 Pietas
726 4316 945 4372 quoque
976 4303 1195 4372 proprie
1224 4300 1322 4358 Dei
1347 4303 1527 4359 cultus
1570 4302 1800 4376 intelligi
1848 4319 1937 4360 so-

338 4388 437 4456 let,
463 4405 633 4459 quam
644 4389 821 4446 Graeci
842 4393 1104 4447 εὐσέϐειαν
1129 4400 1348 4448 vocant.
1378 4392 1505 4448 Haec
1530 4400 1712 4448 tamen
1728 4400 1781 4449 et
1806 4408 1935 4465 erga

335 4488 600 4549 parentes
617 4479 859 4537 otiiciose
878 4481 1066 4537 haberi
1097 4482 1315 4538 dicitur.
1348 4483 1496 4539 More
1551 4493 1731 4539 autem
1787 4484 1933 4556 vulgi

338 4574 447 4626 hoc
474 4586 678 4627 nomen
706 4573 869 4628 etiam
898 4573 957 4628 in
980 4575 1238 4645 operibus
1265 4575 1657 4632 misericordiae
1679 4576 1934 4647 frequen-

336 4670 510 4717 tatur.
537 4661 696 4728 Quod
724 4662 845 4719 ideo
874 4664 1115 4719 arbitror
1137 4665 1405 4730 evenisse,
1458 4666 1586 4734 quia
1642 4666 1760 4721 hrec
1815 4665 1932 4722 ﬁeri

333 4755 614 4826 praecipue
643 4757 867 4810 mandat
890 4757 1048 4821 Deus,
1075 4772 1249 4827 eaque
1279 4756 1383 4812 sibi
1408 4756 1491 4812 vel
1523 4772 1622 4827 pro
1649 4756 1935 4813 sacriﬁciis

341 4845 426 4898 vel
451 4861 569 4916 prce
591 4845 879 4901 sacriﬁciis
914 4845 1133 4917 placere
1156 4853 1406 4903 testatur.
1437 4847 1516 4902 Ex
1540 4862 1646 4918 qua
1682 4848 1936 4919 loquendi

339 4941 737 4995 consuetudine
766 4940 969 4996 factum
1006 4950 1108 5006 est,
1163 4950 1224 4997 ut
1271 4950 1326 4997 et
1364 4942 1509 4998 Deus
1559 4942 1675 5013 ipse
1723 4941 1937 4997 dicatur

337 5030 465 5102 pius
504 5014 719 5103 Equem
761 5046 893 5088 sane
940 5031 1115 5088 Gnaei
1167 5033 1316 5088 nullo
1371 5049 1470 5089 suo
1516 5034 1783 5089 sermonis
1834 5049 1933 5089 usu

334 5122 567 5179 εὐσεϐεῖν
591 5131 808 5189 vocant,
834 5124 1084 5194 quamvis
1110 5126 1377 5180 εὐσέϐειαν
1406 5139 1503 5194 pro
1558 5124 1932 5180 misericordia

337 5213 561 5269 illorum
587 5215 756 5270 etiam
780 5215 973 5287 vulgus
1008 5225 1256 5286 usurpet.
1314 5215 1468 5272 Unde
1508 5217 1564 5271 in
1609 5216 1934 5288 quibusdam

339 5303 754 5375 Scripturarum
793 5305 948 5372 locis,
980 5313 1041 5361 ut
1065 5307 1342 5363 distinctio
1371 5308 1573 5363 certior
1621 5319 1932 5380 appareret,

338 5410 447 5450 non
466 5398 755 5463 εὐσέϐειαν,
773 5399 915 5466 quod
928 5413 996 5452 ex
1010 5399 1152 5455 bono
1165 5399 1332 5463 cultu,
1351 5399 1448 5455 sed
1458 5401 1766 5467 Θεοσὲϐειαν,
1789 5402 1935 5471 quod

336 5507 405 5547 ex
430 5493 523 5548 Dei
556 5494 707 5550 cultu
733 5495 1095 5564 compositum
1122 5505 1364 5562 resonat,
1395 5496 1579 5552 dicere
1598 5495 1928 5552 maluerunt.

342 5583 677 5642 Utrumlibet
709 5596 893 5641 autem
930 5587 1128 5641 horum
1159 5603 1257 5643 nos
1287 5604 1393 5643 uno
1439 5589 1607 5643 verbo
1649 5588 1935 5645 enuntiare

339 5690 447 5729 tuen
471 5689 782 5747 possumus.
836 5677 969 5744 Quae
1029 5676 1213 5733 itaque
1264 5679 1470 5754 λατρεία
1504 5679 1690 5737 Graece
1726 5696 1934 5735 nuncu~

746 5771 1023 5832 Pnaox..
1080 5766 1244 5829 CIV.

2043 1819 2169 1889 quia
2191 1825 2246 1872 et
2272 1818 2515 1873 omnium
2552 1818 2921 1883 concordiam,
2968 1827 3021 1872 et
3042 1816 3283 1888 singulos
3325 1816 3629 1873 inhabitare

2044 1911 2325 1983 dignatur;
2351 1926 2458 1966 non
2483 1910 2538 1964 in
2571 1910 2842 1978 omnibus,
2871 1926 3032 1981 quam
3057 1911 3109 1965 in
3134 1909 3364 1982 singulis
3408 1909 3582 1979 major
3612 1931 3623 1964 :

2043 2004 2297 2074 quoniam
2328 2017 2428 2057 nec
2449 2000 2589 2057 mole
2618 2000 2965 2068 distenditur,
2997 2016 3097 2056 nec
3119 2002 3412 2075 partitione
3428 2001 3625 2056 minui-

2042 2102 2148 2149 tur.
2178 2092 2311 2149 Cum
2342 2093 2411 2149 ad
2446 2093 2594 2148 illum
2635 2107 2854 2148 sursum
2881 2100 2983 2160 est,
3034 2092 3152 2162 ejus
3200 2100 3283 2146 est
3317 2091 3490 2147 altare
3532 2105 3627 2147 cor

2042 2195 2320 2252 nostrum;
2344 2184 2462 2256 ejus
2484 2184 2763 2256 unigenito
2791 2198 2918 2238 cum
2968 2182 3257 2239 sacerdote
3310 2181 3624 2255 placamus;

2041 2279 2090 2332 ei
2115 2286 2369 2334 cruentas
2396 2278 2643 2333 victimas
2669 2276 2950 2340 caedimus,
2980 2275 3196 2345 quando
3217 2290 3388 2347 usque
3416 2276 3485 2330 ad
3499 2291 3624 2333 san-

2042 2368 2258 2436 guinem
2279 2383 2379 2437 pro
2403 2365 2523 2436 ejus
2548 2367 2782 2421 veritate
2805 2376 3113 2431 certamus;
3141 2381 3267 2421 eum
3304 2366 3626 2422 suavissimo

2042 2457 2319 2513 adolemus
2343 2458 2586 2523 incensu,
2618 2472 2741 2511 cum
2772 2457 2825 2510 in
2847 2455 2964 2523 ejus
2987 2463 3279 2524 conspectu
3302 2458 3393 2525 pio
3408 2465 3627 2511 sancto-

2042 2561 2149 2617 que
2179 2561 2365 2601 amore
2393 2545 2706 2617 ﬁagranms.
2737 2545 2798 2599 Ei
2834 2545 2976 2598 dona
3001 2542 3117 2612 ejus
3142 2545 3194 2598 in
3217 2546 3391 2611 nobis,
3419 2559 3627 2616 nosque

2042 2640 2189 2711 ipsos
2217 2654 2473 2694 vovemus
2493 2647 2549 2693 et
2572 2638 2879 2702 reddimus;
2908 2637 2959 2691 ei
2985 2635 3373 2691 beneﬁciorum
3398 2637 3515 2708 ejus
3539 2653 3627 2693 so-

2042 2729 2413 2786 lemnitatibus
2439 2728 2595 2784 festis
2616 2736 2672 2783 et
2699 2727 2889 2782 diebus
2919 2727 3140 2782 statutis
3154 2726 3398 2782 dicamus
3409 2741 3623 2784 sacram

2042 2836 2214 2892 usque
2242 2821 2586 2885 memoriam,
2619 2833 2687 2874 ne
2724 2816 2999 2873 volumine
3052 2824 3357 2888 temporum
3413 2818 3625 2889 ingrata

2043 2915 2302 2984 subrepat
2321 2914 2555 2980 oblivio;
2585 2912 2635 2967 ei
2667 2910 3040 2967 sacriﬁcamus
3051 2910 3287 2966 hostiam
3302 2910 3625 2967 humilitatis

2041 3016 2105 3063 et.
2121 3006 2296 3062 laudis
2330 3007 2387 3061 in
2418 3022 2513 3061 ara
2545 3002 2726 3060 cordis
2759 3003 2883 3072 igne
2912 3002 3135 3059 fervidae
3187 3002 3492 3059 charitatis.
3541 3002 3623 3057 Ad

1966 3083 2012 3146 (ἶ
2045 3100 2188 3154 hunc
2207 3097 2516 3163 videndum,
2546 3095 2688 3150 sicut
2707 3093 2879 3151 videri
2907 3092 3128 3163 poterit,
3158 3093 3317 3162 eique
3339 3092 3619 3147 cohaeren-

2040 3189 2193 3257 dum,
2217 3189 2285 3244 ab
2312 3188 2460 3243 omni
2487 3194 2837 3258 peccatorum
2881 3193 2939 3242 et
2963 3183 3319 3255 cupiditatum
3361 3182 3624 3240 malarum

2040 3281 2163 3338 labe
2188 3281 2531 3345 mundamur,
2558 3286 2614 3334 et
2634 3276 2754 3349 ejus
2778 3276 2999 3333 nomine
3051 3291 3455 3332 consecramur.
3504 3276 3623 3348 lpse

2039 3374 2184 3430 enim
2212 3373 2335 3428 fons
2362 3380 2561 3428 nostrae
2600 3368 2977 3433 beatitudinis,
3037 3368 3152 3437 ipse
3203 3368 3380 3423 omnis
3419 3369 3625 3439 appeti-

2040 3467 2204 3523 tionis
2231 3474 2315 3521 est
2336 3464 2478 3520 ﬁnis.
2506 3463 2663 3520 Hunc
2688 3463 2948 3535 eligentes
2992 3460 3079 3515 vel
3099 3460 3278 3531 potius
3305 3460 3627 3531 religentes,

2039 3559 2401 3614 amiseramus
2424 3556 2574 3612 enim
2603 3555 2968 3628 negligentes;
2993 3553 3140 3609 hunc
3168 3568 3299 3624 ergo
3315 3552 3624 3626 religantes,

2039 3651 2182 3705 unde
2210 3657 2265 3705 et
2290 3648 2481 3720 religio
2501 3646 2646 3703 dicta
2669 3647 3007 3718 perhibetur,
3045 3645 3115 3700 ad
3152 3660 3276 3700 eum
3330 3644 3622 3701 dilectione

2040 3739 2331 3805 tendimus,
2360 3746 2422 3794 ut
2457 3728 2823 3808 perveniendo
2859 3735 3235 3804 quiescamus;
3286 3733 3405 3789 ideo
3458 3735 3625 3801 beati,

2039 3833 2165 3903 quia
2194 3831 2284 3886 illo
2315 3830 2422 3884 ﬁne
2452 3827 2703 3900 perfecti.
2746 3846 2766 3879 ι

2108 3922 2193 3977 Ill.
2232 3920 2386 3989 Quod
2414 3920 2558 3975 inter
2586 3919 2758 3974 Deum
2782 3925 2837 3973 et
2856 3915 3109 3973 homines
3144 3916 3323 3972 nullus
3371 3924 3444 3972 stt
3488 3916 3630 3973 alius

2038 4015 2305 4071 mediator
2327 4011 2673 4085 quaerendus,
2701 4009 2807 4065 nisi
2840 4008 2928 4065 ille
2955 4010 3048 4080 qui
3073 4010 3216 4066 Deus
3237 4018 3293 4067 et
3319 4010 3485 4067 homo
3518 4021 3624 4080 est,

2039 4124 2107 4164 ex
2127 4108 2223 4164 lih.
2255 4123 2310 4163 ιχ
2339 4105 2513 4162 sancti
2534 4104 2823 4177 Augustini
2864 4104 2920 4158 in
2957 4118 3120 4174 opere
3148 4105 3398 4176 superius
3416 4121 3626 4162 memo-

2038 4209 2158 4257 rato
2187 4199 2339 4273 (Cap.
2367 4196 2454 4271 15)
2491 4215 2504 4252 :
2537 4215 2557 4248 ‹
2596 4194 2881 4253 Multitudo
2935 4211 3057 4266 qua:
3107 4198 3268 4254 beata
3313 4206 3415 4264 est,
3464 4198 3628 4257 unius

2038 4294 2136 4350 Dei
2180 4289 2601 4364 participatione
2629 4287 2690 4343 ﬁt
2742 4288 2924 4343 beata.
2962 4286 3129 4356 Cujus
3182 4290 3621 4362 partieipationis

2040 4382 2344 4455 privatione
2380 4379 2578 4435 misera
2635 4378 2922 4434 multitudo
2971 4379 3238 4433 malorum
3287 4379 3622 4450 angelorum,

2040 4491 2162 4546 quae
2198 4488 2256 4528 se
2286 4471 2510 4542 opponit
2531 4470 2715 4540 potius
2751 4470 2819 4525 ad
2853 4469 3299 4539 impedimentum
3348 4487 3510 4541 quam
3542 4474 3626 4527 in-

2040 4574 2276 4645 terponit
2300 4571 2368 4627 ad
2393 4569 2744 4628 beatitudinis
2771 4567 3119 4637 adiutorium,
3146 4568 3310 4624 etiam
3339 4571 3455 4641 ipsa
3488 4571 3628 4626 mul-

2040 4667 2271 4723 titudine
2312 4662 2579 4735 obstrepit
2617 4660 3045 4733 quodammodo,
3077 4675 3145 4716 ne
3166 4661 3340 4731 possit
3379 4662 3447 4717 ad
3493 4662 3625 4718 illud

2041 4775 2208 4815 unum
2245 4754 2555 4812 beatiﬁcum
2582 4751 2878 4823 perveniri,
2917 4751 2988 4806 ad
3015 4751 3158 4821 quod
3188 4758 3251 4807 ut
3300 4752 3624 4824 perducere-

2041 4867 2186 4915 mur,
2216 4864 2324 4904 non
2354 4849 2559 4913 multis,
2589 4848 2684 4904 sed
2704 4863 2815 4903 uno
2864 4847 3164 4904 mediatore
3205 4863 3341 4919 opus
3389 4857 3528 4917 erat,
3569 4858 3627 4906 et

2039 4943 2143 4998 hoc
2166 4956 2231 4996 eo
2255 4941 2371 5011 ipso
2389 4939 2542 5010 cujus
2568 4939 2983 5011 participatione
3008 4940 3178 4994 simus
3203 4939 3369 5005 beati,
3398 4939 3502 4995 hoc
3516 4947 3621 4999 est.

2040 5032 2220 5088 Verbo
2248 5032 2367 5098 Dei,
2396 5048 2503 5087 non
2540 5031 2707 5097 facto,
2732 5031 2827 5087 sed
2868 5046 2966 5100 per
2992 5031 3134 5101 quod
3165 5030 3308 5085 facta
3340 5039 3466 5086 sunt
3505 5048 3623 5089 om-

2039 5125 2148 5179 nia.
2173 5124 2283 5179 Nec
2307 5132 2487 5179 tamen
2516 5122 2587 5177 ob
2609 5123 2713 5177 hoc
2739 5123 3002 5177 mediator
3049 5129 3153 5185 est,
3178 5122 3305 5191 quia
3352 5122 3580 5181 Verbum
3604 5144 3620 5186 :

2040 5216 2297 5288 (maxime
2321 5215 2520 5286 quippe
2551 5214 2858 5270 immortale
2881 5221 2943 5279 et
2968 5213 3202 5268 maxime
3224 5214 3441 5271 beatum
3497 5219 3625 5275 Ver-

2040 5308 2171 5363 bum
2201 5307 2357 5377 longe
2384 5313 2469 5362 est
2501 5321 2531 5360 a
2573 5304 2890 5360 mortalibus
2937 5301 3193 5376 miseris),
3219 5305 3315 5361 sed
3357 5308 3624 5366 mediator

2042 5416 2142 5472 per
2170 5399 2312 5471 quod
2341 5399 2522 5463 homo,
2565 5411 2631 5452 eo
2660 5397 2778 5466 ipso
2804 5394 2995 5465 utique
3044 5396 3335 5451 ostendens
3374 5398 3440 5452 ad
3491 5398 3622 5457 illud

2042 5508 2148 5548 non
2180 5490 2352 5546 solum
2382 5491 2623 5554 beatum,
2648 5502 2835 5543 verum
2862 5485 3025 5556 etiam
3066 5486 3373 5543 beatiﬁcum
3418 5489 3621 5546 bonum

2041 5601 2148 5640 non
2183 5592 2434 5654 oportere
2460 5580 2627 5652 qumri
2653 5579 2789 5635 alios
2816 5579 3142 5636 mediatores
3184 5594 3283 5651 per
3309 5596 3445 5651 quos
3477 5584 3623 5638 arbi-

2043 5688 2251 5733 tremur
2277 5676 2433 5733 nobis
2474 5674 2844 5737 oerventionis
2886 5675 3085 5746 gradus
3127 5689 3249 5730 esse
3287 5675 3612 5742 iuoliendos,
