4010 6184
311 303 413 359 993

1254 294 1314 351 S.
1352 292 1702 357 AGOBARDI
1739 289 2045 348 EPlSCOPl
2081 290 2564 348 LUGDUNF.NSIS

3468 293 3570 349 SM

310 423 434 488 quia
458 419 646 471 beatus
667 420 723 466 et
752 408 1010 479 paciﬁcus
1026 406 1184 465 Deus,
1205 406 1378 458 tactus
1390 403 1665 474 particeps
1692 401 1882 456 huma-
1910 408 1960 464 Α
2058 403 2121 457 V.
2155 402 2285 457 Item
2311 418 2377 457 ex
2409 402 2546 457 libro
2569 403 2778 473 prazl'ati
2805 405 2985 475 operis
3015 420 3047 458 ι
3073 412 3215 476 quod
3244 406 3393 461 nulla
3420 424 3575 463 ert-ao

310 507 741 567 nitatisnostrae,
794 494 1173 569 compendium
1218 495 1451 566 praebuit
1498 492 1889 566 participanda:

309 595 608 654 divinitatis
646 605 773 648 sure.
823 588 1011 657 Neque
1054 589 1199 642 enim
1232 601 1329 641 nos
1369 602 1400 639 a
1460 585 1789 640 mortalitate
1834 588 1891 636 et

310 678 526 744 miseria
555 682 807 745 libemus,
850 678 915 734 ad
944 677 1164 748 angelos
1220 675 1554 731 immortales
1592 674 1889 742 beatosque

309 778 381 832 ita
402 773 648 845 perducit
670 778 729 827 ut
752 784 941 825 eorum
981 767 1396 837 participatione
1422 766 1586 820 etiam
1626 770 1740 819 'nos
1786 764 1888 818 im-

308 863 566 921 mortales
588 869 646 917 et
664 859 808 915 beati
835 858 1025 921 simus,
1075 855 1169 910 sed
1220 855 1289 909 ad
1345 855 1492 909 illam
1538 853 1886 918 Trinitatem,

306 954 460 1024 cujus
484 961 540 1010 et
566 951 737 1024 angeli
755 947 1167 1020 participatione
1189 946 1332 1000 beati
1352 952 1496 1000 sunt.
1532 944 1657 998 ldeo
1673 944 1888 1013 quando

307 1049 360 1100 in
393 1045 564 1101 forma
587 1041 750 1106 servi,
778 1046 838 1093 ut
867 1036 1138 1093 mediator
1159 1043 1325 1100 esset,
1349 1032 1491 1088 infra
1515 1032 1734 1104 angelos
1768 1046 1889 1088 esse

306 1136 492 1203 voluit,
533 1135 587 1189 in
606 1132 778 1189 forma
828 1129 926 1184 Dei
977 1142 1141 1197 super
1183 1124 1405 1195 angelos
1447 1124 1688 1179 mansit:
1743 1123 1885 1178 idem

308 1228 360 1281 in
422 1222 768 1280 inferioribus
832 1218 919 1272 via
980 1216 1105 1271 vita:
1136 1255 1150 1279 ,
1239 1214 1333 1285 qui
1385 1215 1439 1269 in
1518 1213 1888 1284 superioribus

311 1323 441 1375 vita.
492 1339 510 1372 ι

378 1409 463 1464 IV.
495 1407 572 1462 Ex
604 1404 744 1461 libro
765 1419 799 1457 ι
821 1400 1062 1469 ejusdem
1095 1407 1298 1470 operis,
1345 1396 1436 1453 ubi
1484 1397 1887 1453 evidentissime

306 1498 552 1570 exemplo
582 1494 795 1552 Domini
832 1492 958 1548 Jesu
988 1492 1191 1547 Christi
1221 1490 1380 1547 docet
1405 1490 1601 1545 beatus
1634 1489 1890 1559 Augusti-

306 1606 411 1647 nus
441 1588 573 1644 nulli
597 1592 860 1643 creatura:
890 1581 1332 1647 sacriﬁcandum,
1365 1581 1438 1635 ita
1462 1581 1663 1636 docens
1695 1581 1883 1652 (Capp.

307 1684 394 1747 i9,
426 1680 517 1750 20)
546 1694 559 1734 :
592 1696 609 1729 ι
645 1676 747 1744 Qui
784 1683 963 1729 autem
993 1673 1321 1744 pntanthcec
1364 1671 1597 1727 visibilia
1621 1660 1887 1727 sacriﬁcia

1991 500 2110 546 tura
2140 493 2321 548 colens
2352 491 2522 548 Deum
2550 496 2679 548 velit
2708 510 2805 564 pro
2834 496 2924 549 illo
2952 496 3053 551 coli
3085 498 3171 551 cui
3217 504 3274 554 et
3307 498 3424 568 ipsa
3453 509 3580 555 suo.

1990 583 2101 639 dita
2146 593 2230 639 est
2274 583 2440 657 (Cap.
2469 585 2573 656 4):
2611 605 2629 637 ι
2658 586 3002 657 Qumcunque
3050 588 3215 657 igitur
3259 590 3580 648 immortalis

1988 682 2230 743 potestas
2272 676 2610 745 quantalibet
2649 677 2851 731 virtute
2889 678 3146 747 prmdita,
3191 679 3237 733 si
3278 694 3380 734 nos
3408 680 3579 752 diligit

1988 762 2129 817 sicut
2157 764 2420 834 scipsatn.
2455 766 2504 819 ei
2533 765 2647 819 vult
2677 779 2797 821 esse
2824 766 3093 831 subditos,
3124 775 3184 820 ut
3211 768 3355 821 beati
3386 772 3577 836 simus.

1988 858 2073 912 cui
2103 866 2156 912 et
2183 859 2297 929 ipsa
2324 860 2537 915 subdita
2562 863 2722 916 beata
2743 871 2847 917 est.
2873 862 2929 917 Si
2952 878 3083 933 ergo
3107 880 3215 919 non
3235 865 3363 921 colit
3386 867 3575 931 Deum.

1989 948 2189 1003 misera
2228 960 2339 1016 est,
2383 953 2509 1022 quia
2550 954 2794 1023 privatur
2832 953 2965 1010 Deo.
3009 956 3090 1010 Illi
3117 958 3260 1012 enim
3290 959 3470 1027 potius
3498 960 3577 1013 tli-

1988 1039 2127 1095 vinae
2154 1044 2435 1097 sentent’a:
2463 1043 2815 1116 suﬁ‘ragatur,
2848 1055 2902 1101 et
2927 1048 3234 1106 dilectionis
3260 1052 3470 1109 viribus
3494 1053 3576 1108 fa-

1993 1144 2116 1201 vet,
2147 1152 2253 1206 qua
2284 1138 2545 1209 scriptum
2575 1148 2683 1196 est:
2714 1140 3038 1213 Sacri/anm
3067 1145 3169 1201 diis
3197 1148 3575 1215 eradicabimr,

1988 1225 2091 1277 nisi
2131 1224 2356 1281 Domino
2398 1228 2516 1284 soli.
2561 1229 2731 1297 Nam,
2776 1241 2836 1287 ut
2878 1234 2983 1289 alia
3026 1252 3168 1292 nunc
3214 1247 3422 1295 taceam
3460 1256 3582 1311 quae

1987 1317 2262 1384 pertinent
2287 1319 2354 1373 ad
2385 1319 2662 1390 religionis
2690 1324 3010 1394 obsequium
3039 1341 3146 1396 quo
3175 1329 3372 1384 colitur
3402 1331 3543 1385 Deus
3562 1373 3576 1396 ,

1988 1412 2316 1466 sacrificium
2347 1423 2495 1468 certe
2524 1415 2706 1471 nullus
2733 1417 3013 1473 hominum
3043 1429 3126 1475 est
3152 1422 3247 1490 qui
3278 1424 3473 1479 audeat
3500 1426 3582 1480 di-

1988 1519 2113 1559 cere
2140 1505 2323 1568 deheri
2344 1546 2360 1571 ,
2385 1507 2489 1560 nisi
2517 1509 2646 1562 Deo.
2677 1509 2845 1564 Multa
2869 1512 3104 1581 denique
3131 1515 3197 1568 de
3225 1515 3371 1570 cultu
3399 1516 3582 1572 divino

1989 1602 2252 1663 usurpata
2283 1604 2408 1650 sunt
2428 1637 2442 1661 ,
2476 1613 2596 1666 quae
2626 1599 2925 1656 honoribus
2952 1602 3270 1659 deferuntur
3298 1608 3577 1669 humanis.

1991 1683 2105 1738 sive
2132 1684 2438 1741 humilitate
2466 1688 2633 1742 nimia
2654 1730 2669 1754 ,
2700 1690 2815 1745 sive
2844 1692 3152 1749 adulatione
3180 1696 3436 1765 pestifera
3461 1715 3475 1764 ;
3509 1699 3582 1754 ita

307 1774 413 1831 diis
434 1772 557 1827 aliis
578 1782 898 1840 congruere,
934 1780 1145 1821 summo
1168 1779 1299 1819 νεὶΓο
1320 1764 1430 1819 Deo
1462 1772 1718 1834 tanquam
1751 1764 1887 1819 im'i-
1915 1747 1961 1805 Β
1999 1784 2178 1829 tamen
2204 1784 2264 1830 ut
2289 1777 2486 1846 quibus
2510 1794 2575 1834 ea
2601 1780 2936 1848 deferuntur,
2962 1785 3208 1840 homines
3231 1788 3582 1855 haberentur,

307 1866 449 1923 sibili
467 1863 758 1920 invisibilia
775 1869 829 1918 et
847 1857 1051 1929 majora
1068 1856 1283 1926 majori,
1308 1858 1627 1929 melioriquc
1642 1859 1889 1926 meliora,

307 1960 486 2034 qualia
508 1953 1233 2029 surrtpurmmcntisetbona:
1253 1954 1546 2012 voluntatis
1560 1955 1752 2019 ofﬁcia,
1768 1971 1894 2027 pro-

308 2052 449 2110 fecto
471 2050 717 2108 nesciunt
739 2052 853 2103 tunc
876 2047 948 2102 ita
979 2046 1130 2118 signa
1155 2060 1274 2100 esse
1296 2045 1534 2112 illorum,
1564 2047 1706 2102 sicut
1727 2048 1891 2103 verba

308 2147 555 2204 sonantia
594 2144 746 2214 signa
801 2150 928 2196 sunt
973 2154 1174 2194 rerum.
1213 2137 1478 2206 Quocirca
1506 2139 1651 2195 sicut
1676 2148 1895 2196 orantes

308 2247 471 2308 atque
535 2235 819 2291 laudantes
864 2232 931 2287 ad
986 2245 1110 2286 eum
1170 2229 1453 2301 dirigimus
1523 2230 1893 2301 signiﬁcantes

306 2342 491 2393 voces,
522 2324 609 2381 cui
630 2338 721 2380 res
747 2323 894 2393 ipsas
915 2321 968 2376 in
1000 2320 1163 2376 corde
1183 2334 1319 2390 quas
1349 2318 1722 2390 signiﬁcamus
1764 2318 1895 2373 oll‘e-

307 2420 508 2485 rimus;
527 2417 601 2472 ita
637 2413 1006 2471 sacriﬁcantes
1030 2426 1138 2467 non
1158 2409 1315 2465 alteri
1330 2410 1540 2465 visibile
1568 2409 1892 2465 sacriﬁcium

308 2508 641 2565 oﬁ‘erendum
662 2520 781 2562 esse
805 2503 1117 2559 noverimus
1142 2517 1305 2571 quam
1332 2501 1432 2567 illi,
1463 2500 1622 2571 cujus
1670 2502 1723 2556 in
1778 2518 1896 2557 cor-

306 2603 464 2658 dibus
490 2599 689 2657 nostris
726 2596 995 2652 invisibile
1016 2594 1343 2649 sacriﬁcium
1375 2608 1473 2648 nos
1525 2594 1627 2663 ipsi
1652 2609 1772 2648 esse
1802 2593 1895 2646 de-

305 2695 513 2751 bemus.
568 2691 721 2747 Tunc
771 2688 927 2744 nobis
979 2685 1180 2753 favent,
1232 2685 1497 2755 nobisque
1529 2684 1892 2757 congaudent,

308 2794 469 2856 atque
493 2783 689 2840 adhoc
719 2780 895 2851 ipsum
940 2793 1039 2834 nos
1065 2792 1164 2848 pro
1217 2777 1331 2832 suis
1376 2776 1585 2830 viribus
1637 2774 1897 2845 adjuvant

307 2875 481 2946 angeli
505 2873 705 2946 quique
725 2870 1065 2937 virtutesque
1078 2866 1412 2936 superiores,
1439 2872 1495 2920 et
1521 2864 1636 2934 ipsa
1653 2865 1897 2920 bonitate

308 2981 373 3019 ac
400 2964 601 3034 pietate
629 2960 981 3031 potentiores.
1009 2955 1068 3011 Si
1096 2965 1281 3009 autem
1317 2953 1421 3009 illis
1460 2954 1576 3008 haec
1638 2954 1894 3008 exhibere

311 3053 656 3115 voluerimus,
686 3065 791 3105 non
821 3048 1054 3103 libenter
1073 3045 1375 3115 accipiunt;
1400 3052 1602 3099 etcum
1630 3043 1696 3098 ad
1724 3044 1897 3098 homi-

309 3160 408 3202 nes
453 3145 529 3199 ita
563 3142 857 3198 mittuntur
902 3146 966 3193 ut
1010 3152 1198 3194 eorum
1248 3134 1534 3207 prtescntia
1594 3135 1891 3201 sentiatur,

309 3236 653 3311 apertissime
675 3242 879 3290 vetant.
914 3232 1052 3288 Sunt
1080 3232 1258 3288 dehis
1295 3229 1539 3301 exempla
1598 3229 1650 3285 in
1696 3230 1896 3286 litteris

308 3330 533 3385 sanctis.
560 3327 890 3382 Putaverunt
914 3324 1135 3395 quidam
1158 3321 1510 3378 deferendum
1556 3320 1763 3392 angelis
1792 3321 1893 3375 ho-

311 3439 522 3490 norem,
549 3422 634 3478 vel
662 3419 959 3485 adorando,
997 3417 1084 3472 vel
1110 3414 1490 3478 sacriﬁcando,
1522 3414 1616 3485 qui
1670 3413 1897 3469 debetur

311 3519 457 3583 Deo;
485 3526 541 3571 et
565 3529 753 3570 eorum
780 3508 1301 3589 suntadmonitione
1329 3505 1614 3577 prohibiti,
1649 3503 1898 3575 jussique

310 3617 435 3664 sunt
489 3608 591 3661 hoc
634 3604 685 3659 ei
738 3599 971 3667 deferre,
1025 3599 1113 3654 cui
1161 3598 1254 3653 uni
1297 3597 1379 3653 fas
1432 3610 1552 3652 esse
1606 3602 1893 3649 noverunt.

314 3699 512 3755 lmitati
541 3705 667 3752 sunt
688 3694 911 3766 angelos
959 3699 1177 3747 sanctos
1211 3690 1376 3745 etiam
1432 3687 1605 3745 sancti
1650 3687 1898 3743 homines

320 3793 437 3850 Dei.
489 3791 624 3846 Nam
672 3788 876 3844 Paulus
915 3793 970 3841 et
1005 3783 1288 3839 Barnabas
1329 3782 1384 3836 in
1430 3779 1704 3855 Lycaonia
1754 3780 1900 3836 facto

313 3886 549 3956 ιμευιιειῐιι
581 3880 846 3937 miraculo
893 3876 1165 3942 sanitatis,
1190 3875 1363 3945 putati
1396 3881 1525 3931 sunt
1555 3874 1656 3940 dii,
1711 3874 1897 3944 eisque

315 3976 570 4052 Lycaonii
600 3974 856 4030 victimas
877 3971 1161 4027 immolare
1204 3968 1492 4024 voluerunt
1522 3983 1537 4022 :
1567 3967 1709 4040 quod
1750 3984 1781 4022 a
1837 3983 1897 4023 sc

316 4066 505 4123 lmutili
530 4065 734 4136 pietate
756 4069 1126 4127 removentes,
1168 4060 1250 4115 eis
1290 4060 1347 4114 in
1396 4074 1559 4130 quem
1611 4059 1897 4115 crederent

313 4157 770 4213 annuntiaverunt
788 4152 981 4207 Deum.
1023 4151 1134 4207 Nec
1171 4151 1240 4206 ob
1262 4151 1410 4205 aliud
1441 4150 1666 4207 fallaces
1695 4152 1772 4205 illi
1811 4168 1897 4207 su-

314 4248 482 4319 perbe
508 4242 608 4299 sibi
635 4243 741 4297 hoc
760 4242 1008 4312 exigunt,
1038 4240 1143 4294 nisi
1188 4239 1318 4310 quia
1363 4255 1495 4294 vero
1553 4238 1665 4295 Deo
1712 4240 1896 4295 deberi

316 4340 515 4396 sciunt.
542 4332 661 4390 Non
690 4332 837 4387 enim
863 4344 1054 4386 revera
1078 4329 1162 4403 (ut
1182 4330 1258 4383 ait
1285 4328 1643 4401 Porphyrius,
1678 4338 1733 4385 et
1762 4346 1895 4385 non-

1994 1866 2086 1935 qui
2111 1866 2365 1921 dicuntur
2389 1868 2599 1923 colendi
2629 1878 2684 1925 et
2710 1873 3004 1927 venerandi
3028 1891 3043 1940 ;
3071 1875 3117 1928 si
3145 1880 3337 1931 autem
3355 1878 3583 1934 multum

1995 1958 2076 2011 eis
2112 1957 2351 2022 additur,
2394 1966 2450 2012 et
2491 1959 2776 2014 adorandi.
2823 1961 2957 2027 Quis
3000 1979 3127 2018 vero
3165 1965 3582 2023 sacriﬁcandum

1994 2048 2239 2113 censuit,
2271 2049 2373 2104 nisi
2405 2048 2454 2104 ei
2485 2064 2643 2119 quem
2674 2060 2768 2105 aut
2799 2053 2958 2108 scivit
2988 2053 3156 2109 Deum
3177 2096 3192 2121 ,
3221 2065 3315 2110 aut
3342 2058 3582 2126 putavit,

1996 2149 2090 2194 aut
2121 2138 2318 2194 ﬁnxit?
2350 2162 2366 2194 ι

2068 2230 2154 2287 Vl.
2196 2232 2275 2286 Ex
2320 2232 2458 2287 libro
2500 2234 2670 2288 sancti
2714 2234 3002 2303 Augustini
3033 2236 3099 2291 dc
3125 2251 3254 2291 vera
3283 2237 3583 2309 Religione,

1996 2324 2138 2394 apud
2182 2340 2321 2395 quos
2360 2326 2700 2395 potissimum
2751 2326 2893 2381 Deus
2941 2343 3104 2383 verus
3149 2331 3470 2398 quterendus
3515 2333 3586 2385 sit

1996 2416 2164 2489 (Cap.
2205 2415 2300 2487 15)
2328 2434 2338 2469 :
2370 2434 2388 2465 ι
2422 2417 2578 2471 Prius
2605 2432 2733 2487 ergo
2765 2418 3025 2487 sequendi
3067 2426 3224 2484 sunt,
3257 2419 3458 2490 inquit,
3491 2422 3583 2489 qui

1994 2521 2160 2560 unum
2200 2521 2470 2560 summum
2501 2506 2674 2561 solum
2705 2522 2890 2561 verum
2923 2508 3093 2562 Deum
3122 2515 3178 2562 et
3205 2508 3376 2563 solum
3406 2508 3584 2565 colen-

1996 2595 2122 2649 dum
2153 2610 2273 2650 esse
2303 2596 2507 2649 dicunt.
2552 2594 2611 2649 Si
2639 2596 2779 2665 apud
2813 2597 2913 2651 hos
2942 2597 3145 2652 veritas
3175 2613 3281 2652 non
3313 2598 3583 2664 eluxetit,

1996 2694 2109 2739 tum
2139 2686 2358 2740 demum
2394 2688 2735 2757 migrandum
2776 2697 2876 2743 est.
2912 2688 3065 2743 Sicut
3095 2691 3238 2744 enim
3270 2692 3323 2745 in
3354 2691 3467 2760 ipsa
3500 2707 3584 2746 rc-

1997 2792 2117 2830 rum
2148 2785 2338 2831 natura
2366 2778 2539 2848 major
2566 2787 2651 2833 est
2676 2781 2970 2835 auctoritas
3000 2782 3157 2836 unius
3181 2784 3249 2837 ad
3278 2799 3443 2838 unum
3470 2800 3587 2838 om-

1999 2868 2087 2922 nia
2119 2869 2445 2940 redigeiilis,
2479 2885 2581 2925 nec
2610 2871 2663 2924 in
2709 2887 2907 2942 genere
2946 2873 3183 2927 humano
3225 2873 3587 2928 multitudinis

2000 2956 2106 3011 ulla
2136 2958 2374 3028 potentia
2404 2967 2490 3014 est
2516 2960 2618 3014 nisi
2650 2960 3078 3026 consentientis;
3119 2962 3192 3016 ita
3233 2963 3290 3015 in
3328 2963 3588 3034 religione

2000 3048 2093 3117 qui
2122 3049 2188 3103 ad
2215 3064 2381 3103 unum
2426 3057 2653 3116 vocant,
2694 3065 2882 3105 eorum
2922 3050 3097 3121 major
3135 3059 3191 3106 et
3230 3051 3333 3108 ﬁde
3375 3053 3587 3123 dignior

1996 3152 2115 3194 esse
2144 3140 2301 3195 debet
2326 3142 2642 3196 auctoritas.
2676 3161 2694 3193 ι

2069 3231 2178 3287 Vll.
2218 3232 2293 3287 Ex
2339 3232 2558 3288 homilia
2602 3250 2708 3287 xxv
2746 3235 2915 3291 sancti
2962 3234 3212 3307 Gregorii
3241 3252 3396 3307 papa:
3423 3252 3588 3308 super

1999 3322 2321 3393 Evangelia,
2353 3324 2588 3393 qualiter
2628 3325 2796 3380 etiam
2835 3325 2977 3396 apud
3016 3337 3234 3384 sanctos
3272 3330 3418 3385 Deus
3442 3346 3590 3399 qua:—

1998 3415 2199 3470 rendus
2227 3415 2297 3469 sit
2324 3432 2336 3467 :
2364 3432 2381 3465 t
2413 3415 2727 3481 Qumrentes
2753 3427 2937 3473 autem
2964 3434 3063 3475 nos
3088 3419 3279 3490 vigiles
3308 3422 3589 3478 inveniunt

2000 3505 2094 3575 qui
2133 3504 2450 3560 custodiunt
2494 3506 2805 3573 civitatem;
2850 3508 2975 3577 quia
3014 3510 3187 3564 sancti
3226 3509 3450 3577 Patres,
3494 3512 3589 3582 qui

1999 3595 2256 3651 Ecclesiae
2301 3604 2501 3651 statum
2548 3597 2897 3664 custodiunt,
2942 3598 3099 3654 bouis
3151 3601 3351 3655 nostris
3396 3602 3591 3658 studiis

1998 3696 2313 3753 occurrunt,
2344 3697 2404 3743 ut
2437 3704 2534 3744 suo
2563 3690 2649 3744 vel
2673 3692 2839 3745 verto
2862 3691 2945 3746 vel
2969 3692 3169 3761 scripto
3191 3709 3291 3749 nos
3319 3695 3582 3750 doceant-

1998 3794 2136 3849 quos
2160 3794 2281 3833 cum
2306 3779 2582 3850 paululum
2620 3782 3050 3850 pet-transimus,
3082 3781 3388 3838 invenimus
3423 3800 3585 3852 quem

2000 3872 2291 3943 diligimus.
2337 3872 2475 3941 Quia
2518 3872 2846 3945 Redemptor
2888 3881 3093 3942 noster,
3135 3875 3235 3929 etsi
3279 3874 3588 3930 humilitate

1998 3969 2160 4024 homo
2185 3968 2327 4023 inter
2353 3968 2601 4024 homines
2624 4010 2638 4034 ,
2672 3970 2952 4025 divinitate
2994 3979 3175 4026 tamen
3213 3988 3375 4043 supra
3416 3973 3587 4028 homi-

1998 4075 2096 4115 nes
2125 4059 2245 4115 fuit.
2277 4059 2410 4115 Cum
2439 4076 2570 4132 ergo
2601 4069 2949 4116 transcuntur
2985 4061 3205 4133 vigiles,
3237 4064 3464 4119 dilectus
3503 4066 3588 4120 in-

1997 4150 2249 4205 venitur:
2274 4151 2401 4222 quia
2423 4167 2545 4206 cum
2568 4153 2860 4222 prophetas
2879 4161 2934 4207 et
2955 4154 3227 4223 apostolos
3248 4154 3388 4209 infra
3411 4156 3585 4228 ipsum

1997 4261 2117 4302 esse
2146 4247 2545 4317 conspicimus,
2578 4248 2726 4301 illum
2756 4248 2849 4319 qui
2881 4256 3074 4304 natura
3103 4249 3246 4304 Deus
3275 4257 3392 4315 est,
3421 4264 3582 4320 supra

1999 4340 2249 4395 homines
2276 4341 2701 4396 consideramus.
2737 4360 2757 4393 ›

318 4430 446 4488 nulli
472 4424 685 4500 putant)
715 4424 1055 4481 cadaveriuis
1080 4423 1381 4488 nidoribus,
1416 4422 1511 4478 sed
1539 4423 1739 4478 divinis
1788 4425 1893 4480 bo—
1919 4451 1973 4516 D
2070 4431 2166 4486 [lis
2190 4432 2312 4487 inde
2336 4435 2599 4487 sententia
2620 4432 2829 4487 Cantici
2848 4432 3191 4488 Canticorum
3214 4432 3342 4504 (ubi
3369 4449 3433 4489 ex
3463 4448 3583 4501 per-

319 4522 543 4579 norihus
567 4519 820 4591 gaudent.
850 4513 1075 4588 Copiam
1088 4530 1219 4570 vero
1250 4514 1500 4570 nidorum
1529 4530 1777 4586 magnam
1793 4515 1895 4570 ha-

319 4617 449 4670 bent
475 4611 734 4681 undique,
762 4609 871 4665 etsi
902 4607 1365 4680 ampliusvellcnt,
1386 4607 1485 4678 ipsi
1516 4606 1618 4663 sibi
1650 4615 1899 4678 poterant

316 4708 591 4765 exhibere.
620 4704 725 4772 Qui
748 4720 877 4776 ergo
905 4703 1243 4759 divinitatem
1285 4701 1387 4757 sibi
1420 4710 1682 4772 arrogant
1739 4702 1900 4773 spiri-

323 4810 432 4862 tus,
469 4814 573 4851 non
606 4795 893 4864 cujuslibet
919 4795 1165 4863 corporis
1189 4793 1355 4857 fumo,
1397 4793 1494 4846 sed
1542 4793 1898 4863 supplicantis

316 4890 500 4945 animo
534 4887 895 4950 delectantur,
928 4885 1016 4939 cui
1062 4884 1291 4954 decepto
1331 4883 1683 4953 subjectoque
1725 4883 1899 4939 domi-

316 4988 533 5044 nentur,
567 4974 987 5033 iutercltidentes
1012 4973 1114 5029 iter
1139 4974 1205 5029 ad
1248 4974 1418 5029 Deum
1447 4989 1658 5041 verum,
1710 4991 1778 5031 ne
1827 4977 1899 5031 sit

317 5076 479 5130 homo
506 5073 650 5127 illius
691 5068 1043 5134 sacriﬁcium,
1098 5067 1224 5121 dum
1272 5066 1615 5123 sacriﬁcatur
1661 5068 1896 5139 cuipiam

315 5173 514 5236 praeter
543 5163 712 5219 illum.
747 5160 899 5217 Unde
922 5173 1084 5214 verus
1121 5158 1212 5213 ille
1237 5158 1520 5224 mediator,
1554 5159 1606 5213 in
1634 5167 1895 5231 quantum

317 5257 548 5309 formam
578 5253 724 5309 servi
749 5251 1044 5321 accipiens,
1085 5249 1353 5304 mediator
1379 5248 1605 5306 cﬁ‘cctus
1624 5261 1709 5305 est
1734 5251 1827 5307 Dei
1845 5261 1902 5307 et

317 5348 599 5402 hominum
637 5347 801 5401 homo
826 5343 1079 5400 Christus
1107 5341 1287 5408 Jesus,
1332 5357 1454 5397 cum
1485 5344 1538 5398 in
1579 5343 1752 5400 forma
1800 5347 1896 5402 Dei

316 5437 644 5494 sacriﬁcium
677 5452 799 5491 cum
828 5434 988 5490 Patre
1010 5444 1210 5500 sumat,
1240 5449 1361 5490 eum
1391 5448 1499 5503 quo
1541 5443 1595 5490 et
1621 5451 1763 5492 unus
1814 5447 1899 5493 est

316 5528 687 5593 Deus,tamcn
711 5527 764 5581 in
786 5526 957 5581 forma
987 5527 1128 5581 servi
1173 5525 1501 5582 sacriﬁcium
1546 5527 1734 5581 maluit
1778 5544 1897 5584 esse

315 5635 481 5691 quam
511 5632 747 5683 sumere,
775 5632 843 5672 ne
868 5618 950 5672 vel
982 5618 1083 5673 hac
1102 5619 1388 5673 occasione
1421 5618 1706 5687 quisquam
1755 5622 1896 5677 exis-

317 5713 533 5769 timaret
565 5709 784 5765 militet
810 5708 1226 5764 sacriﬁcandum
1255 5725 1374 5765 esse
1401 5717 1685 5765 creaturae.
1737 5733 1753 5763 ι

2000 4537 2134 4578 sona
2165 4532 2367 4578 sancta:
2396 4524 2651 4579 Ecclesiae
2680 4525 2879 4581 dicitur
2905 4544 2916 4578 :
2951 4524 3266 4579 Invenerunt
3296 4542 3378 4579 me
3408 4525 3584 4595 rigiles

1999 4616 2090 4689 qui
2118 4616 2417 4670 custodiunt
2469 4616 2749 4671 civitatem.
2806 4616 2953 4670 Num
2990 4632 3144 4687 quem
3187 4615 3372 4669 dilexit
3402 4616 3582 4669 anima

1998 4726 2116 4763 mea
2137 4708 2381 4763 uidistis?
2406 4705 2694 4762 Paululum
2718 4725 2837 4762 cum
2859 4708 3257 4779 pertransissem
3277 4723 3387 4771 eos,
3410 4707 3582 4761 inveni

1995 4816 2148 4870 quem
2176 4798 2350 4870 diligit
2374 4799 2552 4853 anima
2578 4815 2693 4853 mea
2716 4798 2771 4871 :)
2801 4814 2866 4854 ex
2910 4796 3171 4870 prwdicta
3209 4797 3430 4853 humilia
3461 4798 3584 4854 bre-

1999 4891 2139 4945 viter
2180 4891 2472 4954 adnotatis,
2532 4905 2678 4945 nunc
2709 4889 2988 4945 videamus
3016 4888 3146 4958 quid
3171 4888 3313 4943 idem
3340 4888 3500 4943 Pater
3526 4888 3586 4943 in

1998 4983 2138 5038 libro
2164 4999 2297 5037 xvtn
2328 4983 2724 5054 explanationis
2756 4981 2808 5036 in
2837 4979 2937 5036 Job
2964 4982 3029 5036 de
3054 4980 3257 5035 eisdem
3286 4980 3467 5034 verbis
3495 4980 3579 5033 di-

1998 5084 2107 5131 cat.
2134 5076 2225 5130 Ait
2250 5090 2377 5145 ergo
2405 5074 2574 5147 (Cap.
2603 5073 2709 5144 55)
2739 5091 2751 5125 :
2785 5091 2803 5122 ‹
2834 5072 2968 5127 Cum
2999 5072 3392 5141 redemptorem
3424 5072 3582 5124 sdum

1998 5164 2239 5221 Ecclesia
2283 5170 2550 5234 qumreret
2570 5203 2585 5227 ,
2620 5163 2674 5217 in
2707 5161 2837 5233 ipsis
2868 5161 3106 5231 antiquis
3137 5160 3583 5230 pradicatm'ihus

1998 5272 2147 5326 spem
2181 5254 2345 5326 ﬁgere
2382 5253 2585 5319 noluit,
2628 5269 2749 5323 qua:
2789 5252 2957 5307 dicit:
3006 5250 3293 5305 Paululum
3320 5267 3438 5304 cum
3464 5267 3583 5320 per-

1998 5347 2305 5400 transissent:
2333 5360 2441 5409 eos,
2472 5344 2642 5398 inveni
2669 5359 2819 5414 quem
2849 5342 3021 5413 diligit
3052 5340 3231 5395 anima
3260 5356 3397 5396 mea.
3431 5339 3577 5395 Illum

1999 5436 2199 5507 quippe
2229 5435 2472 5489 invenire
2503 5449 2607 5488 non
2635 5441 2850 5502 posset,
2884 5427 2928 5489 si
2959 5435 3092 5489 istos
3120 5434 3354 5489 transire
3383 5432 3582 5487 noluis-

1999 5538 2100 5584 set.
2135 5550 2151 5580 ι
2179 5527 2429 5582 Consona
2471 5526 2595 5581 huic
2626 5526 2918 5581 intellectui
2949 5528 3139 5582 beatus
3165 5526 3497 5596 Augustinus
3527 5524 3580 5580 iu

2000 5620 2218 5675 homilia
2244 5618 2413 5689 prima
2438 5617 2711 5687 Evangelii
2739 5618 3029 5672 secundum
3055 5616 3315 5671 Joannem
3344 5616 3582 5686 loquitur

2004 5713 2190 5767 dicens
2220 5711 2423 5782 (Tract.
2456 5708 2496 5779 ι)
2524 5728 2537 5763 :
2572 5728 2587 5761 :
2615 5709 2688 5764 De
2718 5710 2847 5779 ipsis
2876 5711 3150 5764 montibus
3186 5718 3269 5764 est
3304 5707 3571 5764 Joannes:
