4010 6184
413 366 523 437 eos
1418 367 1619 438 LIBER
1663 369 1751 437 DE
1786 378 2186 442 iliAGlNIBUS
2222 374 2666 447 SANCTORUM.
3586 395 3693 457 206

410 486 481 543 de
514 485 719 557 quibus
746 476 908 556 paulo
935 496 1060 543 ante
1089 489 1454 556 eautavimus,
1485 494 1729 549 deantes
1753 510 1766 547 :
1814 492 2000 548 Levavi
2027 501 2074 558 Α
2106 511 2228 550 nem
2256 513 2342 552 me
2365 500 2531 555 Vultis
2552 518 2693 567 esse,
2725 514 2781 557 ut
2805 500 2997 574 loquar
3021 513 3209 562 contra
3241 505 3543 567 veritatem.
3569 512 3687 569 Non

409 577 592 632 oculos
620 593 765 632 meos
791 577 862 663 qd
889 587 1125 647 montes,
1172 582 1311 637 unde
1349 584 1515 638 veniet
1553 585 1815 639 auxilium
1853 586 2002 640 mihi.
2106 595 2284 657 potest
2328 590 2489 646 homo
2532 593 2778 662 accipere
2818 596 3144 667 quidquam.
3179 598 3283 654 nisi
3310 599 3494 656 datum
3525 601 3691 659 fuerit

408 668 580 739 Ergo,
611 640 1183 737 fratres'charissimi,
1212 672 1258 727 si
1288 672 1451 729 vultis
1479 675 1800 745 intelligere.
1831 674 2007 730 levate
2104 640 2156 731 ei
2197 677 2265 733 de
2306 679 2464 735 cmio.
2511 681 2616 752 ipsi
2648 640 2759 739 lvos
2799 640 2932 740 mihi
2969 640 3349 745 ttestimonium
3391 692 3690 762 perhibetis

405 757 599 814 oculos
645 756 718 812 ad
767 757 934 811 istum
980 768 1257 826 montem,
1301 762 1356 816 id
1399 770 1516 829 est,
1551 762 1747 834 erigite
1792 778 1889 818 vos
1934 765 2005 819 ad
2103 771 2247 839 quod
2292 771 2561 828 dixerim:
2605 775 2720 846 Ego
2764 794 2867 833 non
2912 796 3030 833 sum
3074 777 3334 840 Christus.
3383 756 3504 841 Non
3541 801 3601 843 es
3631 796 3687 842 tu

404 852 828 923 evangelistam,
860 852 1056 923 erigite
1082 867 1179 909 vos
1207 854 1276 908 ad
1304 851 1420 921 ejus
1449 868 1690 909 sensum.
1736 852 1844 908 Sed
1875 856 2002 923 quia

404 953 622 1001 montes
668 945 758 1000 isti
810 959 1002 1014 pacem
1053 945 1387 1016 suscipiunt,
1437 959 1545 1000 non
1592 954 1770 1016 potest
1816 955 1999 1001 autem

402 1050 528 1092 esse
568 1034 626 1090 in
667 1048 805 1105 pace
849 1033 943 1104 qui
986 1048 1138 1104 spem
1172 1035 1326 1105 ponit
1353 1035 1408 1090 in
1436 1035 1694 1099 homine;
1727 1034 1892 1090 nolite
1921 1036 2001 1091 sic

402 1126 619 1197 erigere
662 1124 853 1180 oculos
898 1125 955 1179 in
997 1120 1271 1192 montem',
1319 1133 1381 1181 ut
1426 1127 1631 1196 putetis
1672 1127 1728 1181 in
1780 1128 2000 1184 homine

402 1229 559 1287 spem
587 1223 825 1271 vestram
855 1228 977 1270 esse
1001 1214 1402 1282 collocandum,
1443 1225 1498 1271 et
1538 1216 1616 1272 sic
1655 1216 1856 1271 dicite:
1899 1216 1998 1270 Le-

400 1308 519 1363 vavi
559 1306 740 1362 oculos
778 1322 921 1361 meos
959 1306 1015 1359 in
1054 1315 1294 1370 montes,
1339 1307 1480 1361 unde
1526 1309 1691 1362 veniet
1731 1307 1994 1362 auxilium

399 1398 554 1464 mihi,
604 1406 663 1453 ut
690 1398 873 1453 statim
899 1396 1236 1469 subjungatis
1260 1417 1274 1453 :
1319 1399 1594 1453 Auxilium
1622 1415 1795 1453 meum
1820 1417 1852 1453 a
1884 1399 1994 1454 Do-

399 1492 545 1544 mino
569 1491 659 1560 qui
687 1490 805 1559 fecit
832 1487 1018 1543 calum
1046 1498 1095 1542 et
1124 1499 1341 1543 terram.
1372 1491 1514 1560 Ergo
1542 1490 1785 1545 levemus
1807 1491 1993 1545 oculos

399 1580 457 1634 in
502 1588 748 1645 montes,
793 1580 936 1634 unde
973 1579 1155 1635 veniet
1197 1580 1458 1633 auxilium
1500 1580 1675 1635 nobis.
1714 1580 1782 1634 Et
1808 1587 1990 1635 tamen

397 1684 509 1723 non
536 1670 641 1739 ipsi
664 1677 875 1724 montes
896 1676 1052 1734 sunt,
1080 1668 1133 1722 in
1157 1669 1352 1738 quibus
1376 1684 1498 1739 spes
1526 1677 1712 1724 nostra
1740 1669 1989 1738 ponenda

396 1768 502 1815 est.
533 1758 820 1829 Accipiunt
843 1758 989 1814 enim
1028 1769 1244 1814 montes
1285 1759 1431 1829 quod
1460 1758 1615 1814 vobis
1655 1758 1982 1814 ministrent.

2100 857 2355 914 Christus
2382 862 2395 915 ι
2428 860 2534 917 Sed
2563 864 2692 932 quid
2721 865 2765 919 si
2798 865 2972 934 major
3011 867 3133 934 illo,
3163 871 3290 939 quia
3320 879 3377 927 tu
3407 873 3557 930 illum
3596 876 3688 930 ba-

2101 950 2364 1019 ptizasti?
2410 952 2606 1010 Missus
2650 971 2791 1010 sum.
2841 958 2955 1030 Ego
2982 975 3162 1030 praeco
3190 976 3347 1030 sum,
3393 965 3483 1021 ille
3518 968 3683 1039 judex

2099 1048 2202 1094 est.
2232 1041 2300 1095 Et
2328 1044 2451 1098 audi
2482 1046 2850 1102 testimonium
2879 1049 3050 1105 multo
3077 1053 3475 1123 vehementius,
3515 1059 3687 1114 multo

2099 1131 2428 1200 expressius.
2484 1133 2674 1190 Videte
2723 1136 2854 1205 quid
2902 1139 3183 1195 nobiscum
3238 1142 3436 1211 agitur.
3493 1145 3686 1203 Videte

2097 1222 2227 1291 quid
2270 1238 2459 1279 amare
2506 1224 2817 1282 debeamus.
2852 1228 3042 1284 Videte
3069 1233 3196 1300 quia
3237 1232 3473 1303 aliquem
3513 1237 3685 1291 homi-

2095 1325 2219 1367 nem
2250 1328 2436 1368 amare
2464 1330 2576 1383 pm
2604 1315 2852 1383 Christo,
2884 1320 3210 1376 adulterium
3236 1336 3339 1379 est.
3374 1325 3551 1393 Quare
3580 1329 3683 1383 hoc

2094 1400 2249 1467 dico,
2276 1404 2619 1459 attendamus
2647 1421 2835 1462 vocem
2865 1408 3110 1467 Joannis.
3143 1412 3365 1469 Poterat
3394 1417 3448 1471 in
3480 1418 3571 1472 illo
3595 1436 3682 1474 er-

2094 1490 2205 1544 rari
2233 1507 2248 1556 ;
2276 1502 2489 1562 poterat
2518 1495 2633 1564 ipse
2658 1499 2840 1565 putari
2869 1501 2962 1568 qui
3002 1518 3108 1556 non
3136 1513 3256 1558 erat
3280 1522 3293 1558 :
3325 1509 3531 1577 respuit
3559 1525 3588 1563 a
3620 1525 3680 1565 se

2091 1580 2285 1636 falsum
2335 1584 2631 1652 honorem,
2678 1596 2739 1643 ut
2784 1598 2965 1645 teneat
2990 1593 3218 1649 solidam
3247 1597 3553 1653 veritatem.
3586 1600 3679 1655 Vi-

2090 1669 2212 1727 dete
2239 1674 2367 1744 quid
2396 1676 2542 1731 dicat
2572 1676 2881 1746 Christum,
2910 1683 3041 1751 quid
3069 1700 3165 1751 se;
3202 1685 3309 1752 Qui
3333 1687 3488 1743 habet
3513 1706 3673 1760 spon-

2089 1779 2233 1829 sam,
2261 1781 2481 1834 sponsus
2506 1777 2601 1822 est.
2630 1770 2778 1825 Casti
2800 1779 3002 1839 estote,
3028 1786 3285 1845 sponsum
3310 1787 3505 1834 amate.
3536 1779 3673 1847 Quid

398 1849 554 1905 Unde
578 1857 634 1904 et
658 1856 872 1904 montes
894 1848 1169 1918 accipiunt
1189 1849 1282 1904 ubi
1304 1864 1431 1920 spes
1450 1849 1700 1918 ponenda
1724 1857 1837 1914 est,
1863 1863 1986 1903 cum
2015 1853 2061 1911 Β
2090 1863 2269 1908 autem
2303 1864 2358 1910 tu
2389 1858 2489 1912 es?
2518 1858 2657 1925 Quid
2683 1862 2839 1916 nobis
2867 1863 3042 1919 dicis?
3073 1865 3177 1931 Qui
3202 1867 3356 1923 habet
3391 1886 3635 1941 sponsam
3653 1912 3667 1933 ,

392 1939 581 1995 oculos
610 1947 826 1996 nostros
854 1939 1098 1995 levamus
1129 1940 1198 1995 ad
1225 1940 1538 2010 Scripturas
1557 1979 1573 2006 ,
1604 1941 1730 2010 quia
1758 1956 1858 2011 per
1885 1942 1983 1996 ho-

394 2031 573 2087 mines
598 2031 919 2085 ministrata:
944 2039 1073 2085 sunt
1099 2030 1415 2101 Scriptum.
1445 2032 1770 2087 Levavimus
1796 2033 1984 2091 oculos

390 2130 609 2177 nostros
635 2122 705 2177 ad
728 2131 942 2177 montes
969 2121 1115 2176 unde
1140 2123 1401 2177 auxilium
1427 2124 1629 2178 veniet.
1664 2123 1772 2179 Sed
1800 2134 1980 2181 tamen

390 2211 519 2281 quia
559 2212 662 2282 ipsi
704 2212 950 2267 homines
988 2213 1080 2281 qui
1127 2213 1464 2283 scripserunt
1500 2213 1841 2284 Scripturas,
1873 2231 1979 2271 non

388 2303 460 2358 de
487 2317 549 2358 se
573 2302 867 2368 lucebunt;
902 2302 1036 2373 (sed
1062 2303 1150 2358 ille
1176 2314 1296 2359 erat
1321 2304 1502 2358 iumen
1532 2305 1746 2360 illorum
1777 2308 1867 2376 qui
1908 2308 1979 2361 il-

385 2390 619 2446 luminat
661 2393 925 2446 hominem
970 2408 1176 2446 omnem
1221 2394 1508 2447 uenientem
1551 2396 1607 2448 in
1647 2395 1786 2450 hunc
1823 2413 1980 2453 utun-

383 2483 560 2547 dum;
588 2492 648 2537 et
673 2494 832 2537 mens
859 2492 978 2536 erat
1008 2482 1098 2537 ille
1120 2480 1357 2538 Joannes
1380 2484 1621 2555 Baptista
1641 2524 1654 2549 ,
1683 2487 1776 2557 qui
1806 2488 1973 2553 dixit,

383 2571 517 2627 Non
542 2582 661 2626 sum
688 2588 780 2643 ego
805 2571 1047 2627 Christus
1068 2613 1083 2639 ,
1113 2588 1182 2628 ne
1207 2574 1496 2644 quisquam
1528 2576 1583 2631 in
1610 2586 1793 2633 monte
1822 2595 1975 2650 spem

381 2674 626 2735 ponetis,
657 2664 878 2719 caderet
903 2665 974 2719 ab
1002 2663 1092 2719 illo
1116 2664 1209 2733 qui
1240 2672 1455 2719 montes
1480 2664 1733 2722 illustrat.
1762 2668 1834 2722 Et
1859 2670 1977 2741 ipse

381 2754 699 2817 confessus.
729 2754 806 2809 ait
832 2772 844 2809 :
891 2754 1155 2820 Quoniam
1193 2755 1260 2808 de
1296 2754 1622 2826 plenitudine
1648 2758 1765 2828 ejus
1794 2776 1974 2816 omnes

382 2845 697 2915 accepimus,
722 2841 743 2915 )
772 2844 846 2898 ita
877 2843 1044 2899 debes
1072 2844 1289 2899 dicere:
1321 2842 1510 2899 Levaid
1538 2845 1719 2901 oculos
1745 2864 1887 2905 meos
1915 2852 1973 2907 in

380 2947 606 3003 montes,
626 2936 764 2991 unde
787 2938 949 2992 veniet
975 2937 1237 2991 auxilium
1264 2938 1410 2993 mihi.
1436 2937 1515 2995 Ne
1539 2941 1801 2996 auxilium
1824 2945 1971 3015 quod

380 3028 481 3083 tibi
508 3030 685 3093 venit,
728 3030 1003 3085 montibus
1051 3030 1320 3101 imputes,
1359 3032 1455 3086 sed
1496 3033 1746 3102 sequaris
1776 3041 1837 3090 et
1888 3035 1971 3090 di-

2082 1961 2303 2015 sponsus
2338 1958 2448 2015 est;
2492 1950 2693 2006 amicus
2738 1964 2911 2009 autem
2952 1959 3161 2028 sppnsi,
3192 1961 3282 2031 qui
3309 1970 3415 2015 stat
3442 1972 3490 2016 et
3520 1965 3671 2018 audit

2081 2053 2199 2092 eum
2218 2080 2233 2106 ,
2262 2042 2457 2111 gaudio
2494 2044 2685 2114 gaudet
2729 2059 2940 2118 propter
2976 2067 3151 2105 vocem
3178 2054 3374 2122 sponsi.
3406 2072 3425 2107 ›
3453 2053 3522 2109 Ει
3546 2065 3672 2125 post

2080 2144 2288 2199 pauca:
2319 2152 2338 2185 ι
2366 2134 2527 2200 Vide,
2560 2136 2764 2208 inquit,
2798 2150 3033 2197 stantem
3063 2143 3117 2197 in
3146 2144 3354 2200 solido:
3389 2145 3513 2201 Non
3552 2163 3669 2202 sum

2079 2219 2269 2290 dignus
2314 2226 2595 2296 corrigiam
2637 2228 2968 2287 calciamenti
3009 2234 3125 2305 ejus
3170 2235 3385 2291 solrere.
3427 2237 3574 2294 Bene
3614 2251 3668 2295 te

2081 2312 2334 2371 humilius
2355 2358 2370 2383 ,
2400 2320 2595 2375 merito
2625 2331 2758 2390 stas,
2790 2327 2985 2382 merito
3014 2344 3118 2383 non
3147 2331 3317 2396 cadis,
3350 2335 3547 2389 merito
3575 2349 3669 2390 au-

2079 2403 2190 2471 dis,
2221 2414 2276 2461 ct
2305 2410 2502 2479 gaudio
2531 2415 2735 2482 gaudes
2762 2426 2984 2488 prepter
3012 2432 3198 2474 vocem
3233 2423 3437 2491 sponsi.
3478 2422 3571 2479 Sic
3610 2433 3666 2480 et

2075 2494 2367 2566 Apostolus
2396 2496 2602 2558 amicus
2630 2507 2813 2575 sponsi
2844 2510 3014 2577 zelat,
3041 2521 3095 2565 et
3125 2511 3239 2582 ipse
3266 2529 3373 2568 non
3400 2515 3533 2581 sibi,
3568 2520 3663 2573 sed

2077 2602 2293 2656 sponso.
2323 2589 2519 2649 Audiat
2550 2611 2734 2651 vocem
2763 2600 2987 2655 zelantis
3013 2604 3131 2659 zelo
3160 2604 3276 2660 Dei.
3307 2606 3415 2661 Vos
3439 2607 3558 2662 zelo
3584 2609 3666 2664 di-

2076 2679 2183 2745 xit,
2216 2696 2323 2736 non
2354 2698 2475 2739 meo
2495 2726 2510 2751 ,
2541 2702 2647 2742 non
2677 2690 2809 2745 mihi
2830 2732 2845 2758 ,
2877 2693 2970 2748 sed
2999 2695 3114 2751 zelo
3145 2696 3261 2752 Dei.
3298 2698 3496 2756 Unde?
3524 2701 3665 2769 Quo-

2073 2772 2278 2828 modo?
2306 2772 2474 2842 Quem
2505 2778 2649 2834 zelas
2669 2822 2683 2846 ,
2716 2782 2802 2836 cui
2832 2783 3014 2840 zeias?
3056 2786 3375 2859 Desponsavi
3403 2792 3542 2846 enim
3573 2809 3660 2849 vos

2072 2869 2165 2922 uni
2191 2869 2321 2935 riro,
2350 2870 2598 2941 virginem
2625 2886 2824 2931 castam
2849 2879 3087 2936 exhibere
3112 2880 3339 2938 Christo.
3366 2884 3504 2953 Quid
3528 2902 3660 2959 ergo

2072 2957 2232 3013 times
2253 2959 2277 3012 ?
2302 2958 2480 3027 Quare
2508 2962 2695 3018 zelus?
2729 2963 2925 3033 Timeo,
2958 2967 3163 3039 inquit,
3194 2983 3258 3027 ne
3285 2973 3419 3027 sicut
3447 2957 3657 3046 serpens

2072 3044 2238 3101 Evam
2262 3050 2473 3105 seduxit
2493 3055 2689 3108 astutia
2710 3072 2829 3122 sua,
2853 3058 2928 3111 sic
2951 3067 2999 3112 et
3025 3062 3179 3116 vestri
3205 3079 3389 3119 sensus
3418 3082 3657 3122 corrum-

378 3134 476 3174 ωε
501 3136 515 3172 ε
553 3118 824 3172 Auxilium
861 3135 1037 3173 meum
1077 3137 1111 3173 a
1153 3120 1380 3174 Domino
1422 3121 1514 3192 qui
1543 3122 1665 3191 fecit
1693 3122 1878 3179 calum
1917 3135 1968 3180 σε
1997 3206 2034 3220 Α
2068 3148 2266 3208 pantur
2289 3157 2320 3194 a
2349 3144 2591 3198 castita:e
2610 3186 2624 3211 ,
2653 3162 2769 3217 qute
2796 3118 2871 3203 est
2901 3148 2956 3204 in
2985 3149 3215 3208 Christo.
3246 3153 3436 3213 Omnis
3463 3158 3653 3220 Eccle-

376 3219 595 3265 terram.
642 3210 817 3279 Ergo,
863 3209 1101 3276 fratres,
1144 3212 1212 3266 ad
1250 3212 1358 3268 hoc
1396 3212 1501 3267 ista
1536 3216 1872 3281 monuerim,
1903 3225 1963 3272 ut

2066 3231 2146 3286 sia
2169 3272 2184 3298 ,
2213 3234 2366 3305 virgo
2388 3236 2654 3307 appellata
2693 3248 2797 3295 est.
2843 3242 3064 3300 Diversa
3101 3260 3222 3302 esse
3264 3248 3505 3304 membra
3549 3250 3655 3308 Ec-

373 3304 595 3372 quando
634 3303 887 3358 erexistis
925 3319 1022 3359 cor
1062 3304 1132 3358 ad
1173 3304 1524 3375 Scripturas,
1568 3322 1693 3361 eum
1738 3318 1963 3366 sonaret

374 3393 725 3463 Evangelium
753 3410 766 3446 :
797 3391 865 3447 In
904 3393 1163 3463 principio
1200 3402 1313 3447 erat
1354 3391 1577 3448 Verbum
1597 3434 1614 3460 ,
1642 3403 1693 3449 et
1733 3394 1960 3452 Verbum

371 3492 487 3537 erat
532 3482 673 3553 apud
710 3481 880 3537 Deum
902 3522 918 3548 ,
946 3490 996 3535 et
1022 3480 1162 3535 Deus
1204 3489 1317 3535 erat
1372 3479 1592 3537 Verbum
1610 3524 1626 3549 ,
1653 3493 1711 3540 ct
1737 3494 1955 3543 castora.

370 3572 504 3640 Qua:
544 3572 682 3629 lecta
727 3582 854 3628 sunt
893 3581 956 3628 ut
996 3572 1308 3644 intelligatis
1332 3586 1429 3627 vos
1457 3573 1666 3631 levasse
1686 3577 1881 3633 oculos
1902 3579 1958 3634 in

368 3672 604 3721 montes.
637 3665 753 3720 Nisi
781 3667 926 3721 enim
956 3665 1061 3720 ista
1091 3665 1366 3729 dicerent,
1399 3667 1542 3722 unde
1565 3669 1789 3725 omnino
1817 3672 1961 3744 cogi»

368 3755 583 3821 taretis,
602 3769 709 3811 non
731 3755 1070 3811 inveniretis.
1094 3755 1234 3824 Ergo
1252 3770 1320 3810 ex
1342 3758 1615 3812 montibus
1635 3760 1785 3815 venit
1803 3762 1957 3818 vobis

364 3846 659 3913 auxilium,
684 3854 749 3901 ut
773 3848 891 3901 haec
917 3845 1005 3901 vel
1032 3846 1293 3902 audiretis
1318 3866 1330 3901 :
1364 3848 1413 3902 si
1448 3849 1686 3904 nondum
1729 3855 1955 3921 potestis

362 3935 674 4007 intelligere
712 3936 855 4006 quod
878 3936 1138 4001 audistis,
1186 3937 1435 3992 invocato
1472 3939 1730 3993 auxilium
1772 3958 1806 3995 a
1843 3943 1955 3997 Do-

359 4029 510 4083 mino
536 4029 628 4099 qui
654 4027 774 4096 {erit
803 4026 989 4082 etclam
1016 4037 1064 4081 et
1091 4036 1325 4091 terram;
1356 4028 1483 4097 quia
1513 4038 1724 4085 montes
1754 4032 1833 4086 sic
1858 4049 1954 4102 po-

361 4127 586 4175 tuerunt
609 4118 791 4188 loqui,
821 4126 879 4173 ut
908 4133 1014 4173 non
1043 4118 1253 4189 possint
1293 4118 1393 4188 ipsi
1438 4118 1778 4188 illuminare,
1821 4126 1951 4194 quia

356 4221 417 4268 et
442 4212 546 4281 ipsi
591 4210 879 4265 illuminati
916 4219 1043 4265 sunt
1069 4210 1358 4266 audiendo.
1389 4210 1518 4266 inde
1548 4213 1640 4282 qui
1671 4213 1785 4298 haec
1814 4218 1951 4273 dixit

355 4303 600 4373 accepit,
630 4300 866 4357 Joannes
903 4301 1020 4365 ille,
1063 4300 1296 4368 fratres,
1325 4302 1416 4372 qui
1456 4303 1833 4362 discumbebat
1862 4325 1948 4365 su-

352 4408 455 4464 per
499 4400 688 4463 pectus
728 4391 977 4457 Domini,
1022 4399 1076 4447 et
1115 4391 1184 4446 de
1226 4402 1450 4463 pectore
1481 4394 1696 4453 Domini
1728 4399 1946 4458 bibebat

352 4483 502 4554 quod
529 4484 684 4538 nobis
723 4483 1055 4554 prepinaret.
1088 4481 1195 4538 Sed
1220 4485 1527 4554 pr0pinavit
1554 4490 1740 4546 verlza.
1776 4491 1942 4547 intel-

2064 3323 2265 3392 elesire,
2301 3327 2531 3385 diversis
2550 3331 2755 3401 pollere
2779 3334 2934 3391 donis
2960 3336 3154 3394 videtis
3189 3348 3354 3411 atque
3381 3343 3649 3414 gaudetis.

2060 3415 2164 3472 Alii
2194 3418 2467 3493 conjugati
2485 3463 2500 3489 ,
2534 3423 2653 3480 aliae
2681 3427 2984 3499 conjugatte
3010 3447 3025 3499 ;
3055 3429 3148 3487 alii
3190 3433 3388 3489 viduali
3408 3476 3423 3501 ,
3452 3450 3652 3494 uxores

2060 3508 2200 3564 ultra
2227 3526 2336 3566 non
2363 3525 2651 3583 quarrunt;
2681 3516 2799 3572 alia:
2827 3520 3091 3587 viduatae,
3121 3522 3349 3578 maritos
3373 3525 3512 3580 ultra
3542 3541 3648 3581 non

2059 3613 2344 3671 quaerunt;
2376 3607 2467 3662 alii
2496 3609 2861 3681 integritatem
2892 3615 2962 3669 ab
2992 3616 3209 3673 ineunte
3236 3626 3395 3675 mtate
3430 3637 3649 3679 conser-

2061 3699 2223 3758 vant;
2257 3693 2376 3750 aliae
2402 3697 2771 3768 virginitatem
2797 3719 2950 3759 suam
2974 3705 3085 3761 Deo
3113 3719 3391 3764 voverunt.
3424 3711 3645 3770 Diversa

2057 3792 2185 3838 sunt
2207 3801 2430 3842 munera
2456 3806 2469 3854 ;
2498 3792 2592 3847 sed
2606 3808 2804 3853 omnes
2825 3795 2942 3861 isti,
2971 3814 3077 3851 una
3101 3799 3254 3870 virgo
3278 3809 3379 3857 est.
3411 3801 3513 3858 Ubi
3540 3804 3643 3863 ista

2055 3876 2380 3947 virginitas?
2409 3880 2526 3936 Non
2571 3885 2715 3937 enim
2755 3885 2809 3939 in
2851 3902 3101 3957 corpore.
3143 3890 3201 3944 In
3243 3908 3471 3964 corpore
3509 3912 3642 3969 pau-

2053 3980 2241 4021 carum
2283 3968 2630 4026 feminarum.
2679 3972 2796 4030 Etsi
2838 3975 2944 4033 dici
2986 3980 3270 4051 virginitas
3298 3984 3352 4040 in
3381 3968 3515 4044 viris
3552 4006 3644 4061 po-

2054 4064 2193 4123 test,
2220 4068 2517 4129 paucorum
2548 4064 2829 4120 sanctitas.
2874 4067 3163 4142 integritas
3199 4075 3366 4133 etiam
3395 4084 3641 4151 corporis

2049 4159 2134 4206 est
2161 4152 2215 4207 in
2245 4151 2518 4224 Ecclesia,
2552 4161 2607 4213 et
2631 4158 3001 4219 honorabilius
3027 4169 3330 4225 membrum
3368 4182 3472 4228 est.
3515 4174 3638 4232 Alia

2047 4252 2230 4299 autem
2256 4254 2383 4301 sunt
2405 4251 2648 4307 membra
2675 4253 2727 4308 in
2755 4270 2981 4327 corpore
3006 4278 3019 4315 :
3049 4262 3145 4318 sed
3170 4265 3352 4321 omnia
3377 4267 3431 4323 in
3456 4281 3638 4329 mente

2046 4347 2266 4394 servant
2292 4339 2679 4412 virginitatem.
2712 4347 2843 4414 Qum
2868 4364 2953 4407 est
2978 4353 3264 4426 virginitas
3291 4363 3487 4419 mentis
3508 4366 3531 4419 ?
3552 4365 3636 4421 In-

2045 4437 2195 4501 tegra
2224 4431 2389 4499 ﬁdes,
2420 4434 2594 4491 solida
2626 4451 2781 4509 spes,
2813 4443 3024 4500 sincera
3052 4449 3310 4506 Charitas.
3344 4453 3495 4510 lianc
3522 4458 3634 4511 vir-

2043 4521 2327 4590 ginitatem
2357 4525 2583 4582 timebat
2613 4529 2704 4585 ille
2731 4533 2822 4601 qui
2853 4534 3067 4591 zelabat
3091 4554 3289 4609 sponso
3319 4558 3350 4597 a
3379 4556 3632 4615 serpente

1651 4582 1663 4594 ο
1833 4584 1845 4596 ο
2043 4574 2073 4590 υ
2167 4574 2327 4578 '“'V—"
2360 4574 2583 4582 “”“““’¹”““⁷
2613 4574 2704 4585 ⁸““ν
2732 4574 2822 4601 Ὶι..
2853 4574 3067 4591 ⁸ν³υυιιο
3091 4574 3289 4609 ογυιιδυ
3319 4574 3350 4597 ιι

351 4574 553 4630 ιθθωω
572 4584 765 4701 ,θῃξθω
793 4576 919 4677 ind?
943 4575 1109 4701 deﬁes
1137 4590 1367 4701 igere;
1399 4578 1540 4633 unde
1567 4589 1622 4682 (⁵.⁸
1793 4585 1941 4701 δ’ξδθ
1962 4591 2016 4650 D
2042 4616 2337 4686 corrumpi.
2371 4616 2524 4675 Sicut
2549 4621 2693 4677 enim
2722 4626 3023 4682 membrum
3048 4634 3293 4701 corporis
3318 4636 3551 4693 violatur
3575 4641 3629 4696 in

352 4673 437 4701 mf
496 4680 585 4701 nus
618 4667 657 4701 ίί
680 4668 712 4701 vi
745 4682 1022 4701 nvnninnui
1111 4686 1127 4701 ι
1229 4682 1269 4701 ne
1298 4684 1328 4701 ιι
1356 4684 1459 4701 nam
1490 4686 1639 4701 ηιιιοηι
1692 4691 1761 4701 ..ιι
1792 4692 1822 4701 ..
1849 4691 1931 4701 Α.-.

352 4673 468 4729 rat,
496 4665 588 4734 qui
618 4667 714 4721 tibi
745 4666 1070 4737 propinavit.
1109 4686 1128 4719 ι
1150 4664 1273 4722 istis
1298 4668 1461 4723 etiam
1490 4672 1642 4739 paria
1673 4674 1763 4729 hic
1790 4675 1934 4731 idem

348 4755 539 4809 doctor
554 4757 608 4810 in
631 4758 873 4827 praedicti
898 4757 1077 4827 operis
1101 4758 1321 4812 homilia
1344 4758 1661 4816 duodecima
1677 4764 1935 4834 loquitur,

347 4861 473 4901 cum
503 4848 671 4903 verba
700 4846 923 4903 Joannis
949 4850 1204 4920 Baptistae
1235 4859 1525 4916 tractaret,
1556 4855 1648 4922 qui
1678 4857 1745 4911 ad
1774 4858 1933 4913 disci-

345 4937 505 5007 pulos
530 4952 660 4993 suos
687 4936 926 4993 Joannes
956 4941 1263 5009 respondit,
1297 4940 1483 4997 dicens
1512 4960 1524 4996 :
1556 4962 1574 4994 ι
1611 4945 1725 5001 Non
1755 4956 1934 5017 potest
2034 4979 2080 5033 Α

346 5027 511 5082 homo
553 5029 803 5101 accipere
846 5030 1174 5101 quidquam,
1224 5031 1327 5086 nisi
1371 5033 1553 5088 datum
1594 5033 1758 5091 fuerit
1786 5038 1834 5093 ei
1865 5041 1932 5094 de

343 5121 509 5175 ctelo.
540 5121 647 5193 Ipsi
675 5138 774 5180 vos
798 5122 933 5178 mihi
960 5123 1329 5179 testimonium
1355 5126 1653 5194 perhibetis
1679 5130 1821 5198 quod
1851 5131 1930 5186 di-

342 5211 519 5265 xerim
544 5230 565 5265 ς
608 5212 724 5283 Ego
771 5231 875 5268 non
919 5229 1036 5269 sum
1082 5211 1343 5295 Christus.
1375 5216 1652 5287 Tanquam
1698 5219 1925 5277 dicens:

340 5298 485 5365 Quid
515 5315 613 5357 vos
638 5301 867 5358 fallitis?
898 5305 1004 5359 Vos
1034 5304 1135 5373 ipsi
1165 5305 1297 5359 mihi
1337 5308 1608 5375 quomodo
1647 5313 1931 5380 proposui—

338 5392 442 5446 stis
472 5391 634 5447 istam
661 5394 1053 5463 quaestionem?
1080 5393 1218 5462 Quid
1253 5396 1387 5450 mihi
1426 5397 1679 5454 dixistis?
1724 5400 1926 5469 Rabbi,

214 5471 233 5478 ’
333 5482 430 5553 qui
457 5493 573 5538 erat
603 5494 773 5539 tecum
804 5495 952 5540 trans
973 5483 1295 5552 Iordanem,
1323 5489 1409 5542 cui
1436 5491 1785 5547 testimonium
1809 5512 1928 5565 per-

335 5572 553 5627 hibuisti
576 5574 602 5628 .9
629 5573 810 5628 Nostis
836 5590 968 5646 ergo
993 5576 1153 5645 quale
1179 5578 1544 5634 testimonium
1575 5581 1647 5635 illi
1677 5584 1928 5652 perhibui

335 5663 546 5719 modo?
572 5664 825 5720 Dicturus
861 5681 979 5720 sum
1009 5682 1116 5721 non
1147 5683 1267 5724 esse
1297 5669 1444 5724 illum
1478 5686 1637 5741 quem
1668 5673 1777 5728 dixi
1808 5691 1928 5732 esse

332 5768 455 5825 (go.
477 5756 569 5825 qui
594 5755 798 5827 aliquid
821 5757 1002 5827 accepi
1029 5759 1092 5814 de
1115 5760 1271 5827 coelo,
1306 5761 1580 5831 ntaliquid
1596 5780 1788 5819 essem.
1810 5767 1929 5823 lna-

2038 4708 2272 4775 quodam
2317 4710 2466 4779 loco,
2508 4714 2587 4769 sic
2627 4718 2872 4774 seductio
2911 4720 3108 4794 linguae
3144 4726 3310 4783 violat
3348 4730 3631 4803 virginita-

2042 4803 2149 4851 tem
2177 4801 2377 4857 cordis.
2412 4823 2431 4856 ι

2108 4885 2240 4947 Vill.
2280 4893 2360 4949 Ex
2387 4896 2527 4953 libro
2554 4900 2619 4955 de
2649 4900 2881 4959 Civitate
2908 4903 3004 4962 Dei
3038 4923 3091 4962 ix
3121 4908 3288 4983 (Cap.
3311 4913 3420 4987 25)
3450 4919 3624 4974 sancti

2086 4985 2360 5052 ugustini:
2403 4988 2557 5055 Quod
2591 4991 2719 5047 licet
2755 4996 2929 5052 sancti
2968 5002 3141 5072 angeli
3179 5013 3342 5076 atque
3379 4985 3627 5067 homines

2036 5086 2416 5146 nuncupentur
2443 5080 2556 5146 dii,
2591 5099 2935 5158 nequaquam
2984 5099 3162 5148 tamen
3205 5097 3416 5166 possint
3462 5100 3622 5157 iidem

2035 5167 2209 5221 sancti
2239 5169 2413 5240 angeli
2441 5173 2701 5243 appellari
2725 5177 2800 5233 dii
2827 5181 3083 5249 deorum,
3113 5184 3167 5238 id
3197 5194 3312 5253 est,
3342 5188 3620 5248 hominum

2035 5270 2369 5318 sanctorum.
2400 5266 2479 5321 Ex
2512 5283 2619 5337 qua
2644 5274 3077 5331 consideratione
3102 5277 3394 5350 colligitur,
3418 5284 3545 5353 quia
3572 5285 3618 5341 si

2034 5354 2212 5425 angeli
2251 5358 2424 5413 sancti
2465 5376 2569 5414 non
2602 5373 2829 5431 possunt
2866 5366 2970 5421 dici
2999 5367 3073 5421 dii
3104 5368 3414 5439 hominum,
3446 5377 3619 5433 multo

2033 5445 2213 5500 minus
2241 5447 2506 5505 homines.
2538 5451 2627 5507 Ait
2654 5454 2838 5524 itaque
2869 5456 3010 5511 idem
3039 5457 3231 5516 doctor
3253 5479 3266 5516 :
3291 5481 3310 5514 ι
3334 5465 3618 5523 Verumta—

2031 5551 2157 5594 men
2178 5555 2301 5595 cum
2326 5558 2356 5595 a
2382 5544 2535 5598 nobis
2558 5548 2840 5615 quaeritur,
2864 5548 2908 5604 si
2933 5550 3180 5608 homines
3204 5554 3333 5612 dicti
3359 5569 3485 5614 sunt
3505 5562 3614 5629 dii,

2031 5630 2175 5699 quod
2202 5632 2257 5686 in
2287 5633 2483 5704 populo
2512 5637 2582 5691 dii
2621 5646 2779 5693 sunt.
2810 5654 2974 5708 quem
3011 5657 3109 5712 per
3148 5647 3370 5717 angelos
3407 5652 3488 5706 vel
3515 5666 3616 5721 per

2030 5718 2280 5777 homines
2318 5725 2610 5796 alloquitur
2636 5729 2777 5787 Deus
2795 5749 2811 5796 ;
2848 5741 3051 5802 quanto
3077 5738 3252 5806 magis
3278 5739 3615 5798 immortales

2027 5827 2092 5865 eo
2123 5815 2336 5867 nomine
2364 5817 2508 5884 digni
2548 5829 2695 5895 sunt,
2739 5824 2824 5891 qui
2859 5839 2921 5879 ea
2951 5823 3204 5884 fruuntur
3243 5832 3608 5901 beatitudine,
