3962 6180
339 367 438 421 ἓεῖ

1289 365 1346 416 S.
1389 361 1736 417 AGOBABDl
1779 362 2083 416 EPlSCOPl
2122 361 2607 418 LUGDUNENSIS

3486 363 3591 419 9:38

341 486 408 536 ad
434 497 594 552 quam
624 481 793 534 Deum
819 480 1042 534 colendo
1071 477 1291 546 cupiunt
1319 477 1564 531 homines
1589 476 1909 545 pervenire;
1941 479 1991 536 Α
2019 490 2106 530 mo
2139 475 2204 530 de
2239 475 2469 530 Civitate
2513 476 2604 529 Dei
2651 475 2818 546 (Cap.
2857 476 2920 530 l5
2942 475 2960 546 )
2981 516 2996 540 ,
3032 477 3103 529 ita
3141 476 3405 545 loquens:
3436 495 3454 528 ι
3483 476 3596 535 Nec

341 576 470 646 quid
500 572 972 645 respondebimus,
1002 570 1104 624 nisi
1133 586 1238 624 non
1281 568 1483 624 frustra
1523 569 1577 622 in
1617 565 1914 636 Scripturis

343 667 547 721 sanctis
589 662 898 731 expressius
924 661 1170 715 homines
1201 667 1536 728 nuncupatos
1564 659 1723 720 deos,
1752 672 1913 725 quam

343 757 461 811 illos
495 752 830 808 immortales
867 761 920 806 et
955 751 1174 813 beatos,
1212 750 1406 818 quibus
1443 764 1542 803 nos
1575 746 1810 816 aequales
1839 745 1917 798 fu-

344 857 492 901 turos
520 848 573 900 in
606 843 1001 898 resurrectione
1037 841 1402 910 promittitur;
1443 854 1509 893 ne
1550 839 1754 896 scilicet
1794 851 1916 906 pro—

341 947 461 1006 pter
490 935 700 989 illorum
730 931 1103 987 excellentiam
1135 930 1366 998 aliquem
1397 943 1581 982 eorum
1617 926 1771 980 nobis
1797 938 1921 977 con-

342 1030 568 1082 stituere
604 1027 770 1081 Deum
808 1022 1039 1077 inﬁdelis
1072 1021 1295 1074 auderet
1331 1018 1634 1071 infirmitas.
1674 1013 1826 1080 Quod
1863 1013 1918 1067 in

343 1119 559 1174 homine
590 1115 745 1170 facile
773 1121 856 1169 est
885 1113 1108 1167 evitare.
1143 1111 1209 1162 Et
1244 1107 1546 1162 evidentius
1582 1106 1684 1160 dici
1723 1105 1920 1158 debue-

344 1219 468 1264 runt
497 1208 744 1262 homines
775 1203 847 1258 dii
880 1204 935 1257 in
961 1199 1155 1270 populo
1186 1199 1313 1264 Dei,
1345 1206 1405 1252 ut
1432 1197 1565 1251 certi
1595 1212 1657 1251 ac
1693 1195 1920 1249 ﬁdentes

340 1303 533 1357 ﬁerent
560 1314 684 1354 eum
719 1311 839 1352 esse
877 1295 1044 1349 Deum
1090 1307 1278 1356 suum,
1318 1290 1410 1360 qui
1450 1289 1626 1343 dictus
1661 1295 1749 1340 est
1779 1287 1921 1340 Deus

342 1394 582 1446 deorum.
623 1389 756 1455 Quia
795 1386 895 1440 etsi
938 1384 1272 1454 appellantur
1313 1381 1386 1434 dii
1434 1377 1768 1433 immortales
1807 1376 1918 1441 illi,

345 1493 392 1539 rt
417 1482 597 1547 beati,
625 1481 717 1550 qui
744 1480 798 1533 in
829 1478 980 1532 cmlis
1006 1485 1160 1538 sunt,
1191 1491 1297 1529 non
1329 1483 1506 1528 tamen
1539 1471 1668 1525 dicti
1697 1479 1820 1524 sunt
1843 1471 1918 1526 dii

346 1573 597 1637 deorum,
632 1569 685 1623 id
720 1576 833 1628 est,
867 1566 939 1619 dii
974 1564 1250 1618 hominum
1283 1562 1336 1616 in
1368 1560 1562 1631 popqu
1594 1560 1686 1613 Dei
1723 1560 1921 1615 consti-

343 1668 580 1715 tutorum
599 1697 613 1722 ,
645 1655 841 1726 quibus
869 1653 1072 1707 dictum
1099 1658 1184 1704 est
1218 1665 1232 1702 :
1267 1648 1377 1719 Ego
1407 1649 1560 1702 dixi:
1591 1649 1666 1702 dii
1696 1649 1840 1715 estis,
1871 1659 1918 1703 et

339 1749 438 1818 ﬁlii
452 1747 656 1803 Excelsi
687 1761 882 1800 omnes.
908 1743 1044 1797 flinc
1069 1750 1154 1796 est
1179 1740 1322 1810 quod
1347 1741 1422 1793 ait
1444 1738 1735 1809 Apostolus
1761 1757 1772 1791 :
1803 1737 1920 1792 Etsi

2016 570 2405 624 contemnenda
2439 578 2492 622 et
2525 567 2822 636 abiicienda
2859 585 3087 637 corpora
3115 567 3492 624 defunctorum
3511 570 3594 641 ju-

2017 669 2220 715 storum
2242 701 2256 725 ,
2299 661 2495 730 quibus
2540 669 2793 728 tanquam
2820 661 3040 730 organis
3063 669 3118 714 et
3146 660 3289 714 vasis
3318 661 3386 715 ad
3415 661 3594 716 omnia

2015 750 2154 805 bona
2197 765 2362 818 opera
2405 759 2624 804 sanctus
2667 765 2797 804 usus
2828 758 2909 803 est
2939 749 3192 818 Spiritus.
3242 749 3300 803 Si
3328 751 3472 804 enim
3502 767 3598 821 pa-

2017 847 2172 893 terna
2200 841 2365 894 vestis
2389 851 2441 894 et
2471 839 2720 904 annulus,
2749 854 2812 893 ac
2840 839 2883 894 si
2915 839 3042 907 quid
3075 840 3410 908 hujusmodi,
3447 849 3595 896 tanta

2018 929 2237 984 charius
2281 938 2363 984 est
2406 931 2671 998 posteris,
2719 938 2922 998 quanto
2961 945 3090 998 erga
3134 941 3384 998 parentes
3426 933 3596 1003 major

2019 1017 2244 1072 affectus
2269 1035 2282 1082 ;
2314 1019 2459 1072 nullo
2487 1019 2646 1074 modo
2676 1020 2789 1087 ipsa
2831 1019 3130 1088 spernenda
3173 1029 3296 1074 sunt
3324 1036 3552 1090 corpora
3578 1063 3590 1086 ,

2018 1123 2140 1176 qua:
2192 1109 2376 1176 utique
2430 1109 2600 1162 multo
2635 1109 2982 1162 familiarius
3040 1117 3200 1178 atque
3253 1111 3596 1181 conjunctius

2018 1215 2180 1268 quam
2211 1200 2461 1268 quaelibet
2489 1201 2800 1254 indumenta
2827 1209 3121 1270 gestamus.
3155 1202 3282 1257 llmc
3312 1203 3458 1257 enim
3485 1219 3590 1258 non

2019 1292 2088 1344 ad
2143 1298 2520 1344 ornamentum
2584 1291 2669 1346 vel
2728 1291 3058 1361 adjutorium
3117 1294 3258 1360 quod
3311 1294 3595 1349 adhibetur

2019 1381 2389 1446 extrinsecus,
2419 1381 2512 1435 scd
2541 1382 2606 1436 ad
2649 1382 2818 1451 ipsam
2862 1391 3111 1436 naturam
3155 1385 3386 1439 hominis
3427 1388 3596 1455 perti—

2020 1481 2171 1526 nent.
2209 1472 2362 1526 Unde
2389 1481 2444 1527 et
2474 1473 2817 1542 antiquorum
2844 1475 3115 1544 justorum
3146 1476 3332 1531 funera
3357 1477 3591 1534 ofﬁciosa

2021 1567 2223 1635 pietate
2251 1573 2437 1619 curata
2468 1576 2621 1628 sunt,
2652 1575 2706 1619 et
2751 1567 3019 1635 exsequis:
3061 1566 3374 1634 celebratas,
3419 1579 3475 1623 et
3511 1586 3594 1625 se-

2021 1655 2235 1726 pultura
2263 1656 2478 1724 provisa
2504 1671 2518 1718 ;
2547 1655 2757 1724 ipsique
2783 1670 2902 1709 eum
2934 1656 3206 1714 viverent.
3239 1655 3305 1711 de
3329 1658 3592 1727 sepelien-

2022 1748 2106 1802 dis
2149 1748 2232 1802 vel
2279 1747 2441 1802 etiam
2489 1745 2874 1802 transferendis
2922 1748 3034 1801 suis
3078 1747 3424 1815 corporibus,
3470 1747 3594 1802 ﬁliis

341 1850 462 1895 sunt
501 1841 590 1912 qui
623 1840 870 1894 dicantur
912 1835 1022 1900 dii,
1071 1835 1175 1888 sive
1211 1834 1265 1888 in
1299 1832 1451 1896 cwlo,
1503 1834 1606 1886 sive
1644 1833 1700 1886 in
1742 1841 1914 1897 terra,

2028 1838 2428 1892 mandaverunt.
2460 1837 2577 1906 Ipse
2602 1852 2814 1906 quoque
2842 1837 3098 1891 Dominus
3126 1837 3210 1890 die
3236 1839 3396 1892 tertio
3420 1853 3594 1892 resur—

342 1933 537 2007 (sicuti
566 1939 686 1986 sunt
716 1929 792 1984 dii
821 1926 1006 1991 multi,
1038 1936 1085 1980 et
1114 1925 1313 1979 domini
1343 1923 1528 1994 multi)
1564 1923 1711 1977 nobis
1744 1931 1918 1976 tamen

341 2042 478 2079 unus
511 2023 652 2077 Deus
688 2019 871 2083 Pater,
905 2033 967 2071 ex
999 2033 1101 2088 quo
1133 2016 1307 2070 omnia
1330 2055 1344 2079 ,
1381 2024 1427 2068 et
1459 2031 1551 2067 nos
1587 2014 1640 2066 in
1675 2013 1827 2082 ipso;
1870 2021 1917 2066 et

341 2132 478 2170 unus
517 2113 771 2168 Dominus
805 2109 958 2162 Jesus
990 2105 1263 2170 Christus,
1302 2121 1394 2174 per
1423 2119 1575 2174 quem
1615 2102 1821 2167 omnia,
1870 2111 1918 2154 et

344 2224 435 2262 nos
462 2223 554 2277 per
583 2207 775 2275 ipsum.
810 2222 827 2254 ι

411 2297 503 2350 IX.
542 2295 638 2350 His
668 2295 741 2349 ita
768 2308 825 2347 se
856 2289 1207 2352 habentibus,
1237 2297 1320 2341 est
1344 2287 1532 2340 modus
1556 2285 1783 2349 divinas,
1807 2284 1921 2339 sive

343 2386 686 2457 evangelicae,
714 2383 798 2438 vel
829 2383 993 2436 etiam
1037 2382 1284 2436 humanm
1324 2378 1546 2448 gloriae;
1583 2378 1722 2430 sicut
1747 2375 1923 2429 Alchi—

344 2496 465 2534 mus
509 2479 701 2532 Avitus
749 2476 1031 2545 episcopus
1073 2470 1394 2526 Viennensis
1437 2469 1490 2522 in
1535 2467 1784 2538 Dialogo,
1831 2467 1920 2519 ubi

343 2586 466 2624 cum
501 2566 836 2624 Gundobado
875 2578 999 2634 rege
1035 2562 1292 2630 loquitur,
1330 2560 1496 2614 dicit:
1527 2577 1545 2608 ι
1576 2559 1708 2613 lllud
1743 2567 1920 2612 tamen

346 2663 484 2734 quod
509 2661 576 2716 ab
598 2657 904 2728 aequalitate
928 2653 1165 2708 caelestis
1188 2651 1369 2722 gloria:
1385 2650 1598 2704 Patrem
1624 2659 1676 2704 et
1704 2649 1918 2713 Filium,

343 2756 567 2829 perinde
601 2763 663 2809 ut
689 2761 996 2808 creaturam
1026 2747 1324 2818 angelicam
1356 2744 1714 2806 secludentes,
1741 2756 1924 2810 quam-

345 2850 468 2903 dam
502 2846 632 2901 mihi
660 2843 916 2899 invidiam
946 2840 1130 2894 illicite
1171 2837 1417 2905 supernis
1443 2835 1732 2889 virtutibus
1761 2831 1921 2886 delati

344 2934 566 2991 honoris
589 2930 880 2987 obtenditis
897 2970 910 2994 ,
940 2928 1181 2982 dicentes
1209 2945 1220 2978 :
1251 2925 1390 2994 Ergo
1416 2933 1470 2978 et
1496 2923 1698 2992 angelis
1721 2963 1734 2987 ,
1761 2930 1924 2991 atque

347 3024 716 3096 archangelis,
744 3030 797 3078 et
825 3033 1158 3090 quaecunque
1188 3018 1240 3071 in
1269 3015 1496 3072 excelsis
1522 3023 1676 3079 sunt,
1699 3013 1921 3085 gloriam

345 3117 490 3174 ferre
519 3116 813 3179 debemus;
849 3112 973 3166 licet
1011 3109 1229 3164 minime
1263 3107 1530 3178 pertineat
1567 3107 1633 3160 ad
1669 3120 1920 3168 causam,

345 3211 512 3264 etiam
537 3209 601 3264 ad
633 3221 871 3276 prresens
899 3219 1004 3258 non
1031 3203 1250 3258 omnino
1273 3202 1350 3256 sic
1373 3216 1564 3264 renuo,
1590 3200 1743 3270 quasi
1771 3215 1920 3254 erea-

351 3311 486 3357 turte
521 3300 737 3356 sublimi
773 3307 933 3367 atque
965 3295 1244 3364 praestanti
1281 3294 1506 3364 gloriam
1544 3294 1684 3348 ferre
1733 3294 1923 3347 timea-

351 3409 492 3449 mus.
532 3392 628 3448 Est
662 3391 860 3460 quippe
903 3389 1128 3451 divinze,
1178 3394 1261 3442 est
1305 3385 1590 3457 angelicae,
1635 3393 1719 3439 est
1759 3384 1924 3438 etiam

351 3485 598 3538 humanm
636 3481 821 3552 gloria:
863 3478 1052 3534 modus
1072 3518 1086 3542 ,
1132 3493 1293 3547 quem
1325 3477 1377 3530 in
1409 3477 1590 3530 multis
1619 3475 1926 3546 Scriptura-

352 3587 470 3626 rum
502 3571 636 3626 locis
666 3569 1002 3623 inveniamus
1031 3574 1085 3620 et
1115 3576 1424 3620 sanctorum
1469 3566 1679 3621 meritis
1720 3574 1774 3619 et
1813 3565 1928 3634 api-

350 3663 500 3716 cibus
547 3676 731 3732 regum
775 3659 890 3714 sine
936 3659 1063 3712 vitio
1105 3658 1486 3713 assentationis
1527 3658 1748 3713 ascribi.
1799 3657 1928 3724 Quae

349 3752 494 3807 enim
521 3752 662 3807 inter
687 3751 933 3806 homines
957 3750 1130 3820 prima
1155 3749 1344 3821 gloria,
1370 3749 1537 3819 gloria
1569 3750 1682 3803 haec
1709 3757 1792 3804 est
1818 3764 1930 3804 om-

351 3841 508 3896 nibus
543 3840 744 3896 sanctis
778 3838 933 3908 ejus;
970 3847 1024 3893 ct
1062 3838 1117 3892 in
1152 3838 1440 3910 Evangelio
1476 3839 1735 3894 Dominus
1764 3838 1926 3904 dicit,

350 3931 492 4000 quod
524 3946 624 3986 nec
656 3928 912 3984 Salomon
955 3928 1008 3982 in
1049 3928 1195 3984 omni
1238 3927 1408 3997 gloria
1452 3944 1546 3982 sua
1587 3927 1666 3983 sic
1704 3927 1930 3983 vestitus

349 4030 462 4086 est,
493 4021 630 4076 sicut
657 4020 757 4074 lilii
787 4019 1040 4074 ﬂosculus
1065 4019 1243 4088 specie
1273 4018 1526 4072 naturali.
1562 4037 1581 4071 ι

425 4113 492 4167 X.
529 4113 825 4167 Audiamus
849 4127 991 4165 nunc
1019 4112 1102 4164 his
1128 4111 1278 4180 paria
1302 4109 1517 4164 beatum
1545 4110 1928 4180 Hieronymum

351 4203 753 4274 przedicantem.
779 4201 919 4254 Dicit
939 4202 1082 4254 enim
1107 4201 1158 4253 in
1182 4200 1404 4270 epistola
1429 4215 1590 4268 quam
1615 4215 1712 4269 pro
1739 4213 1762 4239 ιι
1790 4201 1932 4254 schi-

352 4302 522 4350 smate
551 4293 823 4366 Vigilantii
860 4292 927 4347 ad
964 4292 1241 4361 Riparium
1278 4292 1650 4361 presbyterum
1682 4290 1934 4345 transmi-

352 4387 420 4440 sit
447 4404 458 4439 :
492 4405 508 4435 ‹
536 4383 644 4439 Nos
675 4391 886 4448 autem,
916 4398 1020 4437 non
1051 4381 1172 4437 dico
1200 4389 1495 4452 martyrum
1522 4383 1807 4452 reliquias,
1839 4382 1933 4436 sed

2021 1939 2269 1985 recturus
2292 1970 2306 1994 ,
2334 1929 2598 1998 religiosae.
2629 1928 2871 1982 mulieris
2900 1928 3098 1982 bonum
3130 1943 3264 1997 opus
3299 1927 3586 1996 praedicat,

2019 2022 2525 2092 praedicandumquc
2547 2020 2919 2083 commendat,
2945 2021 3086 2089 quod
3112 2026 3439 2088 unguentum
3464 2033 3590 2086 pre-

2024 2115 2215 2169 tiosum
2244 2128 2405 2182 supra
2451 2113 2691 2166 membra
2739 2110 2855 2180 ejus
2883 2111 3159 2176 effuderit,
3193 2120 3356 2182 atque
3395 2111 3497 2166 hoc
3525 2111 3592 2164 ad

2019 2220 2142 2260 eum
2171 2204 2533 2275 sepeliendum
2561 2203 2768 2258 fecerit.
2803 2203 2870 2256 Et
2898 2202 3238 2256 laudabiliter
3265 2214 3594 2256 commemo-

2022 2306 2210 2351 rantur
2242 2297 2295 2349 in
2326 2295 2646 2365 Evangelio,
2679 2295 2769 2364 qui
2801 2309 2995 2363 corpus
3021 2293 3137 2362 ejus
3164 2292 3228 2346 de
3260 2306 3421 2346 cruce
3446 2306 3596 2345 acce-

2020 2398 2170 2458 ptum
2197 2387 2479 2458 diligenter
2504 2396 2664 2455 atque
2707 2385 3000 2439 honoriﬁce
3026 2383 3309 2452 tegendum
3336 2381 3595 2450 sepelien-

2022 2481 2256 2549 dumque
2299 2486 2576 2534 curarunt.
2626 2475 3005 2531 Verumtamen
3068 2475 3187 2528 istae
3247 2473 3597 2528 auctoritates

2022 2586 2129 2626 non
2172 2570 2274 2624 hoc
2315 2568 2635 2630 admonent,
2683 2565 2825 2635 quod
2872 2565 3002 2618 insit
3047 2563 3189 2619 ullus
3233 2560 3592 2617 cadaveribus

2023 2677 2249 2726 sensus;
2297 2661 2390 2715 sed
2432 2660 2500 2714 ad
2540 2660 2634 2713 Dei
2680 2658 3105 2728 providentiam,
3135 2656 3220 2710 cui
3263 2655 3425 2708 etiam
3465 2653 3593 2706 talia

2022 2753 2239 2822 pietatis
2270 2750 2442 2805 ofﬁcia
2478 2749 2722 2818 placent,
2751 2764 2976 2818 corpora
3016 2761 3226 2817 quoque
3262 2752 3593 2800 mortuorum

2022 2843 2294 2913 pertinere
2338 2841 2683 2912 signiﬁcant,
2719 2849 2938 2910 prepter
2977 2839 3137 2894 ﬁdem
3183 2835 3596 2892 resurrectionis

2025 2933 2390 2989 astruendam.
2426 2952 2444 2985 ι
2539 2949 2548 2956 ·

2097 3028 2228 3081 item
2257 3025 2592 3095 Augustinus
2635 3026 2688 3077 in
2731 3022 2870 3077 libro
2907 3031 3098 3076 octavo
3141 3021 3380 3090 ejusdem
3420 3031 3599 3086 operis

2027 3119 2177 3190 (Cap.
2205 3118 2296 3189 9.7)
2325 3137 2336 3171 :
2383 3137 2399 3168 ι
2432 3117 2541 3171 Nec
2567 3124 2746 3170 tamen
2776 3115 3105 3185 martyribus
3134 3111 3330 3180 templa
3350 3151 3364 3176 ,
3410 3125 3596 3164 sacer-

2025 3211 2200 3276 dotia,
2251 3225 2405 3264 sacra
2459 3217 2514 3262 et
2568 3206 2836 3262 sacriﬁcia
2879 3204 3296 3259 constituimus:
3341 3199 3598 3270 quoniam

2025 3317 2130 3356 non
2162 3301 2298 3369 ipsi,
2339 3300 2432 3355 sed
2462 3300 2603 3354 Deus
2629 3312 2816 3353 eorum
2847 3296 3004 3350 nobis
3029 3303 3112 3350 est
3140 3294 3302 3349 Deus.
3357 3291 3602 3347 Honora-

2026 3409 2146 3448 mus
2172 3407 2302 3449 sane
2331 3392 2622 3448 memorias
2650 3405 2838 3444 eorum
2878 3397 3136 3457 tanquam
3166 3391 3475 3440 sanctorum
3505 3381 3602 3436 ho-

2028 3485 2232 3538 minum
2259 3483 2377 3547 Dei,
2405 3483 2496 3552 qui
2524 3496 2697 3550 usque
2723 3481 2791 3535 ad
2819 3488 3047 3534 mortem
3072 3490 3359 3547 corporum
3383 3488 3602 3529 suorum

2026 3590 2125 3644 pro
2154 3575 2379 3629 veritate
2412 3579 2723 3636 certarunt,
2760 3579 2820 3624 ut
2848 3571 3209 3624 innotesceret
3235 3581 3363 3621 vera
3393 3563 3601 3633 religio,

2029 3665 2176 3720 falsis
2221 3666 2467 3734 ﬁctisque
2509 3662 2792 3718 convictis.
2844 3660 2998 3728 Quod
3043 3658 3256 3715 etiamsi
3301 3657 3392 3726 qui
3441 3662 3602 3708 antea

2029 3757 2372 3819 sentiebant,
2423 3755 2662 3809 timendo
2711 3753 3096 3824 reprimebant.
3135 3751 3268 3818 Quis
3298 3757 3480 3804 autem
3510 3763 3606 3802 au-

2029 3848 2163 3903 divit
2198 3847 2485 3916 aliquando
2522 3845 2759 3900 ﬁdelium
2791 3851 3024 3899 stantem
3062 3842 3396 3898 sacerdotem
3426 3839 3496 3894 ad
3525 3837 3606 3891 al-

2030 3949 2175 4002 tare,
2216 3939 2378 3993 etiam
2405 3952 2568 4006 super
2595 3945 2842 3991 sanctum
2869 3950 3066 4003 corpus
3107 3933 3362 4002 martyris
3401 3931 3470 3986 ad
3507 3930 3603 3985 Dei

2037 4019 2292 4086 honorem
2337 4029 2646 4098 cultumque
2686 4033 3080 4090 constructum,
3120 4024 3297 4078 dicere
3338 4023 3392 4076 in
3430 4021 3606 4091 preci-

2031 4123 2168 4176 bus:
2206 4120 2385 4176 Offcro
2426 4120 2519 4174 tibi
2556 4119 2913 4183 sacriﬁcium,
2955 4116 3133 4181 Petro,
3174 4115 3258 4170 vel
3297 4113 3481 4179 Paule,
3522 4113 3606 4166 vel

2032 4201 2334 4283 Cypriane?
2361 4227 2483 4266 cum
2510 4210 2650 4280 apud
2675 4225 2860 4264 eorum
2885 4209 3174 4263 memorias
3195 4205 3450 4261 offeratur
3475 4205 3604 4260 Deo.

2033 4304 2122 4371 qui
2156 4318 2248 4357 eos
2277 4310 2331 4356 et
2356 4302 2604 4356 homines
2634 4309 2688 4354 et
2715 4309 2977 4370 martyres
3005 4299 3152 4363 fecit,
3187 4307 3240 4353 et
3270 4297 3471 4352 sanctis
3496 4297 3610 4350 suis

2034 4395 2240 4465 angelis
2267 4394 2473 4449 caelesti
2503 4393 2708 4447 honore
2738 4393 2992 4457 sociavit;
3034 4402 3092 4446 ut
3119 4407 3181 4447 ea
3211 4390 3519 4444 celebritate
3555 4397 3612 4442 et

352 4493 452 4532 nec
473 4477 640 4533 solem
667 4476 883 4545 quidem
907 4484 957 4528 et
981 4473 1162 4527 lunam
1180 4514 1195 4539 ,
1221 4482 1274 4528 et
1299 4474 1535 4543 angelos,
1561 4484 1614 4529 et
1641 4475 1923 4544 archange-

2036 4487 2145 4540 Deo
2176 4499 2304 4538 vero
2334 4484 2546 4538 illorum
2577 4485 2818 4537 victoriis
2850 4485 3050 4552 gratias
3095 4497 3353 4554 agamus,
3406 4489 3461 4535 et
3510 4496 3612 4536 nos

352 4569 458 4634 los,
490 4584 594 4624 non
620 4567 889 4637 seraphim
912 4607 926 4631 ,
956 4582 1064 4622 non
1104 4565 1381 4620 cherubim
1403 4605 1416 4629 ,
1451 4573 1507 4618 et
1540 4581 1700 4619 omne
1735 4580 1929 4618 nomen

353 4661 493 4731 quod
539 4659 848 4716 nominatur
889 4660 942 4712 in
985 4659 1236 4727 prmsenti
1278 4657 1504 4722 sacculo,
1533 4664 1584 4710 et
1617 4655 1671 4710 in
1713 4655 1924 4722 futuro,

352 4754 580 4809 colimus
617 4761 672 4807 et
711 4766 1070 4816 veneramur;
1103 4766 1170 4804 ne
1198 4750 1498 4803 serviamus
1539 4757 1802 4802 creaturae
1831 4763 1929 4816 po-

355 4843 459 4896 tius
497 4857 658 4909 quam
696 4839 973 4904 Creatori,
1017 4839 1107 4908 qui
1151 4850 1233 4892 est
1270 4838 1583 4891 benedictus
1618 4837 1671 4890 in
1711 4838 1923 4893 saicula.

353 4934 692 4989 Iionoramus
721 4940 899 4985 autem
935 4929 1190 5000 reliquias
1226 4935 1558 4998 martyrum,
1597 4934 1657 4980 ut
1685 4943 1807 4982 cum
1837 4944 1928 4983 cu-

349 5027 438 5095 jus
482 5032 607 5080 sunt
650 5032 918 5092 martyres
964 5021 1270 5074 adoremus.
1320 5018 1657 5073 llonoramus
1707 5037 1830 5086 vos,
1876 5030 1933 5074 ut

358 5120 590 5171 honores
616 5129 896 5171 servorum
922 5112 1222 5167 redundent
1250 5113 1314 5166 ad
1346 5113 1630 5193 Dominum
1653 5154 1667 5177 ,
1700 5115 1788 5182 qui
1821 5115 1894 5168 ait
1921 5135 1930 5167 :

359 5209 460 5272 Qui
492 5226 576 5263 ros
603 5206 854 5277 suscipit,
885 5221 966 5257 me
992 5204 1226 5272 suscipit.
1267 5223 1284 5255 »

428 5299 514 5353 XI.
551 5300 824 5354 Consonat
851 5298 976 5353 huic
1007 5297 1197 5350 beatus
1229 5295 1555 5365 Augustinus
1581 5297 1634 5350 in
1667 5298 1803 5350 libro
1833 5300 1936 5365 pri-

2038 4579 2105 4632 ad
2138 4577 2492 4631 imitationem
2528 4576 2714 4628 talium
2747 4591 3067 4630 coronarum
3095 4582 3256 4642 atque
3285 4573 3610 4642 palmarum,

2038 4669 2224 4724 eodem
2257 4669 2503 4722 invocato
2544 4668 2598 4722 in
2637 4667 2894 4721 auxilium
2925 4707 2940 4731 ,
2987 4682 3053 4719 ex
3090 4666 3301 4719 illorum
3334 4663 3614 4719 memoria:

2037 4761 2386 4815 renovatione
2434 4759 2800 4813 adhortemur.
2866 4758 3209 4826 Quaecunque
3252 4756 3416 4825 igitur
3460 4754 3616 4807 adhic

2039 4852 2234 4905 hentur
2257 4850 2628 4920 religiosorum
2655 4849 2910 4917 obsequia
2943 4849 2995 4901 in
3029 4857 3324 4916 martyrum
3348 4845 3500 4907 locis,
3526 4860 3618 4898 or-

2041 4951 2290 4998 namenta
2317 4949 2442 4995 sunt
2467 4940 2872 5003 memoriarum,
2907 4955 3014 4992 non
3050 4954 3204 4993 sacra
3234 4937 3316 4991 vel
3347 4934 3615 4990 sacriﬁcia

2038 5041 2372 5088 mortuorum
2401 5038 2652 5098 tanquam
2679 5029 2922 5084 deorum.
2961 5029 3274 5097 Quicunque
3299 5027 3461 5081 etiam
3489 5039 3620 5095 epu-

2038 5125 2118 5180 las
2163 5139 2290 5179 suas
2324 5138 2389 5178 eo
2429 5121 2710 5185 deferunt;
2762 5121 2906 5190 quod
2951 5121 3167 5188 quidem
3215 5135 3246 5172 a
3291 5116 3620 5172 Christianis

2040 5215 2350 5269 melioribus
2393 5229 2499 5267 non
2545 5213 2632 5278 fit,
2678 5220 2734 5290 et
2775 5214 2826 5266 in
2867 5212 3136 5280 plerisque
3171 5218 3438 5265 terrarum
3473 5206 3618 5262 nulla

2037 5305 2159 5361 talis
2201 5314 2285 5361 est
2331 5304 2701 5360 consuetudo:
2744 5313 2922 5359 tamen
2953 5304 3263 5373 quicunque
3292 5301 3346 5356 id
3372 5300 3617 5356 faciunt.

1768 5414 2037 5474 BALUZII
2077 5418 2304 5474 NOTAE.

427 5519 449 5546 ι
485 5504 775 5560 Sclusmate
829 5503 1112 5574 Vigilantii.
1161 5501 1512 5574 Celebris'est
1553 5501 1640 5574 hie
1669 5503 1831 5557 homo
1857 5505 1926 5559 ob

356 5575 630 5632 aculeatas
655 5571 961 5644 Hieronymi
988 5577 1039 5628 in
1077 5590 1198 5627 eum
1224 5571 1566 5644 scriptiones.
1620 5572 1686 5625 Et
1714 5583 1928 5644 constat

358 5647 629 5703 hominem
680 5643 1038 5699 fuisse’valde
1089 5643 1424 5704 lueretieutn,
1475 5659 1538 5696 ac
1593 5643 1841 5695 meritum
1872 5654 1931 5697 ut

360 5719 617 5772 adversus
647 5731 769 5769 eum
796 5715 1213 5768 exeandeseeret
1251 5712 1627 5783 Hieronymus.
1667 5714 1741 5765 Ac
1773 5713 1933 5783 vulgo

356 5796 550 5860 putant
574 5787 841 5840 hominem
873 5784 1033 5838 fuisse
1067 5783 1382 5852 Hispanum.
1418 5781 1521 5836 Sed
1554 5782 1697 5836 illam
1725 5781 1934 5852 opinio-

2033 5523 2155 5562 nem
2206 5521 2325 5561 esse
2361 5505 2553 5558 falsam
2611 5504 2815 5558 evincit
2868 5503 3268 5558 illustrissimus
3297 5501 3382 5554 vir
3427 5499 3625 5554 Petrus

2035 5580 2101 5632 de
2131 5577 2308 5630 Marca
2341 5575 2782 5644 archiepiscopus
2811 5574 3132 5628 Parisiensis
3154 5575 3208 5626 in
3234 5573 3628 5644 Dissertatione

2038 5649 2102 5702 de
2131 5649 2304 5716 patria
2350 5641 2646 5716 Vgigilahtii,
2682 5641 2853 5716 quam
2899 5645 3028 5698 olim
3077 5645 3132 5697 in
3169 5641 3444 5716 publicum
3473 5641 3628 5696 exire

2043 5714 2326 5773 faciemus.
2375 5714 2576 5770 Probat
2605 5723 2782 5770 autem
2814 5714 3145 5784 Aquitanum
3175 5714 3363 5768 fuisse.
