4010 6184
458 274 564 334 9υ9

1458 281 1664 339 LIBER
1699 282 1787 338 DE
1827 282 2229 341 [MAGINIBUS
2268 282 2713 346 SANCTORUH.

3617 290 3728 347 210

458 408 597 466 quas
622 408 747 448 cum
773 396 1127 465 apposuerint
1162 405 1322 454 orant
1356 408 1414 456 et
1441 401 1695 460 auferunt
1731 416 1791 461 ut
1815 423 2041 465 vescan-
2070 412 2120 471 Α
2145 418 2241 465 aut
2264 410 2356 467 illo
2380 411 2545 466 etiam
2575 427 2736 482 quem
2765 420 2988 483 propter
3013 427 3073 468 se
3107 419 3466 482 acceperunt.
3506 427 3729 481 accepe-

458 497 565 549 tur,
591 485 679 541 vel
705 500 774 541 ex
802 487 883 541 eis
912 488 1079 543 etiam
1106 489 1475 561 indigentibus
1501 493 1817 567 largiantur,
1843 502 2043 555 sancti-

455 576 609 633 ﬁcari
633 578 708 632 ibi
731 591 826 632 eas
849 578 1038 634 volunt
1060 595 1164 650 per
1187 584 1382 637 merita
1408 593 1709 655 martyrum
1739 588 1795 641 in
1820 590 2041 646 nomine

452 667 672 723 Domini
707 676 1026 738 martyrum.
1081 669 1198 726 Non
1237 682 1417 729 autem
1457 689 1581 732 esse
1624 676 1726 732 ista
1771 678 2037 735 sacriﬁcia

453 769 756 833 martyrum
786 762 969 827 novit,
1017 764 1110 832 qui
1140 766 1291 820 novit
1317 784 1518 835 unum,
1561 770 1707 839 quod
1731 771 1897 825 etiam
1927 772 2037 827 illic

452 852 681 908 offertur
707 850 1035 907 sacriﬁcium
1060 854 1512 913 Christianorum.
1545 858 1654 915 Nos
1683 861 1865 930 itaque
1891 878 2037 917 mar-

452 954 602 1017 tyres
626 955 864 1009 nostros,
899 960 999 1001 nec
1027 948 1225 1004 divinis
1255 951 1553 1009 honoribus
1573 995 1589 1019 ,
1639 971 1739 1011 nec
1782 958 2036 1014 humanis

449 1035 772 1090 criminibus
797 1035 1056 1100 colimus,
1095 1038 1237 1093 sicut
1261 1040 1447 1095 colunt
1472 1045 1667 1114 pagani
1703 1045 1835 1100 deos
1866 1061 2032 1112 suos;

449 1144 555 1184 nec
579 1127 846 1182 sacrificia
878 1128 986 1183 illis
1020 1127 1328 1196 offerimus,
1373 1147 1476 1188 nec
1503 1149 1694 1189 eorum
1737 1138 1931 1205 probra
1979 1139 2033 1192 in

449 1234 637 1274 eorum
664 1234 821 1274 sacra
844 1220 1231 1277 convertimus.
1266 1242 1285 1276 ι

520 1313 661 1368 Dicit
702 1314 867 1368 etiam
914 1313 969 1367 in
1012 1313 1154 1369 libro
1194 1331 1356 1385 quem
1389 1317 1453 1371 de
1484 1333 1578 1373 sex
1619 1321 1830 1376 dierum
1871 1338 2033 1393 opere

452 1404 674 1475 scripsit
702 1403 924 1475 (Quaest.
953 1406 1009 1460 in
1033 1405 1170 1462 Gen.
1202 1408 1295 1463 lib.
1321 1426 1363 1475 ι,
1387 1426 1505 1480 cap.
1530 1412 1644 1482 84),
1671 1414 1815 1483 quod
1844 1418 2035 1470 statuit

446 1494 681 1564 lapidem
706 1494 894 1560 Iacob,
924 1511 1085 1565 quem
1110 1498 1215 1553 sibi
1241 1499 1310 1553 ad
1334 1508 1497 1570 caput
1523 1512 1798 1571 posuerat,
1824 1513 1881 1559 et
1903 1520 2032 1559 con-

445 1584 627 1639 stituit
666 1600 788 1640 eum
829 1586 1066 1652 titulum,
1091 1595 1147 1642 et
1179 1588 1416 1658 perfudit
1446 1591 1594 1645 illum
1624 1592 1764 1659 oleo,
1798 1610 1904 1649 non
1933 1595 2030 1649 ali-

444 1675 577 1743 quid
602 1675 916 1731 idololatriaa
947 1678 1123 1733 simile
1157 1679 1304 1735 fecit.
1351 1679 1468 1736 Non
1501 1682 1646 1736 enim
1674 1683 1761 1737 vel
1790 1692 1917 1739 tunc
1946 1685 2030 1740 vel

2145 514 2274 561 runt
2317 514 2534 571 tamen,
2585 514 2750 577 atque
2791 508 2867 561 ita
2915 504 3147 562 refectos
3186 508 3240 560 in
3284 505 3432 560 illum
3466 506 3550 560 ire
3581 519 3727 560 com-

2142 596 2379 666 pellunt,
2426 611 2534 665 quo
2576 596 2820 653 fruentes
2859 598 3068 668 pariter
3098 597 3243 652 beati
3269 597 3461 652 simus.
3505 594 3642 649 Nam
3670 603 3726 650 et

2139 688 2427 757 Apostolus
2461 688 2767 742 exclamat:
2809 689 3067 759 Nunquid
3099 688 3304 743 Paulus
3329 687 3615 757 cruciﬁxus
3648 696 3723 740 est

2137 792 2232 845 pro
2260 776 2448 831 vobis?
2481 777 2583 831 Aut
2610 777 2666 836 in
2692 778 2900 831 nomine
2930 775 3091 831 Pauli
3122 778 3373 847 baptizati
3399 776 3569 831 estis?
3612 775 3679 833 Ει
3707 794 3719 829 :

2140 864 2324 937 Neque
2365 867 2456 935 qui
2500 865 2704 937 plantat
2746 877 2821 920 est
2866 865 3088 938 aliquid,
3129 884 3292 938 neque
3315 869 3407 939 qui
3434 869 3591 938 rigat,
3629 868 3722 921 sed

2136 957 2225 1026 qui
2254 957 2630 1011 incrementum
2654 956 2747 1011 dat
2775 956 2937 1011 Deus.
2997 956 3066 1011 Et
3102 956 3325 1028 angelus
3353 957 3627 1033 hominem
3660 970 3719 1010 se

2136 1048 2447 1102 adorantem
2480 1054 2696 1111 monet,
2734 1055 2797 1101 ut
2823 1047 2971 1101 illum
3002 1048 3183 1117 potius
3219 1048 3437 1112 adoret,
3479 1048 3581 1102 sub
3611 1060 3720 1115 quo

2135 1138 2185 1192 ei
2237 1137 2466 1192 Domino
2510 1139 2673 1193 etiam
2707 1140 2823 1209 ipse
2852 1153 3151 1194 conservus
3192 1147 3295 1194 est.
3356 1138 3490 1194 Cum
3538 1148 3718 1197 autem

2134 1228 2353 1283 homine
2396 1229 2451 1282 in
2496 1229 2608 1284 Deo
2653 1228 2881 1295 frueris,
2928 1230 3040 1285 Deo
3080 1232 3262 1299 potius
3300 1246 3464 1299 quam
3500 1232 3719 1288 homine

2134 1313 2350 1369 frueris.
2381 1315 2474 1370 Illo
2499 1317 2645 1370 enim
2675 1316 2873 1372 frueris
2900 1332 3007 1386 quo
3031 1317 3287 1373 efficicris
3314 1319 3536 1385 beatus;
3571 1328 3623 1375 et
3651 1323 3716 1376 ad

2132 1425 2254 1463 eum
2286 1418 2340 1463 te
2372 1412 2686 1479 pervenisse
2715 1412 3010 1479 laetaberis,
3052 1414 3108 1468 in
3141 1429 3250 1485 quo
3278 1410 3428 1484 spem
3467 1418 3624 1486 ponis
3661 1428 3719 1473 ut

2134 1500 2337 1554 venias.
2394 1499 2522 1555 Inde
2568 1502 2635 1556 ad
2685 1501 3054 1559 Philemonem
3093 1504 3330 1559 Paulus:
3376 1506 3485 1572 Ita,
3527 1507 3714 1577 frater,

2131 1589 2339 1659 inquit,
2380 1607 2473 1661 ego
2506 1601 2554 1647 te
2591 1593 2743 1662 fruar
2772 1594 2827 1648 in
2856 1593 3105 1649 Domino.
3148 1594 3304 1662 Quod
3332 1596 3379 1652 si
3409 1612 3519 1651 non
3556 1599 3713 1654 addi—

2130 1682 2315 1744 disset,
2345 1683 2401 1736 in
2425 1682 2675 1750 Domino,
2705 1694 2762 1740 et
2787 1696 2837 1740 te
2865 1685 3020 1756 fruar
3051 1695 3261 1742 tantum
3291 1687 3539 1755 dixisset,
3570 1690 3622 1744 in
3650 1707 3715 1747 eo

444 1771 633 1833 postea
664 1765 1032 1837 frequentavit
1058 1768 1293 1839 lapidem
1324 1770 1625 1838 adoranda,
1654 1781 1748 1827 aut
1773 1774 1822 1827 ei
1854 1775 2025 1829 sacri-
2054 1771 2098 1829 B
2126 1775 2501 1830 constituisset
2527 1791 2678 1846 spem
2707 1777 3063 1833 beatitudinis
3088 1793 3220 1834 suae.
3254 1798 3274 1833 ι

443 1853 683 1922 ticando;
719 1855 814 1912 sed
849 1857 1061 1928 signum
1089 1857 1191 1912 fuit
1221 1858 1274 1913 in
1305 1860 1589 1930 prophetia
1618 1861 2025 1918 evidentissima

440 1946 833 2012 constitutum,
885 1963 1005 2018 qua:
1049 1951 1327 2019 pertinent
1365 1952 1433 2006 ad
1479 1954 1813 2009 unctionem.
1873 1956 2024 2011 Unde

439 2035 640 2091 Christi
686 2053 883 2093 nomen
931 2055 962 2094 a
1006 2040 1301 2098 chrismate
1340 2051 1443 2098 est.
1498 2042 1616 2099 Non
1662 2044 1837 2099 solum
1878 2047 2021 2102 enim

440 2124 603 2195 lapidi
633 2127 1051 2184 sacriﬁcandum
1081 2145 1188 2186 non
1216 2141 1332 2199 est,
1369 2134 1466 2189 sed
1495 2150 1596 2189 nec
1624 2135 1718 2189 ulli
1754 2139 2021 2207 corporali

437 2217 829 2288 incorporalive
858 2228 1122 2275 creaturae
1145 2262 1160 2286 ,
1207 2233 1234 2263 ι
1274 2237 1377 2278 nec
1412 2224 1467 2279 in
1495 2224 1726 2294 alicujus
1755 2227 2020 2284 honorem

437 2314 632 2373 prmter
656 2306 826 2362 solius
849 2308 957 2363 vivi
983 2308 1079 2363 Dei
1107 2311 1363 2380 templum
1391 2314 1838 2370 construendum.
1865 2315 2019 2383 Quod

433 2412 559 2450 cum
587 2399 643 2451 in
667 2398 811 2462 aliis,
841 2406 954 2452 tum
984 2400 1040 2454 in
1062 2401 1427 2470 disputatione
1447 2419 1612 2475 quam
1634 2421 1759 2461 cum
1783 2406 2017 2463 Maximo

432 2486 735 2541 Manichaee
763 2488 1125 2545 incomminus
1156 2491 1365 2557 habuit,
1397 2496 1594 2563 prohat
1618 2497 1808 2553 beatus
1830 2496 2017 2570 Augu-

430 2580 611 2634 stinus
654 2580 741 2635 his
783 2582 999 2636 verbis:
1042 2602 1061 2633 ι
1101 2582 1159 2638 Si
1192 2585 1335 2640 Deus
1372 2584 1605 2655 Spiritus
1647 2597 1867 2645 sanctus
1907 2605 2015 2646 non

431 2678 608 2736 esset,
640 2672 900 2741 templum
929 2674 1116 2743 utique
1146 2690 1246 2730 nos
1276 2676 1419 2746 ipsos
1449 2692 1556 2732 non
1583 2678 1828 2735 haberet.
1869 2678 2016 2736 Scri-

429 2771 577 2831 ptum
606 2770 691 2819 est
719 2766 918 2836 quippe
944 2767 999 2821 in
1026 2767 1321 2835 Apostolo:
1360 2769 1589 2825 Nescitis
1611 2773 1737 2842 quia
1763 2772 2011 2844 templum

427 2853 526 2908 Dei
547 2855 688 2918 estis,
711 2862 761 2909 et
787 2854 1020 2925 Spiritus
1040 2857 1139 2911 Dei
1161 2859 1364 2914 habitat
1389 2862 1445 2915 in
1473 2861 1616 2917 vobis
1635 2863 1661 2915 1’
1689 2862 1757 2917 Et
1778 2864 2007 2922 iterum:

430 2944 655 3000 Nescitis
682 2948 807 3018 quia
837 2964 1057 3018 corpora
1078 2959 1249 3005 vestra
1275 2952 1525 3023 templum
1545 2955 1603 3010 in
1624 2957 1768 3012 vobis
1791 2968 1866 3012 est
1894 2959 2010 3031 Spi-

426 3035 558 3089 ritus
584 3037 774 3101 sancti,
803 3054 952 3106 quem
979 3038 1179 3095 habetis
1204 3059 1237 3093 a
1264 3040 1373 3096 Deo
1396 3043 1422 3096 Ρ
1446 3042 1637 3101 Nonne
1668 3048 1714 3102 si
1746 3050 2005 3120 templum

422 3126 583 3182 alicui
612 3137 802 3184 sancto
831 3129 1025 3201 angelo
1057 3132 1515 3190 excellentissimo
1543 3137 1613 3194 de
1637 3137 1796 3209 lignis
1835 3150 1890 3195 et
1926 3141 2003 3197 la-
2030 3133 2074 3196 C

422 3218 638 3288 pidibus
682 3219 982 3276 faceremus
1007 3263 1022 3288 ,
1069 3224 1654 3283 anathematizaremur
1696 3243 1727 3283 a
1770 3232 2003 3289 veritate

421 3308 644 3375 Christi,
683 3321 738 3365 et
762 3312 830 3366 ad
857 3312 1097 3368 Ecclesia
1129 3313 1245 3379 Dei,
1278 3317 1533 3385 quoniam
1560 3326 1822 3376 creatura:
1848 3323 2002 3379 exhi-

420 3399 669 3454 beremus
703 3415 823 3455 eam
859 3403 1203 3468 servitutem,
1240 3421 1360 3474 qua:
1389 3407 1483 3460 uni
1520 3415 1731 3464 tantum
1770 3411 2001 3470 debetur

418 3488 572 3543 Deo?
601 3509 621 3543 ι

485 3596 596 3651 Xll.
638 3598 781 3655 Deus
827 3601 992 3671 igitur
1038 3604 1183 3658 solus
1229 3612 1350 3672 est,
1404 3608 1545 3663 sicut
1585 3608 1699 3678 jam
1746 3616 1997 3683 superius

413 3687 688 3761 multoties
720 3692 1079 3758 ostendimus,
1117 3695 1172 3748 in
1204 3711 1311 3765 quo
1340 3712 1490 3768 spem
1525 3709 1727 3758 nostra:
1758 3704 1997 3761 beatitu-

412 3777 553 3832 dinis
577 3778 846 3835 collocare
875 3781 1163 3847 debemus,
1201 3785 1344 3840 sicut
1381 3788 1523 3844 idem
1560 3792 1723 3848 Pater
1760 3794 1814 3848 in
1856 3795 1996 3853 libro

409 3866 479 3920 de
519 3867 768 3924 Doctrina
796 3870 1105 3928 Christiana
1148 3876 1327 3943 primo
1368 3880 1455 3933 his
1490 3882 1669 3937 verbis
1714 3883 1990 3952 insinuat,

408 3956 601 4013 dicens
623 3958 759 4030 (Lib.
783 3978 825 4023 ι.
850 3977 970 4033 cap.
996 3964 1088 4029 '52,
1110 3966 1238 4037 55):
1274 3986 1292 4018 ι
1322 3968 1487 4037 Cujus
1515 3988 1615 4027 nos
1645 3975 1989 4043 miseremur,

2197 1887 2334 1943 Xlll.
2372 1888 2525 1955 Quod
2556 1897 2736 1944 autem
2774 1889 2887 1945 sola
2922 1891 3204 1947 rationalis
3248 1900 3497 1948 creatura
3540 1896 3714 1965 possit

2122 1978 2265 2033 effici
2294 1981 2475 2046 beata,
2513 1989 2570 2035 et
2598 1982 2701 2037 hoc
2726 1983 2902 2053 ipsum
2940 1984 3141 2039 bonum
3171 1999 3280 2040 non
3304 1986 3507 2041 habeat
3535 1987 3643 2043 nisi
3678 2002 3710 2042 ι

2122 2069 2252 2134 Deo,
2283 2070 2426 2126 idem
2454 2072 2646 2128 doctor
2667 2080 2897 2129 testatur
2918 2075 2973 2130 in
3011 2074 3149 2131 libro
3169 2076 3237 2131 de
3257 2075 3486 2132 Civitate
3512 2078 3608 2133 Dei
3630 2095 3709 2135 xu

2122 2157 2274 2230 (Cap.
2305 2160 2380 2232 i),
2406 2163 2480 2217 ita
2516 2162 2781 2233 loquens:
2815 2183 2835 2216 ι
2865 2165 2982 2221 Non
3011 2175 3100 2223 est
3127 2175 3392 2223 creatura:
3423 2169 3705 2227 rationalis

2119 2248 2204 2304 vel
2238 2250 2624 2310 intellectualis
2650 2254 2886 2323 bonum,
2922 2272 3031 2327 quo
3073 2257 3233 2314 beata
3274 2258 3376 2325 sit,
3405 2260 3512 2315 nisi
3538 2260 3703 2317 Deus.

2116 2340 2303 2412 itaque
2332 2347 2579 2414 quamvis
2622 2362 2731 2403 non
2777 2349 2957 2405 omnis
2998 2350 3158 2407 beata
3203 2353 3374 2423 possit
3401 2369 3524 2410 esse
3550 2370 3706 2412 crea-

2118 2440 2238 2487 tura
2288 2432 2486 2505 (neque
2539 2437 2688 2493 enim
2756 2439 2861 2495 hoc
2934 2455 3131 2497 munus
3182 2442 3556 2511 adipiscuntur
3607 2454 3703 2500 aut

2115 2524 2338 2592 capiunt
2360 2523 2520 2592 ferze,
2548 2526 2723 2599 ligna,
2753 2545 2915 2597 saxa,
2953 2538 3008 2587 et
3036 2532 3083 2588 si
3108 2533 3240 2602 quid
3269 2531 3539 2601 ejusmodi
3567 2537 3696 2608 est),

2113 2628 2177 2668 ea
2208 2622 2388 2671 tamen
2414 2633 2535 2687 qua:
2563 2628 2785 2689 potest,
2832 2638 2943 2679 non
2971 2637 3037 2679 ex
3076 2639 3136 2680 se
3174 2625 3292 2695 ipsa
3325 2633 3536 2695 potest,
3570 2630 3699 2698 quia

2113 2720 2181 2760 ex
2211 2706 2382 2763 nihilo
2410 2716 2592 2765 creata
2619 2719 2725 2776 est,
2769 2712 2865 2768 sed
2901 2728 2969 2768 ex
3006 2714 3118 2781 illo,
3163 2730 3196 2771 a
3241 2732 3351 2788 quo
3381 2726 3565 2774 creata
3591 2728 3695 2776 est.

2113 2799 2229 2856 Hoc
2255 2802 2399 2856 enim
2429 2804 2626 2874 adepto
2654 2806 2812 2862 beata
2842 2816 2946 2875 est,
2975 2823 3084 2878 quo
3108 2811 3329 2877 amisso,
3356 2813 3559 2868 misera
3583 2824 3691 2870 est.

2109 2892 2204 2949 llle
2232 2910 2361 2951 vero
2388 2897 2481 2967 qui
2512 2913 2618 2953 non
2650 2899 2776 2966 alio,
2812 2901 2907 2956 sed
2948 2916 3007 2958 se
3048 2903 3168 2974 ipso
3193 2905 3335 2961 bono
3363 2905 3553 2961 beatus
3581 2916 3687 2973 est,

2110 2983 2233 3041 ideo
2279 2987 2445 3042 miser
2488 3003 2595 3044 non
2641 2997 2823 3059 potest
2864 3006 3024 3057 esse,
3084 2994 3211 3063 quia
3254 3010 3362 3051 non
3403 3011 3464 3051 se
3504 3005 3688 3066 potest

2108 3080 2379 3135 amittere.
2438 3080 2678 3138 Dicimus
2731 3083 2912 3154 itaque
2956 3086 3294 3142 immutabile
3331 3089 3533 3145 bonum
3575 3106 3683 3146 non

2106 3186 2249 3237 esse,
2282 3172 2385 3227 nisi
2414 3189 2578 3228 unum
2608 3189 2794 3230 verum
2822 3176 3041 3231 beatum
3073 3177 3277 3233 Deum:
3311 3195 3377 3235 ea
3403 3195 3536 3237 vero
3564 3196 3686 3252 qua:

2106 3265 2263 3331 fecit,
2306 3263 2449 3320 bona
2478 3265 2696 3335 quidem
2737 3283 2858 3323 esse
2893 3270 3036 3338 quod
3068 3270 3275 3337 abillo,
3312 3281 3690 3331 verumtamen

2105 3357 2405 3422 mutabilia,
2431 3358 2573 3428 quod
2599 3375 2705 3414 non
2728 3361 2795 3415 de
2821 3360 2930 3425 illo,
2956 3363 3049 3417 sed
3078 3363 3143 3418 de
3170 3364 3339 3420 nihilo
3365 3365 3509 3421 facta
3535 3377 3683 3422 sunt.
3712 3442 3717 3447 Α

2103 3444 2420 3516 Quanquam
2463 3463 2594 3520 ergo
2634 3465 2844 3505 summa
2888 3469 2995 3508 non
3037 3454 3148 3509 sint
3182 3456 3377 3524 quibus
3417 3465 3503 3513 est
3541 3458 3688 3515 Deus

2101 3537 2278 3608 majus
2303 3538 2533 3605 bonum;
2565 3556 2762 3613 mrgna
2790 3551 2918 3598 sunt
2945 3551 3124 3599 tamen
3151 3561 3214 3601 ea
3242 3547 3520 3603 mutabilia
3543 3550 3686 3606 bona

2100 3642 2220 3696 quae
2259 3628 2541 3685 adhaerere
2579 3640 2826 3701 possunt,
2874 3642 2935 3688 ut
2974 3634 3131 3690 beata
3172 3635 3311 3702 sint,
3358 3637 3683 3695 immutabili

2098 3718 2263 3784 bono,
2305 3721 2449 3788 quod
2477 3737 2651 3793 usque
2677 3724 2814 3789 adeo
2839 3722 3042 3780 bonum
3079 3740 3267 3781 eorum
3304 3736 3420 3793 est,
3464 3736 3525 3783 ut
3563 3730 3681 3786 sine

2097 3809 2190 3862 illo
2225 3810 2422 3864 misera
2463 3826 2587 3867 esse
2624 3827 2850 3869 necesse
2890 3816 2981 3870 sit.
3015 3835 3034 3868 ι

2165 3901 2243 3954 Ex
2286 3900 2425 3956 libro
2465 3902 2533 3955 de
2558 3917 2685 3957 vera
2725 3904 3002 3973 Religione
3037 3904 3189 3977 (Cap.
3216 3906 3307 3978 55)
3337 3926 3349 3961 :
3385 3924 3404 3959 ι
3437 3908 3553 3964 Non
3597 3913 3671 3968 sit

2094 4003 2224 4058 ergo
2250 3989 2407 4043 nobis
2438 3988 2625 4060 religio
2655 3991 2832 4046 cultus
2860 4006 3149 4061 corporum
3184 3995 3546 4053 mthereorum
3583 4006 3668 4053 at-

406 4055 465 4103 et
508 4050 596 4104 cui
647 4054 1017 4117 consulimus,
1071 4056 1139 4110 ad
1187 4055 1304 4124 ejus
1347 4059 1565 4128 quidem
1608 4064 1898 4119 utilitatem
1935 4068 1991 4122 id

2118 4050 2198 4149 [ue
2224 4050 2565 4146 caelestium:
2592 4081 2687 4137 sed
2712 4082 2831 4153 ejus
2856 4083 3011 4153 cujus
3036 4087 3492 4157 contemplatione
3527 4091 3669 4148 beati

406 4137 664 4207 facimus,
708 4159 938 4215 eamque
982 4147 1277 4204 intuemur.
1337 4149 1443 4207 Sed
1489 4156 1674 4211 nescio
1719 4160 1990 4227 quomodo
2090 4137 2237 4224 sunt.
2270 4168 2456 4239 Neque
2484 4137 2632 4225 enim
2661 4179 2716 4226 et
2741 4137 2842 4227 hos
2867 4137 3099 4229 videndo
3128 4137 3378 4244 angelum
3406 4178 3551 4234 beati
3580 4196 3671 4235 su-

403 4232 569 4287 etiam
604 4244 789 4291 nostra
835 4239 906 4292 sit
951 4254 1292 4310 consequens
1314 4284 1328 4307 ,
1377 4260 1498 4300 cum
1530 4262 1649 4302 eam
1677 4250 1988 4307 misericor-

404 4322 548 4377 diam
590 4340 753 4394 quam
797 4328 1159 4398 impendimus

403 4415 661 4486 relinquit
697 4419 861 4475 Deus.
911 4420 1036 4477 flare
1071 4432 1253 4479 autem
1284 4442 1493 4484 merces
1523 4446 1733 4488 summa
1762 4422 1889 4501 est,‘
1922 4447 1982 4492 ut

398 4505 518 4574 ipso
551 4507 918 4575 perfruamur,
964 4520 1019 4566 et
1062 4528 1254 4570 omnes
1292 4519 1386 4586 qui
1429 4533 1493 4573 eo
1542 4520 1790 4587 fruimur,
1821 4524 1980 4582 nobis
2005 4484 2058 4543 D

394 4594 561 4649 etiam
591 4596 824 4653 invicem
852 4600 909 4654 in
947 4602 1064 4671 ipso
1090 4604 1455 4672 perfruamur.
1495 4608 1631 4664 Nam
1660 4612 1705 4667 si
1736 4613 1791 4667 in
1819 4616 1978 4671 nobis

396 4685 450 4740 id
480 4686 730 4754 facimus,
762 4706 1109 4750 remanemus
1137 4696 1191 4750 in
1216 4697 1328 4763 via,
1348 4706 1416 4753 et
1443 4716 1591 4770 spem
1622 4702 1975 4764 beatitudinis

395 4784 596 4832 nostra:
626 4778 680 4833 in
712 4781 926 4838 homine
969 4794 1063 4841 aut
1102 4788 1157 4841 in
1197 4790 1388 4860 angelo
1413 4792 1781 4851 collocamus:
1829 4800 1973 4868 quod

2088 4276 2229 4328 mus,
2262 4262 2359 4317 sed
2384 4261 2617 4318 videndo
2644 4265 2950 4331 veritatem,
2983 4280 3089 4335 qua
3118 4268 3280 4323 etiam
3312 4270 3459 4339 ipsos
3487 4271 3664 4343 diligi-

1202 4336 1380 4403 egenti
1424 4336 1542 4394 Sine
1586 4343 1837 4397 mercede
1876 4359 1984 4429 {Ion
2085 4369 2207 4409 mus
2237 4354 2490 4426 angelos,
2522 4365 2583 4409 et
2607 4356 2688 4411 eis
2715 4358 3173 4429 congratulamur.
3218 4363 3329 4417 Nec
3360 4364 3665 4421 invidemus

2087 4446 2232 4516 quod
2261 4461 2326 4501 eo
2352 4446 2658 4515 paratiores
2693 4456 2749 4503 et
2774 4449 2937 4503 nullis
2963 4450 3226 4507 molestiis
3259 4453 3665 4523 interpedientio

2084 4534 2188 4589 bus
2211 4532 2600 4603 perfruuntur:
2640 4536 2736 4591 sed
2765 4538 2938 4608 magis
2961 4553 3056 4594 eos
3084 4539 3375 4610 diligimus,
3402 4545 3659 4612 quoniam

2083 4634 2140 4682 et
2166 4643 2265 4683 nos
2297 4628 2402 4683 tale
2429 4629 2631 4700 aliquid
2658 4646 2884 4701 sperare
2911 4647 2943 4685 a
2968 4636 3242 4689 communi
3269 4635 3500 4691 Domino
3521 4637 3658 4707 jussi

2080 4734 2286 4776 sumus.
2329 4720 2507 4788 Quare
2534 4723 2866 4779 honoramus
2889 4738 2984 4780 eos
3013 4726 3303 4793 charitate,
3348 4745 3452 4784 non
3495 4734 3660 4786 servio

2081 4818 2212 4867 tute.
2260 4812 2371 4869 Nec
2397 4815 2479 4870 eis
2510 4816 2707 4886 templa
2734 4816 3135 4874 constituimus.
3180 4818 3383 4877 Nolunt
3411 4823 3558 4877 enim
3594 4838 3653 4878 se

392 4872 447 4918 et
496 4866 659 4922 homo
706 4872 972 4939 superbus
1019 4883 1076 4930 et
1123 4878 1348 4947 angelus
1400 4883 1665 4950 superbus
1713 4866 1976 4957 arrogant

392 4955 490 4981 ..ειλ
583 4966 744 4981 -ι----
786 4962 835 4981 :_
885 4978 931 4981 ,κ
984 4964 1067 4981 ,so,
1540 4972 1553 4981 .
1850 4979 1859 4981 _

2178 4866 2185 4867 ,
2405 4866 2474 4870 ___
2513 4866 2707 4886 _-_,__
2739 4866 3135 4874 ____---_--"_--
3180 4866 3383 4877 _.--.....
3412 4866 3558 4877 -......
3594 4866 3652 4878 ,ν

2124 4917 2153 4956 c
2192 4904 2446 4960 honorari
2490 4922 2520 4960 a
2561 4908 2738 4973 nobis,
2774 4909 2901 4979 quia
2933 4925 3032 4965 nos
3061 4911 3226 4981 ipsos,
3258 4928 3383 4967 cum
3410 4914 3536 4968 boni
3564 4931 3654 4969 su-

391 4955 531 5021 sibi,
582 4966 749 5027 atque
786 4962 841 5015 in
880 4978 940 5019 se
974 4964 1201 5021 aliorum
1235 4984 1383 5039 spem
1414 4972 1653 5039 gaudent
1688 4955 1966 5034 constitui.

390 5044 624 5105 Sanctus
654 5060 835 5107 autem
866 5053 1029 5111 homo
1065 5064 1120 5111 et
1158 5067 1380 5115 sanctus
1412 5063 1636 5133 angelus
1667 5066 1832 5122 etiam
1860 5068 1969 5125 fes-

2074 5006 2211 5055 iuus,
2244 4995 2439 5063 templa
2468 4997 2664 5052 summi
2692 4998 2789 5052 Dei
2816 5014 2937 5055 esse
2964 5010 3250 5055 noverunt.
3283 5020 3304 5051 ι

2140 5080 2273 5136 Nam
2304 5092 2359 5138 et
2385 5100 2507 5139 cum
2538 5089 2837 5145 exaudiunt
2871 5091 3074 5162 angeli,
3107 5091 3248 5146 Deus
3278 5094 3499 5147 exaudit
3532 5105 3648 5148 tau-

388 5152 479 5248 sos
504 5154 603 5240 nos
632 5150 795 5244 atque
826 5144 879 5197 in
909 5160 967 5198 se
994 5148 1273 5215 quiescere
1299 5159 1354 5205 et
1379 5168 1661 5209 remanere
1685 5157 1964 5226 cupientes
2063 5181 2223 5236 quam
2260 5172 2312 5225 in
2342 5188 2470 5228 vero
2506 5191 2608 5231 nec
2650 5179 2965 5234 manufacto
3006 5181 3205 5248 templo
3243 5196 3360 5244 suo,
3408 5183 3549 5238 sicut
3589 5187 3643 5239 in

384 5227 639 5284 reficiunt
672 5232 884 5300 potius,
924 5243 1018 5289 aut
1046 5250 1113 5291 eo
1141 5248 1354 5309 sumptu
1392 5257 1551 5311 quem
1585 5254 1806 5315 propter
1840 5263 1959 5314 nos,

2063 5257 2315 5315 omnibus
2362 5265 2568 5318 sanctis
2617 5266 2769 5330 suis,
2820 5266 3045 5342 ejusque
3097 5271 3463 5341 temporaliter
3507 5274 3644 5329 fiunt
3744 5344 3755 5348 _

1772 5356 2048 5416 BALUZlI
2083 5362 2311 5424 NOTIE.

518 5453 632 5508 Nec
643 5456 707 5534 in
730 5454 972 5534 alicujus
985 5458 1253 5514 honorem.
1276 5460 1377 5534 _Sic
1403 5463 1481 5534 ait
1501 5463 1822 5534 Agobardus
1844 5480 1953 5522 non

376 5592 462 5673 jus
485 5592 695 5673 sancti,
710 5595 804 5649 sed
829 5604 1036 5673 tantum
1064 5592 1252 5673 solius'
1268 5601 1381 5655 Dei.
1414 5601 1521 5656 Sed
1555 5603 1749 5673 opinor
1774 5614 1954 5661 muta-

381 5672 558 5717 turum
582 5662 749 5720 fuissc
770 5668 1114 5732 sententiam,
1144 5670 1187 5722 si
1216 5670 1317 5725 hoc
1346 5682 1533 5737 nostro
1555 5662 1751 5729 sieculo
1790 5675 1952 5732 vixis—

518 5485 629 5508 uco
653 5485 707 5508 ιιι
730 5485 958 5526 ιιιιυιιμιδ
985 5485 1253 5514 (turturem.
1289 5485 1377 5517 DIC
1403 5485 1481 5517 all.
1501 5485 1822 5534 agonaruus
1844 5485 1953 5522 non
2060 5485 2159 5539 set,
2205 5493 2313 5548 quo
2343 5496 2457 5536 recc

382 5521 543 5602 licere
570 5526 1102 5606 cuiquamgdcdicare
1128 5531 1384 5606 templum
1413 5533 1467 5606 i_n
1496 5535 1755 5606 honorem
1783 5535 1959 5592 alien-
2058 5557 2390 5604 sauciorum,
2415 5552 2457 5606 0

2059 5615 2151 5670 Dei
2188 5634 2201 5682 ;
2236 5627 2289 5674 et
2315 5621 2366 5674 in
2393 5622 2471 5677 eis
2493 5631 2652 5677 erant
2683 5626 2954 5680 memoriw
2990 5615 3307 5700 martyrum.

2205 5493 2313 5548 quo
2343 5493 2618 5553 receptum
2654 5493 2737 5539 est
2777 5485 3034 5545 ecclesias
3076 5488 3311 5547 dedicari
3348 5494 3400 5549 iu
3430 5494 3636 5553 honore

2462 5507 2464 5517 ν
2506 5500 2618 5538 tum
2654 5500 2737 5539 est
2777 5500 3034 5545 ecetesms
3076 5500 3311 5547 dedcari
3348 5500 3400 5549 iu
3430 5500 3630 5553 honore

2462 5500 2554 5608 Em
2585 5554 2829 5609 ecclesia:
2858 5555 3250 5615 dedicabantur
3290 5563 3343 5617 in
3371 5565 3630 5623 honorem
