3962 6180
342 279 444 336 9η

1276 280 1333 338 S.
1374 280 1727 341 AGOBARDI
1766 278 2074 337 EPISCOPI
2113 278 2603 339 LUGDUNENSIS

3508 280 3616 338 213

340 403 493 470 jussu
516 406 719 453 aeterna
744 399 863 454 sine
888 398 1007 470 lege
1027 407 1341 468 conspecta.
1376 398 1488 455 Nec
1511 413 1730 454 movere
1750 398 1929 463 debet,
1959 400 2011 457 A
2037 394 2349 453 Paracletus
2378 415 2481 453 non
2507 400 2670 455 veniet
2707 398 2777 453 ad
2812 414 2921 453 vos.
2960 396 3025 455 Si
3051 405 3230 453 aluerit
3255 396 3457 461 abiero.
3495 400 3615 455 mit-

347 490 493 560 quod
518 504 643 544 cum
665 490 738 545 sit
758 488 1071 554 invisibilis,
1095 503 1240 558 saepe
1264 488 1551 544 visibiliter
1574 488 1820 559 patribus
1843 503 1934 558 ap—

345 581 598 651 paruisse
626 586 980 635 memoratur.
1020 579 1177 635 Sicut
1198 578 1346 634 enim
1373 593 1544 635 sonus
1569 579 1663 649 qui
1691 578 1930 643 auditur,

351 671 619 726 sententia
652 670 705 725 in
731 670 952 725 silentio
978 670 1347 741 intelligentia:
1371 669 1689 735 constituta,
1713 684 1823 724 non
1848 677 1934 725 est

360 766 462 817 hoc
492 764 636 831 quod
671 762 819 832 ipsa,
857 762 933 817 ita
957 769 1014 817 ct
1036 762 1247 833 species
1273 777 1380 831 qua
1408 761 1560 816 visus
1591 768 1677 816 est
1699 760 1842 815 Deus
1876 760 1932 815 in

354 863 549 907 natura
587 851 849 907 invisibili
889 853 1244 920 constitutus,
1284 867 1394 908 non
1435 860 1555 907 erat
1599 851 1745 922 quod
1793 852 1928 921 ipse.

353 945 738 999 Verumtamen
765 944 881 1014 ipse
905 944 959 999 in
985 946 1171 1000 eadem
1194 946 1377 1015 specie
1400 944 1668 1014 corporali
1699 944 1928 1009 videtur;

348 1036 489 1091 sicut
518 1035 606 1089 illa
632 1037 904 1091 sententia
940 1037 1057 1107 ipsa
1095 1037 1151 1091 in
1190 1052 1327 1092 sono
1355 1038 1503 1092 vocis
1534 1037 1784 1101 auditur;
1832 1050 1933 1090 nec

349 1130 423 1185 illi
451 1131 774 1201 ignorabant
800 1129 1126 1185 invisiltilem
1159 1128 1331 1183 Deum
1360 1128 1415 1181 in
1439 1127 1621 1197 specie
1643 1125 1928 1196 corporali,

348 1222 493 1290 quod
524 1220 639 1290 ipse
669 1235 777 1274 non
817 1228 969 1284 erat,
1008 1234 1067 1274 se
1093 1219 1301 1273 videre.
1341 1217 1477 1272 Nam
1519 1226 1577 1271 et
1612 1217 1935 1287 loquebatur

349 1326 474 1367 cum
504 1312 757 1381 loquente
783 1310 1016 1381 Moyses,
1039 1310 1164 1365 etei
1192 1318 1372 1365 tamen
1399 1309 1646 1365 dicebat:
1676 1307 1738 1363 Si
1763 1309 1933 1362 inveni

346 1404 575 1475 gratiam
603 1414 724 1458 ante
747 1393 819 1470 te,
848 1400 1060 1457 ostende
1081 1401 1209 1456 mihi
1232 1400 1560 1473 temetipsum
1582 1399 1829 1464 scienter,
1876 1407 1932 1452 ut

350 1493 552 1549 rideam
587 1503 658 1549 te.

419 1606 557 1663 XIV.
598 1607 728 1663 item
753 1606 1090 1678 Augustinus
1122 1606 1178 1661 in
1206 1605 1349 1662 libro
1374 1605 1567 1676 quinto
1599 1604 1750 1679 (Cap.
1780 1604 1832 1675 l)
1866 1605 1932 1660 de

351 1698 618 1753 'i'rinitate
662 1697 832 1753 dicit:
864 1716 884 1749 ς
915 1697 991 1759 Ea
1024 1712 1146 1768 qua:
1182 1698 1248 1753 de
1275 1705 1473 1751 natura
1504 1696 1929 1751 incommutabili

2032 500 2141 548 tam
2163 508 2283 545 eum
2307 491 2377 546 ad
2400 508 2490 546 vos
2512 489 2695 562 (Joan.
2718 507 2826 553 xw,
2850 489 2926 562 7).
2961 489 3023 544 ln
3046 489 3243 559 quibus
3263 489 3447 545 verbis
3470 489 3622 549 hunc

2031 598 2249 639 sensum
2278 597 2401 639 esse
2435 596 2578 653 saepe
2609 581 2923 636 nominatus
2955 586 3111 650 pater
3133 578 3476 649 Augustinus
3493 578 3620 652 (do-

2032 674 2140 747 cet)
2174 675 2380 748 (Tract.
2412 690 2513 729 xcv
2550 674 2606 728 in
2634 673 2791 728 Joan.
2821 686 2944 741 cap.
2970 668 3087 741 xvt)
3114 688 3129 724 :
3161 687 3181 721 ι
3209 670 3443 740 Expedit
3465 671 3621 727 vobis

2032 777 2094 821 ut
2119 768 2235 821 hinc
2261 767 2433 822 forma
2464 767 2607 821 servi
2633 765 2917 821 auferatur
2942 780 2973 818 a
2998 765 3172 819 vobis.
3220 764 3363 819 Caro
3396 765 3619 834 quidem

2032 854 2236 911 factum
2262 856 2499 912 Verbum
2527 858 2717 913 habito
2742 857 2798 912 in
2826 856 3012 922 vobis;
3051 858 3147 910 sed
3173 855 3300 911 nolo
3325 856 3506 912 adhuc
3530 871 3622 913 me

2033 946 2325 1001 carnaliter
2353 947 2588 1018 diligatis
2608 987 2623 1010 ,
2672 955 2730 1001 et
2767 948 2873 1001 isto
2902 946 3043 1001 lacte
3070 945 3361 1012 contenti,
3406 962 3623 1017 semper

2034 1037 2272 1093 infantes
2296 1053 2418 1094 esse
2445 1039 2696 1110 cupiatis.
2757 1038 2817 1095 Si
2862 1038 3118 1094 alimenta
3152 1047 3337 1094 tenera
3357 1080 3373 1105 ,
3421 1041 3622 1111 quibus

2034 1148 2130 1187 vos
2158 1131 2267 1186 alui
2293 1173 2309 1197 ,
2358 1147 2468 1187 non
2498 1134 2844 1198 subtraxero,
2878 1132 3109 1188 solidum
3140 1132 3323 1188 cibum
3352 1148 3463 1189 non
3490 1148 3620 1189 esu-

2036 1223 2219 1283 rietis;
2255 1223 2301 1277 si
2327 1223 2620 1278 carnaliter
2644 1224 2856 1278 esurire
2881 1239 2992 1278 non
3022 1222 3367 1290 destiteritis,
3388 1240 3622 1296 capaces

2035 1313 2273 1384 Spiritus
2300 1330 2407 1383 non
2435 1315 2608 1371 eritis.
2655 1315 2792 1370 Nam
2829 1317 2957 1385 quid
2991 1324 3111 1382 est,
3155 1315 3218 1373 Si
3255 1333 3361 1371 non
3405 1318 3621 1383 abiero,
3664 1388 3669 1391 ι

2035 1404 2345 1460 Paracletus
2375 1423 2479 1460 non
2506 1407 2669 1465 ueniet
2698 1407 2768 1461 ad
2796 1424 2879 1462 eos
2905 1408 2929 1462 ?
2970 1407 3225 1478 Nunquid
3261 1408 3352 1464 hic
3386 1410 3619 1479 positus,

2034 1511 2158 1551 cum
2188 1511 2295 1551 non
2327 1506 2542 1566 poterat
2572 1498 2829 1554 mittere?
2867 1499 3000 1566 Quis
3025 1501 3128 1555 hoc
3154 1499 3395 1555 dixerit?
3424 1500 3623 1572 Neque

2034 1588 2180 1642 enim
2212 1587 2301 1642 ubi
2327 1588 2417 1644 ille
2444 1597 2584 1653 erat,
2615 1590 2721 1645 iste
2747 1590 2875 1645 inde
2906 1592 3150 1647 recessit.
3190 1591 3330 1658 Quid
3358 1602 3449 1648 est
3470 1609 3620 1664 ergo,

2038 1678 2099 1734 Si
2138 1695 2242 1734 non
2277 1678 2478 1745 abiero,
2513 1678 2826 1735 Paracletus
2864 1698 2969 1735 non
2997 1683 3161 1737 veniet
3190 1683 3261 1737 ad
3294 1700 3382 1738 vos
3405 1684 3433 1738 .’
3476 1684 3581 1739 nisi
3602 1726 3617 1744 .

354 1798 410 1843 et
439 1788 716 1855 invisibili,
750 1757 1072 1860 summoque
1099 1789 1338 1855 vivente,
1376 1797 1432 1844 et
1467 1789 1569 1844 sibi
1601 1788 1931 1855 sufﬁciente,
1963 1757 2008 1815 Β
2037 1768 2153 1860 Non
2193 1770 2419 1860 potestis
2447 1785 2645 1860 capere
2675 1769 2971 1841 Spiritum.
3016 1772 3122 1828 nisi
3159 1772 3457 1829 carnaliter
3480 1775 3626 1830 desi-

353 1881 610 1937 dicuntur
642 1895 753 1937 non
796 1896 918 1936 esse
959 1881 1358 1936 consuetudine
1397 1880 1728 1946 visibilium,
1773 1888 1936 1950 atque

352 1972 715 2039 mutabilium,
740 1980 796 2028 et
818 1974 1158 2041 mortalium,
1184 1973 1271 2029 vel
1294 1986 1595 2044 egenorum
1620 1987 1801 2028 rerum
1828 1988 1937 2029 me-

354 2064 537 2118 tienda
556 2104 570 2129 ,
603 2063 699 2119 sed
728 2064 893 2119 etiam
924 2064 981 2120 in
1012 2065 1119 2131 his,
1148 2065 1357 2134 inquit,
1390 2065 1555 2120 etiam
1586 2080 1708 2135 qua:
1736 2067 1938 2121 nostris

350 2155 727 2227 corporalibus
757 2155 1010 2225 adjacent
1043 2156 1330 2223 sensibus,
1371 2156 1461 2213 vel
1503 2157 1649 2229 quod
1693 2173 1793 2212 nos
1831 2156 1937 2228 ipsi

354 2251 408 2303 in
438 2249 700 2306 interiore
726 2250 947 2305 homine
977 2263 1187 2316 sumus,
1221 2250 1451 2306 scientia
1476 2249 1937 2319 comprehendere

351 2341 681 2408 laboremus,
715 2355 819 2397 nec
847 2339 1206 2407 sufficiamus,
1235 2355 1344 2396 non
1376 2347 1561 2395 tamen
1596 2340 1939 2409 impudenter

354 2432 409 2486 in
444 2431 534 2487 illa
573 2447 695 2501 qua:
733 2446 899 2503 supra
933 2441 1062 2487 sunt
1105 2431 1288 2487 divina
1332 2441 1389 2488 et
1430 2430 1719 2487 ineli‘abilia
1761 2432 1939 2502 pietas

356 2520 529 2577 [idolis
573 2521 845 2589 ardescit,
898 2537 1006 2578 non
1055 2537 1219 2593 quam
1268 2537 1489 2578 suarum
1540 2523 1737 2578 virium
1785 2523 1939 2577 inﬂat

352 2612 687 2682 arrogantia,
711 2613 807 2669 sed
840 2626 1001 2682 quam
1027 2613 1204 2684 gratia
1242 2613 1415 2682 ipsius
1436 2612 1716 2669 Creatoris
1740 2621 1797 2667 et
1821 2611 1939 2667 Sal-

350 2703 556 2758 vatoris
578 2701 897 2758 inflammat.
946 2701 1084 2758 Nam
1111 2717 1221 2774 quo
1249 2704 1528 2760 intellectu
1567 2704 1730 2759 homo
1766 2704 1938 2758 Deum

354 2794 534 2865 capit,
578 2794 674 2865 qui
712 2795 892 2866 ipsum
923 2794 1259 2850 intellectum
1288 2811 1483 2861 suum,
1529 2810 1638 2865 quo
1667 2810 1792 2851 cum
1822 2794 1942 2850 vult

351 2897 569 2955 (tepere,
600 2884 839 2939 nondum
871 2884 1060 2954 capit?
1109 2881 1167 2939 Si
1198 2891 1381 2939 autem
1423 2884 1572 2939 hunc
1604 2882 1719 2952 jam
1761 2883 1937 2955 capit,

352 2974 599 3031 attendat
622 2974 912 3045 diligenter
939 2973 1075 3029 nihil
1100 2989 1166 3029 eo
1192 2989 1315 3030 esse
1358 2973 1413 3028 in
1454 2989 1553 3029 sua
1591 2980 1787 3029 natura
1824 2989 1940 3032 me-

355 3065 458 3120 lius
479 3106 495 3132 ,
545 3071 604 3120 et
644 3065 826 3121 videat
871 3072 1057 3119 utrum
1097 3065 1283 3121 videat
1331 3065 1405 3121 ibi
1454 3065 1562 3120 ulla
1609 3065 1939 3121 lineamenta

354 3157 672 3225 formarum,
699 3159 907 3215 nitores
932 3157 1199 3223 colorum,
1227 3159 1523 3229 spatiosum
1548 3159 1935 3231 granditatem,

353 3251 587 3322 partium
608 3251 943 3316 distantFam,
966 3250 1128 3306 molis
1146 3250 1572 3315 distinctionem,
1604 3250 1815 3321 aliquas
1841 3265 1940 3320 per

355 3341 596 3397 locorum
644 3340 931 3398 intervalla
978 3342 1285 3407 motiones,
1339 3340 1427 3396 vel
1472 3341 1603 3410 quid
1650 3341 1935 3412 ejusmodi.

356 3431 498 3488 Nihil
530 3440 681 3489 certe
711 3432 936 3487 istorum
977 3433 1284 3489 invenimus
1320 3433 1376 3488 in
1412 3448 1478 3488 eo
1510 3448 1619 3503 quo
1655 3433 1711 3487 in
1744 3441 1938 3488 natura

354 3522 703 3585 nostranihil
732 3523 927 3578 melius
955 3523 1285 3590 invenimus,
1314 3523 1367 3578 id
1393 3531 1503 3588 est,
1548 3524 1603 3578 in
1638 3530 1827 3579 nostro
1858 3522 1939 3577 in-

356 3610 594 3678 tellectu,
624 3628 733 3683 quo
763 3613 1088 3684 sapientiam
1119 3614 1385 3683 capimus,
1416 3622 1681 3685 quantum
1710 3628 1940 3683 capaces

354 3719 561 3759 sumus.
588 3704 743 3772 Quod
770 3719 902 3775 ergo
925 3719 1037 3759 non
1061 3704 1365 3761 invenimus
1390 3707 1443 3761 in
1469 3705 1698 3762 meliore
1726 3714 1935 3772 nostro,

318 3822 323 3827 α
355 3811 462 3851 non
488 3796 749 3852 debemus
777 3797 832 3851 in
864 3796 955 3851 illo
988 3811 1229 3866 quaerere
1259 3797 1404 3867 quod
1439 3796 1599 3867 longe
1634 3796 1826 3852 melius
1854 3807 1939 3853 est

357 3887 581 3943 meliore
610 3897 819 3944 nostro.
872 3888 942 3945 Ut
969 3888 1050 3943 sic
1079 3886 1447 3957 intelligamus
1476 3886 1646 3941 Deum
1675 3885 1721 3941 si
1752 3900 1938 3954 possu-

356 3992 498 4042 mus,
529 3986 792 4047 quantum
821 3993 1129 4049 possumus,
1167 3977 1286 4031 sine
1314 3975 1620 4045 quantitate
1650 3991 1933 4046 magnum,

354 4067 473 4123 sine
501 4068 793 4139 indigentia
819 4077 1145 4131 creatorem,
1173 4069 1291 4123 sine
1313 4068 1419 4122 situ
1437 4076 1792 4138 praesentem,
1820 4068 1939 4123 sine

355 4158 543 4214 habitu
574 4159 758 4213 omnia
787 4159 1179 4222 continentem,
1211 4158 1332 4212 sine
1360 4157 1479 4213 loco
1509 4158 1711 4226 ubique
1740 4165 1934 4220 totum,

355 4250 474 4305 sine
505 4256 746 4319 tempore
779 4248 1201 4318 sempiternum,
1238 4248 1358 4302 sine
1384 4247 1494 4301 ulla
1525 4247 1608 4301 sui
1640 4247 1939 4301 mutatione

357 4340 633 4396 mutabilia
671 4339 992 4405 facientem,
1040 4338 1280 4408 nihilque
1319 4339 1632 4408 patientem.
1681 4337 1938 4407 Quisquis

2036 1859 2178 1914 natis
2211 1859 2432 1930 diligere
2458 1859 2759 1915 Christum.
2813 1860 2967 1916 Unde
3002 1861 3093 1917 ille
3125 1862 3219 1931 qui
3252 1861 3368 1931 jam
3403 1873 3626 1932 ceperat

2036 1952 2296 2024 Spiritum
2324 1973 2337 2007 :
2371 1952 2485 2007 Etsi
2517 1969 2826 2007 noveramus
2853 1951 3142 2020 Christum,
3187 1954 3385 2025 inquit,
3426 1971 3621 2010 secun-

2034 2045 2161 2098 dum
2209 2061 2453 2111 carnem,
2502 2045 2593 2098 sed
2640 2061 2778 2099 nunc
2821 2046 2936 2116 jam
2983 2062 3085 2100 non
3132 2047 3388 2101 novimus.
3444 2046 3622 2116 Ipsam

2036 2135 2235 2207 quippe
2260 2151 2481 2191 carnem
2506 2136 2736 2202 Christi,
2761 2152 2866 2191 non
2892 2136 3188 2191 secundum
3216 2151 3438 2191 carnem
3459 2150 3626 2191 voca—

2034 2229 2115 2283 vit
2137 2268 2151 2292 ,
2198 2230 2294 2297 qui
2322 2229 2560 2287 Verbum
2599 2243 2822 2283 carnem
2861 2227 3062 2283 factum
3095 2227 3413 2297 spiritaliter
3445 2227 3619 2283 novit.

2037 2317 2152 2374 [ioc
2181 2319 2435 2373 nimirum
2469 2319 2781 2390 significare
2812 2319 2980 2374 voluit
3010 2320 3268 2391 magister
3294 2320 3487 2387 bonus,
3542 2320 3624 2374 di-

2035 2411 2243 2466 cendo:
2288 2409 2348 2465 Si
2386 2411 2524 2464 enim
2566 2426 2675 2464 non
2712 2410 2908 2474 abiero,
2942 2407 3258 2464 I’aracletns
3292 2426 3397 2463 non
3430 2408 3617 2463 veniet.

2039 2501 2102 2558 Si
2129 2512 2304 2557 autem
2333 2502 2532 2569 abiero,
2562 2503 2766 2557 mittant
2797 2518 2916 2556 eum
2944 2502 3014 2555 ad
3041 2518 3149 2556 eos.
3193 2500 3410 2557 Christo
3436 2510 3621 2555 autem

2038 2595 2399 2650 descendente
2427 2593 2802 2664 corporaliter,
2852 2608 2960 2648 non
2992 2592 3167 2647 solum
3210 2591 3447 2661 Spiritus
3488 2606 3619 2645 sau-

2037 2699 2179 2753 ctus,
2210 2688 2307 2743 sed
2336 2695 2393 2742 et
2414 2686 2601 2752 Pater,
2628 2694 2684 2743 et
2706 2685 2879 2741 Filius
2903 2685 3010 2739 illis
3038 2683 3212 2739 adfuit
3237 2682 3617 2753 spiritualiter.

2036 2781 2115 2836 Ac
2142 2796 2240 2850 per
2265 2780 2391 2844 hoc,
2425 2794 2549 2835 cum
2581 2793 2649 2834 ex
2678 2777 2991 2834 carnalibus
3017 2783 3205 2831 essent
3238 2774 3508 2843 spiritales
3538 2771 3624 2827 fu-

2039 2871 2169 2935 turi,
2196 2869 2438 2941 profecto
2467 2876 2523 2925 et
2553 2868 2773 2923 Patrem
2798 2875 2856 2922 ct
2883 2866 3077 2921 Filium
3113 2873 3169 2920 et
3204 2863 3467 2935 Spiritum
3498 2879 3623 2920 sau-

2039 2970 2185 3017 ctum
2213 2961 2468 3030 capacius
2493 2958 2712 3015 fuerant
2735 2957 2996 3013 habituri.
3029 2974 3048 3008 ι

2112 3070 2251 3125 XV].
2294 3069 2464 3126 Nemo
2492 3069 2656 3141 igitur
2682 3068 2983 3140 sapientum
3012 3067 3248 3139 ignorat,
3281 3064 3423 3136 quod
3454 3065 3620 3120 homo

2043 3161 2235 3225 ﬁdelis,
2259 3170 2317 3213 ut
2344 3158 2593 3229 proficiat
2614 3158 2681 3213 ab
2700 3156 3081 3223 exterioribus,
3107 3157 3377 3210 introrsus
3406 3154 3627 3225 trahen-

2041 3253 2140 3308 dus
2168 3263 2282 3314 cst,
2329 3266 2432 3305 non
2472 3250 2540 3305 ab
2578 3248 2927 3304 interioribus
2964 3248 3207 3303 exterius
3234 3246 3624 3318 projicienius,

2038 3351 2101 3397 ut
2122 3342 2357 3397 deﬁciat.
2382 3340 2639 3394 Transire
2663 3339 2806 3394 enim
2828 3338 2984 3392 debet
3003 3337 3070 3392 de
3091 3352 3255 3393 carne
3274 3337 3343 3390 ad
3361 3336 3622 3400 animam,

2040 3433 2107 3489 de
2134 3447 2360 3503 corpore
2386 3432 2454 3485 ad
2483 3432 2751 3501 spiritum,
2786 3431 2853 3485 de
2876 3429 3181 3484 visibilibus
3210 3427 3277 3481 ad
3307 3427 3622 3493 invisibilia,

2040 3525 2108 3580 de
2129 3523 2329 3578 mundo
2358 3523 2424 3576 ad
2449 3521 2637 3576 Deum.
2676 3520 2743 3574 Et
2766 3520 2867 3574 iste
2894 3518 3092 3573 dicitur
3114 3515 3406 3587 profectas,
3437 3515 3482 3571 si
3506 3527 3532 3556 ι
3556 3515 3625 3570 ad

2040 3617 2265 3672 meliora
2290 3615 2414 3685 quis
2443 3622 2700 3677 transeat,
2727 3628 2835 3667 non
2863 3611 2929 3664 ad
2957 3608 3248 3664 deteriora.
3283 3606 3473 3662 Melius
3494 3621 3627 3660 vero

2039 3728 2161 3769 esse
2188 3713 2453 3776 animum,
2479 3710 2715 3765 deterius
2742 3722 2957 3776 corpus,
2987 3704 3315 3761 eminentius
3346 3702 3621 3773 spiritum,

2041 3806 2283 3862 infimam
2312 3819 2564 3867 carnem,
2597 3802 2750 3856 novit
2791 3799 2882 3870 qui
2924 3815 2987 3854 ea
3023 3812 3143 3869 qua:
3171 3795 3333 3866 paulo
3373 3794 3626 3864 superius

2040 3905 2165 3953 sunt
2186 3896 2363 3966 posita
2390 3893 2566 3949 sancti
2593 3890 2882 3962 Augustini
2924 3890 3090 3944 verba
3115 3886 3247 3955 legit
3267 3893 3320 3939 et
3345 3884 3619 3955 intelligit.

2041 3988 2208 4044 Multo
2238 3997 2420 4042 autem
2452 3985 2538 4039 his
2565 3982 2835 4039 deteriora
2861 3994 2982 4035 esse
3009 3992 3130 4048 qua:
3156 3976 3393 4030 humana
3421 3982 3477 4029 et
3504 3989 3628 4028 car-

2040 4080 2178 4136 nalis
2205 4076 2554 4151 praesumptio
2585 4074 2755 4145 lingit,
2786 4073 2953 4127 etiam
2981 4068 3131 4125 stulti
3162 4065 3530 4122 consentiunt.
3564 4064 3625 4118 In

2039 4186 2147 4243 quo
2176 4185 2375 4242 genere
2402 4170 2757 4237 isuequoque
2788 4162 3157 4224 inveniuntur,
3189 4174 3326 4229 quas
3350 4158 3378 4197 ι)
3400 4165 3624 4212 sanctas

2040 4261 2310 4332 appellant
2344 4257 2606 4327 imagines
2632 4270 2743 4309 non
2771 4252 2945 4308 solum
2974 4249 3252 4320 sacrilegi,
3288 4263 3355 4301 ex
3384 4262 3449 4301 eo
3478 4245 3624 4314 quoi

2040 4351 2280 4405 divinum
2309 4346 2510 4403 cultum
2531 4343 2786 4414 operibus
2806 4355 3063 4396 manuum
3087 4352 3309 4393 suarum
3329 4335 3621 4400 exhibent;

360 4438 527 4492 Deum
556 4436 629 4491 ita
659 4434 889 4507 cogitat,
921 4434 1024 4490 etsi
1050 4433 1288 4489 nondum
1314 4440 1493 4502 potest
1518 4432 1830 4489 omnimodo
1855 4432 1935 4488 in-

2041 4443 2134 4499 sed
2176 4448 2231 4495 et
2271 4437 2609 4507 insipientes,
2652 4432 2997 4488 sanctitatem
3032 4428 3111 4484 eis
3140 4442 3263 4499 qua:
3289 4426 3408 4481 sine
3437 4424 3625 4478 anima

2193 4532 2203 4539 .
2340 4529 2350 4539 -
2400 4528 2430 4539 ι.
2547 4532 2559 4539 .
2599 4524 2631 4539 ιι
2704 4538 2713 4539 κ
2780 4524 2819 4539 ιγ
2904 4535 2997 4539 μ-Α
3029 4520 3129 4539 L-..
3160 4516 3328 4539 --I--_.-
3382 4514 3475 4539 ..ΑΔ
3504 4528 3598 4539 ιη...

355 4528 541 4584 venire
566 4528 696 4599 quid
724 4527 826 4591 sit,
864 4525 953 4596 pie
981 4533 1164 4580 tamen
1192 4532 1381 4588 cavet,
1418 4533 1683 4594 quantum
1721 4531 1932 4593 potest,

353 4620 554 4691 aliquid
579 4620 645 4676 de
670 4618 759 4674 illo
786 4617 989 4673 sentire
1012 4616 1159 4686 quod
1183 4630 1293 4670 non
1320 4614 1408 4670 sit.
1441 4634 1460 4667 ι

421 4734 538 4791 XV.
578 4733 853 4801 Quantum
883 4740 1063 4787 autem
1087 4729 1318 4785 visibilia
1347 4736 1580 4785 noceant
1602 4726 1669 4781 ad
1697 4726 1937 4781 invisibi—

351 4826 424 4880 lia
449 4825 734 4895 capicnda,
763 4832 819 4878 et
845 4831 1108 4892 quantum
1137 4836 1291 4875 amor
1311 4834 1698 4888 corporearum
1726 4833 1931 4883 rerum,

350 4919 518 4973 etiam
556 4917 854 4979 bonarum,
899 4914 965 4968 ad
1011 4913 1277 4983 spiritalia
1320 4911 1770 4981 contemplanda,
1816 4911 1934 4981 ipse

355 5009 612 5064 Dominus
652 5007 1025 5071 demonstrat,
1071 5004 1295 5060 dicens:
1343 5003 1456 5074 Ego
1500 5004 1770 5058 veritatem
1811 5002 1929 5056 dico

353 5098 513 5156 vobis.
536 5097 761 5172 Expedit
783 5095 925 5153 vobis
948 5104 1001 5151 ut
1023 5111 1116 5167 ego
1136 5094 1345 5150 cadam.
1371 5092 1434 5150 Si
1452 5094 1591 5149 enim
1613 5108 1717 5147 non
1738 5090 1935 5156 abiero,

2041 4542 2169 4588 sunt
2192 4528 2519 4600 imaginibus
2547 4524 2832 4578 tribuendo
2856 4540 2868 4574 :
2902 4535 3003 4575 nec
3029 4520 3133 4573 hoc
3159 4516 3352 4580 solum,
3382 4514 3477 4570 sed
3503 4528 3627 4569 sau-

2044 4622 2421 4679 ctilicationem
2453 4628 2696 4688 quoque,
2749 4627 2913 4682 quam
2956 4626 3055 4682 per
3081 4609 3319 4664 Verbum
3364 4605 3461 4660 Dei
3502 4603 3623 4658 ficii

2041 4722 2270 4772 testatur
2301 4709 2622 4780 Apostolus,
2667 4706 2746 4761 eis
2790 4720 2910 4776 qua:
2950 4716 3227 4772 nunquam
3271 4698 3452 4752 locuta
3493 4707 3626 4751 sunt

2040 4808 2344 4867 simuIaCris
2375 4806 2654 4860 dementer
2682 4799 3049 4857 concedendo.
3100 4798 3341 4865 Denique
3373 4793 3619 4857 Gedeon,

2038 4903 2166 4974 qui,
2198 4907 2333 4955 teste
2377 4895 2590 4967 angelo,
2635 4894 2877 4947 virorum
2916 4888 3246 4944 fortissimus
3273 4885 3519 4949 exstitit,
3565 4892 3624 4938 et

2038 5004 2281 5048 mortuus
2323 4989 2522 5044 dicitur
2558 4987 2612 5041 in
2654 4990 2932 5039 senectute
2960 4982 3136 5045 bona,
3183 4978 3509 5051 postulavit,
3561 4985 3623 5031 ut

2045 5091 2233 5141 narrat
2257 5081 2540 5151 Scriptura
2568 5076 2748 5133 divina
2766 5114 2781 5142 ,
2821 5087 2855 5128 a
2883 5073 3045 5129 sociis
3073 5072 3141 5127 de
3176 5071 3356 5142 prieda
3400 5070 3620 5124 inaures

1741 5176 2015 5235 BALUZII
2052 5172 2281 5229 NOT/E.

424 5296 452 5326 ι
471 5282 553 5355 Ad
591 5282 809 5355 πιεμρνα
843 5283 960 5355 quis
982 5288 1235 5355 tranieat:
1279 5274 1752 5355 Sicfolycarnus
1781 5270 1924 5355 anu
2015 5266 2304 5355 streets:
2316 5253 3618 5355 assii?"Pﬂiiﬂt§1“°8.‘l‘°ﬁi‘itliff:“.295333333

353 5327 1257 5422 wait
1279 5327 1743 5422 {Neri—decium
1770 5327 1928 5422 nobis
2020 5337 2184 5392 rebus
2224 5327 2555 5422 inaniinani
2568 5331 2943 5422 tribuentes,“

357 5410 391 5480 5
414 5422 725 5479 melioribus
749 5423 815 5478 ad
853 5410 1424 5477 deteriora'mutabilis
1469 5410 1622 5470 {nens
1652 5421 1754 5468 est.
1801 5410 1929 5464 Pul-

2024 5421 2265 5462 suarum.
2292 5403 2629 5475 Nihilgtamen
2657 5396 2944 5475 vetatquin
2974 5392 3155 5464 aliquo
3173 5394 3333 5448 modo
3357 5392 3466 5475 dici
3485 5409 3617 5475 pos-

356 5469 994 5563 Etiiliﬁfﬁdiﬁéﬁfaiﬁfe'
1012 5469 1582 5563 ’ἰίὸῖιὲξιῖιὶῖῐδίιὶίέηιέβ
1605 5469 1641 5563 ει
1671 5482 1820 5563 vitiis
1840 5481 1929 5563 ait
2028 5478 2137 5563 sint
2168 5483 2400 5563 sanctae,
2422 5469 3291 5563 _h813i_l§}'al_i.0}‘§2Alfffsfflffflfk
3303 5469 3621 5563 rigging-

356 5550 613 5620 virtuteni
650 5550 1045 5617 transcurrere.
1082 5582 1099 5613 ι
1131 5561 1211 5615 Ex
1240 5558 1488 5615 versione
1518 5556 1617 5610 viri
1646 5550 1932 5608 clarissimi

363 5633 587 5698 chrici
610 5630 830 5687 Valesii.

430 5707 455 5750 δ
473 5703 513 5761 S
521 5713 702 5761 auctas
716 5700 975 5775 appellant
992 5702 1259 5773 imagines.
1276 5698 1588 5770 Indignatur
1601 5692 1939 5768 Agebat-alus,

2030 5547 2166 5601 bulis
2190 5546 2296 5600 illis
2331 5535 2487 5612 picta:
2514 5546 2663 5603 sunt,
2719 5536 2992 5612 Vt‘Lﬁf-lkli.
3022 5536 3197 5612 Atque
3221 5535 3292 5612 ob
3328 5549 3448 5612 eain
3489 5549 3620 5587 cau-

2034 5632 2150 5671 sam
2181 5631 2273 5670 eas
2314 5604 2531 5667 sanctas
2578 5616 2738 5664 vocat
2788 5606 2930 5660 Beda
2961 5607 3012 5660 in
3068 5605 3305 5660 llistoria
3357 5604 3618 5660 abbatum

2037 5681 2560 5743 Wircmuthcnsium
2588 5692 2758 5752 nuper
2779 5677 2944 5731 edita.
