4010 6184
296 297 401 354 215

1218 296 1280 351 S.
1318 293 1669 350 AGOBARDI
1708 289 2020 346 EPISCOPI
2058 290 2542 348 LUGDUNENSIS

3446 288 3553 350 216

292 422 585 467 conversos
626 407 998 471 inflammavit,
1043 414 1104 460 ut
1139 408 1508 477 unusquisque
1550 405 1728 463 erucis
1766 404 1871 459 Do-
1896 403 1949 463 A
1973 419 2144 474 usque
2184 407 2254 461 ad
2296 401 2534 476 praesens
2579 414 2788 476 tempus
2827 406 2972 461 sedis
3012 405 3153 461 illius
3190 406 3554 469 sacerdotium

296 499 508 555 minica:
541 498 754 569 signum
787 496 843 553 in
873 497 1139 568 postibus,
1168 497 1223 552 in
1252 498 1604 569 ingressibus,
1634 498 1691 551 in
1724 496 1874 553 fene-

291 588 461 654 stris,
523 588 579 642 in
628 586 927 658 parietibus
955 629 970 653 ,
1032 587 1405 657 columnisque
1450 587 1781 659 depingeret.
1828 583 1874 642 Ο

294 691 456 750 quam
492 676 703 732 sincera
743 675 967 747 religio!
1002 675 1196 731 Crucis
1234 675 1489 730 vexillum
1519 676 1715 745 ubique
1754 676 1873 745 pin-

291 770 538 839 gebatnr,
577 786 687 826 non
725 769 905 840 aliqua
939 769 1118 824 vultus
1146 768 1365 824 humani
1392 767 1718 832 similitudo;
1759 766 1872 822 Deo

292 861 499 918 scilicet
542 861 659 915 haec
700 860 1041 925 mirabiliter,
1089 859 1253 915 etiam
1309 859 1442 927 ipsis
1495 856 1726 913 forsitan
1778 871 1873 910 ne-

292 953 614 1016 scientibus,
641 952 981 1023 disponente.
1020 950 1078 1006 Si
1103 950 1248 1007 enim
1274 958 1582 1006 sanctorum
1609 948 1872 1017 imagines

230 1038 239 1047 “
292 1044 347 1097 lti
373 1043 467 1113 qui
494 1042 796 1097 daemonum
827 1041 1030 1096 cultum
1068 1041 1403 1110 reliquerant
1432 1039 1680 1095 venerari
1714 1038 1872 1110 jube-

224 1202 229 1207 δ
291 1142 499 1198 rentur,
524 1143 655 1203 puto
682 1131 827 1201 quod
855 1130 1131 1185 videretur
1165 1130 1245 1184 eis
1282 1143 1389 1184 non
1426 1137 1534 1182 tam
1565 1127 1709 1184 idola
1744 1128 1873 1184 reli-

291 1228 496 1297 quisse,
522 1240 687 1295 quam
724 1223 1013 1279 simulacra
1043 1230 1305 1284 mutasse,

359 1317 478 1372 XX.
520 1316 674 1385 Quod
703 1323 885 1370 autem
929 1314 1191 1386 imagines
1219 1312 1583 1384 ap0stolorum
1622 1318 1678 1368 et
1704 1311 1871 1383 ipsius

292 1408 502 1463 Domini
539 1409 608 1463 ob
644 1421 884 1461 amorem
912 1406 1096 1474 potius
1136 1411 1189 1459 et
1227 1401 1677 1469 recordationem,
1706 1417 1869 1473 quam

287 1501 360 1555 ob
399 1499 678 1570 religionis
721 1499 1005 1562 honorem,
1051 1503 1146 1550 aut
1188 1495 1423 1566 aliquam
1467 1494 1869 1550 venerationem

288 1604 442 1645 more
486 1586 791 1659 gentilium,
831 1586 900 1640 ab
940 1585 1180 1655 antiquis
1222 1598 1490 1655 expressa;
1524 1583 1610 1638 vel
1652 1598 1871 1639 conser-

287 1689 426 1736 ναίω
465 1681 596 1745 sint,
645 1678 912 1734 Eusebius
940 1675 1292 1732 Caesariensis
1343 1675 1399 1728 in
1451 1674 1590 1728 libro
1640 1673 1870 1743 septimo

286 1772 439 1844 (Cap.
470 1772 558 1843 l8)
595 1771 989 1827 Ecclesiasticse
1032 1769 1282 1825 Historia:
1329 1769 1590 1835 ostendit,
1639 1768 1869 1823 interse-

286 1880 414 1921 rens
442 1864 748 1934 hujusmodi
782 1864 1171 1929 narrationem,
1211 1878 1333 1917 cum
1375 1862 1442 1916 de
1472 1861 1558 1916 his
1587 1875 1706 1931 qua:
1732 1859 1871 1929 apud

286 1958 591 2014 Caesaream
636 1956 866 2027 Philippi
926 1963 1077 2026 gesta
1131 1961 1469 2023 compererat
1520 1952 1697 2023 aliqua
1746 1964 1869 2020 per-
1906 2028 1911 2033 β

287 2052 615 2108 strinxisset.
647 2051 737 2106 Ait
765 2064 896 2120 ergo
923 2063 938 2102 :
977 2067 996 2099 ι
1030 2049 1229 2103 Verum
1265 2045 1391 2115 quia
1420 2045 1571 2099 urbis
1597 2043 1759 2113 hujus
1783 2041 1865 2097 fe-

289 2144 463 2198 cimus
508 2142 873 2204 mentionem,
927 2137 1131 2206 justum
1181 2137 1396 2191 videtur
1443 2147 1869 2190 commemorare

286 2236 449 2288 etiam
490 2232 619 2287 illud
654 2232 709 2285 in
737 2244 801 2286 ea
830 2238 1062 2301 gestum,
1090 2227 1234 2297 quod
1260 2226 1485 2281 historia
1521 2225 1740 2294 dignum
1769 2222 1869 2278 du-

287 2328 486 2380 ximus.
518 2322 796 2377 Mulierem
823 2334 985 2391 quam
1014 2317 1290 2389 sanguinis
1316 2314 1577 2387 proﬂuvio
1618 2314 1868 2369 laboran-

290 2413 396 2458 tem
441 2417 472 2458 a
519 2400 812 2457 Salvatore
850 2405 1093 2455 curatam
1145 2396 1440 2467 Evangelia
1496 2393 1862 2455 tradiderunt,

293 2493 455 2564 hujus
482 2492 634 2548 urbis
659 2492 833 2548 civem
861 2498 1075 2546 constat
1103 2489 1301 2555 fuisse;
1328 2488 1636 2557 domusque
1662 2485 1785 2555 ejus
1808 2486 1863 2540 in

291 2606 353 2642 ea
394 2588 558 2642 etiam
607 2600 751 2640 nunc
789 2582 1115 2639 ostenditur.
1143 2580 1252 2636 Pro
1274 2581 1486 2636 foribus
1514 2596 1645 2637 vero
1672 2582 1866 2639 domus

295 2678 466 2746 ipsius
497 2676 648 2733 basis
672 2676 921 2747 quaedam
949 2675 1002 2731 in
1034 2675 1154 2730 loco
1181 2674 1395 2730 editiori
1418 2673 1683 2730 collocata
1707 2688 1864 2729 mon-

293 2777 519 2835 stratur,
546 2769 602 2823 in
640 2784 753 2838 qua
804 2767 1051 2823 mulieris
1083 2766 1256 2837 ipsius
1288 2767 1453 2822 veluti
1480 2766 1708 2837 genibus
1734 2780 1863 2837 pro-

296 2866 494 2921 voluta
524 2864 843 2934 palmasque
875 2860 1200 2932 suppliciter
1235 2861 1513 2916 tendentis
1543 2861 1722 2931 imago
1755 2875 1866 2916 tere

298 2959 513 3012 videtur
554 2971 834 3028 expressa.
865 2956 1020 3010 Astat
1055 2970 1185 3010 vero
1216 2955 1323 3009 alia
1362 2968 1471 3009 aere
1510 2953 1865 3009 nihilominus

1973 496 2291 551 sortiuntur.
2323 517 2342 549 ι
2385 495 2659 551 Hactenus
2686 495 2966 551 Eusebius.

2041 585 2182 641 XXI.
2239 586 2382 642 Beda
2425 601 2660 658 quoque,
2704 585 2999 658 Anglorum
3049 587 3226 657 gentis
3270 588 3453 655 homo,
3499 596 3557 646 et

1971 692 2071 732 suo
2094 685 2338 749 tempore
2372 677 2570 732 divinis
2609 675 2804 731 litteris
2849 691 2959 731 non
2984 676 3332 732 mediocriter
3378 677 3555 733 imbu-

1972 775 2219 834 tus,cum
2243 770 2311 821 de
2331 767 2467 822 mari
2493 767 2634 837 quod
2664 766 2718 821 in
2747 766 2947 837 templo
2963 766 3177 821 Domini
3201 782 3232 821 a
3260 765 3565 824 Salomone-

1972 857 2174 912 factum
2219 866 2303 912 est
2350 865 2742 928 pertractaret,
2792 857 2978 912 intulit
3027 866 3151 929 post
3188 858 3306 913 haec
3349 861 3549 915 verba:

1973 965 1995 999 ε
2034 946 2335 1001 Notandum
2389 962 2520 1002 sane
2565 948 2689 1017 quia
2738 954 2865 1001 sunt
2910 947 2999 1016 qui
3047 956 3241 1018 putant
3285 948 3403 1021 lege
3457 950 3553 1008 Dei

1968 1038 2317 1110 prohibitum,
2364 1053 2433 1093 ne
2470 1038 2557 1093 vel
2581 1038 2859 1093 hominum
2905 1038 2988 1094 vel
3033 1038 3400 1109 quorumlibet
3437 1043 3553 1096 ani-

1970 1133 2190 1188 malium
2218 1133 2335 1187 sive
2365 1146 2541 1187 rerum
2569 1130 2950 1186 similitudines
2978 1130 3307 1201 sculpamus,
3338 1141 3433 1187 aut
3456 1133 3552 1189 de-

1969 1226 2255 1297 piugamus
2302 1225 2357 1279 in
2400 1223 2666 1290 Ecclesia,
2716 1223 2803 1278 vel
2852 1223 2960 1279 alio
3002 1223 3243 1293 quolibet
3285 1225 3437 1294 loco;
3484 1242 3551 1284 eo

1968 1319 2113 1388 quod
2141 1317 2196 1371 in
2223 1316 2487 1388 Decalogo
2511 1316 2648 1388 legis
2674 1316 2912 1371 dixerit:
2941 1315 3067 1371 Non
3099 1316 3261 1387 facies
3291 1318 3385 1372 tibi
3411 1319 3552 1374 scul-

1967 1412 2120 1486 ptile,
2164 1427 2347 1483 neque
2370 1427 2575 1466 omnem
2623 1409 3021 1465 similitudinem
3061 1424 3179 1481 quia
3214 1419 3290 1465 est
3329 1411 3388 1466 in
3425 1410 3551 1469 caelo

1968 1508 2208 1579 desuper,
2231 1514 2281 1560 et
2300 1520 2418 1577 quis
2442 1505 2498 1560 in
2519 1514 2660 1558 terra
2682 1503 2950 1568 deorsum,
2976 1518 3068 1556 nec
3090 1517 3272 1556 eorum
3292 1519 3410 1574 quae
3430 1511 3552 1560 sunt

1968 1598 2023 1652 in
2055 1597 2206 1667 aquis
2252 1594 2347 1650 sub
2393 1603 2553 1648 terra.
2597 1592 2698 1661 Qui
2744 1607 3085 1662 nequaquam
3126 1593 3232 1647 hoc
3274 1600 3549 1663 putarent,

1970 1687 2015 1741 si
2057 1685 2145 1739 vel
2181 1684 2482 1740 Salomonis
2526 1699 2662 1753 opus
2705 1683 2772 1737 ad
2810 1682 3127 1737 memoriam
3178 1694 3544 1751 revocassent,

1970 1790 2078 1845 quo
2116 1782 2170 1829 et
2204 1774 2258 1828 in
2303 1772 2502 1842 templo
2552 1773 2696 1827 intus
2733 1771 2939 1842 palmas
2982 1771 3108 1827 fecit
3152 1780 3206 1828 et
3243 1770 3557 1839 cherubim,

1968 1883 2089 1923 cum
2134 1865 2302 1920 variis
2348 1862 2659 1929 emlaturis,
2721 1870 2777 1917 et
2820 1863 2875 1917 in
2916 1862 3179 1918 columnis
3225 1864 3368 1919 illius
3411 1866 3546 1919 mala

1968 1966 2191 2029 grauata
2226 1965 2282 2012 et
2309 1964 2476 2021 retes,
2528 1955 2581 2009 in
2630 1954 2768 2009 mari
2814 1968 3030 2024 quoque
3068 1969 3217 2010 teneo
3267 1955 3549 2011 duodecim

1967 2051 2156 2113 boves,
2206 2056 2262 2103 et
2308 2047 2612 2117 sculpturas
2659 2046 2961 2111 histriatas,
3008 2046 3104 2101 sed
3149 2053 3203 2101 et
3250 2046 3303 2100 in
3331 2046 3549 2102 vasibus

1969 2141 2218 2201 laterum,
2252 2147 2312 2193 ut
2346 2139 2399 2193 in
2430 2137 2780 2207 sequentibus
2818 2136 3038 2208 legitur,
3070 2135 3252 2191 leones
3287 2151 3408 2191 cum
3456 2136 3551 2191 bo-

1966 2230 2085 2292 bus,
2117 2228 2341 2298 palmas,
2372 2242 2501 2281 axes
2537 2234 2593 2281 ct
2636 2235 2805 2294 rotas,
2838 2241 2961 2282 cum
2992 2227 3273 2282 cherubim
3314 2235 3370 2283 et
3397 2229 3548 2282 vario

1965 2322 2301 2392 picturarum
2349 2334 2546 2390 genere
2592 2317 2760 2384 fecit;
2835 2318 2920 2373 vel
2966 2316 3114 2373 certe
3164 2318 3331 2388 ipsius
3379 2318 3547 2389 Moysi

1966 2427 2127 2482 opera
2158 2412 2616 2476 considerassent,
2644 2411 2758 2479 qui,
2786 2410 3013 2481 jubente
3041 2409 3290 2476 Domino,
3325 2418 3380 2466 et
3419 2412 3547 2466 che-

1966 2504 2142 2559 rubim
2187 2503 2337 2573 prius
2379 2503 2432 2557 in
2464 2502 2859 2574 propitiatorio,
2909 2508 2966 2557 et
3008 2509 3194 2571 postea
3242 2510 3545 2571 serpentem

1964 2593 2092 2650 fecit
2130 2608 2337 2649 aeneum
2383 2595 2440 2648 in
2478 2608 2680 2657 eremo,
2718 2592 2872 2663 cujus
2915 2592 3115 2646 intuitu
3152 2592 3377 2662 populus
3414 2607 3443 2646 a
3469 2591 3548 2647 fe-

1965 2700 2149 2741 rarum
2180 2687 2511 2757 serpentium
2540 2701 2750 2741 veneno
2779 2685 3096 2740 salvaretur.
3141 2686 3199 2740 Si
3236 2686 3379 2741 enim
3419 2686 3549 2743 lice—

1962 2777 2058 2832 bat
2091 2786 2396 2848 serpentem
2433 2766 2659 2832 exaltari
2689 2791 2896 2831 igneum
2939 2777 2993 2832 in
3022 2776 3189 2846 ligno,
3214 2792 3375 2847 quem
3406 2779 3549 2848 aspi-

1965 2869 2171 2925 cientes
2200 2868 2295 2922 ﬁlii
2324 2868 2487 2924 Israel
2513 2869 2790 2933 viverent;
2834 2883 2931 2924 cur
2968 2883 3074 2923 non
3099 2867 3225 2923 licet
3252 2868 3542 2928 exaltatio:

1967 2977 2091 3017 nem
2121 2961 2328 3016 Domini
2358 2959 2659 3016 Salvatoris
2696 2959 2752 3014 in
2783 2974 2967 3024 cruce,
2997 2974 3102 3030 qua
3138 2968 3368 3014 mortem
3391 2960 3540 3022 vicit,

299 3053 416 3108 fusa
448 3060 652 3115 statua,
696 3050 884 3105 habitu
918 3049 1038 3113 viri,
1092 3049 1228 3105 stola
1266 3058 1483 3118 compte
1517 3046 1863 3112 circumdati,
1892 3082 1936 3145 C
1969 3052 2036 3105 ad
2076 3050 2395 3106 memoriam
2434 3049 2691 3107 ﬁdelibus
2731 3050 3065 3120 depingendo
3100 3050 3317 3115 reduci;
3363 3050 3443 3105 vel
3479 3052 3546 3106 ad

295 3153 352 3198 et
377 3144 657 3199 dexteram
707 3143 920 3196 mulieri
976 3141 1321 3211 porrigentis.
1358 3139 1528 3209 Hujus
1571 3139 1637 3194 ad
1678 3139 1864 3209 pedem

296 3244 510 3298 statuae,
541 3248 572 3288 e
605 3234 722 3289 basi
752 3235 919 3288 herba
951 3232 1199 3301 quaedam
1227 3246 1366 3286 nova
1393 3231 1574 3301 specie
1597 3230 1861 3294 nascitur;

296 3339 422 3393 quia
450 3340 575 3380 cum
605 3337 797 3380 exorta
839 3324 1022 3390 fuerit,
1057 3337 1372 3379 excreseere
1404 3336 1579 3392 usque
1616 3320 1684 3377 ad
1717 3320 1870 3377 stolas

300 3417 452 3472 illius
482 3417 609 3472 terei
666 3417 970 3472 indumenti
1021 3416 1288 3469 ﬁttlbl‘iam
1337 3413 1506 3478 solet;
1536 3428 1698 3483 quam
1736 3427 1863 3468 eum

284 3512 497 3555 summo
522 3500 724 3555 vertice
751 3510 1003 3552 crescens
1028 3495 1199 3551 herba
1228 3495 1540 3563 contigerit,
1568 3493 1714 3547 vires
1740 3493 1867 3548 inde

284 3590 353 3645 ad
381 3588 723 3660 deponendos
743 3601 933 3643 omnes
957 3586 1174 3641 morbos
1214 3584 1611 3656 languoresque
1639 3583 1866 3652 conqui—

287 3684 387 3748 rit;
423 3682 498 3737 ita
525 3689 586 3736 ut
607 3695 939 3751 quaecunque
966 3678 1057 3733 illa
1084 3677 1250 3734 fuerit
1276 3676 1565 3732 inﬁrmitas
1593 3676 1864 3747 corporis,

287 3776 481 3829 haustu
515 3774 709 3844 exiguo
736 3770 1020 3828 madefacti
1063 3770 1319 3826 salutaris
1347 3769 1608 3840 graminis
1631 3768 1866 3837 depella-

285 3876 392 3931 tur,
434 3864 569 3920 nihil
595 3866 817 3922 omnino
844 3865 1036 3919 virium
1062 3879 1276 3936 gerens,
1308 3863 1354 3918 si
1388 3870 1677 3932 antequam
1710 3876 1864 3917 aereae

226 3952 511 4013 “ﬁmbriae
557 3957 922 4013 summitatem
965 3955 1261 4010 crescendo
1304 3953 1631 4023 contigerit,
1679 3953 1864 4008 decer-

284 4057 460 4117 patur.
517 4046 668 4103 Hanc
697 4054 930 4101 statuam
975 4046 1043 4101 ad
1084 4044 1488 4101 similitudinem
1521 4043 1699 4098 vultus
1732 4041 1862 4097 Jesu

265 4137 567 4192 formatam
594 4136 878 4191 tradebant
910 4154 922 4189 :
953 4150 1072 4204 qua:
1102 4134 1402 4202 permansit
1446 4135 1515 4188 ad
1544 4142 1728 4189 nostra
1774 4149 1863 4188 us-

283 4247 390 4300 que
420 4239 684 4300 tempora,
729 4231 869 4285 sicut
909 4229 1081 4286 oculis
1120 4230 1323 4284 nostris
1371 4229 1470 4299 ipsi
1504 4229 1857 4299 inspeximus.

289 4326 351 4378 Et
381 4322 513 4377 nihil
563 4322 779 4387 mirum,
831 4323 875 4377 si
904 4322 958 4377 hi
989 4321 1081 4392 qui
1113 4337 1178 4376 ex
1225 4321 1475 4393 gentibus
1520 4319 1863 4376 crediderant

1968 3143 2071 3198 alia
2114 3141 2231 3211 ejus
2274 3141 2536 3197 miracula
2581 3149 2636 3198 et
2664 3142 2999 3207 sanationes,
3042 3142 3237 3211 quibus
3270 3142 3337 3198 de
3360 3141 3547 3199 eodem

1968 3234 2156 3289 mortis
2185 3241 2404 3289 auctore
2426 3232 2745 3287 mirabiliter
2774 3233 3155 3303 triumphavit;
3204 3248 3328 3289 cum
3353 3235 3545 3290 horum

1969 3334 2221 3396 aspectus
2262 3325 2493 3380 multum
2526 3338 2669 3396 saepe
2714 3325 3149 3394 compunctionis
3194 3325 3366 3381 soleat
3406 3342 3546 3396 prae-

1968 3424 2113 3471 stare
2143 3416 2540 3480 continentibus,
2570 3423 2626 3472 et
2666 3415 2746 3471 eis
2774 3431 2987 3486 quoque
3020 3417 3113 3486 qui
3144 3416 3354 3472 litteras
3396 3418 3545 3490 igno-

1971 3519 2120 3574 rant,
2161 3511 2316 3580 quasi
2358 3510 2536 3564 vivam
2569 3509 2865 3566 Dominicze
2911 3510 3155 3565 historia:
3197 3512 3433 3581 pandere
3473 3512 3546 3567 lc-

1968 3601 2238 3657 ctiouem?
2286 3600 2420 3654 Nam
2450 3608 2502 3655 et
2545 3601 2756 3670 pictura
2797 3599 2986 3657 Grmce
3034 3605 3315 3679 ζωγραφία,
3363 3602 3414 3657 id
3464 3611 3548 3659 est

1970 3694 2089 3748 viva
2137 3693 2402 3762 scriptura
2447 3700 2688 3748 vocatur.
2740 3692 2799 3747 Si
2847 3692 3003 3748 licuit
3047 3695 3328 3749 duodecim
3381 3696 3547 3750 boves

1967 3799 2145 3840 tene-os
2197 3783 2375 3840 facere
2398 3825 2413 3849 ,
2480 3784 2574 3854 qui
2633 3798 2782 3838 mare
2852 3784 3246 3856 superpositum
3308 3783 3546 3843 ferentes

1966 3888 2196 3949 quatuor
2225 3880 2410 3935 mundi
2437 3879 2625 3951 plagas
2668 3881 2805 3935 terni
2837 3882 3199 3951 respicerent;
3251 3883 3379 3952 quid
3422 3900 3545 3953 pro.

1967 3970 2113 4025 hibet
2139 3970 2420 4025 duodecim
2458 3971 2729 4040 apostolos
2763 3972 3006 4042 pingere,
3032 3975 3300 4042 quomodo
3334 3987 3542 4039 euntes,

1966 4076 2154 4117 omnes
2196 4069 2382 4131 gentes
2428 4062 2764 4133 baptizantes
2811 4077 2906 4117 eos
2948 4063 3003 4117 in
3040 4064 3256 4120 nomine
3284 4063 3461 4121 Patris
3492 4075 3545 4120 et

1967 4149 2083 4203 Filii
2122 4158 2177 4205 et
2205 4148 2438 4219 Spiritus
2474 4153 2667 4218 sancti,
2705 4152 2828 4206 viva
2870 4161 2932 4207 ut
2968 4153 3196 4209 dixerim
3237 4169 3349 4224 prae
3375 4155 3545 4212 oculis

1964 4239 2204 4295 omnium
2230 4240 2501 4311 designari
2542 4241 2848 4313 scriptura?
2892 4243 2948 4297 Si
2992 4253 3183 4298 contra
3225 4245 3397 4317 legem
3436 4262 3543 4301 non

1963 4327 2065 4383 fuit
2101 4329 2158 4384 in
2192 4329 2383 4384 eodem
2421 4331 2560 4384 mari
2609 4331 2914 4400 sculpturas
2961 4332 3276 4389 historiatas
3320 4335 3374 4388 in
3413 4350 3544 4408 gyro

284 4430 381 4484 pro
407 4412 689 4469 beneﬁciis
736 4428 856 4483 quae
906 4427 936 4467 a
978 4411 1256 4467 Salvatore
1302 4410 1518 4466 fuerant
1559 4411 1856 4475 consecuti,
1883 4418 2147 4490 Ddecem
2189 4418 2493 4473 cubitorum
2538 4418 2687 4485 ﬁeri;
2738 4422 3008 4489 quomodo
3054 4422 3156 4493 legi
3208 4424 3542 4478 contrarium

286 4503 593 4574 huiusmodi
619 4504 765 4560 velut
789 4518 985 4559 munus
1011 4502 1333 4567 videbantur
1351 4501 1578 4568 offerre;
1627 4517 1749 4556 cum
1779 4501 1858 4555 vi—

282 4596 508 4648 deamus
550 4595 715 4650 etiam
761 4608 905 4649 nunc
940 4601 995 4649 et
1015 4593 1381 4665 apostolorum
1411 4591 1556 4647 Petri
1597 4591 1681 4646 vel
1705 4590 1860 4645 Pauli

282 4695 336 4739 et
378 4685 548 4756 ipsius
573 4684 870 4741 Salvatoris
913 4685 1176 4757 imagines
1220 4682 1511 4752 designari,
1543 4681 1860 4750 tabulasque

282 4776 530 4846 dcpingi;
579 4778 674 4831 sed
702 4785 758 4830 et
782 4776 1033 4845 antiquas
1077 4775 1319 4843 ipsorum
1362 4774 1622 4843 imagines
1668 4788 1699 4827 a
1738 4772 1860 4842 qui-

279 4867 504 4923 busdam
529 4878 878 4921 eonservatas
902 4881 1002 4921 nos
1028 4865 1278 4920 vidimus.
1311 4862 1463 4930 Quod
1493 4864 1624 4918 mihi
1649 4864 1859 4919 videtur

280 4976 348 5017 ox
394 4958 582 5031 gentili
625 4955 1012 5013 consuetudine
1072 4954 1443 5011 indiﬁ'erenter
1487 4955 1851 5018 observatum,

280 5048 423 5118 quod
451 5048 527 5104 ita
553 5046 764 5103 soleant
784 5047 1052 5102 honorare
1073 5059 1208 5114 quos
1239 5046 1444 5101 honore
1465 5045 1657 5117 dignos
1692 5047 1860 5103 duxe-

284 5140 390 5193 rint
415 5157 429 5192 :
463 5139 691 5208 insignia
711 5136 910 5194 etenim
934 5143 1178 5192 veterum
1206 5136 1471 5191 reservari
1517 5138 1585 5191 ad
1618 5146 1857 5207 postero-

285 5244 402 5283 rum
443 5230 780 5295 memoriam,
811 5228 1020 5284 illorum
1048 5227 1286 5292 honoris,
1312 5227 1505 5283 horum
1534 5244 1663 5284 vero
1706 5245 1858 5285 amo-

280 5322 360 5376 ris
404 5321 659 5377 indicium
698 5327 802 5377 est.
848 5320 1090 5391 Denique
1135 5327 1186 5374 et
1225 5317 1410 5374 Jacobi
1456 5320 1733 5386 cathedra,
1763 5322 1858 5390 qui

280 5412 490 5481 primus
512 5411 564 5466 in
595 5412 754 5467 terris
784 5413 1069 5482 episcopus
1117 5409 1184 5467 ab
1211 5410 1326 5481 ipso
1369 5409 1653 5466 Salvatore
1698 5421 1749 5466 et
1790 5413 1858 5466 ab

282 5502 537 5571 apostolis
577 5503 630 5557 in
661 5502 1045 5574 Hierosolymis
1073 5511 1154 5558 est
1180 5500 1407 5564 electus,
1449 5516 1716 5571 quemque
1753 5500 1858 5557 fra-

284 5604 424 5649 trem
450 5591 651 5647 Christi
681 5592 949 5647 volumina
993 5593 1298 5661 designant,
1331 5607 1501 5659 usque
1556 5592 1607 5645 in
1640 5593 1858 5648 hodier-

283 5701 412 5743 num
451 5684 579 5740 inibi
623 5693 991 5741 conservatur.
1034 5686 1111 5739 lta
1154 5686 1207 5739 in
1235 5699 1299 5739 ea
1335 5684 1521 5739 sedent
1548 5698 1735 5738 omnes
1766 5686 1855 5756 qui

1961 4510 2259 4579 potabitur,
2289 4508 2333 4562 si
2360 4509 2619 4565 historias
2645 4520 2954 4566 sanctorum
2983 4526 3047 4567 ac
3073 4521 3369 4584 martyrum
3391 4513 3544 4569 Chri-

1960 4600 2029 4657 sti
2074 4600 2380 4668 settlpamus
2406 4600 2520 4655 sive
2546 4601 2833 4671 pingamus
2869 4603 2921 4659 in
2953 4602 3170 4667 tabulis,
3199 4604 3291 4673 qui
3323 4618 3420 4673 per
3450 4620 3542 4657 cu-

1960 4691 2189 4746 stodiam
2217 4690 2411 4745 divina:
2449 4691 2583 4761 legis
2622 4692 2688 4745 ad
2714 4692 2938 4763 gloriam
2968 4702 3284 4748 meruerunt
3323 4705 3540 4749 attenta!

1962 4778 2329 4834 retributionis
2368 4780 2667 4851 attingere?
2716 4781 2914 4835 Verum
2946 4781 2992 4835 si
3029 4781 3340 4853 diligentius
3377 4784 3541 4837 verba

1960 4870 2094 4941 legis
2152 4870 2494 4925 attendamus
2522 4911 2537 4934 ,
2595 4869 2733 4924 forte
2780 4871 2984 4939 patebit
3031 4886 3140 4926 non
3193 4872 3538 4928 interdictum

1958 4959 2220 5031 imagines
2253 4973 2435 5014 rerum
2457 4967 2552 5013 aut
2575 4959 2887 5013 animalium
2928 4958 3127 5024 facere,
3157 4961 3251 5016 sed
3281 4962 3396 5016 haec
3426 4961 3539 5015 ido—

1958 5050 2184 5106 lolatriae
2221 5050 2395 5121 gratia
2428 5048 2611 5104 facere
2647 5050 2975 5107 omnimodis
3020 5065 3144 5106 esse
3185 5051 3535 5122 prohibitum.

1960 5141 2199 5210 Denique
2245 5140 2489 5195 dicturus
2535 5140 2588 5194 in
2633 5150 2816 5196 monte
2866 5150 3056 5197 saneto
3080 5142 3380 5197 Dominus:
3419 5141 3538 5197 Non

1960 5230 2121 5301 facies
2163 5231 2257 5284 tibi
2300 5229 2579 5299 sculptile,
2627 5248 2789 5301 neque
2842 5247 3046 5286 omnem
3109 5233 3533 5293 similitudinem.

1963 5319 2251 5390 praemisit:
2276 5318 2397 5373 Non
2418 5318 2627 5374 habebis
2647 5320 2771 5374 deos
2793 5319 2991 5374 alienos
3011 5337 3189 5375 coram
3214 5337 3313 5376 me.
3340 5322 3542 5376 Deinde

1964 5411 2041 5463 su"
2059 5408 2238 5477 junxit
2274 5425 2285 5461 :
2330 5407 2451 5462 Non
2489 5408 2652 5477 [acies
2689 5409 2785 5463 tibi
2823 5410 3082 5479 scu'ptile,
3128 5428 3290 5483 neque
3326 5427 3538 5465 omnem

1963 5498 2357 5553 simiiitudinem
2397 5515 2514 5568 quw
2558 5508 2631 5551 est
2679 5500 2733 5551 in
2775 5498 2901 5553 caelo
2945 5500 3188 5570 desuper,
3227 5511 3275 5554 et
3319 5517 3437 5570 qua:
3484 5503 3536 5552 in

1963 5601 2102 5643 terra
2139 5590 2416 5651 deorsum,
2460 5604 2552 5641 nec
2592 5604 2771 5642 eorum
2819 5606 2935 5660 (μιαν
2984 5599 3103 5642 sunt
3153 5591 3206 5643 in
3253 5591 3403 5659 aquis
3444 5592 3537 5643 sub

1963 5692 2120 5733 terra.
2154 5678 2326 5747 Atque
2370 5679 2439 5730 ita
2482 5676 2783 5732 conclusit:
2815 5678 2938 5732 Non
2963 5678 3208 5734 adorabis
3252 5697 3333 5747 ea,
3377 5697 3538 5743 neque
