4010 6184
394 300 492 358 2.1

1380 302 1582 357 LIBER
1625 303 1711 356 DE
1751 303 2153 360 [MAGINIBUS
2196 302 2635 365 SANCTORL'M.

3550 307 3659 365 Ξιὸ

378 390 529 480 ’τοίω
557 416 735 494 (Deut.
761 433 812 481 v,
841 416 893 479 8,
920 415 994 487 9).
1028 414 1231 483 Quibus
1255 417 1431 471 verbis
1460 424 1642 487 aperte
1670 416 1976 470 declaratur
2003 423 2053 481 Α
2078 416 2293 484 legitur,
2326 418 2445 473 ideo
2479 421 2622 489 quod
2662 421 2925 491 imagines
2950 424 3312 492 apostolorum
3339 428 3404 482 de
3430 442 3527 482 sua
3550 430 3655 485 ba-

394 514 537 586 quod
579 512 684 566 illze
729 510 1110 566 similitudines
1158 509 1273 564 fieri
1318 510 1674 580 prohibentur
1707 508 1775 562 ab
1804 509 1976 563 homi—

394 606 571 665 nibus,
604 616 727 671 qua:
764 600 821 654 in
845 600 1246 654 venerationem
1285 600 1509 654 deorum
1553 600 1850 655 alienorum
1894 598 1975 652 fa-

396 711 519 751 cere
549 694 725 749 solent
756 692 940 763 impii,
981 706 1206 761 quaeque
1235 692 1303 745 ad
1328 691 1609 745 colendum
1646 699 1807 760 atque
1841 691 1970 745 ado-

394 785 625 841 randum
654 783 930 854 gentilitas
958 782 1262 837 errabunda
1289 782 1509 852 reperit.
1549 781 1816 836 Caeterum
1845 783 1976 836 sim-

393 876 606 946 pliciter
632 876 749 928 hzec
776 871 893 927 fieri
927 872 1096 937 nulla,
1126 880 1185 925 ut
1221 887 1362 936 reor,
1394 872 1526 941 legis
1558 872 1749 927 divin:e
1790 872 1972 927 littera

392 975 560 1020 vetat.
593 965 845 1033 Alioquin
876 972 931 1018 et
956 963 1215 1019 Dominus
1241 966 1573 1019 tentantibus
1600 981 1657 1020 se
1686 964 1974 1021 Pharismis

390 1057 459 1111 de
489 1056 693 1110 tributo
721 1055 920 1108 Caesari
962 1053 1254 1117 reddendo,
1294 1054 1348 1108 in
1379 1070 1485 1124 quo
1511 1070 1707 1109 nomen
1747 1064 1803 1109 et
1841 1055 1975 1109 ima-

391 1152 576 1221 ginem
623 1147 852 1217 Czesaris
897 1160 1210 1216 expressam
1263 1161 1384 1201 esse
1432 1146 1720 1211 dicebant,
1773 1162 1974 1215 nequa-

390 1255 555 1308 quam
605 1238 681 1292 ita
713 1237 1060 1307 responderet
1105 1253 1116 1288 :
1171 1235 1390 1291 Reddite
1434 1254 1550 1307 qua:
1589 1246 1708 1290 sunt
1747 1235 1972 1291 Caesaris

391 1328 616 1395 Cesari,
666 1337 716 1383 et
766 1344 883 1401 quae
928 1337 1051 1381 sunt
1090 1326 1190 1381 Dei
1236 1326 1364 1381 Deo.
1413 1326 1519 1382 Sed
1563 1327 1741 1397 potius
1785 1342 1971 1382 eorum

392 1421 693 1492 corrigeret
748 1433 1029 1483 errorem,
1080 1416 1267 1472 dicens
1309 1433 1323 1471 :
1374 1416 1493 1471 Non
1541 1416 1668 1471 licet
1710 1416 1860 1471 vobis
1915 1415 1969 1470 in

389 1528 718 1586 percussura
765 1512 882 1566 auri
928 1511 1096 1586 vestri
1150 1510 1441 1582 imaginem
1490 1509 1670 1565 facere
1717 1509 1968 1576 Caesaris,

391 1609 521 1680 quia
569 1607 723 1663 talem
771 1606 1099 1674 sculpturam
1145 1604 1232 1658 lex
1272 1604 1453 1660 divina
1497 1603 1767 1675 prohibet.
1813 1603 1972 1658 Esset

391 1713 627 1767 namque
665 1697 815 1751 locus
839 1703 896 1751 ut
918 1703 1135 1750 ostenso
1160 1694 1260 1750 sibi
1288 1696 1614 1750 numismate
1642 1710 1834 1750 census
1861 1694 1967 1748 hoc

2080 507 2230 560 silica
2268 519 2511 564 eraserat
2555 510 2625 565 ob
2671 514 3113 580 superstitionem
3151 516 3293 586 vulgi
3330 532 3423 572 eas
3462 530 3653 575 contra

2077 598 2315 668 regulam
2360 600 2482 654 ﬁdei
2532 602 2829 666 adorantis,
2876 618 2940 658 ac
2974 620 3082 659 non
3127 608 3307 675 potius
3346 611 3656 669 rationabili

2076 689 2401 743 auctoritate
2442 688 2705 758 ejusmodi
2740 707 2983 748 errorem
3029 696 3291 761 correxit,
3329 698 3538 766 pictura
3590 700 3654 756 il-

2074 779 2201 834 laesa
2244 780 2311 835 ad
2338 788 2679 851 posterorum
2715 785 3034 838 memoriam
3061 798 3430 855 permanente.

2144 870 2329 925 XXIII.
2373 872 2571 927 Beatus
2610 889 2738 929 vero
2787 874 3117 946 Augustinus
3152 879 3207 933 in
3242 879 3379 936 libro
3412 884 3480 937 de
3507 883 3656 941 Civi-

2076 969 2186 1015 tate
2210 962 2306 1017 Dei
2334 978 2369 1016 x
2405 962 2557 1033 (Cap.
2598 963 2652 1035 8)
2697 965 2835 1019 dixit
2862 966 3004 1019 inter
3049 976 3283 1023 cartera:
3341 989 3360 1021 ι
3402 971 3657 1043 Legimus

2073 1055 2342 1121 serpentis
2362 1070 2578 1109 morsus
2606 1054 2941 1121 mortiferus,
2966 1058 3033 1111 ad
3055 1074 3272 1127 poenam
3293 1058 3654 1128 justissimam

2064 1152 2441 1211 peccatorum,
2473 1146 2529 1198 in
2553 1145 2698 1216 ligno
2725 1147 2962 1201 exaltato
2991 1156 3153 1218 atque
3176 1161 3465 1221 prospecto
3500 1169 3657 1210 teneo

2073 1244 2322 1304 serpente
2351 1244 2596 1302 sanatos,
2636 1247 2699 1292 ut
2722 1245 2778 1292 et
2801 1238 2999 1308 populo
3025 1241 3403 1299 subveniretur
3428 1244 3653 1310 afﬂicto,

2072 1332 2127 1380 et
2165 1340 2311 1380 mors
2336 1334 2512 1380 morte
2545 1328 2843 1393 destructa,
2889 1328 3035 1383 velut
3061 1330 3333 1387 cruciﬁxa:
3362 1334 3554 1388 mortis
3578 1335 3655 1389 si-

2070 1414 2372 1470 militudine
2406 1415 2751 1485 signaretur:
2791 1431 2952 1485 quem
2991 1433 3127 1474 sane
3167 1432 3497 1490 serpentem,
3527 1439 3657 1493 pro-

2069 1512 2192 1576 pter
2217 1505 2344 1560 facti
2371 1506 2689 1560 memoriam
2725 1516 3082 1574 reservatum,
3118 1525 3243 1564 cum
3268 1520 3455 1580 postea
3479 1528 3656 1585 popa-

2069 1596 2154 1651 ius
2183 1611 2374 1653 errans
2413 1604 2673 1667 tanquam
2718 1596 2923 1651 idolum
2965 1599 3146 1654 coiere
3185 1602 3472 1671 coepisset,
3518 1604 3656 1661 Eae-

2070 1689 2221 1743 chias
2265 1704 2360 1743 rex
2413 1688 2666 1759 religiosa
2714 1696 2981 1758 potestate
3026 1691 3137 1745 Deo
3187 1693 3473 1759 serviens,
3524 1708 3651 1749 cum

394 1765 620 1853 diceret,
659 1789 702 1843 si
745 1787 797 1841 in
843 1801 909 1841 eo
938 1785 1168 1842 Caesaris
1208 1786 1406 1857 imago,
1443 1787 1597 1857 cujus
1632 1784 1963 1849 idololatriae,
1995 1765 2043 1824 Β
2071 1794 2263 1850 magna
2294 1780 2513 1850 pietatis
2542 1779 2699 1834 laude
2738 1780 3013 1835 contrivit.
3051 1800 3072 1833 ι
3104 1781 3251 1837 Idem
3286 1783 3453 1839 etiam
3489 1783 3655 1840 Pater

388 1889 447 1935 et
474 1895 581 1934 non
615 1880 680 1934 ad
699 1878 963 1949 judicium
1000 1879 1173 1948 magis
1202 1878 1365 1951 regia:
1389 1879 1664 1949 potentiae,
1694 1885 1838 1932 esset
1861 1876 1969 1932 for-

386 1979 556 2025 mata.
589 1990 610 2024 ι
662 1971 785 2025 Haac
810 1969 875 2024 de
904 1967 1113 2041 praefati
1142 1969 1243 2024 viri
1293 1968 1473 2024 libello
1501 1967 1797 2038 sumpsisse
1824 1966 1967 2022 suffi-

384 2061 517 2114 ciat.

458 2152 619 2208 XXII.
659 2151 912 2225 Legimus
954 2167 1087 2207 vero
1131 2163 1157 2191 ι
1200 2150 1253 2205 in
1301 2149 1480 2206 Gestis
1525 2149 1668 2205 beati
1720 2147 1967 2205 Silvestri

381 2260 541 2317 papa:
570 2284 585 2310 ,
635 2243 1049 2299 Constantinum
1104 2243 1482 2313 imperatorem
1534 2242 1763 2296 necdum
1819 2241 1966 2298 fonte

374 2336 511 2390 vitae
541 2341 809 2399 renatum,
834 2344 1146 2388 sanctorum
1174 2331 1536 2401 apostolorum
1561 2331 1704 2385 Petri
1731 2339 1788 2386 et
1811 2331 1963 2385 Pauli

376 2427 570 2480 vultus
615 2424 848 2479 ostensis
890 2439 918 2476 a
949 2421 1207 2492 pracdicto
1247 2436 1384 2491 papa
1426 2421 1639 2486 tabulis,
1686 2420 1739 2474 in
1769 2420 1964 2490 quibus

375 2517 669 2585 utriusque
703 2513 927 2583 apostoli
969 2511 1171 2583 effigies
1212 2511 1506 2581 antiquitus
1536 2513 1601 2565 ad
1646 2512 1961 2566 memoriam

376 2622 641 2679 expressa
698 2606 1036 2669 servabatur,
1092 2605 1232 2658 sicut
1281 2604 1487 2657 visione
1541 2611 1804 2657 nocturna
1856 2602 1960 2658 sibi

374 2699 583 2757 ostensi
618 2697 850 2761 fuerant,
883 2696 1199 2767 cognovisse
1252 2706 1308 2749 et
1348 2694 1492 2749 illico
1531 2694 1802 2749 adorasse.
1853 2693 1961 2749 Sed

376 2791 623 2860 nunquid
661 2790 765 2845 hac
794 2787 1117 2843 auctoritate
1142 2784 1477 2841 Constantini
1520 2785 1748 2841 adorare
1784 2786 1958 2841 sancti

376 2881 609 2952 alicujus
652 2880 942 2952 imaginem
986 2877 1263 2943 debemus,
1308 2892 1430 2931 cum
1474 2878 1613 2931 idem
1663 2877 1958 2948 imperator

375 2974 554 3045 magis
602 2973 707 3032 hoc
755 2988 824 3027 ex
876 2970 1268 3027 consuetudine
1334 2969 1652 3023 idololatria:
1699 2968 1956 3040 pestifera

374 3063 589 3132 fecerit,
619 3080 778 3135 quam
818 3078 885 3117 ex
917 3061 1350 3118 consideratione
1377 3060 1673 3115 verissima:
1704 3061 1951 3127 rationis,

2067 1870 2119 1925 in
2149 1871 2287 1926 libro
2318 1871 2499 1940 primo
2538 1870 2689 1942 (Cap.
2724 1869 2811 1943 10)
2850 1870 2917 1926 de
2953 1870 3253 1925 Concordia
3285 1872 3654 1944 Evangeiista-

2065 1976 2206 2025 rum,
2252 1975 2412 2029 quem
2440 1968 2628 2015 contra
2662 1974 2901 2030 paganos
2944 1960 3135 2026 edidit,
3176 1961 3416 2031 disputat
3441 1964 3510 2018 de
3546 1964 3651 2021 illis

2064 2052 2156 2122 qui
2200 2051 2487 2105 Dominum
2530 2050 2718 2105 Jesum
2751 2049 3027 2106 Christum
3078 2052 3328 2131 dicebant
3369 2054 3649 2124 epistolari

2064 2156 2315 2198 sermone
2340 2142 2537 2197 librum
2562 2142 2863 2213 scripsisse,
2908 2151 2964 2198 et
2992 2144 3153 2200 Petro
3178 2160 3242 2201 ac
3282 2146 3450 2201 Paulo
3489 2148 3653 2204 tradi-

2064 2237 2225 2299 disse,
2266 2242 2321 2290 et
2359 2236 2528 2291 dicit:
2567 2254 2585 2287 ι
2622 2235 2756 2290 Cum
2778 2236 2925 2290 enim
2951 2236 3155 2292 vellent
3188 2236 3295 2293 tale
3320 2237 3520 2308 aliquid
3550 2239 3651 2297 fin-

2062 2342 2191 2398 gere
2223 2325 2498 2382 Christum
2527 2326 2813 2396 scripsisse
2842 2325 2910 2381 ad
2936 2326 3230 2397 discipulos
3259 2342 3408 2395 suos,
3441 2330 3647 2400 cogita—

2061 2424 2258 2471 verunt
2277 2417 2344 2471 ad
2370 2430 2509 2486 quos
2549 2417 2891 2486 potissimum
2927 2417 3166 2472 scribere
3206 2419 3447 2488 potuisse
3490 2419 3650 2476 facile

2060 2505 2389 2572 crederetur,
2428 2515 2687 2576 tanquam
2715 2506 2783 2560 ad
2826 2506 2947 2562 illos
2990 2507 3083 2576 qui
3110 2507 3163 2562 ei
3199 2507 3520 2563 familiarius
3547 2511 3646 2565 ad-

2060 2598 2363 2662 hresissent,
2413 2596 2609 2666 quibus
2633 2595 2764 2651 illud
2803 2598 2958 2666 quasi
2995 2606 3267 2655 secretum
3302 2601 3465 2669 digne
3497 2618 3648 2658 com-

2059 2691 2384 2747 mitteretur.
2426 2690 2493 2744 Et
2517 2690 2759 2745 occurrit
2782 2690 2863 2745 eis
2891 2689 3087 2746 Petrus
3117 2700 3172 2747 et
3202 2692 3419 2749 Paulus.
3468 2695 3646 2754 Credo

2057 2783 2201 2853 quod
2222 2780 2467 2852 pluribus
2508 2780 2644 2835 locis
2679 2780 2839 2836 simul
2867 2795 2962 2835 eos
3007 2798 3131 2837 cum
3172 2783 3263 2839 illo
3294 2787 3468 2854 pictos
3498 2788 3649 2845 vide-

2056 2878 2201 2937 rent,
2236 2871 2373 2940 quia.
2398 2869 2594 2925 merita
2620 2867 2767 2923 Petri
2801 2877 2859 2924 et
2880 2868 3035 2925 Pauli
3063 2872 3228 2926 etiam
3254 2884 3475 2944 propter
3496 2891 3649 2935 eum-

2056 2961 2180 3017 dem
2204 2959 2479 3030 passionis
2502 2959 2648 3014 diem
2672 2958 2937 3014 celebrius
2963 2959 3284 3016 solemniter
3304 2962 3477 3018 Roma
3501 2980 3649 3022 com-

2055 3051 2309 3105 mendat:
2339 3057 2394 3104 et
2430 3050 2510 3104 sic
2544 3049 2767 3103 omnino
2801 3062 2987 3104 errare
3017 3059 3337 3107 meruerunt
3373 3056 3465 3123 qui
3487 3054 3647 3112 Chri-

373 3172 539 3230 quam
574 3111 815 3211 ,necdum
849 3156 963 3225 ipse
1010 3152 1375 3224 cognoverat?
1418 3151 1485 3205 Et
1514 3165 1581 3206 ne
1616 3151 1669 3205 id
1695 3167 1957 3221 prmsum-
1981 3111 2026 3173 δ
2058 3152 2203 3196 stum
2227 3152 2284 3197 et
2306 3140 2583 3211 apostolos
2609 3140 2729 3210 ejus
2753 3155 2861 3196 non
2890 3140 2946 3195 in
2967 3141 3173 3197 sanctis
3218 3143 3517 3212 codicibus,
3545 3147 3644 3205 sed

376 3248 524 3317 ptive
572 3255 819 3301 astruere
874 3245 1176 3307 videamur,
1214 3243 1358 3298 beati
1394 3241 1663 3296 Ambrosii
1703 3241 1955 3297 Mediola-

377 3338 559 3392 nensis
586 3335 843 3408 episcopi,
886 3335 989 3390 viri
1037 3335 1284 3390 doctrina
1335 3342 1389 3389 et
1436 3333 1722 3388 sanctitate
1764 3334 1956 3404 praeci-

373 3433 497 3504 pui,
551 3431 931 3486 auctoritatem
981 3430 1269 3485 inserimus
1315 3445 1327 3482 :
1378 3429 1468 3499 qui
1528 3428 1583 3483 in
1630 3428 1955 3485 rcvelatione

376 3537 495 3590 qua:
543 3521 592 3575 ei
631 3528 942 3576 sanctorum
990 3527 1287 3592 martyrum
1330 3517 1575 3573 Gervasii
1621 3525 1676 3573 et
1722 3519 1953 3573 Protasii

376 3610 476 3665 fuit
508 3618 745 3675 ostensa,
787 3610 953 3665 refert
990 3615 1205 3665 beatum
1236 3608 1462 3663 Paulum
1509 3608 1830 3677 apostolum,
1861 3610 1953 3680 qui

377 3703 482 3756 illis
520 3702 728 3757 duobus
764 3701 1069 3757 tacentibus
1105 3699 1447 3770 loquebatur,
1477 3714 1545 3755 ex
1580 3700 1954 3757 recordatione

374 3793 600 3860 picturae
633 3792 800 3862 ipsius
834 3791 1147 3863 agnovisse;
1190 3804 1289 3844 nec
1331 3796 1508 3845 tamen
1548 3806 1778 3860 usquam
1819 3792 1956 3846 scri-

374 3882 471 3943 bit,
515 3896 623 3936 non
660 3881 835 3936 dicam
871 3883 1138 3952 picturam
1182 3880 1357 3946 illius,
1401 3881 1494 3935 sed
1537 3898 1605 3935 ne
1632 3890 1952 3951 praesentem

373 3973 593 4041 quidem
636 3972 960 4043 apostolum,
994 3987 1059 4026 ac
1092 3987 1275 4027 secum
1322 3971 1652 4040 loquentem,
1684 3972 1953 4027 ullatenus

372 4065 646 4119 adorasse.
697 4064 727 4104 ι’
752 4063 1046 4130 Quemdam
1093 4078 1306 4134 quoque
1348 4062 1722 4133 presbyterum
1763 4064 1952 4119 beatus

370 4151 627 4206 Paulinus
670 4167 766 4222 per
810 4153 1092 4222 epistolam
1128 4153 1330 4206 acriter
1380 4150 1645 4220 increpat,
1696 4153 1950 4222 quoniam

370 4252 694 4317 poposcerat
740 4252 803 4299 ut
847 4245 895 4299 ei
959 4259 1112 4299 suam
1165 4251 1220 4299 et
1271 4243 1457 4298 uxoris
1509 4258 1620 4298 sua:
1681 4244 1948 4312 picturam

371 4335 783 4403 transmitteret,
811 4344 871 4391 ut
908 4337 1027 4403 hos,
1059 4351 1196 4406 quos
1238 4337 1494 4391 absentes
1537 4337 1784 4401 amabat,
1815 4351 1950 4405 prae-

2058 3234 2114 3288 in
2164 3233 2328 3304 pictis
2383 3232 2681 3302 parietibus
2731 3233 3118 3302 quaesiverunt.
3163 3254 3182 3288 »
3242 3235 3369 3291 Haec
3421 3246 3646 3296 sanctus

2054 3327 2406 3399 Augustinus.
2455 3326 2533 3382 Ex
2561 3326 2758 3397 quibus
2793 3326 3081 3383 manifeste
3116 3329 3405 3400 colligitur,
3437 3333 3564 3402 quia
3594 3335 3644 3390 si

2055 3428 2365 3489 serpentem
2407 3434 2614 3475 aeneum
2657 3435 2817 3490 quem
2849 3419 2993 3476 Deus
3038 3421 3156 3477 ﬁeri
3185 3425 3464 3494 praecepit,
3507 3441 3644 3496 quo-

2055 3513 2200 3568 niam
2226 3528 2420 3568 errans
2459 3513 2688 3584 populus
2727 3521 2986 3585 tanquam
3011 3514 3216 3571 idolum
3243 3517 3425 3574 colere
3451 3522 3640 3591 cmpit,

2052 3603 2316 3659 Ezechias
2362 3603 2647 3674 religiosus
2689 3619 2787 3659 rex
2830 3621 2952 3661 cum
2990 3622 3186 3678 magna
3231 3608 3448 3678 pietatis
3478 3611 3639 3669 laude

2053 3695 2342 3762 contrivit;
2412 3696 2583 3750 multo
2640 3696 2947 3766 religiosius
2989 3706 3304 3753 sanctorum
3373 3700 3640 3772 imagines

2053 3783 2209 3857 (ipsis
2231 3800 2447 3855 quoque
2474 3787 2679 3841 sanctis
2700 3786 3023 3851 faventibus,
3050 3789 3142 3856 qui
3170 3789 3239 3843 ob
3270 3790 3353 3844 sui
3378 3791 3638 3848 honorem

2053 3890 2178 3929 cum
2207 3875 2405 3929 divina:
2433 3876 2708 3946 religionis
2732 3884 3041 3944 contemptu
3062 3917 3077 3942 ,
3125 3893 3219 3932 eas
3246 3879 3462 3935 adorari
3489 3897 3640 3940 more

2052 3965 2317 4020 idolorum
2349 3966 2818 4035 indignantissime
2853 3967 3057 4040 ferunt)
3094 3972 3243 4025 omni
3274 3987 3472 4043 genere
3507 3990 3630 4033 con-

2052 4056 2292 4111 terendae
2352 4063 2410 4111 et
2473 4072 2646 4127 usque
2696 4059 2765 4113 ad
2811 4058 3086 4128 pulverem
3135 4070 3262 4121 sunt
3306 4065 3634 4135 eradenda;

2050 4147 2355 4216 praesertim
2383 4164 2507 4203 cum
2537 4164 2644 4204 non
2673 4149 2794 4204 illas
2827 4149 2944 4205 fieri
2974 4150 3117 4207 Deus
3135 4150 3381 4221 jusserit,
3413 4156 3508 4212 sed
3535 4158 3635 4213 ιω-

2050 4253 2243 4299 manus
2270 4255 2462 4295 sensus
2489 4242 2897 4312 excogitaverit.

2118 4329 2306 4387 XXIV.
2348 4331 2502 4398 Quod
2531 4341 2713 4386 autem
2748 4332 2890 4390 Deus
2923 4335 3122 4389 castius
3169 4336 3375 4406 absque
3415 4338 3640 4396 simula~

287 4408 296 4415 ’
370 4434 549 4481 sentes
598 4441 665 4481 eo
710 4427 872 4482 modo
918 4443 1130 4498 semper
1173 4427 1414 4482 haberet.
1467 4438 1489 4465 ε
1517 4426 2021 4518 ForojuliensemD
2048 4421 2159 4478 eris
2200 4431 2531 4488 veneretur,
2583 4426 2737 4479 testis
2778 4433 2864 4480 est
2905 4426 3071 4480 etiam
3120 4426 3350 4494 Quintus
3396 4430 3635 4488 Lucilius

367 4517 530 4571 etiam
582 4518 892 4589 episcopum
941 4519 1129 4573 beatus
1173 4533 1309 4588 papa
1356 4515 1649 4588 Gregorius
1696 4517 1941 4589 arguisse
1967 4514 2008 4518 “
2047 4515 2245 4571 Balbus
2282 4515 2498 4586 gentilis
2531 4514 2920 4585 philosophus;
2971 4518 3110 4573 sicut
3153 4517 3413 4587 praefatus
3444 4522 3632 4579 doctor

1739 4626 2013 4686 BALUZII
2049 4626 2280 4684 NOTIE.

437 4734 461 4762 ο
487 4720 557 4774 In
580 4719 749 4776 Gestis
766 4720 901 4774 beati
927 4718 1203 4790 Sylvesktri.
1222 4716 1374 4790 Hunc
1391 4731 1603 4790 quoque
1623 4716 1799 4790 locum
1827 4716 1943 4790 lan—

367 4793 457 4845 dat
484 4790 713 4847 Carolus
744 4787 1048 4860 Magnus'in
1079 4787 1374 4860 Capitulari
1405 4788 1469 4841 de
1492 4800 1600 4860 non
1649 4787 1942 4860 adorandis

364 4860 792 4931 imaginibuslib.
820 4855 881 4923 ιῖ,
898 4876 1018 4929 cap.
1044 4855 1393 4931 latitemque
1416 4857 1654 4931 sinodus
1667 4855 1939 4931 Parisien-

359 4933 439 4986 sis
470 4926 655 4986 habita
687 4946 831 4985 anno
865 4926 994 4994 824—,
1019 4939 1075 4984 et
1101 4927 1431 4983 Walafridus
1450 4926 1653 4982 Strabo
1674 4926 1729 4980 in
1759 4927 1938 4994 capite

359 5010 553 5056 octavo
594 5002 718 5056 libri
749 5001 817 5056 de
863 5003 1025 5056 rebus
1054 5002 1120 5053 ad
1176 4998 1473 5054 Ecclesiam
1517 4995 1932 5066 pertinentibus.

360 5071 563 5143 Verum
587 5068 814 5126 Carolus
844 5068 1493 5143 Magnuscensetjibrum
1520 5064 1674 5120 illum
1699 5064 1930 5143 Actuum

358 5140 503 5195 beati
542 5140 808 5203 Silvestri,
836 5134 958 5197 ubiv
975 5142 1040 5195 de
1067 5138 1391 5209 imaginibus
1438 5135 1794 5209 Constantino
1829 5134 1933 5209 im-

358 5212 597 5280 peratori
631 5212 825 5267 delatis
871 5212 1148 5274 scribitur,
1176 5204 1376 5263 nullius
1419 5222 1541 5280 esse
1573 5204 1931 5280 auctoritatis,

357 5274 422 5335 eo
445 5283 588 5351 quod
613 5284 756 5337 inter
777 5282 1074 5337 catholicos
1099 5280 1265 5335 libros
1294 5277 1594 5333 recensitus
1636 5291 1742 5330 non
1770 5274 1841 5329 sit
1878 5275 1933 5330 in

359 5351 622 5406 Decretali
652 5352 874 5407 Gelasii.
1164 5376 1165 5381 η

431 5422 461 5493 b
484 5423 776 5487 Quemdam
803 5421 1174 5493 presbyterum.
1210 5417 1497 5489 Sulpitium
1532 5416 1792 5493 Severum
1816 5414 1932 5468 Pri-

355 5485 744 5568 muliticensem
769 5485 1140 5568 presbiterum
1170 5529 1195 5568 ,_
1216 5498 1276 5542 ut
1299 5485 1449 5568 patet
1473 5501 1540 5541 ex
1574 5485 1802 5568 epistola
1834 5500 1929 5568 oc-

357 5568 478 5616 tava
500 5562 712 5617 Paulini
748 5558 813 5616 ad
841 5558 1135 5623 Severum,
1182 5560 1234 5613 in
1263 5573 1368 5628 qua
1400 5558 1478 5611 sic
1523 5558 1783 5628 scriptum
1813 5562 1922 5609 est:

362 5649 381 5682 ‹
420 5630 556 5697 Quid
594 5632 738 5686 enim
771 5632 865 5687 tibi
902 5632 967 5685 de
1008 5629 1093 5683 illa
1126 5628 1381 5698 petitione
1415 5628 1924 5698 respondeaintqua

362 5694 619 5774 imagines
663 5710 875 5757 nostras
898 5700 1043 5772 pingi
1077 5694 1172 5755 tibi
1217 5697 1464 5766 mittique
1485 5694 1693 5767 jussisti
1718 5696 1740 5748 ?
1761 5694 1920 5749 Obsc-

2044 4732 2138 4791 cro
2162 4718 2341 4791 itaque
2373 4726 2424 4791 te
2452 4733 2559 4791 per
2574 4720 2780 4791 viscera
2812 4720 3116 4785 charitatis,
3145 4736 3265 4791 quae
3285 4723 3485 4777 amoris
3512 4726 3627 4781 veri

2042 4789 2232 4862 solatia
2279 4790 2345 4862 de
2396 4790 2648 4862 inanibus
2698 4789 2887 4845 formis
2937 4789 3179 4862 petis?i
3237 4793 3437 4849 Verum
3484 4794 3626 4850 istud

2041 4860 2176 4915 nihil
2202 4859 2335 4934 facit
2381 4860 2642 4934 adversus
2670 4859 2989 4934 βάρι-διοιδρε
3016 4863 3335 4934 imaginum.
3364 4863 3497 4918 Nam
3524 4863 3624 4919 Se-

2041 4944 2202 4984 verus
2251 4930 2516 5000 imagines
2554 4931 2763 5004 Paulini
2802 4940 2857 4986 et
2913 4930 3185 4988 Therasiae
3234 4934 3622 5004 postulaverat,

2039 5008 2444 5072 nontanquam
2504 5001 2862 5066 adoraturus,
2921 5003 3016 5058 sed
3083 5013 3143 5058 ut
3191 5001 3326 5072 quos
3376 5005 3626 5059 absentes

2038 5070 2275 5142 amabat,
2299 5079 2595 5142 praesentes
2625 5086 2689 5125 eo
2713 5074 2872 5127 modo
2893 5087 3108 5142 semper
3133 5070 3352 5128 haberet
3381 5079 3438 5124 ut
3458 5072 3622 5128 etiam

2036 5141 2279 5211 agnoscit
2316 5139 2649 5211 Agobardus.
2710 5142 2893 5209 Neque
2941 5139 3071 5197 vero
3118 5149 3250 5211 puto
3294 5157 3623 5211 quemquam

2036 5209 2415 5280 velleﬂculparc
2440 5209 2585 5265 hunc
2625 5211 2899 5266 affectum.

2111 5294 2133 5319 ο
2159 5278 2582 5352 ΕονρῙιιῖὶεηςεηι
2614 5284 2929 5352 episcopum.
2961 5282 3097 5352 Puto
3119 5284 3380 5352 memoria
3407 5281 3618 5352 lapsum

2037 5349 2400 5423 Agobardum,
2466 5349 2671 5423 proque
2718 5349 2923 5423 Sereno
2973 5349 3291 5423 Massiliensi
3341 5349 3618 5423 episcopo,

2036 5419 2199 5489 quem
2239 5421 2402 5475 variis
2432 5419 2674 5491 epistolis
2708 5419 3015 5491 objurgavit
3048 5419 3345 5490 Gregorius
3373 5419 3445 5487 ob
3466 5419 3613 5479 fracv

2038 5488 2121 5545 tas
2145 5490 2423 5560 imagines,
2450 5488 3201 5561 lf'orojuliensemiepiscopum
3224 5493 3449 5549 dixisse.
3478 5492 3614 5549 Vide

2038 5563 2094 5614 S.
2123 5558 2437 5635 Gregorium
2462 5559 2552 5635 liii.
2589 5575 2681 5635 vn,
2709 5558 3248 5635 iniiictiohe2,'epist.
3279 5565 3401 5627 109.
3439 5574 3493 5620 et
3514 5564 3613 5621 lib.

2037 5646 2111 5694 lx,
2138 5628 2319 5684 indtct.
2348 5629 2399 5692 5,
2424 5630 2580 5698 epist.
2620 5628 2671 5681 9.
