3962 6180
401 301 503 358 ειο

1324 297 1385 353 S.
1423 293 1774 353 AGOBARDI
1810 288 2120 348 EPISCOPI
2159 288 2644 346 LUGDUNENSIS

3558 291 3665 347 2ὶο

403 416 461 473 in
487 422 681 487 quarto
715 413 782 469 de
808 411 1039 469 Civitate
1062 410 1157 465 Dei
1184 410 1323 465 libro
1348 408 1500 479 (Cap.
1528 407 1619 480 '50)
1645 422 1769 463 eum
1796 404 1979 473 dispu-
2006 401 2057 460 Α
2082 415 2208 454 vera
2260 400 2542 472 Religione
2567 442 2581 467 ,
2633 401 2702 455 ad
2740 400 3144 472 percipiendam
3203 403 3492 461 veritatem
3530 405 3669 462 nihil

405 517 615 565 tantem
655 505 850 562 inserit
887 503 973 558 his
1011 502 1196 558 verbis
1227 520 1240 555 :
1281 519 1300 553 ι
1334 502 1615 557 Videtisne
1659 499 1824 571 igitur
1865 507 1987 554 uta

403 598 646 672 physicis
676 596 836 650 rebus
863 594 1001 648 bene
1043 601 1208 663 atque
1251 592 1454 648 utiliter
1488 593 1720 648 inventis
1748 590 1889 645 ratio
1916 589 1988 645 sit

406 698 579 746 tracta
617 688 684 742 ad
712 686 1110 742 commcntitios
1146 693 1201 740 et
1228 684 1384 742 ﬁctos
1413 686 1588 740 deos?
1622 684 1752 752 Qum
1781 700 1869 739 res
1897 698 1989 754 ge-

406 780 526 835 nuit
554 777 719 831 falsas
747 775 1049 846 opiniones,
1073 789 1396 845 erroresque
1427 776 1792 839 turbulentos,
1815 782 1872 829 et
1897 789 1989 829 su-

403 868 755 939 perstitiones
789 882 928 937 pene
964 868 1153 920 aniles.
1184 866 1253 920 Et
1276 865 1465 921 formae
1492 866 1638 922 enim
1665 865 1822 920 nobis
1861 865 1989 918 deo-

405 975 550 1024 rum,
595 966 650 1013 et
698 967 846 1021 aetas,
897 966 954 1013 et
989 957 1251 1023 vestitus,
1295 964 1629 1027 ornatusque
1663 956 1779 1011 noti
1819 962 1984 1022 sunt;

404 1065 604 1123 genera
628 1058 908 1121 praeterea,
960 1049 1231 1119 conjugia,
1278 1048 1649 1118 cognationes,
1697 1046 1988 1115 omniaque

406 1143 652 1197 traducta
699 1141 766 1195 ad
820 1139 1230 1194 similitudinem
1282 1138 1667 1194 imbecillitatis
1714 1139 1983 1193 humana}.

405 1233 542 1289 Nam
575 1242 632 1288 et
674 1232 1005 1302 perturbatis
1037 1231 1235 1286 animis
1266 1230 1622 1287 inducuntur.
1664 1229 1988 1300 Aceepimus

405 1324 571 1379 etiam
594 1322 817 1378 deorum
862 1321 1207 1391 cupiditates,
1238 1322 1608 1392 aegritudines,
1655 1320 1985 1376 iracundias.

407 1414 518 1470 Nec
537 1428 688 1480 vero,
730 1422 792 1469 ut
815 1413 1011 1469 fabula:
1038 1412 1239 1478 ferunt,
1270 1413 1345 1468 dii
1375 1413 1532 1469 bellis
1566 1413 1873 1483 prazliisque
1897 1428 1991 1468 ca-

408 1514 650 1561 ruerunt.
696 1504 809 1561 Nee
842 1504 1036 1569 solum,
1078 1512 1141 1560 ut
1168 1504 1311 1573 apud
1336 1504 1649 1569 Homerum,
1690 1518 1818 1558 cum
1854 1504 1991 1560 duos

405 1596 681 1652 exercitus
726 1596 1030 1651 contrarios
1059 1595 1151 1649 alii
1188 1594 1264 1650 dii
1310 1610 1378 1649 ex
1409 1595 1514 1649 alia
1558 1603 1712 1664 parte
1737 1594 1994 1651 defende-

410 1696 548 1752 rent,
592 1687 688 1742 sed
711 1687 875 1741 etiam
901 1694 961 1741 ut
987 1701 1110 1741 cum
1141 1685 1351 1742 Titanis
1379 1693 1474 1740 aut
1507 1701 1632 1741 cum
1670 1685 1991 1756 Gigantibus

407 1792 502 1831 sua
529 1777 748 1847 propria
773 1776 914 1832 bella
944 1785 1248 1847 gesserunt.
1276 1776 1403 1833 Haec
1439 1786 1495 1832 et
1521 1778 1775 1832 dicuntur
1797 1786 1853 1833 et
1876 1793 1991 1834 cre-

406 1868 607 1924 duntur
639 1868 979 1935 stultissime,
1014 1876 1070 1923 et
1094 1868 1253 1938 plena
1279 1877 1407 1925 sunt
1429 1870 1706 1936 vanitatis,
1739 1885 1990 1926 summaa-

405 1975 512 2028 que
553 1958 810 2014 levitatis.
859 1961 998 2015 Ecce
1024 1960 1242 2015 interim
1267 1976 1389 2029 quas
1426 1962 1751 2016 conﬁtentur
1776 1962 1868 2031 qui
1895 1962 1990 2018 de-

407 2049 633 2104 fendunt
677 2049 810 2105 deos
856 2050 1116 2122 gentium.
1164 2050 1369 2106 Deinde
1392 2066 1517 2105 cum
1545 2052 1662 2107 haec
1703 2052 1771 2107 ad
1801 2068 1989 2122 super-

406 2140 681 2196 stitionem
705 2141 983 2211 pertinere
1006 2141 1155 2197 dicat
1171 2182 1186 2206 ,
1234 2141 1303 2195 ad
1332 2141 1647 2211 religionem
1671 2157 1800 2198 vero
1825 2159 1990 2212 quam

406 2229 522 2299 ipse
542 2229 837 2286 secundum
865 2229 1080 2286 Stoicos
1105 2230 1318 2286 videtur
1339 2230 1540 2286 dicere.
1570 2230 1687 2286 Non
1709 2232 1852 2286 enim
1874 2232 1992 2303 phi-

406 2318 615 2389 losophi
661 2319 858 2386 solum,
905 2321 1099 2390 inquit,
1135 2335 1323 2375 verum
1352 2320 1518 2375 etiam
1549 2321 1782 2392 majores
1814 2322 1987 2377 nostri

404 2411 842 2481 superstitionem
882 2426 915 2465 a
960 2411 1218 2481 religione
1268 2421 1677 2481 separaverunt.
1733 2412 1869 2467 Nam
1898 2412 1988 2483 qui

405 2509 547 2556 totos
570 2501 688 2556 dies
712 2501 1088 2572 precabantur,
1118 2502 1311 2572 inquit,
1341 2509 1400 2557 et
1419 2502 1789 2568 immolabant,
1820 2512 1881 2558 ut
1905 2504 1990 2558 sui

402 2592 505 2647 sibi
544 2591 700 2648 liberi
738 2594 1061 2662 superstites
1089 2601 1302 2658 essent,
1340 2595 1701 2663 superstitiosi
1737 2603 1865 2650 sunt
1892 2611 1990 2666 ap-

404 2684 609 2753 pellati.
661 2684 793 2751 Quis
822 2700 931 2739 non
961 2685 1227 2755 intelligat
1267 2700 1393 2739 eum
1431 2686 1650 2750 conari,
1699 2686 1827 2742 dum
1861 2703 1992 2742 con-

403 2781 743 2835 suetudinem
766 2780 1005 2835 civitatis
1035 2780 1212 2845 timet,
1244 2780 1556 2852 religionem
1585 2780 1805 2836 laudare
1826 2781 1993 2850 majo-

403 2887 524 2926 rum
547 2911 562 2936 ,
612 2887 841 2939 eamque
881 2886 913 2925 a
949 2870 1334 2940 superstitione
1370 2870 1652 2943 sejungere
1682 2873 1818 2928 velle
1843 2914 1857 2939 ,
1895 2874 1992 2929 sed

403 2964 677 3034 quomodo
703 2964 754 3018 id
785 2964 959 3034 possit
984 2978 1092 3018 non
1116 2963 1400 3019 invenire?
1443 2964 1501 3018 Si
1531 2963 1676 3018 enim
1705 2980 1735 3017 a
1767 2962 1988 3032 majori-

402 3057 505 3112 bus
541 3056 616 3111 illi
661 3058 788 3111 sunt
830 3056 1083 3126 appellati
1122 3055 1521 3126 superstitiosi,
1570 3055 1661 3125 qui
1698 3063 1838 3112 totos
1876 3056 1993 3111 dies

403 3149 767 3217 precabantur
800 3156 855 3203 et
887 3147 1260 3213 immolabant,
1309 3146 1552 3217 nunquid
1599 3154 1654 3202 et
1680 3145 1756 3201 illi
1785 3148 1877 3216 qui
1910 3148 1992 3203 in-

403 3242 698 3294 stituerunt
725 3241 868 3309 quod
893 3240 997 3294 iste
1034 3239 1401 3310 reprehendit,
1442 3240 1670 3295 deorum
1700 3240 1993 3297 simulacra

403 3331 618 3385 diversa
663 3338 823 3384 :etate
868 3337 923 3384 et
966 3338 1117 3385 veste
1158 3330 1448 3395 distincta,
1498 3331 1723 3386 deorum
1771 3348 1993 3403 genera,

403 3420 690 3492 coniugia,
741 3422 1133 3492 cognationes?
1179 3421 1307 3476 llaec
1343 3423 1529 3491 utique
1580 3438 1704 3478 cum
1738 3432 1994 3493 tanquam

403 3516 776 3584 superstitiosa
821 3515 1127 3586 culpantur,
1164 3516 1406 3585 implicat
1448 3516 1551 3571 ista
1582 3517 1739 3587 culpa
1762 3517 1995 3587 majores

404 3605 596 3660 talium
644 3604 1063 3661 simulacrorum
1118 3607 1457 3662 institutores
1485 3617 1649 3678 atque
1684 3609 1938 3665 cultores.
1968 3630 1987 3664 ι

403 3695 473 3750 Et
492 3704 612 3766 post
638 3711 807 3765 pauca
837 3696 991 3767 (Cap.
1022 3696 1112 3768 δι)
1140 3715 1152 3751 :
1191 3716 1211 3753 ς
1240 3697 1384 3752 Dicit
1411 3698 1597 3765 etiam,
1629 3700 1825 3770 inquit,
1850 3701 1993 3756 idem

403 3798 596 3845 auctor
619 3790 967 3845 acutissimus
992 3797 1154 3860 atque
1181 3790 1547 3855 doctissimus,
1578 3792 1720 3861 quod
1752 3792 1791 3846 ii
1822 3792 1919 3847 soli
1943 3793 1993 3848 ei

401 3886 688 3941 videantur
723 3885 1171 3939 animadvertisse
1214 3885 1341 3954 quid
1368 3894 1515 3939 esset
1554 3884 1718 3949 Deus,
1754 3887 1846 3955 qui
1875 3902 1994 3942 cre-

402 3978 654 4032 diderunt
680 3992 802 4031 eum
828 3992 950 4032 esse
971 3976 1206 4030 animam
1235 3985 1382 4030 motu
1409 3991 1473 4030 ac
1500 3976 1709 4032 ratione
1733 3977 1990 4032 mundum

402 4067 793 4137 gubernantem
819 4082 835 4132 ;
863 4082 928 4120 ac
956 4081 1053 4133 per
1080 4066 1186 4120 hoc
1213 4066 1317 4121 etsi
1342 4067 1579 4121 nondum
1610 4066 1832 4121 tenebat
1849 4067 1992 4137 quod

399 4156 605 4211 veritas
650 4154 814 4208 habet
865 4154 1030 4225 (Deus
1074 4155 1218 4208 enim
1256 4170 1450 4217 verus,
1501 4172 1612 4209 non
1641 4155 1842 4220 anima,
1896 4157 1993 4211 sed

401 4245 597 4301 anima:
623 4257 837 4313 quoque
869 4251 953 4297 est
997 4242 1240 4308 eﬁ‘ector,
1289 4252 1346 4298 et
1386 4243 1680 4315 conditor),
1714 4253 1895 4301 tamen
1943 4246 1990 4301 si

400 4342 592 4389 contra
634 4330 943 4402 praejudicia
978 4333 1384 4388 consuetudinis
1432 4332 1568 4388 liber
1614 4349 1735 4389 esse
1781 4343 1988 4404 posset,

396 4438 568 4481 unum
610 4421 781 4477 Deum
827 4421 1116 4477 colendum
1160 4419 1453 4484 fateretur,
1502 4431 1667 4492 atque
1708 4423 1986 4489 suaderet,
2012 4431 2065 4491 D

400 4524 549 4570 motu
574 4531 640 4571 ac
665 4514 876 4569 ratione
907 4514 1167 4568 mundum
1196 4514 1613 4584 gubernantem,
1658 4523 1719 4570 ut
1763 4530 1827 4570 ea
1867 4530 1992 4571 cum

400 4608 489 4665 illo
508 4608 575 4663 de
602 4609 708 4663 hac
734 4622 793 4662 re
818 4606 1044 4677 qumstio
1073 4617 1405 4673 remaneret,
1446 4607 1591 4676 quod
1627 4623 1753 4662 eum
1786 4607 1995 4664 diceret

397 4711 518 4752 esse
545 4698 804 4762 animam,
837 4711 940 4750 non
974 4696 1154 4766 potius
1180 4705 1237 4752 et
1270 4697 1464 4752 anima:
1489 4704 1814 4753 creatorem.
1849 4696 1992 4752 Dicit

396 4790 561 4844 etiam
589 4789 841 4857 antiquos
871 4786 1144 4841 Romanos
1191 4787 1313 4856 plus
1359 4802 1520 4855 quam
1565 4803 1737 4842 annos
1764 4794 1987 4843 centum

396 4887 453 4933 et
493 4877 836 4949 septuaginta
867 4877 997 4931 deos
1045 4876 1165 4931 sine
1199 4876 1490 4931 simulacro
1526 4876 1779 4932 coluisse.
1835 4877 1990 4945 Quod

396 4971 444 5027 si
471 4970 646 5026 adhuc
671 4967 1045 5033 remansisset,
1071 4967 1276 5022 castius
1314 4968 1385 5023 dii
1414 4966 1855 5025 observarentur.
1884 4968 1990 5025 Cn-

389 5057 482 5132 jus
532 5059 819 5115 sententia:
867 5072 980 5112 sua:
1024 5065 1218 5112 testem
1266 5057 1550 5114 adhiberet
1601 5058 1744 5113 inter
1787 5069 1986 5114 ett-tera

395 5150 559 5204 etiam
588 5157 806 5222 gentem
831 5147 1091 5203 Indicam.
1145 5145 1255 5202 Nec
1280 5148 1491 5203 dubitat
1536 5165 1661 5203 eum
1705 5148 1882 5204 locum
1910 5150 1987 5204 ita

397 5243 741 5310 concludere,
787 5252 848 5297 ut
893 5242 1039 5298 dicat
1080 5241 1171 5311 qui
1216 5242 1378 5313 primi
1424 5242 1715 5298 simulacra
1762 5242 1985 5297 deorum

397 5334 609 5404 populis
637 5341 957 5404 posuerunt,
1006 5350 1100 5389 eos
1128 5333 1441 5390 civitatibus
1480 5333 1594 5389 suis
1624 5342 1825 5387 metum
1856 5333 1985 5387 ade»

400 5426 583 5490 inisse,
619 5435 676 5481 et
702 5440 943 5481 errorem
986 5426 1295 5491 addidisse;
1333 5425 1627 5495 prudenter
1662 5423 1984 5479 existimans

397 5517 527 5571 deos
574 5514 730 5572 facile
758 5531 916 5585 posse
958 5516 1012 5570 in
1061 5518 1472 5572 simulacrorum
1515 5515 1809 5570 stoliditate
1853 5530 1985 5570 con-

398 5606 587 5663 temni.
615 5626 635 5659 ι

472 5696 632 5753 XXV.
667 5696 802 5752 Dicit
832 5696 993 5751 etiam
1024 5698 1210 5752 hcaius
1247 5697 1577 5768 Augustinus
1616 5695 1664 5749 in
1697 5695 1874 5750 libello
1915 5697 1978 5749 dc

2086 490 2258 558 magis
2284 490 2564 560 impedire,
2596 507 2757 560 quam
2779 492 2944 547 vitam
2969 493 3177 549 libidini
3202 494 3462 562 deditam,
3499 504 3555 551 et
3576 498 3672 553 fal-

2087 594 2176 634 sas
2216 579 2629 651 imaginationes
2663 596 2842 636 rerum
2872 583 3226 650 sensibilium,
3272 602 3392 656 qua:
3420 589 3574 644 nobis
3602 591 3673 647 ab

2087 667 2191 722 hoc
2221 668 2461 723 sensibili
2488 670 2688 724 mundo
2712 685 2808 740 per
2832 688 3027 743 corpus
3053 673 3331 743 impressa:
3358 679 3539 733 varias
3561 681 3674 753 opi-

2088 758 2278 813 niones
2305 773 2626 831 erroresque
2664 772 2962 833 generant;
3007 780 3107 819 nec
3136 779 3377 822 errorem
3407 770 3576 825 ullum
3616 773 3671 828 in

2088 848 2345 919 religione
2387 866 2505 905 esse
2534 852 2806 921 potuisse,
2856 853 2899 907 si
2931 854 3107 908 anima
3135 871 3234 925 pro
3271 855 3384 912 Deo
3423 875 3522 915 suo
3564 877 3675 917 non

2087 936 2291 992 coleret
2332 940 2586 1004 animam,
2624 951 2716 995 aut
2750 956 2968 1012 corpus,
3012 954 3106 997 aut
3144 946 3524 1014 phantasmata
3550 967 3671 1019 sua,

2087 1041 2207 1095 qua:
2242 1027 2378 1081 nihil
2415 1037 2541 1083 sunt
2574 1029 2739 1097 aliud,
2784 1048 2945 1101 quam
2986 1034 3051 1088 de
3077 1036 3256 1102 specie
3284 1040 3529 1108 corporis
3558 1056 3675 1096 cor-

2086 1133 2252 1188 poreo
2296 1135 2457 1176 sensu
2501 1129 2731 1177 attracta
2776 1123 3053 1194 ﬁgmenta.
3097 1125 3213 1181 Non
3252 1144 3381 1199 ergo
3410 1139 3675 1187 creatura:

2086 1209 2267 1277 potius
2309 1225 2470 1279 quam
2503 1214 2738 1267 creatori
2776 1216 3106 1284 serviamus,
3144 1233 3248 1274 nec
3285 1235 3673 1281 evanescamus

2090 1298 2145 1352 in
2189 1300 2603 1369 cogitationibus
2643 1306 2866 1362 nostris.
2920 1307 3044 1364 Haec
3070 1308 3310 1378 perfecta
3348 1312 3537 1385 religio
3566 1325 3670 1372 est.

2088 1387 2178 1445 Ait
2205 1391 2370 1445 etiam
2392 1391 2543 1464 (Cap.
2571 1394 2683 1464 25).
2738 1415 2756 1447 ‹
2787 1397 2918 1453 Cum
2949 1401 3093 1456 enim
3134 1400 3377 1461 Ecclesia
3404 1408 3673 1466 catholica

2088 1498 2188 1553 per
2217 1492 2387 1539 totum
2416 1486 2604 1542 orbem
2633 1488 2821 1546 diﬁ‘usa
2862 1501 3025 1564 atque
3053 1494 3271 1551 fundata
3302 1499 3394 1565 sit,
3443 1515 3545 1556 nec
3571 1504 3674 1558 mi-

2092 1575 2270 1631 racula
2303 1577 2389 1631 illa
2421 1579 2475 1634 in
2521 1589 2702 1635 nostra
2735 1591 2977 1653 tempora
3009 1585 3202 1643 durare
3227 1591 3493 1657 permissa
3520 1605 3668 1660 sunt,

2093 1681 2161 1721 ne
2190 1668 2367 1723 anima
2400 1686 2615 1742 semper
2638 1674 2869 1730 visibilia
2900 1687 3191 1746 quaereret,
3238 1690 3294 1736 et
3323 1698 3509 1739 eorum
3536 1703 3667 1741 con-

2092 1761 2373 1815 suetudine
2401 1761 2716 1834 frigesccrct
2753 1783 2921 1839 genus
2947 1768 3271 1837 humanum,
3312 1792 3541 1845 quorum
3580 1798 3672 1836 no-

2089 1849 2255 1904 vitate
2280 1848 2544 1922 ﬁagravit.
2583 1873 2600 1905 ι
2635 1855 2767 1910 ltem
2806 1857 2878 1911 ibi
2922 1857 3074 1930 (Cap.
3105 1862 3198 1927 55,
3226 1863 3352 1937 54);
3390 1884 3409 1917 ‹
3442 1866 3671 1926 Animus

2089 1955 2344 2009 perverse
2383 1941 2595 2011 judicat
2639 1947 2725 2001 cui
2777 1948 2843 2002 ad
2894 1953 3362 2024 contemplandum
3403 1974 3669 2015 summam

2089 2031 2544 2101 pulchritudinem
2571 2053 2726 2093 mens
2753 2056 2860 2095 non
2889 2043 3077 2100 oculus
3105 2044 3282 2102 factus
3307 2056 3410 2104 est.
3441 2049 3534 2106 Ille
3560 2052 3676 2108 vult

2090 2130 2326 2176 mentem
2373 2136 2689 2182 convertere
2737 2129 2808 2185 ad
2855 2146 3103 2203 corpora,
3151 2136 3337 2193 oculos
3370 2140 3438 2195 ad
3478 2140 3670 2196 Deum.

2091 2211 2293 2279 Qnrerit
2318 2216 2462 2270 enim
2504 2217 2805 2289 intelligere
2835 2223 3072 2278 carnalia
3092 2266 3107 2289 ,
3153 2235 3208 2283 et
3236 2228 3421 2285 videre
3448 2231 3669 2299 spirita-

2090 2303 2201 2358 lia:
2252 2306 2395 2376 quod
2442 2306 2559 2362 ﬁeri
2605 2325 2712 2365 non
2750 2321 2946 2379 potest.
2999 2313 3175 2382 Quare
3210 2317 3313 2372 ista
3346 2322 3675 2390 perversitas

2090 2398 2407 2469 corrigenda
2450 2409 2569 2465 est,
2618 2405 2742 2473 quia
2790 2405 2895 2460 nisi
2937 2404 3127 2463 fecerit
3166 2411 3307 2480 quod
3347 2428 3561 2468 sursum
3594 2425 3676 2470 est

2092 2489 2365 2559 deorsum,
2398 2502 2454 2548 et
2480 2496 2623 2565 quod
2652 2497 2905 2553 deorsum
2932 2509 3017 2556 est
3042 2518 3279 2570 sursum,
3321 2522 3485 2578 regno
3510 2509 3677 2566 caelo-

2091 2596 2210 2634 rum
2242 2593 2399 2652 aptus
2429 2600 2533 2639 non
2564 2587 2689 2641 erit.
2736 2587 2852 2643 Non
2879 2602 3011 2664 ergo
3034 2609 3243 2649 summa
3270 2612 3575 2666 quaeramus
3621 2602 3674 2656 in

2091 2669 2311 2736 infimis,
2368 2690 2469 2729 nec
2512 2675 2644 2746 ipsis
2688 2678 2889 2736 inﬁmis
2934 2682 3313 2740 inlitereamus.
3363 2686 3679 2747 Judicemus

2091 2776 2175 2827 ea,
2209 2778 2276 2817 nc
2303 2779 2425 2819 cum
2454 2765 2586 2836 ipsis
2615 2767 2963 2838 judicemur;
3014 2774 3068 2828 id
3106 2784 3209 2842 est,
3244 2785 3450 2834 tantum
3477 2782 3559 2836 eis
3585 2782 3680 2837 tri-

2089 2852 2335 2919 buamus,
2369 2866 2628 2925 quantum
2653 2863 2860 2930 species
2898 2873 3136 2920 meretur
3163 2875 3405 2924 extrema
3429 2888 3443 2936 ;
3470 2888 3536 2929 ne
3555 2888 3677 2930 cum

2090 2942 2144 2997 in
2191 2945 2501 3001 novissimis
2536 2950 2711 3018 prima
2749 2953 3063 3021 qumrimus,
3112 2972 3142 3011 a
3186 2960 3380 3026 primis
3410 2962 3552 3018 inter
3582 2978 3680 3020 no-

2095 3034 2315 3125 vissima
2343 3053 2709 3095 numeremur.
2747 3062 2765 3095 ι
2814 3043 2946 3098 item
2991 3046 3106 3117 ipse
3136 3048 3286 3121 (Cap.
3324 3052 3414 3125 55)
3445 3072 3457 3108 :
3508 3073 3526 3105 ‹
3564 3053 3678 3113 Non

2097 3123 2169 3178 sit
2205 3126 2359 3181 nobis
2384 3128 2594 3199 religio,
2621 3130 2797 3188 cultus
2825 3133 3104 3192 hominum
3141 3123 3475 3199 mortuorum
3504 3162 3517 3199 :
3553 3147 3680 3217 quia

2094 3213 2140 3267 si
2172 3215 2257 3284 pie
2298 3215 2565 3285 vixerunt,
2600 3235 2708 3275 non
2738 3222 2817 3277 sic
2859 3224 3129 3282 habentur
3171 3238 3226 3283 ut
3270 3232 3405 3287 tales
3435 3213 3683 3304 quaerant

2094 3305 2327 3361 honores
2352 3325 2366 3374 ;
2412 3310 2507 3364 sed
2542 3311 2694 3367 illum
2730 3330 2761 3368 a
2789 3316 2945 3371 nobis
2972 3319 3075 3374 coli
3103 3321 3317 3387 volunt,
3350 3342 3457 3396 quo
3485 3328 3682 3384 illumi-

2096 3405 2260 3453 nante
2285 3398 2535 3459 laetantur
2560 3403 2738 3475 meriti
2774 3406 2855 3459 sui
2886 3423 2984 3462 nos
3013 3425 3133 3465 esse
3170 3424 3467 3470 consortes.
3501 3417 3682 3474 llono—

2094 3489 2249 3543 randi
2294 3507 2423 3562 ergo
2453 3503 2580 3548 sunt
2604 3504 2823 3565 propter
2849 3498 3238 3570 imitationem,
3286 3522 3394 3561 non
3421 3509 3681 3567 adorandi

2092 3593 2314 3652 propter
2346 3584 2682 3656 religionem.
2734 3588 2850 3645 Non
2878 3592 2950 3646 sit
2986 3596 3140 3650 nobis
3192 3598 3382 3669 religio
3425 3602 3682 3660 humano-

2093 3691 2214 3729 rum
2237 3692 2459 3746 operum
2482 3680 2678 3760 cultus.
2710 3674 2960 3741 lllcliores
2981 3690 3126 3743 enim
3149 3703 3274 3747 sunt
3296 3693 3400 3763 ipsi
3420 3697 3682 3767 artiﬁces,

2094 3768 2186 3836 qui
2226 3767 2350 3822 talia
2380 3768 2736 3839 fabricantur,
2784 3791 2920 3845 quos
2957 3784 3138 3835 tamen
3183 3781 3361 3839 colere
3392 3800 3499 3840 non
3523 3786 3684 3845 debe-

2094 3875 2233 3914 mus.
2277 3858 2392 3916 Non
2419 3862 2490 3917 sit
2516 3865 2669 3919 nobis
2711 3866 2899 3939 religio
2924 3869 2979 3923 in
3020 3872 3415 3941 phantasmatis
3456 3880 3683 3936 nostris.

2095 3950 2284 4007 Melius
2322 3961 2406 4009 est
2439 3955 2583 4009 enim
2622 3958 2995 4032 qualecunque
3037 3980 3221 4020 verum
3249 4007 3263 4031 ,
3311 3984 3476 4037 quam
3519 3986 3690 4029 omne

2092 4044 2352 4117 quidquid
2378 4063 2478 4118 pro
2504 4050 2732 4107 arbitrio
2753 4051 2880 4124 ﬁngi
2911 4063 3105 4125 potest.
3140 4057 3209 4112 Et
3234 4066 3412 4113 tamen
3440 4061 3689 4119 animam

2091 4135 2286 4213 ipsam,
2329 4140 2577 4206 quamvis
2604 4144 2787 4198 anima
2815 4161 2942 4199 vera
2969 4148 3062 4213 sit,
3104 4165 3227 4204 cum
3258 4148 3391 4206 falsa
3421 4153 3692 4225 imagina-

2094 4234 2203 4293 tur,
2252 4228 2431 4285 colerc
2472 4248 2579 4287 non
2623 4233 2902 4292 debemus.
2944 4238 3133 4296 Melior
3174 4251 3259 4297 est
3304 4259 3431 4300 vera
3459 4246 3686 4316 stipula,

2092 4332 2256 4386 quam
2282 4316 2373 4373 lux
2400 4320 2547 4375 inani
2573 4323 2899 4395 cogitatione
2920 4344 3019 4398 pro
3054 4332 3380 4401 suspicantis
3406 4336 3689 4394 voluntate

2090 4405 2343 4466 formata.
2382 4411 2451 4467 Et
2484 4421 2664 4470 tamen
2696 4417 2947 4488 stipulam
2976 4438 3137 4491 quam
3178 4428 3441 4484 sentimus
3479 4439 3534 4485 et
3567 4440 3689 4488 tan-

2093 4496 2289 4566 gimus,
2326 4501 2593 4560 dementis
2640 4516 2724 4561 est
2769 4510 2992 4567 credere
3034 4514 3337 4572 colendam.
3375 4538 3394 4571 ι
3442 4521 3590 4577 Idem
3627 4526 3687 4584 in

2090 4589 2319 4683 epistola
2346 4594 2413 4647 ad
2442 4593 2794 4653 Consentium
2828 4599 2962 4656 dicit
3004 4604 3199 4674 (Epist.
3230 4607 3358 4678 85):
3412 4628 3432 4660 ε
3466 4611 3687 4683 Cogita-

2091 4678 2252 4735 tionis
2280 4683 2517 4739 carnalis
2557 4688 3004 4757 compositionem
3027 4708 3331 4767 vanumque
3360 4678 3686 4770 ﬁgmentum

2092 4769 2183 4825 ubi
2221 4775 2499 4829 veneratio
2524 4774 2852 4835 labefactare
2880 4781 3093 4852 incipit,
3132 4788 3389 4843 continuo
3409 4769 3508 4845 illo
3534 4791 3687 4848 intus

2091 4858 2380 4928 adjuvante
2421 4874 2583 4934 atque
2632 4867 2971 4927 illuminante
2998 4873 3092 4942 qui
3122 4890 3247 4929 cum
3284 4876 3482 4933 talibus
3520 4878 3684 4937 idolis

2090 4949 2143 5003 in
2174 4952 2339 5008 corde
2364 4963 2551 5010 nostro
2578 4957 2827 5015 habitare
2856 4977 2964 5017 non
2992 4963 3105 5018 vult
3123 5005 3138 5030 ,
3191 4965 3265 5019 ita
3307 4967 3409 5022 ista
3438 4968 3683 5024 confrin-

2088 5057 2216 5114 gere
2243 5051 2403 5113 atque
2427 5062 2458 5100 a
2485 5044 2589 5101 ﬁde
2622 5058 2808 5104 nostra
2833 5052 3230 5123 quodammodo
3254 5066 3505 5113 excutere
3530 5056 3687 5116 festi-

2088 5149 2301 5199 nemus,
2338 5144 2399 5190 ut
2424 5152 2493 5193 ne
2516 5137 2793 5206 pulverem
2830 5142 3049 5212 quidem
3075 5144 3243 5200 ullum
3282 5146 3471 5205 talium
3497 5148 3679 5217 phan-

2087 5233 2377 5282 tasmatum
2404 5229 2514 5283 illic
2536 5244 2820 5288 remanere
2849 5236 3139 5304 patiamur.
3172 5256 3191 5290 ι

2157 5316 2341 5373 XXVI.
2373 5319 2525 5387 Quod
2566 5338 2709 5377 vera:
2746 5326 3065 5382 temeritatis
3108 5328 3369 5385 oﬁ‘ensam
3407 5331 3679 5399 incurrat,
3704 5326 3739 5353 ‘

2085 5410 2178 5479 qui
2207 5410 2411 5481 aliquid
2454 5412 2695 5468 divinum
2738 5415 2793 5469 in
2825 5418 3117 5489 sacrilegos
3144 5419 3279 5475 ritus
3309 5429 3567 5491 usurpat,
3599 5430 3683 5476 te-

2085 5512 2258 5559 statur
2286 5504 2426 5559 idem
2453 5505 2644 5561 doctor
2674 5506 2729 5561 in
2757 5510 2985 5578 epistola
3015 5511 3083 5566 ad
3119 5511 3460 5580 Januarium,
3488 5515 3564 5567 ita
3594 5514 3683 5568 di-

2084 5608 2213 5648 enns
2242 5594 2436 5664 (Epist.
2482 5595 2603 5661 lli),
2650 5612 2770 5668 cap.
2800 5599 2935 5669 20):
2992 5618 3011 5651 ‹
3048 5600 3149 5668 Qui
3190 5601 3257 5657 de
3282 5602 3493 5675 paginis
3513 5618 3686 5659 evan-

2085 5687 2273 5759 gi'licis
2311 5694 2484 5741 sortes
2512 5686 2711 5758 legunt,
2758 5690 2858 5745 etsi
2897 5690 3191 5761 optandum
3220 5701 3391 5748 estut
3423 5693 3537 5750 lucc
3578 5707 3680 5764 pu-
