3962 6180
294 329 400 388 221

1311 324 1513 383 LIBER
1554 329 1645 384 DE
1682 327 2084 388 lllAClNlBUS
2120 330 2559 394 SANCTORUM.

3483 335 3593 391 ξεττ.

297 450 411 506 tius
448 443 671 507 faciant,
718 456 886 513 quam
921 439 989 495 al
1024 438 1290 495 dmtuonia
1318 439 1643 495 consulendo
1670 454 1897 494 concur-
1925 442 2151 513 Atuum
2194 440 2348 510 signa
2384 441 2694 509 manifesta,
2742 452 2799 499 ct
2826 458 2998 501 annos
3024 443 3104 500 sol
3132 443 3498 514 concluderet,
3536 456 3594 505 et

298 547 460 600 rant.
509 545 695 590 tamen
736 533 906 587 etiam
934 530 1036 586 ista
1079 530 1215 585 mihi
1249 530 1499 601 displicet
1542 529 1894 593 consuetudo,

301 629 371 684 ad
420 625 635 697 negotia
680 620 967 678 Siccularia
1016 627 1072 675 et
1112 618 1181 674 ad
1226 619 1351 674 vita:
1394 620 1556 689 hujus
1601 620 1896 673 vanitatem

299 728 523 793 propter
551 717 720 771 aliam
765 715 933 768 vitam
965 712 1242 784 loquentia
1287 711 1505 767 oracula
1552 712 1733 766 divina
1757 711 1897 767 velle

300 817 645 868 convertere.
685 826 704 859 ι
767 803 862 859 Sic
898 801 1178 858 consimile
1221 801 1351 871 quid
1394 801 1584 856 beatus
1630 800 1898 871 Hierony-

299 916 422 956 mus
451 897 713 967 loquitur,
745 909 873 949 cum
895 890 1061 947 verba
1095 890 1306 945 Domini
1347 891 1436 945 illa
1466 899 1746 957 tractaret,
1775 906 1897 961 quae

300 991 380 1045 ita
425 1005 483 1043 se
511 987 754 1042 habent:
807 1002 826 1034 ι
866 982 1103 1037 Dilatant
1130 980 1275 1035 enim
1305 979 1640 1050 phylacteria
1680 994 1801 1045 sua,
1841 987 1897 1035 et

297 1061 659 1151 uiagniticant
688 1074 954 1129 ﬁmbrias.
1001 1071 1308 1136 Pittaciola,
1360 1071 1554 1141 inquit,
1602 1070 1693 1125 illa
1737 1071 1895 1127 deca-

297 1171 409 1241 logi
434 1166 772 1240 pbylacteria
802 1164 1110 1219 vocabant:
1161 1160 1303 1232 quod
1331 1162 1640 1231 quicunque
1672 1161 1897 1217 habuis-

297 1271 388 1318 set
426 1276 513 1325 ea,
558 1258 713 1327 quasi
744 1256 815 1312 ob
841 1252 1144 1310 custodiam
1173 1263 1228 1307 et
1268 1254 1663 1308 munimentum
1689 1253 1772 1308 sui
1798 1253 1896 1308 ha-

294 1352 495 1415 beret;
539 1364 651 1403 non
698 1343 1126 1415 intelligentibus
1172 1342 1461 1399 Pharisaeis
1491 1344 1635 1413 quod
1679 1343 1794 1398 haec
1835 1343 1892 1397 in

295 1442 465 1497 corde
491 1437 752 1510 portanda
781 1436 911 1499 sint,
939 1450 1049 1491 non
1079 1434 1133 1489 in
1162 1449 1391 1504 corpore
1417 1448 1432 1488 :
1461 1433 1699 1504 alioquin
1731 1442 1787 1491 et
1813 1449 1896 1489 ar-

292 1532 479 1588 maria
508 1537 566 1585 et
588 1542 723 1583 arca:
749 1527 952 1582 habent
976 1525 1164 1591 libros,
1195 1532 1248 1579 et
1273 1523 1371 1579 Dei
1396 1524 1645 1579 notitiam
1668 1540 1777 1580 non
1804 1525 1896 1579 ha-

290 1621 452 1677 bent.
487 1616 605 1672 Hoc
629 1614 768 1685 apud
797 1629 898 1670 nos
915 1613 1306 1685 superstitiosa:
1336 1612 1669 1669 muliercula:
1692 1615 1746 1669 in
1772 1629 1895 1684 par-

289 1710 438 1766 vulis
461 1707 781 1780 evangeliis,
827 1706 881 1759 in
907 1704 1085 1761 erucis
1115 1703 1289 1776 ligno,
1318 1712 1375 1760 et
1400 1705 1456 1759 in
1486 1704 1789 1760 istiusmodi
1815 1720 1896 1760 re-

2001 544 2217 585 menses
2244 530 2370 585 luna
2396 541 2700 587 renovaret.
2739 533 2943 601 Quarto
2973 550 3228 606 namque,
3257 545 3319 591 ut
3339 536 3589 609 legimus,

1999 621 2086 676 die
2112 622 2249 677 dixit
2278 622 2457 678 Deus:
2494 622 2655 677 Fiant
2682 623 2968 680 luminaria
3011 626 3067 681 in
3096 627 3427 696 firmamento
3452 628 3587 696 calt,

1997 720 2047 764 et
2074 709 2281 765 luceant
2312 730 2469 784 super
2494 722 2712 779 terram,
2745 724 2793 769 et
2821 715 3058 770 dividant
3084 726 3223 771 mter
3248 717 3390 771 diem
3414 727 3464 773 et
3487 736 3588 774 no-

1998 809 2147 867 ctem,
2197 810 2244 855 et
2272 803 2376 856 sint
2408 802 2463 855 in
2488 803 2640 873 signa
2669 812 2715 857 et
2743 813 2998 874 tempora,
3027 815 3074 859 et
3104 805 3159 860 in
3184 806 3294 861 dies
3320 816 3371 862 et
3400 808 3456 862 in
3483 825 3585 862 an-

1998 907 2108 956 nos,
2136 902 2183 946 et
2212 894 2314 947 sint
2349 894 2405 947 in
2438 894 2770 963 ﬁrmamento
2811 896 2945 962 caeli,
2976 905 3024 951 et
3066 896 3273 953 luceant
3306 916 3465 970 super
3490 909 3590 955 ter-

1996 996 2131 1035 ram.
2170 982 2581 1055 Expergiseere,
2612 1002 2645 1040 ο
2666 987 2849 1052 homo,
2879 995 2936 1043 et
2955 986 3272 1058 dignitatem
3301 997 3406 1045 tute
3428 1006 3591 1062 agno-

1996 1084 2087 1125 sce
2112 1080 2337 1127 naturae.
2390 1074 2698 1130 Recordare
2730 1086 2781 1131 te
2808 1076 3008 1132 factum
3037 1080 3105 1134 ad
3130 1079 3421 1150 imaginem
3448 1081 3545 1137 Dei
3582 1100 3586 1104 ·

1994 1176 2115 1231 quae
2141 1162 2241 1216 etsi
2274 1162 2327 1215 in
2356 1162 2525 1218 Adam
2551 1174 2825 1236 corrupta,
2855 1166 2910 1221 in
2938 1166 3156 1224 Christo
3189 1176 3368 1225 tamen
3397 1180 3482 1226 est
3508 1187 3583 1228 re-

1992 1251 2249 1308 formata.
2311 1254 2472 1310 Utere
2518 1258 2786 1325 quomodo
2838 1260 3095 1314 utendum
3146 1269 3231 1316 est
3284 1262 3586 1320 visibilibus

1994 1342 2262 1398 creaturis
2282 1383 2296 1407 ,
2328 1344 2466 1398 sicut
2491 1346 2666 1400 uteris
2693 1355 2862 1412 terra,
2888 1348 3048 1413 mari,
3086 1348 3245 1414 cmlo,
3286 1364 3437 1415 aere,
3468 1351 3585 1407 fon-

1994 1428 2159 1495 tibus,
2191 1436 2359 1500 atque
2379 1428 2692 1488 ﬂuminibus
2713 1449 2729 1492 :
2756 1441 2811 1487 et
2827 1434 3086 1506 quidquid
3112 1436 3167 1489 in
3195 1437 3275 1492 eis
3297 1437 3588 1508 pulchrum

1993 1529 2154 1591 atque
2181 1521 2430 1577 mirabile
2455 1530 2563 1590 est,
2605 1521 2749 1578 refer
2773 1525 2843 1580 ad
2871 1524 3084 1581 laudem
3116 1534 3172 1582 et
3198 1525 3425 1599 gloriam
3458 1542 3588 1584 con-

1994 1616 2206 1672 ditoris.
2254 1614 2373 1673 Noli
2396 1631 2517 1673 esse
2545 1618 2758 1674 deditus
2789 1619 2840 1673 ei
2869 1618 3083 1686 lumini,
3122 1636 3231 1691 quo
3256 1620 3507 1677 volucres
3532 1629 3589 1677 et

1993 1715 2295 1778 serpentes,
2346 1723 2454 1779 quo
2494 1708 2684 1764 bestia:
2709 1717 2765 1764 et
2789 1696 3040 1780 pecudes,
3084 1726 3191 1782 quo
3216 1727 3417 1767 musca:
3442 1710 3588 1767 dele-

290 1801 399 1855 bus
444 1799 565 1869 (qui
609 1798 813 1853 habent
857 1795 1076 1866 quidem
1108 1794 1282 1849 zelum
1314 1795 1434 1861 Dei,
1483 1796 1577 1851 sed
1605 1811 1712 1852 non
1736 1795 1890 1867 juxta
1921 1803 1967 1862 B
1995 1805 2231 1863 ctantur,
2283 1806 2339 1853 et
2364 1813 2598 1854 vermes.
2643 1800 2842 1855 Lucem
2886 1817 3206 1872 corpoream
3233 1818 3398 1860 sensu
3429 1813 3590 1876 tange

291 1888 605 1959 scientiam)
635 1900 807 1957 usque
841 1886 1002 1941 hodie
1033 1883 1303 1942 factitant.
1339 1905 1358 1938 ι

371 1979 581 2035 XXVII.
640 1996 658 2029 t
691 1977 769 2032 De
819 1976 1020 2031 talibus
1051 1976 1316 2031 institutis
1363 1974 1445 2048 (ut
1480 1975 1626 2031 beati
1678 1992 1893 2048 quoque

292 2072 498 2128 Leonis
526 2085 679 2142 papa:
699 2069 867 2124 verba
894 2083 1157 2139 ponamus
1187 2059 1384 2132 [Serm.
1410 2069 1441 2123 7
1459 2068 1510 2122 in
1536 2068 1658 2124 Nat.
1684 2070 1889 2143 Dom.])

287 2165 459 2220 etiam
506 2162 596 2216 illa
643 2168 937 2232 generatur
982 2158 1266 2228 impietas,
1321 2167 1381 2214 ut
1421 2159 1502 2215 sol
1548 2160 1892 2217 inchoatione

285 2254 652 2317 diurnaalucis
673 2266 996 2320 exsurgens,
1022 2267 1052 2305 a
1075 2251 1396 2322 quibusdam
1424 2252 1892 2322 insipientioribus

286 2346 356 2401 de
409 2344 550 2400 locis
599 2341 1053 2398 eminentioribus
1101 2342 1397 2398 adoretur:
1456 2344 1599 2412 quod
1647 2346 1889 2403 nonnulli

286 2443 457 2497 etiam
490 2437 787 2496 Christiani
833 2436 969 2491 adeo
992 2451 1052 2492 sc
1090 2436 1341 2506 religiose
1369 2436 1551 2493 facere
1593 2446 1804 2508 putant,
1832 2448 1892 2494 ut

285 2533 613 2603 priusquam
659 2528 727 2583 ad
755 2527 905 2583 beati
953 2526 1101 2582 Petri
1142 2525 1365 2598 apostoli
1400 2529 1680 2584 basilicam
1707 2571 1723 2597 ,
1768 2547 1892 2602 quae

287 2624 385 2678 uni
414 2623 534 2678 Deo
559 2634 691 2676 vero
713 2628 770 2676 et
791 2620 917 2674 vivo
948 2618 1193 2674 dedicata
1220 2624 1329 2686 est,
1351 2620 1696 2689 perveniant,
1736 2637 1893 2694 supe-

286 2714 423 2769 ratis
451 2711 744 2783 gradibus,
774 2708 975 2780 quibus
1011 2708 1079 2763 ad
1105 2719 1420 2781 suggestum
1456 2726 1564 2767 ara:
1591 2712 1888 2782 superioris

285 2804 635 2869 ascenditur,
664 2814 929 2857 converso
951 2815 1180 2877 corpore
1205 2801 1274 2855 ad
1298 2811 1613 2858 nascentem
1638 2818 1697 2858 se
1717 2803 1886 2859 solem

285 2895 615 2958 reﬂectant,
670 2901 725 2949 et
767 2894 1009 2948 curvatis
1056 2891 1361 2946 cervicibus
1406 2892 1461 2947 in
1512 2892 1773 2948 honorem
1826 2900 1894 2950 se‘

283 2987 563 3059 splendidi
591 2985 737 3041 orbis
768 2983 1065 3039 inclinent:
1101 2982 1244 3051 quod
1267 2980 1385 3037 ﬁeri
1410 2983 1609 3054 partim
1638 2983 1890 3055 ignoran-

284 3080 373 3133 tiae
403 3076 565 3140 vitio,
611 3075 806 3145 partim
841 3069 1172 3144 paganitatis
1216 3071 1434 3141 spiritu,
1470 3070 1696 3126 multum
1738 3072 1889 3128 tabe-

1995 1903 2292 1958 eorporeo;
2330 1897 2385 1945 et
2413 1897 2524 1945 toto
2561 1892 2760 1947 mentis
2785 1891 2979 1948 alleetu
3022 1893 3153 1949 illud
3190 1909 3379 1950 verum
3404 1895 3586 1951 lumen

1994 1977 2319 2047 amplectere
2344 1979 2490 2049 quod
2515 1979 2782 2035 illuminat
2811 1997 3028 2037 omnem
3061 1984 3332 2039 hominem
3370 1986 3586 2040 venien-

1993 2076 2101 2123 tem
2150 2069 2203 2123 in
2234 2069 2378 2124 hunc
2420 2072 2703 2137 mundum,
2750 2081 2807 2127 et
2846 2073 2914 2129 de
2955 2088 3063 2144 quo
3089 2075 3219 2130 dicit
3264 2075 3583 2146 Propheta:

1992 2161 2235 2216 Accedite
2261 2162 2332 2215 ad
2354 2179 2494 2229 eum,
2524 2174 2573 2217 et
2598 2163 2994 2229 illuminamini,
3022 2176 3069 2220 et
3107 2166 3276 2222 vultus
3300 2170 3457 2223 vestri
3482 2187 3586 2224 non

1991 2251 2311 2307 erubescent.
2359 2252 2417 2308 Si
2448 2253 2597 2309 enim
2640 2254 2899 2326 templum
2929 2255 3024 2313 Dei
3055 2273 3279 2323 sumus,
3329 2266 3386 2313 et
3428 2260 3588 2331 spiri-

1991 2349 2079 2397 tus
2105 2342 2201 2397 Dei
2243 2343 2453 2399 habitat
2476 2345 2529 2399 in
2557 2346 2712 2402 nobis
2737 2363 2751 2413 ;
2801 2347 2923 2417 plus
2949 2356 3034 2403 est
3074 2351 3216 2419 quod
3244 2350 3419 2406 fidelis
3440 2351 3587 2421 quis-

1991 2445 2096 2501 que
2143 2434 2199 2487 in
2250 2448 2349 2488 suo
2394 2435 2557 2490 habet
2604 2436 2809 2503 animo,
2861 2453 3020 2507 quam
3064 2439 3205 2508 quod
3254 2440 3486 2495 miratur
3530 2441 3585 2496 in

1990 2523 2147 2579 cmlo.
2179 2522 2298 2579 Non
2322 2524 2506 2595 itaque
2535 2526 2711 2593 vobis,
2749 2528 3109 2596 dilectissimi,
3138 2532 3242 2586 hoc
3276 2540 3370 2586 aut
3394 2531 3586 2588 indici-

1990 2629 2132 2680 mus,
2177 2623 2270 2670 aut
2311 2616 2629 2681 suademus,
2674 2626 2737 2672 ut
2763 2618 3078 2690 deSpiciatis
3129 2635 3293 2691 opera
3322 2620 3440 2685 Dei,
3489 2631 3585 2677 aut

1989 2706 2321 2762 contrarium
2362 2708 2566 2779 aliquid
2594 2708 2719 2765 lldei
2747 2718 2943 2767 vestra:
2967 2711 3021 2767 in
3054 2712 3139 2768 bis
3167 2728 3287 2783 qua:
3318 2715 3461 2771 Deus
3488 2718 3582 2772 bo-

1987 2812 2091 2852 nus
2115 2798 2255 2853 bona
2280 2799 2520 2854 condidit
2544 2800 2824 2856 :rstimetis
2848 2818 2862 2867 ;
2911 2803 3006 2858 sed
3041 2811 3101 2858 ut
3127 2804 3276 2859 omni
3302 2814 3581 2861 creatura-

1988 2904 2109 2943 rum
2136 2889 2317 2959 specie
2343 2898 2398 2945 et
2434 2890 2688 2946 universo
2717 2893 2902 2948 mundi
2934 2893 3092 2965 hujus
3116 2904 3313 2951 ornatu
3340 2897 3573 2952 rationa-

1985 2978 2171 3036 biliter
2200 2990 2254 3035 et
2281 2987 2647 3052 temperanter
2676 2984 2923 3039 utamini.
2978 2985 3110 3052 Qua:
3145 2990 3281 3043 enim
3311 2989 3574 3054 videntur,

1987 3075 2128 3130 sicut
2155 3075 2232 3129 ait
2255 3074 2565 3146 Apostolus,
2596 3077 2907 3148 temporalia
2935 3090 3056 3134 sunt
3080 3097 3098 3145 ;
3129 3097 3244 3153 qua:
3267 3091 3443 3136 autent
3471 3099 3576 3137 non

284 3171 492 3225 scimus
520 3175 576 3223 et
617 3166 883 3221 dolemus.
930 3162 1067 3230 Quia
1110 3162 1214 3219 etsi
1243 3163 1465 3232 quidam
1508 3164 1648 3218 forte
1672 3171 1885 3219 creato-
1910 3150 1954 3212 C
1987 3165 2242 3231 ridentur,
2289 3176 2485 3221 aeterna
2510 3177 2653 3221 sunt.
2709 3167 2863 3223 Unde
2892 3169 3018 3239 quia
3049 3171 3117 3225 ad
3140 3150 3447 3240 praesentia
3485 3188 3575 3227 su-

284 3277 400 3318 rem
442 3260 631 3337 potius
674 3258 889 3330 pulchri
935 3256 1192 3322 luminis,
1242 3269 1405 3325 quam
1453 3255 1630 3325 ipsum
1676 3254 1881 3333 lumen,

285 3356 429 3424 quod
459 3365 548 3409 est
586 3362 857 3419 creatura,
882 3357 1253 3415 venerantur;
1303 3348 1679 3404 abstinendum
1703 3357 1884 3403 tamen

287 3455 368 3500 est
390 3447 462 3501 ab
492 3447 611 3514 ipsa
641 3443 819 3515 specie
850 3441 1013 3510 hujus
1037 3439 1232 3504 ollicii;
1263 3454 1424 3509 quam
1451 3453 1576 3492 cum
1602 3438 1656 3493 in
1685 3437 1886 3493 nostris

286 3538 500 3593 invenit
510 3536 603 3606 qui
619 3535 843 3592 deorum
868 3535 1070 3588 cultum
1096 3532 1334 3607 reliquit,
1350 3545 1528 3586 nonne
1545 3531 1683 3585 hanc
1703 3545 1883 3584 secum

284 3639 499 3701 partem
521 3628 796 3699 opinionis
817 3633 1041 3681 vetustae
1068 3633 1322 3695 tanquam
1349 3623 1686 3694 probabilem
1712 3631 1888 3677 reten-

285 3723 445 3787 tabit,
470 3736 636 3791 quam
653 3719 979 3776 Christianis
1008 3727 1062 3773 et
1078 3718 1259 3788 impiis
1282 3717 1475 3795 viderit
1499 3732 1621 3772 esse
1643 3732 1885 3772 comnm-

286 3812 453 3867 nem?
481 3811 785 3882 Abjiciatur
823 3824 953 3881 ergo
983 3824 1012 3863 a
1041 3807 1431 3864 consuetudine
1460 3806 1701 3864 fidelium
1735 3808 1885 3864 dam-

284 3906 465 3960 nanda
487 3904 843 3974 perversitas,
868 3918 972 3958 nec
994 3902 1167 3958 honor
1186 3902 1277 3956 uni
1302 3901 1413 3957 Deo
1436 3901 1665 3965 debitus,
1698 3917 1885 3961 eorum

284 3997 505 4062 ritibus,
537 3995 910 4065 quicreaturis
935 3995 1200 4060 serviunt,
1224 3994 1542 4048 misceatur.
1575 3991 1718 4047 Dicit
1740 3991 1885 4047 enim

285 4086 576 4157 Scriptura
612 4084 796 4140 divina
844 4102 858 4139 :
915 4083 1199 4138 Dominum
1247 4082 1417 4137 Deum
1452 4089 1601 4134 tuum
1639 4078 1886 4135 adorabis

280 4185 327 4227 ιι
357 4173 440 4227 illi
466 4173 570 4227 soli
608 4173 820 4227 servies.
857 4172 925 4226 Et
943 4171 1128 4227 beatus
1152 4171 1274 4237 Job,
1303 4171 1467 4226 homo
1492 4168 1609 4225 sine
1638 4167 1882 4239 querela,

280 4275 337 4319 ut
361 4266 439 4319 ait
470 4264 757 4329 Dominus,
806 4273 863 4319 et
886 4264 1170 4320 continens
1214 4278 1274 4320 se
1318 4262 1390 4318 ab
1416 4261 1567 4319 omni
1614 4276 1673 4316 re
1701 4261 1881 4316 mala:

280 4354 548 4427 Nunquid
575 4355 705 4421 ridi,
746 4356 942 4426 inquit,
975 4353 1152 4418 solem,
1189 4369 1306 4408 cum
1345 4354 1590 4429 fulgeret,
1629 4361 1677 4406 et
1703 4350 1883 4405 lunam

277 4448 611 4502 incedentem
651 4446 794 4500 clare
817 4486 832 4511 ,
884 4454 932 4499 et
969 4443 1207 4499 lactatum
1246 4454 1320 4498 est
1358 4459 1413 4498 tn
1455 4442 1759 4499 abscondito
1793 4458 1886 4498 cor

1984 3271 2105 3310 mus
2127 3256 2255 3320 nati,
2285 3258 2354 3312 ad
2378 3255 2561 3312 futura
2585 3266 2765 3312 autem
2794 3259 2967 3313 renati
2993 3277 3006 3325 ;
3058 3275 3165 3315 non
3189 3261 3575 3331 temporalibus

1984 3345 2140 3401 bonis
2164 3346 2349 3412 dediti,
2377 3348 2471 3403 sed
2515 3350 2735 3404 aeternis
2780 3349 2949 3405 simus
2978 3351 3192 3406 intenti.
3243 3352 3313 3407 Et
3336 3359 3396 3407 ut
3421 3368 3571 3423 spem

1984 3446 2224 3493 nostram
2270 3440 2541 3510 possimus
2582 3442 2805 3512 prepius
2847 3443 3087 3509 intueri,
3136 3444 3191 3500 in
3235 3445 3352 3514 ipso
3390 3460 3575 3501 sacra-

1983 3537 2169 3583 mento
2190 3531 2385 3585 natalis
2412 3532 2624 3587 Domini
2654 3534 2955 3605 cogitemus
2977 3536 3106 3604 quid
3138 3546 3347 3591 natura:
3375 3548 3574 3594 nostra:

1984 3619 2155 3690 gratia
2176 3620 2354 3675 divina
2381 3622 2690 3677 contulerit.
2729 3624 3027 3680 Audiamus
3052 3625 3368 3696 Apostolum
3394 3627 3573 3684 dicen—

1986 3722 2095 3768 tem
2122 3732 2133 3767 :
2168 3712 2368 3767 Morlui
2391 3716 2529 3768 enim
2558 3716 2700 3775 estis,
2731 3726 2779 3770 et
2819 3717 2921 3770 rita
2952 3727 3122 3771 vestra
3152 3717 3457 3772 abscondita
3498 3730 3572 3774 cst

1984 3823 2102 3861 cum
2132 3804 2338 3862 Christo
2379 3809 2435 3862 in
2469 3807 2600 3862 Deo.
2650 3806 2782 3862 Cum
2820 3807 3061 3863 Christus
3089 3810 3332 3879 apparuit
3360 3810 3466 3863 vita
3489 3828 3571 3866 re—

1983 3906 2117 3962 stra,
2145 3906 2272 3950 tunc
2298 3906 2344 3949 et
2366 3913 2452 3950 ros
2475 3896 2795 3967 apparebitis
2822 3913 2941 3951 cum
2970 3899 3082 3968 ipso
3109 3900 3163 3951 in
3194 3897 3386 3968 gloria.
3419 3920 3438 3951 ι

2057 3984 2291 4040 XXVIII.
2312 3984 2369 4038 ln
2391 3986 2588 4054 quibus
2612 3986 2756 4040 beati
2777 4002 2931 4057 papae
2949 3995 3005 4042 et
3023 3988 3313 4044 orthodoxi
3333 3988 3571 4045 doctoris

1986 4077 2165 4133 verbis
2216 4092 2558 4149 summopere
2609 4080 2945 4150 pensandum
2992 4089 3096 4149 est,
3139 4081 3265 4153 quia
3311 4082 3357 4138 si
3403 4098 3567 4153 opera

1986 4183 2242 4225 manuum
2268 4168 2366 4225 Dei
2405 4183 2510 4225 non
2536 4178 2664 4226 sunt
2696 4170 2970 4227 adoranda
3001 4181 3058 4227 et
3087 4172 3331 4240 colenda,
3373 4189 3476 4231 nec
3508 4174 3567 4231 in

1985 4260 2246 4317 honorem
2281 4262 2422 4327 Deo;
2451 4270 2654 4331 quanto
2688 4264 2864 4335 magis
2902 4278 3068 4335 opera
3097 4280 3358 4321 manuum
3396 4266 3571 4321 homi-

1985 4369 2115 4409 num
2158 4370 2266 4409 non
2321 4362 2447 4409 sunt
2507 4354 2781 4409 adoranda
2808 4363 2866 4411 et
2902 4355 3143 4421 colenda,
3172 4372 3273 4413 nec
3300 4357 3353 4412 in
3390 4358 3563 4413 hono-

1987 4462 2101 4502 rem
2145 4460 2333 4501 eorum
2385 4459 2614 4515 quorum
2660 4446 3042 4502 similitudines
3100 4461 3221 4502 esse
3273 4448 3571 4502 dicuntur?

276 4555 478 4604 meum,
517 4547 568 4592 et
592 4535 861 4592 osculatus
885 4553 1001 4593 sum
1024 4551 1239 4589 manum
1276 4552 1449 4595 meam
1466 4575 1484 4600 ,
1510 4535 1653 4605 quod
1679 4546 1754 4590 est
1782 4536 1884 4590 ini-
1906 4505 1960 4564 Β
1984 4535 2119 4590 Nam
2140 4536 2187 4590 si
2224 4534 2330 4590 ulla
2359 4535 2537 4606 imago
2559 4544 2703 4591 esset
2728 4535 3004 4591 adoranda
3029 4534 3116 4589 vel
3138 4535 3384 4599 colenda,
3407 4551 3569 4591 crea—

276 4628 456 4698 quita:
501 4626 759 4692 maxima,
806 4634 853 4680 et
883 4625 1089 4695 negatio
1130 4634 1315 4678 contra
1347 4625 1515 4679 Deum
1543 4624 1877 4679 altissimum.

278 4718 422 4785 Quid
446 4727 534 4773 est
562 4725 746 4775 autem
789 4716 888 4782 sol,
930 4716 1014 4772 vel
1043 4715 1170 4785 quid
1214 4725 1298 4770 est
1327 4718 1475 4782 luna,
1521 4717 1626 4771 nisi
1653 4715 1881 4772 visibilis

278 4819 555 4865 creatura:
584 4817 642 4864 et
678 4824 953 4879 corporeae
986 4807 1122 4862 lucis
1157 4821 1445 4870 elementa,
1481 4822 1713 4877 quorum
1741 4822 1880 4861 unus

280 4899 508 4969 majoris
543 4899 834 4964 claritatis,
869 4897 1015 4953 aliud
1051 4896 1280 4951 minoris
1315 4906 1401 4951 est
1435 4896 1695 4951 luminis?
1724 4896 1878 4952 Sicut

278 4992 426 5045 enim
452 4991 559 5045 alia
602 4991 820 5054 diurna,
868 4988 972 5043 alia
1002 4996 1265 5044 nocturna
1314 4994 1439 5043 sunt
1484 4994 1747 5057 tempora,
1796 4987 1873 5042 ita

276 5081 553 5138 diversam
603 5081 662 5135 in
710 5078 1069 5135 luminaribus
1102 5078 1418 5148 qualitatem
1463 5076 1691 5133 Creator
1720 5077 1876 5133 insti-

278 5174 424 5238 tuit;
468 5189 595 5228 cum
628 5181 815 5226 tamen
844 5169 997 5239 prius
1041 5185 1205 5239 quam
1242 5170 1360 5225 haec
1407 5169 1624 5233 tierent,
1664 5175 1721 5223 et
1757 5167 1876 5224 dies

273 5265 398 5319 sine
420 5265 552 5320 solis
575 5262 776 5327 cilicio,
810 5270 869 5317 et
894 5270 1077 5317 noctes
1106 5262 1223 5317 sine
1243 5261 1387 5315 lunae
1412 5260 1715 5316 ministerio
1742 5274 1880 5330 pra:-

276 5355 592 5413 cessissent.
632 5352 744 5410 Sed
790 5350 1161 5408 condebantur
1204 5352 1306 5405 ista
1334 5349 1401 5405 ad
1431 5348 1735 5406 faciendam
1778 5351 1875 5407 ho-

276 5446 439 5501 minis
460 5446 778 5510 utilitatem,
807 5451 873 5498 ut
897 5441 1158 5498 rationale
1186 5441 1411 5507 animal,
1458 5458 1561 5497 nec
1587 5442 1643 5496 in
1683 5440 1875 5495 distin-

276 5537 456 5592 ctione
493 5538 795 5601 mensium,
842 5549 943 5589 nec
986 5534 1038 5588 in
1078 5548 1300 5587 recursu
1345 5549 1608 5588 annorum
1634 5574 1649 5600 ,
1687 5548 1788 5589 nec
1817 5534 1873 5587 in

276 5625 711 5683 dinumeratione
751 5634 1061 5695 temporum
1093 5622 1408 5688 falleretur;
1457 5638 1578 5678 cum
1609 5640 1706 5695 per
1747 5625 1875 5679 ina:-

278 5717 513 5784 qualium
541 5720 808 5775 horarum
839 5715 1072 5783 immrcs
1100 5729 1300 5781 moras,
1331 5722 1387 5769 et
1417 5714 1757 5770 dissimilium
1784 5731 1873 5770 or~

1982 4627 2117 4682 toris
2148 4626 2330 4696 potius
2358 4633 2501 4680 esset
2532 4640 2696 4694 quam
2728 4631 3011 4679 creaturze.
3042 4622 3249 4694 Nempe
3288 4623 3564 4679 hominem

1978 4716 2110 4772 fecit
2140 4717 2281 4772 Deus
2310 4717 2378 4771 ad
2416 4715 2705 4787 imaginem
2737 4722 2793 4770 et
2832 4714 3257 4770 similitudincm'
3291 4712 3409 4767 Dei.
3459 4707 3570 4769 llo-

1978 4824 2069 4863 mo
2097 4816 2275 4864 autem
2311 4806 2491 4864 facere
2522 4823 2631 4864 non
2669 4815 2846 4878 potest
2890 4805 3208 4877 quidquam,
3243 4805 3298 4860 in
3323 4819 3433 4874 quo
3491 4804 3563 4859 sit

1976 4900 2274 4957 similitudo
2298 4900 2535 4955 hominis
2572 4901 2627 4954 in
2660 4907 2842 4954 mente
2885 4898 3111 4953 ratione.
3140 4896 3272 4951 Nam
3303 4896 3349 4951 si
3377 4895 3562 4964 expri-

1979 4991 2079 5045 mit
2104 4997 2378 5061 utcunque
2414 4989 2709 5060 sculpendo
2732 4987 2819 5043 vel
2844 4988 3115 5058 pingendo
3142 4985 3379 5055 aliquam
3407 4983 3564 5038 simi-

1979 5080 2261 5136 litudinem
2311 5081 2556 5150 corporis
2608 5088 2703 5134 aut
2757 5079 3158 5142 membrorum;
3217 5076 3322 5131 hoc
3376 5072 3566 5143 utique

1980 5172 2236 5243 exprimit
2278 5172 2423 5242 quod
2473 5171 2758 5227 minimum
2785 5178 2871 5227 est
2914 5171 2967 5225 in
2999 5169 3236 5231 homine,
3281 5183 3390 5222 non
3417 5168 3564 5236 quod

1982 5263 2301 5318 maximum.
2340 5260 2500 5318 Certe
2528 5262 2573 5318 si
2612 5261 2872 5316 adorandi
2902 5258 3135 5314 fuissent
3170 5256 3441 5323 homines,
3487 5258 3565 5313 vi—

1980 5354 2032 5410 vi
2058 5355 2230 5423 magis
2266 5368 2426 5423 quam
2451 5352 2605 5423 picti,
2644 5355 2696 5407 id
2733 5358 2838 5418 est,
2867 5350 2958 5405 ubi
3002 5347 3413 5405 similitudinem
3462 5350 3563 5406 ha-

1972 5442 2107 5499 bent
2127 5444 2240 5506 Dci,
2272 5459 2380 5499 non
2402 5444 2493 5498 ubi
2532 5457 2811 5513 pecorum,
2856 5440 2963 5506 vel,
3002 5440 3148 5509 quod
3207 5441 3390 5496 verius
3449 5450 3560 5508 est,

1974 5534 2210 5606 lapidum
2242 5535 2358 5590 sive
2400 5534 2688 5604 lignorum,
2724 5533 2854 5597 vita,
2900 5546 3063 5587 sensu
3113 5539 3168 5586 et
3211 5531 3423 5587 ratione
3470 5549 3560 5587 ca-

1974 5628 2231 5681 rentium.
2273 5626 2413 5680 Dicit
2438 5626 2502 5680 de
2528 5624 2613 5679 his
2646 5624 2837 5678 beatus
2883 5621 3218 5694 Augustines
3246 5621 3348 5678 hoc
3399 5624 3559 5677 modo

1977 5716 2029 5770 in
2057 5716 2191 5769 libro
2230 5714 2295 5769 de
2326 5730 2450 5767 vera
2483 5710 2763 5782 Rcligione
2787 5712 2936 5785 (Πίῳ.
2970 5712 3024 5784 3)
3078 5730 3090 5766 ;
3146 5729 3163 5761 ι
3200 5709 3338 5767 Justi
3373 5720 3556 5766 autem
