3962 6180
358 262 471 320 223

1298 265 1356 321 S.
1396 264 1581 322 AGOB
1597 263 1746 318 \RDl
1787 262 2095 319 EPISCOPI
2129 263 2616 321 LUGDUNENSIS

3518 266 3624 323 ω

368 379 629 447 homines,
656 388 708 436 et
738 382 789 436 in
815 396 921 436 uno
948 381 1057 436 Deo
1082 380 1345 435 habentes
1369 380 1548 435 omnia
1576 381 1769 450 gaudia
1814 394 1929 444 sua,
1961 380 2013 439 Α
2039 386 2127 431 tur
2149 377 2303 446 ipsis,
2343 376 2471 447 quia
2523 378 2625 433 hoc
2670 384 2796 431 sunt
2819 385 2873 432 et
2901 376 3023 447 ipsi.
3072 396 3091 430 ι
3130 377 3404 436 Hactenus
3432 380 3628 441 beatus

365 472 581 543 quando
607 486 703 541 per
729 486 912 525 eorum
953 469 1093 525 facta
1121 470 1263 524 Deus
1310 469 1670 535 benedicitur,
1714 484 1942 539 congra-

367 564 609 619 tulantur
647 561 1009 616 laudantibus.
1061 559 1194 616 Cum
1239 575 1368 616 vero
1394 560 1495 631 ipsi
1542 568 1802 630 tanquam
1835 559 1941 630 ipsi

365 653 674 718 laudantur,
703 651 980 721 corrigunt
1030 658 1276 705 errantes
1312 665 1448 720 quos
1498 658 1752 721 possunt;
1807 664 1943 719 quos

366 751 545 798 autem
578 758 684 796 non
732 749 977 811 possunt,
1027 756 1133 794 non
1176 741 1256 795 eis
1284 740 1748 811 congratulantur,
1780 748 1836 794 et
1873 739 1942 794 ab

365 833 457 888 illo
509 833 641 887 vitio
670 834 867 907 corrigi
906 833 1111 888 volunt.
1164 833 1369 900 Quibus
1406 833 1610 888 similes
1644 831 1730 886 vel
1775 832 1941 886 etiam

365 929 677 985 mundiores
728 938 887 998 atque
921 928 1222 983 sanctiores
1251 927 1297 982 si
1326 934 1452 980 sunt
1479 925 1603 979 boni
1636 924 1834 995 angeli,
1888 932 1943 978 et

363 1023 543 1077 omnia
574 1030 759 1077 sancta
801 1021 896 1075 Dei
930 1018 1255 1081 ministeria,
1284 1015 1412 1085 quid
1444 1015 1733 1069 metuimus
1756 1028 1822 1067 ne
1845 1012 1945 1067 ali—

363 1128 522 1182 quem
556 1113 768 1166 illorum
797 1110 1152 1172 oﬁ'endamus,
1175 1108 1220 1161 si
1253 1122 1361 1160 non
1389 1104 1751 1175 superstitiosi
1774 1103 1942 1158 fueri-

362 1222 505 1269 mus,
532 1216 655 1259 cum
682 1203 812 1271 ipsis
837 1200 1212 1270 adjuvantibus
1233 1198 1300 1252 ad
1326 1211 1494 1251 unum
1528 1195 1694 1248 Deum
1724 1195 1945 1249 tenden-

362 1304 466 1359 tes,
494 1303 547 1349 et
575 1294 623 1348 ei
653 1293 746 1347 uni
770 1291 1057 1361 religantes
1082 1289 1292 1343 animas
1326 1294 1561 1349 nostras,
1586 1285 1729 1341 unde
1755 1285 1943 1356 religio

361 1387 501 1443 dicta
515 1384 772 1447 creditur,
789 1381 935 1437 omni
956 1379 1340 1451 superstitione
1357 1376 1674 1433 careamus?
1702 1396 1720 1428 ›
1748 1374 1943 1446 thui-

357 1484 586 1541 busdam
612 1478 946 1549 interpositis
970 1496 981 1529 :
1013 1496 1030 1526 ι
1062 1475 1273 1546 Religet
1299 1488 1453 1544 ergo,
1476 1472 1671 1542 inquit,
1699 1487 1799 1527 nos
1819 1473 1942 1526 reli-

359 1574 449 1644 gio
476 1573 569 1626 uni
595 1567 951 1645 omnipotenti
998 1566 1108 1621 Deo
1143 1583 1156 1620 :
1209 1565 1336 1635 quia
1383 1564 1526 1618 inter
1566 1571 1804 1618 mentem
1846 1579 1942 1619 no—

359 1675 552 1727 stram,
601 1676 705 1731 qua
735 1660 885 1714 illum
915 1657 1264 1727 intelligimus
1288 1656 1505 1711 Patrem
1539 1664 1594 1710 et
1621 1656 1903 1712 veritatem
1922 1697 1937 1721 ,

2042 474 2399 545 Augustinus.

2114 565 2281 622 XXX.
2314 566 2442 625 Hazc
2479 575 2564 625 est
2592 568 2803 624 sincera
2850 568 3061 637 religio,
3088 567 3181 624 hic
3231 582 3351 622 mos
3397 568 3627 625 catholi-

2042 673 2158 724 cus,
2214 659 2328 714 haec
2375 660 2599 730 antiqua
2624 659 2848 716 Patrum
2891 659 3144 724 traditio,
3185 659 3327 713 sicut
3352 659 3518 714 etiam
3557 675 3626 716 ex

2044 759 2071 789 ι
2097 748 2260 803 Libro
2287 747 2783 815 Sacramentorum,
2810 765 2971 819 quem
3003 748 3243 804 Romana
3269 757 3418 804 tenet
3438 749 3628 805 Eccle.

2044 838 2147 902 sia,
2183 835 2342 893 facile
2381 839 2781 909 comprobatur.
2814 838 2967 895 Hunc
2996 839 3364 894 venerationis
3404 840 3625 895 modum

2043 926 2136 998 qui
2174 932 2597 1001 supergreditur,
2649 940 2742 986 aut
2792 932 3071 1001 relinquit,
3121 931 3419 986 contemnit
3464 931 3623 988 disci-

2043 1017 2244 1087 plinam
2289 1018 2467 1074 Patris
2501 1022 2607 1086 sui,
2655 1021 2986 1091 dimittitque
3036 1021 3210 1092 legem
3262 1022 3452 1078 matris
3491 1038 3621 1077 suae.

2042 1109 2167 1164 Ideo
2222 1126 2323 1166 nec
2367 1112 2539 1182 gratia
2585 1113 2750 1182 capiti
2802 1112 2919 1181 ejus
2947 1114 3190 1176 addetur,
3260 1128 3361 1169 nec
3390 1123 3614 1183 torques

2043 1201 2200 1257 collo.
2248 1203 2518 1259 Teneatur
2545 1204 2728 1274 itaque
2786 1205 2871 1260 via
2904 1205 3071 1275 regia.
3120 1204 3276 1260 Hanc
3325 1207 3624 1262 docuerunt

2044 1296 2292 1368 apostoli,
2320 1297 2577 1352 Ecclesiae
2626 1297 2901 1368 magistri;
2952 1297 3094 1352 hanc
3140 1307 3426 1352 tenuerunt
3483 1299 3627 1355 arie-

2045 1398 2127 1445 tes
2178 1389 2377 1459 gregis.
2428 1387 2525 1442 Dei
2588 1388 2707 1444 ovis
2758 1388 2905 1443 enim
2954 1387 3262 1457 relinquens
3312 1396 3621 1459 pastorem,

2042 1480 2304 1534 aberrans
2328 1494 2360 1532 a
2387 1479 2469 1532 via
2493 1494 2599 1549 qua
2626 1478 3059 1547 praaceditaries,
3088 1478 3259 1532 haeret
3278 1477 3331 1533 in
3361 1479 3624 1546 sentibus,

2043 1567 2335 1625 devoratur
2359 1584 2389 1623 a
2430 1568 2589 1638 lupis.
2624 1567 2735 1624 Soli
2778 1567 3005 1623 Domino
3053 1565 3350 1624 oﬁ‘eramus
3396 1568 3627 1640 gloriam

2042 1664 2097 1712 et
2143 1658 2426 1723 honorem,
2459 1674 2561 1714 nec
2607 1673 2731 1715 cum
2789 1656 3096 1713 simulacris
3139 1656 3492 1725 fornicemur,
3542 1659 3628 1715 his

361 1755 414 1810 id
444 1764 551 1818 est,
592 1753 768 1807 lucem
791 1750 1128 1814 interiorem,
1170 1756 1225 1803 et
1250 1748 1423 1814 illum,
1456 1748 1598 1802 nulla
1624 1748 1944 1818 interposita
1973 1742 2021 1802 B
2048 1746 2227 1803 ell‘ecti
2274 1747 2480 1804 similes
2531 1748 2598 1802 de
2627 1747 2824 1817 quibus
2868 1746 3012 1803 Deus
3045 1747 3177 1803 dicit
3210 1768 3221 1803 :
3256 1748 3371 1820 Ego
3421 1766 3627 1821 quoque

363 1852 613 1899 creatura
650 1850 753 1897 BSt.
788 1860 808 1894 ι

431 1932 622 1989 XXIX.
654 1931 713 1986 In
741 1930 880 1985 libro
920 1946 1031 1986 uti
1061 1929 1213 2001 (Cap.
1270 1927 1356 2000 10)
1408 1928 1474 1983 de
1520 1926 1751 1983 Civitate
1797 1927 1937 1982 Dei:

367 2047 384 2079 ι
431 2026 660 2081 Faciunt
678 2033 856 2079 autem
883 2022 1151 2079 mirabilia
1172 2029 1461 2091 martyres,
1487 2020 1571 2075 vel
1590 2020 1774 2089 potius
1798 2019 1942 2075 Deus

361 2124 455 2169 aut
501 2112 914 2182 cooperantibus
961 2118 1054 2164 aut
1100 2108 1380 2164 orantibus
1437 2108 1536 2173 eis,
1582 2117 1642 2162 ut
1679 2106 1811 2162 ﬁdes
1850 2106 1940 2161 illa

360 2204 631 2276 proﬁciat,
664 2218 767 2271 qua
790 2217 903 2263 eos,
927 2215 1033 2254 non
1064 2199 1194 2254 deos
1230 2210 1447 2253 nostros
1477 2213 1616 2261 esse,
1651 2198 1745 2252 sed
1775 2213 1938 2252 unum

363 2297 531 2351 Deum
562 2295 841 2349 nobiscum
879 2292 1079 2345 habere
1122 2290 1426 2345 credamus.
1479 2290 1719 2359 Denique
1745 2290 1942 2360 pagani

363 2386 465 2440 diis
489 2384 600 2438 suis
621 2390 676 2437 et
702 2380 897 2451 templa
925 2387 1250 2443 statuerunt,
1281 2386 1337 2434 et
1366 2379 1773 2435 mdiﬁcaverunt
1793 2396 1941 2447 aras,

363 2486 420 2532 et
469 2476 779 2531 sacerdotes
831 2472 1200 2535 instituerunt,
1253 2477 1308 2524 et
1357 2469 1622 2525 sacriﬁcia
1675 2469 1939 2525 fecerunt.

364 2568 472 2623 Nos
504 2576 684 2622 autem
705 2563 1038 2633 martyribus
1066 2561 1265 2616 nostris
1292 2576 1399 2616 non
1424 2560 1621 2630 templa
1643 2561 1783 2616 sicut
1811 2560 1938 2629 diis,

364 2660 458 2716 sed
519 2658 810 2713 memorias
870 2656 1009 2710 sicut
1065 2654 1373 2710 hominibus
1408 2654 1657 2720 mortuis,
1709 2669 1941 2724 quorum

363 2751 505 2822 apud
565 2750 735 2805 Deum
782 2747 971 2803 vivunt
1018 2748 1258 2816 spiritus,
1320 2745 1665 2800 fabricamus.
1710 2745 1821 2801 Nec
1868 2747 1942 2801 ibi

363 2841 623 2912 erigimus
643 2838 857 2902 altaria,
886 2838 941 2891 in
965 2837 1162 2906 quibus
1188 2836 1558 2891 sacriﬁcemus
1589 2837 1937 2908 martyribus,

366 2930 462 2986 sed
492 2930 583 2984 uni
619 2928 730 2983 Deo
755 2935 811 2983 et
855 2936 1155 2998 martyrum
1186 2934 1239 2981 et
1276 2927 1448 2981 nostri
1478 2927 1804 2982 sacriﬁcium
1842 2928 1945 2983 im-

366 3023 659 3089 molamus;
688 3021 756 3076 ad
796 3020 938 3091 quod
964 3018 1311 3084 sacriﬁcium,
1348 3020 1488 3075 sicut
1539 3018 1787 3075 homines
1819 3019 1938 3082 Dei.

2042 1838 2262 1893 contrivi
2302 1855 2393 1891 cor
2434 1854 2614 1892 eorum
2654 1838 2923 1907 fornicem
2970 1847 3019 1893 et
3076 1838 3319 1897 recedens
3346 1857 3380 1893 a
3426 1856 3528 1906 me,
3574 1850 3625 1893 et

2043 1928 2219 1985 oculos
2243 1946 2337 2000 per
2366 1945 2445 1984 res
2471 1929 2645 1983 varias
2667 1927 3007 1996 fornicantes.
3025 1928 3093 1983 Et
3106 1929 3377 1999 apostolus
3395 1929 3620 1986 Petrus:

2044 2020 2237 2076 Oculos
2263 2021 2509 2075 habentes
2533 2018 2713 2091 plenos
2728 2019 2999 2086 adulterii,
3022 2030 3070 2075 et
3086 2020 3408 2076 incessabili:
3427 2020 3623 2076 delicti.

2042 2111 2383 2169 Hierusalem
2411 2127 2625 2182 quoque
2646 2112 2916 2168 fornicata
2944 2112 3144 2169 dicitur
3161 2128 3287 2169 cum
3307 2112 3433 2169 ﬁliis
3461 2113 3622 2170 Chal-

2042 2206 2300 2268 daeorum,
2341 2204 2533 2259 videns
2558 2201 2677 2259 illos
2705 2203 2761 2257 in
2796 2203 3005 2274 pariete
3037 2203 3301 2274 depictos.
3329 2203 3621 2271 Adoretur,

2042 2298 2272 2364 colatur,
2314 2305 2602 2352 veneretur
2628 2312 2660 2350 a
2690 2295 2937 2351 ﬁdelibus
2964 2297 3133 2362 Deus;
3169 2297 3246 2352 illi
3276 2296 3372 2352 soli
3418 2298 3625 2354 sacriﬁ-

2043 2397 2215 2456 cetur,
2252 2388 2335 2444 vel
2363 2389 2624 2459 mysterio
2653 2389 2901 2459 corporis
2932 2396 2987 2444 et
3040 2391 3338 2460 sanguinis.
3384 2407 3491 2462 quo
3534 2407 3623 2447 su-

2045 2496 2163 2536 mus
2201 2479 2496 2550 redempti;
2553 2479 2638 2534 vel
2669 2480 2722 2533 iu
2759 2479 3029 2535 sacriﬁcio
3086 2481 3268 2537 cordis
3292 2483 3511 2538 contriti
3563 2495 3621 2538 et

2043 2571 2335 2628 humiliati.
2364 2572 2553 2642 Angeli
2583 2572 2667 2626 vel
2696 2573 2941 2628 homines
2963 2574 3140 2629 sancti
3164 2583 3432 2639 amentur,
3454 2574 3621 2631 bono-

2043 2672 2259 2730 reutur,
2309 2662 2600 2727 charitate,
2662 2678 2769 2717 non
2822 2663 3102 2718 servitute.
3156 2661 3272 2719 Non
3315 2664 3396 2719 eis
3428 2679 3628 2735 corpus

2043 2754 2245 2811 Christi
2278 2752 2557 2819 oll‘eratur,
2588 2769 2713 2807 cum
2747 2752 2855 2808 sint
2885 2754 2989 2809 hoc
3026 2762 3083 2808 et
3109 2753 3233 2824 ipsi.
3261 2755 3289 2794 ιι
3316 2754 3432 2809 Non
3455 2771 3626 2827 pona-

2045 2862 2166 2902 mus
2213 2862 2367 2916 spem
2396 2852 2637 2900 nostram
2665 2845 2719 2898 in
2741 2844 2979 2909 homine,
3011 2845 3103 2899 sed
3127 2846 3181 2899 in
3205 2845 3345 2912 Deo;
3374 2862 3443 2903 ne
3488 2850 3628 2903 forte

2045 2940 2306 2996 redundet
2331 2940 2386 2993 in
2403 2953 2504 2993 nos
2531 2937 2660 2992 illud
2686 2938 3059 3007 propheticum
3085 2956 3099 2991 :
3132 2937 3448 2995 Maledicta:
3472 2939 3625 2995 homo

2044 3032 2132 3102 qui
2160 3029 2373 3098 conﬁdit
2398 3030 2453 3083 in
2467 3028 2693 3092 homine,
2710 3038 2757 3081 et
2773 3028 2917 3099 ponit
2932 3044 3142 3082 carnem
3159 3028 3428 3083 brachium
3448 3047 3626 3097 suum,

365 3117 458 3187 qui
486 3114 743 3170 mundum
771 3114 823 3168 in
853 3113 970 3183 ejus
1003 3110 1342 3167 confessione
1378 3112 1649 3175 vicerunt,
1674 3125 1772 3167 suo
1819 3110 1940 3166 loco
1970 3100 2014 3161 C
2045 3100 2092 3172 έι
2123 3137 2154 3173 α
2186 3118 2411 3173 Domina
2435 3119 2622 3173 recedit
2649 3135 2739 3172 cor
2765 3119 2899 3189 ejus.
2929 3118 3083 3185 Quod
3104 3119 3353 3175 catholici
3380 3121 3631 3178 doctores

365 3214 422 3263 et
469 3205 659 3260 ordine
709 3203 1093 3267 nominantur;
1152 3216 1259 3256 non
1316 3210 1497 3256 tamen
1532 3217 1563 3254 a
1618 3202 1938 3266 sacerdote,

367 3296 460 3368 qui
507 3295 800 3358 sacriﬁcat,
843 3293 1183 3347 invocantur.
1227 3293 1337 3347 Deo
1367 3293 1585 3362 quippe,
1634 3308 1740 3347 non
1788 3293 1942 3363 ipsis,

368 3386 659 3451 sacriﬁcat,
700 3387 949 3455 quamvis
997 3388 1051 3442 in
1098 3385 1361 3441 memoria
1413 3382 1683 3439 sacriﬁcet
1721 3398 1942 3450 eorum;

367 3481 493 3551 quia
554 3479 651 3535 Dei
716 3480 971 3535 sacerdos
1022 3488 1127 3545 est,
1170 3494 1277 3533 non
1330 3477 1561 3531 illorum.
1592 3476 1770 3544 Ipsum
1817 3490 1946 3531 vero

369 3571 716 3640 sacriﬁcium,
770 3586 964 3644 corpus
1004 3580 1087 3627 est
1125 3570 1358 3634 Christi,
1422 3569 1564 3639 quod
1616 3583 1722 3623 non
1788 3567 1950 3624 oll'er-

2048 3208 2305 3264 Ecclesia:
2339 3207 2503 3262 etiam
2539 3208 2594 3261 in
2633 3205 2752 3261 illos
2790 3207 3119 3263 redundasse
3161 3209 3502 3274 conﬁrmant,
3533 3212 3629 3279 qui

2049 3302 2335 3356 Dominum
2382 3298 2565 3354 Jesum
2594 3298 2871 3353 Christum
2897 3314 3092 3368 purum
3141 3299 3413 3356 hominem
3463 3299 3631 3357 fuisse

2048 3391 2361 3454 credebant,
2400 3405 2507 3444 non
2537 3390 2700 3443 etiam
2730 3389 2918 3453 Deum,
2952 3398 3006 3443 et
3042 3389 3243 3445 idcirco
3271 3399 3427 3445 erant
3456 3391 3627 3447 conﬁ-

2049 3482 2239 3537 dentes
2266 3482 2320 3535 in
2353 3481 2593 3544 homine,
2617 3495 2681 3535 ac
2713 3494 2809 3549 per
2835 3480 2940 3534 hoc
2973 3479 3267 3535 maledicti.

2120 3567 2314 3623 XXXI.
2352 3566 2521 3622 Nemo
2561 3582 2620 3622 se
2670 3566 2839 3633 fallat,
2892 3582 3048 3621 nemo
3090 3582 3148 3622 se
3195 3569 3435 3631 seducat.
3469 3585 3630 3625 nemo

1725 3659 1998 3716 BALUZII
2036 3658 2270 3716 NOTAE.

444 3770 469 3798 ι
502 3755 657 3810 Libro
685 3754 1170 3827 Sacramentorum.
1197 3753 1451 3827 lntelligit
1494 3752 1715 3827 Librum
1748 3752 1939 3827 Sacra-

372 3836 674 3883 mentorum
724 3827 894 3880 sancti
931 3825 1199 3893 Gregorii,
1240 3821 1400 3893 cujus
1434 3823 1739 3893 exemplum
1774 3821 1942 3877 habe-

374 3914 492 3952 mus
522 3898 575 3950 in
598 3897 688 3950 illo
711 3912 871 3963 quem
902 3897 986 3950 vlr
1014 3894 1224 3950 clariss.
1251 3895 1403 3966 Hugo
1427 3894 1715 3966 Menardus
1745 3908 1938 3966 mona-

371 3968 508 4022 chus
537 3967 922 4021 Benedictinus
944 3967 1113 4021 edidit
1145 3966 1196 4019 in
1235 3964 1494 4020 hac‘urbe
1530 3964 1824 4018 Parisiensi
1851 3979 1941 4019 an-

377 4047 428 4117 te
450 4037 549 4091 hos
569 4036 754 4117 viginti
785 4051 974 4117 annos.
1002 4036 1069 4090 Et
1096 4036 1209 4117 ipse
1229 4036 1445 4105 quidem
1473 4034 1801 4117 existimavit
1821 4048 1945 4117 esse

379 4112 551 4175 ipsum
580 4103 799 4175 Librum
844 4103 1317 4158 Sacramentorum
1342 4103 1816 4175 s_a_nctiGregorii._
1835 4103 1943 4161 Sed

378 4159 530 4228 nrobis
556 4175 711 4241 longe
735 4173 876 4225 aliud
898 4189 1214 4242 persuasum
1234 4181 1335 4228 est.
1360 4173 1492 4226 Nam
1519 4174 1572 4226 in
1597 4159 1770 4227 cilicio
1793 4159 1946 4228 ferite

376 4254 582 4307 quarta:
627 4251 749 4310 post
792 4243 1027 4307 Palmas,
1056 4251 1237 4297 exstat
1263 4244 1469 4297 mentio
1495 4243 1696 4298 diserta
1730 4244 1943 4312 imperii

2044 3761 2100 3809 to
2135 3752 2350 3809 Gelasio
2394 3767 2531 3823 papa
2570 3751 2837 3823 Romano,
2866 3753 3181 3809 emendatus
3209 3763 3264 3810 et
3292 3756 3574 3812 breviatus
3596 3776 3627 3813 a

2043 3824 2205 3895 beato
2234 3822 2495 3895 Gregorio
2516 3838 2654 3893 papa
2681 3822 2825 3877 sedis
2853 3824 3176 3895 apostolicae.
3198 3845 3241 3895 _D
3278 3822 3412 3880 Vide
3438 3828 3630 3895 praefa-

2042 3894 2240 3949 tionem
2265 3892 2501 3947 Menardi
2527 3892 2730 3947 incum
2751 3906 2911 3962 quem
2936 3894 3170 3948 diximus
3197 3893 3418 3950 Librum
3432 3892 3630 3953 Sacra-

2043 3974 2368 4020 meutorum.
2427 3963 2923 4019 Sacramentarium
2972 3974 3201 4019 vocatur
3242 3966 3298 4021 in
3336 3966 3475 4022 libro
3523 3984 3621 4032 vn.

2048 4032 2336 4145 Capitular.
2367 4051 2486 4105 cap.
2517 4034 2642 4090 305.

2179 4104 2291 4145 Non
2318 4122 2572 4145 nnnnmue
2598 4121 2642 4145 ιν

2171 4104 2294 4158 Νοη
2318 4103 2572 4175 ponamus
2596 4120 2737 4174 spem
2768 4122 2819 4175 n.
2846 4103 3067 4175 inhom.
3099 4104 3277 4171 Quid?
3303 4104 3384 4160 Au
3409 4105 3628 4162 damnat

2040 4172 2442 4230 invocationem
2477 4172 2832 4229 sanctorum?
2868 4172 2985 4227 Non
3016 4176 3270 4229 arbitror.
3313 4176 3448 4230 Tum
3479 4177 3627 4232 enim

2043 4260 2363 4314 persuasum
2402 4245 2658 4299 omnibus
2691 4254 2813 4299 erat
2852 4244 3090 4299 invocari
3133 4246 3331 4301 debere
3373 4257 3624 4311 sanctos,

380 4313 706 4368 Francorum
735 4313 877 4382 quod
922 4314 1120 4386 evincit
1144 4314 1288 4368 hunc
1333 4314 1573 4386 codicem
1599 4328 1721 4367 esse
1751 4314 1940 4386 _s_crip-
1972 4324 2018 4380 ι)
2045 4313 2139 4370 eos
2176 4329 2304 4386 vero
2346 4315 2638 4386 plurimum
2668 4328 2827 4386 posse
2872 4328 2974 4386 pro
3018 4314 3174 4386 nobis
3220 4316 3361 4386 apud
3406 4315 3577 4372 Deum
3607 4336 3622 4371 :

380 4393 493 4437 tum
521 4390 642 4454 post
669 4398 866 4454 annum
897 4383 1243 4454 i800,_atque
1287 4383 1421 4454 adeo
1453 4400 1558 4454 non
1602 4398 1722 4438 esse
1751 4382 1947 4439 librum

383 4451 555 4507 sancti
579 4451 843 4524 Gregorii.
876 4453 1028 4520 Quod
1048 4451 1248 4522 fugisse
1288 4452 1455 4507 miror
1493 4453 1827 4517 Menardum,
1855 4454 1946 4523 qui

376 4527 431 4606 in
460 4522 773 4606 praefatione
806 4539 913 4606 sua
949 4524 1075 4606 hinc
1094 4527 1722 4606 quoque_auctoritatem
1761 4522 1946 4606 cunei—

376 4595 513 4649 liare
537 4602 763 4665 conatur
806 4594 933 4665 huic
954 4594 1151 4665 codici.
1194 4595 1337 4665 quod
1364 4594 1596 4665 scriptus
1629 4596 1719 4665 sit,
1744 4604 1804 4648 ut
1833 4594 1948 4665 ipse

382 4666 477 4729 ait,
534 4674 661 4719 ante
689 4663 866 4720 Caroli
917 4664 1103 4735 Magni
1130 4663 1434 4735 imperium,
1462 4663 1579 4735 cum
1606 4664 1774 4719 inillo
1800 4663 1947 4717 nulla

378 4735 445 4788 sit
472 4736 801 4804 imperatoris
843 4734 1055 4787 mentio.
1090 4733 1238 4804 Libri
1277 4735 1433 4789 istius
1470 4733 1943 4804 Sacrameutorum

378 4802 664 4870 v-etusjam
684 4813 802 4857 erat
828 4818 973 4873 fusus
1004 4803 1331 4873 inEcclesia
1370 4804 1645 4873 Romana,
1703 4803 1946 4873 adeoque

378 4875 435 4927 in
480 4873 775 4929 Gallicana.
825 4872 959 4927 Nam
987 4872 1236 4928 Gelasius
1266 4889 1404 4943 papa
1460 4872 1826 4942 hujuscemodi
1862 4872 1944 4927 li—

379 4945 535 5013 lirum
571 4944 882 5012 scripserat,
929 4943 981 4995 in
1021 4943 1301 5013 epitomen
1348 4951 1536 5013 postea
1587 4945 1868 5013 redactum
1911 4959 1941 4997 a

376 5011 637 5083 Gregorio
662 5009 886 5083 Magno,
914 5018 975 5064 ut
1001 5009 1157 5068 docet
1176 5009 1412 5068 Joannes
1442 5013 1710 5069 Diaconos
1742 5013 1792 5067 in
1822 5012 1943 5067 Vita

376 5082 615 5151 ejusdem
645 5082 886 5152 Gregorii
917 5122 931 5146 ,
958 5092 1115 5152 prout
1140 5083 1339 5137 citatur
1360 5101 1389 5138 a
1416 5084 1661 5139 Bernone
1688 5083 1942 5152 Augiensi

376 5152 431 5206 lu
460 5168 579 5224 cap.
627 5151 804 5222 primo
832 5152 954 5224 libri
982 5151 1055 5206 De
1075 5152 1395 5224 quibusdam
1425 5154 1588 5207 rebus
1626 5155 1693 5208 ad
1722 5154 1942 5208 missam

375 5220 759 5290 spectantibus,
800 5242 818 5275 ι
854 5221 957 5277 Sed
999 5220 1416 5278 ctGelasianum
1453 5224 1691 5279 codicem
1729 5224 1795 5278 de
1823 5223 1944 5278 Mis-

375 5308 556 5347 sarum
583 5294 879 5358 solenmiis,
911 5293 1086 5362 inquit
1122 5290 1376 5358 Joannes,
1402 5293 1569 5347 multa
1595 5293 1940 5359 subtrahens,

373 5374 545 5485 rauca
582 5372 919 5424 convertens.
945 5362 1198 5417 nonnulla
1223 5362 1663 5434 superadjiciens,
1702 5363 1755 5416 in
1781 5362 1941 5419 unius

398 5430 535 5483 ibelli
560 5433 834 5485 volumine
876 5435 1211 5485 coarctavit:
1243 5435 1383 5485 quod
1431 5433 1679 5485 volumen
1716 5431 1938 5485 Librum

398 5430 535 5504 ibelli
560 5433 834 5486 volumine
876 5435 1211 5489 coarctavit:
1243 5430 1383 5504 quod
1431 5430 1679 5504 volumen
1716 5431 1938 5504 Librum

375 5501 847 5571 Sacramentorum
892 5501 1308 5571 pmtitulavit.)
1343 5503 1448 5559 Sed
1485 5511 1539 5558 et
1567 5504 1618 5557 in
1644 5502 1812 5557 veteri
1854 5518 1941 5557 eo-

373 5570 494 5645 dice
525 5586 623 5625 ms.
660 5570 971 5645 monasterii
1026 5574 1407 5645 llivipulleusis
1433 5575 1483 5628 in
1543 5572 1824 5645 catalonia
1862 5573 1940 5627 sic

374 5639 568 5710 legitur
597 5659 607 5695 :
640 5659 656 5688 σ
678 5640 863 5710 Incipit
888 5641 1036 5694 Liber
1053 5639 1530 5710 Sac-ramentorum,
1547 5644 1722 5698 editus
1746 5659 1772 5696 a
1792 5659 1938 5699 sauc-

2048 4385 2191 4455 quod
2234 4394 2288 4441 et
2329 4382 2441 4455 ipse
2469 4382 2784 4455 Agohardus
2818 4384 3005 4439 scribit
3045 4385 3099 4439 in
3138 4382 3313 4455 capite
3349 4389 3619 4455 sequenti.

2046 4454 2299 4526 Intelligit
2328 4454 2457 4525 ergo
2480 4454 2710 4526 sanctos
2747 4469 2855 4526 non
2893 4469 3013 4526 esse
3043 4454 3374 4526 adorandos,
3414 4454 3536 4511 cum
3566 4467 3623 4513 et

2046 4523 2421 4598 ipsigbomine‘s
2447 4525 2589 4598 sint:
2625 4524 2873 4598 exemplo
2915 4523 3059 4598 haud
3103 4524 3276 4598 dubie;
3304 4525 3448 4598 Petri
3489 4542 3625 4597 apo-

2046 4593 2190 4660 stoli,
2216 4596 2283 4649 ad
2307 4595 2463 4664 cujus
2491 4596 2653 4665 pedes
2677 4593 2800 4650 cum
2826 4593 3110 4650 Cornelius
3132 4596 3472 4665 procidisset,
3496 4593 3623 4657 eum

2048 4666 2387 4737 adoraturus,
2420 4664 2696 4737 ineanduit
2720 4665 2932 4737 Petrus,
2963 4673 3017 4718 et
3043 4665 3217 4737 dixit:
3251 4664 3420 4737 Surge
3436 4684 3475 4737 λ
3498 4684 3623 4722 nam

2044 4746 2092 4789 et
2127 4753 2219 4806 ego
2249 4735 2403 4806 homo
2430 4752 2565 4789 sum.
2599 4736 2768 4806 Quem
2793 4735 2967 4788 locum
2990 4734 3211 4788 adduxit
3230 4734 3404 4806 etiam
3436 4735 3625 4790 Hiero-

2045 4804 2238 4878 nyuius
2268 4805 2527 4878 adversus
2562 4804 2848 4878 capitalem
2888 4813 3185 4878 martyrum
3225 4805 3432 4860 hostem
3466 4807 3586 4878 Vigi
3608 4838 3621 4847 -

2043 4874 2269 4931 lantium
2292 4916 2308 4938 ,
2360 4876 2578 4931 dicens:
2613 4893 2632 4925 ε
2665 4874 2796 4945 Quis
2822 4874 3003 4945 enim,
3038 4874 3086 4945 'o
3128 4876 3377 4930 insanum
3419 4874 3620 4945 caput,

2043 4946 2334 5015 aliquando
2359 4955 2624 5015 martyres
2651 4944 2894 5015 adoravit
2911 4944 3093 5015 ?,Quis
3114 4946 3386 5003 hominem
3410 4944 3624 5015 putavit

2043 4962 2331 5015 auquanoo
2359 4962 2501 5000 mart
2536 4962 2624 5000 res
2651 4962 2894 4998 adoravit
2916 4962 3093 5010 {Quis
3114 4962 3386 5003 nominem
3410 4962 3623 5015 putavit

2042 5015 2252 5086 Deum?
2292 5013 2479 5086 Nonne
2501 4962 2701 5069 Paulus
2727 5022 2780 5067 et
2805 5013 3095 5077 Barnabas,
3129 5029 3251 5086 cum
3280 5015 3623 5086 Lycaouihus

2041 5082 2254 5155 Jupiter
2272 5093 2325 5139 et
2348 5084 2642 5140 Mercurius
2661 5091 3003 5155 putarentur,
3023 5091 3078 5138 et
3095 5084 3175 5138 eis
3194 5082 3391 5140 vellent
3412 5086 3622 5141 hostias

2043 5154 2321 5209 immolare
2340 5194 2354 5217 ,
2389 5157 2667 5210 sciderunt
2687 5154 3007 5209 vestimenta
3035 5168 3160 5217 sua,
3198 5162 3255 5208 et
3285 5169 3347 5209 se
3371 5156 3621 5211 homines

2041 5240 2161 5281 esse
2188 5226 2482 5279 dixerunt?
2517 5241 2623 5281 non
2661 5225 2803 5292 quod
2841 5223 3091 5278 meliores
3131 5240 3236 5279 non
3275 5234 3459 5280 essent
3488 5227 3621 5280 olim

2042 5296 2269 5351 mortuis
2308 5295 2613 5350 hominibus
2649 5293 2779 5365 Jove
2819 5306 2993 5365 atque
3018 5294 3304 5365 hlercutjio,
3344 5295 3436 5350 sed
3456 5297 3620 5365 quod

2039 5366 2140 5420 sub
2174 5365 2493 5437 gentilitatis
2526 5379 2712 5437 _err_ore
2749 5364 2920 5437 honor
2946 5363 3027 5417 eis
3062 5362 3624 5437 Deogdebitusgdefer-

2041 5433 2207 5490 retur.
2246 5434 2398 5501 Quod
2426 5442 2482 5489 et
2507 5435 2574 5488 de
2604 5434 2764 5488 Petro
2800 5434 3057 5504 legimus;
3098 5433 3190 5502 qui
3225 5433 3531 5504 Cornelium
3556 5452 3617 5489 se

2040 5505 2265 5559 adorare
2288 5505 2592 5572 cupientem
2621 5519 2783 5560 manu
2814 5502 3115 5559 sublevavit
3133 5514 3189 5558 et
3209 5504 3346 5560 dixit
3371 5522 3384 5558 :
3410 5502 3619 5573 Surge:

2040 5591 2158 5627 nam
2185 5584 2229 5627 et
2258 5590 2348 5643 ego
2375 5574 2528 5643 Immo
2550 5590 2686 5627 sum.
2717 5593 2755 5643 »ί
2780 5574 2911 5630 Vide
2935 5573 3284 5628 Hincmarum
3306 5574 3364 5643 in
3388 5573 3621 5643 epistola

2041 5645 2269 5699 secunda
2290 5642 2364 5697 ad
2392 5642 2641 5697 Carolum
2667 5642 2886 5696 Calvum
2920 5658 3118 5713 regem,
3148 5658 3265 5713 cap.
3294 5642 3346 5698 8.
