3962 6180
339 347 454 410 225

1353 343 1556 405 LIBER
1594 349 1683 403 DE
1722 341 2122 402 [MAGINIBUS
2163 341 2606 402 SANCTORUM.

3500 338 3607 397 2'25

343 485 405 523 se
430 463 849 520 circumveniat.
897 463 1213 532 Quicunque
1240 462 1478 533 aliquam
1511 462 1797 532 picturam,
1846 456 1928 513 vel
1957 461 2007 519 A
2034 459 2329 528 apostolos,
2359 467 2625 530 martyres
2655 464 2924 511 tormenta
2954 457 3242 527 patientes,
3300 456 3502 513 nullum
3542 458 3613 511 ab

346 554 562 611 fusilcm
604 554 722 609 sive
749 553 1007 610 duetilem
1060 552 1251 608 adorat
1284 561 1541 618 statuam,
1579 566 1684 605 non
1711 549 1929 605 exhibet

344 646 550 701 cultum
619 643 766 710 Deo;
821 660 931 699 non
991 646 1223 700 honorat
1279 641 1496 714 angelos
1552 640 1636 697 vel
1686 641 1933 696 homines

343 745 586 802 sanctos,
640 736 739 792 sed
790 736 1082 794 simulacra
1135 745 1441 791 veneratur.
1471 734 1597 802 Agit
1629 735 1732 787 hoc
1772 733 1932 787 nimi-

343 843 468 882 rum
521 835 777 882 versutus
821 834 878 882 et
906 827 1132 882 callidus
1158 825 1377 881 humani
1407 824 1620 895 generis
1658 822 1926 888 inimicus,

344 927 406 971 ut
430 918 532 971 sub
562 924 827 986 praetextu
865 918 1089 972 honoris
1125 925 1433 971 sanctorum
1464 931 1652 970 rursus
1679 913 1819 969 idola
1850 915 1932 968 in—

344 1009 616 1075 traducat,
645 1024 839 1063 rursus
887 1025 984 1079 per
1025 1009 1267 1063 diversas
1295 1007 1499 1076 efﬁgies
1533 1007 1821 1072 adoretur;
1875 1012 1933 1059 ut

346 1107 563 1155 avertat
580 1113 681 1153 nos
703 1098 772 1151 ab
810 1096 1161 1167 spiritalibus,
1190 1095 1259 1150 ad
1280 1095 1520 1150 carnalia
1553 1111 1683 1150 vero
1720 1095 1932 1148 demer-

344 1198 474 1261 gat;
505 1204 570 1243 ac
592 1204 691 1258 per
717 1188 899 1242 omnia
925 1188 1095 1241 simus
1122 1187 1270 1257 digni
1296 1186 1364 1240 ab
1403 1185 1661 1255 Aposrolo
1685 1185 1872 1239 audire
1913 1202 1926 1238 :

345 1276 393 1331 0
416 1278 695 1343 insensati,
722 1278 839 1349 quis
872 1294 959 1331 vos
980 1277 1303 1347 fascinarit?
1339 1278 1405 1332 Et
1432 1296 1445 1329 :
1480 1275 1568 1331 Sic
1595 1275 1743 1331 stulti
1785 1276 1928 1341 estis,

346 1377 401 1421 ut
446 1384 569 1421 cum
614 1370 801 1438 spiritu
835 1369 1114 1438 caeperitis,
1154 1385 1290 1422 nunc
1332 1385 1489 1422 carne
1532 1367 1934 1421 consummemi—

346 1457 444 1511 ni?
496 1456 587 1511 Ita
634 1458 768 1511 enim
792 1456 1045 1523 Satanas,
1076 1458 1216 1511 sicut
1256 1456 1388 1510 dicit
1411 1456 1555 1510 idem
1620 1453 1929 1523 Apostolus,

343 1549 701 1618 transﬁgurat
746 1565 798 1601 se
832 1548 890 1602 in
916 1545 1160 1618 angelum
1190 1546 1341 1601 lucis.
1373 1546 1614 1616 Denique
1662 1560 1933 1601 comessa-

344 1639 533 1693 tiones
555 1648 612 1693 et
635 1639 924 1694 ebrietates
944 1638 1239 1693 introducit
1265 1638 1364 1692 sub
1389 1638 1604 1692 nomine
1624 1636 1928 1702 charitatis,

346 1730 662 1800 superbiam
690 1737 744 1785 et
769 1731 1020 1785 duritiam
1049 1727 1395 1784 inﬂexibilem
1433 1728 1788 1800 constantiam
1831 1726 1933 1779 im-

2032 548 2355 619 imaginibus
2392 563 2527 618 quas
2578 547 2871 617 aspicimus
2905 547 3163 602 auxilium
3202 564 3422 619 sperare
3450 549 3613 603 dehe‘

2030 653 2180 703 mus;
2213 638 2339 707 quia
2368 653 2468 692 nec
2500 638 2640 692 male
2664 646 2891 707 possunt
2914 636 3112 704 facere,
3137 654 3237 694 nec
3259 641 3414 694 bene.
3447 639 3612 694 Recte

2030 730 2306 794 nimirum,
2331 728 2400 782 ob
2422 724 2729 799 hujusmodi
2752 732 3120 785 evacuandam
3146 731 3611 801 superstitionem,

2031 821 2141 875 abc
2184 820 2499 875 orthodoxis
2542 821 2787 889 patribus
2813 820 3090 874 deﬁnitum
3136 830 3220 875 est
3269 821 3508 891 picturas
3556 822 3611 875 in

2031 910 2271 966 Ecclesia
2303 911 2421 965 ﬁeri
2449 925 2557 965 non
2607 909 2804 964 debere
2838 928 2850 961 :
2887 909 2968 963 Ne
2995 910 3133 981 quod
3163 909 3354 964 colitur
3391 921 3439 966 et
3481 912 3611 967 ado-

2036 1013 2206 1068 ratur,
2235 1004 2290 1056 in
2316 1002 2600 1073 parietibus
2622 1002 2951 1072 depingatur.

2103 1092 2342 1147 XXXIV.
2375 1092 2506 1147 lllud
2534 1107 2664 1146 vero
2697 1107 2797 1160 qua
2830 1092 3247 1161 praesumptione
3270 1091 3350 1158 ﬁt,
3398 1099 3459 1146 ut
3497 1093 3612 1148 sine

2031 1182 2275 1246 basilica,
2328 1182 2447 1235 sine
2497 1180 2678 1244 altari,
2730 1182 2933 1248 absque
2969 1189 3279 1234 sanctorum
3329 1180 3606 1251 reliquiis.

2033 1286 2195 1339 super
2243 1269 2549 1339 hujusmodi
2593 1268 2844 1340 ﬁgmenta
2873 1268 3053 1322 missa:
3080 1268 3454 1334 celebrentur;
3486 1282 3612 1324 cum

2033 1362 2203 1416 sancti
2246 1361 2438 1415 Patres
2489 1361 2544 1415 in
2596 1361 2824 1414 concilio
2869 1359 3277 1430 Carthaginensi
3320 1362 3614 1416 statuerint

2035 1451 2189 1524 (Cod.
2248 1450 2453 1505 Conon.
2501 1450 2649 1504 Eccl.
2706 1451 2899 1520 Afric.,
2953 1451 3032 1504 tit.
3081 1450 3205 1520 85):
3245 1469 3264 1502 ι
3310 1450 3382 1506 Ut
3415 1451 3612 1507 altaria

2035 1558 2154 1612 qua:
2179 1541 2379 1611 passim
2402 1557 2498 1611 per
2528 1556 2687 1612 agros
2732 1548 2825 1594 aut
2856 1541 2975 1595 vias
3025 1549 3281 1610 tanquam
3336 1544 3613 1598 memoriae

2034 1644 2335 1705 martyrum
2386 1641 2796 1699 construuntur,
2842 1634 2894 1688 in
2922 1633 3117 1702 quibus
3166 1633 3371 1688 nullum
3413 1651 3612 1705 corpus

2035 1733 2128 1780 aut
2149 1726 2390 1794 reliquiae
2416 1734 2717 1795 martyrum
2772 1724 3000 1779 conditse
3030 1724 3350 1794 probantur,
3377 1725 3446 1779 ab
3492 1726 3606 1794 cpi-

347 1820 654 1890 perturbati
697 1819 866 1891 animi
912 1834 1033 1874 esse
1074 1817 1291 1874 simulat
1318 1857 1333 1882 ,
1358 1831 1667 1886 cmcumque
1691 1815 1929 1870 furorem
1958 1806 2005 1864 Β
2033 1817 2213 1886 scopis
2237 1817 2329 1886 qui
2356 1816 2549 1871 iisdem
2572 1815 2707 1871 locis
2747 1824 3006 1884 praesunt,
3033 1815 3079 1870 si
3103 1815 3219 1870 ﬁeri
3248 1824 3447 1886 potest,
3465 1831 3616 1871 ever—

348 1911 451 1965 zeli
480 1911 861 1966 rectitudinem
893 1918 1069 1965 vocat.
1107 1908 1233 1963 Ideo
1258 1907 1390 1963 dicit
1432 1906 1668 1962 Joannes
1716 1915 1931 1975 aposto—

347 2001 435 2056 lus
471 2019 484 2056 :
518 2000 699 2057 Nolite
722 2002 865 2056 omni
908 2000 1118 2071 spiritui
1164 1999 1396 2064 credere,
1425 1998 1515 2052 sed
1559 1996 1773 2069 probate
1829 1996 1935 2067 spi—

349 2095 507 2158 ritus,
548 2102 725 2146 utrum
790 2108 855 2147 ea:
920 2091 1028 2146 Deo
1081 2092 1205 2146 sint.
1268 2091 1607 2161 Aspiciamus
1663 2091 1929 2161 picturam

348 2185 505 2254 quasi
536 2184 830 2253 picturam,
876 2182 1007 2248 vita,
1059 2198 1241 2245 sensu,
1279 2190 1334 2237 et
1365 2182 1577 2236 ratione
1633 2191 1927 2236 carentem.

349 2273 613 2329 Pascatur
636 2273 738 2328 hac
764 2274 969 2328 visione
991 2273 1198 2328 oculus.
1242 2274 1413 2327 Deum
1457 2288 1587 2326 vero
1641 2280 1932 2326 veneretur

348 2368 584 2430 animus,
622 2366 714 2434 qui
741 2373 796 2419 et
820 2365 1022 2419 sanctis
1047 2366 1158 2420 suis
1178 2364 1418 2420 victoriae
1450 2380 1729 2430 coronam,
1754 2374 1808 2419 ct
1829 2380 1927 2419 uo-

351 2456 435 2510 bis
464 2455 870 2510 intercessionis
895 2470 1082 2509 eorum
1107 2455 1299 2509 tribuit
1327 2456 1611 2523 adjutoria.

424 2545 636 2601 XXXII.
668 2545 985 2600 Habuerunt
1009 2560 1241 2615 namque
1265 2553 1317 2600 et
1349 2545 1557 2614 antiqui
1614 2557 1927 2600 sanctorum

346 2638 615 2707 imagines
639 2637 720 2691 vel
744 2637 940 2706 pictas,
969 2637 1051 2691 vel
1076 2637 1336 2707 seulptas,
1383 2638 1525 2692 sicut
1553 2638 1716 2691 etiam
1766 2653 1929 2707 supe-

347 2730 465 2783 rius
499 2738 584 2783 est
610 2739 916 2794 ostensum;
942 2729 1034 2782 sed
1057 2744 1214 2784 causa
1252 2729 1515 2793 historice,
1547 2729 1614 2783 ad
1640 2729 1930 2783 recordan-

344 2822 502 2884 dum,
554 2836 662 2875 non
710 2819 775 2873 ad
803 2820 1116 2885 colendum;
1175 2828 1255 2885 ut,
1292 2819 1442 2874 verbi
1493 2819 1689 2890 gratia,
1721 2832 1746 2859 α
1780 2827 1931 2889 gesta

344 2912 652 2983 synodalia,
706 2912 794 2966 ubi
848 2912 1208 2983 pingebantur
1252 2911 1501 2966 catholici
1534 2911 1762 2966 veritate
1810 2908 1930 2965 fulti

344 3013 404 3057 et
456 3004 713 3067 victores,
776 2994 1239 3057 haeretiei'aulem
1288 3003 1441 3072 pravi
1473 3002 1741 3073 dogmatis
1778 3017 1929 3057 men—

346 3094 523 3149 daciis
547 3094 775 3149 detectis
802 3094 1034 3148 convicti
1049 3102 1103 3148 et
1124 3094 1357 3164 expulsi,
1398 3096 1467 3149 ob
1498 3094 1926 3149 recordationem

2033 1915 2238 1961 tantur.
2272 1904 2330 1959 Si
2380 1914 2562 1959 autem
2604 1905 2707 1959 hoc
2730 1919 2825 1973 per
2853 1905 3112 1960 tumultus
3161 1906 3453 1976 p0pulares
3501 1922 3612 1962 non

2030 1996 2245 2061 sinitur,
2275 1994 2460 2066 plebes
2501 2002 2680 2048 tamen
2712 1994 3124 2061 admoneantur,
3154 2012 3223 2051 ne
3244 1995 3333 2049 illa
3364 1996 3476 2051 loca
3506 1995 3614 2060 {re-

2028 2094 2319 2156 quentent;
2340 2093 2402 2139 ut
2418 2084 2507 2155 qui
2525 2092 2667 2139 recte
2682 2084 2920 2154 sapiunt,
2940 2084 3082 2138 nulla
3101 2085 3202 2139 sibi
3217 2087 3610 2155 superstitione

2030 2176 2226 2231 devicti
2274 2184 2593 2243 teneantur;
2625 2186 2679 2231 et
2725 2178 2946 2231 omnino
2985 2177 3127 2231 nulla
3173 2179 3436 2234 memoria
3468 2195 3614 2234 mar-

2030 2276 2210 2340 tyrum
2253 2269 2607 2339 probabiliter
2653 2277 2984 2338 acceptetur,
3023 2270 3126 2324 nisi
3152 2271 3243 2326 ubi
3293 2287 3492 2341 corpus
3519 2280 3616 2328 aut

2029 2359 2222 2429 aliqua:
2246 2360 2485 2429 reliquiae
2503 2368 2651 2424 sunt,
2682 2369 2776 2413 aut
2804 2360 2956 2430 origo
2983 2358 3209 2427 alicujus
3235 2361 3610 2427 habitationis,

2028 2451 2114 2506 vel
2168 2440 2548 2522 possessionis,
2594 2452 2678 2506 vel
2722 2454 2993 2523 passionis
3049 2453 3361 2510 ﬁdelissima
3402 2456 3613 2526 origine

2030 2543 2281 2595 traditur.
2308 2541 2442 2595 Nam
2471 2557 2590 2611 quae
2610 2558 2708 2612 per
2737 2543 2946 2597 somnia
2969 2552 3023 2597 et
3047 2544 3235 2597 inanes
3256 2545 3412 2614 quasi
3460 2560 3615 2598 reve-

2028 2633 2257 2687 lationes
2273 2632 2633 2702 quorumlibet
2652 2633 2928 2686 hominum
2946 2634 3251 2703 ubicunque
3267 2634 3608 2688 constituun-

2029 2729 2117 2775 tur
2143 2721 2353 2785 altaria,
2405 2721 2718 2776 omnimodo
2744 2721 3133 2791 improbentur.
3164 2743 3183 2775 ι
3231 2723 3474 2778 Fuerunt
3505 2723 3613 2777 illis

2028 2812 2216 2869 diebus
2269 2812 2591 2868 sufﬁcientia
2624 2814 2739 2868 hinc
2761 2822 2982 2869 statuta.
3012 2814 3250 2869 Necdum
3281 2815 3425 2870 enim
3454 2830 3613 2871 error

2027 2916 2340 2970 emerserat,
2370 2920 2476 2975 quo
2504 2922 2646 2961 nunc
2690 2906 2756 2961 de
2795 2905 3144 2973 carbonibus,
3184 2908 3477 2978 minioque,
3525 2907 3614 2962 vel

2028 2998 2273 3067 sinopide
2326 2998 2570 3068 ﬁguratae
2610 2996 2840 3068 efﬁgies,
2896 3007 3098 3053 sanctae
3151 3000 3410 3071 imagines
3446 2982 3615 3056 vnea-

2028 3099 2236 3155 rentur,
2269 3097 2323 3143 et
2352 3090 2640 3144 adoranda:
2667 3089 3112 3160 prmdicarentur.
3240 3076 3259 3095 ’

349 3187 628 3241 ﬁrmitatis
679 3186 956 3241 catholicae
1001 3186 1156 3253 ﬁdei,
1194 3154 1358 3257 ῖῇυχιεί
1405 3204 1611 3243 morem
1660 3187 1924 3244 bellorum
1953 3154 1998 3216 (ἶ
2101 3154 2318 3234 XXXV.
2349 3179 2459 3236 Nec
2503 3154 2697 3235 iterum
2749 3181 2817 3235 ad
2864 3197 2960 3236 sua
3009 3181 3231 3236 latibula
3272 3180 3618 3238 fraudulenta

348 3288 466 3334 tum
504 3289 852 3335 externorum
898 3296 1023 3337 cum
1075 3280 1313 3336 civilium
1370 3282 1440 3337 ad
1484 3283 1802 3339 memoriam
1845 3283 1927 3340 rei

349 3380 551 3445 gestae;
578 3372 719 3428 sicut
750 3378 805 3425 et
840 3372 895 3425 in
938 3370 1121 3427 multis
1145 3371 1280 3426 locis
1306 3372 1571 3428 videmus.
1606 3372 1713 3430 Sed
1745 3374 1927 3431 nullus

348 3466 700 3536 antiquorum
729 3464 1115 3521 catholicorum
1151 3480 1391 3536 unquam
1416 3480 1509 3521 eas
1538 3465 1794 3523 colendas
1839 3467 1926 3524 vel

347 3557 657 3612 adorandas
678 3556 793 3611 fore
814 3556 1165 3613 existimavit.

432 3640 670 3706 XXXIII.
731 3648 887 3704 Nunc
937 3658 1116 3705 autem
1168 3664 1324 3706 error
1376 3649 1759 3707 invalescendo
1816 3660 1926 3708 tam

345 3742 670 3815 perspicuus
692 3738 865 3795 factus
887 3748 992 3806 est,
1029 3748 1090 3795 ut
1118 3740 1436 3795 idololatriae
1455 3740 1538 3795 vel
1566 3741 1594 3780 δ
1615 3739 1925 3813 Anthropo-

348 3832 747 3903 morphitarum
776 3831 968 3886 hieresi
997 3831 1355 3902 propinquum
1387 3838 1482 3885 aut
1504 3831 1678 3887 simile
1706 3833 1779 3887 sit
1801 3832 1928 3890 ado-

347 3941 478 3981 rare
506 3924 780 3996 ﬁgmenta,
835 3930 891 3979 et
918 3935 1067 3993 spem
1109 3922 1165 3976 in
1192 3922 1274 3977 eis
1303 3921 1522 3976 habere.
1550 3921 1620 3975 At
1663 3938 1781 3992 quae
1828 3924 1929 3978 hu-

340 4016 439 4086 jus
485 4016 692 4071 erroris
747 4013 954 4069 causa?
986 4012 1149 4067 Fides
1190 4011 1257 4066 de
1303 4012 1467 4067 corde
1493 4012 1690 4077 ablata,
1724 4021 1836 4068 tota
1866 4013 1929 4067 ﬁ-

348 4108 513 4163 ducia
551 4108 606 4162 in
651 4105 813 4162 rebus
854 4103 1156 4160 visibilibus
1206 4103 1490 4159 collocata.
1539 4103 1693 4160 Sicut
1746 4114 1927 4161 autem

347 4200 604 4255 videntes
644 4199 818 4269 pictos
862 4203 1103 4251 armatos
1129 4196 1296 4259 viros,
1345 4194 1427 4248 vel
1459 4194 1802 4266 agriculturae
1847 4195 1928 4250 in-

348 4300 554 4357 tentos,
602 4290 720 4345 sive
764 4295 1048 4354 metentes,
1076 4286 1163 4342 vel
1189 4286 1604 4351 vindemiantes,
1635 4302 1730 4342 seu
1774 4294 1927 4343 stan-

349 4395 436 4441 tes
486 4386 543 4439 in
587 4383 816 4438 navibus
859 4382 1178 4452 piscatores,
1222 4387 1279 4434 et
1311 4380 1447 4434 retia
1472 4378 1927 4447 jaculantes,nee

2030 3283 2279 3327 recurrat
2313 3272 2536 3336 astutia,
2586 3280 2646 3325 ut
2697 3271 2840 3327 dicat
2864 3288 2921 3328 se
2948 3289 3054 3328 non
3087 3273 3349 3344 imagines
3396 3283 3615 3330 sancto-

2030 3377 2150 3415 rum
2182 3361 2429 3426 adorare,
2460 3361 2554 3415 sed
2575 3369 2813 3416 sanctos.
2841 3361 3049 3416 Clamat
3083 3364 3227 3417 enim
3259 3364 3400 3420 Deus
3427 3383 3439 3418 :
3482 3364 3611 3419 Glo-

2027 3453 2162 3507 riam
2187 3469 2357 3507 meam
2391 3451 2547 3506 alteri
2576 3469 2679 3506 non
2708 3452 2864 3519 dabo,
2894 3471 2986 3508 nec
3016 3454 3225 3510 laudem
3271 3473 3442 3511 meam
3468 3458 3613 3512 scul-

2025 3543 2259 3614 ptilibas.
2290 3544 2358 3598 Et
2378 3543 2669 3613 Apostolus
2698 3544 2765 3599 de
2808 3543 3035 3601 Domino
3090 3554 3278 3602 nostro
3318 3550 3616 3605 mediatore

2023 3634 2119 3691 Dei
2148 3645 2204 3691 et
2232 3637 2509 3690 hominum
2539 3636 2756 3690 homine
2783 3635 3003 3692 Christo
3027 3634 3153 3692 Jesu
3187 3655 3202 3693 :
3226 3636 3453 3708 Propter
3469 3641 3611 3710 quod

2025 3734 2074 3779 et
2124 3725 2260 3780 Deus
2286 3725 2531 3780 exultavit
2551 3723 2721 3791 illum,
2744 3734 2791 3779 et
2823 3724 2963 3779 dedit
3010 3725 3089 3779 illi
3115 3743 3323 3794 nomen,
3349 3729 3490 3800 quod
3529 3740 3605 3784 est

2025 3834 2182 3888 super
2205 3833 2355 3872 omne
2381 3834 2585 3871 nomen.
2622 3816 2790 3884 Quale
2815 3832 2947 3871 vero
2980 3817 3083 3872 hoc
3110 3832 3308 3873 nomen
3332 3820 3441 3886 sit,
3481 3836 3612 3875 con-

2026 3919 2314 3980 sequenter
2365 3909 2619 3979 exponit:
2677 3900 2821 3961 (Itin
2862 3909 3071 3964 nomine
3101 3907 3234 3967 Jesu
3269 3929 3420 3967 omne
3464 3931 3601 3985 genu

2026 4002 2298 4072 ﬂectatur,
2338 3998 2645 4063 caelestium,
2696 4007 3047 4064 terrestrium,
3072 4012 3121 4053 et
3166 4000 3511 4071 infernarum,
3556 4014 3605 4058 et

2027 4093 2196 4147 omnis
2214 4092 2393 4163 lingua
2419 4091 2731 4160 conﬁteatur
2752 4090 2881 4162 quia
2901 4089 3159 4146 Dominus
3179 4092 3333 4148 Iesus
3366 4093 3609 4151 Christus

2027 4184 2083 4238 in
2129 4182 2296 4253 gloria
2322 4192 2397 4236 est
2424 4181 2521 4236 Dei
2564 4180 2765 4235 Patris.
2798 4180 2951 4237 Hane
2976 4191 3322 4253 potestatem,
3364 4185 3600 4251 laudem,

2029 4274 2474 4339 dominationem,
2522 4273 2626 4328 hoc
2673 4288 2872 4329 nomen
2926 4273 3071 4344 quod
3121 4284 3207 4331 est
3248 4291 3412 4348 super
3449 4292 3614 4335 omne

2027 4381 2245 4430 nomen,
2267 4365 2445 4419 nullus
2472 4371 2691 4419 sanctus
2717 4363 2961 4435 angelus,
2984 4365 3163 4420 nullus
3194 4376 3415 4424 sanctus
3439 4370 3603 4425 homo

348 4492 461 4531 non
489 4482 777 4529 venatores
820 4471 1101 4526 venabulis
1127 4470 1391 4535 extensis,
1415 4484 1538 4524 cum
1570 4471 1794 4525 canibus
1834 4486 1926 4526 ca-
1950 4494 2004 4554 D
2027 4458 2131 4513 Sibi
2155 4462 2400 4527 υευφδῑ·
2432 4455 2669 4526 Angelus
2688 4455 2847 4554 fmim
2877 4455 2968 4524 qui
2992 4458 3295 4554 usurpavit,
3317 4459 3411 4554 :61
3441 4460 3604 4514 homo

346 4580 513 4636 preas
535 4576 830 4632 cervosque
848 4569 1257 4631 persequentes,
1288 4575 1386 4615 nec
1407 4566 1752 4630 augmentum
1775 4576 1930 4616 exer-

348 4655 511 4715 citus,
556 4668 660 4707 nec
701 4649 1027 4719 adiutorium
1081 4649 1248 4704 annui
1306 4649 1508 4718 operis,
1561 4648 1648 4703 vel
1700 4665 1928 4705 acervos

350 4743 544 4809 tritici,
582 4755 679 4796 seu
733 4738 937 4794 rivulos
970 4738 1156 4803 musti,
1206 4753 1304 4792 nec
1355 4738 1556 4807 pisces,
1597 4753 1824 4808 capreas
1875 4748 1931 4794 et

351 4848 478 4889 sues
540 4831 610 4885 ab
635 4830 739 4884 illis
786 4845 887 4884 nos
913 4837 1229 4898 accepturos
1250 4842 1563 4898 speramus;
1596 4829 1668 4882 ita
1693 4844 1926 4899 quoque,

350 4926 396 4978 si
422 4922 722 4978 viderimus
767 4929 1032 4993 pennatos
1075 4918 1294 4986 angelos
1328 4918 1521 4989 pictos,
1572 4920 1932 4990 praedicantes

2029 4566 2189 4621 quem
2243 4561 2508 4618 usurpare
2556 4546 2750 4610 suasit,
2799 4555 3029 4614 uterque
3054 4547 3279 4601 corruit.
3315 4546 3373 4602 Si
3413 4558 3602 4604 autem

2030 4639 2226 4709 aliquis
2249 4637 2414 4691 homo
2442 4636 2721 4699 adorator,
2750 4633 2835 4687 vel
2858 4634 3099 4703 angelus,
3128 4642 3328 4702 praeter
3347 4650 3470 4689 eum
3512 4637 3607 4706 qui

2029 4740 2084 4786 et
2104 4732 2246 4784 Deus
2268 4734 2323 4782 et
2346 4726 2511 4780 homo
2528 4732 2581 4779 et
2610 4723 2805 4777 summi
2831 4737 2953 4777 esse
2979 4722 3190 4776 consilii
3212 4722 3455 4793 angelus,
3479 4723 3609 4779 Pro-

2030 4822 2190 4892 pheta
2236 4824 2490 4880 testante,
2549 4813 2883 4885 perhibetur,
2932 4828 3039 4867 non
3087 4821 3170 4868 est
3214 4813 3360 4868 aliud
3407 4829 3605 4869 nomen

2032 4912 2175 4984 quod
2199 4910 2271 4965 sit
2294 4908 2380 4963 vel
2418 4922 2581 4977 super
2609 4910 2713 4961 hoc
2742 4921 2940 4961 nomen
2969 4905 3114 4976 quod
3141 4914 3227 4962 est
3249 4921 3412 4977 super
3453 4922 3612 4962 omne

1712 5007 1987 5065 BALUZII
2021 5001 2252 5062 NOTAE.

427 5132 451 5160 ι
477 5117 636 5174 Gesta
660 5117 939 5188 synodalia
995 5116 1132 5172 Hinc
1158 5115 1569 5188 discimusrillic
1593 5116 1783 5188 solitos
1808 5118 1935 5177 olim

352 5191 502 5262 pingi
526 5187 816 5244 consessus
834 5188 1228 5262 episcoporum,
1250 5188 1343 5262 ubi
1368 5187 1553 5241 habita
1579 5187 1792 5262 fuerant
1815 5204 1914 5243 con

350 5257 502 5323 eius,
527 5270 586 5313 ut
613 5266 775 5314 tantm
801 5257 879 5312 rei
905 5258 1162 5311 memoria
1191 5257 1482 5311 inhmrerct
1509 5257 1703 5312 animis
1733 5269 1938 5314 morta-

351 5330 510 5395 lium,
540 5330 808 5398 ﬁdemque
836 5329 1039 5398 faceret
1064 5327 1280 5398 erroris
1292 5328 1570 5398 prostrati.

426 5347 510 5395 ill],
540 5344 808 5398 nuemqne
836 5344 1039 5382 Iaceret
1064 5344 1570 5450 οτιοοιπιἯιιοοειι-ειιι.

426 5400 457 5442 b
486 5397 1001 5467 Anthropomorpliit.
1024 5397 1226 5450 Ita'resi.
1310 5412 1372 5467 os
1399 5396 1725 5466 Epiphanius
1748 5397 1802 5450 in
1826 5396 1936 5452 haz-

354 5470 463 5525 resi
497 5485 603 5524 uit
634 5466 907 5522 Audianos
932 5480 1162 5529 vocans,
1202 5481 1308 5519 non
1348 5466 1491 5520 inter
1527 5466 1807 5521 hmreticos
1846 5481 1932 5521 re-

352 5548 571 5598 censet.
601 5539 696 5593 sed
727 5539 872 5591 inter
896 5536 1291 5599 schismaticos,
1321 5536 1455 5592 dans
1478 5537 1686 5600 veniam
1719 5536 1938 5590 rustici-

352 5609 476 5663 tati.
526 5608 661 5662 Nam
690 5622 882 5663 eorum
906 5621 1060 5659 error
1085 5606 1174 5660 hic
1208 5614 1357 5668 erat,
1395 5616 1455 5659 ut
1494 5606 1661 5661 Deum
1700 5606 1798 5660 sibi
1839 5606 1940 5659 ﬁn-

351 5688 545 5747 gerent
587 5680 825 5734 humana
864 5675 1073 5747 specie,
1124 5675 1417 5747 secundum
1463 5691 1623 5745 quam
1674 5676 1942 5747 creaverit

347 5743 631 5804 hominem
656 5748 724 5803 ad
753 5743 1046 5815 imaginem
1076 5751 1130 5801 et
1156 5743 1567 5800 similitudinem
1595 5760 1767 5799 suam.
1802 5744 1938 5799 Tum

2047 5116 2276 5177 l‘ast-ha,
2309 5124 2459 5167 more
2485 5111 2815 5174 Judaeorum,
2855 5110 2977 5164 luna
3007 5128 3099 5167 xxv
3126 5111 3387 5166 celebrari
3418 5113 3617 5169 debere

2044 5186 2278 5241 aiebant.
2321 5182 2448 5251 Ejus
2482 5189 2643 5236 sectae
2668 5194 2859 5236 auctor
2881 5180 3112 5251 Audiens
3144 5197 3175 5235 e
3207 5181 3615 5251 Mesopotamia,

2045 5258 2127 5311 vir
2164 5254 2321 5325 plane
2359 5250 2614 5325 sanctus,
2656 5268 2723 5325 ac
2746 5250 2924 5325 prisci
2966 5252 3160 5325 moris,
3204 5259 3265 5305 ut
3299 5250 3514 5325 constat
3547 5270 3615 5309 ex

2042 5320 2258 5445 eode];0
2282 5320 2601 5392 Epiphanio.
2656 5320 2791 5376 Vide
2832 5320 3277 5375 Prmdestinatum
3302 5359 3317 5384 ,
3367 5321 3507 5379 libro
3554 5341 3614 5391 ι,

2043 5410 2162 5445 ρθο.
2266 5432 2278 5444 .

2043 5394 2486 5538 εῗᾝὲἓλοάοπὶε
2518 5459 2784 5538 Ῐξαινὶῥω,
2816 5459 3170 5538 ρρίεοορίξΛί-ςι
3205 5462 3618 5538 synodo‘Elibe-

2045 5534 2220 5588 ritana
2258 5529 2595 5601 congregatis
2626 5531 2779 5601 eirea
2817 5545 3016 5583 annum
3053 5530 3193 5593 505,
3236 5529 3334 5600 qui
3378 5534 3619 5601 picturas

2045 5605 2400 5659 decreverunt
2428 5600 2482 5674 in
2514 5600 2750 5674 Ecclesia
2777 5614 2895 5674 esse
2924 5616 3029 5674 non
3061 5600 3256 5674 debere
3281 5618 3294 5655 :
3324 5621 3342 5654 ι
3373 5600 3449 5658 Ne
3474 5605 3618 5674 quod

2046 5674 2245 5728 colitur
2281 5681 2335 5744 e_t
2376 5672 2652 5744 aduratur.
2681 5669 2733 5722 in
2756 5670 3059 5744 parietibus
3086 5671 3433 5744 depingatur;
3464 5669 3617 5744 {qui

2047 5757 2222 5797 canon
2249 5741 2386 5795 mire
2412 5738 2569 5792 torsit
2593 5738 2805 5807 ingenia
2832 5739 3108 5795 hominum
3134 5738 3487 5797 eruditorum.
