4010 6184
293 270 395 326 237

1254 262 1314 318 S.
1355 256 1711 317 AGOBARDI
1749 250 2060 312 EPISCOPI
2100 250 2590 310 LUGDUNENSIS

3468 250 3576 307 2‘28

289 397 511 447 nomen,
532 387 626 436 aut
651 378 857 451 :equale
879 377 974 434 illi.
999 376 1106 432 Sed
1128 375 1257 447 quia
1286 373 1467 429 nullus
1493 373 1605 428 Deo
1629 370 1873 440 aequalis,
1905 349 1954 407 Α
1982 382 2147 438 super
2169 380 2331 420 omne
2377 378 2613 426 nomen;
2646 376 2714 416 ne
2738 360 2784 416 si
2811 359 2966 416 alteri
3016 360 3162 417 hunc
3192 360 3453 415 honorem
3480 363 3577 414 tri-

292 472 472 528 nullus
496 472 635 527 alius
660 468 1022 527 essentialiter
1057 465 1235 531 Jesus,
1261 466 1314 521 id
1332 472 1434 529 est,
1464 463 1736 525 Salvator,
1761 460 1878 516 exi-

246 626 253 631 _
290 566 407 632 stit,
437 565 725 620 credamus
760 560 1038 632 Apostolo,
1086 557 1341 613 cedamus
1395 556 1591 611 divinm
1641 552 1878 608 auctori-

293 654 423 722 tati;
456 653 734 709 ﬂectamus
754 666 896 723 genu
924 651 979 705 in
1009 649 1227 706 nomine
1255 647 1425 704 solius
1450 643 1601 711 Jesu,
1624 643 1770 714 quod
1801 650 1888 697 est

1982 460 2215 521 buimus,
2243 455 2403 511 alieni
2424 453 2735 523 iudicemur
2758 468 2790 506 a
2834 452 2966 519 Deo,
2998 462 3053 509 et
3098 453 3440 508 dimittantur
3490 467 3582 507 se-

1981 550 2219 605 cundum
2243 544 2514 604 desideria
2556 545 2735 600 cordis
2774 544 2948 600 nostri
3000 544 3083 600 ire
3130 544 3184 599 in
3230 544 3577 599 adiuventio-

1993 643 2154 697 nibus
2178 642 2401 696 nostris.

1350 759 1499 815 Finit
1532 758 1597 813 de
1624 756 1860 813 Picturis
1894 754 2206 825 Agobardus
2237 754 2531 826 episcopus.

2976 886 2981 889 .
3270 886 3271 889 η

1763 987 2179 1098 LIBER

960 1218 1061 1281 DE
1102 1208 1737 1278 DISPENSATIONE
1777 1197 2575 1270 ECCLESIASTICARUM
2619 1198 2921 1268 RERUM.

364 1428 404 1483 1.
439 1423 776 1498 Significavit
816 1421 949 1475 mihi
995 1418 1171 1474 fidelis
1214 1433 1279 1472 ac
1313 1416 1620 1471 veneranda
1669 1415 1889 1471 dilectio

297 1530 413 1584 tua,
443 1516 589 1587 quod
631 1513 764 1568 clari
811 1520 866 1566 et
903 1509 1154 1565 honorati
1188 1508 1289 1561 viri
1312 1522 1407 1577 per
1435 1519 1458 1546 α
1492 1505 1885 1574 Septimaniam

294 1607 407 1664 eth
458 1602 804 1660 Provinciam
860 1599 1243 1662 consistentes,
1284 1596 1352 1650 de
1407 1611 1495 1650 me
1553 1597 1890 1650 incessanter

295 1695 655 1755 obtrectando
730 1693 1061 1762 loquantur;
1127 1704 1439 1758 quanquam
1508 1702 1609 1742 nec
1674 1686 1888 1741 creteris

297 1797 545 1861 parcant,
601 1785 843 1841 dicentes
894 1782 1130 1836 movisse
1182 1796 1304 1846 nos,
1338 1795 1403 1835 ac
1447 1780 1719 1850 prmeipue
1768 1795 1885 1842 me,

296 1878 597 1936 inauditam
626 1875 1031 1931 contentionem
1077 1879 1238 1942 atque
1282 1872 1629 1936 discordiam,
1657 1886 1758 1940 pro
1798 1886 1888 1925 ec-

295 1969 621 2029 clesiasticis
657 1967 850 2031 rebus;
886 1966 1047 2034 idque
1090 1964 1235 2017 inter
1263 1977 1378 2028 eos,
1410 1978 1519 2016 non
1566 1960 1741 2016 solum
1788 1961 1885 2016 de-

297 2061 576 2123 trahendo,
606 2060 698 2113 sed
723 2068 779 2114 et
802 2054 1206 2119 conuuinando,
1244 2062 1300 2108 et
1344 2054 1714 2107 versutiarum
1760 2051 1889 2106 insi-

297 2155 417 2210 dias
435 2149 816 2214 machinando,
831 2147 1081 2202 omnibus
1107 2145 1282 2199 modis
1298 2159 1362 2200 ac
1384 2144 1501 2199 sine
1529 2142 1888 2197 intermissio-

298 2261 368 2301 ne
432 2242 645 2315 agitari.
697 2240 793 2295 Ais
837 2240 1003 2293 etiam
1055 2234 1257 2291 nullam
1310 2248 1403 2290 eos
1459 2232 1888 2289 satisfactionem

301 2332 387 2390 vel
426 2320 834 2387 excusationem
885 2327 1022 2381 velle
1071 2327 1355 2396 recipere:
1394 2325 1489 2379 sed
1530 2325 1574 2378 si
1620 2340 1726 2393 qua
1784 2323 1889 2377 illis

301 2419 716 2487 rationabiliter,
769 2418 1141 2475 satisfaciendi
1190 2417 1395 2489 gratia,
1436 2431 1467 2469 a
1520 2416 1763 2487 quolibet
1795 2431 1892 2486 0p-

299 2516 478 2588 posita
505 2513 730 2578 fuerint,
762 2526 886 2566 sera
914 2511 1032 2564 btec
1060 2516 1115 2564 et
1139 2524 1313 2578 nuper
1341 2506 1635 2562 adinventa
1685 2505 1891 2561 calum-

301 2607 461 2664 niari.
492 2602 657 2673 Cuius
685 2602 765 2657 rei
805 2600 1062 2671 quoniam
1097 2598 1212 2652 vult
1237 2596 1551 2653 fraternitas
1586 2604 1675 2650 tua
1695 2610 1892 2666 puram

295 2710 629 2769 cognoscere
689 2693 1011 2757 veritatem,
1079 2690 1315 2761 qualiter
1368 2686 1620 2743 videlicet
1683 2694 1891 2742 motum

302 2798 784 2857 asseveratumque
807 2786 990 2850 fuerit,
1020 2783 1258 2839 maxime
1284 2781 1351 2836 de
1384 2796 1491 2846 me,
1523 2788 1785 2850 quantum
1809 2776 1893 2834 vel

304 2884 541 2955 qualiter
569 2883 622 2936 in
649 2880 741 2934 tali
771 2878 1176 2949 dispensatione
1208 2873 1570 2939 interfuerim,
1604 2873 1890 2937 audierim,

300 2972 388 3030 vel
438 2972 822 3045 suggesserim,
872 2968 1052 3025 scribo
1095 2968 1211 3023 hmo
1252 2966 1348 3022 tibi
1398 2964 1690 3031 veraciter,
1733 2968 1896 3035 prout

304 3068 390 3124 vis
452 3083 485 3123 a
548 3081 654 3121 me.
715 3052 813 3119 Ac'
833 3064 1066 3135 primum
1094 3062 1208 3133 ipse
1265 3061 1404 3116 scire
1435 3070 1612 3131 potes;
1644 3077 1731 3117 me
1758 3077 1896 3115 nun-

302 3171 466 3227 quam
488 3155 631 3211 inter
663 3151 898 3222 majores
926 3161 1143 3207 nostros
1168 3160 1225 3206 et
1252 3151 1509 3206 meliores
1550 3151 1709 3207 nobis
1758 3152 1895 3206 tanti

1990 1408 2238 1466 litatibus
2264 1410 2678 1465 commissorum
2711 1410 2813 1465 sibi
2843 1411 3188 1483 pepulerum,
3218 1415 3466 1483 pervenit
3511 1416 3581 1472 ad

1991 1505 2361 1561 sublimiorem
2415 1503 2822 1571 inquisitionem
2876 1505 3273 1573 pernecessarii
3333 1508 3577 1573 consilii,

1991 1597 2212 1665 cupiens
2239 1596 2447 1651 scilicet
2483 1595 2749 1660 invenire,
2798 1595 3036 1664 qualiter
3072 1599 3580 1668 congruentissimre

1952 1750 1955 1757 ι
1990 1687 2293 1758 profectum
2316 1685 2601 1750 doctrinae,
2654 1694 2709 1740 ct
2753 1686 3100 1741 abolitionem
3129 1688 3581 1760 negligentiarum

1990 1778 2365 1834 sacerdotibus
2395 1784 2449 1831 et
2471 1777 2685 1832 cunctis
2729 1778 3012 1832 honoratis
3057 1778 3171 1833 suis'
3199 1781 3582 1836 commendare

1991 1871 2293 1941 potuisset:
2326 1869 2470 1938 quod
2511 1869 2697 1937 utique
2737 1867 3083 1923 laudabiliter
3136 1871 3442 1939 inspirante
3488 1871 3584 1927 Dei

1991 1962 2160 2032 gratia
2209 1960 2475 2029 quresivit,
2520 1958 2800 2030 eleganter
2822 1960 3050 2025 invenit,
3081 1960 3312 2016 ﬁdeliter
3341 1978 3438 2017 ore
3485 1979 3584 2018 suo

1991 2052 2349 2107 annuntiavit.
2391 2050 2522 2117 Qua:
2555 2059 2752 2105 cuncta
2786 2067 2931 2105 nunc
2960 2051 3222 2122 replicare
3270 2052 3436 2107 nimis
3460 2070 3588 2124 pro-

1991 2141 2161 2195 lixum
2217 2150 2331 2205 est;
2358 2140 2486 2210 quia
2512 2152 2567 2195 et
2591 2149 2718 2195 tunc
2759 2140 2786 2180 ά
2840 2142 3112 2198 distinctis
3144 2144 3399 2214 capitulis
3437 2160 3589 2201 com-

1989 2233 2260 2303 prehensa
2298 2241 2447 2299 sunt,
2479 2240 2533 2286 et
2558 2234 2811 2288 omnibus
2839 2242 2966 2288 nota
2995 2249 3113 2289 esse
3147 2226 3399 2290 debent.‘

2061 2323 2146 2377 lll.
2189 2322 2341 2377 lianc
2372 2324 2536 2394 igitur
2565 2338 2678 2378 rem
2714 2339 2837 2378 eum
2866 2325 3019 2379 miris
3046 2332 3176 2380 tunc
3204 2326 3459 2382 laudibus
3486 2328 3585 2382 ad-

1991 2415 2099 2469 huc
2129 2413 2441 2495 inchoatam
2471 2414 2715 2485 magistri
2732 2415 2903 2470 nostri
2927 2414 3204 2481 ellerrent,
3226 2423 3282 2471 et
3309 2417 3584 2487 praecipue

1993 2508 2339 2562 venerandus
2368 2522 2534 2562 senex
2578 2518 2602 2545 ε
2626 2506 2951 2572 Adalardus,
2979 2509 3072 2579 qui
3099 2510 3264 2564 etiam
3286 2509 3504 2565 dicebat
3524 2525 3586 2565 se

1992 2612 2270 2667 nunquam
2304 2597 2587 2652 sublimius
2616 2597 2700 2652 vel
2729 2598 3017 2669 gloriosius
3052 2615 3276 2654 causam
3307 2598 3587 2669 profectus

1991 2688 2192 2759 publici
2221 2690 2424 2744 moveri
2456 2698 2510 2744 et
2545 2691 2776 2761 cogitari
2804 2691 3003 2746 vidisse
3039 2690 3058 2729 ί
3091 2708 3122 2746 a
3151 2699 3395 2762 tempore
3443 2695 3590 2764 regis

1992 2778 2207 2850 Pippini
2227 2795 2399 2849 usque
2426 2781 2491 2834 ad
2526 2781 2670 2835 diem
2706 2782 2888 2849 illum;
2921 2790 3131 2837 tantum
3156 2799 3224 2837 ne
3254 2783 3586 2854 responden-

1995 2869 2131 2923 tium
2159 2876 2215 2924 et
2248 2870 2615 2925 obedientium
2643 2870 2966 2941 negligentia
3004 2871 3404 2935 humiliaretur,
3432 2871 3588 2926 addi-

1994 2960 2071 3015 dit
2099 2959 2212 3030 ipse
2238 2968 2293 3016 et
2313 2960 2497 3015 creteri
2537 2961 2823 3032 primores,
2860 2961 3103 3017 dicentes
3130 2961 3278 3016 omni
3308 2961 3536 3017 concilio
3568 2976 3584 3014 :

1994 3048 2266 3122 Quidquid
2292 3050 2423 3105 utile
2443 3051 2681 3121 potuerit
2706 3052 2946 3121 reperire
2994 3052 3266 3121 sagacitas
3293 3060 3477 3108 vestra
3515 3050 3587 3106 ad

1995 3142 2237 3197 cavenda
2264 3148 2508 3211 peccata,
2542 3142 2606 3196 ad
2638 3142 2854 3196 vitanda
2885 3141 3145 3211 pericula,
3178 3142 3246 3196 ad
3278 3142 3589 3212 erigendam

307 3220 416 3303 ioci
463 3245 549 3300 vel
596 3220 819 3299 honoris
852 3242 1037 3309 fuisse,
1080 3250 1140 3297 ut
1183 3254 1277 3297 aut
1307 3243 1554 3297 incentor
1582 3243 1888 3310 discordiae,
1923 3220 1967 3281 Ο
2002 3231 2340 3308 religionem:
2368 3232 2435 3287 ad
2466 3231 2840 3286 “lustrandum
2867 3228 3194 3297 ἀοοῑΐίηθῐιὶν
3225 3231 3293 3285 ad
3318 3231 3584 3286 οοηοὶιο*

306 3346 403 3393 aut
446 3336 597 3407 pacis
644 3334 962 3390 conciliator
1006 3349 1128 3389 esse
1171 3334 1461 3403 potuerim.
1514 3334 1723 3405 Quippe
1761 3335 1890 3405 qui,

305 3437 368 3485 ut
414 3428 661 3483 insuetus
707 3431 762 3480 et
814 3424 1059 3491 timidus,
1090 3425 1235 3479 inter
1273 3423 1411 3479 tales
1452 3439 1517 3479 ac
1552 3434 1734 3481 tantos
1763 3441 1891 3481 raro

305 3517 452 3590 loqui
473 3516 703 3571 valeam.
735 3515 964 3581 Tamen,
1013 3514 1069 3569 in
1099 3524 1363 3585 quantum
1395 3515 1671 3570 recordari
1726 3532 1889 3586 queo,

307 3612 375 3668 de
400 3609 599 3682 quibus
624 3607 873 3679 inquiris,
920 3616 982 3663 ut
1007 3607 1124 3679 ipse
1150 3608 1297 3674 novi,
1326 3605 1525 3663 faciam
1544 3617 1600 3663 et
1627 3616 1679 3663 te
1700 3609 1893 3664 simili-

306 3709 394 3756 ter
410 3713 588 3755 nosse.

376 3792 441 3847 ll.
483 3791 542 3847 In
588 3791 695 3847 illis
751 3791 973 3858 diebus,
1022 3790 1240 3861 quando
1287 3805 1445 3847 sacer
1496 3799 1552 3847 et
1606 3791 1895 3862 religiosus

306 3883 557 3940 dominus
606 3891 796 3938 noster
839 3883 1134 3954 imperator
1185 3891 1409 3938 evocato
1466 3891 1737 3939 conventu
1770 3895 1791 3922 ο
1838 3884 1893 3940 in

306 3974 582 4030 Attiniaco
602 3974 816 4044 agebat,
855 3980 1076 4029 strenue
1104 3974 1397 4047 providens
1427 3978 1493 4031 de
1513 3972 1764 4030 omnibus
1790 3976 1898 4030 uti-

1997 3328 2224 3380 randam
2273 3326 2453 3390 iidem,
2484 3325 2552 3380 ad
2596 3325 2953 3380 excolendum
2982 3325 3216 3380 studium
3248 3324 3588 3388 sanctitatis,

1997 3418 2337 3475 conﬁdenter
2371 3419 2586 3486 edieite,
2625 3402 2777 3474 et‘ad
2822 3418 3085 3489 explenda
3116 3418 3418 3488 pariturum
3477 3416 3589 3471 Deo

1997 3512 2276 3568 dominum
2303 3513 2685 3581 imperatorem
2734 3512 2955 3566 minime
2988 3511 3265 3567 dubitetis.
3297 3510 3400 3578 Qui
3432 3510 3592 3581 (quo-

1997 3603 2166 3666 niam,
2198 3611 2258 3656 ut
2285 3601 2580 3672 Scriptum
2625 3617 2795 3658 sacrre
2823 3602 3019 3658 docent
3043 3640 3060 3667 ,
3119 3610 3344 3671 peccata
3371 3609 3591 3656 contra-

2003 3695 2137 3749 hunt
2184 3694 2551 3762 infelicitates,
2580 3696 3024 3765 perturbationes
3046 3735 3062 3762 ,
3101 3695 3284 3750 clades
3309 3700 3365 3749 et
3391 3693 3593 3748 sterili-

2001 3797 2143 3843 tates
2167 3789 2221 3842 in
2250 3786 2496 3863 populos)
2528 3797 2638 3845 tota
2694 3787 3056 3843 sollicitudine
3087 3796 3243 3843 curat
3264 3828 3283 3861 ,
3339 3795 3402 3842 ut
3447 3788 3591 3842 bona

2000 3881 2217 3951 quidem
2242 3880 2549 3945 statuendo,
2589 3880 2730 3936 mala
2757 3896 2887 3936 vero
2912 3879 3243 3936 destruendo
3272 3919 3288 3947 ,
3340 3878 3585 3934 obtineat

2001 3989 2107 4029 una
2148 3974 2422 4029 vobiscum
2455 3974 2594 4045 apud
2633 3974 2943 4042 Dominum,
2972 3982 3035 4029 ut
3072 3972 3299 4029 remotis
3351 3972 3593 4029 adversis

1686 4066 1960 4122 BALUZII
1992 4065 2224 4123 ΝΟΤᾹΞ.

380 4169 407 4198 ι
434 4155 836 4228 Septimaniam.
857 4154 1440 4228 Septimanizenomine
1459 4158 1569 4223 hic,
1597 4166 1654 4212 ut
1679 4167 1735 4212 et
1754 4160 1895 4228 apud

306 4227 503 4299 Ionam
546 4226 1023 4299 aurelianensem,
1077 4226 1311 4299 intelligi
1349 4237 1509 4297 puto,
1564 4244 1669 4283 non
1720 4226 1891 4281 solum

310 4298 542 4369 primam
563 4293 991 4369 Narbonensem,
1019 4297 1113 4351 sed
1138 4293 1504 4369 Urgeilensem
1527 4314 1741 4369 quoque
1764 4299 1895 4351 dioe-

2005 4158 2361 4231 illustrissimi
2385 4158 2485 4231 viri
2509 4158 2654 4231 Petri
2679 4158 2746 4214 de
2766 4159 2946 4231 Marce
2965 4201 2981 4226 ,
3019 4159 3138 4215 fuse
3161 4160 3276 4231 ipse
3300 4168 3593 4216 exsecutus

2002 4238 2089 4302 est
2114 4229 2180 4302 in_
2197 4227 2337 4302 libro
2360 4229 2759 4302 priino_Marc:e
2786 4230 3110 4302 Hispanicae.

2076 4299 2104 4338 b
2140 4297 2495 4370 Provinciam,
2541 4299 2728 4370 idest,
2765 4297 2999 4356 secunda
3039 4299 3430 4370 Narbonensis,
3470 4316 3593 4370 qua:

308 4366 502 4451 ἐφείω)
530 4381 649 4435 qua:
679 4366 921 4451 tumsu'b
948 4366 1362 4451 metropolitano
1387 4366 1892 4451 ljarbonensierat.
1922 4393 1977 4451 Β
2003 4384 2149 4423 nunc
2169 4384 2411 4451 quoque
2439 4369 2757 4451 Erovjncja“
2779 4373 2999 4451 dicitur,
3023 4371 3181 4442 vulgo
3203 4366 3502 4451 Provean
3528 4373 3594 4426 Et

311 4438 447 4492 Nam
479 4436 532 4489 in
563 4437 844 4506 prmceptis
875 4437 1130 4491 Ludovici
1187 4437 1267 4493 Pii
1308 4447 1362 4493 et
1389 4439 1568 4494 Caroli
1598 4440 1775 4501 Calvi,
1808 4455 1898 4495 ec-

310 4507 490 4580 clesiae
514 4515 569 4560 et
593 4508 918 4580 monasteria
943 4506 1085 4561 illius
1114 4515 1314 4563 tractus
1342 4520 1698 4565 aceensentur
1722 4509 1899 4580 Septi-

312 4577 534 4641 maniae;
570 4588 629 4630 ut
655 4578 781 4631 alibi
809 4578 1012 4632 dictum
1041 4586 1126 4632 est
1155 4593 1186 4632 a
1216 4580 1391 4634 nobis.
1427 4581 1493 4634 Et
1519 4589 1733 4635 constat
1760 4577 1899 4634 Feli-

311 4663 429 4702 cem
478 4649 789 4717 episcopum
844 4647 1252 4716 Urgellenscm,
1307 4652 1485 4705 virum
1539 4652 1899 4705 sanctissimae

312 4719 485 4799 vitze,‘
516 4719 687 4799 magis
702 4718 998 4799 .iabprasse-
1026 4720 1470 4799 proerudicndis
1507 4720 1560 4773 in
1595 4721 1896 4799 wradidc,

312 4788 639 4868 ut_ptttai)_at,
665 4788 909 4868 pleliilius
936 4788 1038 4868 sibi
1069 4788 1346 4868 subjectis,
1376 4804 1535 4868 quam
1566 4791 1901 4868 caeterispo-

314 4855 453 4927 pulis
480 4855 677 4927 Galliae
699 4856 1085 4927 Narbonensis.
1139 4855 1207 4911 Et
1247 4855 1425 4912 tamen
1463 4857 1630 4913 Jonas
1670 4862 1721 4914 in
1760 4855 1899 4916 libro

313 4924 489 4995 primo
527 4926 593 4981 de
630 4924 787 4980 Cultu
824 4924 1122 4995 Imaginum
1162 4928 1273 4980 ait:
1308 4946 1326 4978 ί
1355 4928 1525 4995 Felix,
1559 4946 1682 4984 cum
1717 4932 1900 4987 multis

314 4996 457 5080 apud
482 4995 873 5079 septimauiam
897 4996 1145 5080 eumdem
1169 4999 1753 5080 haustum-pestiferum
1777 5017 1902 5071 pro-

311 5064 747 5150 pinaveritneum
773 5074 953 5149 tamen
974 5064 1159 5150 Galliae
1173 5064 1613 5150 germanaeque,
1637 5064 1899 5150 quantum

317 5135 372 5190 in
415 5135 678 5211 illo_fuit,
726 5138 1017 5207 propinare
1044 5137 1232 5192 voluit.
1266 5158 1284 5190 ι
1341 5135 1521 5195 Ροιτιὶ
1549 5135 1900 5211 septimanis).

315 5206 632 5282 vocabulum
664 5206 872 5282 recens,
901 5216 957 5263 et
990 5222 1112 5263 sero
1141 5218 1413 5282 repertum
1432 5251 1445 5269 ,
1492 5206 1751 5266 nimirum
1777 5221 1902 5282 post

315 5276 501 5343 pulsos
527 5293 558 5330 a
583 5275 1098 5351 Gothisgll‘omanos,
1130 5275 1243 5351 non
1266 5295 1295 5334 a
1323 5280 1535 5335 Biterra
1563 5275 1902 5351 Septimano-

320 5359 438 5421 [um
463 5348 691 5421 sumpsit
712 5349 1002 5421 originem,
1029 5359 1090 5404 ut
1111 5349 1355 5421 plerique
1381 5358 1595 5421 putant,
1618 5348 1713 5408 sed
1742 5353 1811 5408 ab
1833 5368 1899 5408 ea

320 5363 438 5397 rum
463 5363 691 5469 sumlpsnt
715 5364 1002 5420 originem,
1029 5363 1090 5404 ut
1111 5363 1355 5421 plerique
1381 5363 1595 5419 putant,
1618 5363 1713 5408 sed
1742 5363 1811 5408 ab
1833 5368 1899 5408 ea

316 5413 583 5498 Septem"
612 5420 974 5498 mvinciaguin
1004 5423 1251 5498 portione
1271 5436 1400 5498 qua:
1426 5419 1620 5498 Gothis
1656 5431 1900 5498 cesserat

309 5484 618 5560 jurebelli;
658 5502 843 5560 quam_
859 5484 1148 5560 Sidonius,
1196 5484 1354 5560 hujus
1391 5492 1540 5547 vocis
1577 5501 1790 5560 auctor,
1829 5494 1900 5548 ob

319 5554 421 5638 lioc
441 5554 790 5638 ipsumnvocat
811 5554 1204 5638 Septimaniam
1217 5554 1537 5638 Gothorum.
1573 5559 1681 5619 Sed
1703 5554 1899 5617 novam

317 5623 460 5682 haec
497 5626 564 5683 de
604 5623 959 5698 Septimaniae
980 5630 1240 5688 vocabulo
1275 5632 1625 5705 opinionem,
1667 5645 1789 5708 qua:
1815 5640 1900 5689 cst

2002 4454 2071 4491 ex
2098 4438 2324 4511 epistola
2346 4439 2411 4492 67
2434 4439 2689 4511 Cypriani
2731 4441 2980 4498 fortassis
3029 4438 3227 4497 tentari
3271 4450 3454 4511 posset
3476 4442 3591 4511 jam

2005 4520 2120 4562 tum
2151 4509 2229 4563 sic
2257 4510 2454 4564 dictam
2484 4509 2671 4563 fuisse.

2077 4590 2100 4618 ο
2128 4579 2195 4633 1η
2228 4578 2533 4651 Attiniaca.
2556 4579 2834 4651 Synodum
2875 4581 3020 4637 illam
3062 4581 3227 4637 fuisse
3263 4582 3589 4637 celebratam

2003 4666 2150 4707 anno
2171 4651 2275 4706 8‘22
2299 4666 2491 4723 mense
2510 4650 2753 4723 Augusto
2779 4653 2943 4708 tradit
2968 4651 3330 4723 Eginhardus,
3354 4653 3594 4721 itemque

2003 4731 2192 4777 auctor
2216 4723 2351 4777 Vitae
2382 4720 2637 4776 Ludovici
2669 4722 2771 4776 Pii.

2074 4788 2101 4830 ά
2129 4791 2401 4847 Βξδείηειὶδ
2442 4792 2686 4862 capitulis
2705 4835 2719 4857 ,
2764 4806 2991 4848 numero
3021 4792 3090 4846 28
3110 4833 3126 4859 ,
3166 4792 3330 4847 editis
3361 4792 3416 4847 in
3445 4791 3590 4847 Atti-

2003 4862 2183 4933 ni-tco,
2234 4878 2354 4933 qum
2401 4875 2804 4933 nuncrquoquc
2844 4872 3078 4918 exstant.
3132 4863 3416 4917 Assentior
3443 4865 3590 4918 enim

2003 4932 2316 5005 Sirmondo,
2345 4932 2439 5005 qui
2464 4932 2534 5005 de
2556 4932 2641 5005 bis
2667 4932 2916 5005 capitulis
2945 4934 3033 4988 hic
3059 4934 3144 5005 agi
3174 4941 3344 5001 putat.

2078 5013 2109 5073 ei
2128 5000 2453 5073 Adalardus,
2488 5002 2656 5057 abbas
2683 5000 3056 5073 Corbeiensis;
3089 5000 3290 5073 dequo
3319 5003 3442 5059 vide
3471 5019 3591 5073 qua:

2002 5071 2241 5153 diximus
2273 5071 2343 5126 ad
2367 5072 2565 5125 librum
2596 5073 2661 5127 de
2688 5072 2967 5144 Baptismo
2995 5071 3347 5129 Iudaicorunt
3384 5071 3591 5130 manci-

2039 5157 2232 5195 lOl‘llm.

2000 5158 2424 5335 ριῖηληὶξηῖξυνε
2452 5212 2586 5282 regis
2612 5211 2845 5283 Pippini.
2881 5214 3015 5270 Nam
3045 5215 3098 5270 in
3127 5212 3290 5282 hujus
3313 5214 3435 5269 aula
3460 5216 3591 5270 edu-

2000 5290 2155 5335 catus
2177 5292 2261 5335 est
2329 5281 2605 5335 daiardus.
2629 5293 2691 5335 ut
2717 5299 2881 5335 sunra
2907 5284 3161 5335 diximus.
3202 5284 3353 5335 Unde
3375 5294 3591 5335 constat

2000 5290 2155 5337 catus
2177 5292 2261 5337 est
2279 5281 2605 5346 Adaiardus,
2629 5281 2691 5353 ut
2715 5281 2881 5353 Supra
2907 5284 3161 5340 diximus.
3202 5281 3353 5340 Unde
3375 5294 3592 5341 constat

2002 5353 2346 5426 verissimum
2386 5367 2506 5426 esse
2543 5352 2687 5422 quod
2733 5352 2809 5409 ait
2845 5356 3164 5426 Agobardus
3188 5394 3226 5426 ,7;
3255 5354 3588 5410 Adalardum

2003 5432 2141 5497 tunc
2160 5421 2326 5497 fuisse
2354 5422 2507 5477 valde
2534 5421 2725 5497 senem
2752 5441 2878 5480 cum
2898 5421 3146 5497 synodus
3175 5424 3270 5497 illa
3297 5426 3482 5480 habita
3507 5435 3594 5480 est

2002 5493 2506 5562 apudAttiniaeum.
2533 5493 2667 5547 Nam
2688 5511 2809 5549 eum
2834 5493 2993 5551 vocat
3010 5495 3362 5550 venerandum
3382 5511 3592 5552 senem:

2003 5563 2146 5632 quod
2174 5564 2450 5635 epitheton
2477 5564 2566 5619 vul
2603 5580 2636 5619 o
2669 5581 2775 5620 non
2808 5566 3065 5621 tribuitur
3090 5565 3336 5628 senibus,
3368 5566 3472 5621 nisi
3500 5565 3592 5635 qui

2003 5635 2102 5688 aevi
2137 5645 2265 5689 sunt
2299 5633 2547 5692 longaevi.
2570 5581 2848 5692 ﬁ’inninus
2885 5651 3051 5692 norro
3089 5651 3184 5691 rex
3224 5644 3470 5692 mortuus
3510 5650 3592 5691 est

2001 5635 2102 5688 aevi
2137 5633 2277 5759 δεξίἂέ
2299 5633 2547 5707 longaevi.
2574 5633 2848 5707 l’ippinus
2885 5651 3051 5707 porro
3089 5651 3184 5691 rex
3224 5644 3470 5694 mortuus
3510 5633 3597 5691 est

2002 5720 2147 5759 anno
2281 5745 2296 5759 .

2002 5720 2147 5759 anno
2176 5720 2296 5759 ωδ.
