4010 6184
254 258 461 347 ’929

1282 295 1482 353 LIBER
1522 297 1611 353 DE
1650 295 2193 355 DlSPENSATlONE
2230 297 2425 355 ECCL.
2465 298 2729 357 RERUM.

3555 303 3582 318 ἡ

3555 303 3582 318 ω

3520 303 3561 357 ε.
3577 306 3616 361 ιο

347 401 592 464 Casibus,
625 416 847 473 regnum
888 401 990 460 sibi
1026 406 1375 462 commissum
1395 423 1677 480 prospere,
1701 409 1810 463 Deo
1857 406 1939 462 fa-
1964 408 2015 468 Α
2042 409 2302 466 adversus
2328 410 2522 477 Deum,
2543 421 2601 466 et
2619 412 2881 469 adversus
2911 412 3028 484 ejus
3052 410 3412 471 univcrsalem
3435 416 3625 474 Eccle-

348 500 528 557 vente,
554 491 734 548 valeat
759 494 1082 563 gubernare.

416 581 506 639 IV.
550 582 683 638 Ilarc
710 593 767 639 et
791 585 879 641 his
906 586 1106 642 similia
1161 604 1284 645 cum
1333 590 1603 660 primores
1636 592 1807 646 nostri
1844 591 1936 662 ju-

346 675 679 730 ruudissime
726 675 1098 746 loquerentur,
1129 695 1250 751 ego,
1280 690 1340 735 ut
1364 683 1572 737 scilicet
1600 683 1935 740 humillimus

344 766 587 823 omnium
616 776 675 821 et
704 775 1005 832 extremus,
1051 769 1191 839 cmpi
1237 770 1631 839 quodammodo
1681 772 1936 841 pedeten-

346 860 464 924 tim,
491 866 553 913 ut
581 866 709 928 pote
739 858 954 929 magnis
980 859 1131 924 viris,
1172 860 1245 914 ita
1296 875 1605 931 suggerere.
1643 861 1783 918 Ecce
1817 878 1934 918 om-

343 950 593 1021 nipotens
619 949 762 1003 Deus
784 949 1111 1019 praeparavit
1138 949 1349 1003 animos
1390 949 1595 1004 domini
1643 951 1933 1020 imperato-

342 1042 441 1105 ris,
464 1047 526 1094 ut
554 1039 785 1095 sollicite
811 1038 941 1093 velit
967 1054 1262 1111 agnoscere
1297 1042 1559 1111 temporis
1607 1043 1770 1109 vires,
1801 1059 1932 1099 con-

340 1146 507 1186 sonas
532 1130 619 1186 vel
646 1130 898 1185 dissonas
922 1130 1185 1200 aequitati.
1216 1131 1444 1201 Expedit
1467 1147 1616 1197 vero,
1646 1140 1788 1190 utea
1807 1151 1930 1206 quae

276 1281 298 1292 ,
338 1230 559 1284 dissona
582 1233 727 1286 sunt.
757 1225 802 1280 si
830 1224 1160 1294 possibilitas
1199 1226 1477 1295 suppetit,
1534 1228 1923 1295 emendentur;

337 1321 395 1376 in
434 1330 695 1390 quantum
724 1326 907 1373 autem
936 1317 1267 1387 possibilitas
1292 1332 1399 1373 non
1433 1317 1778 1391 suﬁ‘ragatur,
1800 1337 1924 1377 cum

337 1411 535 1466 timore
560 1409 659 1465 Dei
689 1409 992 1464 tolerentur
1014 1426 1026 1461 :
1052 1416 1320 1478 quatenus
1345 1408 1472 1463 dum
1500 1410 1747 1465 illicitum
1773 1413 1924 1483 quid-

332 1507 479 1572 piam
503 1518 568 1557 ex
598 1501 922 1556 necessitate
951 1500 1131 1570 agitur
1166 1501 1311 1569 quod
1365 1501 1623 1556 declinari
1668 1519 1775 1558 non
1827 1519 1924 1572 po-

334 1600 465 1658 test,
497 1593 659 1645 timor
683 1589 875 1645 saltem
902 1588 1067 1643 faciat
1107 1589 1473 1647 excusabilem
1499 1606 1660 1661 quem
1698 1607 1922 1647 exsecu-

333 1684 412 1739 tio
436 1698 547 1740 non
573 1682 850 1737 constituit
877 1680 1200 1736 absolutum.
1225 1680 1458 1738 Necesse
1477 1689 1561 1737 est
1584 1698 1715 1753 ergo
1747 1692 1805 1738 ut
1831 1699 1921 1738 ve-

2037 504 2207 571 siam;
2251 520 2429 576 neque
2453 522 2671 563 sensum
2716 517 2803 564 est
2831 524 3069 579 unquam
3098 526 3129 564 a
3162 507 3464 581 quibusque
3484 511 3616 568 ﬁde-

2035 593 2197 661 libus,
2224 606 2285 651 ut
2311 597 2440 651 talia
2460 606 2664 654 statuta
2688 599 2893 670 absque
2930 600 3169 670 periculo
3197 601 3472 673 religionis
3500 604 3616 659 vio-

2033 683 2297 739 larentur.
2329 685 2482 753 Quod
2503 702 2637 757 ergo
2663 688 2775 743 Deo
2802 698 3025 745 auctore
3049 698 3312 746 statutum
3340 702 3445 758 est,
3475 711 3617 755 nova

2032 776 2515 846 necessitate,qu:e
2530 786 2657 833 tunc
2674 779 2934 848 temporis
2961 796 3069 836 non
3094 782 3312 849 accidit,
3328 786 3614 842 excusabi-

2031 862 2135 918 lem
2172 865 2349 921 facere
2371 882 2476 921 non
2504 875 2684 938 potest
2711 868 3063 924 violatorem:
3097 872 3224 940 quia
3250 875 3614 944 omnipotenti

2029 953 2142 1010 Deo
2173 957 2354 1011 omnia
2385 965 2628 1028 tempora
2675 960 2965 1030 omniaque
2992 961 3264 1018 volumina
3290 965 3611 1022 saeculorum

2026 1048 2315 1112 praesentia
2341 1054 2465 1100 sunt
2494 1088 2509 1113 ,
2563 1056 2620 1102 et
2642 1049 2868 1116 stantia;
2903 1066 3079 1120 neque
3103 1052 3307 1123 aliquid
3350 1058 3611 1125 praeterizi

2025 1141 2203 1203 potest
2246 1138 2559 1204 recordari,
2592 1154 2694 1195 nec
2737 1139 2976 1196 futurum
3034 1144 3236 1214 aliquid
3273 1160 3609 1218 exspectare.

2026 1222 2388 1291 Quamobrem
2418 1238 2441 1266 α
2473 1229 2608 1295 istaa,
2639 1246 2773 1301 quas
2799 1249 2942 1289 nunc
2996 1235 3243 1293 homines
3268 1242 3610 1309 praetendunt

2024 1315 2398 1382 necessitates,
2428 1325 2485 1372 et
2512 1334 2741 1389 quarum
2763 1336 2927 1377 causa
2954 1338 3013 1378 se
3043 1325 3260 1395 impune
3300 1335 3492 1397 putant
3517 1347 3606 1387 res

2021 1420 2207 1461 sacras
2233 1407 2288 1460 in
2314 1423 2445 1463 usus
2471 1423 2786 1467 communes
2803 1422 3036 1481 vertere,
3068 1415 3194 1471 licet
3225 1425 3353 1475 tunc
3378 1422 3611 1477 homini-

2020 1494 2121 1551 bus
2157 1494 2354 1551 futurae
2400 1508 2619 1565 essent,
2669 1500 2784 1556 Deo
2838 1511 3019 1559 tamen
3072 1517 3367 1576 praesentes
3408 1522 3604 1580 erant;

2018 1587 2271 1657 quodque
2301 1587 2503 1657 Spiritu
2533 1605 2631 1645 suo
2656 1592 2843 1646 statuit
2873 1593 3133 1662 Ecclesia,
3166 1600 3455 1654 tenendum
3481 1618 3609 1657 cun-

2017 1677 2123 1732 ctis
2148 1677 2339 1734 diebus
2371 1696 2542 1749 usque
2571 1682 2624 1736 in
2655 1682 2818 1738 ﬁnem
2871 1686 3053 1741 szeculi
3109 1688 3273 1743 voluit
3321 1693 3602 1749 custodiri.

328 1785 444 1832 stra
474 1775 735 1831 industria
776 1772 1208 1843 magnanimitati
1249 1772 1366 1841 ejus
1396 1749 1913 1843 suggeratvpericula
1944 1749 1991 1807 Β
2019 1764 2127 1822 Sed
2151 1769 2404 1838 quoniam
2428 1771 2572 1840 quod
2596 1771 2661 1828 de
2686 1774 2859 1828 sacris
2895 1775 3057 1830 rebus
3107 1777 3161 1830 in
3212 1778 3430 1835 laicales
3471 1797 3606 1840 usus

327 1883 353 1910 α
396 1870 461 1925 de
497 1870 660 1925 rebus
698 1865 1114 1931 ecclesiasticis,
1161 1881 1300 1937 quas
1348 1872 1539 1920 contra
1589 1865 1812 1919 vetitum
1859 1873 1917 1920 et

323 1966 519 2014 contra
556 1971 791 2011 canones
822 1961 1057 2009 tractant
1082 1960 1136 2009 et
1177 1953 1230 2009 in
1260 1968 1390 2009 usus
1437 1954 1688 2024 proprios
1713 1968 1915 2023 expen-

320 2052 463 2106 dunt
485 2048 735 2104 homines
755 2045 899 2103 laici.
941 2045 1238 2114 Postquam
1281 2045 1428 2100 enim
1464 2043 1657 2099 dill‘usa
1686 2052 1771 2099 est
1808 2044 1912 2099 Ec-

317 2139 493 2196 clesia
523 2139 616 2194 Dei
667 2145 778 2194 toto
808 2138 939 2192 orbe
969 2146 1259 2200 terrarum,
1291 2144 1349 2190 et
1370 2134 1537 2205 coepit
1585 2134 1811 2189 exaltari
1847 2149 1914 2190 ac

316 2229 660 2301 magniﬁcari
686 2243 785 2298 per
815 2240 1003 2282 omnes
1030 2226 1280 2298 regiones
1307 2232 1363 2281 et
1401 2225 1679 2290 nationes,
1732 2239 1912 2295 coepe«

315 2330 560 2391 rnntquc
590 2317 788 2389 templa
810 2316 945 2387 erigi
972 2331 1003 2370 a
1018 2312 1265 2371 ﬁdelibus
1292 2314 1715 2385 imperatoribus
1742 2329 1806 2369 ac
1827 2329 1913 2369 re.

308 2410 481 2481 gibus
508 2418 671 2478 atque
700 2406 989 2477 episcopis,
1028 2412 1083 2460 et
1101 2405 1313 2459 caeteris
1359 2403 1689 2474 potentibus,
1720 2403 1911 2458 ditari-

306 2515 429 2571 que
458 2501 644 2563 rebus,
661 2507 717 2553 et
740 2497 1007 2552 thesauris
1034 2495 1274 2550 ordinari
1303 2536 1317 2561 ,
1369 2494 1472 2551 fuit
1516 2496 1680 2551 etiam
1720 2510 1911 2551 conse-

307 2608 525 2665 quens,
555 2600 615 2645 ut
636 2590 939 2661 principum
978 2586 1314 2658 providentia
1340 2586 1481 2656 leges
1502 2586 1910 2657 promulgaren-

309 2697 432 2753 tur,
457 2692 514 2740 et
538 2684 916 2753 episcoporum
945 2680 1305 2736 sollicitudine
1343 2695 1580 2736 canones
1605 2687 1913 2735 statueren-

307 2788 415 2834 tur
436 2776 503 2832 de
531 2776 694 2830 rebus
720 2773 1096 2838 sanctiﬁcatis,
1130 2772 1184 2826 id
1234 2778 1339 2837 est,
1369 2772 1541 2827 sacris
1580 2770 1714 2826 locis
1740 2772 1909 2841 depu-

310 2867 481 2931 tatis;
512 2865 745 2936 qualiter
793 2873 1075 2919 tuerentur
1102 2864 1172 2918 ab
1200 2861 1461 2931 improbis
1483 2902 1499 2926 ,
1555 2869 1835 2917 tuerentur
1876 2877 1909 2917 a

305 2956 795 3029 gubernatoribus,
821 2953 907 3010 vel
927 2954 1334 3025 expedirentur.
1380 2953 1764 3010 Conrenerunt
1803 2955 1912 3025 epi-

304 3049 495 3119 scopi,
524 3047 626 3103 viri
666 3048 858 3113 sancti,
888 3048 1087 3118 quibus
1117 3055 1246 3102 tunc
1288 3046 1596 3102 abundabat
1642 3046 1902 3103 Ecclesia.

306 3140 640 3195 Statuerunt
666 3138 696 3178 δ
722 3137 953 3193 illibatos
999 3137 1309 3192 conservari
1339 3136 1537 3193 debere
1576 3153 1763 3194 sacros
1812 3154 1903 3196 ca-

305 3244 506 3293 nones,
538 3228 629 3299 qui
666 3226 864 3282 ﬁr.r.ati
909 3236 1037 3283 sunt
1069 3226 1275 3297 Spiritu
1301 3227 1418 3294 Dei,
1440 3245 1709 3285 consensu
1742 3232 1906 3287 totius

306 3320 528 3386 mundi,
551 3319 855 3375 obedientia
879 3319 1571 3390 principum,consonantia
1602 3320 1906 3393 Scriptura-

306 3426 461 3467 rum.
490 3408 572 3466 Ex
622 3425 730 3481 quo
768 3417 1012 3480 tempore
1043 3416 1325 3480 acceptum
1380 3418 1436 3465 et
1485 3420 1759 3482 receptum
1818 3422 1903 3469 est

305 3519 425 3559 non
451 3501 596 3558 aliud
614 3516 737 3558 esse
759 3515 919 3572 agere
932 3499 1184 3572 cuiquam
1206 3501 1467 3558 adversus
1485 3518 1721 3560 canones
1735 3522 1899 3577 quam

2016 1857 2202 1913 illicite
2225 1858 2503 1916 translatis
2522 1862 2774 1929 dicimus,
2801 1881 2908 1920 non
2929 1866 3059 1923 fecit
3084 1869 3187 1924 iste
3214 1870 3466 1928 dominus
3500 1874 3604 1930 im—

2013 1956 2234 2017 perator
2283 1951 2378 2006 sed
2402 1950 2427 1990 d
2459 1968 2819 2021 praecessores
2832 1957 2969 2026 ejus,
2995 1968 3048 2013 et
3077 1969 3361 2031 propterea
3390 1964 3475 2018 isti
3502 1965 3605 2019 im-

2013 2038 2267 2110 possibile
2323 2049 2409 2098 est
2466 2043 2649 2098 omnia
2712 2047 3002 2101 emendare
3055 2065 3176 2118 qua:
3221 2054 3603 2110 antecedentes

2012 2130 2155 2187 male
2176 2143 2435 2202 usurpata
2456 2131 2808 2204 dimiserunt;
2847 2138 3039 2194 saltem
3062 2139 3479 2199 admonentibus
3507 2161 3602 2201 vo-

2011 2220 2098 2277 bis
2127 2223 2367 2292 cogitare
2397 2225 2648 2296 dignetur
2674 2228 2994 2296 periculum,
3026 2231 3169 2301 quod
3197 2232 3323 2289 licet
3344 2242 3400 2289 et
3425 2236 3601 2292 vitare

2012 2322 2264 2384 nequeat,
2297 2320 2475 2369 tamen
2516 2316 2642 2371 dum
2673 2327 2887 2387 pensat,
2912 2320 3064 2377 timet
3113 2339 3178 2378 ac
3206 2324 3387 2390 dolet,
3456 2329 3600 2398 apud

2012 2405 2421 2462 misericordem
2450 2407 2738 2464 Dominum
2764 2410 2859 2465 ﬁat
2885 2428 2981 2482 per
3010 2415 3126 2469 haec
3154 2417 3500 2473 excusabilis.
3531 2419 3600 2474 Et

2011 2510 2111 2550 vos
2135 2498 2531 2552 communicate
2554 2500 2766 2567 pondus
2790 2502 3032 2570 periculi,
3068 2505 3452 2577 sublevateque
3473 2525 3600 2579 por-

2012 2596 2239 2653 tantem,
2257 2589 2311 2642 in
2335 2599 2595 2658 quantum
2620 2591 2733 2646 ﬁeri
2748 2602 2956 2662 potest;
2994 2604 3053 2650 ut
3073 2596 3201 2652 dum
3231 2614 3327 2653 vos
3349 2599 3423 2653 illi
3453 2615 3605 2656 com—
3642 2664 3645 2667 η

2011 2680 2352 2735 municantes
2375 2680 2429 2735 in
2453 2682 2726 2751 periculis,
2745 2692 2800 2739 et
2841 2684 2930 2739 ille
2959 2688 3112 2741 vobis
3137 2690 3472 2758 compatiens
3502 2706 3595 2746 ex-

2011 2772 2212 2828 stiterit
2248 2773 2303 2827 in
2334 2774 2597 2840 tristibus,
2621 2789 2687 2829 ac
2727 2774 2978 2831 defensor
3021 2778 3075 2833 iu
3108 2781 3552 2849 persuasionibus
3577 2822 3595 2849 ,

2011 2868 2246 2938 dumque
2277 2884 2443 2923 unum
2499 2869 2713 2939 sapitis,
2740 2877 3053 2940 tantumque
3101 2873 3398 2942 periculum
3446 2889 3594 2929 com-

2011 2960 2247 3014 muniter
2269 2960 2532 3027 toleratis,
2559 2970 2838 3016 avertatur
2861 2963 2927 3017 ab
2949 2963 3042 3018 illo
3086 2979 3187 3019 nec
3210 2980 3316 3020 non
3367 2974 3422 3020 et
3447 2980 3478 3019 a
3501 2981 3598 3020 vo-

2009 3050 2095 3105 bis
2116 3049 2487 3119 hujuscemodi
2517 3052 2981 3119 prmvaricationis
3011 3053 3267 3108 vindicta.
3293 3053 3426 3109 Cum
3478 3055 3597 3111 hmo

2007 3140 2172 3212 igitur
2193 3158 2224 3197 a
2255 3157 2339 3198 me
2360 3142 2690 3209 dicerentur,
2713 3144 3107 3212 responderunt
3154 3145 3242 3214 pic
3268 3146 3594 3201 reverentis-

2006 3233 2130 3289 simi
2159 3233 2260 3288 viri
2311 3232 2612 3288 Adalardus
2666 3241 2722 3288 et
2760 3232 3037 3288 Helisacar
3091 3233 3334 3289 abbates.
3401 3234 3591 3291 Utrum

2005 3338 2136 3379 vero
2165 3323 2346 3379 audita
2372 3322 2658 3378 retulerint
2685 3324 2906 3378 domino
2931 3324 3268 3395 imperatori,
3304 3326 3507 3380 nescio.

2076 3416 2140 3472 γ.
2183 3414 2440 3485 Sequenti
2474 3422 2657 3470 autem
2688 3429 2851 3479 anno,
2881 3430 3004 3470 cum
3034 3415 3442 3486 adessentjussi
3476 3428 3499 3455 θ
3536 3415 3591 3471 in

2002 3508 2333 3580 Compendio
2359 3507 2587 3579 palatio,
2607 3515 2662 3564 et
2693 3508 2759 3563 de
2795 3507 2880 3564 his
2902 3508 3047 3563 inter
3066 3522 3160 3564 eos
3205 3524 3385 3564 sermo
3429 3509 3593 3565 habe-

1661 3597 1935 3655 BALUZII
1971 3599 2203 3657 ΝΟΤᾸΞ.

387 3701 412 3729 ι
438 3688 517 3744 De
544 3689 693 3744 rebus
725 3688 908 3743 Eccles
983 3687 1110 3744 [late
1144 3687 1389 3760 omnium
1426 3702 1675 3760 pereas
1694 3697 1900 3760 tempe-

305 3766 484 3831 states
509 3760 762 3830 querela,
802 3774 965 3831 quam
1003 3759 1240 3831 graviter
1274 3757 1328 3831 in
1368 3758 1471 3831 hoc
1499 3759 1636 3814 libro
1666 3757 1899 3831 inculcat

306 3828 634 3910 ego-bardus
656 3870 672 3896 ,
701 3828 836 3910 res
857 3828 1258 3910 ecclesiasticas
1306 3828 1505 3910 injuste
1545 3830 1818 3910 possideri
1866 3846 1898 3885 a

306 3899 489 3965 iaicis,
535 3915 657 3955 cum
699 3901 755 3956 id
792 3899 1062 3955 vetuerint
1092 3913 1345 3954 canones.
1398 3899 1641 3969 Respicit
1679 3911 1858 3954 autem
1881 3941 1896 3967 ,

306 3970 525 4038 opinor,
582 3980 781 4041 praeur
825 3969 1132 4041 Gallicanos
1179 3983 1447 4041 canones,
1502 3969 1575 4041 ad
1629 3971 1894 4041 synodum

309 4038 615 4111 Romanam
643 4043 743 4096 sub
768 4056 905 4111 papa
935 4039 1267 4111 Symmacho
1282 4052 1459 4111 ;_qu:e
1486 4038 1895 4111 distractionem

308 4110 579 4164 bonorum
623 4107 1112 4167 ecclesiasticarum
1153 4107 1458 4178 prohibuit,
1506 4107 1783 4178 edixitque
1824 4124 1895 4165 ne

307 4180 464 4235 laicis
488 4181 853 4237 traderentur.

381 4251 411 4290 ι»
436 4249 682 4306 Illibata:
707 4268 852 4305 cons.
880 4249 996 4304 deb.
1025 4264 1273 4304 canones.
1312 4247 1563 4316 Agnosco
1597 4248 1892 4305 vehemens

305 4320 549 4376 studium
578 4321 919 4392 antiquitatis
948 4320 1001 4374 in
1029 4320 1332 4392 Agebardo.
1386 4317 1593 4392 Cuncta
1623 4319 1770 4392 enim
1805 4335 1892 4375 re-

2002 3692 2217 3764 synodi,
2248 3692 2305 3746 in
2342 3692 2536 3764 quibus
2564 3691 2729 3747 etiam
2761 3690 2991 3764 Romani
3022 3689 3304 3764 pontiﬁces
3332 3690 3589 3764 praeside-

2003 3759 2155 3827 bant,
2185 3759 2612 3827 constituerunt,
2648 3777 2770 3832 quae
2795 3759 3081 3832 observata
3108 3776 3215 3832 non
3244 3759 3393 3814 fuere
3417 3762 3583 3832 etiam

2004 3834 2072 3888 ab
2116 3832 2184 3887 iis
2223 3832 2356 3902 ipsis
2393 3847 2624 3900 quorum
2658 3828 2773 3886 {evo
2798 3830 3092 3902 constituta
3121 3828 3301 3902 fuere;
3351 3839 3411 3902 ut
3454 3829 3586 3902 alibi

2004 3898 2320 3956 adnotatum
2348 3898 2436 3957 est
2461 3918 2491 3955 a
2521 3902 2694 3955 nobis.
2734 3902 2801 3955 Et
2822 3899 3014 3969 quoad
3051 3898 3309 3953 saeculum
3340 3899 3583 3969 Agobar-

2005 3972 2186 4027 dicum
2207 4012 2221 4036 ,
2264 3978 2479 4025 constat
2505 3986 2600 4025 eos
2637 3969 2781 4024 solos
2805 3968 3116 4023 Gallicanos
3151 3968 3585 4025 canones’fuisse

2003 4042 2341 4107 observatos,
2368 4041 2461 4109 qui
2490 4040 2821 4109 principibus
2849 4038 3188 4109 placuerunt,
3219 4049 3446 4095 caeteros
3474 4055 3581 4096 non

2002 4112 2307 4167 admissos:
2350 4108 2401 4165 id
2431 4108 2574 4181 quod
2599 4108 2683 4163 vel
2711 4108 2872 4165 unico
2897 4109 3088 4180 synodi
3116 4108 3424 4181 Meldegnsis,
3461 4126 3583 4180 qme

2001 4182 2102 4238 sub
2127 4181 2322 4237 Carolo
2348 4179 2514 4253 Calvo
2540 4182 2724 4237 habita
2752 4189 2865 4247 est,
2905 4179 3154 4252 exemplo
3180 4179 3398 4252 probari
3422 4179 3583 4253 posse

1999 4252 2481 4324 nemo‘negaverit.

2072 4334 2095 4362 ο
2151 4321 2281 4378 Isne
2326 4322 2675 4377 necessitates.
2727 4321 2960 4377 Aiebam
3001 4321 3146 4393 enim
3191 4321 3468 4393 principes
3521 4339 3580 4379 so

305 4392 495 4483 vocari
520 4392 669 4474 cupit
695 4389 762 4483 su
788 4389 1305 4483 normam-priorum
1336 4389 1665 4483 regularum.
1708 4390 1891 4483 Etpa-
1917 4423 1971 4483 Ι)
1995 4395 2319 4477 necessitate
2343 4393 2575 4483 quadam
2599 4392 3085 4483 adactostr‘i‘buere
3112 4389 3264 4447 laiéis
3293 4389 3389 4473 res
3402 4393 3576 4448 eccle-

308 4468 388 4516 tet
415 4460 689 4516 hominem
726 4460 895 4516 fuisse
925 4460 1160 4530 peritum
1196 4474 1466 4527 canonum
1501 4475 1566 4515 ac
1594 4460 1893 4530 disciplinae

305 4531 710 4587 ecclesiasticae.
773 4530 914 4586 Nulli
960 4540 1143 4585 autem
1184 4531 1358 4600 magis
1397 4530 1619 4599 cupiunt
1660 4530 1893 4587 illibatos

306 4601 516 4657 servari
539 4616 795 4666 canones,
819 4616 982 4671 quam
1005 4601 1096 4670 qui
1126 4601 1360 4655 studium
1386 4614 1715 4671 cperamque
1738 4617 1890 4657 suam

308 4680 519 4740 ponunt
561 4673 615 4726 in
656 4669 935 4728 sacrorum
971 4669 1240 4726 canonum
1277 4669 1547 4740 discendis
1586 4669 1888 4727 sententiis.

306 4739 697 4797 Cravissimam
732 4757 894 4812 porro
921 4741 1187 4796 rationem
1218 4740 1373 4812 affert
1399 4739 1749 4812 Agebardus,
1795 4758 1892 4798 cur

307 4828 549 4869 canones
575 4809 809 4867 debeant
840 4827 960 4867 esse
989 4811 1297 4866 intemerati
1333 4819 1388 4864 et
1414 4809 1627 4864 illibati.
1662 4829 1681 4862 ‹
1715 4811 1850 4879 Quia
1872 4853 1888 4878 ,

308 4884 523 4952 inquit,
570 4881 769 4937 ﬁrmati
818 4892 948 4937 sunt
993 4881 1201 4951 Spiritu
1246 4880 1374 4946 Dei,
1421 4894 1689 4952 consensu
1726 4883 1891 4939 totius

309 4950 519 5020 mundi,
549 4952 858 5009 obedientia
884 4950 1188 5023 principum
1208 4993 1223 5017 ,
1265 4950 1618 5023 consonantia
1647 4950 1892 5021 Scriptu-

308 5038 515 5077 rarum.
555 5043 574 5075 ›
635 5023 790 5079 Unde
828 5020 1085 5079 discimus
1122 5036 1370 5093 quamam
1407 5020 1651 5093 patribus
1683 5020 1891 5093 nostris

307 5108 464 5149 mens
495 5094 659 5149 fuerit
683 5109 782 5164 per
808 5094 926 5149 illas
956 5089 1332 5164 tempestates,
1377 5092 1554 5162 quoad
1593 5089 1890 5162 legitimam

304 5164 664 5220 conciliorum
684 5163 1091 5220 auctoritatem.
1131 5163 1371 5217 Primum
1401 5174 1622 5215 necesse
1653 5173 1773 5217 erat
1800 5179 1892 5219 ca-

306 5249 480 5290 nones
508 5235 759 5300 decerni,
795 5250 860 5291 ea
890 5235 1258 5290 moderatione
1283 5241 1496 5287 servata
1516 5270 1530 5296 ,
1572 5241 1632 5284 ut
1666 5234 1798 5288 nihil
1835 5235 1889 5289 in

306 5304 388 5359 eis
413 5305 724 5362 sanciretur
748 5306 893 5375 quod
920 5320 1091 5361 sacra:
1118 5302 1414 5375 Scriptura:
1442 5302 1775 5357 contrarium
1805 5320 1892 5360 es-

307 5384 413 5430 set.
452 5375 656 5431 Deinde
684 5374 1026 5431 neCessarius
1054 5383 1174 5429 erat
1202 5374 1441 5428 ﬁdelimn
1469 5385 1768 5428 consensus
1786 5415 1800 5438 ,
1836 5382 1892 5429 et

308 5445 614 5517 principum
659 5447 988 5517 auctoritas,
1032 5444 1216 5517 (quam
1260 5443 1589 5517 modestiorc
1622 5445 1891 5517 yncabulo

307 5509 671 5591 obedientiam
701 5524 857 5571 vocat
884 5509 1223 5591 Agebardus)
1253 5521 1314 5567 ut
1338 5527 1521 5591 rerum
1547 5509 1889 5591 delinitarum

307 5588 585 5641 exsecutio
613 5581 962 5656 sequeretur:
989 5584 1123 5639 Nam
1147 5581 1214 5640 iu'
1226 5584 1407 5638 causis
1433 5581 1751 5656 disciplinis,
1776 5601 1891 5640 ma-

308 5656 400 5724 gni
430 5652 708 5728 ponderis
741 5671 955 5728 semper
980 5656 1223 5728 visa‘est
1250 5652 1546 5728 auctoritas
1584 5653 1891 5728 principum

305 5721 362 5780 et
386 5721 711 5800 populorum
738 5721 1053 5784 consensus.
1095 5725 1333 5796 Denique
1362 5721 1529 5777 multa
1555 5721 1887 5794 posteriores

1996 4464 2265 4528 siasticas,
2292 4471 2354 4517 ut
2378 4464 2463 4517 his
2486 4463 2644 4517 bonis
2671 4462 2858 4530 adiuti,
2891 4462 3103 4516 facilius
3128 4463 3328 4515 morari
3357 4471 3578 4531 possent

1996 4534 2050 4589 in
2078 4535 2299 4590 servitio
2328 4533 2649 4603 principum,
2680 4533 2862 4603 idest,
2893 4531 3129 4603 militare
3156 4532 3394 4603 ofﬁcium
3421 4548 3577 4587 exer-

1994 4619 2154 4659 cere:
2188 4605 2255 4658 de
2281 4600 2387 4674 qua
2416 4618 2477 4657 re
2503 4600 2691 4674 paucis
2726 4602 2963 4674 dixim‘us
2989 4600 3043 4674 in
3066 4601 3220 4674 _no_tis
3258 4601 3326 4655 ad
3362 4600 3572 4674 Lupum

1992 4670 2416 4729 Ferrariensem.
2442 4670 2576 4726 Vide
2603 4672 2797 4726 librum
2818 4686 2850 4725 v
2871 4670 3279 4741 Capitularinm,
3305 4686 3424 4740 cap.
3444 4670 3571 4737 l81;

1994 4745 2237 4814 Capitula
2266 4743 2445 4799 Caroli
2472 4742 2621 4814 Calvi
2651 4741 2805 4814 titulo
2835 4742 2926 4814 25,
2954 4740 3078 4814 cap.
3110 4741 3176 4814 7;_
3206 4740 3413 4810 Lupum
3441 4741 3574 4814 Fer-

1993 4810 2288 4869 rariensem
2317 4815 2478 4884 epist.
2508 4813 2568 4866 71
2592 4831 2607 4879 ;
2653 4820 2709 4867 et
2733 4811 3095 4867 Flodoardum
3124 4810 3218 4865 lib.
3249 4827 3334 4876 tu,
3366 4826 3487 4882 cap.
3516 4811 3571 4877 4,

1992 4884 2242 4939 Ηὶειονίτε
2270 4885 2609 4939 Rhemensis.

2061 4953 2088 4993 ά
2118 4954 2466 5009 Prmeessores
2497 4955 2635 5024 ejus,
2659 4954 2713 5009 id
2732 4962 2839 5018 est,
2865 4951 3093 5024 Carolus
3121 4952 3417 5024 Martellus,
3446 4952 3572 5024 novi

1991 5024 2215 5149 lnilujusce
2249 5025 2389 5096 juris
2431 5022 2697 5094 repertor,
2748 5033 2862 5078 tum
2911 5022 3201 5093 Pippinus,
3249 5032 3305 5078 et
3348 5022 3574 5078 Carolus

2046 5111 2237 5149 agnus.

2046 5111 2237 5150 3211118.

2067 5111 2521 5236 legillgséompendio
2544 5162 2767 5236 palatio.
2802 5162 2960 5236 Anno
2982 5162 3164 5233 itaque
3182 5162 3429 5236 sequenti
3450 5171 3574 5236 post

1991 5245 2313 5292 conventum
2336 5232 2762 5289 Attiniaceiisem
2783 5275 2797 5298 ,
2828 5234 2881 5287 id
2908 5242 3024 5299 est,
3055 5232 3197 5287 anno
3226 5232 3354 5298 823,
3386 5232 3569 5288 habita

1990 5315 2075 5362 est
2098 5306 2335 5377 synodus
2358 5305 2498 5375 apud
2515 5304 2926 5377 Compendium,
2948 5302 3003 5377 i_n
3025 5317 3128 5372 qua
3152 5318 3366 5358 rursum
3388 5312 3568 5377 actum

1991 5386 2076 5432 est
2120 5373 2186 5430 de
2234 5373 2407 5430 rebus
2443 5376 2618 5430 sacris
2651 5373 2851 5429 illicite
2893 5373 3047 5445 usis:
3095 5386 3258 5445 quam
3304 5374 3571 5445 synodum

2984 5441 3128 5496 itam’
3166 5441 3350 5501 fuisse}
3413 5442 3573 5500 Certe

1991 5449 2160 5502 miror
2210 5461 2241 5499 a
2294 5447 2512 5500 nemine
2562 5447 2829 5500 hactenus
2875 5457 2905 5495 a

1991 5524 2291 5571 conventus
2340 5512 2510 5570 habiti
2560 5516 2615 5569 in
2661 5511 3001 5583 Compendio
3036 5511 3242 5583 palatio
3283 5530 3427 5569 anno
3465 5516 3571 5572 823

1991 5600 2178 5642 mense
2217 5584 2545 5648 Novembri,
2595 5592 2656 5637 ut
2699 5583 2936 5638 edictum
2983 5582 3157 5638 fuerat
3196 5584 3251 5637 in
3298 5596 3570 5640 conventu

1989 5654 2504 5719 Francofordiensi,
2552 5653 2878 5724 mentionem
2916 5652 3047 5709 facit
3088 5654 3466 5724 Eginlnnlus,
3519 5656 3572 5709 in

1988 5741 2161 5797 coque
2197 5725 2404 5797 legatos
2441 5738 2594 5796 papae
2626 5722 2904 5779 Paschalis
2931 5722 3153 5780 auditos
3168 5725 3351 5783 fuisse
3406 5724 3576 5796 Cujus
