3962 6180
392 272 493 330 ετςι

1349 278 1408 338 S.
1450 280 1800 337 AGOBARDI
1840 279 2149 337 EPISCOPI
2184 276 2668 338 LUGDUNENSIS

3557 287 3660 351 252

386 411 566 463 retur,
588 400 657 454 ad
690 397 838 454 hunc
883 395 1099 450 modum
1125 435 1142 459 ,
1199 403 1320 465 post
1346 393 1516 448 multa
1559 392 1821 462 colloquia
1846 431 1861 456 ,
1909 392 1966 445 in
1996 396 2044 455 Α
2071 390 2137 446 de
2160 390 2262 445 hoc
2279 391 2564 446 audiamus
2587 400 2642 447 et
2668 391 2972 459 loquamur,
2992 394 3159 457 recte,
3183 401 3243 448 ut
3292 402 3425 464 puto
3448 435 3464 461 ,
3513 399 3610 453 tibi

387 502 647 560 quantum
672 504 772 559 ego
800 486 1062 549 intellexi,
1088 485 1367 540 ratiocinia
1424 492 1551 539 sunt
1597 484 1878 554 perducto,
1911 493 1970 538 ut

389 583 618 651 primum
646 581 861 649 quidem
892 576 1249 631 intellectibus
1281 576 1520 631 omnium
1569 574 1969 630 inculcarentur

387 674 582 728 delicta
611 674 677 726 de
720 671 888 725 rebus
913 670 1086 725 sacris
1113 669 1302 725 illicite
1343 669 1475 733 usis,
1499 678 1624 739 post
1658 682 1789 723 vero
1842 683 1965 723 cum

388 756 481 814 Dei
509 761 700 814 timore
725 759 781 813 in
808 758 912 813 illis
929 774 1067 829 quas
1110 759 1312 813 habent
1360 759 1483 813 laici
1533 760 1806 813 cautiores
1836 757 1965 813 eﬂ'e-

383 852 477 915 Cti,
508 852 670 905 etiam
699 851 757 905 in
786 852 870 906 his
893 866 1014 920 qua:
1060 860 1435 905 remanserunt
1465 851 1723 905 Ecclesiis
1767 850 1968 905 ﬁdelio-

385 954 474 996 res
501 952 662 1011 atque
682 942 1059 997 clementiores
1081 949 1432 1005 exsisterent;
1471 941 1546 994 ita
1572 948 1628 993 ut
1653 946 1707 993 et
1730 943 1843 993 suis
1871 939 1965 993 ad-

384 1030 631 1086 hiberent
664 1032 940 1101 pietatem,
969 1041 1028 1085 ut
1053 1040 1110 1086 et
1139 1030 1396 1085 Ecclesiis
1423 1028 1790 1083 defensionem
1807 1028 1963 1092 rlie-

381 1134 572 1194 retque
592 1124 941 1192 compatienti
968 1123 1255 1178 concordia
1302 1120 1662 1174 remediabilis
1687 1135 1752 1174 ac
1780 1120 1963 1174 venia-

380 1216 523 1279 bilis,
554 1215 884 1284 oll'ensioque
930 1215 1224 1270 comitante
1274 1214 1475 1282 pietate
1524 1212 1591 1267 de
1627 1211 1960 1284 indulgentia

378 1320 591 1375 quoque
617 1314 761 1359 83581
788 1319 1000 1359 secura.

455 1397 538 1450 Vi.
580 1395 729 1451 Hanc
763 1411 875 1451 rem
902 1411 1027 1450 cum
1050 1396 1296 1450 dominus
1326 1395 1620 1464 imperator
1645 1392 1856 1448 audiret
1876 1400 1960 1447 at-

374 1502 481 1555 que
498 1487 874 1556 perpenderet,
903 1486 1090 1540 volens
1123 1500 1242 1539 eam
1270 1485 1466 1539 ducere
1495 1485 1564 1538 ad
1590 1484 1954 1552 tranquillita-

377 1583 486 1630 tem
513 1577 685 1645 pacis,
708 1591 826 1644 qum
853 1576 918 1629 ad
940 1577 1207 1630 modicum
1241 1576 1452 1630 turbata
1484 1573 1952 1643 fuerat,quantum

377 1665 431 1718 in
461 1680 518 1719 se
551 1665 674 1729 fuit,
708 1664 836 1719 fecit
868 1666 1011 1719 uniri
1045 1666 1327 1735 episcopos
1374 1673 1430 1719 et
1457 1666 1684 1720 comites
1733 1666 1787 1719 in
1831 1681 1955 1721 con-

2066 481 2233 538 frater
2261 483 2600 548 eharissime,
2624 484 2800 538 visum
2818 494 2904 539 est
2927 494 2986 538 ut
3007 486 3075 540 de
3100 487 3274 541 sacris
3303 487 3457 543 libris
3480 497 3533 544 et
3560 505 3650 546 ca-

2065 572 2295 628 nonibus
2312 572 2694 628 auctoritatem
2738 581 3037 639 sumentes,
3061 576 3371 646 pariterque
3396 581 3648 650 exempla

2066 672 2379 719 sanctorum
2414 664 2478 718 ad
2503 664 2736 720 medium
2758 663 3103 730 deducentes,
3122 666 3388 722 humanos
3410 682 3646 733 errores,

2064 760 2154 827 qui
2190 772 2530 828 summopere
2548 756 2753 811 vitandi
2781 765 2932 821 sunt,
2959 771 3271 823 caveamus,
3288 768 3345 813 et
3363 761 3646 815 veritatem

2062 847 2180 911 Dei,
2203 865 2231 902 a
2259 864 2363 918 qua
2395 849 2488 918 qui
2514 848 2797 903 recesserit
2824 847 2879 901 in
2908 848 3389 904 tenebrisvmaneat
3417 865 3644 907 necesse

2061 945 2164 999 est,
2196 946 2495 993 teneamus.
2525 938 2669 993 Sane
2691 954 2813 993 cum
2865 952 2966 993 nos
3006 941 3072 993 ad
3101 939 3241 995 hanc
3287 942 3644 999 roborandam

2062 1027 2127 1080 de
2152 1027 2501 1083 Testamento
2533 1030 2707 1083 Veteri
2734 1030 2885 1097 plura
2917 1031 3325 1099 sumpserimus,
3346 1040 3509 1086 enmt
3537 1032 3647 1090 for-

2061 1128 2206 1174 tasse
2228 1120 2321 1188 qui
2350 1119 2531 1174 dicant
2551 1120 2778 1174 aliarum
2806 1136 2984 1175 rerum
3032 1123 3238 1192 ﬁguras
3254 1139 3393 1188 esse,
3422 1141 3524 1181 nec
3547 1141 3646 1196 per

2059 1213 2175 1267 haec
2213 1213 2615 1267 contentionem
2656 1227 2813 1281 posse
2844 1213 3005 1268 ﬁniri.
3038 1214 3350 1285 Hujusmodi
3375 1232 3505 1289 ergo
3547 1220 3641 1274 ho-

2058 1303 2254 1367 mines,
2285 1303 2329 1357 si
2369 1303 2460 1372 qui
2499 1311 2696 1367 ,erunt,
2738 1303 2950 1358 videtur
2997 1306 3130 1359 mihi
3187 1314 3246 1360 ut
3294 1308 3638 1379 interrogare

2057 1394 2289 1453 studeas,
2314 1393 2457 1447 unde
2478 1393 2668 1447 Patres
2695 1394 2926 1448 doceant
2949 1410 3056 1449 non
3108 1410 3267 1465 posse
3315 1412 3640 1469 quemquam

2058 1485 2121 1538 ad
2146 1482 2505 1539 sacerdotium
2528 1484 2851 1554 promoveri,
2885 1485 2914 1524 ιι
2944 1486 2988 1540 si
3012 1485 3249 1551 viduam,
3278 1488 3363 1542 vel
3387 1491 3638 1559 repudia—

2056 1582 2186 1640 tam,
2215 1575 2327 1629 sive
2352 1575 2712 1639 meretricem,
2740 1582 2818 1640 et,
2840 1583 2899 1629 ut
2938 1576 3370 1645 compendiosius
3420 1579 3593 1635 dicam
3619 1620 3636 1644 ,

2055 1682 2165 1721 non
2192 1665 2455 1735 virginem
2510 1664 2563 1718 in
2588 1662 2896 1733 coniugium
2941 1666 3262 1734 sumpserit;
3301 1667 3514 1723 etiamsi
3552 1685 3639 1723 see

374 1772 592 1811 sensum
618 1767 672 1811 et
698 1772 903 1825 pacem.
938 1757 1015 1811 Ex
1070 1758 1175 1811 hoc
1225 1758 1408 1825 itaque
1431 1757 1614 1827 putavi
1659 1770 1776 1827 ego,
1811 1757 1953 1825 quod
1981 1746 2029 1805 Β
2057 1756 2290 1811 cundum
2323 1753 2638 1823 Apostolum
2661 1753 2819 1808 unius
2863 1754 3048 1809 uxoris
3075 1755 3157 1808 vir
3201 1770 3321 1810 esse
3362 1758 3635 1813 doceatur.

373 1849 558 1902 eodem
586 1849 746 1903 modo
781 1863 888 1917 quo
928 1848 1175 1903 dominus
1201 1848 1494 1916 imperator
1522 1848 1770 1918 pensavit
1794 1857 1954 1917 atque

376 1940 637 1994 intellexit
688 1942 988 2007 rationem,
1031 1941 1306 2010 scipirique
1349 1941 1478 1996 fecit
1530 1942 1951 2006 dissensionem,

371 2045 561 2084 omnes
586 2031 750 2085 etiam
779 2032 1005 2086 comites
1033 2031 1116 2085 vel
1159 2032 1405 2086 honorati
1429 2030 1543 2100 ejus
1569 2032 1957 2089 intellexissent

372 2132 535 2192 atque
563 2123 876 2178 voluissent.
909 2123 1014 2178 Sed
1043 2138 1073 2177 e
1097 2124 1371 2177 contrario
1398 2163 1414 2187 ,
1463 2131 1522 2177 ut
1549 2123 1731 2187 audio,
1762 2124 1848 2178 isti
1888 2125 1953 2180 de

371 2213 565 2280 quibus
594 2214 746 2267 nobis
777 2229 955 2267 sermo
994 2221 1076 2267 est
1134 2214 1446 2266 inchoatam
1481 2213 1802 2267 discordiam
1834 2228 1953 2266 na-

369 2300 645 2369 guilicant,
685 2312 738 2356 et
767 2304 831 2357 de
858 2303 1124 2358 discordia
1159 2303 1211 2357 in
1237 2311 1528 2373 conspectu
1553 2303 1754 2357 domini
1786 2303 1955 2370 impe-

370 2391 569 2445 ratoris
599 2392 734 2445 nihil
781 2408 840 2447 se
867 2393 1081 2447 audisse
1112 2392 1194 2446 vel
1239 2393 1572 2447 intellexisse
1611 2392 1814 2447 dicunt.
1850 2391 1954 2445 Ve—

370 2498 487 2535 rum
524 2483 648 2552 quia
688 2484 739 2537 in
770 2484 854 2538 his
885 2484 1150 2539 neminem
1185 2484 1395 2538 illorum
1436 2491 1531 2537 aut
1556 2484 1807 2553 mitigare
1829 2497 1953 2551 pos-

368 2587 571 2638 sumus,
601 2585 694 2628 aut
713 2589 1039 2644 exasperare
1066 2576 1354 2641 voluimus,
1388 2589 1413 2616 ιι
1450 2575 1789 2629 dimittamus
1816 2588 1949 2628 cau-

367 2678 483 2717 sam
514 2665 640 2731 Deo,
668 2667 760 2736 qui
789 2667 972 2721 omnia
1018 2668 1332 2738 dispensat,
1378 2667 1502 2721 etei
1529 2667 1616 2722 cui
1658 2666 1947 2722 commissa

367 2764 493 2808 sunt
538 2757 605 2811 ad
668 2758 978 2826 regendum,
1004 2768 1061 2813 ut
1092 2759 1252 2813 faciat
1297 2759 1439 2828 quod
1494 2758 1604 2813 Deo
1649 2758 1948 2828 inspirante

365 2855 588 2903 eventus
634 2864 813 2903 rerum
846 2850 1050 2905 tulerit.
1097 2851 1162 2905 Et
1189 2852 1332 2921 quod
1368 2853 1433 2904 ad
1465 2866 1561 2905 nos
1583 2865 1689 2905 non
1712 2851 1947 2920 pertinet

364 2940 692 3003 amittentes,
718 2948 1057 2997 transeamus
1085 2944 1150 2997 ad
1186 2959 1248 2997 ea
1277 2959 1395 3013 qua:
1430 2943 1495 2996 ad
1524 2958 1713 2998 omnes
1740 2943 1941 3006 fideles,

364 3032 596 3099 qualiter
616 3034 904 3099 credenda,
936 3035 1019 3089 vel
1048 3035 1386 3106 intelligenda
1428 3036 1537 3089 sint
1557 3075 1572 3100 ,
1626 3035 1898 3103 pertinent
1924 3051 1938 3101 ;

2055 1844 2297 1913 Cumque
2318 1844 2420 1898 hoc
2447 1843 2500 1897 in
2525 1841 2674 1898 Novo
2698 1857 2803 1896 nou
2828 1845 3103 1912 potuerint
3128 1844 3521 1910 demonstrare,
3553 1845 3634 1901 fa-

2056 1942 2273 1989 teantur
2299 1946 2520 1987 necesse
2549 1939 2635 1987 est
2663 1943 2685 1970 °
2731 1932 2953 1987 decreto
2979 1935 3148 1988 veteri
3195 1934 3461 1990 contineri
3489 1953 3504 1988 :
3540 1952 3638 1993 ne-

2054 2041 2157 2096 que
2183 2027 2285 2081 hoc
2307 2024 2502 2089 solum,
2528 2024 2624 2079 sed
2650 2030 2704 2079 et
2725 2023 2891 2079 multa
2924 2023 3459 2095 forsan'hujusmndi.
3489 2027 3629 2083 Tum

2052 2131 2389 2187 consequens
2427 2117 2551 2182 erit,
2573 2117 2829 2181 arbitror,
2856 2127 2915 2171 ut
2942 2124 2995 2171 et
3024 2117 3156 2172 istas
3196 2119 3637 2178 ratiocinationes

2053 2210 2335 2264 inchoatas
2356 2208 2409 2261 in
2447 2208 2627 2263 Veteri
2682 2208 3050 2273 Testamento,
3077 2225 3143 2262 ex
3195 2209 3311 2279 ipso
3338 2211 3499 2264 etiam
3553 2210 3639 2265 llr.

2053 2305 2304 2358 mitatem'
2320 2303 2567 2357 obtinere
2599 2316 2758 2371 posse
2810 2309 2865 2355 et
2891 2301 3087 2356 debere
3129 2302 3452 2368 concedant;
3499 2317 3637 2373 prae-

2054 2394 2239 2448 sertim
2261 2399 2386 2447 cu‘m
2415 2400 2471 2446 et
2488 2392 2682 2446 litteris
2711 2391 3035 2463 evangelieis
3059 2400 3114 2446 et
3150 2393 3460 2462 apostolicis
3503 2409 3636 2449 oon-

2052 2485 2301 2539 ﬁrmetur
2326 2484 2469 2553 quod
2490 2483 2794 2552 ubicunque
2826 2482 2910 2536 lex
2938 2483 3328 2538 mortalitatem
3352 2485 3526 2549 docet,
3558 2486 3634 2541 ita

2050 2587 2110 2632 ut
2132 2577 2327 2632 dicitur
2368 2576 2710 2646 intelligenda
2749 2575 2818 2629 sit
2857 2590 2919 2630 ac
2946 2577 3194 2631 tenenda.
3228 2577 3451 2632 Videtur
3494 2578 3627 2633 mihi

2048 2676 2404 2740 praeterea,ut
2430 2669 2683 2738 quoniam
2701 2668 2883 2722 omnia
2907 2668 3215 2723 testimonia
3237 2684 3359 2738 quae
3393 2670 3461 2725 ad
3489 2686 3625 2741 pra:-

2048 2761 2219 2816 seutis
2238 2758 2550 2830 qumstionis
2598 2759 2989 2815 absolutionem
3031 2760 3154 2816 inde
3200 2771 3521 2826 sumuntur,
3573 2772 3632 2817 et

2046 2852 2192 2905 omni
2214 2851 2439 2906 omnino
2464 2858 2617 2921 parte
2644 2866 2750 2905 non
2776 2851 3108 2907 conveniunt
3134 2854 3213 2907 eis
3249 2853 3408 2909 rebus
3434 2855 3630 2924 quibus

2047 2942 2397 2998 defendendis
2426 2950 2694 3013 aptantur,
2723 2951 2833 2997 tam
2856 2943 3093 2998 breviter
3117 2960 3145 2997 a
3166 2945 3324 3000 nobis
3359 2948 3628 3014 perstrin-

2049 3043 2265 3104 gantur,
2298 3041 2358 3088 ut
2406 3034 2510 3104 piis
2557 3034 2771 3103 quidem
2824 3034 3142 3089 sufﬁcientia
3185 3036 3498 3099 videantur,
3527 3037 3632 3091 illis

366 3124 599 3193 acjuxta
630 3129 772 3198 quod
813 3129 1080 3197 exiguitas
1114 3099 1301 3183 sensus
1356 3130 1525 3182 nostri
1579 3099 1791 3198 attingit
1817 3167 1832 3192 ,
1876 3099 1946 3182 es
1972 3099 2017 3161 δ
2047 3099 2178 3180 vero
2206 3126 2298 3195 qui
2327 3099 2716 3196 quaestionibus
2762 3127 2935 3196 magis
2967 3141 3129 3195 quam
3178 3128 3519 3183 :edilicationi
3554 3130 3632 3182 in-

365 3217 686 3271 auctoritate
721 3216 1124 3287 Scripturarum
1153 3217 1236 3272 vel
1268 3231 1533 3272 canonum
1593 3216 1791 3271 nostris
1817 3231 1947 3271 ocu-

366 3305 431 3359 lis
458 3309 845 3365 consideranda
876 3322 1256 3378 proponamus,
1284 3314 1344 3359 ut
1368 3306 1571 3376 petisti.

435 3401 543 3456 VII.
585 3400 737 3455 Licet
762 3402 1037 3471 indignum
1064 3400 1290 3455 ducatur
1314 3414 1414 3453 nos
1460 3398 1772 3453 melioribus
1813 3398 1947 3453 insi-

364 3508 534 3549 nuare
559 3493 686 3563 quid
708 3491 1048 3547 sentiendum
1079 3490 1150 3545 sit
1172 3490 1237 3544 de
1258 3489 1657 3558 dispensatione
1683 3489 1946 3543 ecclesia-

364 3587 624 3641 sticarum
655 3599 855 3647 rerum,
882 3598 1055 3652 neque
1084 3598 1113 3636 a
1146 3582 1345 3635 talibus
1370 3581 1554 3650 quales
1577 3596 1673 3635 nos
1711 3596 1897 3635 sumus
1919 3621 1934 3644 ,

364 3678 416 3732 id
443 3685 691 3748 potentes
718 3676 897 3732 smculi
922 3674 1302 3745 inquirendum
1343 3682 1562 3743 putent;
1603 3684 1781 3728 tamen
1808 3675 1935 3743 quia

364 3769 508 3824 inter
532 3768 665 3823 tales
694 3781 1079 3823 conversamur
1119 3772 1176 3819 ut
1209 3764 1436 3818 velimus
1462 3765 1716 3829 nolimus,
1751 3764 1941 3819 crebro

2049 3216 2253 3271 servire
2272 3216 2444 3286 parati
2467 3223 2612 3282 sunt,
2636 3215 2959 3272 laboriosam
2988 3217 3370 3288 loquacitatem
3405 3220 3629 3291 proprio

2048 3305 2201 3360 libitu
2225 3315 2521 3361 reservent.

2120 3396 2251 3451 VIII.
2294 3396 2488 3451 Notum
2518 3404 2603 3451 est
2633 3398 2850 3454 cunctis
2877 3397 3184 3469 Scripturas
3209 3401 3533 3472 legentibus,
3558 3404 3630 3459 ab

2048 3482 2201 3541 initio
2221 3487 2439 3541 humani
2470 3488 2682 3558 generis
2736 3490 3048 3545 sacerdotes
3080 3490 3247 3547 fuisse
3303 3499 3359 3547 et
3386 3492 3581 3547 altaria
3610 3533 3629 3559 ,

2042 3580 2291 3634 victimas
2312 3587 2368 3633 et
2396 3578 2694 3646 sacrificia;
2729 3596 2831 3635 nec
2886 3581 3059 3635 solum
3094 3582 3206 3636 hmo
3255 3582 3366 3637 Deo
3410 3582 3625 3648 oblata,

2043 3672 2136 3726 sed
2166 3679 2220 3725 et
2248 3670 2486 3725 decimas
2513 3680 2667 3726 votas
2690 3678 2745 3725 et
2771 3673 3141 3728 sacerdotibus
3165 3674 3402 3730 redditas
3430 3714 3446 3740 ,
3496 3674 3628 3744 ipsis

2045 3763 2221 3818 denuo
2255 3760 2621 3817 sacerdotibus
2639 3762 2907 3831 primitias
2937 3763 3221 3833 diligenter
3250 3763 3424 3829 datas,
3461 3772 3626 3821 caste-

1715 3856 1987 3914 BALUle
2026 3855 2255 3912 NOTAE.

367 3950 445 4006 rei
470 3947 716 4003 meminit
737 3947 1117 4017 etiamgauctor
1136 3946 1271 4017 Viue
1288 3944 1555 4017 Ludovici
1576 3945 1680 4012 Pii,
1704 3947 1944 4017 itemque

363 4029 549 4075 auctor
576 4017 862 4071 Annalium
894 4015 950 4070 S.
978 4016 1203 4086 Bertini.
1258 4015 1336 4072 Ne
1369 4017 1492 4086 quis
1520 4031 1650 4070 vero
1687 4015 1945 4073 causeiur

365 4097 691 4146 conventum
718 4085 885 4140 fuisse
914 4100 1062 4139 mere
1091 4085 1398 4153 politicum,’
1421 4101 1527 4140 non
1559 4095 1741 4141 autem
1768 4087 1944 4143 eccle-

360 4156 932 4227 siasticum,_adeoque
960 4170 1059 4227 nec
1086 4157 1370 4227 synodum,
1405 4156 1560 4227 testis
1589 4166 1676 4227 est
1696 4158 1943 4227 Agohar-

360 4228 463 4283 dus
490 4228 542 4280 in
573 4225 747 4294 capite
770 4225 1035 4292 sequenti,
1059 4225 1108 4277 ei
1132 4225 1417 4279 ronventui
1444 4224 1942 4282 interfuisse'etiam

359 4293 659 4375 episcopos:
696 4293 922 4375 Vigehat
941 4302 1120 4347 autem
1265 4309 1380 4375 mos
1405 4308 1500 4362 per
1524 4309 1619 4375 eas
1647 4304 1940 4365 tempesta-

2045 3956 2267 4018 pantur,
2314 3961 2422 4000 non
2464 3952 2643 4014 potest
2681 3960 2803 4001 esse
2843 3946 3144 4018 episcopus,
3188 3952 3281 4018 aut
3318 3947 3620 4018 presbyter,

2047 4015 2141 4089 aut
2164 4018 2445 4089 diaconus,
2463 4024 2568 4089 _aut
2592 4031 2659 4071 ex
2685 4030 2750 4089 eo
2778 4015 3000 4089 numero
3025 4016 3115 4089 qui
3144 4015 3443 4089 ministerio
3467 4015 3623 4073 sacro

2045 4088 2380 4143 deserviunt.
2410 4107 2428 4139 ι
2463 4085 2806 4141 Innocentius
2831 4085 2851 4139 l
2884 4086 2935 4139 in
2967 4083 3190 4154 epistola
3221 4087 3285 4141 ad
3307 4083 3620 4144 Vi'ctricium

2043 4158 2353 4227 episcopum
2374 4157 2858 4226 Bothomagensem
2880 4152 3014 4209 :«Ut
3024 4154 3241 4227 viduam
3263 4157 3494 4213 clericus
3513 4176 3620 4217 nou

2044 4225 2206 4309 ducat
2228 4240 2450 4307 uxorem
2468 4225 2920 4310 ;.quia’scriptum
2939 4236 3026 4287 est
3048 4268 3064 4284 .
3102 4225 3367 4309 Sacerdos
3394 4243 3619 4310 uigorem

2041 4296 2304 4369 virginem
2332 4297 2579 4369 accipiat,
2605 4296 2969 4369 non_viduam,
3004 4316 3110 4355 non
3140 4297 3388 4367 ejectam.
3424 4298 3620 4369 Utique

361 4363 462 4441 tes,
493 4363 556 4441 ut
576 4363 815 4441 episcopi
844 4363 896 4417 in
928 4365 1282 4441 conventibus
1311 4364 1414 4418 illis
1446 4366 1607 4441 regiis
1625 4363 1938 4441 tractarent
1963 4383 2015 4441 ι)
2041 4363 2153 4435 (ιυῗ
2182 4363 2662 4441 addsaeer'dotium
2710 4365 2893 4441 labore
2938 4383 3037 4423 suo
3083 4377 3138 4441 et
3169 4363 3306 4441 :vitaa
3328 4363 3620 4441 probitate

356 4436 426 4491 de
452 4433 813 4507 rebusisaeris
839 4441 899 4507 _et
924 4434 990 4487 ad
1015 4433 1327 4504 religionem
1349 4433 1761 4507 pertinentibus,
1791 4454 1940 4507 seore
1963 4433 2007 4490 T'
2041 4433 2338 4500 contendit,
2358 4451 2552 4491 cavere
2570 4435 2840 4507 debet._ne
2867 4438 2969 4492 hoc
2991 4436 3298 4507 praeiudicio
3326 4433 3618 4507 impeditus

358 4522 478 4562 sum
511 4522 543 4559 a
572 4505 755 4568 laicis,
806 4504 853 4559 si
892 4519 980 4559 res
1022 4513 1167 4560 esset
1203 4504 1357 4560 mere
1394 4505 1723 4574 spiritualis;
1777 4506 1937 4562 simul

358 4592 509 4640 vero,
530 4576 691 4646 sires
710 4575 777 4629 ad
807 4574 1144 4646 disciplinam
1166 4576 1591 4630 ecclesiasticam
1614 4578 1932 4646 pertineret.

358 4646 476 4714 Quo
514 4645 676 4699 ﬁebat
713 4652 773 4698 ut
807 4644 1022 4699 decreta
1062 4645 1185 4700 dein
1220 4646 1273 4700 in
1311 4646 1580 4715 publicum
1616 4644 1934 4711 ederentur,

356 4732 478 4787 quae
502 4716 715 4771 concilii
736 4716 1054 4787 episcopalis
1076 4718 1397 4787 auctoritate
1419 4725 1474 4769 et
1494 4716 1754 4787 dignitate
1776 4725 1936 4771 erant

358 4785 654 4849 instructa,
688 4794 749 4839 ut
778 4785 1019 4852 pluribus
1045 4786 1279 4840 ostendit
1311 4785 1487 4839 Marca
1517 4786 1568 4837 in
1601 4785 1739 4840 libro
1769 4804 1821 4841 vi
1861 4787 1937 4842 De

355 4855 676 4925 Concordia,
706 4869 826 4922 cap.
853 4854 942 4906 25.
980 4855 1158 4920 Quare
1186 4854 1406 4925 dubium
1435 4869 1541 4908 non
1573 4864 1649 4909 est
1683 4857 1814 4925 quin
1846 4858 1936 4911 hic

356 4923 808 4994 Compendiensis
833 4933 1157 4994 conventus,
1184 4924 1236 4977 in
1265 4936 1370 4991 quo
1401 4923 1766 4994 actum_doeet
1793 4926 1936 4994 Ago-

356 4992 556 5049 bardus
593 4993 659 5048 de
696 4994 859 5047 rebus
897 4993 1069 5047 sacris
1108 4992 1289 5048 illicite
1324 4994 1471 5057 usis,
1513 4992 1705 5049 referri
1741 4992 1937 5050 debeat

357 5062 1198 5135 intersynodosecclesiasticas,
1239 5079 1345 5118 non
1382 5079 1538 5118 secus
1567 5079 1629 5119 ac
1662 5066 1781 5120 alize
1813 5082 1935 5135 quae

359 5132 565 5189 sasculo
582 5134 674 5189 illo
699 5132 981 5189 celebrata:
1012 5134 1244 5188 fuerunt.

430 5215 456 5243 ει
489 5203 822 5259 Dimittamus
862 5220 1075 5257 causam
1102 5202 1242 5268 Deo,
1292 5203 1345 5259 id
1387 5211 1505 5258 est:
1550 5203 1815 5270 Quoniam
1859 5204 1934 5259 illi

358 5271 548 5326 cedere
587 5273 772 5328 nolunt
797 5274 1045 5339 veritati,
1084 5274 1339 5329 cedamus
1368 5289 1467 5328 nos
1496 5275 1752 5342 tempori.
1792 5273 1936 5329 Deus

357 5354 543 5409 porro,
571 5343 659 5398 cui
694 5344 874 5399 omnia
917 5352 1041 5398 nota
1083 5352 1242 5406 sunt,
1285 5344 1567 5397 veritatem
1608 5341 1931 5411 patefaciet,

357 5411 583 5483 cumjta
609 5412 771 5483 rebus
798 5414 1047 5483 humanis
1070 5414 1326 5483 expedire
1352 5413 1564 5467 viderit.

429 5477 542 5551 1f_Si
574 5479 803 5551 viduam.
841 5482 1123 5551 sumptum
1144 5477 1294 5537 istud
1321 5497 1386 5535 ex
1415 5496 1625 5551 canone
1648 5496 1783 5551 ιιι-ιιι
1813 5496 1938 5549 apo-

356 5545 569 5621 stolico,
605 5548 658 5601 in
702 5563 809 5617 quo
850 5550 934 5621 sic,
973 5545 1234 5621 scriptum
1275 5561 1397 5605 est:
1428 5582 1445 5601 ι
1479 5549 1536 5604 Si
1569 5550 1689 5618 quis
1717 5545 1933 5621 viduam

355 5615 665 5688 etejectam
695 5615 987 5688 acceperit,
1019 5615 1112 5674 aut
1136 5622 1497 5680 meretricem,
1531 5615 1626 5673 aut
1655 5620 1932 5683 ancillam,

353 5684 440 5743 vel
466 5684 702 5755 aliquam
738 5688 806 5743 de
824 5684 928 5743 'bis
961 5705 1079 5758 qua:
1114 5691 1342 5758 publicis
1373 5690 1694 5761 spectaculis
1722 5692 1930 5748 manci-

2035 4507 2319 4575 pervenire
2333 4522 2451 4578 Anon
2487 4508 2675 4576 possit.
2709 4527 2725 4558 ι
2747 4504 3141 4577 Hilarius—papa
3184 4507 3238 4562 in
3277 4504 3482 4578 synodo
3511 4509 3619 4563 Ro—

2036 4592 2197 4658 man‘a
2224 4596 2237 4631 :
2268 4596 2285 4626 ι
2314 4576 2626 4658 cavendum
2657 4591 2787 4658 ergo
2809 4582 2877 4658 in
2913 4576 3103 4645 primis
3132 4587 3215 4631 est
3242 4576 3399 4658 nelad
3432 4594 3620 4635 sacros

2037 4648 2256 4716 gradus,
2290 4647 2429 4701 sicut
2460 4647 2628 4716 gestis
2659 4647 2927 4717 prioribus
2953 4657 3077 4702 ante
3104 4647 3477 4717 praescriptum
3510 4658 3615 4712 est,

2073 4717 2339 4784 uisquam,
2362 4718 2453 4784 qui
2472 4714 2700 4770 uxorem
2727 4732 2834 4772 non
2856 4714 3117 4784 virginem
3140 4714 3310 4786 duxit.
3327 4714 3563 4786 'aspiret.
3590 4739 3611 4771 ι

2084 4787 2328 4856 rrgorius
2373 4787 2595 4857 Magnus
2640 4786 2732 4857 lib.
2770 4802 2839 4847 ιι,
2886 4787 3043 4854 epist.
3075 4786 3180 4839 ‘25:
3213 4805 3230 4835 ι
3262 4785 3615 4857 Ριπίρίιιιιιε

2035 4855 2214 4910 autem
2234 4896 2248 4920 ,
2293 4871 2360 4911 ue
2387 4855 2619 4925 unquam
2658 4855 2872 4911 illicitas
2898 4857 3270 4910 ordinationes
3299 4855 3496 4921 facias,
3546 4874 3616 4913 ne

2035 4927 2341 4996 bigamum,
2383 4938 2477 4982 aut
2512 4927 2604 4995 qui
2644 4926 2909 4995 virginem
2947 4941 3052 4980 non
3092 4936 3176 4981 est
3215 4927 3439 4981 sortitus
3476 4943 3614 4982 uxo-

2035 5011 2170 5050 rem.
2208 5016 2226 5048 ι

2108 5076 2129 5103 ε
2157 5065 2376 5119 Decreto
2403 5066 2579 5125 veteri,
2613 5065 2664 5119 id
2692 5072 2794 5125 est,
2825 5064 2879 5118 in
2911 5064 3093 5119 Veteri
3123 5064 3495 5130 Testamento,
3522 5065 3614 5121 ubi

2036 5135 2137 5204 ista
2169 5146 2433 5204 pra-cepta
2466 5144 2608 5198 sunt,
2641 5150 2747 5188 non
2779 5135 2833 5188 in
2863 5133 3031 5189 Novo.
3066 5136 3286 5189 Levitici
3326 5150 3444 5204 cap.
3478 5152 3569 5189 xxi
3597 5153 3610 5189 :

2045 5151 2137 5189 ιειιι
2169 5151 2433 5204 pra-cepta
2466 5151 2608 5198 sunt,
2641 5151 2747 5188 non
2779 5151 2833 5188 in
2863 5151 3031 5189 novo.
3066 5151 3286 5189 Levtuct
3326 5151 3386 5189 ca
3430 5175 3444 5187 .
3478 5152 3569 5189 xxi
3597 5153 3610 5189 :

2045 5203 2309 5275 Virginem
2337 5205 2488 5257 ducet
2520 5221 2756 5268 uxorem,
2789 5204 3039 5257 nimirum
3071 5205 3345 5260 sacerdos.
3388 5151 3614 5259 viduam

2034 5286 2228 5331 autem.
2258 5285 2304 5327 et
2337 5275 2684 5343 repudiatam.
2714 5285 2762 5327 et
2790 5275 3080 5329 sordidam.
3107 5285 3261 5343 atque
3289 5276 3610 5328 meretricem

2034 5361 2139 5398 non
2168 5344 2408 5413 accipiet,
2444 5344 2533 5397 sed
2562 5343 2790 5413 puellam
2823 5343 2888 5397 de
2923 5345 3112 5413 populo
3139 5362 3254 5398 suo.
3312 5344 3613 5398 Ezechielis

2034 5428 2153 5482 cap.
2190 5429 2344 5469 LXIV:
2380 5414 2447 5468 Et
2493 5413 2703 5466 viduam
2751 5424 2799 5466 et
2836 5413 3177 5484 repudiatam,
3209 5415 3611 5484 nonraccjipient

2034 5500 2244 5545 uxores,
2269 5484 2358 5536 sed
2388 5484 2607 5552 virgines
2638 5484 2701 5535 de
2731 5482 2925 5537 sentiae
2955 5484 3141 5536 domus
3167 5483 3355 5537 Israel.
3395 5482 3528 5537 Nam
3556 5483 3611 5536 in

2033 5552 2558 5624 NovorTestameuto
2589 5553 2721 5608 nihil
2755 5554 2898 5606 aliud
2936 5554 3304 5624 pi-cesctiptum
3346 5564 3459 5620 est,
3505 5555 3611 5612 nisi

2035 5631 2092 5675 ut
2120 5623 2403 5691 episcopus
2433 5623 2502 5677 sit
2529 5624 2609 5678 ιιι·
2636 5624 2797 5679 unius
2834 5624 3049 5690 uxoris,
3092 5635 3149 5678 ut
3186 5635 3332 5682 recte
3369 5634 3613 5683 notatum

2035 5700 2120 5747 est
2148 5693 2215 5746 ab
2241 5692 2547 5759 Agobardo.
