4010 6184
296 384 403 444 935

1227 379 1353 435 LIB.
1398 378 1488 434 DE
1524 375 2078 435 DISPENSATIONE
2115 374 2311 433 ECCL.
2352 376 2621 436 RERW.

3458 382 3563 439 ιδι

297 498 481 566 risque
509 491 778 548 ministris
819 492 888 546 ab
932 492 1081 547 omni
1100 490 1295 562 populo
1327 501 1648 548 cunctarum
1698 503 1879 543 rerum
1908 495 1956 554 Α
1981 487 2186 542 secrari
2222 486 2324 543 sibi
2359 489 2635 556 homines,
2667 487 2953 555 animalia,
2993 490 3076 545 vel
3106 503 3285 562 agros,
3319 497 3409 548 aut
3469 491 3567 548 do-

298 584 536 640 decimas
562 581 816 645 tributae,
847 580 939 650 qui
970 580 1133 636 etiam
1154 579 1394 650 acceptis
1414 595 1479 635 ex
1502 579 1633 650 ipsis
1657 577 1885 633 decimis

298 676 535 731 decimas
560 670 933 744 persolverent
957 671 1348 726 sacerdotibus.
1374 670 1507 725 lllud
1532 684 1743 741 quoque
1772 684 1886 723 ma-

300 765 555 822 nifestum
579 771 686 830 est,
714 763 858 834 quod
896 773 1095 833 praeter
1120 778 1213 818 eas
1234 778 1371 832 quas
1393 762 1676 827 ministris,
1716 762 1772 816 id
1798 770 1886 817 est

299 858 523 923 Lentis,
552 857 782 928 populus
830 855 1180 919 exsolvebat,
1218 853 1357 924 jussi
1410 862 1537 908 sunt
1578 869 1610 907 a
1656 853 1885 908 Domino

300 951 434 1005 alias
464 965 647 1004 rerum
675 964 898 1003 suarum
926 948 979 1001 in
1006 947 1166 1002 tertio
1193 960 1337 1001 anno
1368 944 1609 1000 decimas
1643 958 1882 1009 sumere;

300 1051 355 1099 et
388 1057 495 1096 non
521 1058 576 1095 tn
603 1040 1014 1110 quibuscunque
1046 1038 1200 1103 locis,
1234 1038 1329 1092 sed
1369 1038 1426 1091 in
1450 1036 1644 1100 sacris,
1670 1036 1723 1091 id
1759 1043 1843 1090 est
1869 1076 1883 1100 ,

292 1134 452 1205 juxta
492 1133 664 1187 altare
686 1131 921 1196 Domini,
958 1130 1155 1196 viduis,
1205 1129 1457 1200 pupillis,
1489 1128 1750 1199 orphanis
1773 1168 1788 1192 ,
1833 1135 1890 1180 et

298 1223 509 1280 Levitis
529 1223 832 1278 comedere.
858 1220 1028 1276 Iussit
1056 1221 1223 1275 etiam
1254 1220 1514 1275 Dominus
1546 1226 1606 1272 ut
1633 1218 1886 1272 sacerdo-

302 1314 449 1370 tibus
478 1323 534 1369 et
555 1313 758 1368 Levitis
788 1312 1050 1367 darentur
1074 1312 1144 1366 ab
1176 1311 1427 1366 omnibus
1460 1309 1585 1364 ﬁliis
1614 1308 1777 1364 Israel
1804 1324 1889 1362 ur-

295 1406 398 1462 bes
427 1406 497 1460 ad
520 1404 894 1460 habitandum.
920 1403 986 1457 Et
1009 1403 1150 1458 data:
1185 1410 1312 1461 sunt
1343 1401 1705 1472 quadraginta
1730 1400 1851 1455 dua:
1869 1441 1884 1465 ,

298 1507 357 1554 et
388 1513 485 1553 sex
515 1496 770 1567 coniugii,
804 1495 855 1550 id
882 1502 966 1550 est
989 1535 1005 1559 ,
1070 1494 1232 1550 simul
1260 1493 1620 1565 quadraginta
1664 1501 1720 1548 et
1765 1498 1890 1547 octo

297 1590 586 1655 civitates;
629 1588 941 1659 pariterque
967 1588 1020 1642 in
1045 1587 1276 1643 circuitu
1302 1584 1725 1655 uniuscujusque
1756 1584 1890 1640 civi-

297 1682 434 1737 tatis
484 1682 719 1752 spatium
742 1682 1046 1736 cubitorum
1089 1680 1251 1735 duum
1291 1678 1520 1734 millium
1568 1677 1637 1732 ad
1675 1684 1890 1746 pastum

296 1790 581 1845 pecorum.
613 1774 1024 1843 Permansitque
1052 1774 1158 1829 hoc
1184 1771 1558 1828 inconvulsum
1581 1771 1729 1826 omni
1752 1777 1890 1825 tem-

1984 591 2101 632 mos
2137 576 2324 643 nollet,
2362 593 2639 648 nunquam
2666 579 2772 635 hoc
2795 579 2880 633 vel
2911 580 2965 636 in
3013 582 3195 637 Veteri
3249 582 3570 654 praeciperet

1983 668 2067 723 vel
2097 669 2148 724 in
2184 669 2335 725 Novo
2357 671 2473 725 ﬁeri
2499 672 2840 741 permitteret
2870 673 3232 731 Testamento.

2054 757 2144 813 XI.
2165 758 2374 827 Quanta
2390 769 2571 815 autem
2586 763 2888 817 reverentia
2905 774 3217 821 consecrata
3242 767 3469 824 Domino
3485 770 3572 825 de-

1984 849 2150 904 beant
2173 850 2456 915 custodiri,
2483 865 2552 905 ex
2580 852 2762 907 multis
2793 852 3087 923 Scriptura:
3111 856 3241 911 locis
3263 867 3442 926 potest
3458 860 3573 915 col-

1984 937 2097 1011 ligi,
2112 954 2179 994 ex
2192 940 2675 998 innumerabilibus
2696 945 2891 999 divina
2914 946 3239 1004 defensionis
3253 951 3569 1018 ultionibus.

1986 1043 2106 1099 quae
2141 1030 2209 1085 ab
2244 1031 2497 1088 universo
2533 1036 2734 1090 mundo
2773 1052 3012 1107 unquam
3041 1040 3207 1095 scribi
3255 1045 3571 1112 potuerint;

1986 1122 2130 1177 sicut
2161 1139 2485 1195 magnopere
2509 1134 2671 1198 atque
2698 1129 2978 1185 evidenter
2994 1132 3047 1185 in
3078 1134 3258 1189 verbis
3280 1134 3576 1196 Dominicis

1985 1230 2083 1284 per
2111 1218 2401 1286 prophetas
2423 1221 2752 1277 denuntiatis
2771 1223 3009 1293 prudens
3024 1224 3195 1282 lector
3215 1227 3390 1283 valeat
3421 1230 3576 1285 intcl~

1986 1309 2152 1381 ligere
2181 1326 2195 1363 :
2228 1313 2389 1382 quale
2408 1322 2493 1367 est
2517 1315 2803 1385 illudquod
2826 1332 2925 1387 per
2944 1318 3259 1386 Jeremiam,
3276 1322 3432 1376 sicuti
3458 1339 3576 1378 mos

1986 1407 2070 1455 est
2102 1416 2201 1471 per
2233 1403 2642 1460 similitudinem
2684 1420 2872 1462 eorum
2907 1425 3029 1479 quae
3061 1411 3235 1481 magis
3287 1421 3413 1468 nota
3452 1423 3579 1471 sunt

1987 1491 2196 1546 occulta
2251 1494 2575 1563 significari,
2632 1497 3042 1565 proverbialiter
3071 1501 3313 1556 dicitur:
3353 1502 3579 1560 Sanctus

1986 1579 2159 1637 Israel
2191 1583 2431 1651 Domino,
2458 1587 2707 1656 primitite
2732 1586 2945 1659 frugum
2980 1590 3115 1659 ejus.
3146 1590 3339 1647 Omnes
3363 1595 3453 1664 qui
3490 1595 3581 1648 de~

1990 1682 2172 1727 rorant
2212 1690 2332 1728 eum
2356 1675 2662 1747 delinquunt
2688 1690 2707 1729 :
2739 1680 2880 1732 mala
2902 1681 3102 1734 venient
3127 1698 3285 1751 super
3307 1697 3394 1738 eos
3410 1723 3424 1748 ,
3453 1684 3580 1743 dicit

1990 1763 2267 1819 Dominus.
2312 1764 2555 1832 Quorum
2576 1768 2886 1835 verborum,
2914 1777 2975 1823 ut
3003 1771 3194 1826 beatus
3221 1771 3582 1843 Hieronymus

296 1882 434 1937 pore
455 1866 698 1936 judicum
735 1874 793 1921 et
837 1880 1058 1937 regum;
1111 1866 1188 1918 ita
1216 1870 1277 1918 ut
1313 1878 1414 1918 nec
1442 1862 1639 1933 impius
1671 1860 1888 1926 Achab,
1918 1848 1966 1908 Β
1995 1852 2087 1916 ait,
2107 1852 2196 1907 hic
2218 1868 2410 1911 sensus
2430 1863 2515 1912 est
2540 1868 2554 1912 :
2583 1874 2601 1907 ‹
2629 1855 2909 1924 Quomodo
2926 1860 3300 1930 quiprimitias
3319 1862 3583 1923 devorant

295 1974 404 2013 nec
431 1958 725 2014 sceleratus
767 1956 1043 2011 Manasses
1068 1995 1084 2021 ,
1130 1969 1235 2010 nec
1263 1953 1406 2009 ﬁlius
1461 1951 1580 2022 ejus
1621 1950 1851 2006 Ammon
1878 1989 1891 2014 ,

297 2059 574 2105 temerare
631 2049 747 2104 ausi
804 2048 932 2104 sint.
976 2045 1082 2102 Sed
1133 2054 1422 2116 postquam
1473 2050 1759 2113 separatus
1810 2048 1894 2095 est

291 2138 468 2195 Israel
490 2155 523 2193 a
552 2140 711 2195 domo
735 2136 904 2192 David
937 2152 1038 2207 per
1058 2136 1368 2202 Jeroboam,
1395 2133 1488 2204 qui
1512 2147 1742 2203 peccare
1767 2131 1896 2185 fecit

290 2229 496 2293 Israel;
520 2236 647 2284 tunc
685 2229 922 2299 primum
955 2226 1111 2295 eiecti
1154 2235 1283 2282 sunt
1310 2224 1627 2281 sacerdotes
1652 2224 1890 2288 Domini,

290 2323 445 2379 sicut
482 2322 585 2391 ipsi
613 2319 906 2378 Jeroboam
934 2320 1330 2391 improperstur
1357 2334 1455 2389 per
1491 2318 1685 2374 Abiam
1709 2331 1890 2388 regem

288 2413 464 2467 Iuda.

364 2503 465 2559 IX.
503 2502 637 2559 Post
664 2510 893 2557 mortem
923 2501 1111 2574 Moysi,
1140 2502 1265 2557 tulit
1295 2501 1458 2558 Iosue
1504 2516 1723 2558 omnem
1752 2501 1892 2555 mul-

286 2593 592 2650 titudinem
622 2592 857 2646 ﬁliorum
874 2592 1060 2657 lsrael,
1090 2601 1149 2648 et
1178 2594 1325 2648 venit
1345 2592 1398 2647 in
1435 2592 1682 2664 Galgala.
1717 2591 1886 2646 Cum-

287 2702 409 2758 que
437 2684 928 2741 circumdedissent
970 2687 1159 2741 urbem
1186 2684 1423 2752 Iericho,
1460 2686 1598 2740 dixit
1619 2683 1785 2740 Iosue
1823 2684 1891 2739 ad

284 2790 518 2832 omnem
557 2774 762 2830 Israel:
795 2774 1033 2829 Tradidit
1084 2776 1228 2830 vobis
1274 2775 1533 2832 Dominus
1585 2777 1849 2831 civitatem
1872 2816 1888 2843 ,

287 2872 469 2941 sitque
495 2870 673 2923 civitas
702 2870 813 2923 ha’c
838 2870 1140 2936 anathema,
1164 2880 1212 2925 et
1229 2872 1405 2926 omnia
1433 2887 1551 2942 quae
1574 2872 1634 2927 in
1657 2888 1717 2925 ea
1739 2880 1883 2938 sunt,

288 2963 550 3018 Domino.
586 2962 653 3017 Et
682 2970 804 3032 post
832 2978 1042 3033 pauca:
1073 2960 1261 3020 Cavete
1310 2981 1373 3020 ne
1399 2964 1466 3020 de
1499 2966 1582 3021 his
1607 2982 1726 3037 qua:
1753 2982 1890 3034 prte-

289 3063 450 3125 cepta
470 3062 589 3108 sunt
610 3054 943 3126 contingatis,
966 3065 1015 3110 et
1044 3056 1160 3111 sitis
1205 3060 1653 3128 prtevaricationis
1675 3060 1784 3127 rei,
1839 3068 1892 3116 et

289 3144 481 3199 omnia
506 3152 681 3198 castra
710 3143 881 3198 Israel
903 3145 999 3199 sub
1026 3156 1234 3216 peccato
1255 3147 1376 3212 sint,
1410 3156 1564 3219 atque
1586 3149 1885 3206 turbentur.

1992 1959 2332 2015 nequaquam
2356 1947 2426 2004 de
2453 1962 2651 2019 genere
2679 1951 3025 2017 sacerdotali,
3058 1952 3280 2008 sceleris
3306 1955 3386 2009 rei
3420 1965 3577 2022 sunt;

1992 2037 2074 2093 sic
2100 2039 2192 2107 qui
2221 2041 2594 2097 contaminant
2611 2040 2800 2108 Israel,
2828 2043 2986 2100 malis
3015 2043 3390 2113 subjicientur.
3421 2067 3440 2101 ο
3472 2047 3585 2105 Ma-

1994 2127 2200 2185 lacbias
2225 2144 2439 2201 quoque
2479 2132 2581 2187 sub
2618 2133 2998 2190 exhortatione
3031 2136 3366 2194 decimarum
3417 2140 3580 2195 retri-

1992 2217 2267 2275 butionem
2289 2229 2345 2276 et
2382 2221 2678 2278 vindictam
2716 2224 3065 2297 diligentibus
3086 2229 3294 2299 pariter
3317 2246 3383 2287 ac
3410 2231 3582 2303 negli-

1992 2311 2242 2381 gentibus
2266 2328 2335 2367 ex
2383 2314 2563 2371 verbis
2592 2315 2805 2372 Domini
2830 2334 3139 2389 proponens
3169 2326 3325 2393 quasi
3348 2326 3585 2382 interro.

1990 2404 2249 2474 gentibus
2272 2406 2467 2473 Deum,
2496 2415 2552 2463 et
2586 2409 2911 2478 dicentibus,
2943 2411 3009 2466 In
3038 2430 3142 2484 quo
3164 2415 3474 2486 contigimus
3496 2418 3587 2473 te?

1992 2496 2267 2565 respondit
2288 2497 2475 2553 dicens
2500 2515 2515 2552 :
2546 2498 2615 2553 In
2639 2501 2855 2557 decimis
2875 2513 2925 2558 et
2947 2505 3246 2575 primitivis.
3276 2504 3344 2560 In
3361 2509 3585 2577 penuria

1990 2602 2078 2641 vos
2103 2586 2369 2643 maledicti
2387 2591 2532 2657 estis,
2559 2601 2609 2646 et
2636 2606 2717 2647 me
2743 2610 2831 2648 vos
2859 2595 3121 2666 conﬁgitis
3146 2613 3271 2668 gens
3318 2606 3450 2653 tota.
3488 2598 3585 2656 In~

1989 2679 2121 2749 ferte
2156 2696 2361 2736 omnem
2387 2682 2645 2738 decimam
2670 2684 2728 2739 in
2767 2686 3039 2752 horreum,
3063 2696 3113 2742 et
3137 2689 3203 2742 sit
3232 2688 3378 2744 cibus
3397 2689 3454 2746 in
3479 2690 3582 2747 doc

1988 2789 2076 2829 mo
2112 2790 2263 2842 mea;
2298 2785 2348 2829 et
2376 2775 2593 2847 probate
2618 2790 2701 2831 nte
2727 2792 2886 2848 super
2917 2778 3037 2845 hoc,
3068 2778 3193 2834 dicit
3221 2780 3503 2848 Dominus,
3534 2784 3584 2840 si

1990 2880 2097 2921 non
2119 2868 2355 2938 aperiero
2397 2867 2538 2923 vobis
2566 2876 2863 2923 cataractas
2890 2870 3005 2924 caeli
3032 2913 3047 2938 ,
3089 2881 3138 2925 et
3166 2872 3403 2942 effudere
3440 2875 3585 2932 vobis

1991 2957 2400 3015 benedictionem
2436 2975 2600 3030 usque
2628 2960 2697 3014 ad
2726 2959 3129 3029 abundantiam,
3152 2971 3208 3018 et
3235 2972 3455 3020 caetera.
3488 2964 3586 3023 His

1991 3049 2189 3105 similia
2209 3051 2266 3105 in
2290 3050 2430 3106 libro
2450 3050 2703 3122 leguntur
2720 3052 2926 3109 Eadm.
2956 3053 3206 3111 Aitenim
3231 3073 3244 3110 :
3280 3054 3585 3133 Statuemus

1989 3156 2147 3211 super
2176 3157 2270 3195 nos
2296 3152 2574 3213 pracepta,
2601 3152 2659 3198 ut
2682 3143 2864 3199 demus
2888 3146 3097 3201 tertiam
3116 3154 3319 3217 partem
3347 3149 3465 3205 sicli
3492 3166 3587 3221 per

291 3237 576 3309 Quidquid
624 3248 798 3293 autem
826 3239 945 3292 auri
975 3247 1022 3293 et
1053 3241 1254 3309 argenti
1304 3200 1498 3310 fuerit:
1544 3250 1593 3296 et
1641 3256 1884 3298 vasorum
1914 3200 1960 3263 Ο
1990 3247 2189 3285 “nam
2219 3231 2291 3285 εά
2326 3248 2454 3335 σηαε
2489 3232 2679 3335 domn“
2707 3226 2803 3289 δεῖ
2848 3236 3035 3303 ποδενίο
3068 3245 3119 3290 ετ
3150 3252 3312 3308 Panes
3348 3244 3586 3335 tlt'ot)\¢t8t'v

290 3345 572 3386 cuneorum
598 3344 662 3383 ac
686 3329 836 3399 ferri,
867 3328 1094 3383 Domino
1141 3340 1491 3394 consecretur,
1524 3331 1807 3402 repositum
1832 3333 1891 3388 in

292 3418 566 3473 thesauris
592 3417 727 3488 ejus.
756 3418 826 3472 Et
873 3419 1071 3481 iterum
1099 3436 1111 3471 :
1144 3415 1335 3474 Urbem
1364 3429 1413 3475 et
1451 3422 1626 3475 omnia
1664 3439 1783 3494 qua:
1834 3422 1891 3478 in

291 3528 367 3566 ea
398 3511 607 3565 inventa
634 3521 756 3565 sunt
790 3508 1167 3566 succenderunt
1192 3512 1388 3584 absque
1410 3522 1649 3583 argento,
1672 3525 1720 3569 et
1736 3530 1887 3581 auro,

292 3614 350 3658 st
382 3601 521 3658 vasis
553 3602 731 3667 trucis,
760 3620 826 3657 ac
882 3602 1022 3673 ferro
1047 3640 1064 3668 ,
1112 3619 1231 3674 quae
1266 3606 1323 3659 in
1372 3607 1621 3660 marium
1679 3606 1891 3661 Domini

295 3702 694 3753 consecrarunt.
721 3692 1022 3762 Mirumque
1062 3693 1118 3747 in
1148 3694 1383 3758 modum,
1411 3710 1538 3751 cum
1562 3712 1702 3752 unus
1731 3697 1893 3753 homo

297 3789 410 3843 hoc
437 3788 823 3858 praevaricatus
850 3786 1059 3853 fuisset,
1090 3800 1282 3844 omnes
1327 3788 1586 3844 dicuntur
1633 3792 1893 3861 praevari—

301 3875 417 3931 cati
456 3890 580 3931 esse
599 3884 655 3931 et
678 3890 969 3945 usurpasse
1001 3878 1067 3931 de
1094 3877 1466 3947 anathemate;
1521 3877 1892 3943 Dominusque

299 3966 480 4022 iratus
500 3966 733 4022 refertur
763 3978 953 4022 contra
976 3966 1115 4023 ﬁlios
1139 3967 1323 4024 Israel.

379 4055 445 4110 Χ.
486 4056 823 4129 Praeceptum
848 4067 933 4114 est
969 4074 1001 4112 a
1026 4055 1257 4113 Domino
1282 4068 1381 4127 per
1426 4058 1647 4131 Moysen
1674 4070 1734 4116 ut
1770 4067 1893 4117 ani-

300 4148 415 4203 mal
450 4149 599 4219 quod
638 4149 906 4205 immolari
934 4157 1111 4221 potest
1133 4150 1381 4213 Domino,
1410 4151 1454 4206 si
1478 4153 1602 4222 quis
1634 4155 1846 4209 voveri:
1877 4196 1891 4219 ,

301 4245 556 4292 sanctum
583 4238 675 4303 sit,
705 4246 758 4292 et
784 4239 981 4293 mutari
1010 4255 1115 4294 non
1138 4239 1332 4309 possit,
1358 4240 1413 4297 id
1439 4252 1544 4308 εει,
1576 4257 1679 4300 nec
1702 4244 1894 4301 melius

302 4327 475 4392 malo,
497 4342 600 4383 nec
633 4327 787 4398 pejus
818 4327 997 4384 bono:
1027 4329 1172 4399 quod
1203 4330 1250 4385 si
1302 4339 1571 4388 mutatum
1611 4332 1805 4400 fuerit,
1843 4345 1893 4389 et

298 4418 495 4486 ipsum,
525 4417 620 4481 ait,
640 4418 782 4488 quod
806 4426 1067 4472 mutatum
1111 4427 1208 4482 est,
1239 4429 1288 4472 et
1312 4419 1446 4475 illud
1468 4439 1565 4492 pro
1585 4441 1688 4495 quo
1714 4435 1895 4483 multa-

1991 3323 2170 3387 tionis,
2210 3331 2260 3376 et
2312 3322 2383 3376 ad
2432 3322 2754 3394 sacriﬁcium
2798 3326 3191 3398 sempiternum.
3232 3330 3301 3386 Et
3342 3322 3579 3393 iterum:

1993 3414 2174 3471 Sortes
2204 3416 2440 3471 misimus
2463 3432 2620 3489 super
2647 3417 2907 3477 oblatione
2954 3420 3221 3493 lignorum
3258 3424 3396 3480 inter
3416 3442 3585 3481 sacer-

1990 3506 2138 3561 dotes
2162 3517 2213 3561 et
2245 3507 2452 3563 Levites
2472 3517 2521 3563 et
2551 3509 2823 3580 populum,
2847 3520 2907 3565 ut
2934 3512 3238 3581 inferantur
3262 3516 3317 3570 in
3370 3517 3584 3577 domum

1992 3596 2091 3651 Dei
2120 3600 2285 3655 nostri
2305 3614 2399 3669 per
2424 3600 2608 3657 domos
2631 3612 2841 3672 patrum
2868 3613 3192 3673 nostrorum,
3214 3624 3308 3678 per
3326 3618 3583 3675 temvora,

1993 3703 2025 3740 a
2046 3689 2358 3759 temporibus
2388 3690 2518 3745 anni
2538 3707 2700 3763 usque
2720 3693 2790 3747 ad
2815 3710 3046 3759 annum;
3076 3706 3135 3750 ut
3163 3697 3408 3752 arderent
3428 3716 3587 3770 super

1992 3777 2162 3832 altare
2178 3778 2276 3831 Dei
2298 3780 2483 3845 nostri,
2500 3782 2636 3835 sicut
2650 3783 2903 3851 scriptum
2928 3784 3073 3837 estin
3092 3783 3204 3855 lege
3218 3783 3392 3856 Moysi
3409 3804 3430 3852 ;
3456 3796 3507 3842 et
3528 3800 3586 3847 ut

1993 3869 2305 3937 aﬁ‘erremus
2326 3871 2671 3941 primogenita
2694 3881 2851 3924 terra:
2881 3881 3092 3938 nostrtc,
3118 3883 3165 3926 et
3188 3874 3450 3944 primitivu
3474 3881 3591 3932 univ

1974 3961 2128 4013 versi
2157 3960 2358 4013 fructus
2393 3962 2565 4015 omnis
2598 3961 2746 4032 ligni,
2770 3961 2836 4016 ab
2882 3978 3024 4017 anno
3068 3964 3128 4023 in
3147 3982 3348 4021 annum
3387 3968 3443 4024 in
3490 3970 3590 4026 do.

1993 4068 2138 4105 mum
2164 4051 2408 4117 Domini,
2463 4063 2513 4107 et
2550 4054 2818 4125 primitiva
2865 4053 3102 4126 ﬁliorum
3151 4068 3449 4116 nostrarum
3476 4104 3491 4131 ,
3538 4076 3590 4119 et

1994 4159 2240 4214 pecorum
2287 4153 2607 4211 nostrorum,
2638 4146 2772 4200 sicut
2826 4148 3081 4218 scriptum
3126 4160 3201 4205 est
3234 4151 3292 4206 in
3334 4151 3478 4226 lege;
3542 4166 3592 4212 ct

1994 4235 2257 4305 primitiva
2282 4236 2437 4291 boum
2465 4248 2766 4293 nostrorum
2790 4279 2806 4304 ,
2859 4248 2908 4293 et
2930 4241 3102 4296 ovium
3131 4254 3430 4301 nostrarum
3458 4288 3475 4314 ,
3534 4257 3593 4303 ut

1994 4327 2287 4398 offerantur
2322 4330 2377 4383 in
2404 4330 2560 4384 domo
2588 4330 2684 4384 Dei
2710 4333 2876 4386 nostri
2903 4334 3264 4392 sacerdotibus
3300 4340 3390 4409 qui
3433 4342 3591 4396 mini-

1995 4428 2166 4473 strant
2178 4419 2234 4473 in
2257 4420 2411 4473 domo
2424 4419 2522 4473 Dei
2546 4422 2747 4487 nostri;
2778 4432 2825 4476 et
2849 4422 3111 4493 primitiva
3133 4425 3368 4482 ciborum
3386 4439 3594 4483 nostro-

297 4516 413 4562 tum
436 4518 537 4574 est,
571 4518 926 4564 consecratum
951 4510 1049 4563 erit
1074 4508 1321 4565 Domino.
1355 4510 1596 4582 Itemque
1629 4515 1696 4570 de
1721 4515 1895 4570 domi-
1917 4563 1971 4589 ἢ
1998 4528 2135 4578 rum,
2149 4521 2198 4567 et
2218 4508 2611 4577 lib’aminum,et
2634 4529 2791 4583 poma
2804 4516 2973 4568 omnis
2994 4513 3144 4585 ligni,
3167 4518 3442 4573 vindemia:
3455 4538 3590 4589 quo-

298 4602 404 4659 bus
422 4612 480 4659 et
510 4605 659 4675 agris
694 4605 930 4659 dicitur:
962 4604 1136 4659 Homo
1162 4607 1210 4660 si
1252 4606 1444 4661 voverit
1478 4608 1690 4661 domum
1716 4625 1889 4674 suam,

294 4702 352 4749 et
375 4696 782 4766 sanctiﬁcaverit
810 4696 1060 4763 Domino,
1082 4697 1436 4752 considerabit
1472 4714 1589 4752 eam
1619 4699 1889 4766 sacerdos,

297 4799 353 4846 et
367 4791 530 4861 juxta
547 4792 773 4861 pretium
798 4792 938 4863 quod
959 4793 1023 4845 ab
1050 4808 1110 4846 eo
1140 4792 1299 4863 fuerit
1322 4793 1661 4847 constitutum
1690 4810 1891 4848 venun-

299 4884 539 4941 dabitur.
577 4881 675 4939 Sin
699 4894 876 4939 autem
912 4882 1002 4939 ille
1025 4882 1116 4955 qui
1143 4889 1376 4948 voverat,
1403 4881 1624 4936 voluerit
1648 4898 1765 4936 eam
1808 4899 1892 4937 re-

298 4975 523 5041 dimere,
550 4975 696 5031 dabit
720 4977 960 5048 quintam
986 4985 1188 5047 partem
1209 4974 1577 5030 mstimationis
1601 4990 1782 5046 supra.
1807 4973 1893 5031 Si-

297 5066 508 5122 militer
534 5081 752 5138 quoque
775 5066 997 5138 iubetur
1023 5076 1079 5122 et
1125 5067 1192 5123 de
1216 5080 1384 5138 agro;
1416 5076 1578 5135 quem
1604 5066 1652 5121 si
1706 5066 1755 5121 is
1798 5067 1895 5138 qui

300 5158 459 5213 vovit
492 5158 667 5214 noluit
695 5159 976 5222 redimere,
1008 5157 1097 5212 sed
1142 5156 1294 5211 alteri
1323 5155 1485 5227 fuerit
1527 5154 1853 5211 venundatus
1878 5196 1894 5223 ,

1917 4563 1972 4625 D

1995 4621 2118 4678 que,
2135 4612 2185 4658 et
2215 4603 2339 4669 olei,
2359 4603 2648 4674 offeramus
2671 4603 3031 4658 sacerdotibus
3056 4604 3126 4658 ad
3153 4608 3590 4679 gazophylacium

2002 4695 2097 4750 Dei
2120 4694 2322 4759 nostri,
2361 4702 2409 4747 et
2458 4692 2715 4747 decimam
2749 4701 2951 4763 partem
2980 4701 3134 4749 terrae
3165 4707 3355 4751 nostra:
3376 4697 3591 4757 Levitis.

1997 4786 2108 4858 Ipsi
2134 4785 2326 4841 Levita:
2354 4785 2587 4839 decimas
2624 4784 2883 4855 accipient
2916 4800 2982 4839 ea:
3023 4786 3264 4843 omnibus
3295 4789 3594 4847 civitatibus

1992 4891 2211 4947 operum
2239 4885 2557 4930 nostrarum.
2590 4874 2709 4929 Erit
2737 4884 2911 4929 autem
2951 4877 3196 4933 sacerdos
3229 4878 3374 4949 ﬁlius
3413 4883 3595 4939 Aaron

1996 4986 2117 5025 cura
2144 4964 2337 5025 Levitis
2363 4970 2421 5023 in
2458 4969 2682 5024 decimis
2708 4967 3033 5036 Levisarum,
3058 4981 3108 5027 et
3140 4970 3329 5028 Leuius
3375 4974 3596 5043 oﬁ‘erent

1999 5062 2259 5117 decimam
2283 5069 2485 5131 partem
2522 5059 2738 5114 decimae
2764 5078 2875 5116 sate
2909 5064 2966 5118 in
2993 5063 3149 5119 domo
3191 5060 3290 5119 Dei
3318 5067 3482 5121 nostri
3523 5070 3592 5123 ad

2000 5152 2435 5225 gazophylacium
2458 5154 2513 5207 in
2553 5153 2707 5207 domo
2734 5153 2987 5210 thesauri.
3036 5156 3118 5210 Ad
3158 5156 3592 5228 gazophylacium

301 5248 452 5305 ultra
491 5266 613 5304 sum
650 5249 741 5322 qui
790 5258 997 5304 voverat
1045 5249 1298 5303 redimere
1341 5262 1448 5302 non
1500 5249 1723 5319 poterit;
1769 5250 1898 5322 quia
2000 5245 2142 5298 enim
2165 5241 2512 5315 deportabant
2539 5240 2641 5313 ﬁlﬁ
2671 5241 3031 5314 Israeletﬁlii
3057 5238 3178 5299 Levi
3198 5246 3457 5314 primitias
3476 5247 3594 5320 fru-

301 5356 426 5394 cum
442 5339 654 5412 jubiltei
680 5344 873 5395 venerit
899 5340 1030 5404 dies,
1057 5339 1417 5409 sanctiﬁcatus
1445 5339 1547 5393 erit
1573 5338 1819 5407 Domino,
1849 5349 1901 5395 et
2002 5334 2187 5402 menti,
2211 5334 2315 5390 vini
2337 5341 2386 5389 et
2410 5332 2543 5401 olei;
2568 5342 2618 5389 et
2658 5333 2732 5388 ibi
2773 5344 2923 5389 erunt
2968 5350 3093 5387 vasa
3131 5332 3504 5404 sanctiﬁcata',
3543 5349 3596 5393 et

297 5434 563 5504 possessio
596 5444 924 5501 consecrata,
950 5433 1020 5489 ad
1046 5434 1161 5506 ejus
1188 5433 1410 5507 pertinet
1434 5431 1782 5488 sacerdotem.
1830 5424 1900 5489 Et
1995 5425 2318 5491 sacerdotes.
2346 5434 2397 5479 et
2435 5434 2695 5490 εαηιονειν
2735 5433 2786 5479 σε
2816 5423 3111 5495 ianum“,
3157 5432 3206 5477 ιι
3229 5424 3491 5493 πιίηίεινὶ,
3544 5440 3596 5484 ει

299 5531 433 5593 post
472 5536 686 5596 pauca:
722 5521 890 5580 Omne
923 5525 1064 5597 quod
1118 5524 1342 5579 Domino
1375 5532 1754 5587 consecratur,
1792 5522 1896 5576 sive
2001 5531 2105 5570 non
2125 5516 2445 5571 dimittamus
2490 5518 2703 5569 domum
2732 5512 3065 5606 Dei—“nostri.
3095 5512 3155 5606 In
3180 5514 3377 5585 quibus
3413 5520 3598 5606 verbis

300 5613 464 5669 homo
487 5614 610 5681 erit,
636 5614 745 5669 sive
774 5613 999 5679 animal,
1025 5613 1132 5670 sive
1167 5628 1313 5684 ager,
1337 5630 1440 5669 non
1476 5612 1894 5679 venundabitur,
2000 5605 2276 5662 evidenter
2306 5613 2545 5676 apparet,
2572 5612 2776 5675 quanta
2805 5602 2952 5659 illius
2984 5605 3167 5676 populi
3204 5621 3334 5664 cura
3366 5619 3423 5665 et
3472 5602 3597 5669 dili-

303 5720 406 5760 nec
431 5705 618 5762 redimi
643 5706 856 5778 poterit.
917 5705 1185 5780 Quidquid
1218 5705 1379 5761 semel
1430 5702 1592 5777 fuerit
1627 5722 1901 5775 consecm-
1996 5698 2179 5772 gentia
2202 5706 2348 5755 esset
2374 5711 2504 5768 erga
2540 5695 2760 5751 domum
2790 5695 2904 5762 Dei,
2941 5705 3000 5753 et
3032 5699 3214 5755 cuncd
3258 5702 3476 5771 generis
3507 5718 3597 5759 sa-

304 5808 447 5865 tum,
472 5807 714 5855 sanctum
736 5800 835 5854 erit
862 5798 1111 5856 Domino.
1154 5800 1211 5855 Si
1235 5799 1578 5870 omnipotens
1610 5799 1749 5856 Deus
1771 5815 1899 5856 con-
1972 5792 2210 5849 criﬁcia
2261 5790 2347 5846 vel
2380 5789 2644 5846 donaria:
2679 5790 2773 5861 qui
2834 5802 2942 5849 non
2994 5792 3169 5847 solum
3235 5794 3599 5864 decimas,'lo

559 5911 837 5972 Ριτιιοι..
883 5910 1045 5975 CIV.

3076 5907 3117 5970 8
